  <div class='ocr_page' id='page_1' title='image "/cluster/home/n/w/nwhite01/storage/ocr_20150623/1/pst.000005711796/357.png"; bbox 0 0 4102 6318; ppageno 0'>
   <div class='ocr_carea' id='block_1_1' title="bbox 1576 392 3057 475">
    <p class='ocr_par' dir='ltr' id='par_1_1' title="bbox 1576 392 3057 475">
     <span class='ocr_line' id='line_1_1' title="bbox 1576 392 3057 475; baseline 0.001 -5"><span class='ocrx_word' id='word_1_1' title='bbox 1576 413 1632 470; x_wconf 84' lang='lat' dir='ltr'><strong>s.</strong></span> <span class='ocrx_word' id='word_1_2' title='bbox 1668 412 2107 470; x_wconf 73' lang='lat' dir='ltr'><strong>CLEMENTISI</strong></span> <span class='ocrx_word' id='word_1_3' title='bbox 2142 412 2305 471; x_wconf 79' lang='grc' dir='ltr'>ιιοιι.</span> <span class='ocrx_word' id='word_1_4' title='bbox 2341 414 2539 473; x_wconf 68' lang='lat' dir='ltr'><strong>rom.</strong></span> <span class='ocrx_word' id='word_1_5' title='bbox 2574 392 2799 473; x_wconf 54' lang='lat' dir='ltr'><strong>orsus</strong></span> <span class='ocrx_word' id='word_1_6' title='bbox 2834 416 3057 475; x_wconf 64' lang='lat' dir='ltr'><strong>ouum.</strong></span> 
     </span>
    </p>
   </div>
   <div class='ocr_carea' id='block_1_2' title="bbox 3850 408 3961 463">
    <p class='ocr_par' dir='ltr' id='par_1_2' title="bbox 3850 408 3961 463">
     <span class='ocr_line' id='line_1_2' title="bbox 3850 408 3961 463; baseline 0 -2"><span class='ocrx_word' id='word_1_7' title='bbox 3850 408 3961 463; x_wconf 75' lang='grc' dir='ltr'><strong>τοο</strong></span> 
     </span>
    </p>
   </div>
   <div class='ocr_carea' id='block_1_3' title="bbox 712 522 2250 626">
    <p class='ocr_par' dir='ltr' id='par_1_3' title="bbox 712 522 2250 597">
     <span class='ocr_line' id='line_1_3' title="bbox 712 522 2250 597; baseline 0.001 -16"><span class='ocrx_word' id='word_1_8' title='bbox 712 534 769 581; x_wconf 90' lang='lat' dir='ltr'><strong>et</strong></span> <span class='ocrx_word' id='word_1_9' title='bbox 795 526 1135 590; x_wconf 83' lang='lat' dir='ltr'><strong>obduratum.</strong></span> <span class='ocrx_word' id='word_1_10' title='bbox 1161 535 1289 583; x_wconf 91' lang='lat' dir='ltr'><strong>tunc</strong></span> <span class='ocrx_word' id='word_1_11' title='bbox 1320 542 1441 583; x_wconf 88' lang='lat' dir='ltr'><strong>cum</strong></span> <span class='ocrx_word' id='word_1_12' title='bbox 1475 527 1662 597; x_wconf 80' lang='lat' dir='ltr'><strong>dolore</strong></span> <span class='ocrx_word' id='word_1_13' title='bbox 1684 522 1910 584; x_wconf 84' lang='lat' dir='ltr'><strong>acluctu</strong></span> <span class='ocrx_word' id='word_1_14' title='bbox 1935 532 2002 585; x_wconf 82' lang='lat' dir='ltr'><strong>ab</strong></span> <span class='ocrx_word' id='word_1_15' title='bbox 2025 528 2250 589; x_wconf 81' lang='lat' dir='ltr'><strong>Ecclesi:</strong></span> 
     </span>
    </p>
   </div>
   <div class='ocr_carea' id='block_1_4' title="bbox 2353 522 3957 626">
    <p class='ocr_par' dir='ltr' id='par_1_4' title="bbox 2369 523 3957 599">
     <span class='ocr_line' id='line_1_4' title="bbox 2369 523 3957 599; baseline -0.006 -16"><span class='ocrx_word' id='word_1_16' title='bbox 2369 526 2575 596; x_wconf 75' lang='grc' dir='ltr'>ἔχοντα.</span> <span class='ocrx_word' id='word_1_17' title='bbox 2598 530 2696 599; x_wconf 76' lang='grc' dir='ltr'>τῆς</span> <span class='ocrx_word' id='word_1_18' title='bbox 2726 528 3047 598; x_wconf 81' lang='grc' dir='ltr'>Ἐκκλησίας</span> <span class='ocrx_word' id='word_1_19' title='bbox 3076 526 3364 584; x_wconf 84' lang='grc' dir='ltr'>ἀπόκοπτε.</span> <span class='ocrx_word' id='word_1_20' title='bbox 3398 526 3559 595; x_wconf 81' lang='grc' dir='ltr'><strong>Λέγει</strong></span> <span class='ocrx_word' id='word_1_21' title='bbox 3592 523 3703 596; x_wconf 78' lang='grc' dir='ltr'><strong>γὰρ</strong></span> <span class='ocrx_word' id='word_1_22' title='bbox 3738 524 3775 594; x_wconf 79' lang='grc' dir='ltr'><strong>ή</strong></span> <span class='ocrx_word' id='word_1_23' title='bbox 3803 525 3957 595; x_wconf 81' lang='grc' dir='ltr'>Γρα-</span> 
     </span>
    </p>
   </div>
   <div class='ocr_carea' id='block_1_5' title="bbox 714 619 2281 695">
    <p class='ocr_par' dir='ltr' id='par_1_5' title="bbox 714 619 2281 695">
     <span class='ocr_line' id='line_1_5' title="bbox 714 619 2281 695; baseline 0.003 -22"><span class='ocrx_word' id='word_1_24' title='bbox 714 619 1069 675; x_wconf 85' lang='lat' dir='ltr'><strong>insanabilem</strong></span> <span class='ocrx_word' id='word_1_25' title='bbox 1110 633 1317 695; x_wconf 81' lang='lat' dir='ltr'><strong>reseca.</strong></span> <span class='ocrx_word' id='word_1_26' title='bbox 1341 619 1430 673; x_wconf 83' lang='lat' dir='ltr'><strong>Ait</strong></span> <span class='ocrx_word' id='word_1_27' title='bbox 1471 620 1616 676; x_wconf 87' lang='lat' dir='ltr'><strong>enim</strong></span> <span class='ocrx_word' id='word_1_28' title='bbox 1646 620 2281 691; x_wconf 71' lang='lat' dir='ltr'><strong>Scripturachuferetis</strong></span> 
     </span>
    </p>
   </div>
   <div class='ocr_carea' id='block_1_6' title="bbox 715 710 2263 781">
    <p class='ocr_par' dir='ltr' id='par_1_6' title="bbox 715 710 2263 781">
     <span class='ocr_line' id='line_1_6' title="bbox 715 710 2263 781; baseline 0.003 -17"><span class='ocrx_word' id='word_1_29' title='bbox 715 713 913 765; x_wconf 88' lang='lat' dir='ltr'><strong>malum</strong></span> <span class='ocrx_word' id='word_1_30' title='bbox 942 726 1004 766; x_wconf 78' lang='lat' dir='ltr'><strong>ex</strong></span> <span class='ocrx_word' id='word_1_31' title='bbox 1037 710 1188 767; x_wconf 80' lang='lat' dir='ltr'><strong>vobis</strong></span> <span class='ocrx_word' id='word_1_32' title='bbox 1210 710 1421 781; x_wconf 76' lang='lat' dir='ltr'><strong>ipsis&quot;.</strong></span> <span class='ocrx_word' id='word_1_33' title='bbox 1454 728 1473 763; x_wconf 76' lang='grc' dir='ltr'><strong>ι</strong></span> <span class='ocrx_word' id='word_1_34' title='bbox 1500 710 1565 767; x_wconf 85' lang='grc' dir='ltr'>Ει</span> <span class='ocrx_word' id='word_1_35' title='bbox 1590 731 1604 765; x_wconf 91' lang='lat'><strong>:</strong></span> <span class='ocrx_word' id='word_1_36' title='bbox 1636 730 1655 762; x_wconf 85' lang='grc'><strong><em>‹</em></strong></span> <span class='ocrx_word' id='word_1_37' title='bbox 1676 712 1877 767; x_wconf 79' lang='lat' dir='ltr'><strong>Cautos</strong></span> <span class='ocrx_word' id='word_1_38' title='bbox 1893 710 2101 768; x_wconf 84' lang='lat' dir='ltr'><strong>facietis</strong></span> <span class='ocrx_word' id='word_1_39' title='bbox 2124 712 2263 768; x_wconf 80' lang='lat' dir='ltr'><strong>ﬁlios</strong></span> 
     </span>
    </p>
   </div>
   <div class='ocr_carea' id='block_1_7' title="bbox 714 801 2263 873">
    <p class='ocr_par' dir='ltr' id='par_1_7' title="bbox 714 801 2263 873">
     <span class='ocr_line' id='line_1_7' title="bbox 714 801 2263 873; baseline 0.002 -18"><span class='ocrx_word' id='word_1_40' title='bbox 714 803 959 859; x_wconf 56' lang='lat' dir='ltr'><strong>Israel&quot;.</strong></span> <span class='ocrx_word' id='word_1_41' title='bbox 999 820 1019 854; x_wconf 81' lang='grc' dir='ltr'><strong>ι</strong></span> <span class='ocrx_word' id='word_1_42' title='bbox 1052 801 1119 857; x_wconf 86' lang='lat' dir='ltr'><strong>Et</strong></span> <span class='ocrx_word' id='word_1_43' title='bbox 1164 818 1379 858; x_wconf 84' lang='lat' dir='ltr'><strong>rursum</strong></span> <span class='ocrx_word' id='word_1_44' title='bbox 1414 822 1429 855; x_wconf 87' lang='lat'><strong>:</strong></span> <span class='ocrx_word' id='word_1_45' title='bbox 1474 822 1492 855; x_wconf 77' lang='grc' dir='ltr'><strong>ι</strong></span> <span class='ocrx_word' id='word_1_46' title='bbox 1528 801 1643 858; x_wconf 77' lang='lat' dir='ltr'><strong>Non</strong></span> <span class='ocrx_word' id='word_1_47' title='bbox 1696 804 1929 873; x_wconf 84' lang='lat' dir='ltr'><strong>accipies</strong></span> <span class='ocrx_word' id='word_1_48' title='bbox 1976 819 2263 873; x_wconf 85' lang='lat' dir='ltr'><strong>personam</strong></span> 
     </span>
    </p>
   </div>
   <div class='ocr_carea' id='block_1_8' title="bbox 711 892 2263 969">
    <p class='ocr_par' dir='ltr' id='par_1_8' title="bbox 711 892 2263 969">
     <span class='ocr_line' id='line_1_8' title="bbox 711 892 2263 969; baseline 0.001 -23"><span class='ocrx_word' id='word_1_49' title='bbox 711 893 897 947; x_wconf 75' lang='lat' dir='ltr'><strong>divitis</strong></span> <span class='ocrx_word' id='word_1_50' title='bbox 947 892 1005 947; x_wconf 90' lang='lat' dir='ltr'><strong>in</strong></span> <span class='ocrx_word' id='word_1_51' title='bbox 1050 892 1287 962; x_wconf 87' lang='lat' dir='ltr'><strong>judicio;</strong></span> <span class='ocrx_word' id='word_1_52' title='bbox 1322 901 1376 948; x_wconf 87' lang='lat' dir='ltr'><strong>et</strong></span> <span class='ocrx_word' id='word_1_53' title='bbox 1408 893 1659 969; x_wconf 82' lang='lat' dir='ltr'><strong>pauperis</strong></span> <span class='ocrx_word' id='word_1_54' title='bbox 1688 909 1794 947; x_wconf 92' lang='lat' dir='ltr'><strong>non</strong></span> <span class='ocrx_word' id='word_1_55' title='bbox 1823 892 2167 949; x_wconf 77' lang='lat' dir='ltr'><strong>misereberis</strong></span> <span class='ocrx_word' id='word_1_56' title='bbox 2206 895 2263 948; x_wconf 87' lang='lat' dir='ltr'><strong>in</strong></span> 
     </span>
    </p>
   </div>
   <div class='ocr_carea' id='block_1_9' title="bbox 701 968 2024 1054">
    <p class='ocr_par' dir='ltr' id='par_1_9' title="bbox 701 968 2024 1054">
     <span class='ocr_line' id='line_1_9' title="bbox 701 968 2024 1054; baseline 0.002 -20"><span class='ocrx_word' id='word_1_57' title='bbox 701 981 945 1054; x_wconf 81' lang='lat' dir='ltr'><strong>judicio:</strong></span> <span class='ocrx_word' id='word_1_58' title='bbox 976 983 1233 1041; x_wconf 77' lang='lat' dir='ltr'><strong>quoniam</strong></span> <span class='ocrx_word' id='word_1_59' title='bbox 1274 982 1485 1036; x_wconf 83' lang='lat' dir='ltr'><strong>Domini</strong></span> <span class='ocrx_word' id='word_1_60' title='bbox 1512 990 1593 1037; x_wconf 90' lang='lat' dir='ltr'><strong>est</strong></span> <span class='ocrx_word' id='word_1_61' title='bbox 1614 968 1880 1050; x_wconf 83' lang='lat' dir='ltr'><strong>judicium</strong></span> <span class='ocrx_word' id='word_1_62' title='bbox 1900 984 1965 1039; x_wconf 85' lang='lat'><strong>“.</strong></span> <span class='ocrx_word' id='word_1_63' title='bbox 1998 1001 2024 1036; x_wconf 60' lang='grc' dir='ltr'>η»</span> 
     </span>
    </p>
   </div>
   <div class='ocr_carea' id='block_1_10' title="bbox 1277 1092 1697 1148">
    <p class='ocr_par' dir='ltr' id='par_1_10' title="bbox 1277 1092 1697 1148">
     <span class='ocr_line' id='line_1_10' title="bbox 1277 1092 1697 1148; baseline 0.002 -1"><span class='ocrx_word' id='word_1_64' title='bbox 1277 1092 1503 1148; x_wconf 82' lang='lat' dir='ltr'><strong>CAPUT</strong></span> <span class='ocrx_word' id='word_1_65' title='bbox 1541 1093 1697 1148; x_wconf 81' lang='lat' dir='ltr'><strong>XL&quot;.</strong></span> 
     </span>
    </p>
   </div>
   <div class='ocr_carea' id='block_1_11' title="bbox 777 1183 2188 1255">
    <p class='ocr_par' dir='ltr' id='par_1_11' title="bbox 777 1183 2188 1255">
     <span class='ocr_line' id='line_1_11' title="bbox 777 1183 2188 1255; baseline 0.006 -19"><span class='ocrx_word' id='word_1_66' title='bbox 777 1183 813 1237; x_wconf 77' lang='lat' dir='ltr'><strong><em>J</em></strong></span> <span class='ocrx_word' id='word_1_67' title='bbox 818 1186 1012 1239; x_wconf 84' lang='lat' dir='ltr'><strong>udicem</strong></span> <span class='ocrx_word' id='word_1_68' title='bbox 1030 1202 1130 1239; x_wconf 82' lang='lat' dir='ltr'><strong>non</strong></span> <span class='ocrx_word' id='word_1_69' title='bbox 1145 1184 1325 1239; x_wconf 85' lang='lat' dir='ltr'><strong>debere</strong></span> <span class='ocrx_word' id='word_1_70' title='bbox 1353 1203 1461 1239; x_wconf 75' lang='lat' dir='ltr'><strong>esse</strong></span> <span class='ocrx_word' id='word_1_71' title='bbox 1489 1196 1804 1249; x_wconf 84' lang='lat' dir='ltr'><strong>acceptorem</strong></span> <span class='ocrx_word' id='word_1_72' title='bbox 1826 1202 2188 1255; x_wconf 74' lang='lat' dir='ltr'><strong>personarum.</strong></span> 
     </span>
    </p>
   </div>
   <div class='ocr_carea' id='block_1_12' title="bbox 783 1274 2260 1346">
    <p class='ocr_par' dir='ltr' id='par_1_12' title="bbox 783 1274 2260 1346">
     <span class='ocr_line' id='line_1_12' title="bbox 783 1274 2260 1346; baseline 0.006 -19"><span class='ocrx_word' id='word_1_73' title='bbox 783 1274 839 1328; x_wconf 87' lang='lat' dir='ltr'><strong>Si</strong></span> <span class='ocrx_word' id='word_1_74' title='bbox 880 1282 1057 1328; x_wconf 91' lang='lat' dir='ltr'><strong>autem</strong></span> <span class='ocrx_word' id='word_1_75' title='bbox 1093 1275 1229 1329; x_wconf 86' lang='lat' dir='ltr'><strong>falsa</strong></span> <span class='ocrx_word' id='word_1_76' title='bbox 1262 1276 1330 1330; x_wconf 86' lang='lat' dir='ltr'><strong>sit</strong></span> <span class='ocrx_word' id='word_1_77' title='bbox 1358 1283 1411 1329; x_wconf 89' lang='lat' dir='ltr'><strong>et</strong></span> <span class='ocrx_word' id='word_1_78' title='bbox 1439 1276 1771 1333; x_wconf 89' lang='lat' dir='ltr'><strong>calumniosa</strong></span> <span class='ocrx_word' id='word_1_79' title='bbox 1800 1280 2106 1346; x_wconf 78' lang='lat' dir='ltr'><strong>accusatio;</strong></span> <span class='ocrx_word' id='word_1_80' title='bbox 2134 1296 2260 1336; x_wconf 90' lang='lat' dir='ltr'><strong>vos-</strong></span> 
     </span>
    </p>
   </div>
   <div class='ocr_carea' id='block_1_13' title="bbox 708 1366 2261 1438">
    <p class='ocr_par' dir='ltr' id='par_1_13' title="bbox 708 1366 2261 1438">
     <span class='ocr_line' id='line_1_13' title="bbox 708 1366 2261 1438; baseline 0.003 -19"><span class='ocrx_word' id='word_1_81' title='bbox 708 1381 812 1436; x_wconf 86' lang='lat' dir='ltr'><strong>que</strong></span> <span class='ocrx_word' id='word_1_82' title='bbox 841 1374 1085 1436; x_wconf 78' lang='lat' dir='ltr'><strong>pastores</strong></span> <span class='ocrx_word' id='word_1_83' title='bbox 1117 1380 1224 1419; x_wconf 84' lang='lat' dir='ltr'><strong>una</strong></span> <span class='ocrx_word' id='word_1_84' title='bbox 1266 1380 1387 1419; x_wconf 92' lang='lat' dir='ltr'><strong>cum</strong></span> <span class='ocrx_word' id='word_1_85' title='bbox 1433 1366 1696 1427; x_wconf 88' lang='lat' dir='ltr'><strong>diaconis,</strong></span> <span class='ocrx_word' id='word_1_86' title='bbox 1733 1369 1815 1421; x_wconf 90' lang='lat' dir='ltr'><strong>vel</strong></span> <span class='ocrx_word' id='word_1_87' title='bbox 1862 1384 1957 1437; x_wconf 85' lang='lat' dir='ltr'><strong>per</strong></span> <span class='ocrx_word' id='word_1_88' title='bbox 1999 1370 2261 1438; x_wconf 86' lang='lat' dir='ltr'><strong>acceptio-</strong></span> 
     </span>
    </p>
   </div>
   <div class='ocr_carea' id='block_1_14' title="bbox 708 1457 2254 1528">
    <p class='ocr_par' dir='ltr' id='par_1_14' title="bbox 708 1457 2254 1528">
     <span class='ocr_line' id='line_1_14' title="bbox 708 1457 2254 1528; baseline 0.003 -19"><span class='ocrx_word' id='word_1_89' title='bbox 708 1470 830 1509; x_wconf 91' lang='lat' dir='ltr'><strong>nem</strong></span> <span class='ocrx_word' id='word_1_90' title='bbox 878 1470 1260 1525; x_wconf 89' lang='lat' dir='ltr'><strong>personarum,</strong></span> <span class='ocrx_word' id='word_1_91' title='bbox 1317 1457 1404 1510; x_wconf 92' lang='lat' dir='ltr'><strong>vel</strong></span> <span class='ocrx_word' id='word_1_92' title='bbox 1458 1472 1881 1525; x_wconf 89' lang='lat' dir='ltr'><strong>per-munerum</strong></span> <span class='ocrx_word' id='word_1_93' title='bbox 1930 1460 2254 1528; x_wconf 87' lang='lat' dir='ltr'><strong>pactionem,</strong></span> 
     </span>
    </p>
   </div>
   <div class='ocr_carea' id='block_1_15' title="bbox 709 1540 2255 1617">
    <p class='ocr_par' dir='ltr' id='par_1_15' title="bbox 709 1540 2255 1617">
     <span class='ocr_line' id='line_1_15' title="bbox 709 1540 2255 1617; baseline 0.003 -17"><span class='ocrx_word' id='word_1_94' title='bbox 709 1548 952 1601; x_wconf 78' lang='lat' dir='ltr'><strong>volentes</strong></span> <span class='ocrx_word' id='word_1_95' title='bbox 1002 1547 1380 1601; x_wconf 86' lang='lat' dir='ltr'><strong>calumniatori</strong></span> <span class='ocrx_word' id='word_1_96' title='bbox 1414 1555 1623 1617; x_wconf 77' lang='lat' dir='ltr'><strong>gratum</strong></span> <span class='ocrx_word' id='word_1_97' title='bbox 1668 1548 1865 1613; x_wconf 88' lang='lat' dir='ltr'><strong>facere,</strong></span> <span class='ocrx_word' id='word_1_98' title='bbox 1918 1540 2255 1605; x_wconf 84' lang='lat' dir='ltr'><strong>mendacium</strong></span> 
     </span>
    </p>
   </div>
   <div class='ocr_carea' id='block_1_16' title="bbox 708 1636 2253 1707">
    <p class='ocr_par' dir='ltr' id='par_1_16' title="bbox 708 1636 2253 1707">
     <span class='ocr_line' id='line_1_16' title="bbox 708 1636 2253 1707; baseline 0.003 -18"><span class='ocrx_word' id='word_1_99' title='bbox 708 1643 961 1706; x_wconf 86' lang='lat' dir='ltr'><strong>tauquam</strong></span> <span class='ocrx_word' id='word_1_100' title='bbox 990 1637 1268 1692; x_wconf 81' lang='lat' dir='ltr'><strong>veritatem</strong></span> <span class='ocrx_word' id='word_1_101' title='bbox 1299 1637 1530 1707; x_wconf 81' lang='lat' dir='ltr'><strong>amplexi</strong></span> <span class='ocrx_word' id='word_1_102' title='bbox 1566 1636 1797 1701; x_wconf 87' lang='lat' dir='ltr'><strong>fueritis,</strong></span> <span class='ocrx_word' id='word_1_103' title='bbox 1825 1647 1880 1693; x_wconf 89' lang='lat' dir='ltr'><strong>et</strong></span> <span class='ocrx_word' id='word_1_104' title='bbox 1912 1648 2253 1705; x_wconf 83' lang='lat' dir='ltr'><strong>accusatum,</strong></span> 
     </span>
    </p>
   </div>
   <div class='ocr_carea' id='block_1_17' title="bbox 706 1726 2264 1802">
    <p class='ocr_par' dir='ltr' id='par_1_17' title="bbox 706 1726 2264 1802">
     <span class='ocr_line' id='line_1_17' title="bbox 706 1726 2264 1802; baseline 0.003 -23"><span class='ocrx_word' id='word_1_105' title='bbox 706 1726 830 1782; x_wconf 83' lang='lat' dir='ltr'><strong>licet</strong></span> <span class='ocrx_word' id='word_1_106' title='bbox 874 1727 1043 1797; x_wconf 65' lang='lat' dir='ltr'><strong>culpa:</strong></span> <span class='ocrx_word' id='word_1_107' title='bbox 1074 1743 1183 1781; x_wconf 89' lang='lat' dir='ltr'><strong>non</strong></span> <span class='ocrx_word' id='word_1_108' title='bbox 1234 1726 1466 1792; x_wconf 81' lang='lat' dir='ltr'><strong>aﬂinem,</strong></span> <span class='ocrx_word' id='word_1_109' title='bbox 1506 1728 1823 1798; x_wconf 77' lang='lat' dir='ltr'><strong>ex‘puleritis</strong></span> <span class='ocrx_word' id='word_1_110' title='bbox 1862 1730 1929 1784; x_wconf 91' lang='lat' dir='ltr'><strong>ab</strong></span> <span class='ocrx_word' id='word_1_111' title='bbox 1976 1729 2264 1802; x_wconf 68' lang='lat' dir='ltr'><strong>Ecclesia;</strong></span> 
     </span>
    </p>
   </div>
   <div class='ocr_carea' id='block_1_18' title="bbox 704 1815 2254 1892">
    <p class='ocr_par' dir='ltr' id='par_1_18' title="bbox 704 1815 2254 1892">
     <span class='ocr_line' id='line_1_18' title="bbox 704 1815 2254 1892; baseline 0.002 -20"><span class='ocrx_word' id='word_1_112' title='bbox 704 1819 970 1873; x_wconf 89' lang='lat' dir='ltr'><strong>rationem</strong></span> <span class='ocrx_word' id='word_1_113' title='bbox 995 1817 1233 1873; x_wconf 84' lang='lat' dir='ltr'><strong>reddetis</strong></span> <span class='ocrx_word' id='word_1_114' title='bbox 1254 1818 1309 1872; x_wconf 88' lang='lat' dir='ltr'><strong>in</strong></span> <span class='ocrx_word' id='word_1_115' title='bbox 1326 1818 1415 1872; x_wconf 91' lang='lat' dir='ltr'><strong>die</strong></span> <span class='ocrx_word' id='word_1_116' title='bbox 1434 1815 1684 1886; x_wconf 89' lang='lat' dir='ltr'><strong>Domini;</strong></span> <span class='ocrx_word' id='word_1_117' title='bbox 1708 1821 1961 1888; x_wconf 88' lang='lat' dir='ltr'><strong>quoniam</strong></span> <span class='ocrx_word' id='word_1_118' title='bbox 1992 1822 2254 1892; x_wconf 87' lang='lat' dir='ltr'><strong>scriptum</strong></span> 
     </span>
    </p>
   </div>
   <div class='ocr_carea' id='block_1_19' title="bbox 705 1908 2256 1979">
    <p class='ocr_par' dir='ltr' id='par_1_19' title="bbox 705 1908 2256 1979">
     <span class='ocr_line' id='line_1_19' title="bbox 705 1908 2256 1979; baseline 0.001 -14"><span class='ocrx_word' id='word_1_119' title='bbox 705 1918 829 1965; x_wconf 88' lang='lat' dir='ltr'><strong>est:</strong></span> <span class='ocrx_word' id='word_1_120' title='bbox 864 1929 883 1960; x_wconf 79' lang='grc' dir='ltr'><strong>ι</strong></span> <span class='ocrx_word' id='word_1_121' title='bbox 918 1908 1260 1964; x_wconf 90' lang='lat' dir='ltr'><strong>lnnocentem</strong></span> <span class='ocrx_word' id='word_1_122' title='bbox 1310 1919 1363 1964; x_wconf 90' lang='lat' dir='ltr'><strong>et</strong></span> <span class='ocrx_word' id='word_1_123' title='bbox 1422 1910 1629 1979; x_wconf 87' lang='lat' dir='ltr'><strong>justum</strong></span> <span class='ocrx_word' id='word_1_124' title='bbox 1674 1926 1781 1964; x_wconf 91' lang='lat' dir='ltr'><strong>non</strong></span> <span class='ocrx_word' id='word_1_125' title='bbox 1834 1911 2047 1966; x_wconf 86' lang='lat' dir='ltr'><strong>occides</strong></span> <span class='ocrx_word' id='word_1_126' title='bbox 2091 1931 2104 1966; x_wconf 92' lang='lat'><strong>:</strong></span> <span class='ocrx_word' id='word_1_127' title='bbox 2146 1927 2256 1967; x_wconf 89' lang='lat' dir='ltr'><strong>non</strong></span> 
     </span>
    </p>
   </div>
   <div class='ocr_carea' id='block_1_20' title="bbox 704 1996 2255 2071">
    <p class='ocr_par' dir='ltr' id='par_1_20' title="bbox 704 1996 2255 2071">
     <span class='ocr_line' id='line_1_20' title="bbox 704 1996 2255 2071; baseline 0.002 -17"><span class='ocrx_word' id='word_1_128' title='bbox 704 2002 940 2071; x_wconf 81' lang='lat' dir='ltr'><strong>accipies</strong></span> <span class='ocrx_word' id='word_1_129' title='bbox 964 2017 1185 2055; x_wconf 88' lang='lat' dir='ltr'><strong>munera</strong></span> <span class='ocrx_word' id='word_1_130' title='bbox 1213 2001 1278 2055; x_wconf 87' lang='lat' dir='ltr'><strong>ad</strong></span> <span class='ocrx_word' id='word_1_131' title='bbox 1308 1996 1713 2071; x_wconf 86' lang='lat' dir='ltr'><strong>percutiendam</strong></span> <span class='ocrx_word' id='word_1_132' title='bbox 1745 2002 2006 2068; x_wconf 84' lang='lat' dir='ltr'><strong>animam;</strong></span> <span class='ocrx_word' id='word_1_133' title='bbox 2033 2018 2255 2059; x_wconf 85' lang='lat' dir='ltr'><strong>munera</strong></span> 
     </span>
    </p>
   </div>
   <div class='ocr_carea' id='block_1_21' title="bbox 704 2078 2256 2163">
    <p class='ocr_par' dir='ltr' id='par_1_21' title="bbox 704 2078 2256 2163">
     <span class='ocr_line' id='line_1_21' title="bbox 704 2078 2256 2163; baseline 0.001 -17"><span class='ocrx_word' id='word_1_134' title='bbox 704 2090 848 2146; x_wconf 81' lang='lat' dir='ltr'><strong>enim</strong></span> <span class='ocrx_word' id='word_1_135' title='bbox 892 2078 1167 2147; x_wconf 60' lang='lat' dir='ltr'><strong>eiczcant</strong></span> <span class='ocrx_word' id='word_1_136' title='bbox 1221 2093 1412 2146; x_wconf 91' lang='lat' dir='ltr'><strong>oculos</strong></span> <span class='ocrx_word' id='word_1_137' title='bbox 1461 2093 1791 2162; x_wconf 88' lang='lat' dir='ltr'><strong>sapientum,</strong></span> <span class='ocrx_word' id='word_1_138' title='bbox 1831 2100 1884 2148; x_wconf 89' lang='lat' dir='ltr'><strong>et</strong></span> <span class='ocrx_word' id='word_1_139' title='bbox 1942 2103 2256 2163; x_wconf 88' lang='lat' dir='ltr'><strong>pervertunt</strong></span> 
     </span>
    </p>
   </div>
   <div class='ocr_carea' id='block_1_22' title="bbox 702 2183 2253 2254">
    <p class='ocr_par' dir='ltr' id='par_1_22' title="bbox 702 2183 2253 2254">
     <span class='ocr_line' id='line_1_22' title="bbox 702 2183 2253 2254; baseline 0.002 -18"><span class='ocrx_word' id='word_1_140' title='bbox 702 2183 865 2237; x_wconf 87' lang='lat' dir='ltr'><strong>verba</strong></span> <span class='ocrx_word' id='word_1_141' title='bbox 906 2184 1264 2252; x_wconf 78' lang='lat' dir='ltr'><strong>justorum“.</strong></span> <span class='ocrx_word' id='word_1_142' title='bbox 1307 2202 1326 2234; x_wconf 75' lang='grc' dir='ltr'><strong>ι</strong></span> <span class='ocrx_word' id='word_1_143' title='bbox 1380 2183 1445 2237; x_wconf 86' lang='lat' dir='ltr'><strong>Et</strong></span> <span class='ocrx_word' id='word_1_144' title='bbox 1499 2199 1690 2240; x_wconf 90' lang='lat' dir='ltr'><strong>rursus</strong></span> <span class='ocrx_word' id='word_1_145' title='bbox 1724 2203 1737 2239; x_wconf 90' lang='lat'><strong>:</strong></span> <span class='ocrx_word' id='word_1_146' title='bbox 1771 2203 1789 2234; x_wconf 74' lang='grc' dir='ltr'><strong>ε</strong></span> <span class='ocrx_word' id='word_1_147' title='bbox 1824 2183 1925 2248; x_wconf 88' lang='lat' dir='ltr'><strong>Qui</strong></span> <span class='ocrx_word' id='word_1_148' title='bbox 1950 2185 2253 2254; x_wconf 75' lang='lat' dir='ltr'><strong>justificant</strong></span> 
     </span>
    </p>
   </div>
   <div class='ocr_carea' id='block_1_23' title="bbox 702 2272 2253 2344">
    <p class='ocr_par' dir='ltr' id='par_1_23' title="bbox 702 2272 2253 2344">
     <span class='ocr_line' id='line_1_23' title="bbox 702 2272 2253 2344; baseline 0.003 -20"><span class='ocrx_word' id='word_1_149' title='bbox 702 2272 927 2343; x_wconf 88' lang='lat' dir='ltr'><strong>impium</strong></span> <span class='ocrx_word' id='word_1_150' title='bbox 984 2282 1203 2344; x_wconf 82' lang='lat' dir='ltr'><strong>propter</strong></span> <span class='ocrx_word' id='word_1_151' title='bbox 1261 2289 1504 2337; x_wconf 89' lang='lat' dir='ltr'><strong>munera,</strong></span> <span class='ocrx_word' id='word_1_152' title='bbox 1536 2282 1589 2328; x_wconf 86' lang='lat' dir='ltr'><strong>et</strong></span> <span class='ocrx_word' id='word_1_153' title='bbox 1634 2274 1903 2343; x_wconf 88' lang='lat' dir='ltr'><strong>justitiam</strong></span> <span class='ocrx_word' id='word_1_154' title='bbox 1931 2276 2065 2343; x_wconf 87' lang='lat' dir='ltr'><strong>justi</strong></span> <span class='ocrx_word' id='word_1_155' title='bbox 2104 2275 2253 2329; x_wconf 82' lang='lat' dir='ltr'><strong>aufe-</strong></span> 
     </span>
    </p>
   </div>
   <div class='ocr_carea' id='block_1_24' title="bbox 702 2364 2253 2436">
    <p class='ocr_par' dir='ltr' id='par_1_24' title="bbox 702 2364 2253 2436">
     <span class='ocr_line' id='line_1_24' title="bbox 702 2364 2253 2436; baseline 0.002 -19"><span class='ocrx_word' id='word_1_156' title='bbox 702 2372 830 2418; x_wconf 89' lang='lat' dir='ltr'><strong>runt</strong></span> <span class='ocrx_word' id='word_1_157' title='bbox 846 2365 910 2419; x_wconf 81' lang='lat'><strong>“.</strong></span> <span class='ocrx_word' id='word_1_158' title='bbox 949 2383 967 2414; x_wconf 77' lang='grc' dir='ltr'><strong>ι</strong></span> <span class='ocrx_word' id='word_1_159' title='bbox 1001 2364 1275 2419; x_wconf 85' lang='lat' dir='ltr'><strong>Attendite</strong></span> <span class='ocrx_word' id='word_1_160' title='bbox 1316 2364 1498 2434; x_wconf 76' lang='lat' dir='ltr'><strong>igitur,</strong></span> <span class='ocrx_word' id='word_1_161' title='bbox 1544 2381 1612 2420; x_wconf 88' lang='lat' dir='ltr'><strong>ne</strong></span> <span class='ocrx_word' id='word_1_162' title='bbox 1651 2375 1961 2435; x_wconf 88' lang='lat' dir='ltr'><strong>acceptores</strong></span> <span class='ocrx_word' id='word_1_163' title='bbox 1997 2382 2253 2436; x_wconf 89' lang='lat' dir='ltr'><strong>persona—</strong></span> 
     </span>
    </p>
   </div>
   <div class='ocr_carea' id='block_1_25' title="bbox 703 2452 2255 2524">
    <p class='ocr_par' dir='ltr' id='par_1_25' title="bbox 703 2452 2255 2524">
     <span class='ocr_line' id='line_1_25' title="bbox 703 2452 2255 2524; baseline 0.003 -17"><span class='ocrx_word' id='word_1_164' title='bbox 703 2470 822 2508; x_wconf 86' lang='lat' dir='ltr'><strong>rum</strong></span> <span class='ocrx_word' id='word_1_165' title='bbox 868 2454 1016 2519; x_wconf 84' lang='lat' dir='ltr'><strong>facti,</strong></span> <span class='ocrx_word' id='word_1_166' title='bbox 1068 2452 1457 2521; x_wconf 86' lang='lat' dir='ltr'><strong>huicDomini</strong></span> <span class='ocrx_word' id='word_1_167' title='bbox 1506 2455 1625 2510; x_wconf 84' lang='lat' dir='ltr'><strong>voci</strong></span> <span class='ocrx_word' id='word_1_168' title='bbox 1668 2457 2047 2524; x_wconf 87' lang='lat' dir='ltr'><strong>subjiciamini.</strong></span> <span class='ocrx_word' id='word_1_169' title='bbox 2078 2456 2255 2521; x_wconf 84' lang='lat' dir='ltr'><strong>Quare</strong></span> 
     </span>
    </p>
   </div>
   <div class='ocr_carea' id='block_1_26' title="bbox 703 2544 2255 2617">
    <p class='ocr_par' dir='ltr' id='par_1_26' title="bbox 703 2544 2255 2617">
     <span class='ocr_line' id='line_1_26' title="bbox 703 2544 2255 2617; baseline 0.003 -18"><span class='ocrx_word' id='word_1_170' title='bbox 703 2544 960 2614; x_wconf 83' lang='lat' dir='ltr'><strong>injustam</strong></span> <span class='ocrx_word' id='word_1_171' title='bbox 1005 2545 1295 2614; x_wconf 83' lang='lat' dir='ltr'><strong>cujuslibet</strong></span> <span class='ocrx_word' id='word_1_172' title='bbox 1348 2546 1868 2610; x_wconf 84' lang='lat' dir='ltr'><strong>condemnationem,</strong></span> <span class='ocrx_word' id='word_1_173' title='bbox 1902 2556 1953 2601; x_wconf 91' lang='lat' dir='ltr'><strong>et</strong></span> <span class='ocrx_word' id='word_1_174' title='bbox 1979 2548 2255 2617; x_wconf 82' lang='lat' dir='ltr'><strong>improbo-</strong></span> 
     </span>
    </p>
   </div>
   <div class='ocr_carea' id='block_1_27' title="bbox 702 2633 2252 2706">
    <p class='ocr_par' dir='ltr' id='par_1_27' title="bbox 702 2633 2252 2706">
     <span class='ocr_line' id='line_1_27' title="bbox 702 2633 2252 2706; baseline 0.001 -16"><span class='ocrx_word' id='word_1_175' title='bbox 702 2651 821 2690; x_wconf 88' lang='lat' dir='ltr'><strong>rum</strong></span> <span class='ocrx_word' id='word_1_176' title='bbox 871 2636 1233 2705; x_wconf 87' lang='lat' dir='ltr'><strong>patrocinium</strong></span> <span class='ocrx_word' id='word_1_177' title='bbox 1282 2637 1468 2692; x_wconf 80' lang='lat' dir='ltr'><strong>vitate.</strong></span> <span class='ocrx_word' id='word_1_178' title='bbox 1520 2655 1537 2688; x_wconf 73' lang='grc' dir='ltr'><strong>ε</strong></span> <span class='ocrx_word' id='word_1_179' title='bbox 1576 2636 1666 2690; x_wconf 72' lang='lat' dir='ltr'><strong>Va:</strong></span> <span class='ocrx_word' id='word_1_180' title='bbox 1696 2633 1841 2689; x_wconf 88' lang='lat' dir='ltr'><strong>enim</strong></span> <span class='ocrx_word' id='word_1_181' title='bbox 1866 2636 1965 2701; x_wconf 91' lang='lat' dir='ltr'><strong>illi,</strong></span> <span class='ocrx_word' id='word_1_182' title='bbox 1998 2639 2090 2706; x_wconf 91' lang='lat' dir='ltr'><strong>qui</strong></span> <span class='ocrx_word' id='word_1_183' title='bbox 2122 2638 2252 2692; x_wconf 91' lang='lat' dir='ltr'><strong>dicit</strong></span> 
     </span>
    </p>
   </div>
   <div class='ocr_carea' id='block_1_28' title="bbox 700 2726 2251 2794">
    <p class='ocr_par' dir='ltr' id='par_1_28' title="bbox 700 2726 2251 2794">
     <span class='ocr_line' id='line_1_28' title="bbox 700 2726 2251 2794; baseline 0.003 -16"><span class='ocrx_word' id='word_1_184' title='bbox 700 2726 901 2785; x_wconf 84' lang='lat' dir='ltr'><strong>malum</strong></span> <span class='ocrx_word' id='word_1_185' title='bbox 929 2726 1151 2791; x_wconf 90' lang='lat' dir='ltr'><strong>bonum,</strong></span> <span class='ocrx_word' id='word_1_186' title='bbox 1190 2734 1243 2780; x_wconf 86' lang='lat' dir='ltr'><strong>et</strong></span> <span class='ocrx_word' id='word_1_187' title='bbox 1268 2726 1469 2780; x_wconf 88' lang='lat' dir='ltr'><strong>bonum</strong></span> <span class='ocrx_word' id='word_1_188' title='bbox 1499 2726 1983 2792; x_wconf 86' lang='lat' dir='ltr'><strong>malum;amarum</strong></span> <span class='ocrx_word' id='word_1_189' title='bbox 2006 2728 2251 2794; x_wconf 81' lang='lat' dir='ltr'><strong>dulce,et</strong></span> 
     </span>
    </p>
   </div>
   <div class='ocr_carea' id='block_1_29' title="bbox 700 2817 2249 2886">
    <p class='ocr_par' dir='ltr' id='par_1_29' title="bbox 700 2817 2249 2886">
     <span class='ocr_line' id='line_1_29' title="bbox 700 2817 2249 2886; baseline 0.003 -17"><span class='ocrx_word' id='word_1_190' title='bbox 700 2817 857 2871; x_wconf 87' lang='lat' dir='ltr'><strong>dulce</strong></span> <span class='ocrx_word' id='word_1_191' title='bbox 886 2831 1159 2883; x_wconf 85' lang='lat' dir='ltr'><strong>amarum;</strong></span> <span class='ocrx_word' id='word_1_192' title='bbox 1189 2818 1281 2886; x_wconf 88' lang='lat' dir='ltr'><strong>qui</strong></span> <span class='ocrx_word' id='word_1_193' title='bbox 1323 2818 1471 2886; x_wconf 90' lang='lat' dir='ltr'><strong>ponit</strong></span> <span class='ocrx_word' id='word_1_194' title='bbox 1501 2818 1681 2871; x_wconf 88' lang='lat' dir='ltr'><strong>lumen</strong></span> <span class='ocrx_word' id='word_1_195' title='bbox 1720 2819 1989 2881; x_wconf 86' lang='lat' dir='ltr'><strong>tenebras,</strong></span> <span class='ocrx_word' id='word_1_196' title='bbox 2017 2828 2070 2872; x_wconf 91' lang='lat' dir='ltr'><strong>et</strong></span> <span class='ocrx_word' id='word_1_197' title='bbox 2097 2826 2249 2873; x_wconf 85' lang='lat' dir='ltr'><strong>tene-</strong></span> 
     </span>
    </p>
   </div>
   <div class='ocr_carea' id='block_1_30' title="bbox 698 2907 2248 2977">
    <p class='ocr_par' dir='ltr' id='par_1_30' title="bbox 698 2907 2248 2977">
     <span class='ocr_line' id='line_1_30' title="bbox 698 2907 2248 2977; baseline 0.004 -16"><span class='ocrx_word' id='word_1_198' title='bbox 698 2907 826 2963; x_wconf 84' lang='lat' dir='ltr'><strong>bras</strong></span> <span class='ocrx_word' id='word_1_199' title='bbox 864 2908 1122 2962; x_wconf 84' lang='lat' dir='ltr'><strong>lumen&quot;.</strong></span> <span class='ocrx_word' id='word_1_200' title='bbox 1172 2928 1190 2960; x_wconf 77' lang='grc' dir='ltr'><strong>ι</strong></span> <span class='ocrx_word' id='word_1_201' title='bbox 1220 2908 1352 2962; x_wconf 85' lang='lat' dir='ltr'><strong>Nam</strong></span> <span class='ocrx_word' id='word_1_202' title='bbox 1392 2908 1609 2977; x_wconf 86' lang='lat' dir='ltr'><strong>quando</strong></span> <span class='ocrx_word' id='word_1_203' title='bbox 1646 2908 1783 2963; x_wconf 91' lang='lat' dir='ltr'><strong>alios</strong></span> <span class='ocrx_word' id='word_1_204' title='bbox 1808 2909 2009 2977; x_wconf 84' lang='lat' dir='ltr'><strong>injuste</strong></span> <span class='ocrx_word' id='word_1_205' title='bbox 2046 2911 2248 2967; x_wconf 87' lang='lat' dir='ltr'><strong>conde-</strong></span> 
     </span>
    </p>
   </div>
   <div class='ocr_carea' id='block_1_31' title="bbox 698 2990 2249 3071">
    <p class='ocr_par' dir='ltr' id='par_1_31' title="bbox 698 2990 2249 3071">
     <span class='ocr_line' id='line_1_31' title="bbox 698 2990 2249 3071; baseline 0.002 -18"><span class='ocrx_word' id='word_1_206' title='bbox 698 2990 974 3063; x_wconf 80' lang='lat' dir='ltr'><strong>mnabitis,</strong></span> <span class='ocrx_word' id='word_1_207' title='bbox 1005 3000 1108 3069; x_wconf 90' lang='lat' dir='ltr'><strong>ipsi</strong></span> <span class='ocrx_word' id='word_1_208' title='bbox 1151 3008 1340 3054; x_wconf 87' lang='lat' dir='ltr'><strong>contra</strong></span> <span class='ocrx_word' id='word_1_209' title='bbox 1378 3015 1475 3054; x_wconf 83' lang='lat' dir='ltr'><strong>vos</strong></span> <span class='ocrx_word' id='word_1_210' title='bbox 1524 3000 1845 3052; x_wconf 88' lang='lat' dir='ltr'><strong>sententiam</strong></span> <span class='ocrx_word' id='word_1_211' title='bbox 1876 3000 2089 3068; x_wconf 86' lang='lat' dir='ltr'><strong>feretis;</strong></span> <span class='ocrx_word' id='word_1_212' title='bbox 2122 3010 2249 3071; x_wconf 87' lang='lat' dir='ltr'><strong>quia</strong></span> 
     </span>
    </p>
   </div>
   <div class='ocr_carea' id='block_1_32' title="bbox 659 3074 2247 3159">
    <p class='ocr_par' dir='ltr' id='par_1_32' title="bbox 659 3074 2247 3159">
     <span class='ocr_line' id='line_1_32' title="bbox 659 3074 2247 3159; baseline 0.003 -19"><span class='ocrx_word' id='word_1_213' title='bbox 659 3074 665 3080; x_wconf 88' lang='grc'><em>’</em></span> <span class='ocrx_word' id='word_1_214' title='bbox 699 3087 959 3144; x_wconf 81' lang='lat' dir='ltr'><strong>Dominus</strong></span> <span class='ocrx_word' id='word_1_215' title='bbox 1000 3090 1105 3144; x_wconf 86' lang='lat' dir='ltr'><strong>ait:</strong></span> <span class='ocrx_word' id='word_1_216' title='bbox 1136 3109 1153 3139; x_wconf 73' lang='grc' dir='ltr'><strong>ι</strong></span> <span class='ocrx_word' id='word_1_217' title='bbox 1183 3089 1298 3155; x_wconf 86' lang='lat' dir='ltr'><strong>Quo</strong></span> <span class='ocrx_word' id='word_1_218' title='bbox 1322 3089 1530 3158; x_wconf 89' lang='lat' dir='ltr'><strong>judicio</strong></span> <span class='ocrx_word' id='word_1_219' title='bbox 1563 3088 1954 3158; x_wconf 87' lang='lat' dir='ltr'><strong>judicavcritis,</strong></span> <span class='ocrx_word' id='word_1_220' title='bbox 1976 3090 2247 3159; x_wconf 69' lang='lat' dir='ltr'><strong>judicalii-</strong></span> 
     </span>
    </p>
   </div>
   <div class='ocr_carea' id='block_1_33' title="bbox 2368 615 3950 691">
    <p class='ocr_par' dir='ltr' id='par_1_33' title="bbox 2368 615 3950 691">
     <span class='ocr_line' id='line_1_33' title="bbox 2368 615 3950 691; baseline -0.008 -15"><span class='ocrx_word' id='word_1_221' title='bbox 2368 619 2440 687; x_wconf 78' lang='grc' dir='ltr'>φή</span> <span class='ocrx_word' id='word_1_222' title='bbox 2468 618 2534 649; x_wconf 72' lang='grc'><strong>⁸⁷⁸</strong></span> <span class='ocrx_word' id='word_1_223' title='bbox 2553 635 2567 649; x_wconf 87' lang='grc'><em>’</em></span> <span class='ocrx_word' id='word_1_224' title='bbox 2603 637 2621 670; x_wconf 76' lang='grc' dir='ltr'><strong>ι</strong></span> <span class='ocrx_word' id='word_1_225' title='bbox 2661 618 2930 691; x_wconf 80' lang='grc' dir='ltr'>Ἐξαρεϊτε</span> <span class='ocrx_word' id='word_1_226' title='bbox 2956 618 3062 689; x_wconf 83' lang='grc' dir='ltr'><strong>γὰρ</strong></span> <span class='ocrx_word' id='word_1_227' title='bbox 3080 617 3169 672; x_wconf 77' lang='grc' dir='ltr'>τὸν</span> <span class='ocrx_word' id='word_1_228' title='bbox 3185 617 3414 690; x_wconf 78' lang='grc' dir='ltr'>πονηρὸν</span> <span class='ocrx_word' id='word_1_229' title='bbox 3435 617 3491 682; x_wconf 77' lang='grc' dir='ltr'>ἐξ</span> <span class='ocrx_word' id='word_1_230' title='bbox 3513 616 3667 685; x_wconf 83' lang='grc' dir='ltr'>ὑμῶν</span> <span class='ocrx_word' id='word_1_231' title='bbox 3694 615 3950 669; x_wconf 69' lang='grc' dir='ltr'>αὐτῶν.»</span> 
     </span>
    </p>
   </div>
   <div class='ocr_carea' id='block_1_34' title="bbox 2366 705 3955 780">
    <p class='ocr_par' dir='ltr' id='par_1_34' title="bbox 2366 705 3955 780">
     <span class='ocr_line' id='line_1_34' title="bbox 2366 705 3955 780; baseline -0.002 -21"><span class='ocrx_word' id='word_1_232' title='bbox 2366 708 2502 761; x_wconf 79' lang='grc' dir='ltr'>Καί’</span> <span class='ocrx_word' id='word_1_233' title='bbox 2543 728 2563 762; x_wconf 72' lang='grc' dir='ltr'><strong>ι</strong></span> <span class='ocrx_word' id='word_1_234' title='bbox 2604 708 2860 773; x_wconf 80' lang='grc' dir='ltr'>Εὐλαόεἶς</span> <span class='ocrx_word' id='word_1_235' title='bbox 2888 712 3137 780; x_wconf 82' lang='grc' dir='ltr'><strong>ποιήσετε</strong></span> <span class='ocrx_word' id='word_1_236' title='bbox 3162 712 3284 773; x_wconf 79' lang='grc' dir='ltr'>τοὺς</span> <span class='ocrx_word' id='word_1_237' title='bbox 3312 711 3457 772; x_wconf 75' lang='grc' dir='ltr'>υἱοὺς</span> <span class='ocrx_word' id='word_1_238' title='bbox 3501 707 3753 779; x_wconf 76' lang='grc' dir='ltr'>Ἰσραήλ.</span> <span class='ocrx_word' id='word_1_239' title='bbox 3784 724 3807 757; x_wconf 75' lang='grc' dir='ltr'><strong>ι</strong></span> <span class='ocrx_word' id='word_1_240' title='bbox 3836 705 3955 758; x_wconf 70' lang='grc' dir='ltr'><strong>Καὶ</strong></span> 
     </span>
    </p>
   </div>
   <div class='ocr_carea' id='block_1_35' title="bbox 2368 799 3953 872">
    <p class='ocr_par' dir='ltr' id='par_1_35' title="bbox 2368 799 3953 872">
     <span class='ocr_line' id='line_1_35' title="bbox 2368 799 3953 872; baseline -0.004 -20"><span class='ocrx_word' id='word_1_241' title='bbox 2368 799 2559 853; x_wconf 71' lang='grc' dir='ltr'>πάλινο</span> <span class='ocrx_word' id='word_1_242' title='bbox 2595 819 2613 852; x_wconf 74' lang='grc' dir='ltr'><strong>ι</strong></span> <span class='ocrx_word' id='word_1_243' title='bbox 2651 800 2724 854; x_wconf 79' lang='grc' dir='ltr'><strong>Οὐ</strong></span> <span class='ocrx_word' id='word_1_244' title='bbox 2748 800 2889 871; x_wconf 77' lang='grc' dir='ltr'>λήψῃ</span> <span class='ocrx_word' id='word_1_245' title='bbox 2915 800 3484 872; x_wconf 76' lang='grc' dir='ltr'>πρόσωπονπλουσίου</span> <span class='ocrx_word' id='word_1_246' title='bbox 3518 800 3575 850; x_wconf 89' lang='grc' dir='ltr'><strong>ἐν</strong></span> <span class='ocrx_word' id='word_1_247' title='bbox 3607 799 3822 868; x_wconf 86' lang='grc' dir='ltr'>κρίσει,</span> <span class='ocrx_word' id='word_1_248' title='bbox 3854 799 3953 847; x_wconf 70' lang='grc' dir='ltr'>καὶ</span> 
     </span>
    </p>
   </div>
   <div class='ocr_carea' id='block_1_36' title="bbox 2367 886 3954 963">
    <p class='ocr_par' dir='ltr' id='par_1_36' title="bbox 2367 886 3954 963">
     <span class='ocr_line' id='line_1_36' title="bbox 2367 886 3954 963; baseline -0.003 -20"><span class='ocrx_word' id='word_1_249' title='bbox 2367 892 2568 961; x_wconf 84' lang='grc' dir='ltr'>πένητα</span> <span class='ocrx_word' id='word_1_250' title='bbox 2602 892 2701 946; x_wconf 79' lang='grc' dir='ltr'>οὐκ</span> <span class='ocrx_word' id='word_1_251' title='bbox 2726 893 2966 962; x_wconf 79' lang='grc' dir='ltr'>ὲλεήσεις</span> <span class='ocrx_word' id='word_1_252' title='bbox 2991 896 3047 947; x_wconf 88' lang='grc' dir='ltr'><strong>ἐν</strong></span> <span class='ocrx_word' id='word_1_253' title='bbox 3077 892 3274 963; x_wconf 84' lang='grc' dir='ltr'>κρίσει,</span> <span class='ocrx_word' id='word_1_254' title='bbox 3296 888 3484 945; x_wconf 81' lang='grc' dir='ltr'>ὄτιτοῦ</span> <span class='ocrx_word' id='word_1_255' title='bbox 3508 888 3720 960; x_wconf 80' lang='grc' dir='ltr'><strong>Κυρίου</strong></span> <span class='ocrx_word' id='word_1_256' title='bbox 3756 890 3795 957; x_wconf 84' lang='grc' dir='ltr'><strong>ή</strong></span> <span class='ocrx_word' id='word_1_257' title='bbox 3819 886 3954 959; x_wconf 84' lang='grc' dir='ltr'>κρί-</span> 
     </span>
    </p>
   </div>
   <div class='ocr_carea' id='block_1_37' title="bbox 2368 997 2533 1045">
    <p class='ocr_par' dir='ltr' id='par_1_37' title="bbox 2368 997 2533 1045">
     <span class='ocr_line' id='line_1_37' title="bbox 2368 997 2533 1045; baseline 0.006 -12"><span class='ocrx_word' id='word_1_258' title='bbox 2368 997 2469 1045; x_wconf 86' lang='grc' dir='ltr'>σις.</span> <span class='ocrx_word' id='word_1_259' title='bbox 2514 1001 2533 1034; x_wconf 75' lang='grc' dir='ltr'><strong>ι</strong></span> 
     </span>
    </p>
   </div>
   <div class='ocr_carea' id='block_1_38' title="bbox 2866 1092 3415 1146">
    <p class='ocr_par' dir='ltr' id='par_1_38' title="bbox 2866 1092 3415 1146">
     <span class='ocr_line' id='line_1_38' title="bbox 2866 1092 3415 1146; baseline 0.004 -3"><span class='ocrx_word' id='word_1_260' title='bbox 2866 1092 3258 1146; x_wconf 78' lang='grc' dir='ltr'><strong>ΚΕΦΑΛΑῘΟΝ</strong></span> <span class='ocrx_word' id='word_1_261' title='bbox 3286 1093 3415 1145; x_wconf 86' lang='lat' dir='ltr'><strong>MB&#39;.</strong></span> 
     </span>
    </p>
   </div>
   <div class='ocr_carea' id='block_1_39' title="bbox 2363 1180 3942 1254">
    <p class='ocr_par' dir='ltr' id='par_1_39' title="bbox 2363 1180 3942 1254">
     <span class='ocr_line' id='line_1_39' title="bbox 2363 1180 3942 1254; baseline 0 -20"><span class='ocrx_word' id='word_1_262' title='bbox 2363 1180 2489 1234; x_wconf 82' lang='grc' dir='ltr'><strong>ὀτι</strong></span> <span class='ocrx_word' id='word_1_263' title='bbox 2515 1180 2626 1250; x_wconf 78' lang='grc' dir='ltr'><strong>χρὴ</strong></span> <span class='ocrx_word' id='word_1_264' title='bbox 2656 1180 2767 1254; x_wconf 73' lang='grc'>(54)</span> <span class='ocrx_word' id='word_1_265' title='bbox 2792 1183 3350 1251; x_wconf 75' lang='grc' dir='ltr'>ἁπροσωπόληπτον</span> <span class='ocrx_word' id='word_1_266' title='bbox 3373 1182 3527 1235; x_wconf 75' lang='grc' dir='ltr'>εἶναι</span> <span class='ocrx_word' id='word_1_267' title='bbox 3558 1181 3663 1235; x_wconf 78' lang='grc' dir='ltr'><strong>τὸν</strong></span> <span class='ocrx_word' id='word_1_268' title='bbox 3689 1180 3942 1249; x_wconf 79' lang='grc' dir='ltr'>κριτήν.</span> 
     </span>
    </p>
   </div>
   <div class='ocr_carea' id='block_1_40' title="bbox 2440 1271 3946 1349">
    <p class='ocr_par' dir='ltr' id='par_1_40' title="bbox 2440 1271 3946 1349">
     <span class='ocr_line' id='line_1_40' title="bbox 2440 1271 3946 1349; baseline -0.002 -22"><span class='ocrx_word' id='word_1_269' title='bbox 2440 1273 2562 1327; x_wconf 84' lang='grc' dir='ltr'>Ἐὰν</span> <span class='ocrx_word' id='word_1_270' title='bbox 2604 1274 2661 1327; x_wconf 80' lang='grc' dir='ltr'>δὲ</span> <span class='ocrx_word' id='word_1_271' title='bbox 2701 1274 2899 1344; x_wconf 75' lang='grc' dir='ltr'>ψευδής</span> <span class='ocrx_word' id='word_1_272' title='bbox 2988 1277 3021 1344; x_wconf 88' lang='grc' dir='ltr'><strong>ή</strong></span> <span class='ocrx_word' id='word_1_273' title='bbox 3062 1274 3360 1345; x_wconf 81' lang='grc' dir='ltr'><strong>κατηγορία</strong></span> <span class='ocrx_word' id='word_1_274' title='bbox 3402 1274 3499 1344; x_wconf 82' lang='grc' dir='ltr'>τῆς</span> <span class='ocrx_word' id='word_1_275' title='bbox 3532 1273 3805 1343; x_wconf 75' lang='grc' dir='ltr'>διαϐολῆς,</span> <span class='ocrx_word' id='word_1_276' title='bbox 3843 1274 3946 1325; x_wconf 74' lang='grc' dir='ltr'>καὶ</span> 
     </span>
    </p>
   </div>
   <div class='ocr_carea' id='block_1_41' title="bbox 2357 1364 3947 1437">
    <p class='ocr_par' dir='ltr' id='par_1_41' title="bbox 2357 1364 3947 1437">
     <span class='ocr_line' id='line_1_41' title="bbox 2357 1364 3947 1437; baseline -0.003 -18"><span class='ocrx_word' id='word_1_277' title='bbox 2357 1366 2513 1435; x_wconf 81' lang='grc' dir='ltr'>ὑμεῖς</span> <span class='ocrx_word' id='word_1_278' title='bbox 2554 1367 2601 1419; x_wconf 83' lang='grc' dir='ltr'><strong>οί</strong></span> <span class='ocrx_word' id='word_1_279' title='bbox 2649 1367 2903 1437; x_wconf 83' lang='grc' dir='ltr'><strong>ποιμένες</strong></span> <span class='ocrx_word' id='word_1_280' title='bbox 2934 1370 3027 1421; x_wconf 83' lang='grc' dir='ltr'>σὺν</span> <span class='ocrx_word' id='word_1_281' title='bbox 3054 1369 3164 1429; x_wconf 86' lang='grc' dir='ltr'>τοῖς</span> <span class='ocrx_word' id='word_1_282' title='bbox 3218 1366 3479 1427; x_wconf 78' lang='grc' dir='ltr'><strong>διακόνοις</strong></span> <span class='ocrx_word' id='word_1_283' title='bbox 3507 1366 3617 1434; x_wconf 81' lang='lat'><strong>(-55)</strong></span> <span class='ocrx_word' id='word_1_284' title='bbox 3646 1366 3706 1418; x_wconf 77' lang='grc' dir='ltr'>τὸ</span> <span class='ocrx_word' id='word_1_285' title='bbox 3736 1364 3947 1433; x_wconf 74' lang='grc' dir='ltr'>ψεῦδος</span> 
     </span>
    </p>
   </div>
   <div class='ocr_carea' id='block_1_42' title="bbox 2354 1456 3945 1529">
    <p class='ocr_par' dir='ltr' id='par_1_42' title="bbox 2354 1456 3945 1529">
     <span class='ocr_line' id='line_1_42' title="bbox 2354 1456 3945 1529; baseline 0 -22"><span class='ocrx_word' id='word_1_286' title='bbox 2354 1457 2431 1519; x_wconf 77' lang='grc' dir='ltr'>ὡς</span> <span class='ocrx_word' id='word_1_287' title='bbox 2474 1457 2726 1528; x_wconf 84' lang='grc' dir='ltr'>ἀλήθειαν</span> <span class='ocrx_word' id='word_1_288' title='bbox 2774 1458 3163 1529; x_wconf 81' lang='grc' dir='ltr'>παραδέξησθε,</span> <span class='ocrx_word' id='word_1_289' title='bbox 3195 1457 3227 1528; x_wconf 80' lang='grc' dir='ltr'>ἢ</span> <span class='ocrx_word' id='word_1_290' title='bbox 3261 1457 3349 1510; x_wconf 78' lang='grc' dir='ltr'><strong>διὰ</strong></span> <span class='ocrx_word' id='word_1_291' title='bbox 3382 1456 3873 1527; x_wconf 65' lang='grc' dir='ltr'>προσωποληψίαν,</span> <span class='ocrx_word' id='word_1_292' title='bbox 3908 1456 3945 1523; x_wconf 80' lang='grc' dir='ltr'><strong>ἦ</strong></span> 
     </span>
    </p>
   </div>
   <div class='ocr_carea' id='block_1_43' title="bbox 2354 1545 3946 1620">
    <p class='ocr_par' dir='ltr' id='par_1_43' title="bbox 2354 1545 3946 1620">
     <span class='ocr_line' id='line_1_43' title="bbox 2354 1545 3946 1620; baseline -0.001 -22"><span class='ocrx_word' id='word_1_293' title='bbox 2354 1545 2440 1600; x_wconf 76' lang='grc' dir='ltr'><strong>διὰ</strong></span> <span class='ocrx_word' id='word_1_294' title='bbox 2473 1547 2657 1619; x_wconf 84' lang='grc' dir='ltr'><strong>δώρων</strong></span> <span class='ocrx_word' id='word_1_295' title='bbox 2686 1549 3002 1620; x_wconf 77' lang='grc' dir='ltr'>ἐξαλλαγήν,</span> <span class='ocrx_word' id='word_1_296' title='bbox 3036 1548 3338 1619; x_wconf 73' lang='grc' dir='ltr'>βουλόμενοι</span> <span class='ocrx_word' id='word_1_297' title='bbox 3367 1549 3425 1600; x_wconf 83' lang='grc' dir='ltr'>τὸ</span> <span class='ocrx_word' id='word_1_298' title='bbox 3452 1547 3678 1618; x_wconf 81' lang='grc' dir='ltr'>ἀρεστὸν</span> <span class='ocrx_word' id='word_1_299' title='bbox 3708 1547 3791 1617; x_wconf 84' lang='grc' dir='ltr'>τῷ</span> <span class='ocrx_word' id='word_1_300' title='bbox 3817 1547 3946 1598; x_wconf 83' lang='grc' dir='ltr'>δια-</span> 
     </span>
    </p>
   </div>
   <div class='ocr_carea' id='block_1_44' title="bbox 2353 1637 3941 1712">
    <p class='ocr_par' dir='ltr' id='par_1_44' title="bbox 2353 1637 3941 1712">
     <span class='ocr_line' id='line_1_44' title="bbox 2353 1637 3941 1712; baseline 0 -23"><span class='ocrx_word' id='word_1_301' title='bbox 2353 1637 2493 1710; x_wconf 73' lang='grc' dir='ltr'>ϐόλῳ</span> <span class='ocrx_word' id='word_1_302' title='bbox 2538 1643 2728 1703; x_wconf 79' lang='grc' dir='ltr'>ποιεῖν,</span> <span class='ocrx_word' id='word_1_303' title='bbox 2758 1640 2846 1693; x_wconf 81' lang='grc' dir='ltr'>τὸν</span> <span class='ocrx_word' id='word_1_304' title='bbox 2875 1641 3337 1712; x_wconf 80' lang='grc' dir='ltr'><strong>κατηγορούμενον</strong></span> <span class='ocrx_word' id='word_1_305' title='bbox 3377 1641 3493 1709; x_wconf 83' lang='grc' dir='ltr'>μὲν,</span> <span class='ocrx_word' id='word_1_306' title='bbox 3526 1638 3852 1709; x_wconf 79' lang='grc' dir='ltr'>ὑπάρχοντα</span> <span class='ocrx_word' id='word_1_307' title='bbox 3881 1638 3941 1689; x_wconf 74' lang='grc' dir='ltr'>δὲ</span> 
     </span>
    </p>
   </div>
   <div class='ocr_carea' id='block_1_45' title="bbox 2355 1720 3935 1803">
    <p class='ocr_par' dir='ltr' id='par_1_45' title="bbox 2355 1720 3935 1803">
     <span class='ocr_line' id='line_1_45' title="bbox 2355 1720 3935 1803; baseline 0.006 -23"><span class='ocrx_word' id='word_1_308' title='bbox 2355 1728 2449 1780; x_wconf 81' lang='grc' dir='ltr'><strong>τοῦ</strong></span> <span class='ocrx_word' id='word_1_309' title='bbox 2479 1720 2817 1801; x_wconf 76' lang='grc' dir='ltr'>ἐγκλήματος</span> <span class='ocrx_word' id='word_1_310' title='bbox 2844 1731 3137 1803; x_wconf 79' lang='grc' dir='ltr'>ἀλλότριον,</span> <span class='ocrx_word' id='word_1_311' title='bbox 3159 1727 3553 1802; x_wconf 83' lang='grc' dir='ltr'>ἀπὼσησθετῆς</span> <span class='ocrx_word' id='word_1_312' title='bbox 3573 1725 3935 1798; x_wconf 75' lang='grc' dir='ltr'>Ἐκκλησίαςο</span> 
     </span>
    </p>
   </div>
   <div class='ocr_carea' id='block_1_46' title="bbox 2355 1817 3934 1893">
    <p class='ocr_par' dir='ltr' id='par_1_46' title="bbox 2355 1817 3934 1893">
     <span class='ocr_line' id='line_1_46' title="bbox 2355 1817 3934 1893; baseline 0.001 -24"><span class='ocrx_word' id='word_1_313' title='bbox 2355 1817 2507 1886; x_wconf 89' lang='grc' dir='ltr'>λόγον</span> <span class='ocrx_word' id='word_1_314' title='bbox 2548 1819 2768 1887; x_wconf 82' lang='grc' dir='ltr'>ὑφέξετε</span> <span class='ocrx_word' id='word_1_315' title='bbox 2810 1822 2867 1872; x_wconf 87' lang='grc' dir='ltr'><strong>ἐν</strong></span> <span class='ocrx_word' id='word_1_316' title='bbox 2910 1825 2976 1892; x_wconf 83' lang='grc' dir='ltr'>τῇ</span> <span class='ocrx_word' id='word_1_317' title='bbox 3006 1823 3183 1893; x_wconf 78' lang='grc' dir='ltr'>ήμέρᾳ</span> <span class='ocrx_word' id='word_1_318' title='bbox 3227 1819 3447 1891; x_wconf 77' lang='grc' dir='ltr'><strong>Κυρίου·</strong></span> <span class='ocrx_word' id='word_1_319' title='bbox 3480 1820 3559 1872; x_wconf 84' lang='grc' dir='ltr'>ὄτι</span> <span class='ocrx_word' id='word_1_320' title='bbox 3586 1820 3934 1889; x_wconf 70' lang='grc' dir='ltr'><strong>γέγραπται⁸</strong></span> 
     </span>
    </p>
   </div>
   <div class='ocr_carea' id='block_1_47' title="bbox 2362 1909 3935 1980">
    <p class='ocr_par' dir='ltr' id='par_1_47' title="bbox 2362 1909 3935 1980">
     <span class='ocr_line' id='line_1_47' title="bbox 2362 1909 3935 1980; baseline 0 -20"><span class='ocrx_word' id='word_1_321' title='bbox 2362 1927 2380 1959; x_wconf 79' lang='grc' dir='ltr'><strong>ι</strong></span> <span class='ocrx_word' id='word_1_322' title='bbox 2404 1909 2598 1962; x_wconf 84' lang='grc' dir='ltr'>Ἀθῶον</span> <span class='ocrx_word' id='word_1_323' title='bbox 2626 1911 2719 1962; x_wconf 75' lang='grc' dir='ltr'>καὶ</span> <span class='ocrx_word' id='word_1_324' title='bbox 2746 1910 2947 1968; x_wconf 90' lang='grc' dir='ltr'>δίκαιον</span> <span class='ocrx_word' id='word_1_325' title='bbox 2990 1913 3089 1964; x_wconf 80' lang='grc' dir='ltr'>οὐκ</span> <span class='ocrx_word' id='word_1_326' title='bbox 3133 1912 3461 1972; x_wconf 81' lang='grc' dir='ltr'><strong>ἀποκτενεῖς·</strong></span> <span class='ocrx_word' id='word_1_327' title='bbox 3492 1912 3552 1962; x_wconf 79' lang='grc' dir='ltr'>οὑ</span> <span class='ocrx_word' id='word_1_328' title='bbox 3580 1910 3722 1980; x_wconf 72' lang='grc' dir='ltr'>λήψῃ</span> <span class='ocrx_word' id='word_1_329' title='bbox 3753 1909 3935 1980; x_wconf 77' lang='grc' dir='ltr'>δῶρα,</span> 
     </span>
    </p>
   </div>
   <div class='ocr_carea' id='block_1_48' title="bbox 2359 2000 3936 2073">
    <p class='ocr_par' dir='ltr' id='par_1_48' title="bbox 2359 2000 3936 2073">
     <span class='ocr_line' id='line_1_48' title="bbox 2359 2000 3936 2073; baseline 0 -21"><span class='ocrx_word' id='word_1_330' title='bbox 2359 2000 2587 2065; x_wconf 78' lang='grc' dir='ltr'><strong>πατάξαι</strong></span> <span class='ocrx_word' id='word_1_331' title='bbox 2639 2001 2832 2073; x_wconf 74' lang='grc' dir='ltr'>ψυχήν-</span> <span class='ocrx_word' id='word_1_332' title='bbox 2887 2001 2957 2054; x_wconf 84' lang='grc' dir='ltr'><strong>τὰ</strong></span> <span class='ocrx_word' id='word_1_333' title='bbox 3000 2001 3106 2073; x_wconf 79' lang='grc' dir='ltr'><strong>γὰρ</strong></span> <span class='ocrx_word' id='word_1_334' title='bbox 3150 2002 3294 2072; x_wconf 80' lang='grc' dir='ltr'>δῶρα</span> <span class='ocrx_word' id='word_1_335' title='bbox 3339 2001 3589 2069; x_wconf 74' lang='grc' dir='ltr'>ἐκτυφλοῖ</span> <span class='ocrx_word' id='word_1_336' title='bbox 3613 2000 3936 2068; x_wconf 67' lang='grc' dir='ltr'>ὀφθαλμοὺς</span> 
     </span>
    </p>
   </div>
   <div class='ocr_carea' id='block_1_49' title="bbox 2358 2090 3929 2163">
    <p class='ocr_par' dir='ltr' id='par_1_49' title="bbox 2358 2090 3929 2163">
     <span class='ocr_line' id='line_1_49' title="bbox 2358 2090 3929 2163; baseline -0.001 -20"><span class='ocrx_word' id='word_1_337' title='bbox 2358 2091 2554 2159; x_wconf 81' lang='grc' dir='ltr'>σοφῶν,</span> <span class='ocrx_word' id='word_1_338' title='bbox 2585 2094 2675 2144; x_wconf 76' lang='grc' dir='ltr'>καὶ</span> <span class='ocrx_word' id='word_1_339' title='bbox 2700 2092 3012 2163; x_wconf 80' lang='grc' dir='ltr'><strong>λυμαίνεται</strong></span> <span class='ocrx_word' id='word_1_340' title='bbox 3044 2095 3257 2163; x_wconf 81' lang='grc' dir='ltr'>ῥήματα</span> <span class='ocrx_word' id='word_1_341' title='bbox 3284 2091 3523 2144; x_wconf 86' lang='grc' dir='ltr'>δικαίων.</span> <span class='ocrx_word' id='word_1_342' title='bbox 3556 2112 3574 2143; x_wconf 83' lang='grc' dir='ltr'><strong>ι</strong></span> <span class='ocrx_word' id='word_1_343' title='bbox 3608 2092 3717 2143; x_wconf 71' lang='grc' dir='ltr'>Καὶ</span> <span class='ocrx_word' id='word_1_344' title='bbox 3736 2090 3929 2142; x_wconf 70' lang='grc' dir='ltr'>πάλιν·</span> 
     </span>
    </p>
   </div>
   <div class='ocr_carea' id='block_1_50' title="bbox 2359 2180 3933 2253">
    <p class='ocr_par' dir='ltr' id='par_1_50' title="bbox 2359 2180 3933 2253">
     <span class='ocr_line' id='line_1_50' title="bbox 2359 2180 3933 2253; baseline -0.001 -21"><span class='ocrx_word' id='word_1_345' title='bbox 2359 2200 2378 2231; x_wconf 73' lang='grc' dir='ltr'><strong>ι</strong></span> <span class='ocrx_word' id='word_1_346' title='bbox 2431 2183 2493 2234; x_wconf 83' lang='grc' dir='ltr'><strong>Οί</strong></span> <span class='ocrx_word' id='word_1_347' title='bbox 2536 2181 2864 2244; x_wconf 80' lang='grc' dir='ltr'>δικαιοῦντες</span> <span class='ocrx_word' id='word_1_348' title='bbox 2891 2183 2981 2235; x_wconf 85' lang='grc' dir='ltr'>τὸν</span> <span class='ocrx_word' id='word_1_349' title='bbox 3018 2182 3185 2253; x_wconf 80' lang='grc' dir='ltr'>ἀσεϐῆ</span> <span class='ocrx_word' id='word_1_350' title='bbox 3242 2182 3423 2235; x_wconf 71' lang='grc' dir='ltr'>ἕνεκεν</span> <span class='ocrx_word' id='word_1_351' title='bbox 3474 2181 3679 2252; x_wconf 82' lang='grc' dir='ltr'>δώρων,</span> <span class='ocrx_word' id='word_1_352' title='bbox 3712 2182 3808 2233; x_wconf 68' lang='grc' dir='ltr'>καὶ</span> <span class='ocrx_word' id='word_1_353' title='bbox 3869 2180 3933 2231; x_wconf 74' lang='grc' dir='ltr'>τὸ</span> 
     </span>
    </p>
   </div>
   <div class='ocr_carea' id='block_1_51' title="bbox 2351 2267 3930 2346">
    <p class='ocr_par' dir='ltr' id='par_1_51' title="bbox 2351 2267 3930 2346">
     <span class='ocr_line' id='line_1_51' title="bbox 2351 2267 3930 2346; baseline -0.001 -24"><span class='ocrx_word' id='word_1_354' title='bbox 2351 2270 2552 2323; x_wconf 87' lang='grc' dir='ltr'>δίκαιον</span> <span class='ocrx_word' id='word_1_355' title='bbox 2594 2271 2686 2324; x_wconf 79' lang='grc' dir='ltr'>τοῦ</span> <span class='ocrx_word' id='word_1_356' title='bbox 2732 2271 2937 2324; x_wconf 76' lang='grc' dir='ltr'>δικαίου</span> <span class='ocrx_word' id='word_1_357' title='bbox 2984 2274 3243 2343; x_wconf 75' lang='grc' dir='ltr'>αἴροντες.</span> <span class='ocrx_word' id='word_1_358' title='bbox 3285 2291 3303 2323; x_wconf 76' lang='grc' dir='ltr'><strong>ι</strong></span> <span class='ocrx_word' id='word_1_359' title='bbox 3339 2273 3634 2343; x_wconf 84' lang='grc' dir='ltr'>Προσέχετε</span> <span class='ocrx_word' id='word_1_360' title='bbox 3662 2271 3775 2341; x_wconf 80' lang='grc'>(56)</span> <span class='ocrx_word' id='word_1_361' title='bbox 3805 2267 3930 2346; x_wconf 76' lang='grc' dir='ltr'>οὖν,</span> 
     </span>
    </p>
   </div>
   <div class='ocr_carea' id='block_1_52' title="bbox 2356 2362 3931 2433">
    <p class='ocr_par' dir='ltr' id='par_1_52' title="bbox 2356 2362 3931 2433">
     <span class='ocr_line' id='line_1_52' title="bbox 2356 2362 3931 2433; baseline -0.003 -20"><span class='ocrx_word' id='word_1_362' title='bbox 2356 2362 2547 2432; x_wconf 81' lang='grc' dir='ltr'>μήπως</span> <span class='ocrx_word' id='word_1_363' title='bbox 2575 2363 3037 2433; x_wconf 83' lang='grc' dir='ltr'>προσωπολῆπται</span> <span class='ocrx_word' id='word_1_364' title='bbox 3066 2363 3339 2432; x_wconf 89' lang='grc' dir='ltr'>γενόμενοι</span> <span class='ocrx_word' id='word_1_365' title='bbox 3370 2364 3681 2432; x_wconf 78' lang='grc' dir='ltr'>ὑποπέσητε</span> <span class='ocrx_word' id='word_1_366' title='bbox 3707 2365 3776 2431; x_wconf 78' lang='grc' dir='ltr'>τῇ</span> <span class='ocrx_word' id='word_1_367' title='bbox 3809 2378 3931 2429; x_wconf 69' lang='grc' dir='ltr'>φω-</span> 
     </span>
    </p>
   </div>
   <div class='ocr_carea' id='block_1_53' title="bbox 2350 2451 3933 2525">
    <p class='ocr_par' dir='ltr' id='par_1_53' title="bbox 2350 2451 3933 2525">
     <span class='ocr_line' id='line_1_53' title="bbox 2350 2451 3933 2525; baseline 0 -21"><span class='ocrx_word' id='word_1_368' title='bbox 2350 2456 2416 2523; x_wconf 82' lang='grc' dir='ltr'><strong>νῇ</strong></span> <span class='ocrx_word' id='word_1_369' title='bbox 2445 2453 2536 2505; x_wconf 79' lang='grc' dir='ltr'>τοῦ</span> <span class='ocrx_word' id='word_1_370' title='bbox 2567 2453 2769 2525; x_wconf 84' lang='grc' dir='ltr'>Κυρίου</span> <span class='ocrx_word' id='word_1_371' title='bbox 2798 2456 2991 2525; x_wconf 76' lang='grc' dir='ltr'>ταύτῃ.</span> <span class='ocrx_word' id='word_1_372' title='bbox 3025 2453 3361 2508; x_wconf 80' lang='grc' dir='ltr'>Φυλάσσεσθε</span> <span class='ocrx_word' id='word_1_373' title='bbox 3408 2451 3500 2506; x_wconf 78' lang='grc' dir='ltr'>οὖν</span> <span class='ocrx_word' id='word_1_374' title='bbox 3552 2454 3612 2506; x_wconf 81' lang='grc' dir='ltr'>τὸ</span> <span class='ocrx_word' id='word_1_375' title='bbox 3666 2452 3933 2521; x_wconf 76' lang='grc' dir='ltr'>κατακρί-</span> 
     </span>
    </p>
   </div>
   <div class='ocr_carea' id='block_1_54' title="bbox 2352 2545 3925 2618">
    <p class='ocr_par' dir='ltr' id='par_1_54' title="bbox 2352 2545 3925 2618">
     <span class='ocr_line' id='line_1_54' title="bbox 2352 2545 3925 2618; baseline 0 -22"><span class='ocrx_word' id='word_1_376' title='bbox 2352 2561 2460 2597; x_wconf 83' lang='grc' dir='ltr'>νειν</span> <span class='ocrx_word' id='word_1_377' title='bbox 2509 2545 2661 2607; x_wconf 82' lang='grc' dir='ltr'>τινὰς</span> <span class='ocrx_word' id='word_1_378' title='bbox 2714 2546 2930 2609; x_wconf 82' lang='grc' dir='ltr'>ἀδίκως,</span> <span class='ocrx_word' id='word_1_379' title='bbox 2960 2547 3051 2598; x_wconf 69' lang='grc' dir='ltr'>καὶ</span> <span class='ocrx_word' id='word_1_380' title='bbox 3112 2550 3424 2618; x_wconf 85' lang='grc' dir='ltr'>συνηγορεῖν</span> <span class='ocrx_word' id='word_1_381' title='bbox 3479 2549 3587 2609; x_wconf 83' lang='grc' dir='ltr'>τοῖς</span> <span class='ocrx_word' id='word_1_382' title='bbox 3642 2549 3925 2617; x_wconf 75' lang='grc' dir='ltr'>πονηροῖς.</span> 
     </span>
    </p>
   </div>
   <div class='ocr_carea' id='block_1_55' title="bbox 2357 2634 3928 2709">
    <p class='ocr_par' dir='ltr' id='par_1_55' title="bbox 2357 2634 3928 2709">
     <span class='ocr_line' id='line_1_55' title="bbox 2357 2634 3928 2709; baseline 0.003 -23"><span class='ocrx_word' id='word_1_383' title='bbox 2357 2653 2376 2685; x_wconf 73' lang='grc' dir='ltr'><strong>ι</strong></span> <span class='ocrx_word' id='word_1_384' title='bbox 2412 2634 2545 2688; x_wconf 78' lang='grc' dir='ltr'><strong>Οὐαὶ</strong></span> <span class='ocrx_word' id='word_1_385' title='bbox 2572 2636 2680 2705; x_wconf 78' lang='grc' dir='ltr'><strong>γὰρ</strong></span> <span class='ocrx_word' id='word_1_386' title='bbox 2718 2636 2794 2705; x_wconf 85' lang='grc' dir='ltr'>τῷ</span> <span class='ocrx_word' id='word_1_387' title='bbox 2821 2636 3026 2704; x_wconf 87' lang='grc' dir='ltr'>λέγοντι</span> <span class='ocrx_word' id='word_1_388' title='bbox 3053 2638 3113 2690; x_wconf 83' lang='grc' dir='ltr'>τὸ</span> <span class='ocrx_word' id='word_1_389' title='bbox 3138 2639 3368 2709; x_wconf 80' lang='grc' dir='ltr'>πονηρὸν</span> <span class='ocrx_word' id='word_1_390' title='bbox 3404 2639 3583 2700; x_wconf 82' lang='grc' dir='ltr'>καλὸν,</span> <span class='ocrx_word' id='word_1_391' title='bbox 3614 2640 3706 2691; x_wconf 75' lang='grc' dir='ltr'><strong>καὶ</strong></span> <span class='ocrx_word' id='word_1_392' title='bbox 3733 2639 3795 2690; x_wconf 80' lang='grc' dir='ltr'><strong>τὸ</strong></span> <span class='ocrx_word' id='word_1_393' title='bbox 3824 2656 3928 2690; x_wconf 80' lang='grc' dir='ltr'>κα-</span> 
     </span>
    </p>
   </div>
   <div class='ocr_carea' id='block_1_56' title="bbox 2351 2725 3921 2797">
    <p class='ocr_par' dir='ltr' id='par_1_56' title="bbox 2351 2725 3921 2797">
     <span class='ocr_line' id='line_1_56' title="bbox 2351 2725 3921 2797; baseline 0.001 -20"><span class='ocrx_word' id='word_1_394' title='bbox 2351 2725 2438 2778; x_wconf 82' lang='grc' dir='ltr'>λὸν</span> <span class='ocrx_word' id='word_1_395' title='bbox 2468 2725 2718 2795; x_wconf 77' lang='grc' dir='ltr'>πονηρὸν,</span> <span class='ocrx_word' id='word_1_396' title='bbox 2748 2727 2807 2777; x_wconf 85' lang='grc' dir='ltr'>τὸ</span> <span class='ocrx_word' id='word_1_397' title='bbox 2851 2727 3042 2797; x_wconf 79' lang='grc' dir='ltr'>πικρὸν</span> <span class='ocrx_word' id='word_1_398' title='bbox 3072 2728 3263 2794; x_wconf 83' lang='grc' dir='ltr'>γλυκὺ,</span> <span class='ocrx_word' id='word_1_399' title='bbox 3294 2729 3386 2781; x_wconf 73' lang='grc' dir='ltr'>καὶ</span> <span class='ocrx_word' id='word_1_400' title='bbox 3414 2729 3473 2780; x_wconf 81' lang='grc' dir='ltr'>τὸ</span> <span class='ocrx_word' id='word_1_401' title='bbox 3498 2728 3668 2795; x_wconf 77' lang='grc' dir='ltr'>γλυκὺ</span> <span class='ocrx_word' id='word_1_402' title='bbox 3698 2729 3921 2797; x_wconf 63' lang='grc' dir='ltr'>πικρζν,</span> 
     </span>
    </p>
   </div>
   <div class='ocr_carea' id='block_1_57' title="bbox 2340 2815 3915 2887">
    <p class='ocr_par' dir='ltr' id='par_1_57' title="bbox 2340 2815 3915 2887">
     <span class='ocr_line' id='line_1_57' title="bbox 2340 2815 3915 2887; baseline 0.002 -20"><span class='ocrx_word' id='word_1_403' title='bbox 2340 2815 2427 2885; x_wconf 80' lang='grc' dir='ltr'>τῷ</span> <span class='ocrx_word' id='word_1_404' title='bbox 2478 2816 2676 2870; x_wconf 79' lang='grc' dir='ltr'>τιθέντι</span> <span class='ocrx_word' id='word_1_405' title='bbox 2726 2818 2787 2871; x_wconf 80' lang='grc' dir='ltr'>τὸ</span> <span class='ocrx_word' id='word_1_406' title='bbox 2839 2818 2951 2885; x_wconf 82' lang='grc' dir='ltr'>φῶς</span> <span class='ocrx_word' id='word_1_407' title='bbox 3008 2820 3211 2882; x_wconf 83' lang='grc' dir='ltr'>σκότος,</span> <span class='ocrx_word' id='word_1_408' title='bbox 3244 2820 3335 2872; x_wconf 71' lang='grc' dir='ltr'><strong>καὶ</strong></span> <span class='ocrx_word' id='word_1_409' title='bbox 3376 2820 3436 2871; x_wconf 80' lang='grc' dir='ltr'>τὸ</span> <span class='ocrx_word' id='word_1_410' title='bbox 3480 2819 3671 2882; x_wconf 82' lang='grc' dir='ltr'>σκότος</span> <span class='ocrx_word' id='word_1_411' title='bbox 3717 2820 3855 2887; x_wconf 79' lang='grc' dir='ltr'>φῶς.</span> <span class='ocrx_word' id='word_1_412' title='bbox 3897 2838 3915 2870; x_wconf 77' lang='lat' dir='ltr'><strong>r</strong></span> 
     </span>
    </p>
   </div>
   <div class='ocr_carea' id='block_1_58' title="bbox 2363 2907 3921 2979">
    <p class='ocr_par' dir='ltr' id='par_1_58' title="bbox 2363 2907 3921 2979">
     <span class='ocr_line' id='line_1_58' title="bbox 2363 2907 3921 2979; baseline 0 -20"><span class='ocrx_word' id='word_1_413' title='bbox 2363 2907 2486 2961; x_wconf 78' lang='grc' dir='ltr'>Ἐὰν</span> <span class='ocrx_word' id='word_1_414' title='bbox 2506 2908 2614 2979; x_wconf 78' lang='grc'>(57)</span> <span class='ocrx_word' id='word_1_415' title='bbox 2643 2908 2749 2979; x_wconf 79' lang='grc' dir='ltr'><strong>γὰρ</strong></span> <span class='ocrx_word' id='word_1_416' title='bbox 2778 2910 2991 2979; x_wconf 85' lang='grc' dir='ltr'>ἐτέρους</span> <span class='ocrx_word' id='word_1_417' title='bbox 3018 2908 3215 2971; x_wconf 77' lang='grc' dir='ltr'>ἀδίκως</span> <span class='ocrx_word' id='word_1_418' title='bbox 3245 2909 3622 2979; x_wconf 79' lang='grc' dir='ltr'>κατακρίνητε,</span> <span class='ocrx_word' id='word_1_419' title='bbox 3654 2909 3773 2961; x_wconf 78' lang='grc' dir='ltr'>καθ’</span> <span class='ocrx_word' id='word_1_420' title='bbox 3796 2910 3921 2960; x_wconf 78' lang='grc' dir='ltr'>ἐαυ-</span> 
     </span>
    </p>
   </div>
   <div class='ocr_carea' id='block_1_59' title="bbox 2349 2995 3918 3079">
    <p class='ocr_par' dir='ltr' id='par_1_59' title="bbox 2349 2995 3918 3079">
     <span class='ocr_line' id='line_1_59' title="bbox 2349 2995 3918 3079; baseline 0.001 -28"><span class='ocrx_word' id='word_1_421' title='bbox 2349 2998 2456 3051; x_wconf 86' lang='grc' dir='ltr'>τῶν</span> <span class='ocrx_word' id='word_1_422' title='bbox 2507 2999 2883 3066; x_wconf 81' lang='grc' dir='ltr'>ἀποφαίνεσθε·</span> <span class='ocrx_word' id='word_1_423' title='bbox 2934 3001 3012 3051; x_wconf 83' lang='grc' dir='ltr'>ὃτι</span> <span class='ocrx_word' id='word_1_424' title='bbox 3057 3000 3201 3067; x_wconf 83' lang='grc' dir='ltr'>λέγει</span> <span class='ocrx_word' id='word_1_425' title='bbox 3258 3000 3474 3071; x_wconf 80' lang='grc' dir='ltr'>Κύριος·</span> <span class='ocrx_word' id='word_1_426' title='bbox 3514 3019 3531 3050; x_wconf 74' lang='grc' dir='ltr'><strong>ι</strong></span> <span class='ocrx_word' id='word_1_427' title='bbox 3568 2995 3639 3070; x_wconf 71' lang='grc' dir='ltr'><strong>⁷ῼ</strong></span> <span class='ocrx_word' id='word_1_428' title='bbox 3686 3000 3918 3079; x_wconf 75' lang='grc' dir='ltr'>κρίματι</span> 
     </span>
    </p>
   </div>
   <div class='ocr_carea' id='block_1_60' title="bbox 2350 3086 3917 3162">
    <p class='ocr_par' dir='ltr' id='par_1_60' title="bbox 2350 3086 3917 3162">
     <span class='ocr_line' id='line_1_60' title="bbox 2350 3086 3917 3162; baseline 0.001 -20"><span class='ocrx_word' id='word_1_429' title='bbox 2350 3090 2580 3160; x_wconf 85' lang='grc' dir='ltr'>κρίνετε,</span> <span class='ocrx_word' id='word_1_430' title='bbox 2611 3090 2951 3162; x_wconf 84' lang='grc' dir='ltr'>κριθήσεσθε,</span> <span class='ocrx_word' id='word_1_431' title='bbox 2983 3093 3075 3143; x_wconf 78' lang='grc' dir='ltr'>καὶ</span> <span class='ocrx_word' id='word_1_432' title='bbox 3191 3091 3593 3154; x_wconf 75' lang='grc' dir='ltr'>καταδικάζετε,</span> <span class='ocrx_word' id='word_1_433' title='bbox 3626 3092 3917 3144; x_wconf 81' lang='grc' dir='ltr'>καταδικα-</span> 
     </span>
    </p>
   </div>
   <div class='ocr_carea' id='block_1_61' title="bbox 698 3177 2250 3253">
    <p class='ocr_par' dir='ltr' id='par_1_61' title="bbox 698 3179 2242 3250">
     <span class='ocr_line' id='line_1_61' title="bbox 698 3179 2242 3250; baseline 0 -17"><span class='ocrx_word' id='word_1_434' title='bbox 698 3180 919 3242; x_wconf 85' lang='lat' dir='ltr'><strong>mini,et</strong></span> <span class='ocrx_word' id='word_1_435' title='bbox 941 3195 1048 3250; x_wconf 88' lang='lat' dir='ltr'><strong>quo</strong></span> <span class='ocrx_word' id='word_1_436' title='bbox 1088 3180 1594 3245; x_wconf 86' lang='lat' dir='ltr'><strong>condemnaveritis,</strong></span> <span class='ocrx_word' id='word_1_437' title='bbox 1625 3179 2192 3237; x_wconf 77' lang='lat' dir='ltr'><strong>condemnabimini“.</strong></span> <span class='ocrx_word' id='word_1_438' title='bbox 2225 3202 2242 3233; x_wconf 79' lang='grc' dir='ltr'><strong>ι</strong></span> 
     </span>
    </p>
   </div>
   <div class='ocr_carea' id='block_1_62' title="bbox 2353 3177 3914 3253">
    <p class='ocr_par' dir='ltr' id='par_1_62' title="bbox 2354 3177 3914 3253">
     <span class='ocr_line' id='line_1_62' title="bbox 2354 3177 3914 3253; baseline 0.001 -20"><span class='ocrx_word' id='word_1_439' title='bbox 2354 3180 2639 3251; x_wconf 86' lang='grc' dir='ltr'>σθήσεσθε.</span> <span class='ocrx_word' id='word_1_440' title='bbox 2681 3200 2699 3232; x_wconf 77' lang='grc' dir='ltr'><strong>ι</strong></span> <span class='ocrx_word' id='word_1_441' title='bbox 2733 3182 2796 3233; x_wconf 75' lang='lat' dir='ltr'><strong>Ei</strong></span> <span class='ocrx_word' id='word_1_442' title='bbox 2846 3177 2937 3233; x_wconf 77' lang='grc' dir='ltr'><strong>οὖν</strong></span> <span class='ocrx_word' id='word_1_443' title='bbox 2978 3181 3488 3252; x_wconf 85' lang='grc' dir='ltr'>ἀπροσωπολήπτως</span> <span class='ocrx_word' id='word_1_444' title='bbox 3532 3182 3761 3253; x_wconf 79' lang='grc' dir='ltr'>κρίνετε,</span> <span class='ocrx_word' id='word_1_445' title='bbox 3791 3184 3914 3234; x_wconf 83' lang='grc' dir='ltr'>ἐπι-</span> 
     </span>
    </p>
   </div>
   <div class='ocr_carea' id='block_1_63' title="bbox 697 3268 2243 3339">
    <p class='ocr_par' dir='ltr' id='par_1_63' title="bbox 697 3268 2243 3339">
     <span class='ocr_line' id='line_1_63' title="bbox 697 3268 2243 3339; baseline 0.003 -18"><span class='ocrx_word' id='word_1_446' title='bbox 697 3269 742 3299; x_wconf 83' lang='grc'><strong>⁶⁵</strong></span> <span class='ocrx_word' id='word_1_447' title='bbox 761 3268 900 3339; x_wconf 77' lang='lat' dir='ltr'><strong>Ergo</strong></span> <span class='ocrx_word' id='word_1_448' title='bbox 929 3270 975 3323; x_wconf 90' lang='lat' dir='ltr'><strong>si</strong></span> <span class='ocrx_word' id='word_1_449' title='bbox 1019 3270 1221 3338; x_wconf 86' lang='lat' dir='ltr'><strong>absque</strong></span> <span class='ocrx_word' id='word_1_450' title='bbox 1248 3284 1600 3337; x_wconf 78' lang='lat' dir='ltr'><strong>personarum</strong></span> <span class='ocrx_word' id='word_1_451' title='bbox 1631 3270 1941 3339; x_wconf 83' lang='lat' dir='ltr'><strong>acceptione</strong></span> <span class='ocrx_word' id='word_1_452' title='bbox 1965 3271 2243 3339; x_wconf 83' lang='lat' dir='ltr'><strong>judicatis,</strong></span> 
     </span>
    </p>
   </div>
   <div class='ocr_carea' id='block_1_64' title="bbox 697 3360 2243 3430">
    <p class='ocr_par' dir='ltr' id='par_1_64' title="bbox 697 3360 2243 3430">
     <span class='ocr_line' id='line_1_64' title="bbox 697 3360 2243 3430; baseline 0.003 -18"><span class='ocrx_word' id='word_1_453' title='bbox 697 3360 999 3430; x_wconf 81' lang='lat' dir='ltr'><strong>agnoscetis</strong></span> <span class='ocrx_word' id='word_1_454' title='bbox 1049 3368 1441 3423; x_wconf 85' lang='lat' dir='ltr'><strong>accusatorem,</strong></span> <span class='ocrx_word' id='word_1_455' title='bbox 1489 3360 1581 3430; x_wconf 84' lang='lat' dir='ltr'><strong>qui</strong></span> <span class='ocrx_word' id='word_1_456' title='bbox 1634 3361 1893 3416; x_wconf 83' lang='lat' dir='ltr'><strong>adversus</strong></span> <span class='ocrx_word' id='word_1_457' title='bbox 1943 3364 2243 3429; x_wconf 77' lang='lat' dir='ltr'><strong>proximum</strong></span> 
     </span>
    </p>
   </div>
   <div class='ocr_carea' id='block_1_65' title="bbox 698 3448 2242 3517">
    <p class='ocr_par' dir='ltr' id='par_1_65' title="bbox 698 3448 2242 3517">
     <span class='ocr_line' id='line_1_65' title="bbox 698 3448 2242 3517; baseline 0.001 -14"><span class='ocrx_word' id='word_1_458' title='bbox 698 3466 854 3503; x_wconf 89' lang='lat' dir='ltr'><strong>suum</strong></span> <span class='ocrx_word' id='word_1_459' title='bbox 898 3451 1093 3504; x_wconf 86' lang='lat' dir='ltr'><strong>falsum</strong></span> <span class='ocrx_word' id='word_1_460' title='bbox 1126 3448 1229 3504; x_wconf 87' lang='lat' dir='ltr'><strong>fert</strong></span> <span class='ocrx_word' id='word_1_461' title='bbox 1255 3452 1644 3517; x_wconf 82' lang='lat' dir='ltr'><strong>testimonium,</strong></span> <span class='ocrx_word' id='word_1_462' title='bbox 1671 3459 1723 3504; x_wconf 90' lang='lat' dir='ltr'><strong>et</strong></span> <span class='ocrx_word' id='word_1_463' title='bbox 1753 3450 2098 3506; x_wconf 88' lang='lat' dir='ltr'><strong>declarabitis</strong></span> <span class='ocrx_word' id='word_1_464' title='bbox 2122 3468 2242 3506; x_wconf 89' lang='lat' dir='ltr'><strong>eum</strong></span> 
     </span>
    </p>
   </div>
   <div class='ocr_carea' id='block_1_66' title="bbox 696 3540 2243 3611">
    <p class='ocr_par' dir='ltr' id='par_1_66' title="bbox 696 3540 2243 3611">
     <span class='ocr_line' id='line_1_66' title="bbox 696 3540 2243 3611; baseline 0.002 -18"><span class='ocrx_word' id='word_1_465' title='bbox 696 3542 1013 3605; x_wconf 82' lang='lat' dir='ltr'><strong>delatorem,</strong></span> <span class='ocrx_word' id='word_1_466' title='bbox 1052 3541 1317 3606; x_wconf 90' lang='lat' dir='ltr'><strong>invidum,</strong></span> <span class='ocrx_word' id='word_1_467' title='bbox 1350 3540 1694 3604; x_wconf 87' lang='lat' dir='ltr'><strong>homicidam,</strong></span> <span class='ocrx_word' id='word_1_468' title='bbox 1725 3542 1976 3611; x_wconf 79' lang='lat' dir='ltr'><strong>malignis</strong></span> <span class='ocrx_word' id='word_1_469' title='bbox 2015 3544 2243 3597; x_wconf 88' lang='lat' dir='ltr'><strong>alterca—</strong></span> 
     </span>
    </p>
   </div>
   <div class='ocr_carea' id='block_1_67' title="bbox 696 3632 2233 3694">
    <p class='ocr_par' dir='ltr' id='par_1_67' title="bbox 696 3632 2233 3694">
     <span class='ocr_line' id='line_1_67' title="bbox 696 3632 2233 3694; baseline 0 -7"><span class='ocrx_word' id='word_1_470' title='bbox 696 3635 932 3687; x_wconf 76' lang='lat' dir='ltr'><strong>tionibus</strong></span> <span class='ocrx_word' id='word_1_471' title='bbox 960 3640 1013 3687; x_wconf 89' lang='lat' dir='ltr'><strong>et</strong></span> <span class='ocrx_word' id='word_1_472' title='bbox 1062 3632 1532 3687; x_wconf 85' lang='lat' dir='ltr'><strong>criminationibus</strong></span> <span class='ocrx_word' id='word_1_473' title='bbox 1573 3637 1767 3684; x_wconf 84' lang='lat' dir='ltr'><strong>cuncta</strong></span> <span class='ocrx_word' id='word_1_474' title='bbox 1820 3632 2146 3694; x_wconf 84' lang='lat' dir='ltr'><strong>turbantem,</strong></span> <span class='ocrx_word' id='word_1_475' title='bbox 2180 3634 2233 3687; x_wconf 91' lang='lat' dir='ltr'><strong>in</strong></span> 
     </span>
    </p>
   </div>
   <div class='ocr_carea' id='block_1_68' title="bbox 694 3722 2244 3787">
    <p class='ocr_par' dir='ltr' id='par_1_68' title="bbox 694 3722 2244 3787">
     <span class='ocr_line' id='line_1_68' title="bbox 694 3722 2244 3787; baseline -0.001 -8"><span class='ocrx_word' id='word_1_476' title='bbox 694 3725 873 3780; x_wconf 80' lang='lat' dir='ltr'><strong>verbis</strong></span> <span class='ocrx_word' id='word_1_477' title='bbox 905 3724 1233 3787; x_wconf 88' lang='lat' dir='ltr'><strong>instabilem,</strong></span> <span class='ocrx_word' id='word_1_478' title='bbox 1267 3723 1485 3778; x_wconf 89' lang='lat' dir='ltr'><strong>sibimet</strong></span> <span class='ocrx_word' id='word_1_479' title='bbox 1548 3724 1602 3776; x_wconf 91' lang='lat' dir='ltr'><strong>in</strong></span> <span class='ocrx_word' id='word_1_480' title='bbox 1650 3722 1809 3777; x_wconf 87' lang='lat' dir='ltr'><strong>dictis</strong></span> <span class='ocrx_word' id='word_1_481' title='bbox 1863 3723 1977 3777; x_wconf 84' lang='lat' dir='ltr'><strong>suis</strong></span> <span class='ocrx_word' id='word_1_482' title='bbox 2027 3732 2244 3777; x_wconf 87' lang='lat' dir='ltr'><strong>contra-</strong></span> 
     </span>
    </p>
   </div>
   <div class='ocr_carea' id='block_1_69' title="bbox 694 3813 2243 3885">
    <p class='ocr_par' dir='ltr' id='par_1_69' title="bbox 694 3813 2243 3885">
     <span class='ocr_line' id='line_1_69' title="bbox 694 3813 2243 3885; baseline 0.001 -17"><span class='ocrx_word' id='word_1_483' title='bbox 694 3818 856 3879; x_wconf 86' lang='lat' dir='ltr'><strong>rium,</strong></span> <span class='ocrx_word' id='word_1_484' title='bbox 883 3823 935 3870; x_wconf 90' lang='lat' dir='ltr'><strong>et</strong></span> <span class='ocrx_word' id='word_1_485' title='bbox 965 3817 1167 3884; x_wconf 89' lang='lat' dir='ltr'><strong>proprii</strong></span> <span class='ocrx_word' id='word_1_486' title='bbox 1217 3814 1331 3869; x_wconf 87' lang='lat' dir='ltr'><strong>oris</strong></span> <span class='ocrx_word' id='word_1_487' title='bbox 1374 3813 1553 3869; x_wconf 87' lang='lat' dir='ltr'><strong>verbis</strong></span> <span class='ocrx_word' id='word_1_488' title='bbox 1596 3820 1852 3882; x_wconf 84' lang='lat' dir='ltr'><strong>captum:</strong></span> <span class='ocrx_word' id='word_1_489' title='bbox 1902 3814 2003 3884; x_wconf 89' lang='lat' dir='ltr'><strong>ipsi</strong></span> <span class='ocrx_word' id='word_1_490' title='bbox 2045 3815 2243 3885; x_wconf 83' lang='lat' dir='ltr'><strong>quippe</strong></span> 
     </span>
    </p>
   </div>
   <div class='ocr_carea' id='block_1_70' title="bbox 694 3902 2243 3974">
    <p class='ocr_par' dir='ltr' id='par_1_70' title="bbox 694 3902 2243 3974">
     <span class='ocr_line' id='line_1_70' title="bbox 694 3902 2243 3974; baseline 0.001 -15"><span class='ocrx_word' id='word_1_491' title='bbox 694 3906 851 3960; x_wconf 89' lang='lat' dir='ltr'><strong>fortis</strong></span> <span class='ocrx_word' id='word_1_492' title='bbox 898 3907 1118 3974; x_wconf 89' lang='lat' dir='ltr'><strong>laqueus</strong></span> <span class='ocrx_word' id='word_1_493' title='bbox 1158 3904 1439 3969; x_wconf 88' lang='lat' dir='ltr'><strong>incumbit,</strong></span> <span class='ocrx_word' id='word_1_494' title='bbox 1470 3904 1608 3957; x_wconf 85' lang='lat' dir='ltr'><strong>labia</strong></span> <span class='ocrx_word' id='word_1_495' title='bbox 1645 3920 1761 3959; x_wconf 88' lang='lat' dir='ltr'><strong>sua.</strong></span> <span class='ocrx_word' id='word_1_496' title='bbox 1788 3904 1831 3934; x_wconf 83' lang='grc'>⁶⁶</span> <span class='ocrx_word' id='word_1_497' title='bbox 1867 3904 1947 3959; x_wconf 88' lang='lat' dir='ltr'><strong>Tu</strong></span> <span class='ocrx_word' id='word_1_498' title='bbox 1992 3907 2134 3961; x_wconf 87' lang='lat' dir='ltr'><strong>hunc</strong></span> <span class='ocrx_word' id='word_1_499' title='bbox 2162 3902 2243 3961; x_wconf 63' lang='lat' dir='ltr'><strong>iii-</strong></span> 
     </span>
    </p>
   </div>
   <div class='ocr_carea' id='block_1_71' title="bbox 693 3995 2241 4065">
    <p class='ocr_par' dir='ltr' id='par_1_71' title="bbox 693 3995 2241 4065">
     <span class='ocr_line' id='line_1_71' title="bbox 693 3995 2241 4065; baseline 0.002 -13"><span class='ocrx_word' id='word_1_500' title='bbox 693 4015 836 4061; x_wconf 93' lang='lat' dir='ltr'><strong>rum,</strong></span> <span class='ocrx_word' id='word_1_501' title='bbox 856 3998 1136 4051; x_wconf 89' lang='lat' dir='ltr'><strong>convictus</strong></span> <span class='ocrx_word' id='word_1_502' title='bbox 1156 4011 1277 4050; x_wconf 89' lang='lat' dir='ltr'><strong>eum</strong></span> <span class='ocrx_word' id='word_1_503' title='bbox 1310 3995 1471 4049; x_wconf 85' lang='lat' dir='ltr'><strong>fuerit</strong></span> <span class='ocrx_word' id='word_1_504' title='bbox 1494 3995 1614 4049; x_wconf 80' lang='lat' dir='ltr'><strong>falsi</strong></span> <span class='ocrx_word' id='word_1_505' title='bbox 1638 3996 1956 4058; x_wconf 86' lang='lat' dir='ltr'><strong>testimonii,</strong></span> <span class='ocrx_word' id='word_1_506' title='bbox 1972 3996 2241 4065; x_wconf 84' lang='lat' dir='ltr'><strong>judicabis</strong></span> 
     </span>
    </p>
   </div>
   <div class='ocr_carea' id='block_1_72' title="bbox 692 4081 2244 4159">
    <p class='ocr_par' dir='ltr' id='par_1_72' title="bbox 692 4081 2244 4159">
     <span class='ocr_line' id='line_1_72' title="bbox 692 4081 2244 4159; baseline -0.001 -16"><span class='ocrx_word' id='word_1_507' title='bbox 692 4102 898 4151; x_wconf 80' lang='lat' dir='ltr'><strong>severe,</strong></span> <span class='ocrx_word' id='word_1_508' title='bbox 930 4095 983 4141; x_wconf 88' lang='lat' dir='ltr'><strong>et</strong></span> <span class='ocrx_word' id='word_1_509' title='bbox 1010 4081 1187 4159; x_wconf 73' lang='lat' dir='ltr'><strong>gladio</strong></span> <span class='ocrx_word' id='word_1_510' title='bbox 1212 4086 1349 4157; x_wconf 73' lang='lat' dir='ltr'><strong>ignis</strong></span> <span class='ocrx_word' id='word_1_511' title='bbox 1383 4084 1590 4148; x_wconf 84' lang='lat' dir='ltr'><strong>trades;</strong></span> <span class='ocrx_word' id='word_1_512' title='bbox 1620 4084 1893 4154; x_wconf 80' lang='lat' dir='ltr'><strong>faciesque</strong></span> <span class='ocrx_word' id='word_1_513' title='bbox 1924 4087 2024 4156; x_wconf 87' lang='lat' dir='ltr'><strong>ipsi</strong></span> <span class='ocrx_word' id='word_1_514' title='bbox 2054 4104 2244 4157; x_wconf 81' lang='lat' dir='ltr'><strong>quem-</strong></span> 
     </span>
    </p>
   </div>
   <div class='ocr_carea' id='block_1_73' title="bbox 693 4175 2238 4247">
    <p class='ocr_par' dir='ltr' id='par_1_73' title="bbox 693 4175 2238 4247">
     <span class='ocr_line' id='line_1_73' title="bbox 693 4175 2238 4247; baseline 0.001 -16"><span class='ocrx_word' id='word_1_515' title='bbox 693 4178 983 4233; x_wconf 72' lang='lat' dir='ltr'><strong>admodum</strong></span> <span class='ocrx_word' id='word_1_516' title='bbox 1025 4178 1269 4247; x_wconf 77' lang='lat' dir='ltr'><strong>proximo</strong></span> <span class='ocrx_word' id='word_1_517' title='bbox 1314 4176 1579 4231; x_wconf 87' lang='lat' dir='ltr'><strong>malitiose</strong></span> <span class='ocrx_word' id='word_1_518' title='bbox 1627 4175 1801 4231; x_wconf 86' lang='lat' dir='ltr'><strong>facere</strong></span> <span class='ocrx_word' id='word_1_519' title='bbox 1838 4177 2238 4245; x_wconf 77' lang='lat' dir='ltr'><strong>deStinabat&quot;;</strong></span> 
     </span>
    </p>
   </div>
   <div class='ocr_carea' id='block_1_74' title="bbox 2352 3255 3912 3342">
    <p class='ocr_par' dir='ltr' id='par_1_74' title="bbox 2352 3255 3912 3342">
     <span class='ocr_line' id='line_1_74' title="bbox 2352 3255 3912 3342; baseline 0.001 -20"><span class='ocrx_word' id='word_1_520' title='bbox 2352 3270 2620 3337; x_wconf 86' lang='grc' dir='ltr'>γνώσεσθε</span> <span class='ocrx_word' id='word_1_521' title='bbox 2648 3270 2737 3323; x_wconf 81' lang='grc' dir='ltr'>τὸν</span> <span class='ocrx_word' id='word_1_522' title='bbox 2766 3272 3167 3342; x_wconf 81' lang='grc' dir='ltr'>κατηγοροῦντα</span> <span class='ocrx_word' id='word_1_523' title='bbox 3210 3271 3349 3324; x_wconf 85' lang='grc' dir='ltr'>κατὰ</span> <span class='ocrx_word' id='word_1_524' title='bbox 3375 3271 3467 3325; x_wconf 82' lang='grc' dir='ltr'><strong>τοῦ</strong></span> <span class='ocrx_word' id='word_1_525' title='bbox 3496 3255 3717 3341; x_wconf 65' lang='grc' dir='ltr'>πλῇσίον</span> <span class='ocrx_word' id='word_1_526' title='bbox 3746 3273 3912 3325; x_wconf 79' lang='grc' dir='ltr'>αὐτοῦ</span> 
     </span>
    </p>
   </div>
   <div class='ocr_carea' id='block_1_75' title="bbox 2354 3360 3912 3432">
    <p class='ocr_par' dir='ltr' id='par_1_75' title="bbox 2354 3360 3912 3432">
     <span class='ocr_line' id='line_1_75' title="bbox 2354 3360 3912 3432; baseline 0.001 -19"><span class='ocrx_word' id='word_1_527' title='bbox 2354 3362 2768 3431; x_wconf 78' lang='grc' dir='ltr'>μαρτυρήσαντα</span> <span class='ocrx_word' id='word_1_528' title='bbox 2789 3362 2897 3431; x_wconf 80' lang='grc'>(58)</span> <span class='ocrx_word' id='word_1_529' title='bbox 2926 3360 3113 3432; x_wconf 74' lang='grc' dir='ltr'>ψευδῆ,</span> <span class='ocrx_word' id='word_1_530' title='bbox 3145 3363 3238 3415; x_wconf 75' lang='grc' dir='ltr'>καὶ</span> <span class='ocrx_word' id='word_1_531' title='bbox 3264 3362 3529 3426; x_wconf 76' lang='grc' dir='ltr'>ἐπιδείξας</span> <span class='ocrx_word' id='word_1_532' title='bbox 3566 3363 3722 3415; x_wconf 79' lang='grc' dir='ltr'>αὐτὸν</span> <span class='ocrx_word' id='word_1_533' title='bbox 3753 3381 3912 3415; x_wconf 88' lang='grc' dir='ltr'>συκο-</span> 
     </span>
    </p>
   </div>
   <div class='ocr_carea' id='block_1_76' title="bbox 2350 3452 3909 3524">
    <p class='ocr_par' dir='ltr' id='par_1_76' title="bbox 2350 3452 3909 3524">
     <span class='ocr_line' id='line_1_76' title="bbox 2350 3452 3909 3524; baseline 0.001 -20"><span class='ocrx_word' id='word_1_534' title='bbox 2350 3453 2571 3521; x_wconf 82' lang='grc' dir='ltr'>φάντην,</span> <span class='ocrx_word' id='word_1_535' title='bbox 2618 3452 2900 3522; x_wconf 86' lang='grc' dir='ltr'>βάσκανον,</span> <span class='ocrx_word' id='word_1_536' title='bbox 2936 3454 3119 3521; x_wconf 80' lang='grc' dir='ltr'>φονέα,</span> <span class='ocrx_word' id='word_1_537' title='bbox 3150 3453 3486 3524; x_wconf 74' lang='grc' dir='ltr'>ταράσσοντα</span> <span class='ocrx_word' id='word_1_538' title='bbox 3516 3454 3591 3517; x_wconf 84' lang='grc' dir='ltr'>ὡς</span> <span class='ocrx_word' id='word_1_539' title='bbox 3620 3455 3785 3507; x_wconf 80' lang='grc' dir='ltr'>κακὸν</span> <span class='ocrx_word' id='word_1_540' title='bbox 3812 3456 3909 3507; x_wconf 84' lang='grc' dir='ltr'><strong>ἀν-</strong></span> 
     </span>
    </p>
   </div>
   <div class='ocr_carea' id='block_1_77' title="bbox 2346 3543 3905 3614">
    <p class='ocr_par' dir='ltr' id='par_1_77' title="bbox 2346 3543 3905 3614">
     <span class='ocr_line' id='line_1_77' title="bbox 2346 3543 3905 3614; baseline 0.001 -20"><span class='ocrx_word' id='word_1_541' title='bbox 2346 3544 2620 3610; x_wconf 86' lang='grc' dir='ltr'>τιλογίαις,</span> <span class='ocrx_word' id='word_1_542' title='bbox 2666 3544 2892 3597; x_wconf 79' lang='grc' dir='ltr'>ἄστατον</span> <span class='ocrx_word' id='word_1_543' title='bbox 2945 3545 3003 3596; x_wconf 84' lang='grc' dir='ltr'><strong>ἐν</strong></span> <span class='ocrx_word' id='word_1_544' title='bbox 3059 3548 3169 3606; x_wconf 80' lang='grc' dir='ltr'>τοῖς</span> <span class='ocrx_word' id='word_1_545' title='bbox 3222 3545 3417 3612; x_wconf 80' lang='grc' dir='ltr'>λόγοις,</span> <span class='ocrx_word' id='word_1_546' title='bbox 3448 3545 3622 3614; x_wconf 82' lang='grc' dir='ltr'>ἐαυτῷ</span> <span class='ocrx_word' id='word_1_547' title='bbox 3670 3543 3905 3597; x_wconf 82' lang='grc' dir='ltr'>ἐναντίον</span> 
     </span>
    </p>
   </div>
   <div class='ocr_carea' id='block_1_78' title="bbox 2347 3630 3902 3706">
    <p class='ocr_par' dir='ltr' id='par_1_78' title="bbox 2347 3630 3902 3706">
     <span class='ocr_line' id='line_1_78' title="bbox 2347 3630 3902 3706; baseline 0.001 -21"><span class='ocrx_word' id='word_1_548' title='bbox 2347 3633 2429 3701; x_wconf 75' lang='grc' dir='ltr'>ἐφ’</span> <span class='ocrx_word' id='word_1_549' title='bbox 2472 3630 2551 3697; x_wconf 71' lang='grc' dir='ltr'>οἷς</span> <span class='ocrx_word' id='word_1_550' title='bbox 2595 3632 2909 3702; x_wconf 75' lang='grc' dir='ltr'>φθέγγεται,</span> <span class='ocrx_word' id='word_1_551' title='bbox 2938 3635 3031 3687; x_wconf 71' lang='grc' dir='ltr'>καὶ</span> <span class='ocrx_word' id='word_1_552' title='bbox 3086 3635 3435 3705; x_wconf 79' lang='grc' dir='ltr'>ἁλισκόμενον</span> <span class='ocrx_word' id='word_1_553' title='bbox 3492 3637 3725 3706; x_wconf 77' lang='grc' dir='ltr'>ῥήμασιν</span> <span class='ocrx_word' id='word_1_554' title='bbox 3774 3636 3902 3687; x_wconf 74' lang='grc' dir='ltr'>ἰδίου</span> 
     </span>
    </p>
   </div>
   <div class='ocr_carea' id='block_1_79' title="bbox 2347 3724 3903 3797">
    <p class='ocr_par' dir='ltr' id='par_1_79' title="bbox 2347 3724 3903 3797">
     <span class='ocr_line' id='line_1_79' title="bbox 2347 3724 3903 3797; baseline 0.003 -22"><span class='ocrx_word' id='word_1_555' title='bbox 2347 3724 2626 3794; x_wconf 74' lang='grc' dir='ltr'>στόματοςυ</span> <span class='ocrx_word' id='word_1_556' title='bbox 2671 3726 2839 3792; x_wconf 76' lang='grc' dir='ltr'>παγὶς</span> <span class='ocrx_word' id='word_1_557' title='bbox 2866 3724 2973 3797; x_wconf 85' lang='grc' dir='ltr'><strong>γὰρ</strong></span> <span class='ocrx_word' id='word_1_558' title='bbox 3000 3726 3146 3796; x_wconf 78' lang='grc' dir='ltr'><strong>αὐτῷ</strong></span> <span class='ocrx_word' id='word_1_559' title='bbox 3179 3725 3373 3797; x_wconf 76' lang='grc' dir='ltr'>ἰσχυρὰ</span> <span class='ocrx_word' id='word_1_560' title='bbox 3401 3727 3684 3797; x_wconf 83' lang='grc' dir='ltr'>ἐφέστηκε,</span> <span class='ocrx_word' id='word_1_561' title='bbox 3714 3725 3781 3778; x_wconf 77' lang='grc' dir='ltr'><strong>τὰ</strong></span> <span class='ocrx_word' id='word_1_562' title='bbox 3798 3726 3903 3780; x_wconf 79' lang='grc' dir='ltr'>ῐδια</span> 
     </span>
    </p>
   </div>
   <div class='ocr_carea' id='block_1_80' title="bbox 2344 3806 3905 3888">
    <p class='ocr_par' dir='ltr' id='par_1_80' title="bbox 2344 3806 3905 3888">
     <span class='ocr_line' id='line_1_80' title="bbox 2344 3806 3905 3888; baseline 0.002 -21"><span class='ocrx_word' id='word_1_563' title='bbox 2344 3815 2511 3887; x_wconf 82' lang='grc' dir='ltr'>χείλη.</span> <span class='ocrx_word' id='word_1_564' title='bbox 2550 3820 2644 3870; x_wconf 89' lang='grc' dir='ltr'>Ὃν</span> <span class='ocrx_word' id='word_1_565' title='bbox 2676 3817 2811 3888; x_wconf 85' lang='grc' dir='ltr'>μετὰ</span> <span class='ocrx_word' id='word_1_566' title='bbox 2854 3818 2974 3881; x_wconf 81' lang='grc' dir='ltr'>τοὺς</span> <span class='ocrx_word' id='word_1_567' title='bbox 3018 3818 3269 3888; x_wconf 77' lang='grc' dir='ltr'>ἐλέγχους</span> <span class='ocrx_word' id='word_1_568' title='bbox 3296 3806 3393 3888; x_wconf 79' lang='grc' dir='ltr'>τῆς</span> <span class='ocrx_word' id='word_1_569' title='bbox 3419 3817 3758 3887; x_wconf 80' lang='grc' dir='ltr'>ψευδολογίας</span> <span class='ocrx_word' id='word_1_570' title='bbox 3784 3835 3905 3886; x_wconf 79' lang='grc' dir='ltr'>κρι-</span> 
     </span>
    </p>
   </div>
   <div class='ocr_carea' id='block_1_81' title="bbox 2344 3907 3903 3981">
    <p class='ocr_par' dir='ltr' id='par_1_81' title="bbox 2344 3907 3903 3981">
     <span class='ocr_line' id='line_1_81' title="bbox 2344 3907 3903 3981; baseline -0.003 -18"><span class='ocrx_word' id='word_1_571' title='bbox 2344 3912 2451 3972; x_wconf 78' lang='grc' dir='ltr'>νεῖς</span> <span class='ocrx_word' id='word_1_572' title='bbox 2495 3910 2800 3981; x_wconf 82' lang='grc' dir='ltr'>ἀποτόμως,</span> <span class='ocrx_word' id='word_1_573' title='bbox 2830 3910 2923 3962; x_wconf 71' lang='grc' dir='ltr'>καὶ</span> <span class='ocrx_word' id='word_1_574' title='bbox 2951 3912 3017 3979; x_wconf 81' lang='grc' dir='ltr'><strong>τῇ</strong></span> <span class='ocrx_word' id='word_1_575' title='bbox 3051 3907 3290 3979; x_wconf 79' lang='grc' dir='ltr'>μαχαίρᾳ</span> <span class='ocrx_word' id='word_1_576' title='bbox 3324 3907 3416 3960; x_wconf 82' lang='grc' dir='ltr'><strong>τοῦ</strong></span> <span class='ocrx_word' id='word_1_577' title='bbox 3453 3907 3621 3979; x_wconf 83' lang='grc' dir='ltr'>πυρὸς</span> <span class='ocrx_word' id='word_1_578' title='bbox 3664 3908 3903 3977; x_wconf 65' lang='grc' dir='ltr'>παραδῴ-</span> 
     </span>
    </p>
   </div>
   <div class='ocr_carea' id='block_1_82' title="bbox 2347 3997 3900 4069">
    <p class='ocr_par' dir='ltr' id='par_1_82' title="bbox 2347 3997 3900 4069">
     <span class='ocr_line' id='line_1_82' title="bbox 2347 3997 3900 4069; baseline -0.001 -17"><span class='ocrx_word' id='word_1_579' title='bbox 2347 4016 2475 4062; x_wconf 83' lang='grc' dir='ltr'>σεις·</span> <span class='ocrx_word' id='word_1_580' title='bbox 2532 4000 2624 4053; x_wconf 65' lang='grc' dir='ltr'>καὶ</span> <span class='ocrx_word' id='word_1_581' title='bbox 2677 4001 2919 4069; x_wconf 77' lang='grc' dir='ltr'>ποιήσεις</span> <span class='ocrx_word' id='word_1_582' title='bbox 2968 3998 3135 4068; x_wconf 80' lang='grc' dir='ltr'>αὐτῷ,</span> <span class='ocrx_word' id='word_1_583' title='bbox 3166 3998 3225 4051; x_wconf 83' lang='grc' dir='ltr'>ὃν</span> <span class='ocrx_word' id='word_1_584' title='bbox 3270 3999 3465 4067; x_wconf 82' lang='grc' dir='ltr'>τρόπον</span> <span class='ocrx_word' id='word_1_585' title='bbox 3509 3997 3900 4067; x_wconf 70' lang='grc' dir='ltr'>ἐπονηρεύσατο</span> 
     </span>
    </p>
   </div>
   <div class='ocr_carea' id='block_1_83' title="bbox 2348 4089 3893 4163">
    <p class='ocr_par' dir='ltr' id='par_1_83' title="bbox 2348 4089 3893 4163">
     <span class='ocr_line' id='line_1_83' title="bbox 2348 4089 3893 4163; baseline -0.003 -18"><span class='ocrx_word' id='word_1_586' title='bbox 2348 4092 2562 4163; x_wconf 83' lang='grc' dir='ltr'>ποιῆσαι</span> <span class='ocrx_word' id='word_1_587' title='bbox 2599 4092 2675 4161; x_wconf 83' lang='grc' dir='ltr'>τῷ</span> <span class='ocrx_word' id='word_1_588' title='bbox 2703 4090 2946 4161; x_wconf 75' lang='grc' dir='ltr'>πλησίονο</span> <span class='ocrx_word' id='word_1_589' title='bbox 2974 4091 3098 4144; x_wconf 82' lang='grc' dir='ltr'>ὅσον</span> <span class='ocrx_word' id='word_1_590' title='bbox 3126 4089 3233 4160; x_wconf 80' lang='grc' dir='ltr'>γὰρ</span> <span class='ocrx_word' id='word_1_591' title='bbox 3273 4090 3528 4159; x_wconf 80' lang='grc' dir='ltr'>ἐλάλησεν</span> <span class='ocrx_word' id='word_1_592' title='bbox 3549 4090 3591 4120; x_wconf 76' lang='grc'><strong>⁶⁸</strong></span> <span class='ocrx_word' id='word_1_593' title='bbox 3618 4090 3702 4141; x_wconf 83' lang='grc' dir='ltr'>ἐπ’</span> <span class='ocrx_word' id='word_1_594' title='bbox 3729 4090 3893 4158; x_wconf 80' lang='grc' dir='ltr'>αὐτῷ,</span> 
     </span>
    </p>
   </div>
   <div class='ocr_carea' id='block_1_84' title="bbox 2344 4175 3896 4251">
    <p class='ocr_par' dir='ltr' id='par_1_84' title="bbox 2344 4175 3896 4251">
     <span class='ocr_line' id='line_1_84' title="bbox 2344 4175 3896 4251; baseline -0.001 -16"><span class='ocrx_word' id='word_1_595' title='bbox 2344 4183 2595 4251; x_wconf 83' lang='grc' dir='ltr'>ἐφόνευσε</span> <span class='ocrx_word' id='word_1_596' title='bbox 2640 4181 2729 4234; x_wconf 85' lang='grc' dir='ltr'>τὸν</span> <span class='ocrx_word' id='word_1_597' title='bbox 2772 4180 3018 4250; x_wconf 72' lang='grc' dir='ltr'>ἀδελφὺν,</span> <span class='ocrx_word' id='word_1_598' title='bbox 3073 4180 3356 4251; x_wconf 77' lang='grc' dir='ltr'>προλαϐὼν</span> <span class='ocrx_word' id='word_1_599' title='bbox 3409 4180 3477 4232; x_wconf 85' lang='grc' dir='ltr'>τὰ</span> <span class='ocrx_word' id='word_1_600' title='bbox 3517 4175 3628 4233; x_wconf 73' lang='grc' dir='ltr'>ὦτα</span> <span class='ocrx_word' id='word_1_601' title='bbox 3656 4179 3746 4232; x_wconf 78' lang='grc' dir='ltr'>τοῦ</span> <span class='ocrx_word' id='word_1_602' title='bbox 3780 4197 3896 4250; x_wconf 85' lang='grc' dir='ltr'>κρι-</span> 
     </span>
    </p>
   </div>
   <div class='ocr_carea' id='block_1_85' title="bbox 692 4264 2250 4345">
    <p class='ocr_par' dir='ltr' id='par_1_85' title="bbox 692 4264 2240 4345">
     <span class='ocr_line' id='line_1_85' title="bbox 692 4264 2240 4345; baseline 0.002 -22"><span class='ocrx_word' id='word_1_603' title='bbox 692 4276 951 4339; x_wconf 89' lang='lat' dir='ltr'><strong>quantum</strong></span> <span class='ocrx_word' id='word_1_604' title='bbox 990 4268 1134 4345; x_wconf 87' lang='lat' dir='ltr'><strong>enim</strong></span> <span class='ocrx_word' id='word_1_605' title='bbox 1175 4266 1288 4337; x_wconf 88' lang='lat' dir='ltr'><strong>ipse</strong></span> <span class='ocrx_word' id='word_1_606' title='bbox 1328 4266 1521 4337; x_wconf 87' lang='lat' dir='ltr'><strong>potuit,</strong></span> <span class='ocrx_word' id='word_1_607' title='bbox 1558 4264 1778 4321; x_wconf 89' lang='lat' dir='ltr'><strong>fratrem</strong></span> <span class='ocrx_word' id='word_1_608' title='bbox 1808 4270 2038 4335; x_wconf 86' lang='lat' dir='ltr'><strong>necavit,</strong></span> <span class='ocrx_word' id='word_1_609' title='bbox 2081 4284 2240 4327; x_wconf 87' lang='lat' dir='ltr'><strong>aures</strong></span> 
     </span>
    </p>
   </div>
   <div class='ocr_carea' id='block_1_86' title="bbox 2353 4264 3888 4345">
    <p class='ocr_par' dir='ltr' id='par_1_86' title="bbox 2353 4266 3888 4342">
     <span class='ocr_line' id='line_1_86' title="bbox 2353 4266 3888 4342; baseline -0.001 -19"><span class='ocrx_word' id='word_1_610' title='bbox 2353 4271 2453 4325; x_wconf 79' lang='grc' dir='ltr'>τοῦ·</span> <span class='ocrx_word' id='word_1_611' title='bbox 2502 4271 2800 4342; x_wconf 85' lang='grc' dir='ltr'>γέγραπται</span> <span class='ocrx_word' id='word_1_612' title='bbox 2842 4271 2918 4333; x_wconf 81' lang='grc' dir='ltr'>δὲ,</span> <span class='ocrx_word' id='word_1_613' title='bbox 2948 4268 3029 4322; x_wconf 86' lang='grc' dir='ltr'>ὅτι</span> <span class='ocrx_word' id='word_1_614' title='bbox 3064 4288 3082 4321; x_wconf 85' lang='grc'><strong><em>‹</em></strong></span> <span class='ocrx_word' id='word_1_615' title='bbox 3118 4274 3145 4323; x_wconf 87' lang='grc' dir='ltr'><em>ὁ</em></span> <span class='ocrx_word' id='word_1_616' title='bbox 3173 4272 3375 4340; x_wconf 84' lang='grc' dir='ltr'>ἐκχέων</span> <span class='ocrx_word' id='word_1_617' title='bbox 3422 4266 3557 4341; x_wconf 69' lang='grc' dir='ltr'>αἷμα</span> <span class='ocrx_word' id='word_1_618' title='bbox 3587 4270 3888 4341; x_wconf 83' lang='grc' dir='ltr'>ἀνθρώπου,</span> 
     </span>
    </p>
   </div>
   <div class='ocr_carea' id='block_1_87' title="bbox 693 4346 2250 4432">
    <p class='ocr_par' dir='ltr' id='par_1_87' title="bbox 693 4358 2241 4431">
     <span class='ocr_line' id='line_1_87' title="bbox 693 4358 2241 4431; baseline 0.001 -18"><span class='ocrx_word' id='word_1_619' title='bbox 693 4360 888 4431; x_wconf 79' lang='lat' dir='ltr'><strong>iudicis</strong></span> <span class='ocrx_word' id='word_1_620' title='bbox 932 4358 1289 4429; x_wconf 75' lang='lat' dir='ltr'><strong>oceupando:</strong></span> <span class='ocrx_word' id='word_1_621' title='bbox 1341 4358 1601 4427; x_wconf 89' lang='lat' dir='ltr'><strong>scriptum</strong></span> <span class='ocrx_word' id='word_1_622' title='bbox 1656 4365 1833 4413; x_wconf 87' lang='lat' dir='ltr'><strong>autem</strong></span> <span class='ocrx_word' id='word_1_623' title='bbox 1884 4368 1967 4415; x_wconf 91' lang='lat' dir='ltr'><strong>est</strong></span> <span class='ocrx_word' id='word_1_624' title='bbox 2016 4379 2030 4414; x_wconf 92' lang='lat'><strong>:</strong></span> <span class='ocrx_word' id='word_1_625' title='bbox 2079 4378 2097 4411; x_wconf 76' lang='grc' dir='ltr'><strong>ι</strong></span> <span class='ocrx_word' id='word_1_626' title='bbox 2136 4361 2241 4426; x_wconf 78' lang='lat' dir='ltr'><strong>Qui</strong></span> 
     </span>
    </p>
   </div>
   <div class='ocr_carea' id='block_1_88' title="bbox 2353 4346 3893 4432">
    <p class='ocr_par' dir='ltr' id='par_1_88' title="bbox 2353 4360 3893 4432">
     <span class='ocr_line' id='line_1_88' title="bbox 2353 4360 3893 4432; baseline -0.003 -16"><span class='ocrx_word' id='word_1_627' title='bbox 2353 4362 2461 4417; x_wconf 61' lang='grc' dir='ltr'>ἀντὶ</span> <span class='ocrx_word' id='word_1_628' title='bbox 2504 4362 2597 4414; x_wconf 79' lang='grc' dir='ltr'><strong>τοῦ</strong></span> <span class='ocrx_word' id='word_1_629' title='bbox 2642 4362 2866 4431; x_wconf 69' lang='grc' dir='ltr'>αἵματος</span> <span class='ocrx_word' id='word_1_630' title='bbox 2908 4361 3068 4413; x_wconf 74' lang='grc' dir='ltr'>αὑτοῦ</span> <span class='ocrx_word' id='word_1_631' title='bbox 3120 4360 3492 4432; x_wconf 82' lang='grc' dir='ltr'>ἐκχυθήσεται”</span> <span class='ocrx_word' id='word_1_632' title='bbox 3534 4361 3643 4432; x_wconf 76' lang='grc'>(59)</span> <span class='ocrx_word' id='word_1_633' title='bbox 3674 4363 3761 4414; x_wconf 79' lang='grc' dir='ltr'>καὶ</span> <span class='ocrx_word' id='word_1_634' title='bbox 3816 4362 3893 4425; x_wconf 81' lang='grc' dir='ltr'><strong>ἐξ-</strong></span> 
     </span>
    </p>
   </div>
   <div class='ocr_carea' id='block_1_89' title="bbox 692 4434 2240 4524">
    <p class='ocr_par' dir='ltr' id='par_1_89' title="bbox 692 4434 2240 4524">
     <span class='ocr_line' id='line_1_89' title="bbox 692 4434 2240 4524; baseline -0.001 -18"><span class='ocrx_word' id='word_1_635' title='bbox 692 4451 938 4507; x_wconf 76' lang='lat' dir='ltr'><strong>eﬂ‘uderit</strong></span> <span class='ocrx_word' id='word_1_636' title='bbox 1013 4449 1329 4521; x_wconf 77' lang='lat' dir='ltr'><strong>sanguinem</strong></span> <span class='ocrx_word' id='word_1_637' title='bbox 1372 4434 1651 4513; x_wconf 82' lang='lat' dir='ltr'><strong>hominis,</strong></span> <span class='ocrx_word' id='word_1_638' title='bbox 1717 4466 1817 4520; x_wconf 85' lang='lat' dir='ltr'><strong>pro</strong></span> <span class='ocrx_word' id='word_1_639' title='bbox 1884 4466 1949 4507; x_wconf 90' lang='lat' dir='ltr'><strong>eo</strong></span> <span class='ocrx_word' id='word_1_640' title='bbox 2020 4454 2240 4524; x_wconf 77' lang='lat' dir='ltr'><strong>sanguis</strong></span> 
     </span>
    </p>
   </div>
   <div class='ocr_carea' id='block_1_90' title="bbox 2345 4449 3883 4525">
    <p class='ocr_par' dir='ltr' id='par_1_90' title="bbox 2345 4449 3883 4525">
     <span class='ocr_line' id='line_1_90' title="bbox 2345 4449 3883 4525; baseline -0.003 -17"><span class='ocrx_word' id='word_1_641' title='bbox 2345 4457 2494 4525; x_wconf 84' lang='grc' dir='ltr'>αρεῖς</span> <span class='ocrx_word' id='word_1_642' title='bbox 2507 4454 2566 4507; x_wconf 84' lang='grc' dir='ltr'>τὸ</span> <span class='ocrx_word' id='word_1_643' title='bbox 2586 4449 2720 4524; x_wconf 80' lang='grc' dir='ltr'>αἷμα</span> <span class='ocrx_word' id='word_1_644' title='bbox 2741 4454 2799 4506; x_wconf 78' lang='grc' dir='ltr'>τὸ</span> <span class='ocrx_word' id='word_1_645' title='bbox 2825 4454 3058 4505; x_wconf 84' lang='grc' dir='ltr'>ἀναίτιον</span> <span class='ocrx_word' id='word_1_646' title='bbox 3076 4454 3181 4505; x_wconf 81' lang='grc' dir='ltr'><strong>ἀπὸ</strong></span> <span class='ocrx_word' id='word_1_647' title='bbox 3202 4452 3312 4514; x_wconf 73' lang='grc' dir='ltr'>σοῦ,</span> <span class='ocrx_word' id='word_1_648' title='bbox 3332 4454 3389 4505; x_wconf 87' lang='grc' dir='ltr'>τὸ</span> <span class='ocrx_word' id='word_1_649' title='bbox 3411 4453 3636 4523; x_wconf 82' lang='grc' dir='ltr'>ἐκχυθὲν</span> <span class='ocrx_word' id='word_1_650' title='bbox 3668 4454 3853 4524; x_wconf 78' lang='grc' dir='ltr'>μάτην.</span> <span class='ocrx_word' id='word_1_651' title='bbox 3867 4472 3883 4500; x_wconf 70' lang='grc' dir='ltr'><strong>ι</strong></span> 
     </span>
    </p>
   </div>
   <div class='ocr_carea' id='block_1_91' title="bbox 694 4536 3321 4614">
    <p class='ocr_par' dir='ltr' id='par_1_91' title="bbox 694 4536 3321 4614">
     <span class='ocr_line' id='line_1_91' title="bbox 694 4536 3321 4614; baseline -0.001 -17"><span class='ocrx_word' id='word_1_652' title='bbox 694 4543 809 4613; x_wconf 83' lang='lat' dir='ltr'><strong>ejus</strong></span> <span class='ocrx_word' id='word_1_653' title='bbox 858 4538 1251 4608; x_wconf 77' lang='lat' dir='ltr'><strong>elfundetur&quot;;</strong></span> <span class='ocrx_word' id='word_1_654' title='bbox 1280 4546 1335 4594; x_wconf 89' lang='lat' dir='ltr'><strong>et</strong></span> <span class='ocrx_word' id='word_1_655' title='bbox 1354 4536 1565 4594; x_wconf 83' lang='lat' dir='ltr'><strong>auferes</strong></span> <span class='ocrx_word' id='word_1_656' title='bbox 1604 4540 1922 4611; x_wconf 80' lang='lat' dir='ltr'><strong>sanguinem</strong></span> <span class='ocrx_word' id='word_1_657' title='bbox 1946 4541 2220 4598; x_wconf 78' lang='lat' dir='ltr'><strong>innoxium</strong></span> <span class='ocrx_word' id='word_1_658' title='bbox 2253 4557 2281 4597; x_wconf 88' lang='lat' dir='ltr'><strong>a</strong></span> <span class='ocrx_word' id='word_1_659' title='bbox 2312 4552 2384 4610; x_wconf 90' lang='lat' dir='ltr'><strong>te,</strong></span> <span class='ocrx_word' id='word_1_660' title='bbox 2417 4545 2507 4614; x_wconf 93' lang='lat' dir='ltr'><strong>qui</strong></span> <span class='ocrx_word' id='word_1_661' title='bbox 2540 4542 2741 4598; x_wconf 79' lang='lat' dir='ltr'><strong>effusus</strong></span> <span class='ocrx_word' id='word_1_662' title='bbox 2770 4551 2852 4597; x_wconf 86' lang='lat' dir='ltr'><strong>est</strong></span> <span class='ocrx_word' id='word_1_663' title='bbox 2879 4546 2995 4597; x_wconf 76' lang='lat' dir='ltr'><strong>sEnc</strong></span> <span class='ocrx_word' id='word_1_664' title='bbox 3018 4544 3263 4596; x_wconf 76' lang='lat' dir='ltr'><strong>causa&quot;.</strong></span> <span class='ocrx_word' id='word_1_665' title='bbox 3304 4562 3321 4596; x_wconf 85' lang='grc'><strong><em>›</em></strong></span> 
     </span>
    </p>
   </div>
   <div class='ocr_carea' id='block_1_92' title="bbox 759 4687 3307 4775">
    <p class='ocr_par' dir='ltr' id='par_1_92' title="bbox 759 4687 3307 4775">
     <span class='ocr_line' id='line_1_92' title="bbox 759 4687 3307 4775; baseline 0.001 -16"><span class='ocrx_word' id='word_1_666' title='bbox 759 4704 951 4759; x_wconf 74' lang='lat' dir='ltr'><strong>&quot;&#39;Has</strong></span> <span class='ocrx_word' id='word_1_667' title='bbox 978 4719 1142 4775; x_wconf 69' lang='lat' dir='ltr'><strong>voces</strong></span> <span class='ocrx_word' id='word_1_668' title='bbox 1173 4707 1541 4775; x_wconf 82' lang='lat' dir='ltr'><strong>supplevimus</strong></span> <span class='ocrx_word' id='word_1_669' title='bbox 1565 4722 1630 4762; x_wconf 76' lang='lat' dir='ltr'><strong>ex</strong></span> <span class='ocrx_word' id='word_1_670' title='bbox 1659 4707 1908 4761; x_wconf 88' lang='lat' dir='ltr'><strong>versione</strong></span> <span class='ocrx_word' id='word_1_671' title='bbox 1948 4706 2162 4775; x_wconf 74' lang='lat' dir='ltr'><strong>Latina.</strong></span> <span class='ocrx_word' id='word_1_672' title='bbox 2196 4718 2504 4773; x_wconf 83' lang='lat' dir='ltr'><strong>quanquam</strong></span> <span class='ocrx_word' id='word_1_673' title='bbox 2545 4687 2597 4775; x_wconf 80' lang='lat' dir='ltr'><strong>in</strong></span> <span class='ocrx_word' id='word_1_674' title='bbox 2643 4713 2788 4760; x_wconf 77' lang='lat' dir='ltr'><strong>textu</strong></span> <span class='ocrx_word' id='word_1_675' title='bbox 2817 4704 3006 4761; x_wconf 61' lang='lat' dir='ltr'><strong>Graeco</strong></span> <span class='ocrx_word' id='word_1_676' title='bbox 3037 4707 3307 4765; x_wconf 83' lang='lat' dir='ltr'><strong>subintelli</strong></span> 
     </span>
    </p>
   </div>
   <div class='ocr_carea' id='block_1_93' title="bbox 686 4728 2250 4841">
    <p class='ocr_par' dir='ltr' id='par_1_93' title="bbox 686 4728 2250 4840">
     <span class='ocr_line' id='line_1_93' title="bbox 759 4728 2250 4775; baseline -0.001 -17"><span class='ocrx_word' id='word_1_677' title='bbox 759 4728 798 4739; x_wconf 70' lang='grc' dir='ltr'><strong><em>ὐ</em></strong></span> <span class='ocrx_word' id='word_1_678' title='bbox 841 4728 951 4759; x_wconf 80' lang='lat' dir='ltr'><strong>uas</strong></span> <span class='ocrx_word' id='word_1_679' title='bbox 978 4728 1142 4771; x_wconf 71' lang='lat' dir='ltr'><strong>yuccu</strong></span> <span class='ocrx_word' id='word_1_680' title='bbox 1173 4728 1541 4775; x_wconf 71' lang='lat' dir='ltr'><strong>suppicvmlus</strong></span> <span class='ocrx_word' id='word_1_681' title='bbox 1565 4728 1630 4762; x_wconf 76' lang='lat' dir='ltr'><strong>ex</strong></span> <span class='ocrx_word' id='word_1_682' title='bbox 1659 4728 1908 4761; x_wconf 61' lang='lat' dir='ltr'><strong>verumne</strong></span> <span class='ocrx_word' id='word_1_683' title='bbox 1948 4728 2162 4765; x_wconf 71' lang='lat' dir='ltr'><strong>Latina.</strong></span> <span class='ocrx_word' id='word_1_684' title='bbox 2196 4728 2250 4773; x_wconf 80' lang='grc' dir='ltr'>ψ</span> 
     </span>
     <span class='ocr_line' id='line_1_94' title="bbox 686 4773 2231 4840; baseline -0.004 -9"><span class='ocrx_word' id='word_1_685' title='bbox 686 4791 850 4831; x_wconf 68' lang='lat' dir='ltr'><strong>nou.</strong></span> <span class='ocrx_word' id='word_1_686' title='bbox 924 4776 970 4806; x_wconf 81' lang='lat'><strong>&quot;</strong></span> <span class='ocrx_word' id='word_1_687' title='bbox 1002 4773 1153 4827; x_wconf 87' lang='lat' dir='ltr'><strong>Deut.</strong></span> <span class='ocrx_word' id='word_1_688' title='bbox 1188 4790 1318 4839; x_wconf 76' lang='lat' dir='ltr'><strong>xvu,</strong></span> <span class='ocrx_word' id='word_1_689' title='bbox 1352 4776 1401 4829; x_wconf 88' lang='grc'><strong>7.</strong></span> <span class='ocrx_word' id='word_1_690' title='bbox 1478 4779 1523 4809; x_wconf 74' lang='grc'><strong>³³</strong></span> <span class='ocrx_word' id='word_1_691' title='bbox 1547 4776 1671 4831; x_wconf 87' lang='lat' dir='ltr'><strong>Lev.</strong></span> <span class='ocrx_word' id='word_1_692' title='bbox 1695 4792 1785 4840; x_wconf 75' lang='lat' dir='ltr'><strong>xv,</strong></span> <span class='ocrx_word' id='word_1_693' title='bbox 1821 4777 1911 4835; x_wconf 76' lang='grc'><strong>51.</strong></span> <span class='ocrx_word' id='word_1_694' title='bbox 1987 4777 2031 4806; x_wconf 86' lang='grc'><strong>⁶⁰</strong></span> <span class='ocrx_word' id='word_1_695' title='bbox 2062 4774 2231 4827; x_wconf 78' lang='lat' dir='ltr'><strong>Exod.</strong></span> 
     </span>
    </p>
   </div>
   <div class='ocr_carea' id='block_1_94' title="bbox 2353 4728 3380 4841">
    <p class='ocr_par' dir='ltr' id='par_1_94' title="bbox 2353 4728 3380 4841">
     <span class='ocr_line' id='line_1_95' title="bbox 2353 4728 3362 4772; baseline 0.009 -18"><span class='ocrx_word' id='word_1_696' title='bbox 2353 4728 2504 4772; x_wconf 52' lang='lat' dir='ltr'><strong>LIUEIIII</strong></span> <span class='ocrx_word' id='word_1_697' title='bbox 2546 4728 2597 4758; x_wconf 81' lang='lat' dir='ltr'><strong>HI</strong></span> <span class='ocrx_word' id='word_1_698' title='bbox 2644 4728 2788 4760; x_wconf 76' lang='grc' dir='ltr'>ιυιιυ</span> <span class='ocrx_word' id='word_1_699' title='bbox 2817 4728 3006 4761; x_wconf 68' lang='grc' dir='ltr'><strong>υΓίΕευ</strong></span> <span class='ocrx_word' id='word_1_700' title='bbox 3037 4728 3307 4765; x_wconf 70' lang='grc' dir='ltr'>δυυιῐιιειη</span> <span class='ocrx_word' id='word_1_701' title='bbox 3351 4728 3362 4763; x_wconf 97' lang='grc' dir='ltr'><strong>Ι</strong></span> 
     </span>
     <span class='ocr_line' id='line_1_96' title="bbox 2358 4728 3380 4841; baseline 0.007 -16"><span class='ocrx_word' id='word_1_702' title='bbox 2358 4790 2416 4837; x_wconf 90' lang='grc' dir='ltr'><strong>ιι,</strong></span> <span class='ocrx_word' id='word_1_703' title='bbox 2450 4775 2520 4839; x_wconf 79' lang='grc'><strong>5;</strong></span> <span class='ocrx_word' id='word_1_704' title='bbox 2554 4774 2725 4828; x_wconf 84' lang='lat' dir='ltr'><strong>Levit.</strong></span> <span class='ocrx_word' id='word_1_705' title='bbox 2751 4790 2862 4841; x_wconf 78' lang='lat' dir='ltr'><strong>xu,</strong></span> <span class='ocrx_word' id='word_1_706' title='bbox 2893 4776 2996 4840; x_wconf 68' lang='lat'><strong>45;</strong></span> <span class='ocrx_word' id='word_1_707' title='bbox 3030 4777 3184 4831; x_wconf 83' lang='lat' dir='ltr'><strong>Dent.</strong></span> <span class='ocrx_word' id='word_1_708' title='bbox 3224 4794 3262 4841; x_wconf 85' lang='grc' dir='ltr'><strong>ι,</strong></span> <span class='ocrx_word' id='word_1_709' title='bbox 3297 4728 3380 4833; x_wconf 45' lang='lat'><strong>1%.</strong></span> 
     </span>
    </p>
   </div>
   <div class='ocr_carea' id='block_1_95' title="bbox 3395 4710 3886 4781">
    <p class='ocr_par' dir='ltr' id='par_1_95' title="bbox 3395 4710 3886 4781">
     <span class='ocr_line' id='line_1_97' title="bbox 3395 4710 3886 4781; baseline 0 -16"><span class='ocrx_word' id='word_1_710' title='bbox 3395 4713 3622 4781; x_wconf 83' lang='lat' dir='ltr'><strong>possint.</strong></span> <span class='ocrx_word' id='word_1_711' title='bbox 3670 4710 3762 4764; x_wconf 52' lang='lat' dir='ltr'><strong>Eu».</strong></span> <span class='ocrx_word' id='word_1_712' title='bbox 3791 4712 3886 4765; x_wconf 77' lang='grc' dir='ltr'><strong>ΡΑ-</strong></span> 
     </span>
    </p>
   </div>
   <div class='ocr_carea' id='block_1_96' title="bbox 3458 4780 3883 4845">
    <p class='ocr_par' dir='ltr' id='par_1_96' title="bbox 3458 4780 3883 4845">
     <span class='ocr_line' id='line_1_98' title="bbox 3458 4780 3883 4845; baseline 0.002 -13"><span class='ocrx_word' id='word_1_713' title='bbox 3458 4784 3499 4813; x_wconf 76' lang='lat'>“</span> <span class='ocrx_word' id='word_1_714' title='bbox 3534 4780 3701 4833; x_wconf 74' lang='lat' dir='ltr'><strong>Exod.</strong></span> <span class='ocrx_word' id='word_1_715' title='bbox 3738 4798 3883 4845; x_wconf 75' lang='lat' dir='ltr'><strong>um,</strong></span> 
     </span>
    </p>
   </div>
   <div class='ocr_carea' id='block_1_97' title="bbox 688 4841 2250 4914">
    <p class='ocr_par' dir='ltr' id='par_1_97' title="bbox 688 4841 2250 4914">
     <span class='ocr_line' id='line_1_99' title="bbox 688 4841 2250 4914; baseline -0.004 -13"><span class='ocrx_word' id='word_1_716' title='bbox 688 4848 744 4908; x_wconf 88' lang='lat'><strong>7,</strong></span> <span class='ocrx_word' id='word_1_717' title='bbox 768 4848 830 4910; x_wconf 77' lang='lat'><strong>8;</strong></span> <span class='ocrx_word' id='word_1_718' title='bbox 873 4843 1029 4898; x_wconf 89' lang='lat' dir='ltr'><strong>Deut.</strong></span> <span class='ocrx_word' id='word_1_719' title='bbox 1066 4858 1233 4911; x_wconf 78' lang='lat' dir='ltr'><strong>xxvii,</strong></span> <span class='ocrx_word' id='word_1_720' title='bbox 1261 4845 1333 4914; x_wconf 71' lang='grc'><strong>25</strong></span> <span class='ocrx_word' id='word_1_721' title='bbox 1357 4854 1412 4900; x_wconf 89' lang='lat' dir='ltr'><strong>et</strong></span> <span class='ocrx_word' id='word_1_722' title='bbox 1440 4860 1552 4911; x_wconf 79' lang='lat' dir='ltr'><strong>xvi,</strong></span> <span class='ocrx_word' id='word_1_723' title='bbox 1585 4847 1673 4899; x_wconf 78' lang='grc'><strong>19.</strong></span> <span class='ocrx_word' id='word_1_724' title='bbox 1709 4846 2005 4899; x_wconf 86' lang='lat' dir='ltr'><strong>Cedrenus.</strong></span> <span class='ocrx_word' id='word_1_725' title='bbox 2036 4842 2170 4897; x_wconf 76' lang='lat' dir='ltr'><strong>Vide</strong></span> <span class='ocrx_word' id='word_1_726' title='bbox 2195 4841 2250 4895; x_wconf 65' lang='grc' dir='ltr'><strong>γε</strong></span> 
     </span>
    </p>
   </div>
   <div class='ocr_carea' id='block_1_98' title="bbox 2353 4841 3881 4914">
    <p class='ocr_par' dir='ltr' id='par_1_98' title="bbox 2353 4841 3881 4914">
     <span class='ocr_line' id='line_1_100' title="bbox 2353 4841 3881 4914; baseline 0.006 -19"><span class='ocrx_word' id='word_1_727' title='bbox 2353 4841 2570 4899; x_wconf 80' lang='lat' dir='ltr'><strong>Testim.</strong></span> <span class='ocrx_word' id='word_1_728' title='bbox 2648 4845 2692 4877; x_wconf 73' lang='grc'><strong>⁸³</strong></span> <span class='ocrx_word' id='word_1_729' title='bbox 2716 4843 2822 4900; x_wconf 82' lang='lat' dir='ltr'><strong>lsa.</strong></span> <span class='ocrx_word' id='word_1_730' title='bbox 2868 4861 2920 4913; x_wconf 74' lang='grc' dir='ltr'><strong>ν,</strong></span> <span class='ocrx_word' id='word_1_731' title='bbox 2946 4846 3036 4900; x_wconf 68' lang='grc'><strong>25.</strong></span> <span class='ocrx_word' id='word_1_732' title='bbox 3111 4847 3155 4877; x_wconf 78' lang='grc'><strong>⁸³</strong></span> <span class='ocrx_word' id='word_1_733' title='bbox 3180 4846 3310 4904; x_wconf 82' lang='lat' dir='ltr'><strong>Ibid.</strong></span> <span class='ocrx_word' id='word_1_734' title='bbox 3344 4846 3433 4903; x_wconf 65' lang='grc'><strong>20.</strong></span> <span class='ocrx_word' id='word_1_735' title='bbox 3511 4850 3555 4881; x_wconf 77' lang='grc'><strong>⁸⁸⁵</strong></span> <span class='ocrx_word' id='word_1_736' title='bbox 3576 4850 3763 4902; x_wconf 75' lang='lat' dir='ltr'><strong>Matth.</strong></span> <span class='ocrx_word' id='word_1_737' title='bbox 3793 4841 3881 4914; x_wconf 76' lang='grc' dir='ltr'>ιἰι,</span> 
     </span>
    </p>
   </div>
   <div class='ocr_carea' id='block_1_99' title="bbox 694 4913 2841 4983">
    <p class='ocr_par' dir='ltr' id='par_1_99' title="bbox 694 4913 2841 4983">
     <span class='ocr_line' id='line_1_101' title="bbox 694 4913 2841 4983; baseline 0.001 -12"><span class='ocrx_word' id='word_1_738' title='bbox 694 4920 757 4983; x_wconf 75' lang='lat'><strong>2;</strong></span> <span class='ocrx_word' id='word_1_739' title='bbox 790 4918 925 4973; x_wconf 85' lang='lat' dir='ltr'><strong>Luc.</strong></span> <span class='ocrx_word' id='word_1_740' title='bbox 964 4934 1038 4983; x_wconf 80' lang='lat' dir='ltr'><strong>vi,</strong></span> <span class='ocrx_word' id='word_1_741' title='bbox 1079 4918 1165 4973; x_wconf 78' lang='lat'><strong>57.</strong></span> <span class='ocrx_word' id='word_1_742' title='bbox 1241 4915 1285 4947; x_wconf 78' lang='grc'>⁸⁸</span> <span class='ocrx_word' id='word_1_743' title='bbox 1306 4913 1863 4983; x_wconf 29' lang='lat' dir='ltr'><strong>LaudatﬂCedrenus,</strong></span> <span class='ocrx_word' id='word_1_744' title='bbox 1912 4919 2129 4976; x_wconf 89' lang='lat' dir='ltr'><strong>ibidem.</strong></span> <span class='ocrx_word' id='word_1_745' title='bbox 2202 4922 2245 4952; x_wconf 83' lang='lat'><strong>“</strong></span> <span class='ocrx_word' id='word_1_746' title='bbox 2278 4921 2574 4983; x_wconf 86' lang='lat' dir='ltr'><strong>Cedrenus,</strong></span> <span class='ocrx_word' id='word_1_747' title='bbox 2622 4919 2841 4973; x_wconf 86' lang='lat' dir='ltr'><strong>ibidem.</strong></span> 
     </span>
    </p>
   </div>
   <div class='ocr_carea' id='block_1_100' title="bbox 2950 4916 3883 4979">
    <p class='ocr_par' dir='ltr' id='par_1_100' title="bbox 2950 4916 3883 4979">
     <span class='ocr_line' id='line_1_102' title="bbox 2950 4916 3883 4979; baseline 0.005 -7"><span class='ocrx_word' id='word_1_748' title='bbox 2950 4919 2991 4951; x_wconf 82' lang='grc'>⁸⁷</span> <span class='ocrx_word' id='word_1_749' title='bbox 3029 4917 3183 4972; x_wconf 83' lang='lat' dir='ltr'><strong>Deut.</strong></span> <span class='ocrx_word' id='word_1_750' title='bbox 3231 4931 3341 4979; x_wconf 70' lang='lat' dir='ltr'><strong>xix,</strong></span> <span class='ocrx_word' id='word_1_751' title='bbox 3413 4916 3501 4971; x_wconf 73' lang='grc'><strong>19.</strong></span> <span class='ocrx_word' id='word_1_752' title='bbox 3576 4920 3619 4953; x_wconf 79' lang='grc'><strong>⁸⁸</strong></span> <span class='ocrx_word' id='word_1_753' title='bbox 3655 4921 3740 4974; x_wconf 84' lang='lat' dir='ltr'><strong>Al.</strong></span> <span class='ocrx_word' id='word_1_754' title='bbox 3768 4919 3822 4971; x_wconf 84' lang='grc' dir='ltr'>τὸ</span> <span class='ocrx_word' id='word_1_755' title='bbox 3847 4926 3883 4977; x_wconf 91' lang='grc' dir='ltr'><strong>ι.</strong></span> 
     </span>
    </p>
   </div>
   <div class='ocr_carea' id='block_1_101' title="bbox 694 4982 2250 5062">
    <p class='ocr_par' dir='ltr' id='par_1_101' title="bbox 694 4982 2250 5062">
     <span class='ocr_line' id='line_1_103' title="bbox 694 4982 2250 5062; baseline 0.001 -21"><span class='ocrx_word' id='word_1_756' title='bbox 694 4982 976 5062; x_wconf 70' lang='grc' dir='ltr'>ἐλάκησεν.</span> <span class='ocrx_word' id='word_1_757' title='bbox 1007 4986 1243 5061; x_wconf 78' lang='lat' dir='ltr'><strong>Deestin</strong></span> <span class='ocrx_word' id='word_1_758' title='bbox 1266 4990 1494 5055; x_wconf 86' lang='lat' dir='ltr'><strong>utroque</strong></span> <span class='ocrx_word' id='word_1_759' title='bbox 1515 4982 1675 5043; x_wconf 81' lang='lat' dir='ltr'><strong>Vind.</strong></span> <span class='ocrx_word' id='word_1_760' title='bbox 1747 4984 1793 5018; x_wconf 76' lang='lat'>&quot;</span> <span class='ocrx_word' id='word_1_761' title='bbox 1810 4986 1943 5042; x_wconf 90' lang='lat' dir='ltr'><strong>Gen.</strong></span> <span class='ocrx_word' id='word_1_762' title='bbox 1977 5003 2051 5045; x_wconf 80' lang='grc' dir='ltr'>ιιι.</span> <span class='ocrx_word' id='word_1_763' title='bbox 2084 4988 2137 5043; x_wconf 83' lang='grc'>6.</span> <span class='ocrx_word' id='word_1_764' title='bbox 2210 4990 2250 5021; x_wconf 73' lang='grc' dir='ltr'><strong><em>το</em></strong></span> 
     </span>
    </p>
   </div>
   <div class='ocr_carea' id='block_1_102' title="bbox 2353 4982 2707 5062">
    <p class='ocr_par' dir='ltr' id='par_1_102' title="bbox 2353 4990 2707 5054">
     <span class='ocr_line' id='line_1_104' title="bbox 2353 4990 2707 5054; baseline 0 -9"><span class='ocrx_word' id='word_1_765' title='bbox 2353 4997 2449 5045; x_wconf 65' lang='lat' dir='ltr'><strong>aut.</strong></span> <span class='ocrx_word' id='word_1_766' title='bbox 2480 5005 2591 5054; x_wconf 71' lang='lat' dir='ltr'><strong>xu,</strong></span> <span class='ocrx_word' id='word_1_767' title='bbox 2624 4990 2707 5045; x_wconf 81' lang='grc'><strong>15.</strong></span> 
     </span>
    </p>
   </div>
   <div class='ocr_carea' id='block_1_103' title="bbox 1983 5102 2606 5163">
    <p class='ocr_par' dir='ltr' id='par_1_103' title="bbox 1983 5102 2606 5163">
     <span class='ocr_line' id='line_1_105' title="bbox 1983 5102 2606 5163; baseline 0.002 -7"><span class='ocrx_word' id='word_1_768' title='bbox 1983 5102 2342 5163; x_wconf 77' lang='lat' dir='ltr'><strong>VARIORUM</strong></span> <span class='ocrx_word' id='word_1_769' title='bbox 2376 5103 2606 5159; x_wconf 63' lang='lat' dir='ltr'><strong>NOTE.</strong></span> 
     </span>
    </p>
   </div>
   <div class='ocr_carea' id='block_1_104' title="bbox 762 5190 2238 5265">
    <p class='ocr_par' dir='ltr' id='par_1_104' title="bbox 762 5190 2238 5265">
     <span class='ocr_line' id='line_1_106' title="bbox 762 5190 2238 5265; baseline 0.003 -22"><span class='ocrx_word' id='word_1_770' title='bbox 762 5190 877 5260; x_wconf 73' lang='grc'>(54)</span> <span class='ocrx_word' id='word_1_771' title='bbox 908 5190 1209 5265; x_wconf 45' lang='grc' dir='ltr'>ᾖΟτιγρή.</span> <span class='ocrx_word' id='word_1_772' title='bbox 1237 5192 1355 5246; x_wconf 84' lang='lat' dir='ltr'><strong>Alia</strong></span> <span class='ocrx_word' id='word_1_773' title='bbox 1382 5200 1466 5265; x_wconf 84' lang='lat' dir='ltr'><strong>est</strong></span> <span class='ocrx_word' id='word_1_774' title='bbox 1510 5193 2029 5265; x_wconf 12' lang='lat' dir='ltr'><strong>inscriptioicapitis</strong></span> <span class='ocrx_word' id='word_1_775' title='bbox 2063 5196 2114 5247; x_wconf 90' lang='lat' dir='ltr'><strong>in</strong></span> <span class='ocrx_word' id='word_1_776' title='bbox 2157 5194 2238 5247; x_wconf 84' lang='lat' dir='ltr'><strong>al-</strong></span> 
     </span>
    </p>
   </div>
   <div class='ocr_carea' id='block_1_105' title="bbox 697 5257 2232 5331">
    <p class='ocr_par' dir='ltr' id='par_1_105' title="bbox 697 5257 2232 5331">
     <span class='ocr_line' id='line_1_107' title="bbox 697 5257 2232 5331; baseline 0.004 -20"><span class='ocrx_word' id='word_1_777' title='bbox 697 5257 812 5331; x_wconf 71' lang='lat' dir='ltr'><strong>tero</strong></span> <span class='ocrx_word' id='word_1_778' title='bbox 842 5257 963 5331; x_wconf 84' lang='lat' dir='ltr'><strong>eod.</strong></span> <span class='ocrx_word' id='word_1_779' title='bbox 1006 5257 1429 5331; x_wconf 71' lang='lat' dir='ltr'><strong>Yiiidobonensi,</strong></span> <span class='ocrx_word' id='word_1_780' title='bbox 1480 5263 1572 5317; x_wconf 86' lang='lat' dir='ltr'><strong>sed</strong></span> <span class='ocrx_word' id='word_1_781' title='bbox 1607 5257 1724 5331; x_wconf 66' lang='lat' dir='ltr'><strong>quae</strong></span> <span class='ocrx_word' id='word_1_782' title='bbox 1772 5257 1918 5316; x_wconf 60' lang='lat' dir='ltr'><strong>nihil&#39;</strong></span> <span class='ocrx_word' id='word_1_783' title='bbox 1951 5263 2016 5316; x_wconf 87' lang='lat' dir='ltr'><strong>ad</strong></span> <span class='ocrx_word' id='word_1_784' title='bbox 2066 5279 2180 5317; x_wconf 88' lang='lat' dir='ltr'><strong>rem</strong></span> <span class='ocrx_word' id='word_1_785' title='bbox 2220 5282 2232 5316; x_wconf 91' lang='lat'><strong>:</strong></span> 
     </span>
    </p>
   </div>
   <div class='ocr_carea' id='block_1_106' title="bbox 700 5328 2239 5403">
    <p class='ocr_par' dir='ltr' id='par_1_106' title="bbox 700 5328 2239 5403">
     <span class='ocr_line' id='line_1_108' title="bbox 700 5328 2239 5403; baseline 0.004 -24"><span class='ocrx_word' id='word_1_786' title='bbox 700 5328 817 5403; x_wconf 63' lang='grc' dir='ltr'>’Ότι</span> <span class='ocrx_word' id='word_1_787' title='bbox 842 5328 945 5399; x_wconf 77' lang='grc' dir='ltr'><strong>χρὴ</strong></span> <span class='ocrx_word' id='word_1_788' title='bbox 971 5330 1096 5403; x_wconf 72' lang='grc' dir='ltr'>τοὺς</span> <span class='ocrx_word' id='word_1_789' title='bbox 1121 5330 1519 5403; x_wconf 79' lang='grc' dir='ltr'>ἁμαρτάνοντας</span> <span class='ocrx_word' id='word_1_790' title='bbox 1549 5328 1847 5403; x_wconf 67' lang='grc' dir='ltr'>ίδιαζόντως</span> <span class='ocrx_word' id='word_1_791' title='bbox 1875 5332 2129 5403; x_wconf 81' lang='grc' dir='ltr'>ἐλέγχειν,</span> <span class='ocrx_word' id='word_1_792' title='bbox 2148 5335 2239 5386; x_wconf 71' lang='grc' dir='ltr'>καὶ</span> 
     </span>
    </p>
   </div>
   <div class='ocr_carea' id='block_1_107' title="bbox 693 5397 2237 5471">
    <p class='ocr_par' dir='ltr' id='par_1_107' title="bbox 693 5397 2237 5471">
     <span class='ocr_line' id='line_1_109' title="bbox 693 5397 2237 5471; baseline 0.005 -24"><span class='ocrx_word' id='word_1_793' title='bbox 693 5398 819 5471; x_wconf 77' lang='grc' dir='ltr'>τοὺς</span> <span class='ocrx_word' id='word_1_794' title='bbox 850 5397 1631 5471; x_wconf 49' lang='grc' dir='ltr'>μετανοοῦνταςπροσδέχεσθαι</span> <span class='ocrx_word' id='word_1_795' title='bbox 1660 5400 1799 5453; x_wconf 84' lang='grc' dir='ltr'>κατὰ</span> <span class='ocrx_word' id='word_1_796' title='bbox 1849 5402 1947 5469; x_wconf 81' lang='grc' dir='ltr'><strong>τήν</strong></span> <span class='ocrx_word' id='word_1_797' title='bbox 1976 5397 2082 5471; x_wconf 34' lang='grc' dir='ltr'>ξτοῦ</span> <span class='ocrx_word' id='word_1_798' title='bbox 2126 5403 2237 5454; x_wconf 81' lang='grc' dir='ltr'><strong>Κυ-</strong></span> 
     </span>
    </p>
   </div>
   <div class='ocr_carea' id='block_1_108' title="bbox 698 5464 2053 5539">
    <p class='ocr_par' dir='ltr' id='par_1_108' title="bbox 698 5464 2053 5539">
     <span class='ocr_line' id='line_1_110' title="bbox 698 5464 2053 5539; baseline 0.007 -24"><span class='ocrx_word' id='word_1_799' title='bbox 698 5464 814 5539; x_wconf 83' lang='grc' dir='ltr'>ρίου</span> <span class='ocrx_word' id='word_1_800' title='bbox 828 5464 1098 5539; x_wconf 48' lang='grc' dir='ltr'><strong>βιᾴτᾳξιξ.</strong></span> <span class='ocrx_word' id='word_1_801' title='bbox 1132 5464 1701 5539; x_wconf 19' lang='grc' dir='ltr'>ποι-ιε’ἱιιοοίιυινὶιὶιιο</span> <span class='ocrx_word' id='word_1_802' title='bbox 1729 5464 1946 5539; x_wconf 83' lang='lat' dir='ltr'><strong>excidit.</strong></span> <span class='ocrx_word' id='word_1_803' title='bbox 1979 5469 2053 5525; x_wconf 82' lang='lat' dir='ltr'><strong>lu.</strong></span> 
     </span>
    </p>
   </div>
   <div class='ocr_carea' id='block_1_109' title="bbox 769 5534 2240 5606">
    <p class='ocr_par' dir='ltr' id='par_1_109' title="bbox 769 5534 2240 5606">
     <span class='ocr_line' id='line_1_111' title="bbox 769 5534 2240 5606; baseline 0.002 -17"><span class='ocrx_word' id='word_1_804' title='bbox 769 5534 878 5606; x_wconf 47' lang='lat'><strong>(3&#39;25)</strong></span> <span class='ocrx_word' id='word_1_805' title='bbox 917 5535 1104 5606; x_wconf 71' lang='grc' dir='ltr'>Ὑμεῖς</span> <span class='ocrx_word' id='word_1_806' title='bbox 1130 5540 1183 5591; x_wconf 77' lang='grc' dir='ltr'>οι</span> <span class='ocrx_word' id='word_1_807' title='bbox 1212 5534 1482 5606; x_wconf 73' lang='grc' dir='ltr'>ποιμένεξ</span> <span class='ocrx_word' id='word_1_808' title='bbox 1508 5537 1628 5592; x_wconf 84' lang='grc' dir='ltr'><strong>σὺν</strong></span> <span class='ocrx_word' id='word_1_809' title='bbox 1654 5539 1774 5603; x_wconf 82' lang='grc' dir='ltr'>τοῖς</span> <span class='ocrx_word' id='word_1_810' title='bbox 1801 5538 2113 5604; x_wconf 68' lang='grc' dir='ltr'>διακόνοις.</span> <span class='ocrx_word' id='word_1_811' title='bbox 2144 5538 2240 5592; x_wconf 79' lang='lat' dir='ltr'><strong>Ju-</strong></span> 
     </span>
    </p>
   </div>
   <div class='ocr_carea' id='block_1_110' title="bbox 697 5600 2229 5677">
    <p class='ocr_par' dir='ltr' id='par_1_110' title="bbox 697 5600 2229 5677">
     <span class='ocr_line' id='line_1_112' title="bbox 697 5600 2229 5677; baseline 0.005 -21"><span class='ocrx_word' id='word_1_812' title='bbox 697 5600 1215 5677; x_wconf 64' lang='lat' dir='ltr'><strong>diciiecclesiastici</strong></span> <span class='ocrx_word' id='word_1_813' title='bbox 1242 5600 1365 5675; x_wconf 53' lang='lat' dir='ltr'><strong>erga</strong></span> <span class='ocrx_word' id='word_1_814' title='bbox 1419 5600 1763 5677; x_wconf 77' lang='lat' dir='ltr'><strong>peccatorum</strong></span> <span class='ocrx_word' id='word_1_815' title='bbox 1815 5623 1937 5677; x_wconf 85' lang='lat' dir='ltr'><strong>reos</strong></span> <span class='ocrx_word' id='word_1_816' title='bbox 1980 5600 2229 5677; x_wconf 78' lang='lat' dir='ltr'><strong>frequens</strong></span> 
     </span>
    </p>
   </div>
   <div class='ocr_carea' id='block_1_111' title="bbox 698 5672 2230 5745">
    <p class='ocr_par' dir='ltr' id='par_1_111' title="bbox 698 5672 2230 5745">
     <span class='ocr_line' id='line_1_113' title="bbox 698 5672 2230 5745; baseline 0.004 -22"><span class='ocrx_word' id='word_1_817' title='bbox 698 5672 897 5745; x_wconf 77' lang='lat' dir='ltr'><strong>mentio</strong></span> <span class='ocrx_word' id='word_1_818' title='bbox 929 5674 980 5726; x_wconf 87' lang='lat' dir='ltr'><strong>in</strong></span> <span class='ocrx_word' id='word_1_819' title='bbox 1005 5674 1138 5745; x_wconf 76' lang='lat' dir='ltr'><strong>libro</strong></span> <span class='ocrx_word' id='word_1_820' title='bbox 1160 5676 1281 5738; x_wconf 87' lang='lat' dir='ltr'><strong>hoc,</strong></span> <span class='ocrx_word' id='word_1_821' title='bbox 1308 5672 1367 5728; x_wconf 79' lang='lat' dir='ltr'><strong>ut</strong></span> <span class='ocrx_word' id='word_1_822' title='bbox 1386 5672 1590 5745; x_wconf 79' lang='lat' dir='ltr'><strong>ei‘apud</strong></span> <span class='ocrx_word' id='word_1_823' title='bbox 1619 5674 1857 5730; x_wconf 79' lang='lat' dir='ltr'><strong>Veteres.</strong></span> <span class='ocrx_word' id='word_1_824' title='bbox 1885 5676 1959 5730; x_wconf 90' lang='lat' dir='ltr'><strong>Eo</strong></span> <span class='ocrx_word' id='word_1_825' title='bbox 2000 5683 2051 5730; x_wconf 91' lang='lat' dir='ltr'><strong>in</strong></span> <span class='ocrx_word' id='word_1_826' title='bbox 2078 5672 2230 5745; x_wconf 78' lang='lat' dir='ltr'><strong>judi-</strong></span> 
     </span>
    </p>
   </div>
   <div class='ocr_carea' id='block_1_112' title="bbox 698 5740 2229 5813">
    <p class='ocr_par' dir='ltr' id='par_1_112' title="bbox 698 5740 2229 5813">
     <span class='ocr_line' id='line_1_114' title="bbox 698 5740 2229 5813; baseline 0.005 -22"><span class='ocrx_word' id='word_1_827' title='bbox 698 5740 782 5793; x_wconf 91' lang='lat' dir='ltr'><strong>cio</strong></span> <span class='ocrx_word' id='word_1_828' title='bbox 835 5742 1203 5798; x_wconf 85' lang='lat' dir='ltr'><strong>sacerdotibus</strong></span> <span class='ocrx_word' id='word_1_829' title='bbox 1240 5740 1502 5800; x_wconf 75' lang='lat' dir='ltr'><strong>diaconos</strong></span> <span class='ocrx_word' id='word_1_830' title='bbox 1538 5745 1715 5813; x_wconf 83' lang='lat' dir='ltr'><strong>jungit</strong></span> <span class='ocrx_word' id='word_1_831' title='bbox 1749 5745 1907 5798; x_wconf 88' lang='lat' dir='ltr'><strong>etiam</strong></span> <span class='ocrx_word' id='word_1_832' title='bbox 1939 5746 1996 5799; x_wconf 85' lang='grc' dir='ltr'>Β.</span> <span class='ocrx_word' id='word_1_833' title='bbox 2040 5740 2229 5800; x_wconf 79' lang='lat' dir='ltr'><strong>lliero-</strong></span> 
     </span>
    </p>
   </div>
   <div class='ocr_carea' id='block_1_113' title="bbox 699 5813 2226 5885">
    <p class='ocr_par' dir='ltr' id='par_1_113' title="bbox 699 5813 2226 5885">
     <span class='ocr_line' id='line_1_115' title="bbox 699 5813 2226 5885; baseline 0.005 -24"><span class='ocrx_word' id='word_1_834' title='bbox 699 5822 887 5869; x_wconf 80' lang='lat' dir='ltr'><strong>nvmus</strong></span> <span class='ocrx_word' id='word_1_835' title='bbox 922 5813 984 5866; x_wconf 83' lang='lat' dir='ltr'><strong>ad</strong></span> <span class='ocrx_word' id='word_1_836' title='bbox 1028 5813 1155 5869; x_wconf 87' lang='lat' dir='ltr'><strong>illud</strong></span> <span class='ocrx_word' id='word_1_837' title='bbox 1189 5814 1452 5870; x_wconf 66' lang='lat' dir='ltr'><strong>Michiem:</strong></span> <span class='ocrx_word' id='word_1_838' title='bbox 1484 5814 1675 5869; x_wconf 80' lang='lat' dir='ltr'><strong>Audite</strong></span> <span class='ocrx_word' id='word_1_839' title='bbox 1719 5813 1813 5869; x_wconf 83' lang='lat' dir='ltr'><strong>hoc</strong></span> <span class='ocrx_word' id='word_1_840' title='bbox 1845 5816 2098 5885; x_wconf 80' lang='lat' dir='ltr'><strong>principes</strong></span> <span class='ocrx_word' id='word_1_841' title='bbox 2135 5816 2226 5869; x_wconf 83' lang='lat' dir='ltr'><strong>do-</strong></span> 
     </span>
    </p>
   </div>
   <div class='ocr_carea' id='block_1_114' title="bbox 2348 5191 3883 5265">
    <p class='ocr_par' dir='ltr' id='par_1_114' title="bbox 2348 5191 3883 5265">
     <span class='ocr_line' id='line_1_116' title="bbox 2348 5191 3883 5265; baseline 0.004 -20"><span class='ocrx_word' id='word_1_842' title='bbox 2348 5193 2675 5265; x_wconf 10' lang='lat' dir='ltr'><strong>mufstacob,</strong></span> <span class='ocrx_word' id='word_1_843' title='bbox 2718 5204 2770 5249; x_wconf 84' lang='lat' dir='ltr'><strong>et</strong></span> <span class='ocrx_word' id='word_1_844' title='bbox 2806 5196 3012 5265; x_wconf 70' lang='lat' dir='ltr'><strong>judice:</strong></span> <span class='ocrx_word' id='word_1_845' title='bbox 3060 5196 3245 5251; x_wconf 74' lang='lat' dir='ltr'><strong>domus</strong></span> <span class='ocrx_word' id='word_1_846' title='bbox 3275 5194 3463 5256; x_wconf 71' lang='lat' dir='ltr'><strong>Israel,</strong></span> <span class='ocrx_word' id='word_1_847' title='bbox 3507 5191 3883 5265; x_wconf 67' lang='lat' dir='ltr'><strong>cap.m,_v._9:</strong></span> 
     </span>
    </p>
   </div>
   <div class='ocr_carea' id='block_1_115' title="bbox 2360 5259 3880 5333">
    <p class='ocr_par' dir='ltr' id='par_1_115' title="bbox 2360 5259 3880 5333">
     <span class='ocr_line' id='line_1_117' title="bbox 2360 5259 3880 5333; baseline 0 -17"><span class='ocrx_word' id='word_1_848' title='bbox 2360 5264 2710 5333; x_wconf 84' lang='lat' dir='ltr'><strong>habitumque</strong></span> <span class='ocrx_word' id='word_1_849' title='bbox 2758 5259 2819 5318; x_wconf 77' lang='lat' dir='ltr'><strong>in</strong></span> <span class='ocrx_word' id='word_1_850' title='bbox 2854 5276 3118 5320; x_wconf 84' lang='lat' dir='ltr'><strong>conventu</strong></span> <span class='ocrx_word' id='word_1_851' title='bbox 3153 5265 3471 5319; x_wconf 87' lang='lat' dir='ltr'><strong>clericorum</strong></span> <span class='ocrx_word' id='word_1_852' title='bbox 3504 5259 3880 5318; x_wconf 74' lang='lat' dir='ltr'><strong>dieunt-Elibe-</strong></span> 
     </span>
    </p>
   </div>
   <div class='ocr_carea' id='block_1_116' title="bbox 2346 5334 3279 5401">
    <p class='ocr_par' dir='ltr' id='par_1_116' title="bbox 2346 5334 3279 5401">
     <span class='ocr_line' id='line_1_118' title="bbox 2346 5334 3279 5401; baseline 0.005 -17"><span class='ocrx_word' id='word_1_853' title='bbox 2346 5334 2508 5385; x_wconf 89' lang='lat' dir='ltr'><strong>ritani</strong></span> <span class='ocrx_word' id='word_1_854' title='bbox 2538 5334 2777 5401; x_wconf 90' lang='lat' dir='ltr'><strong>episcopi</strong></span> <span class='ocrx_word' id='word_1_855' title='bbox 2806 5350 3011 5389; x_wconf 86' lang='lat' dir='ltr'><strong>canone</strong></span> <span class='ocrx_word' id='word_1_856' title='bbox 3036 5336 3099 5388; x_wconf 78' lang='grc'><strong>74</strong></span> <span class='ocrx_word' id='word_1_857' title='bbox 3158 5350 3279 5390; x_wconf 74' lang='lat' dir='ltr'><strong>cor.</strong></span> 
     </span>
    </p>
   </div>
   <div class='ocr_carea' id='block_1_117' title="bbox 2417 5402 3879 5471">
    <p class='ocr_par' dir='ltr' id='par_1_117' title="bbox 2417 5402 3879 5471">
     <span class='ocr_line' id='line_1_119' title="bbox 2417 5402 3879 5471; baseline -0.003 -14"><span class='ocrx_word' id='word_1_858' title='bbox 2417 5402 2527 5471; x_wconf 83' lang='grc'>(56)</span> <span class='ocrx_word' id='word_1_859' title='bbox 2554 5403 2902 5470; x_wconf 82' lang='grc' dir='ltr'>Προσέχετε,</span> <span class='ocrx_word' id='word_1_860' title='bbox 2933 5414 3038 5458; x_wconf 83' lang='lat' dir='ltr'><strong>etc.</strong></span> <span class='ocrx_word' id='word_1_861' title='bbox 3065 5404 3189 5456; x_wconf 67' lang='lat' dir='ltr'><strong>Haec</strong></span> <span class='ocrx_word' id='word_1_862' title='bbox 3220 5418 3320 5456; x_wconf 80' lang='lat' dir='ltr'><strong>vox</strong></span> <span class='ocrx_word' id='word_1_863' title='bbox 3350 5402 3616 5471; x_wconf 15' lang='lat' dir='ltr'><strong>etidecein</strong></span> <span class='ocrx_word' id='word_1_864' title='bbox 3662 5413 3879 5467; x_wconf 80' lang='lat' dir='ltr'><strong>sequen-</strong></span> 
     </span>
    </p>
   </div>
   <div class='ocr_carea' id='block_1_118' title="bbox 2347 5470 3558 5539">
    <p class='ocr_par' dir='ltr' id='par_1_118' title="bbox 2347 5470 3558 5539">
     <span class='ocr_line' id='line_1_120' title="bbox 2347 5470 3558 5539; baseline 0 -16"><span class='ocrx_word' id='word_1_865' title='bbox 2347 5478 2427 5526; x_wconf 86' lang='lat' dir='ltr'><strong>tes</strong></span> <span class='ocrx_word' id='word_1_866' title='bbox 2456 5472 2653 5525; x_wconf 89' lang='lat' dir='ltr'><strong>desunt</strong></span> <span class='ocrx_word' id='word_1_867' title='bbox 2677 5472 2728 5523; x_wconf 91' lang='lat' dir='ltr'><strong>in</strong></span> <span class='ocrx_word' id='word_1_868' title='bbox 2756 5474 2943 5539; x_wconf 89' lang='lat' dir='ltr'><strong>altero,</strong></span> <span class='ocrx_word' id='word_1_869' title='bbox 2984 5473 3105 5527; x_wconf 87' lang='lat' dir='ltr'><strong>cod.</strong></span> <span class='ocrx_word' id='word_1_870' title='bbox 3134 5472 3363 5525; x_wconf 78' lang='lat' dir='ltr'><strong>Vindob.</strong></span> <span class='ocrx_word' id='word_1_871' title='bbox 3391 5470 3558 5524; x_wconf 68' lang='lat' dir='ltr'><strong>Cum.</strong></span> 
     </span>
    </p>
   </div>
   <div class='ocr_carea' id='block_1_119' title="bbox 2418 5535 3869 5611">
    <p class='ocr_par' dir='ltr' id='par_1_119' title="bbox 2418 5535 3869 5611">
     <span class='ocr_line' id='line_1_121' title="bbox 2418 5535 3869 5611; baseline -0.001 -19"><span class='ocrx_word' id='word_1_872' title='bbox 2418 5541 2527 5611; x_wconf 82' lang='lat'><strong>(57)</strong></span> <span class='ocrx_word' id='word_1_873' title='bbox 2562 5540 2720 5602; x_wconf 80' lang='grc' dir='ltr'><strong>Ἐάν,</strong></span> <span class='ocrx_word' id='word_1_874' title='bbox 2752 5559 2805 5594; x_wconf 84' lang='grc' dir='ltr'><strong>κ.</strong></span> <span class='ocrx_word' id='word_1_875' title='bbox 2826 5558 2874 5593; x_wconf 90' lang='grc' dir='ltr'><strong>τ.</strong></span> <span class='ocrx_word' id='word_1_876' title='bbox 2891 5535 2938 5593; x_wconf 72' lang='grc' dir='ltr'>λζ</span> <span class='ocrx_word' id='word_1_877' title='bbox 2955 5543 3093 5596; x_wconf 86' lang='lat' dir='ltr'><strong>Ante</strong></span> <span class='ocrx_word' id='word_1_878' title='bbox 3116 5542 3214 5595; x_wconf 88' lang='lat' dir='ltr'><strong>bas</strong></span> <span class='ocrx_word' id='word_1_879' title='bbox 3240 5556 3397 5596; x_wconf 89' lang='lat' dir='ltr'><strong>voces</strong></span> <span class='ocrx_word' id='word_1_880' title='bbox 3423 5541 3671 5611; x_wconf 75' lang='lat' dir='ltr'><strong>leguntur</strong></span> <span class='ocrx_word' id='word_1_881' title='bbox 3689 5538 3740 5591; x_wconf 90' lang='lat' dir='ltr'><strong>in</strong></span> <span class='ocrx_word' id='word_1_882' title='bbox 3758 5535 3869 5611; x_wconf 78' lang='lat' dir='ltr'><strong>cod.</strong></span> 
     </span>
    </p>
   </div>
   <div class='ocr_carea' id='block_1_120' title="bbox 2336 5606 3872 5730">
    <p class='ocr_par' dir='ltr' id='par_1_120' title="bbox 2336 5606 3872 5730">
     <span class='ocr_line' id='line_1_122' title="bbox 2336 5606 3872 5730; baseline -0.001 -69"><span class='ocrx_word' id='word_1_883' title='bbox 2336 5606 2567 5730; x_wconf 46' lang='lat' dir='ltr'><strong>Vinélolb.</strong></span> <span class='ocrx_word' id='word_1_884' title='bbox 2600 5611 2914 5680; x_wconf 80' lang='grc' dir='ltr'>προσέχετε,</span> <span class='ocrx_word' id='word_1_885' title='bbox 2944 5618 3073 5677; x_wconf 85' lang='lat' dir='ltr'><strong>etc.,</strong></span> <span class='ocrx_word' id='word_1_886' title='bbox 3108 5626 3226 5681; x_wconf 79' lang='lat' dir='ltr'><strong>quae</strong></span> <span class='ocrx_word' id='word_1_887' title='bbox 3268 5611 3321 5664; x_wconf 91' lang='lat' dir='ltr'><strong>in</strong></span> <span class='ocrx_word' id='word_1_888' title='bbox 3358 5606 3728 5678; x_wconf 78' lang='lat' dir='ltr'><strong>superiOribus</strong></span> <span class='ocrx_word' id='word_1_889' title='bbox 3752 5606 3872 5659; x_wconf 79' lang='lat' dir='ltr'><strong>abe-</strong></span> 
     </span>
     <span class='ocr_line' id='line_1_123' title="bbox 2336 5694 2575 5730; baseline 0 0"><span class='ocrx_word' id='word_1_890' title='bbox 2336 5694 2429 5730; x_wconf 89' lang='lat' dir='ltr'><strong>ran</strong></span> <span class='ocrx_word' id='word_1_891' title='bbox 2464 5720 2476 5730; x_wconf 93' lang='lat'><strong>.</strong></span> <span class='ocrx_word' id='word_1_892' title='bbox 2525 5694 2575 5730; x_wconf 77' lang='grc' dir='ltr'>ι).</span> 
     </span>
    </p>
   </div>
   <div class='ocr_carea' id='block_1_121' title="bbox 2333 5686 2575 5732">
    <p class='ocr_par' dir='ltr' id='par_1_121' title="bbox 2333 5686 2575 5732">
     <span class='ocr_line' id='line_1_124' title="bbox 2333 5686 2575 5732; baseline 0 0"><span class='ocrx_word' id='word_1_893' title='bbox 2333 5686 2476 5732; x_wconf 88' lang='lat' dir='ltr'><strong>rant.</strong></span> <span class='ocrx_word' id='word_1_894' title='bbox 2506 5686 2575 5732; x_wconf 85' lang='lat' dir='ltr'><strong>ID.</strong></span> 
     </span>
    </p>
   </div>
   <div class='ocr_carea' id='block_1_122' title="bbox 2403 5745 3739 5818">
    <p class='ocr_par' dir='ltr' id='par_1_122' title="bbox 2403 5745 3739 5818">
     <span class='ocr_line' id='line_1_125' title="bbox 2403 5745 3739 5818; baseline -0.002 -18"><span class='ocrx_word' id='word_1_895' title='bbox 2403 5748 2513 5818; x_wconf 82' lang='grc'>(58)</span> <span class='ocrx_word' id='word_1_896' title='bbox 2549 5748 3035 5816; x_wconf 66' lang='grc' dir='ltr'>Μαρτιυοήσαντα.</span> <span class='ocrx_word' id='word_1_897' title='bbox 3067 5748 3200 5803; x_wconf 85' lang='lat' dir='ltr'><strong>Cod.</strong></span> <span class='ocrx_word' id='word_1_898' title='bbox 3230 5748 3390 5803; x_wconf 83' lang='lat' dir='ltr'><strong>Vind.</strong></span> <span class='ocrx_word' id='word_1_899' title='bbox 3424 5745 3739 5818; x_wconf 84' lang='grc' dir='ltr'>μαρτυρίαν.</span> 
     </span>
    </p>
   </div>
   <div class='ocr_carea' id='block_1_123' title="bbox 2403 5815 3860 5890">
    <p class='ocr_par' dir='ltr' id='par_1_123' title="bbox 2403 5815 3860 5890">
     <span class='ocr_line' id='line_1_126' title="bbox 2403 5815 3860 5890; baseline 0 -19"><span class='ocrx_word' id='word_1_900' title='bbox 2403 5815 2512 5888; x_wconf 77' lang='grc'>(59)</span> <span class='ocrx_word' id='word_1_901' title='bbox 2564 5818 2717 5872; x_wconf 78' lang='grc' dir='ltr'>’Λντὶ</span> <span class='ocrx_word' id='word_1_902' title='bbox 2748 5820 2877 5883; x_wconf 54' lang='grc' dir='ltr'>,τοῦ</span> <span class='ocrx_word' id='word_1_903' title='bbox 2930 5820 3192 5890; x_wconf 80' lang='grc' dir='ltr'>αἵματος,</span> <span class='ocrx_word' id='word_1_904' title='bbox 3239 5815 3437 5874; x_wconf 69' lang='grc' dir='ltr'>αὑτοῦ</span> <span class='ocrx_word' id='word_1_905' title='bbox 3469 5815 3860 5886; x_wconf 53' lang='lat' dir='ltr'><strong>exponam;</strong></span> 
     </span>
    </p>
   </div>
  </div>
