4056 6328
730 365 835 421 70⁸1

1558 362 1614 418 S.
1650 362 2036 421 CLEMENTIS
2069 368 2087 421 Ι
2116 365 2281 423 ΒΟΜ.
2324 366 2525 423 ΡΟΝΤ.
2564 366 2788 421 ΟΡΙΞΗᾸ
2821 367 3042 422 DUBIA.

3826 370 3928 426 708

726 479 895 543 mitis,
923 489 1235 545 contumax,
1275 476 1552 531 fraudator
1587 492 1600 527 :
1639 481 1728 531 hic
1759 478 1920 546 igitur
1942 479 2153 547 agnitus
2179 496 2261 550 pu.

2370 480 2495 548 φίας
2520 481 2757 533 τιννύτω·
2808 478 2923 533 εἶτα
2955 480 3378 550 μεταμελόμενος
3408 481 3926 553 προσλαμϐάνεσθωο

729 572 931 634 niatur,
956 578 1010 625 ct
1038 576 1368 640 segregetur,
1410 576 1464 622 et
1496 582 1683 636 poenas
1723 566 1945 622 fraterni
1970 569 2079 623 odii
2110 570 2222 623 luat
2249 587 2264 623 :

726 662 852 717 dein
888 677 1010 716 cum
1058 661 1391 731 propositum
1420 660 1741 722 mutaverit,
1770 667 2076 714 assumatur
2101 661 2155 715 in
2183 674 2272 715 soa-

727 754 975 807 cietatem
998 764 1015 804 :
1040 760 1199 820 atque
1219 750 1294 804 ita
1323 750 1589 819 castigati,
1621 749 1910 803 tribunalia
1935 756 2115 805 vestra
2141 750 2271 806 alle-

724 844 927 897 vahunt
950 857 1014 896 ac
1057 841 1415 911 infrequentia
1457 839 1702 895 ellicient.
1746 840 1968 910 Oportet
2013 826 2187 897 autem
2217 850 2271 899 et

727 922 914 994 mutuo
940 933 1166 1001 injurias
1190 930 1522 995 condonare;
1551 947 1661 985 non
1688 930 1905 1001 quidem
1922 931 2154 1002 judices,
2174 934 2267 989 sed

724 1040 819 1079 eos
841 1026 932 1093 qui
970 1024 1272 1079 simultates
1318 1023 1552 1089 habent;
1589 1022 2039 1094 quemadmodum
2077 1022 2264 1080 Domi-

724 1129 831 1167 nus
882 1114 1277 1183 pronuntiavit,
1321 1129 1443 1167 cum
1484 1128 1581 1184 ego
1630 1112 1823 1169 Petrus
1852 1112 2269 1185 interrogarem

724 1220 845 1259 eum
877 1223 891 1259 :
928 1224 945 1257 ι
982 1206 1203 1270 Quoties
1243 1205 1488 1275 peccabit
1517 1208 1571 1257 in
1603 1220 1687 1260 me
1721 1204 1885 1260 frater
1908 1220 2080 1270 meus,
2104 1213 2157 1261 et
2187 1206 2268 1260 di—

726 1295 932 1347 mittam
962 1293 1053 1348 ei?
1094 1310 1266 1363 usque
1304 1294 1541 1363 septies?
1567 1312 1585 1345 ι
1632 1304 1685 1348 et.
1722 1294 1997 1364 respondit
2028 1310 2041 1346 :
2096 1313 2114 1347 ι
2149 1294 2269 1351 Non

722 1383 846 1437 dico
869 1384 985 1447 tibi,
1019 1400 1189 1453 usque
1218 1385 1438 1454 septies,
1469 1386 1562 1440 sed
1590 1400 1761 1455 usque
1788 1388 2154 1457 septuagesies
2183 1403 2270 1442 se-

722 1475 859 1543 pties
874 1476 939 1531 3°.
956 1494 972 1525 ι
1004 1473 1092 1528 Sic
1108 1476 1249 1529 enim
1269 1475 1373 1529 vult
1392 1474 1649 1531 Dominus
1678 1491 1799 1531 vere
1822 1493 1941 1532 esse
1961 1492 2086 1531 suos
2105 1476 2269 1533 disci-

720 1568 894 1637 pulos,
923 1568 1160 1635 nihilque
1183 1567 1303 1621 illos
1327 1575 1515 1620 contra
1538 1552 1769 1636 aliquem
1798 1567 1993 1622 habere
2007 1583 2265 1637 unquam,

718 1659 947 1729 exempli
999 1657 1210 1728 gratia,
1252 1656 1387 1710 iram
1430 1658 1857 1722 immoderatam,
1892 1665 1984 1711 aut
2032 1656 2270 1717 furorem

718 1747 1027 1815 immanem,
1047 1756 1139 1802 aut
1160 1748 1507 1817 cupiditatem
1531 1747 1788 1817 iniquam,
1812 1754 1904 1801 aut
1923 1748 2104 1801 odium
2133 1747 2267 1802 irre-

2369 572 2461 623 xai.
2500 570 2639 623 οὕτω
2688 570 3151 640 σωφρονιζόμενοι,
3196 572 3630 641 ὲπικουφίσουσιν
3676 574 3808 643 ὑμῖν
3860 576 3927 628 τά

2370 662 2645 731 κριτήρια.
2677 660 2794 731 Χρὴ
2825 660 2882 713 δὲ
2909 663 3002 714 καὶ
3032 666 3330 733 συγχωρεῖν
3355 662 3422 715 τὰ
3441 665 3519 726 εἰς
3543 663 3807 734 ἀλλήλους
3824 666 3929 719 ἀδι-

2368 752 2606 820 κήματα·
2656 750 2715 803 οὐ
2761 751 2887 813 τοὺς
2934 750 3231 822 κρίνοντας,
3275 752 3407 807 ἀλλά
3432 753 3557 816 τοὺς
3598 754 3823 824 ἔχοντας
3850 756 3927 817 εἰς

2369 842 2607 905 ἑαυτούς·
2659 840 2838 904 καθὼς
2878 843 2905 894 ό
2948 843 3149 914 Κύριος
3176 843 3506 914 ἀπεφήνατο,
3535 844 3668 915 ἐμοῦ
3717 847 3924 917 Πέτρου

2368 934 2737 1005 ἐρωτήσαντος
2778 932 2955 986 αὐτόν’
3009 933 3273 998 «Ποσάκις
3316 936 3618 1007 ἁμαρτήσει
3662 938 3742 999 είς
3771 938 3871 1007 ἐμὲ
3897 940 3926 989 ό

2366 1022 2587 1092 ἀδελφός
2617 1040 2737 1094 μου,
2769 1025 2861 1079 καὶ
2886 1026 3077 1096 ἀφήσω
3107 1025 3401 1096 αύτῷ;ἓως
3430 1028 3706 1093 ἑπτάκιςς»
3730 1028 3828 1081 καὶ
3853 1030 3930 1080 εί-

2368 1112 2575 1177 πόντος·
2631 1132 2649 1166 ι
2687 1116 2759 1169 Οὐ
2789 1116 2928 1184 λέγω
2956 1133 3057 1179 σοι,
3085 1117 3189 1180 ἕως
3220 1116 3461 1180 ἑπτάκις,
3490 1117 3601 1172 ἀλλ’
3632 1118 3736 1179 ἕως
3778 1117 3929 1170 ἑϐδο-

2371 1203 2702 1272 μηκοντάκις
2748 1206 2905 1259 ἑπτά.
2937 1224 2954 1257 ι
2989 1205 3174 1268 Οὕτως
3199 1206 3306 1277 γὰρ
3334 1206 3475 1260 θέλει
3501 1208 3529 1259 ὁ
3559 1209 3761 1279 Κύριος
3796 1209 3931 1281 ἀλη-

2367 1291 2476 1355 θῶς
2505 1288 2642 1347 εἶναι
2675 1294 2838 1348 αὑτοῦ
2872 1296 3135 1368 μαθητὰς,
3167 1298 3261 1351 καὶ
3293 1298 3453 1369 μηδὲν
3480 1299 3621 1370 ἔχειν
3648 1300 3791 1354 κατά
3824 1316 3931 1371 μη·-

2364 1384 2510 1447 δενδς
2540 1384 2755 1440 πώποτε
2780 1426 2815 1452 ,,
2840 1383 2948 1441 οἷον
2980 1388 3149 1459 ὀργὴν
3176 1390 3430 1461 ἄμετρον,
3460 1391 3492 1462 ἥ
3522 1390 3686 1462 θυμὸν
3731 1393 3931 1462 ἀνήμε-

2368 1491 2480 1545 ρον,
2510 1474 2543 1546 ἦ
2574 1476 2864 1548 ἐπιθυμίαν
2891 1478 3092 1543 ἄδικον,
3122 1480 3155 1551 ἢ
3189 1483 3341 1551 μῖσος
3366 1480 3644 1536 ἄσπονδον.
3675 1483 3815 1545 Τοὺς
3835 1479 3929 1535 οὖν

2366 1564 2746 1635 ὀργιζομένους
2798 1570 3156 1639 συμόιδάζετε
3201 1572 3279 1634 είς
3321 1570 3519 1641 φιλίαν,
3548 1572 3672 1635 τοὺς
3709 1571 3933 1643 ἐχθραί-

2366 1671 2554 1719 νοντας
2580 1659 2658 1719 είς
2682 1658 2946 1727 ὁμόνοιαν·
2991 1661 3072 1715 ὅτι
3102 1661 3247 1728 λέγει
3274 1662 3473 1734 Κύριος
3495 1678 3508 1693 ⁸
3547 1663 3853 1734 «Μακάριοι
3881 1664 3931 1715 οἱ

2366 1748 2710 1819 εἰρηνοποιοί,
2742 1750 2823 1802 ὅτι
2850 1751 3001 1804 αὐτοὶ
3027 1752 3131 1805 υίοὶ
3161 1752 3293 1805 Θεοῦ
3322 1753 3693 1825 κληθήσονται.
3726 1772 3745 1805 ι

718 1840 1071 1895 conciliahile.
1104 1839 1211 1894 Eos
1242 1839 1421 1907 itaque
1449 1839 1537 1907 qui
1569 1840 1647 1892 ira
1664 1839 1957 1907 iactantur,
1981 1838 2047 1892 ad
2107 1836 2429 1919 amicitiam;
2454 1840 2545 1907 qui
2594 1840 2721 1919 odio
2742 1848 3086 1909 asperantur,
3138 1843 3206 1897 ad
3258 1846 3604 1900 concordiam
3630 1845 3925 1909 adducite;

717 1932 841 2002 quia
872 1930 1130 1986 Dominus
1153 1930 1228 1984 ait
1256 1946 1269 1981 :
1303 1949 1322 1982 ι
1348 1930 1495 1985 Beati
1520 1928 1752 1999 paciﬁci,
1782 1928 2037 1999 quoniam
2070 1916 2173 1997 ipsi
2200 1926 2293 1980 filii
2314 1924 2407 1983 Dei
2435 1916 2772 1984 vocabuntur
2801 1930 2868 1984 ⁶¹¹.
2910 1949 2928 1978 ι

1255 2042 1483 2099 CAPUT
1522 2042 1727 2098 XLVII.

718 2134 869 2201 Quod
898 2142 1132 2203 oporteat
1178 2135 1234 2189 in
1267 2135 1493 2189 secunda
1522 2133 1872 2190 Sabbatorum
1898 2133 2069 2203 forum
2096 2149 2263 2203 agere.

786 2224 943 2279 Fiant
966 2226 1173 2294 judicia
1194 2232 1373 2281 vestra
1416 2225 1651 2280 secunda
1690 2234 1811 2294 post
1833 2221 2124 2278 Sabhatum
2148 2222 2262 2289 die;

714 2323 775 2369 ut
805 2316 850 2372 si
884 2324 1079 2371 vestra;
1107 2317 1386 2371 sententia:
1414 2315 1840 2378 contradicatur,
1872 2320 2126 2369 vacantes
2166 2328 2264 2367 us-

713 2422 820 2477 que
849 2408 917 2461 ad
951 2406 1268 2472 Sahbatum,
1297 2405 1521 2476 possitis
1550 2404 2035 2460 contradictionem
2062 2418 2264 2473 expen-

713 2500 861 2563 dere,
893 2507 949 2554 et
975 2500 1117 2555 inter
1146 2480 1206 2554 se
1229 2498 1633 2561 dissentientes,
1668 2497 1724 2552 in
1753 2495 1895 2551 diem
1924 2494 2261 2550 Dominicum

712 2592 1023 2663 pacificare.
1065 2591 1341 2647 Assistant
1386 2596 1567 2644 autem
1622 2586 1882 2642 tribunali
1938 2587 2154 2641 diaconi
2210 2597 2263 2643 et

712 2682 1046 2754 presbyteri,
1089 2696 1214 2737 cum
1246 2680 1460 2749 justitia
1492 2692 1558 2733 ac
1585 2678 1726 2733 citra
1760 2690 2115 2748 personarum
2164 2691 2257 2731 ac-

709 2774 1012 2843 ceptionem
1036 2772 1370 2843 iudicantes,
1401 2779 1661 2843 tanquam
1687 2770 1933 2826 homines
1963 2769 2080 2828 Dei.
2122 2770 2260 2825 Cum

711 2864 880 2933 igitur
908 2873 1137 2934 utraque
1160 2877 1413 2934 persona,
1445 2863 1588 2918 sicut
1628 2868 1683 2916 et
1722 2860 1853 2916 dicit
1894 2860 1980 2916 lex
1995 2860 2062 2926 “,
2098 2860 2261 2917 adve-

710 2954 873 3018 nerit.
919 2956 1138 3009 stabunt
1178 2962 1357 3024 partes
1411 2953 1649 3008 adversa:
1691 2951 1749 3006 in
1781 2952 1959 3007 medio
1988 2951 2105 3007 foro
2146 2971 2159 3007 :
2207 2962 2262 3007 et

710 3045 913 3100 auditis
945 3046 1047 3109 iis,
1079 3053 1266 3101 sancte
1312 3044 1447 3099 ferte
1490 3043 1770 3113 suffragia,
1815 3050 2075 3098 conantes
2121 3043 2263 3097 inter

708 3135 899 3191 ambos
931 3134 1225 3191 concilium
1262 3134 1577 3199 amicitiam,
1623 3142 1747 3191 ante
1786 3134 2029 3207 episcopi
2070 3135 2261 3191 decre-

710 3234 849 3293 tum,
895 3242 965 3282 ne
1001 3228 1059 3281 in
1100 3226 1375 3297 publicum
1424 3226 1650 3297 prodeat
1688 3228 1955 3284 sententia
2003 3230 2263 3286 adversus

710 3332 832 3373 eum
862 3320 955 3389 qui
989 3318 1244 3388 deliquit;
1294 3318 1422 3388 quia
1453 3320 1743 3389 episcopus
1783 3319 1842 3374 in
1869 3319 2125 3376 tribunali
2159 3336 2259 3391 ap-

710 3409 1053 3479 probatorem
1081 3417 1135 3466 et
1156 3412 1435 3466 conscium
1454 3410 1642 3480 iudicii
1664 3411 1823 3465 habet
1841 3410 2113 3466 Christum
2141 3389 2255 3469 θέε.
2284 3389 2327 3449 C

714 3497 771 3553 Si
802 3500 895 3568 qui
928 3515 1057 3566 vero
1106 3499 1174 3555 de
1228 3499 1452 3555 infamia
1492 3516 1604 3556 non
1651 3509 1798 3556 recte
1840 3501 2149 3557 ambulandi
2202 3504 2259 3557 in

713 3588 943 3644 Domino
972 3603 1004 3643 a
1032 3590 1286 3660 quopiam
1316 3602 1645 3661 arguantur;
1675 3591 1921 3647 eumdem
1958 3592 2012 3646 in
2040 3592 2258 3648 modum

713 3692 995 3752 utramque
1019 3697 1325 3752 personam,
1350 3691 1405 3737 et
1426 3682 1763 3738 accusatoris
1792 3691 1846 3737 et
1870 3682 2131 3749 accusati,
2162 3697 2259 3737 au-

710 3772 850 3838 dite;
907 3780 962 3828 et
1017 3788 1127 3828 non
1170 3788 1236 3828 ex
1278 3766 1604 3844 praesumpta
1649 3773 1925 3842 opinione,
1970 3788 2145 3843 neque
2192 3789 2260 3829 ex

711 3863 894 3919 studio
936 3864 1101 3919 unius
1150 3865 1339 3934 partis,
1389 3865 1484 3920 sed
1525 3880 1589 3919 ex
1627 3865 1861 3935 justitia,
1904 3873 2161 3935 tanquam
2192 3865 2260 3921 de

708 3961 911 4009 aeterna
944 3955 1048 4009 vita
1078 3962 1172 4009 aut
1201 3962 1395 4020 morte,
1426 3955 1590 4011 dicite
1623 3956 1964 4011 sententiam.
2010 3974 2028 4009 ι
2055 3955 2206 4011 Juste
2233 3974 2253 4008 ι

709 4046 854 4100 enim
879 4084 896 4111 ,
956 4046 1135 4117 inquit
1179 4045 1323 4103 Deus
1351 4085 1368 4113 ,
1425 4067 1443 4099 ι
1474 4048 1815 4119 persequeris
1856 4046 2003 4118 quod
2048 4047 2257 4117 justum

709 4146 791 4195 est
825 4137 921 4193 ⁸⁸.»
958 4137 1092 4192 Nam
1123 4140 1216 4209 qui
1236 4140 1381 4209 juste
1427 4152 1458 4192 a
1499 4140 1653 4194 vobis
1681 4139 1903 4209 punitus
1930 4146 2015 4194 est
2053 4153 2115 4194 ac
2162 4154 2259 4195 ex-

708 4231 1163 4296 communicatus,
1195 4246 1225 4284 a
1251 4231 1574 4300 sempiterna
1595 4230 1704 4285 vita
1731 4237 1783 4285 et
1804 4230 1974 4301 gloria
2000 4232 2256 4301 rejiculus

708 4324 900 4388 evasit,
943 4332 1055 4378 tum
1102 4324 1241 4394 apud
1295 4331 1514 4380 sanctos
1548 4322 1794 4379 homines
1838 4322 2252 4395 ignominiosus,

710 4425 823 4472 tum
852 4417 1121 4473 obnoxius
1151 4416 1293 4489 apud
1315 4416 1501 4473 Deum.

1227 4592 1453 4649 CAPUT
1491 4593 1719 4653 XLVIII.

2859 2045 3252 2102 ΚΕΦΑΛΑῙΟΝ
3287 2047 3417 2101 ΜΖ’.

2370 2132 2493 2187 Ὀτι
2505 2133 2616 2202 χρὴ
2637 2134 2959 2204 ἐνδευτέρᾳ
2984 2136 3292 2192 Σαϐϐάτων
3312 2136 3601 2191 ποιεῖσθαι
3619 2137 3723 2203 τὰς
3732 2138 3931 2204 δίκας.

2432 2224 2513 2278 Τά
2557 2225 2878 2296 δικαστήρια
2939 2227 3092 2297 ἡμῶν
3147 2227 3379 2295 γινέσθω
3428 2227 3655 2299 δευτέρᾳ
3708 2227 3931 2282 Σαϐϐά-

2361 2329 2468 2366 των
2511 2313 2657 2386 (84),
2708 2316 2854 2379 ὅπως
2897 2316 2990 2369 ἐὰν
3033 2317 3309 2387 ἀντιλογία
3349 2320 3417 2389 τῇ
3456 2318 3721 2385 ἀποφάσει
3769 2320 3933 2391 ὑμῶν

2362 2404 2617 2476 γένηται,
2648 2406 2752 2470 ἕως
2778 2404 3055 2461 Σαὸὁάτου
3082 2408 3293 2479 ἔχοντες
3318 2409 3517 2473 ἄδειαν,
3546 2409 3807 2481 δυνηθῆτε
3842 2412 3934 2464 εὑ-

2362 2493 2514 2550 θῦναι
2543 2496 2642 2569 τὴν
2669 2496 2993 2567 ἀντιλογίαν,
3026 2500 3119 2554 καὶ
3146 2499 3450 2572 είρηνεῦσαι
3482 2503 3560 2565 είς
3588 2502 3684 2572 τὴν
3714 2504 3935 2573 Κυρια-

2360 2587 2462 2658 κὴν
2502 2588 2626 2651 τοὺς
2667 2587 3085 2660 διαφερομένους
3129 2590 3267 2661 πρὸς
3307 2590 3583 2663 ἀλλήλους.
3629 2594 3932 2664 Συμπαρέ-

2361 2692 2569 2731 στωσαν
2596 2677 2651 2731 δὲ
2676 2678 2754 2749 τῷ
2778 2679 3109 2752 δικαστηρίῳ
3127 2681 3219 2735 καὶ
3237 2681 3285 2735 οί
3312 2682 3543 2737 διάκονοι
3563 2683 3656 2737 καὶ
3680 2685 3729 2736 ot
3748 2701 3930 2756 πρεσ-

2358 2765 2571 2838 ϐύτεροι
2617 2767 2747 2839 (85),
2778 2769 3288 2843 ἀπροσωπολήπτως
3331 2773 3622 2845 κρίνοντες,
3667 2773 3741 2836 ὡς
3784 2773 3928 2827 Θεοῦ

2357 2857 2651 2929 ἄνθρωποι,
2711 2858 2847 2929 μετά
2898 2860 3257 2935 δικαιοσύνης.
3314 2864 3770 2936 Παραγενομινων
3829 2862 3931 2919 οὖν

2357 2946 2628 3020 ἑκατέρων
2654 2949 2761 3002 τῶν
2791 2949 3117 3021 προσώπων,
3158 2952 3338 3017 καθὼς
3376 2956 3469 3008 καὶ
3495 2957 3525 3008 ὁ
3549 2953 3709 3026 νόμος
3745 2953 3929 3023 λέγει,

2361 3041 2645 3111 στήσονται
2676 3041 2923 3113 ἑκάτεροι
2950 3040 3007 3093 δν
3041 3042 3190 3114 μέσῳ
3218 3043 3295 3114 τῷ
3336 3045 3622 3118 κριτηρίῳ,
3661 3040 3741 3109 οἷς
3768 3045 3931 3099 ἐστιν

2362 3132 2394 3203 ἠ
2414 3130 2708 3203 ἀντιλογία·
2744 3133 2837 3190 καὶ⁵
2858 3132 3179 3200 ἀκούσαντε,
3198 3135 3394 3203 αὐτῶν,
3414 3138 3575 3204 ὁσίως
3590 3137 3931 3209 ἀνενέγκατε

2360 3223 2458 3288 τάς
2483 3224 2711 3297 ψήφους,
2743 3224 3127 3291 σπουδάζοντες
3152 3227 3345 3291 αὐτοὺς
3371 3228 3554 3296 φίλους
3580 3230 3930 3301 ἀμφοτέρως

2364 3316 2604 3387 ποιῆσαι,
2634 3317 2761 3388 πρὶν
2787 3318 3111 3387 ἀποφάσεως
3147 3319 3246 3390 τῆς
3282 3318 3375 3373 τοῦ
3421 3320 3734 3385 ἐπισκόπου,
3765 3322 3928 3386 ὅπως

2362 3405 2435 3477 μὴ
2463 3404 2664 3470 ὶξέλθοι
2693 3408 2787 3461 ἐπὶ
2812 3408 2913 3478 γῆς
2951 3409 3129 3479 κρίσις
3167 3407 3308 3462 κατὰ
3345 3408 3438 3463 τοῦ
3485 3411 3923 3482 ἁμαρτήσαντος.

2360 3496 2544 3550 καθότι
2573 3498 2667 3553 καὶ
2694 3500 2752 3550 ὲν
2776 3497 2854 3569 τῷ
2877 3498 3204 3571 δικαστηρίῳ
3226 3498 3507 3572 σύμψηφον
3535 3500 3647 3573 ἔχει
3674 3503 3765 3556 καὶ
3799 3509 3927 3557 συν-

2362 3587 2547 3659 ίστορα
2570 3589 2669 3661 τῆς
2691 3589 2846 3661 δίκης
2872 3588 2962 3642 τὸν
2990 3590 3220 3661 Χριστὸν
3247 3591 3339 3645 τοῦ
3368 3592 3520 3647 Θεοῦ.
3571 3594 3633 3647 El
3671 3594 3725 3647 δέ
3768 3612 3927 3660 τινες

2357 3679 2415 3732 ὲν
2444 3678 2804 3752 βλασφημίαις
2829 3679 2921 3734 τοῦ
2943 3680 3016 3752 μὴ
3044 3681 3221 3746 καλῶς
3246 3682 3445 3736 ὁδεύειν
3472 3684 3530 3736 ὲν
3557 3684 3741 3756 Κυρίῳ
3758 3686 3929 3755 ἀλέγ-

2359 3757 2533 3841 χοιντο
2559 3772 2661 3825 ὑπό
2687 3788 2849 3837 τινος,
2890 3772 3088 3843 ὁμοίως
3126 3772 3451 3838 ἀκούσαντες
3494 3774 3759 3847 ἑκατέρων
3806 3780 3928 3831 τῶν

2360 3862 2682 3933 προσώπων,
2704 3863 2795 3917 τοῦ
2815 3880 2875 3916 τι
2894 3864 3340 3935 κατηγοροῦντος,
3357 3865 3448 3919 καὶ
3462 3865 3554 3920 τοῦ
3574 3884 3927 3939 κατηγορου-

2360 3951 2543 4023 μένου,
2591 3952 2725 4006 ἀλλά
2769 3954 2844 4024 μὴ
2887 3953 3170 4025 προλήψει,
3225 3954 3357 4025 μηδὲ
3400 3956 3727 4027 μονομερῶς,
3776 3959 3927 4015 ἀλλὰ

2360 4042 2495 4113 μετά
2522 4042 2878 4115 δικαιοσύνης,
2907 4044 2983 4108 ὡς
3008 4045 3147 4117 ὑπὲρ
3173 4044 3315 4115 ζωῆς
3353 4046 3568 4100 αἰωνίου
3600 4046 3633 4117 ἢ
3679 4045 3923 4105 θανάτου

2354 4132 2580 4198 διδόντες
2625 4134 2913 4203 ἀπόφασιν.
2966 4152 2985 4187 ι
3014 4135 3245 4198 Δικαίως
3268 4153 3286 4187 ι
3311 4135 3436 4208 γὰρ,
3483 4137 3645 4209 φησὶν
3686 4140 3715 4191 ό
3752 4140 3923 4205 Θεὸς,

2360 4243 2380 4277 ι
2417 4215 2593 4290 διώξει
2617 4225 2679 4279 τὸ
2704 4226 2924 4283 δίκαιον.
2940 4244 2958 4279 ι
3003 4228 3059 4281 '0
3086 4228 3193 4299 γάρ
3218 4227 3438 4293 δικαίως
3464 4229 3795 4302 τιμωρηθεὶς
3825 4238 3924 4289 καὶ

2354 4318 2664 4389 άφορισθεὶς
2692 4321 2819 4392 παρ’
2850 4319 3022 4391 ὑμῶν,
3052 4319 3265 4374 αίωνίου
3294 4319 3437 4391 ζωῆς
3479 4324 3570 4376 καὶ
3594 4323 3744 4395 δόξης
3771 4325 3921 4379 ἀπό-

2356 4409 2549 4480 ϐλητος
2592 4409 2800 4478 γέγονε,
2843 4412 2933 4464 καὶ
2974 4412 3103 4483 παρ’
3144 4410 3446 4483 ἀνθρώποις
3491 4413 3657 4479 ὁσίοις
3695 4415 3921 4487 ἄτιμος,

2357 4504 2447 4557 καὶ
2475 4502 2623 4574 παρά
2651 4502 2767 4573 Θεῷ
2793 4501 3093 4566 κατάδικος.

2835 4592 3223 4647 ΚΕΦΑΛΛΙΟΝ
3257 4592 3395 4649 MH’.

710 4684 861 4760 Quod
890 4702 990 4739 non
1023 4687 1527 4760 oporteatreamdem
1560 4704 1762 4758 prmum
1796 4691 1851 4760 in
1880 4690 2021 4743 omni
2059 4689 2247 4744 delicto

2361 4690 2480 4744 ὀτι
2496 4687 2589 4760 ,μὴ
2626 4686 2748 4755 ’χρὴ
2789 4686 3010 4760 ταύτην
3055 4682 3162 4760 (86)
3189 4677 3446 4760 ,ἐξάγειν
3487 4688 3765 4760 τιμωρίαν
3817 4692 3918 4745 ἐπι

774 4756 1030 4826 irrogare,
1056 4755 1150 4812 sed
1170 4759 1392 4822 variam,
1413 4773 1507 4826 pro
1537 4755 1786 4814 uarietate
1814 4759 2176 4830 delinquentis.

772 4910 949 4969 Nolite
968 4914 1033 4970 de
1048 4915 1193 4970 omni
1225 4923 1446 4985 peccato
1471 4915 1715 4973 eamdem
1749 4917 1993 4988 proferre
2024 4926 2245 4975 senten-

2426 4753 3086 4826 πᾶσήςῖταημμελείας,
3127 4753 3287 4808 ἀλλὰ
3315 4753 3807 4826 διάφορόγίπρὸς
3850 4763 3920 4816 τὸ

2424 4819 2706 4895 διάφορον
2732 4819 2841 4877 τόὗ
2865 4819 3315 4891 ἁμαρτάνοντος.

2426 4918 2517 4988 Μὴ
2544 4916 2723 4987 πάσης
2749 4914 2805 4968 δὲ
2835 4913 3099 4986 ἁμαρτίας
3126 4913 3225 4987 τὴν
3254 4915 3421 4989 αὐτὴν
3440 4919 3675 4972 ποιεῖσθε
3696 4918 3926 4989 ἀπόφα-

773 5025 822 5058 ⁶⁶
854 5024 1042 5084 Matth.
1065 5042 1221 5096 xvm,
1248 5026 1337 5083 2|.
1411 5027 1453 5060 ⁸⁸
1471 5026 1657 5083 Matth.
1694 5044 1748 5092 v,
1777 5027 1830 5083 9.
1908 5030 1955 5061 “
1978 5028 2133 5086 Deut.
2162 5046 2276 5094 xu,
2309 5031 2395 5087 l7.
2473 5030 2518 5063 ⁸³
2541 5029 2697 5085 Deut.
2726 5042 2839 5095 ut,
2865 5026 2954 5080 ΞΟ.

1970 5146 2327 5204 VARIORUM
2359 5146 2585 5203 NOTIE.

770 5260 882 5330 (8t)
920 5259 1167 5327 Δευτέρᾳ
1192 5258 1518 5330 Σασϐἀτων.
1569 5258 1685 5330 lloc
1710 5267 1826 5323 est,
1879 5260 2117 5315 secundo
2158 5260 2245 5317 die

690 5330 717 5381 ll
738 5328 1073 5399 edemadis,
1103 5344 1225 5383 nam
1253 5328 1504 5399 Σάδὸατα
1534 5330 1622 5383 hic
1649 5329 2013 5399 hebdomadam
2041 5331 2246 5399 signifi-

690 5406 809 5456 cat.
842 5414 947 5451 non
979 5398 1286 5451 Sabbatum.
1339 5398 1427 5452 Sic
1450 5400 1566 5453 dies
1598 5400 1759 5461 solis,
1803 5399 1914 5453 sive
1938 5398 2243 5454 Dominicus

702 5468 903 5521 dicitur
951 5468 1045 5535 μία
1092 5468 1379 5520 Σαϐϐάτων
1410 5467 1596 5521 Matth.
1647 5480 1837 5529 xxvur,
1885 5468 1934 5531 l,
1975 5467 2039 5520 ad
2084 5483 2242 5535 quem

700 5540 878 5658 iéthum
907 5537 1027 5590 vide
1062 5537 1405 5606 interpretes,
1439 5545 1493 5589 et
1531 5538 1831 5607 praesertim
1877 5535 1941 5590 ll.
1974 5535 2238 5591 Grotium.

748 5621 865 5657 LER.

748 5621 865 5657 LER.

768 5673 785 5735 ί
791 5672 878 5737 85)
918 5673 1433 5746 Etvyxapiéo'rwo'ar
1451 5675 1537 5736 δέ,
1552 5692 1609 5738 κ.
1629 5691 1677 5746 τ.
1692 5674 1744 5746 λ.
1768 5675 2032 5729 interdum
2048 5675 2138 5746 jus
2152 5674 2235 5727 di-

702 5752 894 5797 cebant
918 5744 1152 5814 episc0pi
1179 5744 1298 5809 soli;
1315 5744 1866 5803 interduinadvocatis
1890 5746 1941 5799 in
1956 5745 2237 5801 consilium

2348 5261 2563 5315 clericis
2591 5256 3067 5326 suis.'Aliquando
3098 5257 3394 5312 liberabant
3434 5274 3492 5313 se
3516 5272 3578 5312 ea
3610 5260 3871 5314 molestia
3899 5282 3914 5327 ;

2350 5329 2806 5413 inferioribusque
2840 5327 3121 5413 ordinibus
3160 5328 3331 5401 litium
3360 5328 3769 5413 diremptionem
3788 5398 3802 5409 .
3824 5347 3916 5385 re—

2349 5399 2681 5467 linquebant.
2700 5396 2881 5467 Coacti
2906 5398 3062 5451 etiam
3090 5396 3710 5467 nonnunquamfuerunt
3732 5398 3914 5455 laioos

2350 5466 2529 5519 hacin
2555 5483 2611 5520 re
2628 5466 2837 5519 clericis
2858 5482 3186 5535 praeponere.
3208 5466 3373 5535 Cujus
3397 5466 3565 5535 ultimi
3590 5469 3911 5532 exemplum

2348 5536 2513 5590 habes
2544 5536 2680 5603 apud
2717 5533 3011 5589 Socratem.
3038 5533 3188 5587 Hist.
3219 5533 3366 5594 εεέί..
3403 5534 3494 5589 lib.
3524 5550 3623 5599 vn,
3656 5550 3776 5603 cap.
3810 5538 3909 5603 37,

2346 5605 2398 5658 in
2436 5604 2653 5656 Silvano
2684 5603 2855 5672 Troja:
2885 5606 3321 5673 episc0po..cor.

2414 5673 2523 5746 (86)
2570 5674 2809 5746 Ταύζην.
2846 5673 2982 5744 Lege
3018 5672 3083 5730 ex
3114 5674 3231 5730 cod.
3268 5672 3565 5729 Vindobon.
3606 5682 3658 5727 ct
3689 5691 3744 5729 re
3780 5677 3904 5746 ipsa

2345 5744 2437 5812 τὴν
2468 5744 2650 5811 αὑτήν.
2682 5743 2844 5796 Cum.
