4102 6318
173 347 314 404 709

1111 343 1720 406 CONSTIIUTIONES
1737 342 2428 403 -APO$TOLICE.=——UB.
2459 342 2523 398 ll.

3327 345 3427 404 710
3479 295 3483 304 Δ

177 477 311 526 σιν,
355 458 470 513 ἀλλ’
516 458 750 530 ἑκάστης
797 458 951 513 ίδίαν·
1022 461 1159 528 μετά
1220 458 1417 530 πολλῆς
1459 460 1755 531 φρονήσεοκ

1873 463 2040 526 tiam,
2086 460 2189 516 sed
2232 459 2301 514 de
2349 473 2678 528 unoquoque
2725 457 3001 529 propriam
3082 470 3206 514 cum
3255 471 3426 518 multa

173 552 477 621 κρίνοντες
495 552 698 604 ἕκαστα
715 550 821 604 τῶν
840 549 1342 620 πλημμελημάτων,
1371 548 1441 602 τά
1457 567 1516 603 τε
1536 550 1775 622 σμικρὰ,-

176 642 296 694 atat
343 641 414 706 τά
441 641 692 712 -μεγάλα,
737 643 831 703 καὶ
870 640 1044 703 ἄλλως
1089 639 1200 709 (87)
1243 638 1428 710 ἔργου,
1475 641 1568 703 καὶ⁸
1597 641 1766 708 -λόγου

177 729 361 788 πάλιν
405 715 625 804 ἑτέρως,
673 734 778 792 και
807 728 1290 802 προθέσεωςί88),
1335 730 1369 801 ἢ
1415 729 1697 802 λοιδορίας,
1730 731 1773 801 ἢ

180 823 514 894 ὑπολήψεως
539 823 828 894 διαφόρως,
859 824 953 876 καὶ
980 823 1105 885 τοὺς
1136 821 1245 891 μὲνη
1265 820 1550 902 ὑπρϐαλεϊς
1579 823 1766 893 μόναις

171 914 502 978 ἀπειλαῖς,
533 916 658 976 τοὺς
713 912 772 965 δὲ
831 914 1078 983 πενήτων
1120 912 1426 984 χορηγίαις,
1472 914 1662 977 ἄλλους
1707 912 1764 966 δὲ

179 1006 469 1076 νηστείαις
501 1002 799 1067 στιϐώσεις,
830 1003 925 1057 καὶ
946 1003 1171 1074 ἑτέρους
1196 990 1494 1074 ἀφορίσεις,
1541 1005 1675 1076 πρὸς
1703 1005 1764 1057 τὸ

181 1094 425 1164 μέγεθος
449 1094 542 1147 τοῦ
563 1094 903 1166 ἐγκλήματος
933 1093 1129 1148 αὐτῶν.
1156 1095 1265 1154 Καὶ
1292 1094 1401 1164 γὰρ
1428 1095 1522 1148 καὶ
1549 1097 1577 1147 ό
1604 1094 1764 1166 νόμος

176 1189 250 1239 οὐ
296 1172 498 1249 παντὸς
542 1187 932 1258 ἁμαρτήματος
971 1187 1071 1257 τὴν
1101 1174 1271 1256 αὐτὴν
1312 1188 1549 1241 ἐποιεῖτο
1594 1204 1764 1256 τιμω-

180 1278 338 1347 ρίαν,
367 1264 503 1331 ἀλλά
527 1276 698 1339 ἄλλως
729 1277 828 1348 μὲν
853 1276 924 1329 τὰ
951 1280 1028 1340 είς
1060 1276 1190 1330 Θεὸν
1218 1262 1312 1330 καί
1352 1261 1626 1349 είςέίερέα
1663 1279 1762 1330 ικαὶ

177 1372 268 1437 είς
302 1368 446 1440 ἱερὸν
474 1369 567 1422 καὶ
611 1371 690 1432 είς
721 1369 938 1439 ίερεῖον,
985 1368 1188 1440 ἑτέρως
1213 1367 1283 1421 τά
1311 1371 1390 1432 είς
1419 1367 1638 1438 βασιλέα
1668 1370 1762 1424 καὶ

173 1461 424 1530 ἄρχοντα
467 1460 560 1514 καὶ
600 1458 933 1532 στρατιώτην
975 1461 1068 1514 καὶ
1113 1460 1385 1531 ὑπήκοον,
1414 1460 1692 1532 ὁμότιμον,
1723 1463 1758 1533 ἢ

171 1552 424 1621 οἰκέτην,
516 1552 595 1614 είς
621 1553 822 1622 κτῆμα,
842 1551 874 1620 ἢ
897 1553 976 1613 είς
1002 1550 1212 1623 ἄλογον,
1242 1552 1336 1605 καί⁵
1363 1551 1524 1604 πάλιν
1551 1551 1761 1623 παρηλ-

171 1642 468 1711 λαγμένως
507 1640 576 1694 τά
618 1643 698 1704 είς
737 1642 910 1709 γονεῖς
940 1642 1033 1693 καί¹
1062 1643 1362 1710 συγγενεῖς,
1395 1642 1567 1704 ἄλλως
1593 1642 1661 1700 τά
1701 1642 1761 1706 ἐξ

170 1733 394 1801 ὲφόδου,
426 1732 520 1785 καὶ
543 1731 612 1785 τά
637 1732 906 1793 ἀκουσίως
933 1731 1154 1802 ἑτέρως’
1199 1733 1296 1786 καὶ
1325 1734 1436 1794 τοῖς
1466 1732 1562 1802 μὲν
1591 1731 1755 1785 θάνα-

167 1840 271 1877 τον
299 1823 334 1894 ἦ
362 1823 450 1900 διά
473 1822 778 1894 σταυροῦ,ἢ
809 1824 900 1876 τὸν
928 1823 1018 1875 διὰ
1045 1822 1228 1886 λίθων,
1252 1827 1362 1886 τοῖς
1391 1823 1685 1893 δὲῖζημίαν,
1715 1825 1749 1893 ἢ
1785 1815 1823 1869 Β

173 1913 474 1985 μάστιγας,
493 1899 537 1984 ἢ
564 1913 625 1966 τὸ
650 1913 720 1967 τά
747 1915 906 1984 ὅμοια
922 1914 1126 1974 ,παθεῖν
1153 1910 1233 1978 οἷς
1259 1913 1500 1986 ἔδρασεν.
1546 1914 1771 1971 οὐκοῦν,

168 2006 275 2057 καὶ
333 2005 488 2075 ὑμεῖς
539 2003 646 2057 τῶν
694 1994 963 2076 διαφόρων
1017 2006 1425 2078 ἁμαρτημάτων
1468 2006 1752 2077 διαφόρους

166 2095 418 2150 ποιεῖσθε
444 2096 536 2148 καὶ
561 2095 658 2162 τάς
687 2096 989 2173 τιμωρίας,
1006 2097 1093 2159 ἵνα
1123 2097 1196 2170 μή
1223 2114 1306 2161 τις
1333 2097 1510 2152 ἀδικία
1541 2115 1753 2170 παρεμ-

167 2186 421 2243 πεσοῦσα
450 2187 645 2262 κινήσῃ
671 2187 761 2242 τὸν
788 2188 920 2243 Θεὸν
947 2187 1084 2260 πρὸς
1110 2189 1498 2260 ἀγανάκτησιν.
1517 2185 1625 2254 Ἧς
1643 2189 1751 2262 γάρ

167 2280 244 2331 ἂν
274 2278 456 2332 ἀδίκου
487 2280 719 2351 κρίσεως
747 2283 963 2351 μεσῖται
1007 2281 1260 2351 γένησθε,
1288 2269 1492 2353 ταύτης
1529 2282 1621 2335 κά).
1659 2282 1750 2336 τὸν

166 2371 295 2423 ἀπὸ
314 2371 443 2424 Θεοῦ
474 2371 703 2442 λήψεσθε
734 2372 940 2443 μισθόνο
996 2392 1017 2425 ι
1043 2369 1114 2443 ᾯ
1133 2372 1240 2445 γὰρ
1264 2373 1491 2449 κρίματι
1510 2374 1748 2446 κρίνετε,

168 2461 520 2532 κριθήσεσθε.
551 2481 570 2512 ι

679 2753 1073 2810 ΚΕΦΔΛΔΙΟΝ
1105 2754 1233 2811 ΜΘ.
1299 2757 1311 2769 ’

296 2864 550 2930 Οποιους
591 2865 744 2924 εῖναι
782 2868 898 2940 χρὴ
938 2868 1080 2934 τοὺς
1126 2869 1510 2940 κατηγόρους,
1554 2871 1654 2925 καὶ

799 2935 1126 3005 μάρτυρας·

243 3023 581 3089 Καθίσαντες
606 3021 700 3080 οὖν
726 3027 819 3081 ἐπὶ
844 3028 917 3081 τὸ
946 3031 1247 3100 κριτήριον,
1288 3030 1572 3102 παρόντων
1615 3029 1747 3086 ἐκα-

1867 551 2156 621 prudentia
2202 549 2768 620 iudicantes-singula
2819 549 3049 613 delicta,
3096 565 3220 606 cum
3259 568 3424 623 parva

1866 651 1980 705 tum
2026 644 2262 710 magna;
2317 649 2481 712 atque
2507 643 2689 696 -aliter
2730 642 3038 697 saneiontes
3083 642 3163 698 de.
3199 646 3426 714 peccato

1865 734 2070 804 operis,
2104 734 2418 802 iterumque
2448 731 2606 787 aliter
2646 732 2714 788 de
2761 736 2985 802 peccato
3019 736 3321 799 sermonis,
3339 736 3425 789 di-

1864 807 2211 881 verse‘etiam
2239 822 2309 879 de
2343 821 2556 878 delictis
2592 823 2877 893 propositi,
2912 831 3006 895 aut
3042 825 3300 890 convicii,
3329 834 3424 880 aut

1864 915 2218 986 suspicionis.
2259 903 2323 969 Et
2361 910 2577 984 quidem
2617 931 2681 969 ex
2727 914 3108 984 peccatoribus
3151 916 3252 971 hos
3288 918 3423 974 solis

1863 1007 2027 1061 minis
2074 1005 2366 1081 subjicies;
2411 1005 2538 1059 illos
2559 1005 2922 1078 eleemosynis
2945 1021 3077 1077 erga
3117 1023 3420 1078 pauperes;

1862 1098 2000 1151 alios
2030 1111 2160 1150 vero
2187 1094 2416 1164 jejuniis
2456 1094 2802 1163 comprimes,
2848 1104 2902 1150 et
2942 1096 3078 1150 alios
3119 1113 3217 1166 pro
3245 1101 3420 1168 gravi-

1862 1196 1972 1242 tate
2003 1188 2248 1241 criminis
2278 1186 2362 1242 sui
2394 1201 2424 1239 a
2458 1185 2704 1244 ﬁdelibus
2735 1188 3037 1256 separabis.
3067 1187 3253 1259 Neque
3275 1191 3423 1245 enim

1861 1279 1945 1334 lex
1976 1268 2123 1330 omni
2166 1285 2391 1346 peccato
2419 1282 2663 1331 eamdem
2692 1276 3016 1332 decernebat
3044 1279 3292 1347 poenam;
3326 1281 3441 1337 sed.

1861 1370 2021 1430 aliam
2061 1367 2281 1437 quidem
2316 1368 2628 1424 commissis
2659 1352 2731 1444 in:
2759 1367 2951 1430 Deum,
2993 1379 3046 1422 et
3077 1370 3132 1422 in
3167 1372 3426 1426 saeerdo-

1860 1467 1991 1522 tem,
2033 1450 2102 1513 et.
2137 1459 2196 1514 in
2235 1459 2526 1530 templum,
2552 1466 2606 1512 et
2636 1459 2704 1513 in
2751 1459 3152 1526 summarium;
3198 1462 3422 1516 alteram

1859 1564 1989 1605 vero
2019 1549 2321 1620 designatis.
2366 1548 2629 1604 adversus
2661 1549 2863 1618 regem,
2892 1558 2947 1606 et
2975 1540 3274 1622 principem
3300 1590 3332 1616 ,τ-
3369 1561 3425 1610 et

1859 1629 2117 1707 militem,
2141 1650 2197 1698 et
2223 1641 2552 1711 subjectum,
2605 1642 2866 1700 adversus
2905 1642 3190 1711 aequalem,
3226 1644 3312 1697 vel
3342 1643 3424 1696 ta-

1859 1735 2098 1799 mulum,
2160 1733 2275 1789 sive
2328 1740 2519 1786 contra
2551 1733 2966 1802 possessionem
2993 1770 3008 1795 ,
3043 1739 3158 1786 °aut
3215 1748 3420 1802 pecus;

1854 1826 2157 1893 iterumque
2177 1823 2446 1879 diversam
2469 1823 2683 1879 delictis
2704 1825 2760 1878 in
2781 1832 3038 1893 parentes
3055 1831 3108 1878 et
3128 1833 3421 1895 cognatos;

1855 1915 2093 1985 peccatis
2119 1914 2480 1978 ex‘industria
2514 1915 2699 1979 aliam,
2746 1922 2798 1968 et
2829 1913 2990 1968 aliam
3012 1928 3133 1970 .non
3167 1916 3423 1988 volunta-

1853 2007 1951 2061 riis
1986 2025 1998 2060 :
2028 2015 2190 2075 atque
2232 2005 2445 2076 aliquos
2474 2006 2690 2082 quidem
2720 2021 2847 2062 reos
2874 2006 3180 2061 aﬂiciebant
3207 2018 3379 2062 morte
3401 2047 3420 2071 ,

1853 2094 1948 2153 seu
1998 2099 2200 2165 crucis,
2245 2113 2340 2153 seu
2391 2093 2759 2169 lapidationis,
2809 2107 3034 2154 caeteros
3066 2099 3290 2162 mulcta,
3324 2107 3420 2152 aut
3491 2095 3497 2101 ’

1851 2193 2189 2262 verberibus,
2225 2199 2318 2246 aut
2361 2192 2583 2246 talionis
2628 2189 2915 2260 supplicio.
2953 2190 3124 2261 igitur
3150 2207 3249 2248 vos
3283 2207 3422 2262 quo-

1851 2298 1955 2353 que
1983 2284 2216 2340 diversis
2247 2280 2489 2353 peccatis
2513 2283 2764 2338 diversas
2790 2297 2982 2352 pinnas
3014 2282 3276 2353 lmponite
3295 2323 3310 2348 ,
3352 2300 3424 2339 ne

1850 2391 1956 2445 qua
1986 2374 2186 2442 injuria
2210 2373 2457 2428 incidens
2487 2379 2745 2443 provocet
2768 2372 2935 2447 Deum
2967 2373 3034 2427 ad
3056 2374 3417 2429 iracundiam.

1849 2465 2261 2534 Cujusetenim
2303 2464 2476 2534 iniqui
2518 2464 2710 2534 judicii
2755 2466 2910 2519 eritis
2940 2464 3154 2530 arbitri,
3199 2464 3319 2533 ejus
3367 2473 3423 2518 et

1850 2555 2152 2610 mercedem
2202 2555 2482 2625 accipietis
2528 2571 2558 2608 a
2596 2555 2707 2609 Deo
2749 2573 2762 2608 :
2815 2572 2834 2605 ι
2864 2555 2983 2620 Quo
3025 2555 3170 2609 enim
3212 2555 3426 2626 judicio

1845 2645 2242 2716 judicaveritis,
2268 2645 2731 2717 jndicabimiui“.
2763 2664 2782 2696 ι

2407 2756 2634 2813 CAPUT
2673 2756 2858 2812 XLIX.

2036 2871 2234 2938 Quales
2270 2888 2382 2926 esse
2411 2871 2554 2933 decet
2586 2880 2941 2935 accusatores,
2976 2879 3026 2924 et
3056 2880 3228 2925 testes.

1921 3025 2184 3081 Sedentes
2217 3026 2383 3096 igitur
2417 3027 2472 3079 in
2504 3025 2786 3088 tribunali,
2837 3024 3200 3094 pmsentibus
3247 3023 3418 3078 utris-

167 3115 350 3186 τέρων
400 3114 508 3168 τῶν
560 3116 890 3191 προσώπων,
937 3120 999 3178 οὐ
1054 3119 1185 3191 γάρ·
1211 3121 1452 3192 ἐροῦμεν
1482 3122 1744 3192 ἀδελφῶν,

1853 3132 1954 3186 que
1995 3119 2242 3186 personis
2277 3117 2424 3186 (non
2455 3118 2599 3170 enim
2630 3127 2725 3169 eos
2758 3113 3148 3184 appellabimus
3194 3115 3415 3179 fratres,

172 3204 376 3276 μέχρις
401 3197 464 3258 οὗ
493 3206 720 3270 ἑαυτοὺς
746 3208 804 3261 ὲν
843 3209 1029 3281 είρήνῃ
1075 3211 1418 3266 ἀπολάϐωσιν
1436 3250 1451 3277 ,
1492 3213 1748 3284 ὲρευνᾶτε

170 3295 417 3365 ἀκριϐῶς
444 3298 572 3368 περὶ
595 3297 703 3351 τῶν
729 3299 1083 3370 ἐνεχομένωνο
1135 3303 1228 3354 καὶ
1255 3302 1471 3374 πρῶτον
1500 3304 1628 3376 περὶ
1653 3304 1746 3358 τοῦ

168 3387 620 3457 κατηγοροῦντος,
650 3390 699 3441 εἰ
729 3388 942 3460 πρώτου
978 3390 1088 3461 (89)
1119 3392 1308 3445 τούτου
1338 3396 1666 3464 κατηγορεῖ,
1711 3396 1745 3466 ἢ

168 3476 271 3532 καὶ
299 3477 505 3547 ἑτέροις
529 3480 669 3532 τισὶν
700 3479 1016 3552 ἐγκλήματα
1050 3484 1396 3554 κατενήνοχε,
1441 3484 1535 3538 καὶ
1576 3485 1625 3537 εί
1672 3485 1746 3557 μὴ

171 3568 242 3622 ὲκ
287 3567 542 3638 μέμψεως
579 3569 758 3623 αὐτῶν
800 3573 834 3642 ἡ
882 3572 1178 3640 φιλονεικία
1197 3573 1242 3605 ⁵⁸
1289 3575 1382 3628 καὶ
1410 3574 1471 3627 τὸ
1499 3575 1748 3646 ἔγκλημα

172 3658 482 3722 ὑπόκειται,
512 3661 606 3713 καὶ
633 3661 792 3714 ὁποία
818 3678 900 3726 τις
939 3664 972 3732 ὴ
1013 3651 1324 3736 ἀναστροφὴ
1365 3665 1528 3718 αὑτοῦ
1573 3665 1748 3738 ὑπάρ-

172 3767 281 3821 χει·
315 3751 409 3804 καὶ
433 3752 672 3820 τοιοῦτος
697 3752 753 3806 δὲ
785 3752 858 3806 ὢν
887 3754 1278 3825 εὐσυνείδητος,
1311 3755 1382 3826 μὴ
1412 3756 1746 3810 πιστευέσθω

178 3840 364 3910 μόνος·-
408 3843 720 3914 παράνομον
763 3843 871 3916 γὰρ
901 3845 1242 3909 τὸ,τοιοῢτονο
1286 3846 1399 3899 ἀλλ’
1443 3849 1612 3918 ἐχέτω
1654 3849 1748 3901 καὶ

177 3932 394 4003 ἑτέρους
425 3934 725 4006 μάρτυρας,
754 3935 970 4005 ὁμοίους
998 3937 1144 4007 αὑτῷ
1169 3937 1261 3991 τὸν
1286 3938 1503 4008 τρόπον⁹
1567 3939 1748 4002 καθὼς

176 4027 205 4077 ό
230 4024 393 4095 νόμος
408 4023 605 4093 λέγεις
638 4044 659 4077 ‹
700 4026 820 4079 Ἐπὶ
851 4027 1114 4096 στόματος
1140 4028 1232 4081 δύο
1271 4031 1366 4083 καὶ
1407 4031 1572 4100 τριῶν
1605 4049 1745 4103 μαρ-

174 4115 354 4187 τύρων
383 4117 708 4187 σταθήσεται
735 4119 843 4170 πᾶν
875 4119 1042 4194 ῥῆμαι
1070 4138 1088 4170 ι
1121 4119 1354 4173 Διατίεδὲ
1383 4123 1626 4192 εἴπομεν,
1655 4123 1746 4177 τὸν

176 4205 598 4277 τρόπονηαὺτῶν
644 4207 1051 4280 ὲπιζητεῖσθαι,
1081 4212 1261 4274 ὁποῖος
1303 4213 1411 4283 (90)
1455 4215 1742 4283 τυγχάνει;

179 4299 362 4368 ἐπειδὴ
406 4298 663 4363 πολλάκις
705 4301 958 4371 ἐγχωρεῖ,
1011 4303 1104 4355 καὶ
1157 4305 1282 4365 τοὺς
1332 4303 1424 4357 δύο
1476 4306 1570 4357 καὶ
1620 4307 1747 4369 τοὺς

180 4389 426 4453 πλείονας
453 4392 545 4444 ἐπὶ
572 4391 725 4462 κακῷ
756 4395 1098 4464 μαρτυρῆσαι
1117 4434 1132 4458 ,
1161 4395 1254 4447 καὶ
1284 4395 1586 4466 συμφώνως
1613 4415 1747 4469 προ-

1845 3207 2019 3280 donec
2044 3222 2166 3260 cum
2195 3221 2328 3276 pace
2350 3223 2430 3262 se
2466 3206 2524 3259 in
2553 3206 2982 3275 benevolentiam
3017 3205 3409 3274 susceperint),

1846 3298 2114 3366 exquirite
2144 3296 2429 3366 diligenter
2476 3295 2544 3350 de
2577 3296 3005 3362 altercantibus;
3045 3309 3111 3348 ac
3141 3297 3317 3369 primo
3348 3295 3418 3349 de

1847 3395 2184 3454 accusatore,
2211 3402 2279 3441 an
2309 3388 2454 3442 hunc
2476 3387 2709 3457 primum
2743 3394 2985 3449 accuset,
3015 3386 3097 3440 vel
3128 3386 3254 3441 aliis
3279 3400 3418 3455 quo-

1847 3494 1953 3548 que
1981 3479 2209 3534 crimina
2240 3479 2542 3548 impegerit,
2579 3487 2632 3532 et
2664 3491 2847 3530 annon
2877 3492 2942 3530 ex
2974 3476 3194 3543 querela
3225 3477 3414 3532 eor‘um

1848 3585 1912 3623 ac
1953 3570 2322 3626 contentione
2348 3570 2555 3624 crimen
2601 3569 2942 3638 suppositum
2986 3569 3077 3632 sit,
3125 3575 3180 3622 et
3226 3568 3418 3636 quales

1848 3661 1957 3715 sint
1989 3677 2170 3716 mores
2209 3661 2520 3725 accusantis
2553 3679 2567 3714 :
2607 3661 2695 3714 cui
2733 3661 2858 3714 licet
2893 3660 3034 3712 bona
3079 3660 3414 3713 conscientia

1848 3753 2010 3816 freto,
2041 3754 2144 3810 soli
2182 3765 2360 3830 tamen
2393 3753 2524 3807 ﬁdes
2564 3768 2675 3806 non
2714 3752 2976 3805 habeatur
2996 3751 3078 3817 ";
3127 3749 3180 3804 id
3217 3751 3417 3820 quippe

1847 3847 2093 3916 iniquum
2159 3855 2274 3910 est;
2317 3844 2410 3901 sed
2447 3845 2644 3899 habeat
2672 3851 2725 3897 et
2757 3843 2896 3898 alios
2923 3851 3118 3909 testes,
3150 3843 3198 3897 ei
3230 3843 3417 3912 probi-

1847 3946 1956 3993 tate
1987 3953 2197 3993 morum
2223 3936 2567 4001 consimiles;
2609 3934 3067 4004 quemadmodum
3118 3935 3202 3988 lex
3247 3934 3413 3993 dicit;

1851 4047 1870 4079 ι
1903 4029 1960 4082 In
1987 4045 2082 4084 ore
2105 4028 2339 4084 duorum
2381 4035 2433 4082 et
2459 4027 2623 4079 trium
2653 4025 2873 4080 testium
2902 4025 3079 4079 stabit
3097 4040 3258 4081 omne
3288 4041 3415 4080 ver-

1845 4120 1972 4173 bum
1985 4120 2051 4174 ⁸⁷.
2079 4138 2095 4170 ι
2114 4119 2291 4183 Quare
2319 4124 2497 4171 autem
2511 4117 2768 4181 diximus,
2795 4116 2991 4185 inquiri
3011 4123 3262 4186 oportere
3289 4133 3413 4187 quae

1847 4211 1917 4265 sit
1951 4211 2169 4265 testium
2196 4210 2341 4264 vita?
2373 4210 2523 4280 quia,
2552 4209 2783 4272 scilicet,
2813 4223 3185 4278 saepenumero
3212 4210 3411 4274 evenit,

1847 4310 1906 4355 ut
1936 4301 2044 4357 duo
2072 4303 2155 4356 vel
2185 4302 2367 4371 plures
2396 4300 2767 4356 testimonium
2809 4297 2996 4354 dicant
3040 4299 3093 4353 in
3134 4300 3278 4354 malo
3301 4339 3316 4364 ,
3359 4308 3415 4354 et

1846 4407 1954 4446 una
1973 4408 2112 4447 voce
2142 4393 2424 4446 mendacio
2470 4390 2868 4461 suﬂragentur;
2910 4397 2969 4443 ut
3002 4389 3272 4461 Babylone
3305 4390 3415 4444 duo

182 4483 366 4554 στῆναι
391 4483 486 4535 τοῦ
513 4482 754 4551 ψεύδους·
812 4484 887 4546 ὡς
914 4485 1039 4546 τοὺς
1064 4485 1156 4537 δύο
1183 4486 1582 4557 πρεσϐυτέρους
1610 4488 1749 4542 κατά

1853 4501 2007 4540 senes
2037 4494 2227 4539 contra
2261 4484 2652 4546 Susannam”,
2696 4490 2750 4538 et
2788 4484 2842 4536 in
2889 4481 3137 4536 Samaria
3178 4483 3272 4537 [illi
3305 4483 3413 4538 ini-

181 4574 464 4644 Σωσάννης
491 4576 548 4626 ὲν
575 4573 871 4638 Βαϐυλῶνι,
903 4576 996 4627 καὶ
1023 4577 1148 4638 τοὺς
1178 4577 1329 4638 υίοὺς
1366 4576 1474 4628 τῶν
1504 4579 1742 4649 παρανό-

1853 4577 2072 4645 quitatis
2090 4585 2282 4630 contra
2305 4575 2747 4639 Nabuthteum",
2771 4583 2824 4628 et
2845 4574 3232 4646 Hierosolymis
3253 4576 3415 4630 turba

186 4682 298 4738 μων
326 4665 469 4718 κατά
494 4665 587 4718 τοῦ
616 4666 888 4719 Ναϐουθαὶ
915 4667 973 4718 ὲν
1002 4667 1305 4736 Σαμαρείᾳ,
1337 4668 1430 4721 καί⁵
1455 4669 1517 4722 τὸ
1544 4669 1744 4740 πλῆθος

179 4758 285 4810 τῶν
325 4757 589 4810 Ἰουδαίων
616 4756 756 4811 κατά
789 4756 882 4809 τοῦ
913 4755 1116 4827 Κυρίου
1147 4758 1203 4809 ὲν
1246 4757 1743 4830 Ἰερουσαλὴμ,”καὶ

181 4848 319 4903 κατά
345 4847 612 4918 Στεφάνου
637 4848 730 4902 τοῦ
758 4846 1217 4920 πρωτομάρτυρος
1243 4847 1425 4902 αὐτοῦ.
1463 4851 1743 4907 Ἔστωσαν

1846 4668 2153 4723 Iudaeorum
2190 4668 2451 4724 adversus
2496 4667 2785 4721 Dominum
2804 4667 2872 4732 ",
2909 4667 3140 4736 ejusque
3181 4666 3415 4735 primum

1845 4767 2134 4830 martyrem
2160 4758 2571 4829 Stephanum".
2602 4759 2722 4814 Sint
2745 4761 2908 4830 igitur
2929 4765 3100 4813 testes
3121 4761 3413 4824 mansueti,

1846 4851 1941 4919 ira
1962 4858 2236 4921 expertes,
2260 4852 2423 4920 aequi,
2453 4852 2718 4908 charitate
2749 4851 2981 4922 praediti,
3017 4857 3411 4920 temperantes,

250 5053 294 5122 f‘
324 5051 514 5105 Matth.
543 5050 728 5122 “1,2.
755 5049 848 5122 _7'_'_
876 5050 948 5100 ’Ἡ
979 5051 1321 5118 φιλονεικίας,
1354 5053 1436 5122 vel
1466 5052 1498 5122 ἦ
1531 5052 1755 5122 φιλονειν

1921 5051 1972 5082 ⁸⁸
2003 5050 2283 5106 Laudatur
2314 5067 2342 5106 a
2373 5053 2643 5108 Cedreno.
2680 5050 2818 5106 Vide
2842 5049 2994 5106 Test.
3025 5047 3309 5108 Veterum.

185 5120 214 5153 "'
253 5121 402 5176 Deut.
439 5137 550 5184 nx,
588 5121 674 5175 l5.
750 5119 794 5151 ⁸⁸
819 5117 956 5172 Dan.
990 5117 1109 5174 xm.
1188 5123 1231 5153 ⁸⁹
1255 5122 1316 5174 lll
1348 5117 1626 5192 chﬁxiu.

1724 5125 1768 5154 9°
1801 5107 1988 5176 Matth.
2025 5138 2172 5177 τινι.
2253 5124 2293 5154 ⁹¹
2319 5107 2439 5176 Act.
2473 5138 2524 5176 γι
2557 5134 2611 5176 et
2641 5138 2737 5175 vn.

1477 5294 1838 5350 VARIORUM
1873 5295 2102 5353 ΝΟΤᾸΞ.

256 5445 368 5514 (87)
407 5446 514 5498 Kal
542 5445 758 5509 ἄλλως.
790 5445 955 5500 Abest
994 5446 1084 5498 καί
1129 5445 1184 5499 ἰη
1205 5445 1442 5503 Vindob.
1485 5456 1605 5500 cod.
1643 5462 1745 5502 nec.

193 5516 550 5571 necessarium
574 5525 675 5569 est.
697 5519 859 5572 CLER.

256 5585 364 5650 (88)
407 5585 512 5636 Kal
541 5589 888 5650 προθέσεως.
924 5583 1049 5638 Dele
1080 5585 1172 5636 καί
1213 5602 1274 5638 ex
1303 5586 1490 5639 eodem
1533 5586 1737 5650 codice,

190 5665 240 5710 cl
268 5657 344 5706 sic
370 5655 640 5721 distingue
670 5655 885 5721 ἑτέρως·
922 5655 1248 5721 προθέσεως,
1281 5656 1492 5708 οἱα-ΙΙ).

255 5723 364 5790 til‘J)
406 5728 471 5778 Et
518 5715 772 5791 πγνώτουξ
814 5715 1139 5780 (ἑοιι.’γὶιιι1.
1188 5715 1246 5777 Ei
1295 5723 1401 5796 πρὸ
1446 5724 1631 5777 τόκου
1677 5715 1736 5777 οὗ

1851 5451 2146 5517 κατηγορεῖ
2174 5448 2266 5502 καὶ
2295 5447 2501 5517 ἑτέροις
2533 5466 2545 5500 :
2581 5464 2646 5499 an
2678 5455 2797 5498 ante
2832 5446 3148 5517 hunc_quem
3178 5459 3389 5499 accusat

1851 5514 2012 5600 etiam
2059 5514 2180 5572 aliis
2231 5514 2590 5570 accusationes
2628 5519 2908 5585 impegerit.
2968 5514 3168 5571 Eodem
3227 5533 3409 5571 sensu.

1850 5592 2031 5727 LLalii.)
2083 5657 2329 5721 Ὀποῖος.
2363 5654 2524 5713 Vind.
2555 5655 2678 5711 cod.
2709 5654 2887 5720 ὁποῖός
2914 5671 3012 5718 τις.
3055 5652 3131 5708 lo.
