4094 6320
188 425 294 488 πτ

1110 430 1707 512 (ΣΟΝΒΤΙΤΗᾞΟΝΕΞ
1728 433 2404 492 ΑΡΟΞΤΟωΟίΕ.-Ι.ῙΒ.
2445 435 2532 490 lll.

3321 431 3424 487 773

186 548 266 608 ὡς
291 547 342 598 οἱ
370 544 751 616 ἐγρηγορότες·
799 545 911 599 ἀλλ’
940 546 974 616 ἢ
1007 548 1385 613 νυστάζουσιν,
1417 549 1449 618 ἦ
1497 548 1754 619 φλυαροῦ⁴

1869 549 2180 614 adducunt,
2213 565 2322 604 non
2362 549 2604 605 sinentes
2643 550 2700 604 in
2732 547 2962 604 Domino
2988 565 3109 604 esse
3151 557 3388 604 attentos
3412 592 3428 614 ,

188 654 306 704 σιν,
349 637 383 708 ἢ
435 636 900 708 μαστροπεύουσιν
938 638 1077 707 (45),
1111 639 1143 709 ἢ
1175 640 1442 706 αίτοῦσιν,
1473 639 1506 709 ἢ
1545 640 1760 711 ἑτέρους

173 727 714 798 ,αἰχμαλωτίζουσιῃ
771 730 1138 806 προσάγοντες
1211 730 1290 800 τῷ
1345 729 1605 800 ⁶πονηρῷ,
1660 731 1759 782 οὐκ

181 821 385 883 ἐῶντες
430 821 626 884 αὐτοὺς
655 822 842 891 νήφειν
884 824 941 874 ἐν
974 822 1198 893 Κυρίῳ,
1243 822 1378 875 ἀλλὰ
1409 823 1760 891 παρασκευά-

180 910 370 976 ζοντες
386 913 666 976 τοιούτους
684 914 879 978 αὐτοὺς
906 913 1106 978 ἐξιέναι
1134 910 1236 967 οἷοι
1256 914 1350 968 καὶ
1377 915 1576 968 εἰσίασι
1595 955 1610 979 ,
1639 913 1756 968 aut.

181 1019 331 1057 κενοι
359 1005 447 1058 διὰ
463 1005 520 1058 τὸ
552 1005 625 1076 μὴ
644 1006 861 1059 ἀκούειν
882 1007 987 1059 τῶν
1007 1007 1343 1060 ὃιδασκόντω·
1381 1007 1413 1076 ἢ
1439 1006 1548 1059 τῶν
1564 1008 1755 1074 ἀναγι-

180 1097 500 1150 νωσκόντων
530 1096 618 1148 τὸν
638 1098 731 1150 τοῦ
750 1099 954 1169 Κυρίου
982 1098 1158 1166 λόγον.
1177 1098 1313 1170 Περὶ
1339 1099 1447 1168 γὰρ
1467 1099 1573 1158 τῷν
1591 1096 1757 1170 τοιούτ

1865 644 1973 695 imo
2011 641 2307 697 eliicientes
2356 649 2417 696 ut
2449 644 2586 696 tales
2629 649 2828 696 exeant
2873 641 3064 711 quales
3117 642 3429 704 intrarunt,

1867 747 2063 804 nempe
2089 735 2271 796 vacui,
2317 747 2382 788 eo
2428 733 2573 802 quod
2615 749 2724 787 non
2775 733 3046 787 audierint
3081 734 3202 788 illos
3226 733 3318 802 qui
3349 737 3432 786 vel

1866 824 2098 887 docent,
2136 826 2218 879 vel
2271 825 2457 896 legunt
2511 825 2736 879 verbum
2783 823 3018 880 Domini.
3058 823 3192 878 Nam
3224 825 3293 879 de
3322 825 3429 878 bu~

1857 915 2102 984 jusmodi
2139 913 2308 969 Isaias
2336 914 2599 986 propheta
2643 915 2776 969 dicit
2806 934 2818 968 :
2861 934 2877 966 ι
2918 915 3121 969 Auditu
3153 914 3385 970 audietis
3409 955 3426 974 .

1863 1015 1917 1059 et
1959 1021 2069 1060 non
2110 1007 2463 1076 intelligetis;
2509 1015 2564 1060 et
2604 1006 2852 1061 videntes
2885 1006 3177 1070 videbitis,
3219 1014 3271 1060 et
3319 1021 3430 1061 non

1864 1097 2051 1154 scietis
2075 1117 2088 1152 :
2123 1098 2488 1152 incrassatum
2511 1107 2594 1152 est
2633 1099 2779 1152 enim
2809 1113 2905 1152 cor
2925 1099 3107 1168 populi
3129 1098 3292 1166 hujus
3311 1099 3374 1156 °°,
3402 1116 3423 1148 ι

178 1197 291 1234 των
317 1185 410 1236 καὶ
436 1184 661 1248 Ἡσαΐας
687 1187 715 1236 ὁ
746 1188 1029 1257 προφήτης
1074 1187 1239 1255 λέγει·
1279 1209 1296 1237 ‹
1340 1189 1498 1257 Ἀκοῇ
1528 1184 1809 1247 ἀκούσετε,
1840 1184 1933 1237 καὶ
1963 1185 2025 1236 ού
2076 1185 2151 1256 μὴ
2183 1186 2396 1256 συνῆτε·
2422 1186 2514 1239 καὶ
2547 1185 2830 1254 βλέποντες
2859 1187 3077 1257 βλέψετε
3097 1229 3112 1252 ,
3141 1187 3236 1241 καὶ
3262 1187 3322 1239 οὐ
3352 1188 3427 1260 μὴ

177 1273 328 1344 ἴδητε
352 1290 366 1303 ⁹
388 1273 662 1344 ἐπαχύνθη
685 1274 792 1345 γάρ
819 1277 850 1345 ή
877 1276 1072 1346 καρδία
1098 1276 1193 1328 τοῦ
1215 1274 1342 1328 λαοῦ
1373 1274 1560 1327 τούτου
1583 1272 1712 1340 (46).
1730 1291 1746 1320 ι

713 1368 1108 1422 ΚΕΦΑΛΑΙΟΝ
1145 1365 1216 1421 Z'.

527 1457 655 1511 Οἷαί
698 1460 855 1511 εἰσιν
898 1461 957 1511 al
997 1458 1386 1527 ψευδοχῆραι.

251 1548 355 1600 τὸν
401 1549 561 1602 αὑτὸν
623 1545 715 1602 οῦν
742 1549 942 1620 τρόπον
975 1551 1070 1603 καὶ
1122 1549 1229 1603 τῶν
1261 1549 1514 1603 τοιούτων
1569 1546 1754 1618 χηρῶν

175 1639 434 1711 ἐκλείσθη
464 1639 534 1692 τὰ
560 1633 674 1692 ὦτα
717 1642 816 1709 τῆς
869 1641 1118 1713 καρδίας,
1148 1644 1228 1704 είς
1256 1642 1316 1694 τὸ
1347 1642 1422 1712 μὴ
1453 1638 1755 1709 καθεζομέ-

176 1747 276 1794 νας
305 1730 448 1784 ἔνδον
476 1732 534 1784 ἐν
561 1733 680 1794 ταῖς
710 1732 928 1800 στέγαις
957 1731 1155 1795 αὐτῶν,
1187 1731 1509 1805 προσλαλεῖν
1535 1730 1613 1801 τῷ
1643 1731 1755 1783 Κυ-

2454 1361 2683 1417 CAPUT
2715 1361 2826 1417 VII.

2207 1453 2400 1519 Quales
2426 1465 2546 1509 sunt
2567 1455 2719 1523 falsa:
2746 1457 2932 1511 vidua.

1925 1543 2008 1598 Ad
2024 1545 2274 1600 eumdem
2304 1561 2432 1617 ergo
2456 1547 2698 1610 modum,
2726 1547 3233 1617 hujusmodividute
3260 1549 3423 1605 obtu-

1855 1644 2004 1690 ratas
2034 1636 2238 1692 habent
2260 1652 2423 1694 aures
2462 1638 2685 1703 cordis;
2730 1656 2798 1694 ne
2843 1641 2991 1696 intus
3019 1642 3076 1696 in
3120 1642 3281 1698 tectis
3308 1643 3425 1697 suis

1855 1727 2128 1791 sedentes,
2152 1727 2440 1783 Dominum
2469 1731 2837 1800 alloquamur,
2868 1731 2964 1787 sed
2987 1733 3426 1789 circumcursan-

176 1821 459 1893 ριῳ,άλλὰ
488 1823 1021 1894 περιτρεχούσας,,ὲν
1071 1803 1286 1895 ἐπινοίᾳ
1325 1820 1620 1893 πορισμοῦ,
1661 1819 1752 1875 διὰ

1857 1825 1959 1884 tes,
1986 1826 2228 1889 quaestus
2249 1822 2444 1891 gratia,
2477 1839 2647 1892 nugas
2678 1824 2907 1893 agendo,
2936 1825 3219 1896 perﬁciant
3241 1827 3428 1882 adver-

174 1914 289 1967 τῷν
319 1915 592 1987 φλυαριῶν
610 1917 677 1977 ⁸⁷,
708 1914 775 1968 τὰ
803 1914 898 1967 τοῦ
942 1915 1316 1985 ἀντικειμένου
1362 1912 1755 1984 ἐπιθυμήματα

175 2006 467 2077 πράσσειν.
510 2008 575 2058 At
623 2009 872 2060 τοιαῦται
901 2001 993 2060 οῦν
1032 2007 1198 2078 χῆραι
1243 2007 1305 2058 οὐ
1349 2006 1754 2076 προσήρτηνται

171 2097 256 2168 τῷ
285 2097 652 2170 θυσιαστηρίῳ
671 2097 765 2149 τοῦ
795 2098 1049 2168 Χριστοῦ.
1083 2099 1201 2151 Εἰσὶ
1220 2096 1326 2168 γὰρ
1347 2096 1756 2166 ἕνιαιχῆραιὲρ-

171 2189 377 2258 γασίαν
422 2189 720 2261 ἡγούμεναι
753 2191 813 2242 τὸ
843 2193 1092 2262 πρᾶγμα·
1121 2191 1224 2243 ’καὶ
1268 2190 1328 2252 ὲξ
1353 2183 1428 2240 ὧν
1467 2187 1757 2255 ἀναισχύν-

171 2297 286 2344 τως
341 2281 557 2335 αίτοῦσι
595 2282 688 2335 κα).
734 2281 1027 2350 ἀπλήστως
1057 2280 1455 2352 λαμϐάνουσιν,
1503 2279 1603 2350 ἤδη
1660 2279 1752 2330 καὶ

170 2372 569 2444 ὀκνηροτέρους
597 2375 722 2434 τοὺς
751 2373 982 2434 πολλοὺς
1009 2371 1146 2442 πρὸς
1175 2371 1235 2424 τὸ
1263 2370 1462 2424 διδόναι
1490 2370 1755 2439 κατέστη-

175 2479 296 2515 σαν·
359 2463 477 2515 δέον
506 2462 615 2534 γὰρ
642 2462 809 2524 αὑτὰς
837 2463 1125 2532 ἀρκεῖσθαι
1145 2464 1258 2523 τοῖς
1279 2462 1753 2530 ὲκκλησιαστικοῖς

168 2554 264 2608 διὰ
310 2555 638 2625 μετριότητα
669 2554 910 2624 γνώμης,
943 2556 1005 2606 ὲκ
1040 2553 1147 2605 τῶν
1194 2553 1473 2614 ἐναντίων,
1521 2553 1752 2621 εμπεριο

168 2645 592 2714 τρέχουσαιμη
623 2647 745 2707 τοὺς
763 2646 871 2698 τῶν
913 2644 1154 2715 πλησίων
1193 2645 1239 2677 ⁸⁸
1264 2646 1446 2707 οἴκους
1491 2645 1754 2697 διασείου-

173 2754 284 2798 σιν,
301 2736 560 2808 εὐπορίαν
586 2737 884 2808 χρημάτων
906 2738 1125 2798 ἑαυταῖς
1153 2737 1586 2805 ὲπισωρεύουσαι
1617 2736 1748 2807 (48),

172 2828 382 2882 καὶέπὶ
412 2831 628 2898 πικροῖς
647 2828 826 2890 τόκοις
853 2828 1176 2891 δανείζουσι,
1193 2829 1285 2882 καὶ
1303 2829 1464 2900 μόνου
1485 2828 1579 2880 τοῦ
1604 2847 1752 2900 μαμ-

175 2919 336 2990 μωνᾶ
364 2917 754 2991 φροντίζουσιν·
805 2914 878 2974 ὦν
923 2921 952 2972 ὁ
997 2919 1131 2982 Θεὸς
1166 2919 1226 2972 τὸ
1264 2919 1564 2990 βαλάντιον·
1601 2920 1656 2972 αἳ
1692 2920 1754 2973 τὸ

172 3013 371 3079 φαγεῖν
400 3012 494 3066 καὶ
522 3011 583 3064 τὺ
612 3015 755 3064 πιεῖν
787 3012 1138 3084 προκρίνουσι
1184 3011 1365 3082 πάσης
1401 3011 1618 3083 ἀρετῆς,
1667 3011 1754 3064 λέ-

170 3118 392 3170 γουσαι·
431 3122 449 3154 ι
476 3104 743 3173 Φάγωμεν
773 3105 867 3156 καὶ
897 3105 1132 3174 πίωμεν,
1164 3102 1350 3174 αὔριον
1377 3102 1487 3172 γὰρ
1515 3101 1752 3174 άποθνή-
1777 3133 1822 3191 C

173 3211 399 3255 σκομεν·
433 3214 453 3246 ι
487 3195 542 3248 αἶ
568 3195 644 3257 ὡς
668 3194 879 3248 ἑστῶτα
913 3194 1086 3248 ταῦτα
1129 3194 1463 3261 ὲλογίσαντο,
1513 3193 1608 3246 καὶ
1651 3193 1751 3262 οὐχ

170 3285 251 3349 ὡς
281 3285 566 3354 φεύγοντα·
626 3288 658 3356 ἡ
706 3285 814 3356 γὰρ
844 3288 1119 3355 ἠσκηκυῦι
1149 3286 1278 3357 περὶ
1321 3284 1382 3337 τὸ
1407 3284 1750 3357 χρηματολο-

173 3378 314 3438 γετν,
341 3376 460 3430 ἀντὶ
486 3374 582 3428 τοῦ
609 3375 747 3428 Θεοῦ
777 3376 1024 3446 λατρεύει
1055 3375 1134 3448 τῷ
1166 3378 1466 3447 μαμμωνᾷ,
1495 3378 1748 3431 τουτέστι

170 3466 412 3519 δουλεύει
446 3467 524 3536 τῷ
561 3467 761 3538 κέρδει·
815 3466 893 3537 τῷ
932 3467 990 3520 δὲ
1016 3467 1134 3538 Θεῷ
1174 3467 1467 3537 εὐάρεστος
1512 3463 1650 3521 εἶναι
1687 3469 1750 3523 οὐ

170 3557 417 3620 δύναται,
448 3559 572 3613 οὐδὲ
624 3561 743 3622 ταῖς
784 3559 1056 3628 λατρείαις
1092 3558 1256 3612 αὑτοῦ
1311 3561 1569 3630 ὑπήκοος,
1623 3579 1750 3614 συν-

171 3649 316 3720 εχῶς
344 3651 404 3702 οὐ
433 3649 701 3719 δυναμένη
732 3651 1077 3720 ἐντυγχάνειν
1108 3652 1276 3722 αὐτῷ,
1309 3652 1402 3703 ἐπὶ
1430 3651 1491 3704 τὸ
1517 3654 1752 3723 ἀργυρο-

169 3740 352 3808 λογεῖν
372 3741 462 3794 τὸν
481 3741 603 3794 νοῦν
624 3743 716 3794 καὶ
744 3743 842 3813 τὴν
868 3742 1103 3795 διάθεσιν
1129 3743 1326 3812 ἔχουσα
1348 3742 1476 3814 (49)·
1519 3744 1751 3814 ἐπείπερ

172 3832 314 3885 ὅπου
340 3833 370 3885 ὀ
394 3831 684 3902 θησαυρὸς,
716 3833 830 3884 ἐκεῖ
869 3833 1023 3903 καὶὴ
1079 3833 1275 3904 καρδία
1319 3833 1507 3904 αὐτῆς·
1566 3835 1626 3887 ὲν
1676 3836 1752 3906 νῷ

172 3923 290 3994 γὰρ
318 3923 692 3993 διαλαμϐάνει,
724 3923 827 3976 ποῦ
878 3923 1116 3995 πορευθῇ
1157 3925 1442 3996 λήμματος
1476 3926 1668 3995 -χάριν,
1717 3928 1750 3998 ἢ

170 4015 262 4067 δτι
301 4015 508 4084 ήδεϊνα
557 4017 590 4085 ἡ
639 4015 767 4087 φίλη
816 4017 985 4085 αὐτῆς
1022 4016 1407 4087 ἐπιλέλησται,
1455 4020 1549 4070 καὶ
1596 4019 1754 4086 λόγον

171 4105 297 4157 τίνα
323 4106 492 4176 ταύτῃ
515 4111 896 4187 προσενεγκεῖν
939 4108 1159 4176 ὀφείλει.
1225 4108 1293 4160 Ἡ·
1325 4109 1382 4161 δὲ
1411 4109 1635 4162 τοιαῦτα
1663 4111 1751 4163 λο-

171 4195 460 4268 γιζομένη,
506 4199 690 4253 οὐκέτι
734 4203 799 4271 τῇ
854 4202 1126 4270 προσευχῇ
1185 4201 1460 4271 προσέξει,
1507 4202 1643 4255 ἀλλὰ
1685 4207 1751 4274 τῇ

174 4289 524 4362 ἑμπιπτούσῃ
554 4293 750 4362 ἐννοίᾳ·
783 4292 865 4344 διὸ
911 4293 1010 4346 κάν
1045 4308 1174 4344 ποτε
1221 4291 1422 4364 θελήσῃ
1452 4293 1752 4362 προσεύξα-

177 4381 302 4434 σθαι
334 4381 472 4454 ὺπέρ
497 4399 659 4446 τινος,
682 4385 781 4436 οὐκ
799 4383 1299 4454 εἰσακουσθήσεται·
1321 4386 1382 4436 οὐ
1412 4385 1521 4456 γὰρ
1548 4385 1606 4449 ἐξ
1624 4386 1752 4456 ὅλης

1856 1911 1986 1965 sarii
2009 1911 2304 1967 desideria.
2339 1913 2432 1968 liae
2464 1915 2628 1984 igitur
2651 1916 2848 1979 vidum,
2879 1932 3002 1971 cum
3031 1918 3237 1974 Christi
3262 1919 3422 1972 altari

1854 2016 1966 2055 non
1996 2011 2226 2070 possunt
2280 2006 2609 2074 comparari.
2669 2005 2808 2059 Sunt
2850 2009 2994 2062 enim
3041 2011 3314 2064 nonnullae
3341 2011 3424 2065 vi-

1854 2094 1996 2154 duze,
2025 2109 2148 2163 quae
2190 2095 2245 2148 in
2275 2095 2427 2148 lucro
2473 2111 2633 2155 omne
2666 2099 2907 2152 studium
2958 2116 3119 2155 suum
3170 2110 3421 2171 ponunt;

1854 2193 1908 2239 et
1935 2187 2062 2254 quia
2096 2185 2436 2254 impudenter
2486 2196 2696 2256 petunt,
2750 2204 2813 2242 ac
2845 2190 3226 2246 insatiabiliter
3274 2195 3424 2247 acci-

1855 2275 2030 2344 piunt,
2059 2276 2170 2345 jam
2201 2277 2401 2332 multos
2438 2278 2506 2331 ad
2539 2279 2880 2348 largiendum
2924 2282 3206 2350 segniores
3242 2283 3425 2337 reddi-

1853 2366 2054 2422 derunt
2084 2387 2096 2421 :
2129 2383 2362 2438 cumque
2408 2377 2704 2438 oporteret,
2749 2378 2806 2424 ut
2838 2386 2932 2441 per
2981 2371 3148 2427 animi
3178 2373 3427 2426 modera-

1854 2458 2060 2512 tionem
2117 2467 2389 2514 contenta:
2446 2469 2631 2514 essent
2687 2462 3077 2517 ecclesiasticis
3122 2463 3423 2527 subsidiis.

1855 2558 2048 2603 contra
2131 2549 2629 2606 circumeurrentes
2725 2554 3046 2607 concutiunt
3120 2553 3424 2608 vicinorum

1854 2639 2088 2706 domos,
2177 2640 2386 2696 aﬂatim
2477 2644 2764 2712 pecuniam
2855 2645 2958 2699 sibi
3039 2649 3422 2716 congerenda,

1853 2734 2320 2788 necnon'acerbo
2370 2733 2556 2788 fenore
2613 2743 2862 2789 mutuum
2921 2735 3094 2800 dant,
3147 2738 3426 2808 soliusque

1855 2837 2178 2879 mammonae
2234 2841 2422 2879 curam
2473 2827 2709 2894 habent;
2741 2842 2968 2896 quarum
3003 2827 3145 2883 Deus
3193 2839 3277 2884 est
3300 2846 3428 2884 cru-

1854 2932 2054 2983 mena;
2093 2931 2215 2987 quae
2265 2917 2446 2972 cibum
2479 2932 2542 2971 ac
2582 2925 2769 2986 potum
2801 2920 2950 2973 omni
2977 2922 3163 2975 virtuti
3212 2932 3426 2994 antepo—

1854 3017 2011 3068 nunt,
2065 3008 2272 3061 aientes
2305 3027 2316 3061 :
2360 3028 2376 3055 ‹
2412 3007 2649 3062 Edamus
2700 3017 2755 3062 et
2785 3010 3082 3080 bibamus;
3129 3025 3253 3066 cras
3281 3015 3425 3067 enim

1855 3099 2152 3152 moriemur
2175 3100 2222 3132 ”
2249 3117 2264 3163 ;
2321 3119 2340 3150 ι
2372 3107 2535 3167 atque
2588 3099 2722 3154 iStas
2755 3116 2842 3156 res
2873 3109 3132 3174 tanquam
3201 3105 3426 3159 stabiles

1855 3197 2206 3260 putaverunt,
2236 3198 2290 3245 et
2321 3206 2430 3244 non
2463 3200 2724 3262 tanquam
2753 3192 2995 3263 fugaces.
3045 3193 3180 3248 Nam
3213 3195 3270 3248 in
3292 3210 3427 3250 con-

1849 3282 2132 3352 quirendis
2161 3282 2402 3335 nummis
2444 3282 2763 3345 exercitata,
2802 3298 2903 3352 pro
2933 3283 3044 3339 Deo
3092 3284 3224 3338 colit
3249 3301 3426 3339 mam-

1850 3389 2094 3433 monam,
2121 3373 2224 3427 hoc
2256 3381 2360 3434 est,
2405 3373 2572 3428 servit
2625 3374 2814 3438 lucro;
2844 3386 2898 3428 at
2927 3375 3071 3445 apud
3095 3374 3263 3430 Deum
3300 3391 3426 3452 graf

1849 3466 1992 3521 tiosa
2021 3480 2145 3519 esse
2179 3480 2286 3519 non
2311 3473 2510 3535 potest,
2564 3481 2664 3520 nec
2702 3467 2950 3536 religioni
2978 3468 3123 3522 illius
3146 3468 3426 3540 obtempe-

1850 3573 1995 3622 rare,
2027 3573 2151 3612 cum
2203 3557 2422 3613 assidue
2467 3573 2668 3612 numen
2698 3558 2849 3613 adire
2889 3559 3117 3630 supple:
3171 3571 3424 3630 nequeat,

1851 3649 2289 3720 quandoquidem
2323 3657 2556 3703 mentem
2585 3657 2641 3704 et
2663 3650 2996 3706 voluntatem
3022 3652 3279 3722 parandis
3308 3653 3428 3723 opi-

1851 3743 1954 3796 bus
1981 3743 2247 3796 intentam
2278 3741 2474 3795 habeat
2511 3760 2523 3794 :
2556 3742 2814 3811 quoniam
2871 3743 2964 3797 ubi
2999 3743 3315 3806 thesaurus,
3351 3744 3424 3797 ibi

1852 3841 1907 3886 et
1936 3846 2030 3886 cor
2049 3831 2207 3888 illius
2236 3831 2283 3862 ’°
2317 3851 2330 3886 :
2366 3832 2634 3906 siquidem
2669 3839 2851 3887 mente
2873 3834 3100 3896 volutat,
3119 3848 3229 3903 quo
3259 3848 3429 3888 acceo

1850 3924 1943 3977 det
1988 3932 2225 3992 capturae
2247 3925 2420 3993 gratia
2446 3942 2459 3978 :
2495 3933 2589 3978 aut
2619 3923 2763 3993 quod
2796 3923 2886 3977 illa
2914 3925 3200 3996 quapiam.
3225 3927 3422 3988 amica,

1853 4014 2021 4066 oblita
2050 4023 2134 4068 est
2160 4016 2302 4083 ejus,
2327 4022 2381 4068 et
2431 4031 2538 4085 quo
2588 4013 2734 4068 illam
2791 4016 2951 4069 aliam
2996 4031 3246 4072 sermone
3275 4030 3430 4070 com-

1853 4105 2057 4173 pellare
2095 4104 2308 4160 debeat.
2362 4103 2634 4160 Caeterum
2687 4121 2810 4177 quae
2859 4107 2985 4160 talia
3033 4115 3283 4178 reputat,
3313 4123 3423 4164 non

1854 4197 2090 4264 amplius
2121 4197 2356 4250 orationi
2412 4198 2661 4260 vacabit,
2695 4199 2791 4254 sed
2826 4199 3051 4254 instanti
3081 4200 3421 4271 cogitationi.

1854 4285 2194 4357 Quapropter
2217 4291 2262 4343 si
2285 4287 2427 4344 forte
2440 4303 2540 4359 pro
2559 4291 2742 4358 aliquo
2753 4290 2965 4360 precari
2975 4291 3126 4355 velit,
3141 4305 3252 4346 non
3264 4306 3425 4346 exau-

1853 4380 2038 4434 dietur
2065 4396 2079 4431 :
2114 4394 2225 4435 non
2256 4381 2402 4435 enim
2427 4396 2492 4436 ex
2524 4387 2642 4434 toto
2671 4380 2857 4443 corde,
2888 4379 2983 4436 sed
3011 4388 3194 4436 mente
3224 4381 3423 4436 distra-

174 4472 403 4544 καρδίας
439 4475 734 4545 προσφέρει
777 4475 876 4546 τὴν
927 4475 1112 4546 δέησιν
1151 4476 1360 4545 Κυρίῳ,
1407 4476 1545 4528 ἀλλὰ
1581 4477 1750 4546 μέμε-

1855 4480 1965 4536 cta,
2005 4470 2235 4526 Domino
2285 4470 2442 4526 offert
2489 4475 2883 4542 precationem.
2941 4471 3072 4540 Quae
3103 4479 3280 4527 autem
3312 4472 3424 4529 Deo

179 4549 413 4636 ρισμένῂ
431 4565 655 4636 διανοίᾳ·
713 4565 828 4635 ἠδὲ
881 4566 998 4636 Θεῷ
1045 4565 1342 4638 βουλομένη
1373 4569 1749 4638 προσανέχειν,

176 4654 462 4726 καθημένη
499 4656 665 4718 ἔνδον,
696 4657 880 4727 φρονεῖ
905 4657 973 4710 τὰ
1025 4657 1121 4710 τοῦ
1180 4658 1408 4728 Κυρίου,
1438 4660 1633 4722 νυκτὸς
1659 4661 1754 4714 καὶ

178 4746 391 4817 ἡμέρας
427 4749 832 4818 ἀκαταπαύστῳ
861 4749 1085 4820 στόματι
1132 4748 1315 4820 δέησιν
1372 4750 1756 4820 προσφέρουσα

179 4839 466 4910 εἰλικρινῆ.
503 4839 709 4910 Ὠσπερ
735 4836 828 4892 οὖν
857 4841 951 4893 καὶ
981 4841 1013 4909 ἡ
1039 4841 1321 4910 σοφωτάτη
1365 4838 1588 4909 ’Ῑουδὴθ,
1617 4857 1756 4913 μαρο

181 4931 488 5000 τυρουμένη
520 4931 612 4982 ἐπὶ
643 4931 985 5002 σωφροσύνῃ,
1017 4932 1211 4994 νυκτὸς
1232 4931 1326 4986 καὶ
1349 4933 1559 5002 ἡμέρας
1589 4934 1756 4984 ἐδεῖτο

178 5019 276 5073 τοῦ
331 5019 465 5072 Θεοῦ
497 5022 634 5093 ὑπὲρ
661 5021 756 5073 τοῦ
802 5022 1030 5093 Ἰσραήλ·
1088 5023 1260 5084 οὓτως
1286 5019 1378 5077 οὖν
1415 5024 1507 5077 καὶ
1534 5025 1566 5094 ἡ
1596 5025 1756 5093 ὁμοία

181 5113 320 5182 αὐτῇ
337 5112 478 5184 χήρα
489 5113 723 5177 ἔντευξιν
735 5113 1150 5169 ἀκατάπαυστον
1164 5117 1191 5166 ὑ
1201 5114 1302 5184 πὲρ
1315 5115 1410 5184 τῆς
1437 5113 1630 5186 Ἐκκλη
1639 5117 1756 5178 σίας

253 5269 300 5342 ξ⁶
333 5268 440 5342 Ῑεει.
471 5288 524 5326 Vl
546 5313 562 5337 ,
594 5282 647 5327 9.
751 5276 814 5342 "7
835 5273 906 5342 al.
943 5273 1260 5342 φλοιαριῶν.

179 5341 224 5372 ⁶¹
257 5339 446 5396 Judith
476 5331 562 5408 Ix,
595 5353 648 5398 et
674 5357 774 5397 xu.
803 5341 840 5395 1.
868 5331 1037 5412 Ιεῐιόι.
1073 5331 1327 5412 interpol.
1360 5340 1428 5396 ad
1457 5339 1670 5398 Pliilad.
1703 5344 1755 5398 4.

1369 5273 1413 5305 ⁸⁸
1456 5271 1492 5328 Τ.
1544 5274 1841 5336 πλουσίων,
1885 5274 2130 5330 divitum

1859 4565 2099 4618 animum
2123 4561 2406 4618 intendere
2427 4560 2722 4628 desiderat,
2753 4565 2896 4617 intra
2923 4564 3165 4633 privatos
3189 4565 3423 4632 parietes

1859 4654 2075 4721 sedens,
2098 4657 2301 4725 cogitat
2355 4671 2480 4727 qum
2524 4657 2590 4709 ad
2639 4656 2928 4710 Dominum
2984 4657 3278 4726 pertinent,
3326 4671 3425 4728 per

1857 4754 2072 4802 noctem
2121 4763 2186 4802 ac
2239 4749 2381 4802 diem
2431 4763 2527 4803 ore
2583 4763 2861 4818 nunquam
2915 4756 3170 4802 cessante
3207 4761 3422 4818 precem

1857 4841 2127 4895 sinceram
2163 4839 2272 4894 Deo
2317 4838 2589 4895 deferens.
2639 4835 3106 4907 Quemadmodum
3148 4852 3280 4908 ergo
3333 4852 3418 4893 sa-

1859 4935 2197 5004 pientissima
2243 4931 2464 4986 Juditha
2493 4932 2562 4994 ⁹¹,
2591 4929 2869 5000 pudicitia:
2925 4929 3242 4985 testimonio
3282 4929 3419 4983 cele-

1858 5025 1994 5090 bris,
2031 5035 2188 5080 nocte
2219 5041 2282 5079 ac
2320 5023 2408 5078 die
2436 5021 2604 5077 Deum
2636 5037 2735 5090 pro
2748 5018 2963 5078 Israele
2987 5019 3384 5090 depreCabatur
3411 5031 3426 5078 ς

1857 5121 1932 5171 ita
1964 5132 2180 5189 quoque
2203 5116 2281 5170 illi
2310 5129 2407 5185 par
2435 5115 2614 5178 vidua,
2647 5111 3018 5178 indesinenter
3036 5125 3136 5183 pro
3179 5109 3424 5166 Ecclesia

2246 5274 2291 5304 "'
2329 5271 2434 5326 Isa.
2478 5284 2624 5333 nu,
2660 5268 2747 5322 i5.
2882 5268 2928 5300 ”
2979 5265 3169 5322 Ilatth.
3201 5280 3276 5330 vr,
3325 5263 3417 5320 2|.

1475 5498 1841 5557 VARIORUM
1876 5500 2108 5557 ΝΟΤᾸΞ.

272 5630 364 5701 85)
384 5634 1008 5702 Ἦμαστροπεύουσιν.
1029 5634 1236 5691 Desunt
1253 5637 1308 5690 in
1335 5633 1548 5692 eodem.
1574 5636 1746 5694 Cum.

275 5703 386 5775 461.
409 5706 646 5758 Τούτου.
691 5705 839 5758 Alter
882 5707 1005 5763 cod.
1040 5706 1188 5760 addit
1227 5709 1326 5760 καὶ
1355 5705 1754 5775 τοῖςώσὶνψβα-

179 5773 603 5850 ,κως-ηκουσαν,
638 5775 781 5850 quod
803 5777 1097 5850 sequentia-
1115 5778 1279 5850 etiagn
1303 5776 1598 5850 postulant.
1632 5773 1709 5833 Ib.

256 5841 379 5915 (47)·
420 5841 992 5912 ’Βμπεριφέχουὰαι
1045 5845 1106 5901 In
1144 5841 1320 5903 coddf
1351 5846 1749 5916 ὲπιτρέχουσαι,

465 5934 733 5996 Parnm“
781 5936 898 5997 (in.
933 5939 981 6000 l.

1856 5636 2344 5722 νειηξξέτρὲκφυσαι·
2379 5636 2456 5722 ξι·-
2790 5717 2841 5722 -_
3055 5701 3322 5722 .--μμ

1928 5707 2039 5788 (48)
2056 5701 2594 5788 :E'E'ugwpsdovaat.
2611 5705 2765 5761 Alter
2781 5701 3028 5756 codicum
3055 5701 3421 5774 ὶπισωρεύουο

1860 5774 1944 5839 σι,
1967 5774 2179 5829 melius.
2208 5774 2284 5830 In.

1931 5841 2040 5916 (49)
2071 5847 2361 5912 Ἔχουσα.
2394 5843 2546 5899 Alter
2571 5842 2694 5900 cod.
2725 5840 3097 5912 Exst,rectitts.
3126 5834 3205 5896 ἰ».

3013 5934 3096 5996 25
