4056 6328
709 365 812 423 779

1552 367 1608 423 S.
1649 366 2047 426 CLEMENTIS
2083 369 2105 424 l
2142 367 2308 427 ROM.
2356 369 2558 427 PONT.
2595 365 2823 424 OPERA
2860 366 3062 423 DUBIA

3842 362 3949 422 780

708 484 817 541 Deo
853 481 1223 553 supplicabit;
1269 484 1367 553 qui
1412 482 1666 538 exaudiet
1722 499 1865 549 eam,
1896 484 2158 556 quoniam
2210 486 2269 540 in

2377 485 2647 557 προσοίσει
2697 482 2833 553 Θεῷ,
2850 482 2942 534 καὶ
2955 481 3324 534 εἰσακούσεται
3343 479 3531 550 αὐτῆς,
3542 478 3705 533 διὰτὸ
3716 478 3820 550 τὴν
3830 478 3945 531 διά-

704 576 809 631 Ιιοο
846 574 1021 630 solum
1064 582 1243 630 mente
1274 575 1493 645 alligata
1524 584 1629 639 est,
1673 585 1728 631 et
1756 592 1930 646 neque
1955 578 2022 633 ad
2044 578 2270 632 insatia-

620 655 627 661 ’
702 673 812 719 tam
834 666 1171 728 aviditatem,
1208 682 1383 736 neque
1420 666 1487 721 ad
1517 676 1889 738 sumptuosam
1918 668 2269 739 cupiditatem

704 758 967 814 incumbit
991 776 1006 825 ;
1041 765 1203 829 atque
1227 758 1420 813 oculus
1445 759 1566 827 ejus
1585 769 1669 814 est
1691 769 1897 822 castus,
1936 760 2088 816 auris
2115 775 2269 814 mun-

699 849 792 914 da,
823 836 1017 905 manus
1049 850 1363 919 impolluta,
1396 850 1559 919 pedes
1589 850 1781 919 quieti,
1808 866 1871 906 os
1901 850 2137 921 denique
2168 866 2266 907 ne-

702 957 811 1011 que
852 940 919 995 ad
951 941 1265 1012 ingluviem,
1306 957 1483 1012 neque
1521 942 1589 997 ad
1638 942 1873 1013 ineptias
1919 950 2267 1013 promptum;

702 1032 795 1087 sed
826 1030 1053 1103 loquens
1086 1032 1306 1103 quidem
1355 1050 1475 1103 quae
1503 1034 1824 1099 condecent,
1875 1049 1938 1089 ea
1967 1048 2097 1089 vero
2129 1033 2271 1087 dun-

704 1132 855 1178 taxat
912 1140 1136 1180 sumens
1185 1140 1305 1195 quae
1346 1125 1716 1181 sustentandae
1752 1127 1873 1181 vitae
1913 1126 2267 1181 conveniunt.

703 1214 835 1281 Quae
866 1216 947 1271 sic
987 1217 1148 1271 fuerit
1175 1217 1365 1287 proba,
1423 1217 1606 1286 gravis
1649 1230 1714 1270 ac
1744 1218 1950 1282 sedata,
1982 1215 2092 1271 Deo
2121 1232 2271 1271 eom-

704 1308 938 1377 placebit
956 1308 1263 1378 ;simulqne
1284 1322 1349 1362 ac
1370 1307 1573 1378 aliquid
1591 1307 2272 1378 postulaverit,pra3veniet

704 1414 825 1453 eam
852 1399 1103 1471 largitio:
1142 1418 1161 1451 ι
1197 1399 1388 1454 Adhuc
1432 1399 1598 1462 enim.
1652 1399 1850 1471 inquit,
1905 1400 2158 1470 loquente
2196 1408 2270 1463 te,

704 1490 883 1547 dicam
924 1512 935 1546 :
963 1490 1101 1546 Ecce
1130 1490 1322 1547 adsum
1353 1493 1418 1547 θ’.
1461 1512 1481 1545 ι
1509 1490 1559 1525 ’⁸
1587 1490 1787 1547 Eadem
1818 1493 2003 1562 igitur,
2033 1493 2105 1547 sit
2132 1492 2273 1546 divi-

709 1582 909 1637 tiarum
940 1584 1329 1651 contemptrix,
1358 1582 1503 1639 fastu
1542 1599 1758 1649 carens,
1792 1601 1901 1639 non
1944 1586 2088 1655 turpi
2120 1586 2275 1640 lucro

704 1671 910 1739 dedita,
940 1688 1049 1728 non
1100 1674 1469 1744 inexplebilis,
1518 1692 1627 1730 non
1654 1691 1865 1743 vorax;
1908 1677 2018 1731 imo
2066 1685 2297 1748 temper

2370 593 2522 630 νοιαν
2544 576 2710 645 αὐτῆς
2742 575 2876 646 πρὸς
3055 571 3227 641 τούτῳ
3244 570 3526 644 ἠρτῆσθαι,
3540 570 3635 623 καὶ
3647 570 3787 642 μήτε
3817 569 3948 641 πρὸς

2346 663 2694 737 ’ἀπληστίαν,
2721 666 2857 735 μήτε
2887 662 3028 735 πρὸς
3055 662 3349 732 ἐπιθυμίαν
3371 662 3746 716 πολυδάπανον
3772 662 3948 715 ἐκκει-

2372 757 2516 811 σθαι·
2530 759 2617 811 ὅτε
2633 755 2907 827 ὀφθαλμὸς
2918 754 3086 825 αὐτῆς
3099 753 3280 822 ἁγνὸς,
3293 754 3384 807 καὶ
3403 755 3436 825 ἡ
3455 754 3592 825 ἀκοὴ
3605 754 3845 824 καθαρὰ,
3857 756 3949 808 καὶ

2374 852 2429 903 αἱ
2446 853 2624 922 χεῖρες
2654 848 2966 921 ἀμόλυντοι,
2998 846 3092 899 καὶ
3118 846 3167 898 οἱ
3197 844 3355 907 πόδες
3388 844 3581 914 ἥσυχοι
3617 843 3755 915 (50),
3778 843 3950 898 καὶτδ

2374 941 2543 1011 στόμα
2570 941 2693 994 οὔτε
2730 939 2865 1011 πρὸς
2878 936 3225 1009 λαιμαργίαν,
3247 933 3367 988 οὗτε
3384 935 3520 1006 πρὸς
3530 935 3797 1005 φλυαρίαν
3814 936 3951 988 ἔτοι-

2374 1049 2495 1103 μον,
2527 1031 2661 1084 ἀλλὰ
2689 1028 2879 1084 λαλοῦν
2903 1031 3001 1101 μὲν
3014 1028 3082 1081 τὰ
3107 1028 3311 1091 δέοντα,
3336 1024 3750 1098 μεταλαμϐάνον
3774 1026 3835 1079 δὲ
3876 1019 3949 1079 ὧν

2375 1122 2614 1193 προσῆκε
2642 1122 2731 1174 διὰ
2754 1122 2919 1192 μόνην
2933 1119 3030 1191 τὴν
3048 1118 3324 1172 σύστασιν.
3344 1117 3499 1171 Οὕτω
3511 1118 3682 1190 σεμνὴ
3702 1118 3801 1173 καὶ
3816 1118 3949 1172 ἀτά-

2375 1230 2535 1285 ραχος
2564 1213 2899 1285 ὑπάρχουσα,
2928 1210 3216 1282 εὐάρεστος
3241 1210 3392 1263 ἔσται
3434 1208 3514 1281 τῷ
3540 1208 3679 1280 Θεῷ·
3710 1210 3807 1263 καὶ
3838 1209 3953 1281 ἅμα

2371 1304 2449 1374 τῷ
2480 1304 2802 1373 αἰτήσασθαι
2830 1306 2998 1376 αὐτήν
3039 1320 3130 1367 τι,
3162 1301 3479 1373 προφθάσειι
3522 1300 3692 1372 αὐτὴν
3720 1302 3755 1373 ὴ
3782 1301 3947 1365 δόσις·

2381 1415 2400 1448 ι
2416 1398 2536 1450 Ἐτι
2554 1396 2661 1469 γὰρ
2679 1396 2793 1461 σοῦ,
2826 1398 2979 1468 φησὶ,
2999 1395 3285 1460 λαλοῦντος
3298 1384 3438 1467 ἐρῶ·
3500 1394 3630 1448 Ἰδοὺ
3659 1394 3913 1466 πάρειμι.
3926 1414 3946 1446 ι

2375 1488 2610 1561 Τοιαύτη
2641 1489 2698 1543 δὲ
2723 1485 2879 1553 οὖσα,
2938 1488 3227 1560 ὑπαρχέτω
3278 1486 3669 1558 άφιλάργυρος,
3724 1487 3951 1555 ἄτυφος,

2380 1582 2457 1653 μὴ
2485 1582 2897 1654 αἰσχροκερδὴςν
2948 1580 3022 1652 μὴ
3054 1581 3346 1653 ἄπληστος,
3379 1579 3455 1650 μὴ
3485 1579 3681 1648 λίχνος·
3711 1578 3828 1631 ἀλλ’
3858 1580 3951 1647 εγ-

2381 1676 2609 1747 κρατὴς,
2628 1677 2851 1744 πραεῖα,
2874 1674 3165 1745 ἀτάραχος,
3200 1672 3453 1744 εὐλαϐὴς,
3503 1672 3784 1743 αἰδήμων,
3817 1671 3953 1725 καθ-

706 1777 859 1828 rans,
891 1772 1194 1829 mansueta,
1216 1766 1528 1835 tranquilla,
1547 1766 1821 1837 religiosa,
1844 1768 2169 1832 verecunda,
2199 1783 2276 1823 se—

2380 1767 2555 1838 ημένη
2594 1769 2651 1821 ἐν
2696 1771 2761 1839 τῇ
2794 1769 2940 1841 οἰκίᾳ
2971 1770 3160 1838 αὐτῆς,
3191 1766 3487 1838 ψάλλουσα,
3510 1764 3949 1836 προσευχομένη,

707 1856 845 1912 dens
868 1856 1011 1912 domi
1028 1873 1158 1921 suae,
1184 1830 1440 1927 psallens,
1456 1830 1861 1927 orans,legcns,
1877 1859 2126 1928 vigilans,
2139 1830 2276 1928 jeju-

2379 1830 2839 1927 άναγινώσκούσα,
2875 1830 3247 1931 ἀγρυπνοῦσα,
3291 1830 3950 1929 νηστεύουσα,Θειῖινπάνο

710 1963 995 2011 nans,cum
1025 1947 1685 2017 Deosempercolloquens
1714 1948 1945 2003 canticis
1958 1957 2013 2003 et
2041 1950 2275 2019 hymnis.

710 2037 912 2092 Lanam
939 2038 1207 2103 faciendo,
1250 2039 1371 2095 aliis
1393 2039 1575 2109 potius
1601 2038 1927 2110 suppeditet,
1959 2056 2119 2109 quam
2144 2042 2261 2111 ipsa

708 2132 894 2201 aliquo
913 2132 1177 2201 indigeat;
1209 2146 1415 2187 memor
1431 2130 1518 2185 vid
1527 2146 1607 2185 uae
1622 2146 1651 2183 a
1682 2130 1907 2184 Domino
1923 2129 1977 2187 in
1991 2130 2279 2201 Evangelio

711 2224 1099 2295 comprobatae,
1118 2238 1238 2291 qua:
1268 2222 1490 2276 veniens
1512 2220 1579 2274 ad
1611 2222 1891 2290 templum,
1926 2221 1979 2274 in
2003 2221 2280 2292 gazOphy-

610 2368 615 2377 ,
712 2315 910 2369 lacium
944 2314 1090 2368 misit
1120 2312 1228 2367 duo
1256 2327 1363 2367 arra
1408 2311 1616 2365 minuta
1638 2350 1655 2375 ,
1686 2311 1830 2380 quod
1859 2321 1942 2366 est
1966 2312 2277 2381 quadrans;

711 2413 768 2459 at
817 2420 937 2461 eam
966 2404 1197 2458 intuitus
1226 2403 1407 2458 cordis
1431 2402 1680 2472 cognitor
1736 2400 1988 2457 Christus
2018 2402 2279 2459 Dominus

712 2508 897 2551 noster
937 2511 1002 2551 ac
1042 2496 1320 2565 magister,
1352 2495 1427 2549 ait
1461 2511 1476 2548 :
1522 2512 1542 2544 ι
1573 2494 1744 2548 Amen
1773 2494 1897 2549 dico
1930 2495 2105 2559 vobis,
2136 2510 2277 2566 quo-

711 2586 857 2641 niam
882 2586 997 2641 haec
1030 2585 1189 2640 vidua
1227 2587 1347 2655 plus
1375 2585 1629 2639 omnibus
1672 2586 1819 2640 misit
1852 2585 1906 2639 in
1953 2586 2279 2657 gazophyla-

712 2678 858 2732 cium
885 2697 899 2733 :
924 2678 1051 2747 quia
1086 2692 1278 2734 omnes
1320 2692 1386 2731 ex
1430 2676 1760 2731 abundantia
1810 2690 1911 2730 sua
1967 2678 2277 2744 miserunt;

713 2768 827 2825 haec
850 2780 1049 2835 autem,
1079 2768 1146 2823 de
1170 2769 1417 2838 penuria,
1443 2784 1659 2823 omnem
1694 2768 1900 2822 victum
1933 2784 2090 2823 suum
2116 2785 2278 2839 quem

715 2860 903 2915 habuit
923 2861 990 2915 ".
1032 2879 1049 2912 I
1083 2858 1266 2929 Itaque
1303 2868 1516 2930 oportet
1545 2860 1737 2915 viduas
1783 2861 2011 2916 honeste
2062 2870 2278 2916 zetatem

714 2967 894 3022 agere,
920 2951 1231 3007 obedientes
1258 2950 1550 3020 episcopis,
1574 2952 1906 3021 presbyteris
1923 2961 1979 3006 et
2007 2952 2275 3015 diaconis.

598 3060 619 3087 ε’
645 3047 675 3121 '_
714 3044 1042 3112 insuperque
1070 3050 1123 3097 et
1147 3042 1871 3108 diaconissis;-reverentes,
1907 3043 2275 3112 pudibundas,

2378 1966 2497 2003 τοτε
2520 1950 2919 2022 προσομιλοῦσα
2929 1951 3093 2022 ᾠδαῖς
3120 1951 3213 2004 καὶ
3233 1949 3445 2021 ὕμνοις·
3468 1947 3589 2020 ἔριά
3605 1963 3663 2000 τε
3682 1946 3957 2017 ἐκλαμϐά-

2378 2059 2543 2095 νουσα
2561 2083 2577 2107 ,
2613 2040 2818 2112 ἑτέροις
2840 2040 3037 2111 μᾶλλον
3054 2039 3469 2115 ὲπιχορηγείτῳ,
3490 2040 3634 2110 ἥπερ
3646 2038 3794 2109 αὐτή
3811 2054 3957 2101 τινος

2376 2133 2595 2187 δεέσθω·
2622 2134 3031 2205 μιμνησκομένη
3061 2134 3159 2204 τῆς
3184 2134 3243 2185 ὲν
3269 2130 3348 2203 τῷ
3391 2129 3707 2200 Εὐαγγελιῳ
3737 2146 3956 2200 μεμαρ-

2376 2226 2688 2297 τυρημένης
2734 2224 2841 2278 ὑπὸ
2883 2224 2979 2278 τοῦ
3010 2223 3216 2293 Κυρίου
3248 2223 3442 2294 χήρας,
3471 2221 3594 2292 ἥτις
3616 2214 3861 2274 ἒλθοῦσα
3898 2221 3956 2275 ὲν

2378 2318 2453 2388 τῷ
2501 2317 2647 2389 ἱερῷ,
2681 2316 2865 2370 ἔϐαλεν
2884 2319 2963 2380 εἰς
2989 2316 3051 2369 τὸ
3077 2316 3474 2384 γαζοφυλάκιον
3532 2312 3603 2367 τὰ
3626 2311 3723 2366 δύο
3751 2311 3953 2376 λεπτά,

2377 2408 2512 2480 ὅπερ
2549 2409 2663 2461 ἐστὶ
2688 2408 3002 2479 κοδράντης·
3036 2408 3128 2461 καὶ
3152 2406 3484 2477 θεασάμενος
3524 2405 3696 2474 αὐτὴν
3739 2405 3772 2456 δ
3819 2420 3955 2474 καρ-

2378 2501 2703 2571 διογνώστης
2730 2500 2963 2571 Χριστὸς
2991 2501 3021 2553 ὁ
3064 2500 3263 2569 Κύριος
3290 2498 3445 2568 ἡμῶν
3481 2499 3576 2550 καὶ
3610 2494 3957 2561 διδάσκαλος,

2379 2587 2549 2645 εἶπεν·
2569 2611 2587 2643 ι
2613 2593 2781 2663 Ἀμὴν
2809 2590 2951 2659 λέγω
2980 2592 3127 2661 ὑμῖν,
3150 2588 3383 2659 ὃτιαῦτη
3405 2590 3438 2658 ἡ
3459 2589 3603 2659 χήρα
3622 2586 3960 2640 πλεῖονπάν-

2378 2698 2483 2735 των
2527 2682 2713 2736 ἔϐαλεν
2743 2684 2820 2745 εἰς
2846 2682 2908 2735 τὸ
2919 2681 3329 2749 γαζοφυλάκιον·
3369 2683 3452 2734 ὅτι
3476 2681 3527 2733 οἱ
3548 2679 3752 2742 πάντες
3778 2677 3959 2731 ὲκτοῦ

2378 2773 2807 2843 περισσεύματος
2838 2772 3013 2825 αὐτῶν
3043 2772 3251 2839 ἔϐαλον,
3280 2771 3417 2843 αὓτη
3454 2770 3509 2824 δὲ
3548 2772 3614 2824 ἐκ
3648 2769 3747 2823 τοῦ
3799 2772 3959 2824 ὑστε-

2381 2866 2622 2935 ρήματος
2655 2864 2775 2918 ὅλον
2803 2865 2971 2935 αὐτῆς
3009 2864 3099 2917 τὸν
3132 2863 3243 2933 βίον
3268 2863 3328 2916 ὃν
3373 2858 3505 2932 εἶχε.
3544 2880 3563 2913 ι
3610 2861 3836 2931 Σεμνὰς
3865 2857 3960 2915 οὖν

2377 2958 2457 3011 δεῖ
2486 2953 2622 3010 εἶναι
2649 2957 2747 3020 τὰς
2774 2958 2966 3027 χήρας,
3002 2954 3330 3025 πειθομένας
3365 2956 3477 3016 τοῖς
3510 2952 3840 3015 ἐπισκόποις
3868 2952 3963 3005 καὶ

2378 3052 2489 3111 τοῖς
2516 3047 2903 3119 πρεσϐυτέροις
2954 3046 3046 3100 καὶ
3091 3048 3202 3109 τοῖς
3246 3044 3532 3110 διακόνοις,
3574 3042 3657 3096 ἔτι
3705 3042 3819 3113 μὴν
3866 3044 3963 3096 καὶ

716 3144 1039 3197 metuentes,
1066 3149 1175 3188 non
1206 3134 1431 3189 liberius
1462 3134 1644 3188 vivere
1674 3149 1737 3187 ac
1766 3134 1821 3187 in
1853 3150 1949 3189 sua
1978 3150 2098 3189 esse
2126 3144 2276 3205 pote-

2377 3144 2494 3203 ταῖς
2531 3142 2815 3206 διακόνοις,
2847 3138 3264 3209 εὐλαϐουμένας,
3295 3134 3717 3207 ὲντρεπομένας,
3752 3140 3961 3204 φοϐου-

716 3234 854 3283 state
908 3226 1163 3289 nitentes,
1214 3241 1388 3295 neque
1437 3226 1572 3278 citra
1626 3225 2001 3295 praescriptum
2041 3227 2279 3280 volentes
2330 3226 2331 3229 “

716 3316 1011 3387 (ιιήιιιιωιυ
1053 3315 1229 3371 facere
1274 3316 1392 3370 sine
1441 3316 1655 3368 diaconi
1705 3315 2281 3386 voluntate;exempli

715 3423 903 3473 causa,
936 3408 983 3464 si
1022 3407 1353 3478 pergendum
1384 3408 1455 3461 sit
1510 3407 1577 3459 ad
1635 3406 1870 3475 aliquem
1894 3446 1909 3469 ,
1959 3414 2018 3461 ut
2064 3423 2187 3461 cum
2218 3422 2283 3462 eo

718 3499 1044 3554 manducent
1092 3514 1155 3552 ac
1181 3500 1390 3560 bibant,
1430 3498 1511 3551 vel
1542 3497 1747 3567 aliquid
1783 3501 1851 3550 ab
1903 3499 2087 3568 aliquo
2138 3500 2283 3552 acci-

720 3591 889 3662 piant.
942 3590 1038 3645 Sin
1068 3607 1195 3645 vero
1221 3592 1425 3659 injussa
1463 3590 1655 3642 horum
1687 3588 1979 3659 quidquam
2006 3600 2281 3660 perpetra-

718 3684 811 3747 rit,
837 3684 1042 3752 jejunio
1074 3683 1329 3752 punietur
1380 3688 1471 3733 aut
1503 3688 1835 3750 segregetur,
1869 3688 2127 3750 tanquam
2158 3696 2282 3751 pro-

639 3846 646 3854 .
719 3781 870 3829 torva
892 3782 945 3827 et
973 3772 1408 3828 ineonsiderans.

1296 3860 1527 3937 CAPUT
1568 3883 1701 3939 \'lll.

718 3975 874 4041 Quod
903 3992 1005 4029 non
1033 3986 1258 4043 oportet.
1286 3985 1342 4027 ut
1384 3976 1447 4029 ab
1488 3976 1715 4047 indignis
1746 3976 1968 4047 occipiat
1996 3977 2170 4039 vidua,
2204 3978 2281 4029 re!

1099 4047 1389 4113 cpiscopus,
1426 4046 1503 4099 vel
1535 4045 1672 4100 alius
1698 4045 1894 4114 ﬁdelis.

792 4135 946 4192 Unde
975 4137 1121 4192 enim
1164 4138 1323 4189 vidua
1361 4137 1533 4200 novit,
1578 4138 1753 4207 qualis
1802 4137 1873 4192 sit
1916 4152 1979 4191 ea
2027 4137 2219 4191 mulier
2249 4152 2277 4190 a

717 4242 823 4297 qua
851 4230 1077 4298 accipit,
1112 4238 1206 4281 aut
1248 4244 1314 4283 ex
1349 4243 1583 4300 quonam
1630 4229 1934 4283 ministerio
1964 4228 2277 4301 alimentum

716 4321 967 4389 apponit;
1003 4329 1184 4374 utrum
1214 4337 1281 4375 ex
1303 4322 1514 4391 rapina,
1544 4329 1636 4373 aut
1656 4336 1719 4376 ex
1752 4321 1855 4373 alia
1886 4320 2137 4389 quapiam
2162 4328 2277 4373 arte

716 4412 937 4466 illicita?
958 4411 1141 4469 Nescit
1169 4412 1330 4467 vidua
1354 4412 1685 4468 reddituram
1712 4428 1771 4467 se
1795 4411 1901 4467 Deo
1922 4412 2185 4466 rationem
2209 4411 2275 4466 de

2388 3231 2573 3303 μένας,
2608 3232 2681 3302 μὴ
2710 3228 3249 3296 κατεξουσιαξούσας,
3284 3230 3418 3299 μήτε
3448 3226 3599 3297 παρὰ
3635 3225 3738 3296 τὴν
3770 3226 3963 3279 διατα-

2383 3327 2484 3396 γήν
2518 3343 2571 3377 τι
2617 3327 2787 3377 ποιεῖν
2836 3323 3090 3385 θελούσας
3124 3322 3245 3391 δίχα
3270 3320 3493 3391 γνώμης
3528 3317 3622 3371 τοῦ
3670 3318 3961 3383 διακόνου,

2382 3413 2492 3469 οἷον
2522 3417 2581 3468 τὸ
2612 3415 2745 3485 πρὸς
2782 3432 2901 3467 τινα
2945 3412 3280 3474 ἁπελθούσας
3328 3411 3439 3481 (51)
3493 3411 3588 3462 ἐπὶ
3638 3410 3703 3461 τὸ
3758 3414 3963 3478 φαγεῖν

2386 3511 2515 3579 παρ’
2536 3507 2682 3577 αύτῴ
2713 3507 2804 3558 καὶ
2833 3508 2998 3569 πιεῖν,
3030 3504 3063 3573 ἢ
3092 3502 3271 3555 λαϐεῖν
3298 3519 3351 3553 τι
3390 3500 3563 3571 παρά.
3590 3516 3758 3562 τινος.
3793 3501 3858 3553 Εἰ
3903 3500 3964 3555 δὲ

2388 3605 2458 3673 μὴ
2491 3601 2831 3671 κελευσθεῖσα
2852 3600 3047 3667 ποιήσῃ
3065 3597 3121 3648 ἓν
3140 3612 3194 3646 τι
3222 3594 3423 3646 τούτων
3445 3592 3577 3663 (52),
3607 3591 3964 3661 ὲπιτιμὰσθω

2384 3693 2625 3763 νηστείᾳ,
2658 3692 2689 3760 ἦ
2724 3688 3085 3759 ἀφοριζέσθω,
3115 3687 3189 3749 ὼς
3228 3684 3523 3756 προπετὴς.

2906 3869 3294 3931 ΚΕΦΑΛΑΙΟΝ
3339 3870 3419 3920 H'.

2386 3971 2505 4022 Ὅτι
2538 3971 2607 4021 οὐ
2638 3968 2748 4033 χρὴ
2781 3966 2935 4032 παρὰ
2957 3962 3219 4033 ἀναξίων
3237 3960 3561 4033 λαμϐάνειν
3589 3957 3703 4024 τὴν
3729 3956 3956 4033 χήραν,

2524 4040 2561 4105 ἡ
2592 4030 2695 4089 τὸῖ·
2726 4030 3058 4087 ἐπίσκοπον
3088 4031 3199 4101 (55)
3222 4070 3235 4092 ,
3272 4032 3308 4096 ἡ
3342 4030 3533 4082 ἄλλον
3570 4030 3814 4079 πιστόν.

2451 4130 2515 4180 Τί
2545 4129 2652 4196 γὰρ
2669 4128 2973 4185 ἐπίσταται,
2996 4124 3155 4176 ὁποία
3176 4124 3258 4183 τίς
3278 4123 3413 4179 ἐστι,
3434 4120 3561 4188 παρ’
3582 4114 3647 4187 ἧς
3662 4117 3957 4187 λαμϐάνει,

2381 4221 2413 4291 ἦ
2446 4223 2509 4272 ὲκ
2538 4219 2787 4287 ποταπῆς
2816 4216 3089 4277 διακονίας
3119 4212 3451 4285 παραϐάλλει
3474 4211 3582 4279 (54)
3603 4209 3698 4279 τὴν
3718 4210 3954 4279 τροφὴν,

2382 4314 2605 4382 πότερον
2623 4310 2681 4374 ἐξ
2696 4309 2971 4381 ἁρπαγῆς,
2993 4309 3026 4377 ἢ
3045 4308 3235 4377 ἐτέρας
3259 4306 3401 4367 τινὸς
3427 4304 3488 4357 οὐ
3510 4302 3680 4371 καλῇ
3700 4302 3953 4372 ἀγωγῆς

2381 4406 2493 4458 Οὐκ
2526 4403 2861 4471 ἐπισταμένη
2897 4400 3007 4470 (55)
3041 4401 3073 4469 ἡ
3105 4400 3247 4469 χήρα
3289 4399 3367 4450 ὃτι
3405 4397 3544 4467 ὑπὲρ
3573 4396 3689 4458 ἑνὸς
3716 4398 3957 4450 ἑκάστου

718 4504 949 4573 singulis
982 4504 1134 4559 hisee
1165 4505 1351 4568 rebus,
1382 4504 1599 4574 quando
1628 4504 1856 4573 accipiet
1889 4504 2107 4573 indigne
2141 4502 2272 4557 Deo.

2378 4496 2578 4548 τούτων
2622 4492 2778 4545 δώσει
2824 4492 2976 4559 λόγον
3024 4490 3161 4559 Θεῷ,
3209 4488 3468 4558 δεχομένη
3515 4486 3752 4551 ἀναξίως
3802 4487 3953 4542 Baci-

711 4592 898 4663 Neque
926 4594 1067 4648 enim
1099 4596 1410 4651 sacerdotes
1442 4611 1680 4665 unquam
1723 4596 2009 4649 admittent
2040 4599 2273 4665 sponta-

714 4700 816 4739 nea
852 4686 1166 4755 lmjusmodi
1197 4688 1441 4742 mulieris
1468 4687 1645 4750 dona;
1672 4687 1835 4740 veluti
1864 4685 2000 4740 furis
2028 4693 2122 4738 aut
2155 4698 2271 4738 me-

714 4776 946 4833 retricis.
977 4775 1250 4847 Scriptum
1276 4790 1359 4833 est
1382 4780 1559 4833 enim:
1600 4797 1619 4829 ι
1653 4777 1770 4832 Non
1800 4777 2155 4846 concupisces
2183 4790 2271 4828 res

2378 4588 2497 4639 οὔτε
2523 4587 2628 4656 γὰρ
2656 4586 2707 4650 οξ
2737 4585 2900 4653 ἱερεῖς
2928 4582 3182 4650 τοιαύτης
3208 4579 3566 4647 ἐκουσιασμὸν
3592 4577 3844 4641 δέξονταί
3874 4596 3959 4630 πο-

2376 4696 2455 4739 τε,
2477 4675 2585 4729 οἷον
2631 4676 2899 4746 ἅρπαγος,
2933 4673 2965 4743 ἢ
2996 4672 3215 4742 πόρνης.
3264 4671 3573 4741 Γέγραπται
3612 4671 3719 4740 γάρ
3740 4688 3753 4699 ·
3800 4692 3820 4722 ι
3850 4672 3958 4723 Οὐκ

2381 4771 2732 4840 ἐπιθυμήσεις
2763 4768 2829 4819 τὰ
2857 4764 3082 4835 106(56)
3113 4764 3354 4833 πλησίον·
3396 4783 3412 4814 ι
3453 4763 3565 4814 καί·
3621 4781 3639 4812 ι
3678 4763 3756 4815 Οὐ
3792 4779 3955 4832 προσ-

818 4934 861 4967 ”
902 4935 1002 4987 lsa.
1047 4950 1175 4987 LVIII
1198 4916 1221 5001 ,'
1245 4934 1297 4990 9.
1374 4934 1417 4964 9‘
1448 4934 1483 4987 l.
1525 4931 1690 5004 lgnat.
1724 4933 1976 5002 interpol.
2008 4931 2075 4985 ad
2106 4929 2315 4983 Philad.
2347 4930 2399 4981 4.
2478 4928 2521 4957 ⁵⁵⁸
2565 4927 2729 4978 Marc.
2766 4938 2875 4986 xu,
2906 4922 3009 4987 43;
3053 4920 3183 4975 Luc.
3216 4936 3305 4975 xx:
3328 4962 3341 4985 ,
3374 4920 3425 4976 ’5.

2015 5104 2374 5163 VARIORUM
2412 5102 2641 5159 ΝΟΤᾹΞ.

786 5271 1343 5341 (50)”11συχοι.Αιιει·
1371 5269 1493 5324 cod.
1520 5271 1832 5337 i’coz,quales
1870 5279 1996 5324 sunt
2026 5268 2117 5341 qui
2157 5284 2262 5321 non

712 5359 857 5399 nunc
874 5344 1040 5467 citaéo
1061 5342 1253 5411 gradu,
1294 5355 1440 5395 nunc
1468 5341 1643 5403 tardo,
1668 5341 1923 5394 incedunt
1950 5358 1962 5407 ;
1998 5340 2090 5393 sed
2119 5341 2267 5406 gravi

712 5421 767 5467 et
799 5414 935 5467 nari.
1012 5428 1132 5466 LER.

711 5421 767 5469 et
799 5414 935 5469 nari.
964 5414 1132 5467 CLI-1R.

785 5430 1334 5555 (gigl'n;:3%odoaq.
1368 5481 1517 5534 Alter
1540 5481 1659 5534 cod.
1695 5480 1963 5548 ἀπελθεῖν,
1995 5479 2137 5549 quod
2164 5496 2276 5533 mc—

714 5552 821 5609 iius
850 5556 1083 5609 videtur.
1112 5554 1187 5607 lo.
1654 5594 1657 5597 .

786 5623 895 5689 (52)
932 5625 1173 5677 Τούτων.
1234 5620 1404 5678 Habet
1456 5621 1593 5674 idem
1619 5620 1723 5671 τῶν
1772 5621 2093 5685 εἰρημένων,
2130 5620 2272 5688 quod

714 5693 983 5766 glossema
1016 5693 1238 5766 redolet.
1268 5691 1341 5745 lr.

789 5762 976 5838 (δδγιι
998 5766 1096 5816 τὸν·
1121 5764 1468 5815 ἐπίσκοπον.
1500 5760 1618 5817 "me
1648 5770 1697 5816 cl
1732 5763 2009 5831 seqwntia
2041 5761 2271 5826 inscrip-

2376 5267 2540 5320 tionis
2574 5265 2733 5319 verba
2775 5270 2921 5316 recte
2970 5261 3170 5313 absunt
3219 5260 3272 5311 in
3320 5258 3494 5313 altero
3538 5257 3662 5313 cod.
3709 5256 3951 5315 Vindob.

3684 5326 3764 5383 In.

2455 5407 2566 5473 (54)
2604 5403 2997 5473 ΠαΓαδάλλεί·
3036 5400 3463 5473 Αῖίθταχρρηγεῖ.
3494 5398 3869 5473 quodnescio
3892 5417 3953 5452 an

2382 5469 2489 5529 non
2520 5480 2589 5529 si:
2613 5478 2813 5545 glossa.
2842 5472 3001 5525 Certe
3026 5470 3387 5539 παραϐάλλειν
3422 5471 3603 5523 rarius
3647 5469 3755 5522 hoc
3794 5486 3955 5526 sensu

2380 5549 2643 5600 occurrit.
2682 5545 2755 5597 lD.

2452 5618 2563 5683 (3.3"!
2594 5619 2708 5667 (πιλί
2740 5614 3126 5682 ἐκτίίτταμέφιηι.
3152 5611 3302 5683 Alter
3331 5611 3528 5683 dtu/voci
3552 5611 3755 5668 τοίνυν,
3794 5611 3867 5665 In.

2454 5680 2565 5757 (56)
2608 5688 2678 5739 Τὰ
2718 5702 2765 5735 τ(
2788 5685 2835 5735 ὗ.
2871 5680 3019 5737 Alter
3064 5684 3130 5737 τὰ
3154 5681 3257 5733 τῶν
3282 5680 3395 5749 τοῦ,
3432 5681 3623 5736 eodem
3658 5697 3825 5736 sensu
3882 5680 3951 5735 In.
