4038 6334
156 386 264 444 89.9

1055 385 1666 450 'CONSTITUTIONES
1701 386 2386 448 APOS“)LICJE."L'B.
2427 388 2496 447 ν.

3288 390 3399 447 830

148 501 250 557 καὶ
276 501 357 567 είς
385 501 800 574 μισθαποδοσίαν
821 501 932 575 (67)
944 501 1050 557 τῶν
1080 506 1451 578 στρατιωτῶνο
1485 501 1572 559 ἵνα
1603 505 1711 558 ἐλα-

1825 513 1917 560 ιιιι·
1938 512 1996 560 et
2021 519 2164 560 cura:
2195 503 2491 570 habeatur;
2525 510 2590 558 ut
2613 504 2953 576 quantumin
2975 504 3130 563 vobis
3155 513 3260 569 est,
3286 521 3403 562 non

148 592 364 664 φρυνθῇ
404 594 498 648 καὶ
529 593 840 663 ἐπιμελείας
875 593 1014 668 τύχῃ
1035 613 1047 627 ·
1096 597 1305 650 ἶν’ὑσον
1359 596 1420 650 τὸ
1467 597 1550 666 ἐφ’
1571 597 1724 668 ὑμῖν,

152 684 232 754 μὴ
261 683 506 755 θλίϐηται
531 686 558 737 6
587 685 854 755 μακάριος
891 685 1117 755 ἀδελφὸς
1161 686 1332 757 ὑμῶν.
1389 685 1446 740 '0
1496 685 1604 757 γὰρ
1639 685 1728 740 διὰ

145 775 213 827 τὸ
247 774 415 846 ὑνομα
453 777 658 846 Κυρίου
693 775 790 828 τοῦ
844 776 978 830 Θεοῦ
1016 778 1536 848 καταδικαζόμενος,
1575 769 1729 841 οὗτος

152 865 366 936 μάρτυς
401 865 574 934 ἀγιος,
622 865 846 936 ἀδελφὸς
889 867 981 920 τοῦ
1023 869 1248 938 Κυρίου,
1294 870 1409 932 υίὸς
1437 869 1532 923 τοῦ
1572 870 1727 940 Ὑψί-

149 973 309 1022 στου,
345 958 548 1030 δοχεῐον
581 957 675 1010 τοῦ
713 959 867 1027 ἁγίου
916 959 1256 1030 Πνεύματος,
1313 958 1460 1014 διὀὑ
1513 961 1728 1017 καὶτὸν

147 1029 428 1120 (primapr
455 1050 578 1119 ,τῆς
629 1049 784 1122 δόξης
828 1049 922 1103 τοῦ
970 1029 1123 1119 ἁγίου
1163 1052 1490 1121 Εὐαγγελίου
1541 1053 1728 1108 ἐλαϐεν

144 1139 378 1202 ἕκαστος
403 1138 511 1192 τῶν
529 1141 732 1194 πιστῶν
747 1158 764 1208 ἰ
785 1143 839 1194 ἐν
868 1141 945 1213 τῷ
968 1141 1369 1214 καταξιωθῆναι
1389 1143 1483 1211 τοῦ
1499 1143 1725 1215 ,ἀφθάρ-

144 1250 244 1286 του
275 1231 384 1304 (68)
419 1233 702 1301 στεφάνου,
737 1233 830 1286 καὶ
857 1234 956 1305 τῆς
987 1235 1290 1306 μαρτυρίας
1319 1235 1426 1287 τῶν
1466 1234 1726 1307 παθημά-

142 1342 257 1378 των
298 1323 490 1389 αὑτοῦ,
531 1324 625 1385 καὶ
661 1325 758 1397 τῆς
795 1324 1079 1388 κοινωνίας
1114 1324 1477 1396 τοῦάἴματος
1528 1325 1723 1394 αὑτοῦ,

146 1415 616 1487 συμμορφωθῆναι
652 1414 731 1486 τῷ
769 1415 982 1486 Θανάτῳ
1019 1415 1114 1468 τοῦ
1154 1415 1393 1488 Χριστοῦ
1431 1418 1512 1480 είς
1548 1416 1725 1469 υἱοθε-

147 1506 288 1559 σίαν.
329 1505 532 1559 Τούτου
569 1503 662 1560 οὖν
697 1506 880 1560 ἕνεκεν
916 1508 1154 1569 ἅπαντες
1187 1509 1237 1560 oi
1277 1508 1475 1573 πιστοὶ,
1516 1507 1605 1560 διά
1633 1508 1725 1562 τοῦ

141 1596 446 1649 ἐπισκόπου
489 1597 661 1666 ὑμῶν,
705 1599 766 1649 ἐκ
802 1598 908 1651 τῶν
946 1597 1299 1668 ὑπαρχόντων
1338 1598 1491 1668 ὑμῶν
1529 1599 1620 1650 καὶ
1660 1598 1726 1652 ἐκ

139 1687 242 1740 τοῦ
285 1687 452 1741 κόπου
489 1688 838 1760 διακονήσατε
885 1691 997 1752 τοῖς
1035 1690 1228 1758 ἁγίοις.
1270 1689 1334 1742 El
1379 1689 1437 1742 δέ
1476 1689 1574 1743 οὐκ
1613 1690 1725 1762 ἔχει

138 1796 257 1846 τις,
295 1778 622 1850 νηστεύσας,
661 1779 722 1831 τὸ
756 1780 856 1849 τῆς
892 1780 1105 1855 ἡμέρας
1137 1780 1231 1858 καὶ
1271 1781 1528 1851 μερίσας,
1567 1782 1724 1836 τοῦτο

1835 597 2104 668 aigatur
2134 597 2326 652 beatus
2352 596 2520 650 frater
2549 604 2753 660 vester.
2775 597 2881 663 Qui
2904 597 3048 653 enim
3079 598 3152 654 ob
3177 597 3398 658 Domini

1833 688 1925 745 Dei
1968 705 2168 745 nomen
2195 689 2613 753 condemnatur,
2658 690 2748 744 hic
2778 697 2863 746 est
2905 697 3130 747 sanctus
3158 701 3395 762 martyr,

1831 781 2000 838 frater
2022 781 2260 846 Domini,
2295 782 2440 836 ﬁlius
2469 780 2758 847 Altissimi,
2788 784 3194 852 receptaculum
3219 785 3395 839 sancti

1831 873 1952 944 (per
1983 891 2145 946 quem
2178 875 2630 930 illuminalionem
2660 875 2844 946 glorize
2897 876 3072 931 sancti
3117 875 3396 948 Evangelii

1830 974 2157 1037 acceperunt
2185 967 2384 1037 singuli
2421 966 2608 1022 ﬁdeles
2637 967 2717 1040 ”)
2752 965 3018 1037 Spiritus;
3039 969 3168 1039 quia
3197 968 3397 1038 dignus

1827 1058 2048 1115 habitus
2073 1066 2158 1114 est
2185 1059 2501 1129 incorrupta
2521 1072 2724 1114 corona
2751 1059 2819 1125 '°,
2844 1067 2898 1114 et
2927 1061 3240 1123 testimonio
3269 1076 3395 1132 pas-

1799 1167 1803 1172 '
1829 1152 2046 1207 sionum
2076 1151 2283 1207 Christi
2315 1153 2382 1216 ⁸⁸,
2413 1159 2466 1207 et
2497 1153 2759 1208 societate
2805 1153 3091 1223 sanguinis
3131 1153 3252 1224 ejus
3272 1194 3288 1218 ,
3337 1162 3400 1215 ut

1827 1243 2007 1314 ipsius
2059 1246 2223 1300 morti
2273 1244 2703 1316 conﬁguraretur
2739 1245 2796 1300 in
2841 1245 3186 1316 adoptionem
3213 1248 3280 1300 ⁸³η.
3312 1243 3398 1303 οι»

1827 1336 1972 1391 hanc
2008 1337 2176 1408 igitur
2197 1352 2446 1402 causam,
2483 1352 2675 1394 omnes
2706 1337 2914 1403 ﬁdeles,
2945 1355 3043 1409 per
3077 1341 3400 1410 episcopum

1826 1434 2101 1494 vestrum,
2143 1445 2208 1484 ex
2247 1429 2447 1484 vestris
2485 1429 2646 1485 bonis
2681 1444 2744 1484 ac
2789 1429 3088 1495 laboribus,
3125 1429 3398 1488 subminiq

1828 1525 2000 1575 strate
2023 1521 2250 1576 sanctis.
2281 1519 2436 1586 Quod
2468 1521 2514 1576 si
2543 1523 2668 1592 quis
2694 1537 2804 1577 non
2833 1522 3051 1589 habeat,
3077 1522 3311 1593 jejunét,
3337 1531 3397 1582 et

1827 1610 2008 1665 cibum
2040 1611 2160 1680 ejus
2189 1611 2294 1666 diei
2338 1612 2594 1682 partitus.
2639 1613 2879 1679 destinet
2907 1614 3134 1670 sanctis.
3173 1613 3232 1669 Si
3265 1616 3395 1687 quis

1827 1710 2007 1758 autem
2036 1704 2092 1759 in
2125 1703 2459 1760 abundantia
2497 1715 2772 1771 versatur,
2821 1706 2944 1777 plus
2972 1706 3158 1772 etiam,
3194 1723 3395 1764 secun-

1826 1793 1956 1848 dum
1998 1795 2404 1866 proportionem
2455 1795 2733 1853 facultatis
2769 1799 3020 1863 sum,.eis
3051 1799 3388 1870 suppeditet.

139 1870 426 1936 ἐκταξάτω
454 1872 564 1932 τοῖς
587 1869 777 1939 ἁγίοις.
801 1871 862 1922 Ei
882 1870 939 1923 δέ
965 1887 1049 1933 τις
1075 1871 1133 1924 ἐν
1155 1872 1437 1942 περιουσία
1466 1873 1711 1944 ὑπάρχει,

1814 1892 1944 1960 ’.ιιιιιι
1971 1921 2101 1961 vero
2120 1906 2168 1961 si
2200 1913 2377 1976 potest
2408 1905 2606 1960 tradita
2633 1907 2781 1962 omni
2805 1909 3112 1965 substantia
3146 1925 3268 1977 sua,
3293 1926 3391 1967 eos

139 1963 240 2016 καὶ
277 1962 458 2015 πλεῖόν
503 1979 554 2014 τι
586 1961 726 2014 κατά
751 1961 1054 2029 ’ἀναλογίαν
1093 1963 1191 2031 τῆς
1234 1962 1515 2032 δυνάμεως
1551 1963 1717 2017 αὑτοῦ

136 2053 453 2107 διακονείτω
467 2054 661 2116 αὐτοῖς.
695 2053 756 2106 El
787 2053 842 2105 δὲ
871 2054 964 2105 καὶ
990 2048 1099 2116 οἷός
1126 2053 1185 2105 τέ
1219 2053 1362 2105 ἐστιν
1390 2055 1605 2108 ἅπαντα
1631 2054 1723 2109 τὸν

140 2145 261 2215 βίον
286 2145 475 2198 ἐαυτοῦ
489 2144 817 2214 ἀποδόμενος
833 2143 1095 2216 ῥύσασθαι
1107 2145 1302 2207 αὑτοὺς
1317 2146 1380 2196 ἐκ
1404 2145 1497 2197 τοῦ
1514 2145 1722 2216 δεσμω-

135 2238 354 2308 τηρίου,
399 2238 663 2308 μακάριος
701 2236 873 2301 ἐσται,
915 2236 1008 2289 καὶ
1045 2236 1196 2304 φίλος
1236 2236 1329 2289 τοῦ
1371 2237 1629 2308 Χριστοῦ.
1657 2238 1720 2290 Ei

138 2329 251 2399 γὰρ
277 2331 306 2381 6
334 2329 402 2383 τά
433 2329 744 2399 ὑπάρχοντα
775 2330 1007 2397 πτωχοῖς
1035 2328 1178 2393 δοὺς,
1209 2329 1428 2395 τέλειος,
1457 2329 1594 2401 μετά
1621 2329 1719 2402 τὴν

137 2421 271 2490 περὶ
305 2421 412 2474 τῶν
460 2419 616 2472 θείων
647 2419 846 2487 γνῶσιν
887 2419 994 2489 (69)
1021 2437 1033 2449 '
1077 2418 1254 2488 πολλῷ
1295 2421 1489 2490 μᾶλλον
1520 2423 1549 2474 6
1580 2422 1719 2492 ὑπὲρ

140 2512 457 2583 μαρτύρων.
509 2516 566 2565 '0
604 2511 713 2582 γὰρ
755 2511 1022 2576 τοιοῦτος,
1062 2511 1208 2576 ἀξιος
1245 2511 1379 2564 Θεοῦ
1438 2512 1715 2583 ὑπάρξας,

136 2602 417 2674 πληρώσει
445 2604 504 2656 τὸ
535 2604 741 2672 θέλημα
770 2602 953 2666 αὑτοῦ,
984 2604 1294 2673 χορηγήσας
1314 2603 1558 2670 ἐκείνοις,
1588 2605 1718 2658 οἵτι-

135 2714 228 2759 νες
257 2697 417 2748 αὑτὸν
446 2695 798 2765 ὡμολόγησαν
826 2694 1052 2763 ἐνώπιρν
1083 2693 1271 2760 ἐθνῶν,
1300 2696 1396 2746 καὶ
1427 2694 1714 2762 βασιλέων,

135 2788 273 2838 υίῶν
303 2803 361 2838 τε
405 2785 636 2855 Ἰσραὴλ,
657 2785 783 2855 περὶ
811 2779 884 2837 ὧν
902 2787 930 2837 6
950 2785 1153 2854 Κύριος
1176 2785 1490 2855 ἀπεφήνατο
1515 2785 1708 2852 λέγων’

143 2896 161 2926 ι
204 2880 303 2939 Ὃς
335 2877 398 2929 ἂν
425 2876 731 2948 ὁμολογήσῃ
769 2878 824 2927 ἐν
861 2876 984 2945 ἐμοὶ
1024 2874 1326 2945 ἔμπροσθεν
1364 2874 1471 2927 τῶν
1509 2873 1704 2946 ἀνθρώ-

137 2982 287 3030 πων,
333 2964 828 3036 ὁμολογήσωοκὰγὼ
863 2967 921 3017 ὲν
960 2965 1106 3036 αὑτῷ
1147 2965 1450 3037 ἔμπροσθεν
1478 2966 1572 3019 τοῦ
1601 2968 1716 3019 Πα-

133 3057 267 3128 τρός
299 3073 398 3127 μου
431 3056 559 3126 (70).
601 3076 618 3106 ι
652 3057 762 3110 Καὶ
792 3058 840 3109 εί
869 3057 1094 3110 τοιοῦτοί
1141 3061 1305 3124 εἰσιν,
1355 3059 1430 3121 ὼς
1468 3059 1562 3111 καὶ
1610 3057 1716 3112 ὑπὸ

134 3149 374 3220 Χριστοῦ
404 3150 495 3201 ἐπὶ
519 3149 613 3201 τοῦ
643 3150 853 3219 Πατρὸς
882 3150 1078 3214 αὑτοὺς
1111 3149 1522 3222 μαρτυρεῖσθαι,
1556 3150 1714 3222 ὑμεῖς

133 3244 236 3295 οὑκ
253 3241 492 3309 ὀφείλετε
507 3241 921 3310 ἐπαισχυνθῆναι
933 3242 1147 3294 ἀπιέναι
1169 3243 1303 3312 πρὸς
1322 3243 1515 3305 αὐτοὺς
1530 3244 1586 3296 ἐν
1597 3244 1714 3307 ταῖς

132 3332 425 3402 φυλακαῖς.
463 3331 631 3385 Τοῦτο
667 3332 775 3404 γὰρ
811 3332 1149 3402 ποιησάντων
1187 3333 1368 3403 ὑμῶν,
1419 3333 1713 3404 μαρτύριον

135 3423 270 3494 ὑμίν
287 3422 666 3493 λογισθήσεται
689 3439 703 3452 ο
734 3425 815 3476 ὅτι
846 3424 1070 3488 ἐκείνοις
1101 3424 1199 3495 μὲν
1229 3427 1389 3496 πεῖρα
1418 3426 1478 3477 τὸ
1510 3424 1713 3498 μαρτύ-

133 3531 255 3585 ριον
299 3511 568 3585 ὑπῆρξεν,
608 3514 734 3584 ὑμῖν
769 3515 826 3566 δὲ
866 3515 1066 3584 ἑτέρως
1105 3512 1246 3586 (71),
1287 3515 1588 3587 προθυμία,
1637 3515 1712 3580 ὡς

129 3605 406 3667 κοινωνοῖς
435 3605 534 3674 τῆς
560 3600 835 3675 ἀθλήσεως
863 3605 1057 3659 αὑτῶν.
1088 3606 1250 3675 Λέγει
1277 3605 1384 3677 γάρ
1414 3624 1514 3659 που
1542 3609 1570 3660 6
1601 3607 1712 3660 Κύ-

131 3715 254 3769 ριος
283 3695 416 3769 πρὸς
443 3697 570 3759 τοὺς
596 3695 888 3762 τοιούτους,
919 3696 1140 3766 φάσκων
1163 3713 1177 3726 °
1215 3716 1235 3748 ι
1274 3696 1434 3749 Δεῦτε
1472 3697 1520 3749 οἱ
1559 3697 1709 3749 εὑλο-

126 3789 362 3858 γημένοι
396 3787 490 3840 τοῦ
528 3787 736 3858 Πατρός
789 3805 887 3858 μου
905 3829 926 3861 ,ε
961 3788 1397 3859 κληρονομήσατε
1433 3787 1532 3857 τὴν
1561 3788 1708 3856 ἡτοι-

129 3877 420 3949 μασμένην
478 3878 606 3948 ὑμῖν
665 3877 940 3948 βασιλείαν
993 3880 1101 3932 ἀπὸ
1139 3880 1438 3952 καταϐολῆς
1476 3880 1702 3952 κόσμου.

139 3969 436 4024 Ἐπείνασα
476 3969 606 4041 γὰρ,
647 3971 740 4023 καὶ
785 3967 1025 4022 ἐδώκατέ
1067 3987 1156 4040 μοι
1201 3973 1412 4039 φαγεῖν,
1446 3970 1702 4041 ἐδίψησα,

124 4062 227 4114 καὶ
262 4061 550 4115 ἐποτίσατέ
593 4078 678 4130 με,
728 4060 874 4125 ξένος
910 4062 1078 4132 ήμην,
1113 4061 1207 4114 καὶ
1238 4061 1572 4132 συνηγάγετέ
1615 4079 1701 4132 με,

123 4152 357 4222 γυμνὸς,
380 4151 475 4204 καὶ
503 4151 850 4223 περιεϐάλετέ
883 4169 970 4222 με,
1001 4151 1228 4222 ἀσθενὴς
1258 4151 1423 4223 ήμην,
1464 4152 1558 4204 καὶ
1587 4153 1706 4206 ἐπι-

125 4241 402 4311 σκέψασθε
435 4258 499 4312 με
521 4259 533 4271 ’
566 4242 623 4294 ἐν
652 4242 863 4312 φυλακῇ
893 4242 1060 4313 ήμην,
1092 4242 1186 4295 καὶ
1218 4241 1407 4313 ἤλθετε
1438 4241 1574 4313 πρός
1610 4260 1697 4313 με.

123 4332 265 4385 Τότε
293 4331 748 4403 ἀποκριθήσονται
774 4333 919 4403 αὑτῷ
949 4334 998 4385 oi
1029 4333 1246 4399 δίκαιοι,
1277 4334 1555 4402 λέγοντεςο
1590 4335 1700 4390 Κύ-

125 4439 238 4494 ριε,
268 4423 397 4476 πότε
429 4440 487 4475 σε
519 4423 696 4494 ἴδομεν
725 4408 1018 4490 πεινῶντα,
1053 4425 1146 4477 καὶ
1182 4423 1516 4496 ἐθρέψαμεν,
1556 4425 1588 4496 ἢ
1617 4426 1698 4479 δι-

1823 2011 1890 2051 ex
1914 2012 2135 2052 carcere
2165 1997 2418 2061 liberare,
2447 1997 2639 2064 beatus
2669 1999 2796 2067 erit,
2825 2015 2889 2055 ac
2919 2001 3124 2057 Christi
3154 2002 3385 2057 amicus.

1821 2086 1955 2142 Nam
1979 2105 2102 2144 cum
2129 2089 2198 2151 is,
2218 2089 2309 2159 qui
2332 2089 2472 2143 bona
2495 2104 2592 2143 sua
2608 2092 2940 2160 pauperibus
2968 2091 3080 2158 dat,
3113 2092 3389 2164 perfectus

1822 2179 1894 2235 sit
1922 2181 1992 2244 ⁸⁸,
2025 2189 2146 2249 post
2178 2179 2544 2250 cognitionem
2596 2197 2776 2235 rerum
2820 2183 3164 2248 divinarum,
3213 2186 3387 2240 multo

1819 2271 2112 2342 perfectior
2132 2272 2236 2327 erit
2265 2272 2358 2342 qui
2390 2287 2488 2342 pro
2521 2275 2852 2344 martyribus
2876 2282 3072 2329 cuncta
3101 2276 3382 2346 largietur.

1821 2361 2104 2434 Siquidem
2157 2363 2268 2417 Deo
2313 2363 2512 2433 dignus
2554 2365 2816 2432 existens,
2862 2367 3199 2422 voluntatem
3261 2369 3383 2438 ejus

1819 2465 2167 2527 exsequetur,
2189 2455 2480 2525 praebendo
2509 2455 2576 2511 iis
2604 2457 2694 2526 qui
2719 2457 2967 2512 eumdem
2993 2459 3132 2528 apud
3169 2469 3381 2530 gentes,

1818 2556 1872 2604 et
1902 2564 2080 2619 reges,
2123 2555 2172 2601 et
2213 2535 2428 2602 israclis
2477 2546 2618 2603 ﬁlios
2650 2548 2887 2603 confessi
2935 2561 3063 2604 sunt
3101 2551 3168 2616 “,
3220 2567 3284 2606 ac
3316 2552 3385 2607 de

1818 2639 2016 2709 quibus
2047 2638 2308 2694 Dominus
2340 2640 2716 2708 pronuntiavit
2749 2641 2936 2697 dicens
2972 2658 2984 2693 :
3025 2660 3044 2693 ι
3082 2642 3182 2710 Qui
3212 2647 3384 2699 centi-

1817 2743 1964 2791 tetur
1991 2749 2078 2790 me
2117 2748 2301 2788 coram
2333 2733 2667 2797 hominibus,
2695 2735 2996 2789 conﬁtebor
3030 2746 3084 2791 et
3129 2753 3226 2806 ego
3255 2754 3380 2795 eum

1818 2843 2000 2884 coram
2033 2826 2193 2882 Patre
2222 2840 2341 2880 meo
2371 2826 2436 2879 ⁸⁸.
2476 2845 2494 2877 ι
2538 2825 2713 2896 Atque
2755 2826 2802 2882 si
2836 2827 2913 2880 illi
2947 2829 3085 2884 tales
3118 2837 3266 2894 sunt,
3320 2841 3380 2885 ut

1816 2921 2192 2976 testimonium
2241 2933 2270 2971 a
2323 2917 2541 2974 Christo
2594 2919 2735 2989 apud
2788 2917 3005 2974 Patrem
3031 2937 3379 2992 consequan-

1818 3020 1940 3080 tur;
1995 3027 2105 3067 non
2132 3011 2292 3066 debet
2314 3010 2517 3080 pudere
2542 3026 2657 3075 vos,
2691 3010 2758 3064 ad
2812 3027 2907 3067 eos
2959 3013 3016 3067 in
3065 3016 3380 3071 carceribus

1817 3107 2028 3178 positos
2059 3104 2336 3160 accedere.
2382 3104 2427 3138 ⁸·
2463 3102 2577 3156 Hoc
2605 3103 2750 3159 enim
2781 3119 2907 3158 cum
2950 3104 3227 3171 feceritis,
3278 3124 3380 3178 pro

1743 3199 2084 3271 cmartyrio
2107 3197 2264 3253 vobis
2308 3196 2702 3266 imputabitur:
2745 3197 3004 3267 quoniam
3036 3198 3114 3254 illi
3157 3199 3376 3269 quidem

1815 3300 2084 3362 martyres
2168 3288 2390 3344 fuerunt
2435 3287 2801 3358 experiendo;
2857 3304 2955 3344 vos
3008 3304 3138 3344 vero
3187 3291 3375 3354 aliter,

1814 3398 2007 3453 nempe
2028 3383 2262 3436 alacrem
2289 3379 2594 3435 exhibendo
2619 3380 2972 3443 voluntatem,
3002 3389 3062 3436 ut
3083 3381 3377 3452 participes

1813 3474 2133 3529 certaminis
2164 3473 2403 3526 illorum.
2434 3469 2513 3524 Ad
2548 3470 2682 3524 tales
2713 3485 2947 3540 namque
2972 3471 3058 3528 his
3087 3469 3378 3528 verbis'lo-

1812 3568 1999 3638 quitur
2034 3564 2299 3619 Dominus
2333 3579 2344 3614 :
2384 3581 2403 3614 ι
2432 3559 2645 3628 Venite,
2675 3561 2943 3617 benedicti
2995 3561 3175 3618 Patris
3223 3564 3372 3630 mei,

1813 3659 2090 3729 possidete
2141 3666 2387 3727 paratum
2427 3654 2582 3709 vobis
2629 3669 2854 3724 regnum
2908 3669 2939 3708 a
2982 3656 3374 3712 constitutione

1811 3753 2021 3807 mundi.
2054 3749 2269 3806 Esurivi
2292 3747 2458 3810 enim,
2480 3753 2534 3801 et
2569 3746 2797 3801 dedistis
2837 3746 2971 3800 mihi
3001 3747 3370 3814 manducare;

1810 3867 1979 3931 sitivi,
2012 3874 2066 3921 et
2096 3863 2332 3930 dedistis
2352 3861 2484 3916 mihi
2508 3861 2692 3916 bibere
2718 3879 2736 3928 ;
2763 3861 2961 3931 hospes
2991 3877 3160 3926 eram,
3191 3871 3245 3918 et
3264 3865 3374 3918 col-

1809 3960 2016 4030 legistis
2034 3972 2150 4023 me;
2177 3954 2378 4016 nudus,
2404 3961 2457 4007 et
2479 3953 2773 4021 operuistis
2797 3967 2908 4007 me:
2932 3952 3179 4006 inﬁrmus
3198 3969 3368 4020 eram,

1806 4061 1860 4108 et
1883 4050 2148 4106 visitastis
2191 4060 2276 4104 me
2314 4065 2327 4099 :
2361 4049 2414 4102 in
2453 4061 2675 4104 carcere
2719 4059 2899 4106 eram,
2945 4053 2999 4100 et
3043 4046 3270 4101 venistis
3302 4045 3370 4098 ad

1807 4159 1913 4199 me.
1947 4141 2102 4197 Tunc
2123 4140 2531 4211 respondebunt
2557 4139 2604 4193 ei
2630 4138 2786 4207 justi,
2809 4136 3052 4191 dicentes
3078 4155 3091 4192 :
3117 4134 3366 4202 Domine,

1805 4233 2024 4306 quando
2055 4242 2108 4288 te
2128 4233 2364 4288 vidimus
2391 4230 2744 4294 esurientem,
2777 4235 2830 4284 et
2854 4229 3142 4298 pavimus‘l
3162 4237 3255 4285 aut
3287 4231 3367 4286 si-

1805 4329 2049 4391 tientem,
2083 4332 2136 4381 et
2158 4324 2408 4380 dedimus
2437 4323 2664 4394 potum?
2686 4320 2916 4387 Quando
2939 4329 3119 4376 autem
3149 4330 3199 4377 te
3227 4321 3368 4376 vidi-

1805 4434 1926 4474 mus
1953 4414 2181 4482 nu'dum,
2211 4413 2712 4484 etcooperuimus?
2752 4419 2844 4466 aut
2869 4411 3168 4475 inﬁrmum,
3199 4419 3254 4467 et
3281 4400 3366 4468 vi-

119 4513 336 4586 ψῶντα,
373 4517 466 4568 καὶ
502 4516 1027 4587 ἐποτίσαμενςπότε
1063 4516 1120 4569 δέ
1160 4533 1216 4569 σε
1247 4517 1426 4587 ίδομεν
1455 4516 1695 4587 γυμνὸν,

1814 4509 2122 4566 sitavimus?
2141 4509 2361 4578 quando
2381 4522 2511 4579 vero
2540 4513 2592 4561 te
2611 4505 2843 4559 vidimus
2865 4503 3154 4573 hospitem,
3182 4511 3237 4559 et
3252 4506 3366 4558 col-

120 4606 225 4658 καὶ
260 4605 702 4677 ,περιεϐάλομεη
761 4606 794 4678 ἢ
836 4606 1054 4678 ἀσθενῆ,
1102 4607 1196 4661 καὶ
1239 4598 1695 4678 ἐπεσκεψάμεθας

120 4695 261 4750 πότε
307 4696 364 4750 δέ
407 4713 467 4749 σε
511 4697 687 4766 ἴδομεν
730 4696 905 4762 ξένον,
955 4698 1047 4750 καὶ
1103 4697 1514 4769 συνηγάγομεν;
1561 4697 1593 4768 ἢ
1641 4699 1697 4750 ἐν

1803 4603 2066 4674 legimus?
2105 4603 2190 4672 vel
2220 4601 2275 4654 in
2317 4613 2559 4663 carcere,
2595 4605 2650 4652 et
2676 4595 2927 4650 venimus
2954 4596 3023 4650 ad
3059 4596 3155 4650 te‘?
3183 4595 3248 4655 Et
3277 4611 3365 4650 re-

1805 4694 2080 4765 spondens
2102 4695 2249 4749 dicet
2292 4693 2436 4747 illis:
2469 4690 2750 4757 Quatenus
2784 4688 2992 4743 fecistis
3040 4688 3137 4743 uni
3177 4703 3245 4743 ex
3276 4689 3362 4744 his

120 4786 362 4857 φυλακῇ,
402 4789 496 4840 καὶ
536 4787 764 4857 ἤλθομεν
807 4787 940 4858 πρὸς
977 4787 1065 4852 σέ;
1096 4788 1204 4842 Καὶ
1241 4788 1557 4859 ἀποκριθεὶς
1585 4789 1701 4859 ἐρεῖ

1814 4785 2062 4840 ’ratribus
2095 4785 2231 4840 meis
2259 4782 2522 4846 minimis,
2565 4782 2699 4836 mihi
2753 4779 2981 4836 fecistis.
3027 4777 3092 4832 Et
3119 4780 3275 4834 ibunt
3305 4781 3361 4836 hi

119 4877 338 4942 αὑτοῖςθ
384 4879 496 4948 Ἐφ’
512 4880 634 4931 ὅσον
662 4879 950 4949 ἐποιήσατε
979 4879 1059 4933 ἐνὶ
1087 4879 1288 4932 τούτων
1317 4880 1425 4932 τῶν
1453 4879 1695 4948 ἀδελφῶν

1820 4893 1852 4930 ιι
1877 4877 2041 4930 vitam
2071 4884 2350 4930 aeternam.
2384 4872 2537 4929 Tunc
2564 4874 2706 4929 dicet
2728 4883 2781 4930 et
2811 4875 2879 4930 iis
2925 4876 3018 4945 qui
3048 4890 3081 4929 a
3120 4875 3360 4931 sinistris

125 4985 232 5040 μου
258 4969 366 5022 τῶν
392 4969 704 5039 ἐλαχίστων,
735 4971 856 5041 ἐμοὶ
882 4972 1188 5042 ἐποιήσατε.
1220 4974 1330 5027 Καὶ
1365 4974 1696 5027 ἀπελεύσον-

1795 4976 1958 5023 erunt
1991 4985 2004 5023 :
2039 4967 2308 5023 Discedite
2340 4981 2368 5019 a
2396 4981 2502 5030 me,
2537 4965 2832 5031 maledicti,
2866 4966 2923 5020 in
2973 4966 3152 5037 ignem
3200 4973 3360 5020 reter-

118 5075 216 5112 ται
243 5052 410 5114 οὗτοι.
439 5063 518 5123 εἰς
559 5058 713 5135 ζωὴν,
739 5061 974 5118 αἰώνιον.
1015 5064 1146 5118 Τότε
1186 5065 1304 5137 ἐρεῖ
1341 5065 1434 5118 καὶ
1475 5067 1586 5130 τοῖς
1610 5051 1693 5130 ’ἐξ

1814 5077 1950 5127 tum,
1973 5060 2065 5131 qui
2083 5067 2306 5132 paratus
2329 5063 2413 5113 est
2435 5056 2958 5127 diabolo‘et‘angelis
2981 5058 3119 5127 ejus.
3139 5056 3356 5112 Esurivi

197 5215 245 5248 τ’
270 5214 314 5270 ll
337 5215 464 5272 Cor.
493 5233 565 5276 Iv.
586 5219 639 5273 4.

119 5290 169 5348 9'
202 5285 394 5352 Matth,
423 5303 478 5351 ι,
506 5287 595 5342 32.
668 5288 713 5319 "
735 5287 906 5360 lgnat.
945 5291 1210 5362 interpol.
1242 5293 1308 5347 ad
1343 5285 1562 5364 Smyrn.
1591 5285 1655 5347 9.
1684 5322 1698 5334 -

717 5220 764 5296 ’ξ
786 5220 813 5282 ,1
839 5219 965 5296 Cor_.
995 5236 1071 5283 ιι,
1103 5221 1193 5296 25.
1229 5242 1231 5244 ·
1270 5223 1313 5296 '_‘
1344 5221 1541 5296 Philip.
1576 5238 1661 5296 ιιι,
1696 5224 1711 5276 1

1859 5223 1906 5256 ⁸³
1933 5223 2128 5291 Ephes.
2162 5238 2202 5287 ι,
2228 5223 2281 5278 5.
2355 5223 2401 5256 ⁸³
2429 5221 2618 5280 Matth.
2642 5239 2754 5292 xix,
2777 5223 2868 5279 ΩΙ.
2933 5223 2991 5296 ,⁸⁸
3008 5222 3129 5278 Act.
3151 5237 3233 5291 ix,
3263 5221 3351 5278 l5.

1425 5445 1789 5504 VARIORUM
1822 5446 2056 5503 NOTE.

193 5581 304 5705 φη
341 5581 847 5664 Μιᾳθαπρδοσίαν.
866 5581 1016 5664 ᾼίιετ
1043 5580 1166 5668 cod.
1191 5580 1506 5663 θεραπείαν,
1535 5581 1682 5652 quod

193 5667 209 5705 ι
232 5667 349 5705 ius:
371 5649 637 5705 stipendia
654 5666 797 5705 enim
815 5651 1014 5705 milites
1035 5665 1062 5704 a
1085 5653 1298 5705 Caesare
1318 5651 1679 5705 accmtebant.

114 5649 349 5716 melius;
370 5649 637 5774 Itipendia
654 5653 797 5707 enim
815 5651 1014 5712 milites
1035 5665 1062 5704 ο
1085 5649 1298 5705 Caesare
1318 5649 1679 5720 accipiebant,

114 5721 218 5780 sed
250 5721 365 5776 nihi
408 5723 621 5780 vetabat
646 5722 776 5785 quiin
808 5736 842 5785 a
866 5720 1196 5785 Christianis
1228 5735 1453 5775 munera
1483 5721 1675 5785 obserq

111 5721 218 5780 sed
250 5721 390 5776 nihil
408 5721 621 5780 vetabat
646 5722 776 5792 quin
808 5736 842 5785 a
866 5721 1196 5790 Christianis
1228 5735 1453 5775 munera
1483 5721 1632 5787 obset

111 5792 316 5862 utilia
346 5788 531 5862 causa,
566 5793 893 5862 acciperent.
917 5789 1080 5844 Cncn.
1267 5860 1297 5862 __
1418 5859 1435 5862 _

184 5860 300 5933 (68)
350 5859 874 5933 Ἁφθάρτουξυοεει
897 5863 952 5916 in
980 5861 1154 5922 altero
1183 5860 1390 5918 codice.
1417 5859 1495 5916 in.

1786 5793 2049 5862 οὐρανοῖς,
2081 5800 2135 5862 et
2159 5793 2320 5861 paulo

1849 5581 1964 5705 ⁴369)
2001 5581 2165 5636 Μετὰ
2191 5583 2312 5662 τὴς
2335 5580 2472 5649 περὶ
2503 5570 2627 5635 τῶν
2647 5583 2819 5636 θείων
2841 5582 3085 5652 γνῶσιν.
3110 5579 3170 5638 In
3183 5581 3357 5640 altero

1780 5667 1848 5708 co
1891 5692 1903 5705 .
1933 5651 2075 5706 κατά
2093 5653 2191 5708 τὴν
2220 5669 2315 5704 του
2347 5652 2552 5708 Κυρίου
2581 5649 2844 5708 διάταξιν.
2869 5650 2945 5708 in.

1933 5649 2075 5706 κατά
2093 5653 2191 5722 τὴν
2220 5649 2315 5704 τοῦ
2347 5652 2552 5722 Κυρίου
2581 5649 2945 5716 διάταξινζῐο.

1846 5722 1956 5792 (70)
1981 5720 2221 5812 ματρός
2242 5720 2585 5812 μοιρέάςω
2614 5723 2752 5812 alter
2792 5724 2965 5812 codex
3009 5721 3103 5777 τοῦ
3139 5722 3199 5779 ἐν
3241 5722 3356 5792 τοτ’,

1857 5795 2049 5862 ρανοίς,
2081 5800 2135 5846 et
2159 5793 2320 5861 paulo
2346 5800 2466 5860 post
2491 5791 2631 5845 ὥστε
2659 5806 2758 5862 pro
2787 5793 2880 5857 ὡς.
2913 5791 2988 5848 1ο.

1857 5861 1909 5933 (7
1920 5861 1967 5933 ί)
2017 5860 2269 5931 Ἑτέρως.
2302 5861 2590 5934 Antiquior
2613 5862 2739 5920 cod.
2768 5862 2923 5929 θέως.
2957 5862 3034 5921 ι».
