4094 6320
669 351 778 411 835
1513 354 1570 410 S.
1609 345 2002 412 CLEMENTIS
2043 354 2064 410 Ι
2101 352 2269 410 ROII.
2310 354 2512 412 PONT.
2555 353 2787 412 OPERA
2823 351 3048 414 DUBIA.
3815 357 3930 419 836

669 459 760 524 est
799 467 854 521 in
901 480 1064 536 opere
1102 465 1398 536 perfectus.
1439 465 1504 520 Et
1550 482 1651 522 nos
1706 468 1870 536 igitur
1913 466 2234 535 magistrum

2344 469 2418 540 μὴ
2464 469 2742 542 estquam,
2773 471 2872 523 οὐκ
2924 470 3038 523 ἐστι
3091 468 3502 540 τετελειωμένος
3541 471 3602 524 ἐν
3629 471 3714 542 τῷ
3747 472 3927 545 ῐργῳ.

673 557 934 612 habentes
1005 555 1294 611 Dominum
1359 566 1607 612 nostrum
1682 556 1866 612 Jesum
1930 553 2228 622 Christum,

2344 561 2442 612 Kal.
2470 561 2628 630 ἡμεῖς
2657 559 2768 622 οὖν,
2801 561 3011 630 ἔχοντες
3055 561 3370 614 διδάσκαλον
3397 560 3487 614 τὸν
3518 562 3731 633 Κύριον
3760 565 3932 634 ἡμῶν

670 662 839 718 quare
869 647 1172 702 doctrinam
1211 647 1329 716 ejus
1370 663 1479 702 non
1512 634 1824 702 imitamur?
1845 645 2111 714 Quoniam
2144 647 2232 702 ille

670 738 887 807 quidem
913 738 1243 791 renuntiavit
1265 738 1516 802 licentiae,
1536 738 1765 800 deliciis.
1785 738 1990 808 gloria,
2003 736 2230 802 divitiis,

670 827 856 893 fastui,
891 831 1146 898 potentiae
1198 829 1405 892 ultrici,
1458 829 1620 883 matri
1679 843 1744 883 ac
1798 829 2080 891 fratribus,
2116 835 2231 882 tum

670 919 831 973 etiam
875 920 1108 989 propriae
1156 919 1314 986 vitae;
1350 919 1512 990 idque
1560 920 1630 974 ob
1668 919 1921 989 pietatem
1965 932 2095 988 erga
2130 917 2234 971 Pa-

658 996 830 1073 trem,
853 1017 906 1065 et
937 1011 1008 1064 ob
1038 1010 1426 1080 benignitatem
1463 1012 1516 1063 it.
1545 1025 1679 1077 nos;
1714 1024 1909 1080 passus
1938 1024 2044 1066 non
2073 1009 2232 1064 modo

2348 648 2551 721 Ἰησοῦν
2589 651 2680 703 τὸν
2711 651 2964 723 Χριστὸν,
2995 651 3082 704 διά
3111 651 3163 704 τί
3191 652 3250 704 οὐ
3283 651 3594 722 μιμούμεθα
3615 655 3722 724 τὴν
3749 653 3932 707 αὐτοῦ

2332 741 2583 812 διδαχήνς
2616 742 2696 794 ὅτι
2726 743 2931 805 ἐκεῖνος
2980 741 3077 813 μὲν
3127 743 3432 808 ἀπετάξατο
3472 745 3675 810 ἀνέσει,
3709 751 3933 818 τρυςῇ,

2332 832 2746 905 δόξῃ,.πλούτῳ,
2793 834 2966 903 τύφῳ,
3015 834 3238 904 δυνάμει
3285 836 3575 905 ἀμυντικῇ,
3613 837 3792 907 μητρὶ
3835 840 3936 890 καὶ

2333 922 2600 992 ἀδελφοῖς,
2630 923 2728 994 ἥδη
2759 924 2814 976 δὲ
2844 926 2937 977 καὶ
2967 927 3032 995 τῇ
3061 924 3236 994 οἰκεία
3264 923 3498 996 comata
3527 925 3626 995 τὴν
3656 926 3806 995 πρὸς
3837 928 3936 979 τὸν

2334 1013 2551 1084 Πατέρα
2584 1014 2863 1071 ,εὐσέϐειαν
2894 1013 3026 1084 (84),
3059 1015 3152 1067 καὶ
3195 1015 3292 1086 τὴν
3321 1017 3399 1078 είς
3428 1016 3570 1084 ἡμᾶς
3602 1016 3937 1088 φιλανθρωα

672 1102 1106 1169 persecutionem
1156 1115 1221 1154 ac
1280 1101 1528 1164 verbera,
1576 1100 1931 1170 ignominiam
1980 1114 2044 1153 ac
2092 1099 2233 1154 ludi-

2344 1104 2485 1167 πίαν,
2519 1106 2813 1176 ὑπομείνας
2831 1106 2890 1158 οὐ
2917 1106 3073 1176 μόνον
3101 1106 3339 1176 διωγμὸν
3369 1108 3461 1159 καὶ
3479 1107 3589 1178 (85)
3610 1107 3934 1178 μάστιγας,

672 1192 874 1255 brium,
901 1192 993 1246 sed
1016 1191 1195 1260 etjam
1226 1192 1653 1261 compactionem
1694 1191 1774 1244 ad.
1796 1190 2001 1260 lignum
2027 1191 2229 1255 crucis,

2344 1196 2634 1266 ὀνειδισμὸν
2664 1198 2754 1250 καὶ
2786 1197 3117 1268 ὲμπαιγμὸν,
3150 1197 3262 1250 ἀλλ’
3294 1197 3394 1267 ήδη
3419 1198 3514 1250 καὶ⁸
3543 1199 3642 1269 τὴν
3684 1197 3838 1268 πρὸς
3872 1199 3940 1250 τὸ

677 1297 788 1350 quo
817 1281 1034 1338 Judaaos
1066 1284 1537 1353 gentilesque‘per
1573 1283 1946 1352 paenitentiam
1978 1283 2228 1338 salvaret.

2344 1287 2488 1353 ξύλον
2529 1287 2832 1358 πρόσπηξιν
2865 1287 2998 1358 (86),
3028 1288 3175 1350 ὅπως
3215 1287 3494 1351 Ἰουδαίους
3521 1289 3612 1342 καὶ
3647 1289 3938 1360 ’Έλληνας

675 1372 734 1426 Si
766 1389 896 1444 ergo
938 1375 1028 1429 ille
1059 1375 1233 1429 nostri
1273 1376 1445 1445 gratia
1480 1374 1812 1428 renuntiavit
1840 1376 1963 1428 vitae
1992 1374 2138 1426 molli
2171 1389 2234 1428 ac

2344 1378 2772 1448 μετανοήσαντας
2819 1377 2986 1451 σώσῃ.
3017 1379 3081 1432 El
3111 1373 3204 1431 οὖν
3240 1377 3398 1441 αὐτὸς
3422 1378 3490 1437 ,δι’
3522 1380 3669 1449 ἡμᾶς
3713 1379 3938 1434 ἀπετόέ

671 1465 888 1534 quietae,
907 1480 1008 1519 nec
1034 1466 1250 1520 erubuit
1278 1480 1518 1528 crucem,
1542 1479 1643 1519 nec
1672 1472 1901 1518 mortem
1929 1479 2049 1519 esse
2080 1465 2234 1532 igno-

2344 1467 2453 1531 ξατο
2475 1465 2802 1532 ἀναπαύσει,
2837 1467 2912 1540 μὴ
2939 1468 3318 1539 ἐπαισχυνθεὶς
3341 1467 3590 1540 σταυρὸν,
3620 1467 3696 1538 μὴ
3733 1467 3937 1540 ἀδοξή.

671 1555 962 1610 miniosam
991 1556 1354 1622 existimavit;
1387 1571 1493 1626 qua
1522 1555 1591 1610 de
1619 1570 1784 1610 causa
1823 1570 1924 1608 nos
1951 1555 2235 1624 passiones

2344 1575 2425 1621 τας
2443 1559 2536 1613 τὸν
2551 1558 2799 1623 θάνατον,
2824 1559 2968 1622 τίνος
2989 1559 3175 1612 ἕνεκεν
3201 1561 3360 1630 ἡμεῖς
3385 1559 3494 1629 (87)
3513 1559 3570 1612 οὐ
3594 1559 3930 1631 μιμούμεθα

681 1646 802 1714 ejus
855 1662 962 1700 non
1010 1647 1308 1710 imitamur,
1361 1655 1408 1701 el
1445 1653 1664 1716 propter
1705 1661 1851 1708 eum,
1886 1646 1995 1716 ipsi
2021 1660 2236 1715 quoque

2344 1649 2500 1702 αὐτοῦ
2551 1649 2621 1702 τὰ
2664 1649 2832 1720 πάθη,
2865 1651 2960 1704 καὶ
2999 1651 3419 1720 ἀποτασσόμεθα
3457 1652 3595 1722 ὑπὲρ
3623 1650 3794 1704 αὐτοῦ
3831 1652 3933 1702 καὶ

675 1737 799 1790 vita
863 1746 1064 1791 nostra:
1111 1738 1360 1791 nuntium
1415 1753 1524 1791 non
1573 1732 1921 1800 remittimus,
1976 1737 2236 1806 largiente

2344 1741 2475 1811 αὐτῇ
2506 1742 2571 1810 τῇ
2605 1740 2718 1811 ζωῇ
2764 1741 2940 1810 ἡμῶν,
2969 1740 3201 1804 διδόντος
3230 1740 3434 1793 αὐτοῦ·
3480 1744 3610 1812 ἡμῖν
3651 1743 3756 1812 τὴν
3788 1743 3932 1794 ὐπο-

673 1830 833 1884 nobis
873 1830 989 1898 ipso
1013 1829 1390 1884 tolerantiam?
1409 1828 1502 1882 llle
1529 1829 1672 1882 enim
1696 1837 1881 1881 nostra
1911 1841 2103 1892 causa;
2135 1843 2238 1882 nos

2344 1807 2571 1900 povi‘iv;
2620 1807 2852 1894 Ἐπί-εἶνος
2909 1832 3006 1901 μὲν
3061 1831 3171 1903 γάρ
3219 1833 3283 1884 δι’
3313 1833 3457 1902 ἡμᾶς
3486 1807 3624 1902 (88),
3671 1807 3840 1901 ἡμεῖς
3869 1831 3929 1883 δὲ

674 1939 802 1977 vero
832 1930 1051 1992 propter
1090 1937 1190 1976 nos
1235 1923 1403 1990 ipsos.
1432 1918 1616 1989 Neque
1639 1919 1783 1973 enim
1823 1919 1982 1974 nobis
2011 1919 2236 1990 indiget,

680 2014 774 2069 sed
826 2030 924 2070 nos
971 2016 1145 2085 ipsius
1185 2012 1563 2093 misericordia
1619 2011 1942 2082 indigemus.
2002 2010 2238 2066 Tantum

671 2121 802 2162 vero
819 2122 848 2160 a
873 2106 1028 2160 nobis
1051 2104 1290 2176 postulat
1319 2105 1478 2158 fidem
1503 2103 1773 2158 sinceram
1790 2109 1842 2157 et
1855 2102 2235 2160 voluntariam.

672 2196 1136 2264 Quemadmodum
1158 2196 1232 2250 ait
1263 2194 1542 2263 Scriptura
1565 2191 1581 2224 ί
1612 2211 1626 2248 :
1664 2211 1684 2244 ι
1716 2191 1771 2246 Si
1791 2193 1972 2262 justus
2003 2208 2081 2256 es,
2107 2194 2235 2263 quid

672 2287 832 2343 dabis
873 2286 963 2356 ei;
1025 2297 1117 2342 aut
1164 2286 1295 2356 quid
1325 2286 1392 2340 de
1453 2300 1619 2339 manu
1667 2293 1758 2338 tua
1805 2284 2074 2356 accipiet?
2106 2284 2238 2340 Viro

673 2378 840 2433 simili
882 2379 960 2433 tui
1007 2378 1253 2449 impietas
1297 2387 1407 2438 tua,
1459 2385 1513 2430 et
1578 2367 1690 2430 lilio
1742 2375 1979 2431 hominis
2025 2376 2239 2447 justitia

675 2479 788 2525 tua.
820 2489 840 2523 ι

1275 2559 1504 2618 CAPUT
1544 2560 1633 2618 Vl.

675 2652 828 2722 Quod
867 2662 1065 2724 oportet
1097 2653 1300 2723 ﬁdelem
1328 2671 1487 2725 neque
1523 2653 1860 2725 temerarium
1893 2668 2004 2725 esse
2030 2661 2240 2725 propter

745 2722 1107 2787 saturitatem,
1132 2741 1288 2792 neque
1319 2722 1679 2778 meticulosum
1706 2731 1915 2792 propter
1939 2722 2235 2791 ignaviam:

745 2794 834 2847 sed
864 2795 1048 2862 fugere
1065 2804 1274 2861 propter
1297 2795 1626 2854 cautionem;
1654 2791 1841 2846 etcum
1871 2793 1924 2843 in
1947 2791 2234 2858 periculum

748 2864 1006 2928 inciderit,
1039 2869 1302 2917 decertare
1325 2863 1386 2916 ob
1410 2865 1689 2931 repositam
1715 2877 1983 2915 coronant.

746 2953 1142 3010 Renuntiemus
1186 2969 1314 3024 ergo
1352 2953 1691 3024 parentibus,
1724 2952 1991 3023 cognatis,
2022 2951 2233 3017 amicis,

678 3045 858 3110 uxori,
882 3045 1087 3108 liberis,
1121 3045 1578 3114 possessionibus,
1628 3053 1694 3104 et.
1708 3044 1961 3104 omnibus
1991 3043 2113 3096 vitae
2140 3042 2236 3097 bo-

2337 1922 2402 1975 δι⁸
2460 1922 2700 1986 ἑαυτούς.
2734 1923 2807 1976 Οὐ
2856 1921 2961 1993 γὰρ
3014 1922 3204 1994 χρῄζει
3234 1922 3387 1993 ἡμῶν
3432 1921 3612 1986 αὐτὸς,
3659 1923 3826 1993 ἡμεῖς
3872 1921 3930 1974 δὶ

2338 2014 2432 2068 τοῦ
2488 2015 2670 2079 ἐλέους
2725 2016 2888 2069 αὐτοῦ
2922 2014 3054 2085 (89).
3099 2015 3272 2068 Μόνον
3315 2013 3372 2067 δὲ
3425 2013 3485 2066 τὸ
3539 2014 3637 2084 τῆς
3683 2014 3931 2074 πίστεως

2339 2106 2494 2177 ήμῶν
2565 2109 2786 2178 γνήσιον
2841 2106 3088 2177 ἐπιζητεῖ
3131 2106 3224 2160 καὶ
3283 2104 3598 2176 αὐθαίρετον
3645 2104 3778 2174 (90).
3828 2103 3931 2165 Ὧς

2339 2214 2501 2268 φησιν
2548 2199 2580 2267 ἡ
2632 2199 2893 2268 Γραφή·ι
2929 2199 2991 2250 El
3019 2197 3224 2260 δίκαιος
3281 2192 3348 2259 εἴ,
3398 2196 3451 2249 τί
3500 2195 3690 2258 δώσεις
3749 2193 3926 2262 αὐτῷο

2337 2287 2370 2356 ἢ
2403 2287 2454 2340 τί
2514 2290 2578 2341 ὲκ
2632 2289 2813 2359 χειρός
2869 2306 2961 2341 σου
3020 2288 3281 2359 λήψεταις
3311 2287 3465 2358 ἀνδρῖ⁸
3493 2287 3580 2358 -τῷ
3617 2286 3792 2357 ομοίῳ
3827 2303 3925 2338 σου

2342 2379 2372 2448 ἡ
2404 2378 2626 2432 ἀσέϐειά
2658 2380 2767 2450 (91)
2801 2397 2917 2444 σου,
2950 2380 3042 2433 καὶ
3071 2378 3173 2451 ult?)
3201 2377 3486 2451 ἀνθρώπου
3533 2380 3563 2450 ἡ
3603 2378 3925 2450 δικαιοσύνη

2340 2487 2454 2524 σου.
2498 2489 2516 2523 ι
2983 2501 2989 2508 ·

2857 2563 3252 2618 ΚΕΦΑΛΑΙΟΝ
3288 2565 3380 2630 c7.

2337 2653 2598 2724 Ὀτι”χρὴ
2623 2653 2731 2707 τὸν
2756 2654 2978 2724 πιστόν
3005 2655 3159 2724 μήτε
3177 2651 3616 2724 ῥιψοκίνδυνον
3647 2647 3805 2724 εἶναι
3846 2652 3925 2724 δι’

2408 2721 2766 2792 adgrauare,
2808 2722 2960 2793 μήτε
2995 2721 3352 2793 sapiam?”
3382 2721 3726 2793 ἀνανδρίαν.

2407 2787 2509 2846 καῖ
2556 2787 2929 2862 φξύγεινίδί
2982 2787 3296 2846 εὐλάϐειαν
3317 2787 3341 2855 ,“
3390 2791 3486 2845 καὶ
3541 2787 3889 2862 ἐμπεσόντα
3908 2830 3921 2852 ,

2404 2859 2791 2931 ἀγωνίζεσθαι
2819 2861 2916 2915 διὰ
2945 2861 3050 2915 τὸν
3075 2862 3472 2931 ἀποκείμενον
3499 2859 3824 2929 σεέςρανον.

2417 2954 2613 3007 Ἀποτα
2620 2952 2832 3024 ξώμεθα
2842 2949 2932 3006 οῦν
2945 2954 3036 3006 καὶ
3046 2952 3280 3021 γονεῦσι,
3299 2953 3392 3005 θεαὶ
3408 2952 3712 3020 συγγενέσι,
3728 2952 3822 3005 καὶ
3835 2952 3897 3020 φί
3913 2981 3926 2993 -

2335 3045 2466 3111 λοις,
2481 3045 2573 3098 καὶ
2587 3046 2821 3112 γυναικὶ,
2837 3043 3064 3116 [τέκνοις
3079 3042 3144 3115 1⁸]
3161 3044 3252 3097 καὶ
3268 3045 3530 3114 κτήμασι,
3545 3044 3637 3098 καὶ¹
3653 3043 3929 3112 σύμπαντι

677 3137 1015 3207 nis,quando
1043 3151 1229 3190 eorum
1259 3135 1460 3205 aliquid
1489 3135 1872 3206 impedimento
1903 3135 2004 3189 erit
2027 3133 2234 3204 pietati.

2344 3135 2417 3206 τῷ
2433 3135 2557 3207 βίῳ,
2576 3137 2703 3189 ὅταν
2793 3153 2846 3188 τι
2874 3135 3077 3188 τούτων
3107 3135 3332 3206 κώλυμα
3354 3134 3489 3205 πρὸς
3518 3133 3810 3188 εὐσέϐειαν.
3833 3134 3926 3187 Δεῖ

681 3227 958 3298 Siquidem
986 3242 1143 3282 orare
1165 3228 1442 3291 debemus,
1470 3241 1539 3281 ne
1567 3225 1933 3297 ingrediamur
1968 3225 2024 3278 in
2065 3231 2240 3278 tenta-

680 3321 903 3376 tionem.
929 3319 1083 3386 Quod
1108 3319 1155 3375 si
1187 3319 1256 3374 ad
1279 3319 1600 3388 martyrium
1629 3333 1907 3384 vocemur,
1935 3324 2146 3386 oportet
2185 3326 2242 3370 ut

681 3428 805 3467 cum
845 3412 1163 3467 fortitudine
1209 3421 1262 3466 et
1298 3410 1606 3467 constantia
1634 3409 2012 3464 honorandum
2043 3424 2240 3464 nomen

683 3506 1039 3561 conﬁteamur
1082 3522 1096 3558 :
1138 3511 1191 3557 et
1233 3504 1279 3558 si
1310 3501 1431 3556 ideo
1464 3502 1531 3556 ad
1575 3501 1899 3571 supplicium
1940 3501 2240 3563 mittamur,

686 3598 1014 3669 gaudeamus
1050 3605 1304 3665 tanquam
1333 3594 1425 3663 qui
1453 3592 1519 3647 ad
1559 3591 2020 3647 immortalitatem
2052 3605 2245 3660 prope—

687 3704 890 3745 ramus.
917 3688 1052 3744 Cum
1086 3689 1516 3756 persecutionem
1540 3683 1797 3753 patimur,
1826 3697 1894 3737 ne
1915 3680 2073 3752 quasi
2098 3680 2152 3734 in
2188 3696 2246 3734 re

689 3796 827 3836 nova
849 3795 912 3834 ac
930 3777 1168 3833 inaudita
1194 3786 1528 3845 stupeamus.
1552 3772 1670 3828 Non
1693 3772 1981 3843 diligamus
2007 3787 2246 3842 praesens

687 3871 970 3934 saeculum,
998 3883 1175 3938 neque
1213 3866 1404 3921 laudes
1432 3865 1500 3919 ab
1526 3864 1856 3926 hominibus,
1888 3877 2064 3932 neque
2097 3862 2248 3932 prin-

691 3963 872 4032 cipum
898 3961 1140 4014 virorum
1172 3958 1400 4028 gloriam
1425 3963 1478 4010 et
1505 3955 1803 4021 honorem;
1829 3956 1971 4011 sicut
2003 3955 2249 4017 nonnulli

689 4050 860 4106 Judaei
881 4089 896 4115 ,
934 4064 1056 4105 cum
1085 4049 1298 4103 Domini
1338 4062 1503 4118 opera
1533 4047 1952 4111 admirarentur,
1985 4064 2094 4102 non
2133 4062 2251 4102 cre-

691 4142 946 4197 diderunt
991 4141 1046 4194 in
1074 4155 1196 4193 eum
1219 4178 1234 4204 ,
1267 4150 1411 4194 metu
1453 4139 1767 4209 pontiﬁcum
1815 4140 2252 4210 reliquorumque

687 4235 1055 4304 optimatum:
1098 4249 1116 4281 ι
1148 4230 1462 4286 Dilexerunt
1511 4231 1654 4286 enim
1702 4231 1928 4300 gloriam
1973 4231 2252 4298 hominum

2341 3227 2448 3300 γὰρ
2477 3227 2870 3300 προσεύχεσθαι
2903 3229 2997 3298 μὲν
3025 3228 3195 3298 ἡμᾶς,
3243 3227 3329 3279 ἵνα
3362 3228 3436 3298 μὴ
3485 3225 3807 3295 εἰσέλθωμεν
3843 3228 3926 3289 εἰς

2343 3319 2664 3390 πειρασμόν.
2712 3319 2835 3372 Ἐἀν
2877 3319 2933 3372 δὲ
2983 3319 3269 3390 κληθῶμεν
3314 3308 3752 3390 εἰς’μαρτύριον,
3784 3317 3927 3388 μετᾶ

2343 3413 2642 3474 ὲνστάσεως
2688 3412 2965 3481 ὁμολογεῖν
2997 3410 3108 3482 (92)
3153 3411 3214 3462 τὸ
3240 3410 3421 3480 τίμιον
3467 3402 3634 3481 ὄνομα
3659 3427 3670 3439 ·
3707 3411 3799 3462 καὶ
3830 3409 3927 3462 ἐὰν

2342 3504 2530 3557 τούτου
2566 3503 2726 3573 χάριν
2755 3502 3134 3573 κολασθῶμεν,
3181 3502 3460 3572 χαίρωμεν
3495 3501 3570 3564 ὠς
3613 3501 3701 3553 ἐπὶ
3728 3499 3930 3552 ἀθανα-

2347 3596 2465 3648 σίαν
2513 3593 2830 3657 σπεύδοντες
2861 3594 2991 3664 (95).
3033 3593 3400 3664 Διωκόμενοι,
3445 3593 3520 3664 μὴ
3569 3591 3922 3661 ξενιζώμεθα.

2345 3687 2436 3758 Μὴ
2491 3685 2599 3758 (94)
2660 3686 3032 3762 ἀγαπήσωμεν
3087 3685 3180 3738 τὸν
3227 3683 3321 3738 νῦν
3363 3683 3566 3749 αίῶνα,
3615 3683 3744 3754 μηδὲ
3793 3684 3926 3744 τούς

2347 3777 2499 3849 παρὰ
2525 3776 2824 3849 ἀνθρώπιον
2865 3776 3151 3842 ἐπαίνους,
3203 3775 3333 3847 μηδὲ
3363 3775 3458 3846 τὴν
3499 3774 3606 3828 τῶν
3652 3773 3924 3844 ἀρχόντων

2347 3873 2500 3936 δόξαν
2526 3871 2622 3924 καὶ
2653 3870 2761 3942 (95)
2789 3869 2985 3941 τιμὴν,
3030 3868 3278 3937 καθάπερ
3319 3867 3411 3919 καί
3451 3882 3595 3928 τινες
3644 3865 3749 3918 τῶν
3789 3864 3923 3919 ἰουι

2348 3963 2509 4017 δαίων
2531 4005 2546 4028 ,
2579 3962 2947 4032 θαυμάζοντες
2985 3959 3080 4013 τοῦ
3108 3959 3313 4031 Κυρίου
3343 3956 3442 4022 τὰς
3481 3943 3753 4029 ἐνεργείας
3773 3999 3786 4022 ,
3821 3958 3924 4011 οὐκ

2348 4055 2629 4118 ἐπίστευον
2657 4055 2736 4117 είς
2766 4054 2928 4108 αὐτὸν
2947 4095 2961 4119 ,
2991 4053 3139 4123 φόϐῳ
3165 4050 3245 4121 τῷ
3277 4051 3412 4121 πρὸς
3452 4052 3578 4113 τούς
3617 4051 3919 4122 ἀρχιερεῖς,

2352 4148 2445 4201 καὶ
2490 4147 2613 4209 τοὺς
2641 4145 2859 4208 λοιποὺς
2901 4143 3008 4215 τῶν
3057 4143 3331 4214 ἀρχόντων
3353 4157 3366 4171 ·
3403 4161 3422 4193 ι
3466 4141 3776 4211 Ἡγάπησαν
3811 4139 3925 4211 γὰρ

2352 4238 2450 4309 τὴν
2478 4237 2633 4302 δόξαν
2663 4236 2769 4290 τῶν
2800 4234 3098 4307 ἀνθρώπων
3131 4233 3328 4305 μᾶλλον
3355 4233 3499 4304 ἢπερ
3525 4233 3624 4302 τὴν
3652 4230 3798 4296 δόξαν
3826 4232 3919 4284 τοῦ

691 4323 884 4392 magis,
907 4337 1068 4392 quam
1098 4321 1326 4391 gloriam
1347 4320 1439 4376 Dei
1461 4323 1501 4376 '.
1537 4341 1554 4374 ι
1581 4321 1808 4386 Quando
1836 4332 2016 4377 autem
2057 4323 2241 4378 bonam

2354 4327 2507 4382 Θεοῦ.
2540 4347 2558 4379 ι
2605 4327 3064 4398 Ὀμολογήσαντες
3102 4324 3158 4377 δὲ
3184 4325 3282 4394 τὴν
3330 4323 3498 4395 καλὴν
3527 4323 3832 4394 ὁμολογίαν,
3860 4325 3921 4377 οὐ

691 4415 1088 4470 confessionem
1118 4413 1460 4478 confitemur,
1495 4429 1601 4468 non
1641 4415 1802 4468 niodo
1832 4429 1933 4469 nos
1957 4415 2104 4485 ipsos
2139 4431 2241 4470 ser-

2361 4424 2518 4491 μόνον
2547 4421 2774 4482 ἑαυτοὺς
2805 4417 3068 4490 σώζομεν,
3098 4416 3232 4470 ἀλλά
3270 4418 3362 4469 καὶ
3388 4418 3516 4479 τοὺς
3543 4415 3923 4483 νεοφιινιίστους

692 4521 883 4560 vamus
904 4544 919 4568 ,
945 4504 1039 4558 sed
1072 4512 1126 4559 et
1154 4519 1346 4560 recens
1373 4505 1675 4575 baptizatos
1707 4506 2122 4572 confirmamus,
2165 4515 2241 4560 at-

2359 4509 2697 4581 βεϐαιοῦμεν,
2729 4511 2821 4564 καὶ
2846 4511 2972 4572 τούς
2993 4508 3426 4578 κατηχουμένους
3447 4505 3914 4574 πιστοποιούμεθα.

691 4615 797 4669 que
833 4596 1248 4652 catechumenos
1281 4598 1334 4651 in
1366 4597 1468 4652 fide
1504 4598 1811 4653 statuimus.
1857 4597 1958 4653 Sin
1985 4615 2115 4654 vero
2151 4599 2253 4652 ali-

692 4687 824 4757 quid
853 4689 921 4744 de
946 4685 1289 4742 confessione
1331 4689 1704 4744 remiserimus
1723 4729 1738 4753 ,
1771 4698 1964 4760 negata
1993 4691 2254 4760 religione

694 4777 788 4833 Dei
807 4779 878 4833 ob
904 4779 1070 4831 animi
1099 4779 1374 4833 mollitiem
1405 4788 1458 4835 et
1482 4780 1814 4837 brevissimae
1833 4798 2006 4853 poenae
2028 4791 2251 4850 metum,

2357 4603 2421 4654 Εί
2464 4601 2519 4654 δὲ
2567 4600 2896 4671 καθυφῶμέν
2933 4617 2986 4652 τι
3013 4599 3112 4668 τῆς
3157 4598 3462 4668 ὁμολογίας,
3502 4599 3920 4670 ἔξαρνησάμενοι

2357 4693 2453 4764 τὴν
2508 4691 2786 4746 εὐσέϐειαν
2830 4691 2918 4745 διὰ
2962 4690 3185 4762 γνώμης
3242 4691 3580 4762 χαυνότητα,
3627 4691 3716 4744 καὶ
3759 4690 3918 4758 φόϐον

2364 4783 2707 4855 βραχυτάτης
2735 4783 3000 4854 τιμωρίας
3020 4823 3035 4848 ,
3065 4781 3126 4834 οὐ
3159 4782 3318 4852 μόνον
3349 4777 3572 4844 ἑαυτοὺς
3600 4783 3919 4860 ἀποστεροῦ-

757 4937 774 4966 ¹
803 4933 907 4990 Job
958 4950 1118 4990 xxxv.
1155 4934 1206 4987 7.
1280 4934 1317 4962 ί·
1353 4929 1462 5004 Hoc
1491 4931 1714 4987 verbum
1750 4935 2144 5004 supplevimus,
2176 4931 2345 5003 quod,
2379 4933 2462 5004 vel
2495 4933 2651 5004 aliud
2695 4933 2892 5004 simile.
2929 4931 3240 4985 inconsulte
3270 4930 3538 4986 omissum
3566 4931 3772 4986 videtur
3803 4934 3918 4988 τοί-

695 5005 915 5076 quidem
944 5004 1012 5058 ab
1036 5005 1326 5073 interprete
1351 5000 1541 5056 Latine
1567 5018 1783 5057 versum
1807 4999 1910 5058 est.
1941 5003 2095 5057 Εοιτ.
2127 4999 2369 5058 αιτιοι..
2440 5003 2460 5030 ⁸
2486 4999 2644 5056 Joan.
2677 5019 2776 5066 xu,
2816 5003 2903 5057 45.

1996 5140 2353 5197 VARIORUM
2390 5139 2620 5197 ΝΟΤᾹΞ.

769 5284 882 5354 (δι)
915 5283 1258 5338 Εὐσέϐειαν.
1279 5282 1596 5354 ε’Υπακοήν,
1629 5281 1683 5335 in
1710 5281 1915 5354 altero._
1937 5278 2099 5336 Cum.

770 5350 882 5426 (85)
914 5354 1172 5426 Αιωτμὸν
1353 5350 1556 5426 Desunt
1577 5353 1639 5426 _in
1673 5351 1864 5426 altero.
1899 5350 1974 5403 Io.

771 5420 882 5491 (86)
913 5420 1109 5493 Ξύλρν
1164 5422 1520 5490 πρόσπηξιν.
1577 5420 1635 5474 in
1684 5421 1852 5474 altero
1901 5427 1986 5475 est
2028 5420 2258 5493 σταυρὸν

701 5494 1016 5563 ἀνάρτησιν.
1051 5494 1126 5563 In.

771 5510 807 5547 α
876 5510 1016 5545 νσιν.
1051 5510 1126 5546 ΙΙ).

771 5510 908 5630 (ᾗ)
934 5562 1146 5630 Ἡμεῖς.
1181 5560 1340 5616 Deest
1371 5561 1425 5614 in
1465 5560 1656 5614 altero.
1691 5557 1764 5614 lo.

771 5627 885 5702 (88)
923 5627 1120 5702 Ἡμᾶς.
1157 5631 1318 5702 Addit
1364 5631 1514 5702 alter
1541 5630 1712 5702 codex
1742 5629 2062 5702 ἀπετάξατο.
2088 5627 2163 5685 in.

795 5698 886 5769 89)
916 5698 1130 5754 Αὐτοῦ.
1155 5701 1475 5769 Additialter
1497 5699 1740 5769 δεόμεθα.
1777 5698 1851 5754 ID.

793 5767 886 5843 90)
907 5772 1283 5841 AWw’petor.
1316 5768 1372 5826 ln
1392 5771 1562 5826 altero
1585 5767 1888 5841 ετλικρινές,
1913 5779 2076 5827 recte.
2101 5767 2178 5825 lo.

2443 5281 2555 5352 (9i)
2594 5280 2876 5352 Ἀσέὄεια.
2911 5277 3060 5352 Alter
3079 5277 3346 5352 εὐσέϐεια,
3387 5277 3604 5352 melius,
3631 5277 3675 5332 si
3699 5282 3915 5338 seorsim

2374 5333 3050 5423 legat—unisententiarsed
3105 5333 3390 5423 lectionem
3445 5333 3714 5423 vulgarem
3744 5333 3917 5407 tne—tur

2364 5415 2528 5475 lectio
2564 5420 2812 5474 Hebrairi
2850 5418 3057 5472 codicis
3084 5426 3138 5470 et
3165 5424 3296 5471 vett.
3332 5415 3456 5470 lntt.
3484 5415 3536 5469 lu

2433 5492 2542 5559 (92)
2594 5488 2951 5559 'Oyoloreirj.
2999 5488 3146 5541 Alter
3196 5487 3321 5541 cod.
3377 5487 3821 5558 ὁμολογήσωμεν,
3859 5501 3914 5548 ιιι

2361 5557 2550 5629 postea
2593 5559 2889 5629 χαίρωμεν.
2926 5557 2999 5610 ID.

2436 5630 2566 5700 (ελ-ξ),
2595 5625 2994 5700 Σᾴεύδρητξς.
3027 5625 3386 5700 Καλούμενοι,
3417 5627 3470 5700 i_n
3503 5627 3674 5681 altero
3699 5625 3809 5684 cod.
3839 5627 3911 5688 hi.

2451 5693 2539 5766 94)
2577 5697 2694 5760 Μή.
2727 5693 2876 5766 Μηδέ
2907 5698 2965 5766 in
2982 5696 3192 5756 eodem,
3218 5693 3389 5749 recte.
3422 5695 3474 5747 In

2577 5701 2694 5786 Μῄ.
2727 5701 2876 5766 Μηδὲ
2907 5701 2959 5749 in
2982 5701 3194 5777 eodem,
3226 5703 3389 5749 recte.
3423 5701 3474 5747 In

2437 5769 2517 5840 tia
2577 5769 2767 5837 Δόξαν
2795 5767 2912 5822 καί.
2946 5765 3152 5821 Desunt
3182 5781 3236 5821 m
3268 5766 3458 5824 altero.
3489 5764 3559 5822 In.
