4038 6334
1572 453 1629 508 S.
1661 449 2053 508 CLEMENTIS
2086 453 2104 504 l
2144 451 2316 507 ROM.
2355 453 2555 508 ΡΟΝΤ.
2593 453 2817 508 OPERA
2856 451 3082 507 DUB‘IA.

3868 453 3955 508 853

717 577 885 635 ctus;
930 568 1172 638 profecto
1203 570 1369 623 etiam
1399 583 1494 639 per
1523 583 1646 622 eum
1677 574 1799 636 post
1837 574 2067 619 mortem
2099 582 2280 619 resur-

2391 568 2586 634 γαστόν
2616 569 2727 639 (45)
2761 586 2860 639 μου
2884 564 3027 623 εἶδον
3054 571 3104 621 oi
3158 568 3420 639 ὀφθαλμοί
3477 586 3593 634 σου,
3635 570 3730 622 καὶ
3774 569 3869 621 έπὶ
3907 570 3955 621 τὸ

719 669 846 730 get;
897 669 956 714 ut
999 661 1082 714 vel
1119 671 1413 714 coronetur
1445 673 1542 727 pro
1567 657 1884 720 virtutibus,
1914 657 1996 710 vel
2026 657 2286 724 puniatur

715 768 817 822 pro
845 751 1076 807 delictis.
1127 751 1284 817 Quod
1312 753 1356 805 si
1376 751 1591 819 justitia
1628 749 1856 817 judicat,
1881 755 1940 801 ut
1970 748 2283 816 legislator;

712 841 1171 912 quemadmodum
1234 843 1390 912 punit
1441 840 1660 910 impios.
1723 839 1803 894 sic
1858 838 2044 894 ﬁdeles
2110 846 2163 892 et
2192 838 2285 906 qui

714 942 938 1004 propter
977 950 1101 989 eum
1131 935 1198 988 ab
1249 934 1562 987 hominibus
1609 939 1738 986 sunt
1786 930 2006 984 mactati
2037 938 2284 994 sanctos,

713 1023 990 1080 beneﬁcus
1021 1027 1230 1092 salvat;
1260 1025 1458 1094 partim
1483 1024 1626 1078 sicut
1648 1029 1796 1077 astra
1814 1020 2132 1091 splendidos
2159 1020 2286 1076 ned-

712 1113 868 1178 deus,
903 1116 1104 1185 partim
1165 1116 1314 1169 velut
1375 1115 1667 1167 luminaria
1728 1112 2090 1182 refulgentes,
2139 1110 2286 1181 quod

711 1203 925 1261 Danieli
979 1209 1301 1276 prolocutus
1357 1214 1439 1261 est
1488 1204 1709 1260 Gabriel
1749 1203 1840 1256 “.'
1882 1202 2048 1272 Igitur
2100 1202 2285 1256 fideles

709 1310 925 1360 omnes,
953 1298 1047 1367 qui
1081 1297 1287 1352 Christi
1312 1311 1505 1352 sumus
1527 1289 1806 1365 discipuli,
1837 1295 2124 1365 promissis
2162 1294 2285 1363 ejus

711 1387 982 1441 credimus
1017 1406 1028 1441 :
1061 1403 1186 1440 nam
1241 1388 1333 1456 qui
1370 1387 1646 1456 promisit,
1669 1369 1888 1441 mentiri
1929 1401 2037 1439 non
2069 1369 2281 1454 potest:

710 1477 845 1532 dicit
893 1485 1074 1532 autem
1112 1479 1302 1533 beatus
1333 1479 1598 1548 propheta
1634 1476 1799 1530 David
1827 1495 1839 1530 :
1871 1474 2073 1528 Fidelis
2100 1474 2284 1527 Domi-

708 1585 806 1622 suis
837 1571 892 1622 in
948 1571 1188 1624 aninibus
1220 1571 1386 1625 verbis
1419 1571 1551 1634 suis,
1597 1579 1648 1622 et
1698 1576 1910 1623 sanctus
1940 1567 1994 1621 in
2043 1566 2286 1619 amnibus

708 1661 950 1731 operibus
977 1664 1087 1716 suis
1117 1663 1185 1718 ".
1233 1661 1393 1717 Certe
1435 1662 1534 1732 qui
1580 1659 1684 1716 sibi
1725 1675 1926 1728 corpus
1971 1673 2040 1713 es
2069 1656 2288 1726 Virgine

708 1753 1037 1816 construxit,
1072 1754 1119 1807 is
1142 1761 1196 1806 et
1218 1761 1543 1806 ceterorum
1575 1750 1858 1805 hominum
1886 1756 1971 1806 est
2000 1751 2286 1815 conditor;

707 1853 764 1899 et
795 1845 891 1915 qui
921 1860 982 1900 se
1032 1860 1064 1899 a
1097 1846 1333 1900 mortuis
1378 1843 1663 1908 excitavit,
1705 1843 1850 1897 idem
1878 1849 1933 1896 et
1989 1857 2180 1896 omnes
2231 1841 2288 1895 in

708 1946 886 1992 morte
903 1937 1158 2006 jacentes
1187 1936 1253 1990 ad
1289 1938 1457 1990 vitam
1484 1935 1676 2005 eriget:
1720 1934 1825 2000 Qui
1862 1934 2194 1990 frumentum
2216 1949 2287 1988 ex

707 2044 822 2085 uno
843 2043 1016 2098 grano
1046 2043 1406 2083 numerosum
1429 2044 1458 2083 e
1493 2035 1643 2083 terra
1672 2027 1857 2082 educit
1884 2045 1898 2094 ;
1931 2028 2024 2097 qui
2045 2029 2288 2082 excisam

708 2124 961 2177 arborem
983 2123 1318 2193 repullulare
1345 2120 1476 2176 facit
1500 2121 1555 2175 in
1587 2122 1903 2184 surculum;
1930 2119 2025 2189 qui
2052 2120 2288 2175 Aaronis

706 2215 918 2284 virgam
945 2214 1060 2284 jam
1120 2216 1409 2278 siccatam,
1443 2214 1497 2266 in
1542 2228 1765 2283 germen
1820 2212 1985 2280 jussit
2035 2225 2289 2280 prorum-

708 2321 838 2377 pere
862 2306 910 2338 “
935 2325 949 2361 :
1005 2306 1122 2376 ipse
1151 2322 1254 2361 nos
1284 2320 1504 2376 quoque
1531 2306 1817 2360 suscitabit
1848 2306 1903 2359 in
1944 2305 2139 2375 gloria.
2182 2303 2287 2370 Qui

708 2397 1076 2468 paralyticnm
1111 2413 1306 2451 sanum
1338 2390 1394 2450 in
1428 2396 1592 2466 pedes
1643 2396 1836 2451 statuit
1869 2395 1956 2461 “;
2003 2404 2058 2450 et
2089 2409 2286 2450 manus

709 2489 969 2543 ariditate
1002 2488 1345 2542 laborantem
1385 2487 1603 2541 curavit
1634 2485 1720 2552 “;
1762 2494 1817 2541 et
1865 2501 2014 2540 ceco
2069 2500 2099 2538 a
2137 2486 2289 2540 nati-

708 2581 898 2644 vitate,
954 2580 1101 2650 quod
1147 2579 1437 2634 deficiebat
1491 2579 1822 2641 membrum,
1857 2594 1953 2649 per
1987 2587 2185 2633 terram
2231 2587 2286 2634 et

708 2673 935 2728 salivam
991 2671 1226 2726 reddidit
1251 2671 1292 2702 "
1323 2691 1336 2725 :
1368 2671 1414 2726 is
1449 2671 1564 2740 ipse
1600 2686 1701 2726 nos
1745 2685 1962 2740 quoque
2002 2671 2071 2723 ad
2121 2671 2288 2725 vitam

707 2765 1007 2820 revocabit.
1069 2763 1170 2830 Qui
1204 2779 1272 2818 ex
1299 2766 1542 2833 quinque
1567 2763 1804 2833 panibus
1843 2770 1897 2817 et
1936 2763 2150 2817 duobus
2205 2763 2284 2833 pi-

710 2857 900 2911 scibus
924 2855 1170 2925 quinque
1216 2855 1387 2909 millia
1417 2858 1662 2908 virorum
1699 2855 1942 2918 satiavit,
1974 2854 2180 2907 faciens
2231 2863 2290 2908 ut

707 2947 997 3004 duodecim
1029 2947 1251 3017 cophini
1300 2955 1655 3016 superessent
1682 2945 1727 2978 ⁸⁸
1755 2965 1770 3011 ;
1801 2952 1857 3000 et
1901 2961 1970 3000 ex
2015 2959 2157 3014 aqua
2199 2943 2285 2998 vi-

708 3053 844 3094 num
874 3039 1113 3093 confecit
1135 3039 1210 3104 “;
1243 3049 1297 3093 et
1335 3053 1402 3092 ex
1431 3052 1527 3091 ore
1577 3037 1743 3107 piscis
1772 3044 2078 3091 extractum
2112 3043 2284 3090 state-

709 3147 824 3186 rem
857 3145 954 3202 per
985 3145 1071 3184 me
1094 3128 1316 3184 Petrum
1367 3128 1517 3183 misit
1565 3142 1778 3183 census'
1815 3127 2167 3182 exactoribus
2186 3125 2232 3157 “
2267 3143 2281 3180 :

2390 659 2590 729 βιϐλίον
2622 675 2714 710 σου
2767 661 2969 723 πάντες
2995 662 3384 731 τραφήσονται.
3427 679 3444 713 ι
3495 660 3654 713 ’Λλλά
3683 663 3780 713 καὶ
3809 664 3837 713 6
3877 660 3952 713 ’Β-

2387 751 2544 813 σαῒας
2563 751 2711 818 λέγει
2729 753 3159 824 προσευχόμενος
3178 752 3346 824 αὐτῷ,
3368 754 3449 805 ὅτι
3485 772 3501 803 ι
3529 753 3716 823 Ἡμεῖς
3730 754 3758 804 6
3778 752 3952 820 πηλὸς,

2387 850 2481 904 καὶ
2512 848 2576 900 σὺ
2601 848 2630 901 6
2653 847 2894 918 πλάστης
2920 847 3075 918 ἡμῶν
3108 845 3239 916 (ιι).
3276 864 3294 896 ι
3332 847 3394 898 Ei
3441 843 3619 896 τοίνυν
3659 840 3825 895 αὖτοῦ
3866 841 3946 908 δη·

2387 935 2708 1008 μιούργημα
2732 935 2760 987 6
2790 935 3092 1004 ἄνθρωπος,
3121 934 3209 986 διά
3243 931 3480 1003 Χριστοῦ
3503 931 3810 1001 γενόμενος,
3831 930 3953 979 πᾶν·

2384 1041 2492 1089 τως
2517 1025 2600 1077 ὅτι
2629 1025 2720 1078 καί
2747 1022 2936 1088 θανὼν,
2967 1023 3032 1075 δι’
3063 1020 3225 1075 αὐτοῦ
3257 1022 3630 1094 ἀναστήσεται·
3680 1021 3771 1073 ἐπὶ
3826 1021 3902 1091 τῷ
3928 1022 3954 1089 ἢ

2387 1115 2680 1187 πεφθῆναι
2710 1114 2820 1186 (65)
2851 1115 2943 1166 ἐπὶ
2970 1117 3081 1176 τοῖς
3111 1113 3546 1185 κατορθώμασιν,
3578 1113 3611 1183 ἢ
3640 1113 3956 1182 κολασθῆναι

2386 1211 2478 1263 ὲπὶ
2503 1211 2615 1270 τοῖς
2669 1206 3154 1279 πλημμελήμασιν.
3205 1205 3266 1258 Et
3305 1205 3360 1258 δὲ
3405 1200 3719 1275 δικαιοσύνῃ
3763 1205 3955 1274 κρίνει,

2386 1303 2462 1365 ὡς
2507 1297 2828 1370 νομοθέτης·
2863 1298 3050 1369 ὥσπερ
3079 1297 3296 1361 κολάζει
3337 1298 3464 1359 τοὺς
3512 1295 3745 1361 ἀσεϐεῖς,
3791 1297 3957 1356 οὕτως

2387 1389 2687 1464 εὐεργετῶν
2708 1388 2866 1454 σώζει
2893 1392 3015 1452 τοὺς
3043 1389 3284 1452 πιστοὺς,
3316 1390 3410 1441 καὶ
3437 1389 3561 1449 τοὺς
3587 1388 3651 1439 δι’
3680 1386 3843 1440 αὐτὸν
3874 1386 3956 1436 ὑπ’

2387 1483 2685 1556 ἀνθρώπων
2706 1483 3008 1551 σφαγέντας
3036 1479 3237 1548 ἁγίους·
3266 1481 3392 1542 τοὺς
3423 1480 3520 1550 μὲν
3546 1480 3620 1541 ὡς
3647 1479 3819 1548 ἄστρα
3850 1495 3960 1544 oat-

2387 1577 2616 1650 δρύνων,
2647 1579 2771 1639 τοὺς
2798 1575 2854 1628 δὲ
2882 1575 2958 1637 ὡς
2987 1574 3279 1644 φωστῆρας
3323 1571 3670 1642 λαμπρύνων·
3728 1569 3907 1630 καθὼς
3933 1572 3956 1621 ό

2388 1667 2629 1739 Γαϐριὴλ
2654 1666 2730 1737 τῷ
2759 1664 2966 1736 Δανιὴλ
2982 1665 3153 1732 ἐλεγε-
3189 1663 3424 1736 μαθηταὶ
3456 1659 3548 1715 οὖν
3568 1660 3807 1733 Χριστοῦ
3837 1663 3957 1712 πάν-

2389 1776 2480 1822 τες
2519 1757 2855 1830 ὑπάρχοντες
2892 1757 2941 1809 οί
2987 1757 3189 1820 πιστοὶ,
3245 1754 3570 1824 πιστεύομεν
3626 1752 3790 1807 αὑτοῦ
3845 1754 3956 1813 ταῖς

2390 1839 2763 1918 ἐπαγγελίαις·
2810 1847 3043 1918 ἀψευδὴς
3076 1845 3185 1917 γάρ
3212 1849 3241 1899 6
3281 1844 3762 1915 ἐπαγγειλάμενος·
3814 1844 3953 1909 λέγει

2321 1903 2361 1958 Β
2468 1903 2522 1995 ὁ.
2538 1903 2806 2010 μακάριος
3145 1903 3332 1998 dum,
3359 1903 3450 1990 ὅτι.
3477 1955 3495 1987 ι
3528 1903 3737 1996 Πιστὸς*
3758 1903 3956 2003 Κύριος

2388 2034 2446 2087 ὲν
2475 2035 2608 2086 πᾶσι
2632 2035 2744 2095 τοῖς
2770 2031 2947 2098 λόγοις
2975 2027 3162 2092 αὑτοῦ,
3192 2027 3283 2081 καὶ
3308 2029 3454 2089 ὅσιος
3477 2025 3584 2098 (46)
3606 2027 3662 2078 έν
3689 2026 3826 2078 πᾶσι

2389 2124 2570 2196 ἔργοις
2627 2120 2814 2176 αὑτοῦ.
2838 2140 2856 2174 ι
2920 2120 2978 2176 '0
3012 2119 3121 2192 γὰρ
3171 2120 3236 2172 ἐκ
3263 2117 3532 2189 παρθένου
3587 2116 3761 2187 ἐαυτῷ
3788 2133 3956 2168 κατα-

2390 2216 2660 2278 σκευάσας
2689 2213 2867 2284 σῶμα,
2895 2207 3049 2274 οὗτος
3075 2211 3170 2264 καὶ
3197 2209 3304 2263 τῶν
3333 2209 3502 2266 ἀλλων
3521 2208 3821 2280 ἀνθρώπων
3869 2208 3958 2277 δη-

2391 2306 2651 2379 μιουργός
2680 2307 2813 2358 ἐστι·
2846 2306 2939 2357 καὶ
2961 2303 3070 2374 (Π)
3104 2303 3294 2357 ἑαυτὸν
3322 2302 3631 2371 ἀναστήσας
3651 2301 3716 2352 ἐκ
3741 2298 3852 2351 τῶν
3881 2316 3961 2351 νε-

2389 2398 2556 2470 κρῶν,
2611 2397 2774 2459 αὐτὸς
2810 2397 2902 2449 καὶ
2932 2396 3140 2457 πάντας
3165 2395 3292 2457 τοὺς
3333 2392 3618 2463 κειμένους
3645 2391 3956 2459 ἀναστήσει·

2387 2493 2416 2544 6
2442 2490 2530 2544 τὸν
2561 2489 2732 2561 πυρὸν
2761 2488 2822 2552 ἐξ
2847 2489 2966 2551 ἑνὸς
2992 2487 3192 2540 κόκκου
3216 2484 3479 2556 πολύχουν
3503 2485 3567 2536 ὲκ
3586 2485 3686 2552 γῆς
3704 2478 3957 2545 ἀνιότῶν,

2385 2587 2416 2637 6
2442 2583 2504 2636 τὸ
2530 2583 2762 2635 ἑκκοπὲν
2791 2581 3006 2651 δένδρον
3035 2583 3113 2641 είς
3137 2579 3404 2650 ρἀαμνον
3437 2575 3771 2638 enemy.
3805 2578 3834 2627 ό
3863 2575 3956 2643 τὴν

2401 2673 2608 2746 Ἀαρὼν
2640 2672 2832 2746 ράὀδον
2864 2671 3172 2742 ξηράνασαν
3202 2669 3312 2740 (48)
3335 2668 3576 2738 ὲκφύσας
3602 2669 3680 2729 εἰς
3711 2666 3953 2736 βλαστόν·

2388 2766 2550 2830 αὐτὸς
2577 2767 2672 2819 καὶ
2699 2766 2846 2836 ἡμᾶς
2873 2767 3055 2836 ἐγερεῖ
3081 2765 3139 2816 ὲν
3166 2760 3314 2834 δόξῃ.
3386 2762 3442 2816 Ὀ
3471 2761 3561 2814 τὸν
3593 2759 3959 2830 παραλυτικὸν

2390 2859 2527 2913 σῶον
2565 2858 2870 2928 ἀνεγείρας,
2912 2857 3008 2911 καὶ
3050 2857 3140 2909 τὸν
3195 2854 3580 2926 ἐξηραμμένην
3629 2854 3822 2922 ἔχοντα
3864 2855 3963 2920 τὴν

2386 2953 2544 3020 χεῖρα
2577 2949 2890 3019 ιασάμενος,
2924 2950 3015 3001 καὶ
3041 2948 3102 3000 τὸ
3126 2947 3311 3000 λεῖπον
3343 2946 3506 3016 μέρος
3525 2947 3590 2997 ’ἐν
3618 2944 3696 3014 τῷ
3724 2946 3788 2997 lx
3816 2961 3965 3011 γενε-

2385 3043 2484 3113 τῆς
2511 3039 2671 3112 πηρῷ
2699 3043 2764 3093 ὲκ
2807 3042 2910 3110 γῆς
2952 3041 3046 3092 καί
3076 3039 3250 3092 σιέλου
3294 3037 3543 3100 ἀποδούς·
3591 3039 3620 3088 6
3664 3036 3828 3098 αὐτὸς
3867 3040 3964 3087 καὶ

2386 3134 2533 3204 ἡμᾶς
2552 3134 2819 3202 ἀνεγερεῖ.
2875 3133 2932 3184 '0
2960 3133 3023 3184 ὲκ
3051 3131 3210 3184 πέντε
3238 3131 3416 3201 ἀρτων
3470 3129 3565 3181 καὶ
3614 3127 3708 3181 δύο
3762 3127 3965 3196 ἰχθύων

711 3223 854 3278 idem
881 3230 934 3276 et
995 3230 1170 3276 morte
1221 3221 1468 3275 sublatos
1513 3221 1637 3273 vita:
1668 3218 1879 3273 reddet.
1933 3216 2056 3271 Haec
2085 3218 2280 3286 quippe

2387 3225 2858 3296 πεντακισχιλίους
2905 3225 3154 3294 κορέσας,
3187 3223 3279 3276 καὶ
3337 3221 3700 3293 περισσεύσας
3753 3219 3964 3273 δώδεκα

706 3315 894 3368 omnia
921 3313 989 3368 de
1033 3330 1104 3368 eo
1129 3322 1492 3377 attestamur;
1525 3311 1631 3364 alia
1678 3323 1810 3364 vero
1837 3309 2134 3379 prophetat.
2168 3308 2278 3364 Nos

707 3407 803 3476 qui
835 3421 957 3460 cum
978 3421 1043 3460 eo
1075 3403 1412 3459 comedimus
1439 3417 1505 3455 ac
1530 3401 1804 3468 bibimus;
1831 3410 1885 3456 et
1915 3400 2282 3470 spectavimus

708 3497 973 3552 miracula
1001 3495 1142 3564 ejus,
1195 3496 1386 3558 vitam,
1437 3493 1935 3556 conversationem,
1970 3507 2275 3555 sermones,

707 3589 1012 3658 passiones,
1059 3594 1310 3650 mortem,
1344 3593 1508 3655 atque
1538 3600 1604 3638 es
1637 3585 1870 3639 mortuis
1911 3587 2276 3638 resurrectio-

711 3688 956 3747 nem;et
988 3695 1112 3732 cum
1157 3694 1222 3734 eo
1264 3693 1360 3748 per
1404 3675 1768 3746 quadraginta
1826 3676 1944 3731 dies
1992 3684 2280 3745 postquam

710 3773 872 3828 rediit
924 3770 991 3824 ad
1042 3772 1207 3823 vitam
1231 3769 1298 3834 ",
1333 3768 1531 3824 versati
1579 3782 1809 3834 sumus;
1855 3777 1908 3823 et
1959 3767 2279 3822 mandatum

710 3854 1031 3936 accepimus.
1072 3864 1141 3917 ab
1169 3877 1256 3926 eo,
1296 3860 1630 3931 praedicandi
1680 3859 2031 3931 Evangelium
2063 3864 2118 3914 in
2149 3859 2277 3913 uni-

707 3972 866 4011 verso
885 3957 1112 4017 mundo,
1144 3953 1377 4010 docendi
1408 3968 1599 4008 omnes
1619 3960 1832 4023 gentes,
1867 3969 1932 4009 ac
1965 3951 2278 4022 baptizandi

709 4051 765 4103 in
803 4058 1031 4104 mortem
1070 4049 1192 4117 ejus
1222 4046 1290 4110 ",
1322 4047 1376 4100 in
1431 4045 1756 4100 auctoritate
1786 4043 1882 4099 Dci
1912 4052 2235 4098 cunctorum
2262 4063 2276 4110 ;

707 4143 801 4212 qui
832 4149 917 4197 est
945 4139 1106 4194 Pater
1137 4141 1276 4209 ejus,
1320 4138 1422 4194 nec
1452 4154 1561 4193 non
1591 4138 1646 4192 in
1674 4136 1989 4192 testimonio
2017 4135 2276 4208 Spiritus,

706 4234 801 4305 qui
831 4240 915 4288 est
955 4232 1272 4287 Paracletus
1308 4251 1322 4286 :
1350 4247 1472 4296 nos,
1507 4232 1751 4301 inquam,
1771 4231 1886 4283 haec
1904 4230 2090 4284 omnia
2113 4229 2278 4285 doce-

709 4343 831 4381 mus
859 4340 956 4380 vos
983 4343 997 4392 ;
1023 4340 1143 4396 qua:
1176 4340 1299 4378 cum
1346 4323 1612 4379 edixisset
1656 4323 1839 4385 nobis,
1875 4323 1930 4377 in
1977 4331 2277 4393 conspectu

710 4427 898 4472 nostro
918 4426 1231 4485 assumptus
1251 4425 1334 4471 est
1353 4416 1407 4470 in
1425 4418 1622 4470 cmlum
1634 4414 1708 4482 ⁸³,
1741 4415 1808 4468 ad
1843 4431 1966 4469 eum
1984 4417 2076 4485 qui
2097 4416 2273 4486 ipsum

708 4513 952 4565 miserat.
991 4512 1164 4580 Atque
1195 4512 1243 4564 si
1271 4509 1633 4570 credideritis,
1665 4509 1808 4562 beati
1840 4509 1994 4563 eritis
2023 4527 2038 4574 ;
2074 4511 2118 4562 si
2141 4523 2276 4562 con-

709 4611 794 4654 tra
841 4617 947 4656 non
995 4602 1355 4665 credideritis,
1401 4615 1502 4656 nos
1551 4601 1870 4656 innocentes
1919 4607 1972 4655 et
2013 4599 2202 4654 mundi
2241 4615 2272 4652 a

706 4701 890 4747 vestra
919 4693 1296 4747 incredulitate
1340 4694 1690 4763 reperiemur.

2387 3316 2655 3386 κοφίνους,
2686 3317 2778 3369 καὶ
2823 3315 2881 3380 ἐξ
2919 3315 3110 3378 ὓδατος
3135 3309 3274 3380 οἶνον
3313 3316 3702 3385 μεταποιήσας,
3745 3315 3845 3366 καὶ
3900 3317 3966 3366 ἐκ

2387 3409 2654 3479 στόματος
2686 3407 2863 3477 ἰχθύος
2891 3408 3134 3478 στατῆρα
3159 3406 3224 3460 δι’
3255 3406 3388 3478 ἐμοῦ
3419 3406 3627 3477 Πέτρου
3665 3407 3778 3468 τοῖς
3806 3407 3967 3459 ἀπαι-

2386 3499 2536 3553 τοῦσι
2560 3500 2756 3570 κῆνσον
2781 3500 3121 3561 ἀποστείλας·
3143 3492 3294 3562 οὗτος
3321 3500 3415 3553 καὶ
3441 3501 3567 3562 τοὺς
3596 3501 3828 3571 νεκροὺς
3843 3501 3965 3552 ἀνε-

2383 3594 2551 3664 γερεῖ.
2581 3590 2767 3645 Ταῦτα
2793 3590 2900 3662 γὰρ
2946 3590 3160 3643 ἅπαντα
3187 3592 3344 3662 ἡμεῖς
3371 3592 3499 3661 περὶ
3551 3589 3718 3644 αὑτοῦ
3753 3607 3966 3661 μαρτυ-

2386 3684 2607 3755 ροῦμεν·
2636 3683 2706 3737 τά
2728 3683 2772 3737 δ’
2795 3682 2928 3738 ἄλλα
2953 3684 3002 3736 οἱ
3030 3681 3324 3756 προφῆται.
3353 3684 3540 3754 Ἡμεῖς
3567 3683 3618 3735 οί
3649 3686 3964 3754 συμφαγάδο

2382 3792 2472 3839 τες
2498 3774 2646 3846 αὗτῷ
2675 3777 2767 3828 καὶ
2795 3776 3142 3846 συμπιόντες·
3201 3777 3295 3829 καὶ
3324 3774 3513 3828 θεαταὶ
3540 3773 3824 3846 γενόμενοι
3855 3776 3961 3828 τῶν

2381 3867 2546 3921 αὑτοῦ
2573 3869 2892 3938 τεραστίων,
2915 3869 3031 3926 ,καὶ
3056 3869 3154 3939 τῆς
3205 3868 3369 3938 ζωῆς,
3423 3867 3516 3921 καί
3540 3868 3640 3938 τῆς
3658 3868 3960 3931 πολιτείας,

2381 3961 2476 4013 καὶ
2500 3960 2608 4014 τῶν
2637 3960 2828 4027 λόγων,
2860 3961 2952 4013 καὶ
2992 3959 3101 4013 τῶν
3130 3959 3487 4030 παθημάτων,
3521 3960 3613 4013 καὶ
3643 3959 3741 4013 τοῦ
3791 3961 3959 4014 θανά-

2378 4068 2497 4118 του,
2527 4049 2742 4122 καὶτῆς
2767 4051 2832 4104 ὲκ
2862 4049 3070 4121 νεκρῶν
3091 4048 3255 4103 αὐτοῦ
3282 4051 3652 4114 ἀναστάσεως,
3684 4051 3780 4105 καὶ
3806 4068 3960 4104 συνα-

2380 4139 2786 4214 ναστραφέντες
2812 4141 2961 4212 αύτῷ
2988 4141 3203 4212 ἡμέρας
3229 4140 3640 4212 τεσσαράκοντα
3688 4143 3833 4214 μετά
3861 4145 3956 4213 τὴν

2380 4235 2595 4307 ἔγερσιν
2622 4231 2808 4288 αὐτοῦ·
2865 4235 2959 4287 καὶ
3014 4232 3268 4296 λαϐόντες
3321 4233 3543 4304 έντολὴν
3597 4237 3732 4306 παρ’
3789 4235 3957 4288 αὑτοῦ

2378 4324 2612 4399 κηρύξαι
2639 4325 2700 4379 τὸ
2727 4325 3053 4394 Εὑαγγέλιον
3083 4327 3162 4388 είς
3189 4323 3309 4378 ὅλον
3337 4325 3428 4378 τὸν
3466 4325 3690 4395 κόσμον,
3723 4328 3820 4379 καὶ
3856 4345 3960 4396 μα-

2377 4418 2636 4491 θητεῦσαι
2665 4417 2841 4472 πάντα
2866 4417 2935 4470 τά
2961 4416 3107 4487 ἔθνη,
3140 4416 3235 4470 καὶ
3273 4414 3530 4486 βαπτίσαι
3557 4419 3636 4480 είς
3661 4419 3759 4470 τὸν
3787 4418 3958 4471 αὐτοῦ

2378 4510 2628 4577 θάνατον,
2658 4510 2749 4562 ἐπὶ
2777 4508 3027 4580 αύθεντία
3054 4506 3148 4560 τοῦ
3176 4506 3313 4561 Θεοῦ
3341 4508 3447 4562 τῶν
3493 4509 3651 4576 ὅλων,
3699 4511 3759 4572 ὃς
3808 4511 3959 4564 ἐστιν

2378 4599 2545 4654 αὑτοῦ
2599 4601 2806 4670 Πατὴρ,
2838 4601 2930 4652 καὶ
2962 4600 3234 4671 μαρτυρίᾳ
3255 4599 3589 4671 Πνεύματος,
3621 4601 3678 4664 ὂς
3707 4602 3828 4654 ἐστι
3851 4601 3960 4654 Πα-

2302 4681 2346 4734 Ῑ)
2377 4692 2662 4765 ράκλητος·
2696 4691 3020 4761 διδάσκομεν
3049 4691 3192 4760 ὑμᾶς
3219 4691 3393 4746 ταῦτα
3413 4694 3606 4759 πάντα,
3637 4694 3672 4748 ἀ
3701 4695 3955 4762 διαταξα-

711 4802 868 4855 μενος
894 4787 1022 4856 ἡμῖν
1049 4783 1317 4855 ἀνελήφθη
1345 4785 1428 4836 ἐπ’
1460 4784 1582 4854 ὕψει
1609 4786 1762 4855 ἡμῶν
1802 4791 1880 4851 εἰς
1915 4789 2007 4841 τὸν
2033 4786 2259 4857 οὐρανὸν
2323 4785 2461 4856 πρὸς
2489 4787 2580 4838 τὸν
2623 4783 3017 4838 ἀποστείλαντα
3061 4783 3243 4838 αὐτόν.
3299 4785 3409 4838 Καὶ
3468 4786 3562 4839 έάν
3604 4789 3702 4859 μὲν
3732 4793 3950 4844 πιστεύ-

708 4889 856 4944 σητε,
890 4875 1143 4944 μακάριοι
1172 4871 1482 4944 γενήσεσθε·
1519 4877 1566 4927 εί
1609 4873 1668 4927 δὲ
1699 4878 1772 4947 μὴ
1825 4877 2360 4948 πιστεύσητε,ἀθῶοι
2421 4879 2582 4948 ἡμεῖς
2643 4873 3054 4947 εὑρεθησόμεθα
3113 4878 3206 4929 καὶ
3268 4878 3500 4950 καθαροὶ
3535 4881 3637 4951 τῆς
3678 4881 3960 4954 ὑμετέρας

704 4963 1036 5024 δυσπιστίας.

772 5099 813 5126 δ’
855 5097 987 5152 Dan.
1017 5115 1116 5162 xu,
1143 5102 1198 5154 3.

706 5169 750 5197 "
783 5166 972 5222 Matth.
1011 5187 1124 5232 ειν,
1161 5178 1247 5231 20.

1271 5103 1316 5133 ⁵⁸
1347 5103 1491 5156 Psal.
1523 5116 1698 5155 cxuv.
1727 5103 1811 5156 l3.

1327 5174 1372 5204 ⁵⁸
1395 5169 1552 5226 Joan.
1589 5188 1647 5236 ιι,
1680 5172 1732 5226 3.

1889 5104 1936 5133 “
1955 5102 2263 5168 Num.xvn,
2294 5104 2349 5157 8.
2423 5102 2466 5132 “
2500 5099 2690 5156 Matth.
2724 5115 2798 5160 ιι,
2856 5103 2906 5157 5.
2947 5165 2952 5168 Ι

1807 5174 1852 5203 ⁸⁸
1881 5172 2071 5226 Matth.
2111 5167 2370 5238 “11,36.
2444 5173 2486 5204 ”
2524 5171 2644 5226 Act.
2704 5188 2743 5228 ι.
2776 5171 2830 5225 5.
2908 5167 2953 5200 ⁸¹
2977 5167 3169 5224 Matth.
3194 5185 3388 5237 xxviii,
3426 5170 3511 5225 l8.
3590 5171 3638 5202 "
3659 5172 3787 5227 Act.
3827 5188 3874 5234 ι,
3911 5173 3961 5226 9.

3006 5097 3052 5143 if
3081 5097 3251 5152 Marc.
3283 5115 3368 5162 ιιι,
3401 5100 3456 5154 5.
3528 5101 3571 5132 δ’
3599 5100 3765 5155 Joan.
3792 5117 3880 5163 ιι,
3914 5099 3960 5156 7.

2015 5306 2375 5363 VARIORUM
2410 5304 2642 5364 ΝΟΤᾹΞ.

740 5415 884 5540 '3“)
917 5419 985 5472 Τὸ
1014 5422 1481 5502 ρκατέρταστον.
1521 5399 1837 5492 Ῥι-αιίὶεὶιιιι·
1872 5421 1926 5474 in
1957 5421 2125 5475 altero
2171 5423 2264 5475 καὶ

740 5508 768 5540 υ
809 5504 876 5540 ις.
908 5497 966 5540 ul
1013 5508 1066 5540 in
1096 5508 1370 5540 versione-
1402 5506 1503 5540 nec
1539 5493 1697 5540 male-
1732 5491 1904 5540 Cum-

698 5491 876 5551 αὖθις,
908 5497 966 5542 ιιι
1013 5493 1066 5544 in
1096 5494 1370 5554 versione,
1401 5506 1503 5545 nec
1539 5491 1904 5558 ωσιεζϐυιι.

769 5558 880 5631 (δέ)
914 5562 1020 5615 Kal
1047 5564 1126 5616 σὺ
1156 5567 1189 5617 ὀ
1221 5561 1497 5628 πλάστης
1524 5561 1709 5629 ἡμῶν.
1753 5559 1872 5615 Non
1919 5561 2178 5617 abhorret
2230 5571 2261 5616 a

698 5644 860 5691 vero,
880 5641 1003 5686 esse
1029 5634 1190 5687 etiam
1219 5631 1326 5685 τῶν
1353 5634 1428 5692 α.
1464 5633 1587 5686 licet
1616 5632 1754 5701 apud
1796 5648 1892 5686 eos
1930 5633 2258 5702 jampridem

695 5714 806 5772 Lion
829 5713 1200 5771 compareant,
1258 5711 1312 5757 et
1339 5707 1440 5757 sub
1464 5704 1728 5757 asterisco
1751 5704 1910 5772 quasi
1952 5703 2163 5772 Aquila:
2206 5711 2261 5757 et

695 5766 1107 5845 Iheodotionis,
1140 5780 1412 5845 ponantur
1437 5773 1494 5826 in
1523 5766 2036 5845 editioneProcopii
2053 5790 2118 5828 ex
2151 5790 2256 5828 nis.

693 5839 891 5896 Ποιησιί
923 5839 1202 5899 Marchali.
1254 5845 1333 5897 Ac
1355 5844 1498 5898 forte
1525 5839 2033 5899 continebantur'iu
2063 5845 2256 5900 codice

693 5927 801 5984 quo
830 5931 960 5970 usus
994 5917 1095 5970 fuit
1127 5915 1509 5970 Tlieodoritus.
1534 5911 1671 5970 Cor.

2439 5420 2550 5491 (45)
2597 5416 2964 5491 StesoOiir-ac.
3010 5418 3161 5491 Alter
3207 5417 3332 5472 cod.
3366 5417 3525 5491 Vind.
3557 5488 3571 5491 _
3597 5418 3958 5491 στεφανωθῆ.

2369 5487 2475 5555 ναι,
2509 5487 2699 5545 eadem
2731 5487 3025 5552 sententia,
3061 5489 3156 5543 sed
3183 5503 3315 5544 voce
3345 5489 3526 5560 paulo_
3549 5488 3958 5558 frequentiore.

3488 5556 3658 5614 Cum.

2440 5631 2550 5702 (46)
2600 5629 2929 5702 Kaldgnoc‘
2961 5575 3735 5702 υεᾳιιθλαὰ-αὐτοῦξδὲἒιῖηι
3757 5627 3814 5682 in
3861 5642 3957 5682 an-

2369 5696 2602 5771 tiquiore
2641 5701 2734 5754 sed
2761 5699 3032 5771 deteriore
3049 5696 3186 5755 cod.
3241 5696 3316 5754 In.

2438 5768 2547 5842 (i7)
2594 5773 2745 5842 Kal,
2780 5769 2921 5839 Lege
2951 5787 3016 5825 ex
3069 5774 3241 5842 altero
3272 5771 3393 5825 cod.
3425 5771 3534 5823 Καὶ
3573 5770 3622 5824 6.
3657 5768 3740 5824 In.

2433 5839 2547 5912 (ιδ)
2591 5839 2967 5910 Ξηρὰνασαν.
3016 5842 3166 5895 Alter
3198 5839 3561 5912 ξηραίνουσαν
3605 5841 3953 5962 ἐκφιὶσήσας.

3751 5930 3800 5962 υ,
