4094 6320
245 369 360 425 853

810 479 1200 550 ΚΕΦΑΛᾹΙΟΝ
1229 479 1306 530 H’.

250 574 398 642 Περὶ
439 573 711 657 Ἰακὼὄογ
739 574 844 626 τοῦ
875 570 1138 652 ἀδελφοῦ
1169 569 1273 654 τοῦ
1302 570 1544 634 Κυρίου,
1575 568 1672 621 καί
1699 570 1828 620 Στε-

607 655 801 712 φανου
831 659 935 695 του
966 655 1477 709 πρωτομαρτυρος,

326 736 463 806 Περὶ
475 735 529 786 δὲ
558 734 669 788 τῶν
702 733 991 806 μαρτύρων
1020 732 1246 800 λέγομεν
1284 731 1428 791 ὅπως
1448 731 1503 781 ὲν
1517 728 1665 801 πάσῃ
1694 731 1823 798 τιμῇ

245 822 360 880 ὦσι
392 829 518 899 παρ’
543 828 687 896 ὑμῖν,
714 825 788 887 ὡς
820 825 913 878 καὶ
942 825 1068 894 παρ’
1097 825 1224 892 ἡμῖν
1256 822 1568 891 τετίμηνται
1594 823 1620 871 6
1653 821 1825 889 μακά-

253 937 374 991 ριος
391 917 638 980 Ἰάκωϐος
651 918 678 968 6
700 917 1014 981 ἐπίσκοπος,
1037 917 1130 968 καὶ
1150 917 1178 968 6
1198 913 1350 984 ἅγιος
1373 913 1527 983 ἡμῶν
1545 910 1824 964 συνδιάκο-

248 1030 345 1076 νος
373 1011 657 1080 Στέφανος.
692 1003 852 1062 Οὗτοι
881 1008 988 1078 γάρ
1017 1009 1121 1060 είσι
1153 1007 1245 1058 καὶ
1283 1005 1385 1057 ὑπὸ
1412 1004 1545 1056 Θεοῦ
1579 1021 1824 1081 μεμακα-

252 1104 522 1173 ρισμένοι,
555 1102 647 1155 καὶ
676 1101 780 1154 ὑπὸ
816 1100 983 1170 ,ὁσίων
1021 1098 1228 1169 ἀνδρῶν
1258 1097 1629 1167 τετιμημένοι,
1661 1095 1824 1148 καθα-

249 1196 340 1266 poi.
385 1193 564 1264 πάσης
602 1191 977 1265 πλημμελίας,
1024 1191 1280 1262 ἅτρεπτοι
1321 1187 1428 1260 (49)
1473 1187 1608 1258 πρὸς
1647 1189 1826 1257 ἀμαρ-

242 1285 395 1350 τίαν,
458 1283 841 1354 ὰμετάπειστοι
868 1282 976 1334 τῶν
1032 1279 1233 1346 καλῶν,
1289 1279 1646 1334 ἀνενδοίαστοι
1688 1277 1824 1348 πρὸς

236 1375 523 1446 ἐγκώμια·
567 1374 694 1446 περὶ
744 1368 817 1427 ὧν
845 1375 937 1426 καὶ
963 1376 991 1426 6
1016 1372 1178 1425 Δαϐὶδ
1213 1372 1379 1439 ἔλεγε⁸
1419 1389 1436 1422 ι
1456 1372 1645 1442 Τίμιος
1673 1371 1823 1423 ὲνανο

241 1467 362 1520 τίον
390 1467 593 1538 Κυρίου
613 1468 641 1519 ὁ
672 1466 894 1529 θάνατος
920 1465 1030 1518 τῶν
1059 1465 1215 1518 ὁσίων
1243 1462 1428 1518 αὑτοῦ·
1453 1483 1470 1514 ο
1489 1465 1581 1516 καὶ
1610 1465 1636 1516 6
1665 1463 1820 1515 Σολο-

1171 356 1764 416 CONSTITUTIONES
1797 351 2476 409 APOSTOLICE.—LIB.
2521 349 2560 400 Υ

3404 338 3514 393 ﬁt

2521 459 2747 520 CAPUT
2785 459 2917 514 VIII.

1928 562 2003 616 De
2049 560 2271 622 Iacobo,
2327 558 2492 626 fratre
2555 557 2786 637 Domini,
2848 564 2896 609 et
2939 550 3223 622 Stephano,
3263 561 3499 621 martyre

2607 642 2796 694 primo.

1996 721 2070 776 De
2132 719 2465 791 martyribus
2511 732 2640 772 vero
2700 717 3048 786 praecipimus
3099 713 3290 778 vobis,
3336 723 3394 768 ut
3445 715 3500 770 in

1926 814 2074 868 omni
2105 814 2311 867 honore
2343 812 2453 866 sint
2484 809 2625 880 apud
2657 825 2789 876 vos;
2827 807 2972 862 sicut
2999 805 3242 862 Iacobus
3283 809 3499 875 episco-

1928 921 2050 974 pus,
2093 913 2146 959 ct
2190 912 2417 958 sanctus
2479 900 2790 970 Stephanus
2852 900 3223 953 condiaconus
3282 907 3493 961 noster,

1927 996 2068 1067 apud
2104 1012 2203 1051 nos
2241 994 2492 1049 honorati
2525 993 2766 1048 fuerunt.
2802 991 2843 1047 Ii
2892 992 3036 1046 enim
3073 998 3202 1046 sunt
3225 999 3278 1046 et
3321 1006 3350 1044 a
3385 990 3495 1046 Deo

1926 1089 2261 1143 beatitudine
2291 1087 2501 1150 donati,
2523 1095 2621 1142 eta
2653 1086 2859 1139 sanctis
2887 1085 3018 1140 viris
3050 1085 3256 1138 honore
3279 1085 3492 1151 alfecti;

1926 1183 2046 1251 puri
2077 1181 2143 1235 ab
2163 1180 2310 1234 omni
2334 1179 2556 1272 d.elicto,
2594 1176 2918 1232 inﬂexibiles
2951 1177 3016 1230 ad
3052 1185 3359 1246 peccatum,
3390 1176 3492 1230 im-

1928 1273 2221 1326 mutabiles
2269 1287 2298 1324 a
2349 1270 2573 1333 virtute,
2621 1270 2999 1324 indubitanter
3030 1270 3364 1335 laudabiles;
3424 1270 3492 1324 de

1926 1362 2126 1431 quibus
2159 1360 2329 1415 David
2369 1361 2545 1416 dixit:
2577 1360 2823 1416 Pretiosa
2853 1362 2907 1414 in
2955 1371 3233 1430 conspectu
3279 1361 3490 1415 Domini

1925 1472 2066 1508 mors
2130 1463 2431 1506 sanctorum
2491 1453 2605 1521 ejus
2638 1452 2723 1518 "';
2790 1459 2843 1506 et
2891 1451 3148 1506 Salomon
3187 1451 3492 1507 :Memoria

245 1558 386 1629 μών-
425 1576 443 1609 ι
479 1559 682 1630 Μνήμη
737 1557 946 1610 δικαίου
1004 1558 1119 1627 μετ’
1178 1555 1516 1625 ὲγκωμίου·ι
1562 1555 1693 1625 περὶ
1747 1548 1820 1608 ὧν

1923 1547 2053 1615 justi
2094 1562 2216 1598 cum
2267 1544 2422 1598 laude
2446 1545 2491 1576 ⁸⁵
2530 1564 2541 1598 :
2578 1543 2645 1601 de
2696 1544 2899 1615 quibus
2948 1553 3003 1600 et
3048 1544 3312 1616 propheta
3361 1545 3441 1599 ait
3471 1562 3496 1602 ε

238 1650 344 1703 καὶ
371 1651 400 1702 6
430 1651 712 1720 προφήτης
742 1650 945 1716 ἔλεγενο
981 1666 997 1697 ι
1040 1647 1263 1717 Ἄνδρες
1289 1646 1484 1700 δίκαιοι
1514 1647 1773 1717 αἴρονται.
1797 1665 1814 1697 ι

796 1740 1188 1794 ΚΕΦΑΛΑΙΟΝ
1218 1737 1294 1792 Θί.

680 1830 818 1898 Περὶ
846 1829 1366 1899 ψευδομαρτύρων.

320 1923 509 1979 Ταῦτα
537 1924 594 1976 δὲ
626 1924 751 1995 περὶ
793 1923 899 1976 τῶν
948 1922 1088 1976 κατὰ
1132 1922 1384 1992 ἀλήθειαν
1408 1921 1547 1993 ὑπὲρ
1584 1921 1819 1993 Χριστοῦ

240 2014 711 2087 μαρτυρησάντων
741 2015 968 2084 εἴρηται,
992 2014 1105 2067 ἀλλ’
1127 2014 1188 2066 οὐ
1218 2014 1347 2084 περὶ
1375 2012 1484 2065 τῶν
1525 2013 1822 2084 ψευδομαρ-

235 2107 446 2178 τύρων,
482 2107 610 2178 περὶ
652 2102 727 2159 ὧν
775 2107 834 2158 τὸ
862 2105 1040 2174 λόγιόν
1071 2121 1253 2175 φησιν’
1291 2123 1310 2155 ί
1350 2105 1562 2173 Ὄνομα
1599 2103 1655 2156 δὲ
1692 2104 1819 2156 ἀσε-

237 2199 360 2251 ϐῶν
392 2197 692 2250 σϐέννυται.
725 2197 952 2267 Μάρτυς
973 2195 1082 2266 (50)
1103 2196 1213 2266 γὰρ
1240 2194 1432 2257 πιστὸς
1459 2196 1518 2247 οὐ
1547 2193 1816 2263 ψεύδεταν

239 2290 464 2344 ἐκκαίει
491 2291 546 2341 δὲ
578 2288 746 2359 ψευδῆ
783 2288 990 2358 μάρτυς
1017 2287 1218 2349 ἄδικος.
1256 2305 1274 2337 ι
1323 2287 1380 2338 'U
1409 2285 1516 2357 γὰρ
1543 2287 1600 2337 ὲν
1624 2302 1822 2356 μαρτυ-

240 2384 352 2456 ρίῳ
380 2380 604 2446 ἐξελθὼν
638 2380 884 2449 ἀψευδῶς
913 2379 1052 2448 ὑπὲρ
1081 2378 1180 2448 τῆς
1208 2377 1481 2449 ἀληθείας,
1515 2370 1667 2440 οὗτος
1693 2378 1822 2449 άλη-

236 2473 394 2536 Θινδς
451 2473 681 2544 μάρτυς,
727 2470 1038 2535 ἀξιόπιστος
1098 2472 1155 2521 ὲν
1184 2465 1265 2533 οἷς
1309 2467 1711 2538 συνηγωνίσατο
1744 2467 1820 2539 τῷ

237 2563 391 2634 λόγῳ
416 2561 825 2633 τῆςέὐσεῦείας
853 2560 942 2614 διὰ
972 2558 1065 2614 τοῦ
1094 2559 1295 2613 οἰκείου
1323 2560 1574 2631 αἵματος.

785 2739 1181 2794 ΚΕΦΑΛΑΙΟΝ
1208 2739 1266 2790 I'.

257 2831 468 2901 Ἠθικὴ
502 2833 858 2900 παραίνεσις
897 2831 1030 2902 (51),
1062 2831 1149 2883 ὅτι
1179 2829 1274 2883 δεῖ
1313 2830 1556 2902 φεύγειν
1575 2845 1819 2898 ματαιο-

317 2898 544 2970 λογίας,
576 2898 1023 2970 αἰσχρολογίας,
1053 2900 1465 2966 εὐτραπελίας,
1478 2898 1691 2968 μέθην,
1715 2904 1822 2953 λα-

315 2973 540 3042 γνείαν,
574 2975 816 3040 θρύψιν.

320 3063 696 3134 Παραινοῦμεν
728 3064 785 3117 δὲ
817 3065 965 3132 ὑμῖν,
1004 3061 1222 3130 ἀδελφοὶ
1250 3061 1344 3115 καὶ⁵
1372 3058 1661 3126 σύνδουλοι,
1690 3058 1820 3128 φεύ-

1933 1637 2045 1690 Viri
2063 1637 2202 1707 justi
2235 1637 2492 1692 tolluntur
2521 1636 2588 1692 “.

2522 1726 2750 1782 CAPUT
2790 1727 2879 1783 lX.

2382 1821 2456 1875 De
2484 1820 2640 1889 falsis
2669 1819 3012 1890 martyribus.

1994 1911 2169 1981 Atque
2197 1912 2310 1966 bzec
2343 1913 2488 1966 dicta
2522 1919 2650 1966 sunt
2671 1912 2737 1965 de
2767 1912 2855 1974 iis,
2880 1913 3119 1981 quivere
3145 1926 3241 1979 pro
3270 1911 3488 1967 Christo

1922 2005 2242 2075 martyrium
2284 2005 2569 2060 subierunt
2601 2022 2614 2058 :
2646 2020 2754 2057 non
2789 2013 2967 2057 autem
2999 2003 3067 2058 de
3106 2005 3258 2060 falsis
3285 2013 3488 2074 martya

1924 2095 2206 2161 ribus;de
2249 2095 2452 2165 quibus
2496 2096 2742 2150 divinum
2785 2097 3070 2149 oraculum
3120 2096 3484 2165 pronuntiat:

1926 2185 2129 2241 Nomen
2162 2197 2335 2242 autem
2353 2190 2635 2256 impiorum
2662 2189 3101 2258 exstinguitur".
3122 2189 3287 2242 Testis
3318 2189 3485 2252 enim,

1924 2295 2020 2335 seu
2068 2288 2278 2351 martyr
2329 2280 2504 2349 ﬁdelis
2559 2296 2661 2334 non
2708 2283 2998 2345 mentitur;
3039 2281 3276 2334 accendit
3313 2290 3491 2334 autem

1923 2371 2194 2425 mendacia
2223 2373 2366 2426 testis
2390 2374 2601 2441 iniquus
2638 2373 2705 2428 ⁸⁸.
2733 2371 2866 2424 Nam
2897 2371 2992 2440 qui
3016 2372 3070 2425 in
3094 2373 3355 2442 martyrio
3379 2387 3490 2426 non

1922 2462 2187 2518 fallaciter
2226 2479 2324 2534 pro
2359 2464 2589 2519 veritate
2617 2464 2878 2525 deCessit,
2912 2463 3004 2518 hic
3025 2472 3112 2518 est
3153 2479 3316 2517 verus
3345 2477 3488 2516 mar-

1922 2563 2008 2624 tyr
2036 2569 2099 2608 ac
2126 2555 2303 2618 testis,
2355 2553 2459 2608 fide
2490 2554 2687 2625 dignus
2736 2555 2792 2608 in
2847 2554 3049 2624 quibus
3080 2570 3176 2623 per
3210 2555 3487 2624 proprium

1921 2645 2264 2715 sanguinem,
2289 2646 2516 2700 verbum
2540 2645 2761 2715 pietatis
2782 2685 2796 2706 ,
2824 2645 3089 2700 certando
3123 2646 3343 2716 idjuvit.

2538 2735 2766 2792 CAPUT
2791 2735 2858 2792 Χ.

1921 2827 2146 2882 Moralis
2177 2829 2499 2889 admonitio;
2530 2827 2670 2896 quod
2712 2837 2949 2896 oporteat
2971 2828 3150 2897 fugere
3185 2846 3344 2884 vanos
3373 2848 3488 2886 ssr-

1995 2914 2192 2959 mones,
2231 2899 2550 2966 turpiloquia
2569 2937 2583 2962 ,
2617 2898 2945 2963 dicacitates,
2973 2900 3302 2964 ebrietatem,
3329 2901 3491 2955 ἰαθεὶς

1982 2969 2138 3030 viam,
2172 2978 2220 3020 et
2250 2967 2489 3022 delicias.

1993 3059 2275 3115 Ilonemus
2306 3069 2486 3114 autem
2510 3075 2631 3122 vos,
2667 3057 2862 3115 fratres
2908 3068 2961 3114 et
2992 3063 3244 3116 conversi
3268 3102 3282 3123 .
3312 3069 3371 3116 ut
3405 3065 3488 3117 fu-

240 3171 366 3226 γειν
396 3156 492 3219 τὰς
544 3155 953 3226 ματαιολογίας,
992 3155 1087 3208 καὶ
1131 3153 1232 3216 τὰς
1275 3152 1653 3223 αἰσχρολογίας
1681 3151 1816 3223 (52),

1923 3152 2081 3223 giatis
2099 3166 2379 3206 sermones
2400 3166 2590 3211 vanos,
2619 3157 2827 3221 turpes,
2855 3166 2918 3206 ac
2943 3155 3232 3217 scurriles;
3253 3157 3486 3211 ebrieta-

245 3248 342 3301 καὶ
369 3247 463 3310 τὰς
489 3247 869 3317 εὐτραπελίας,
905 3246 1092 3316 μέθας,
1129 3243 1409 3313 λαγνείας,
1449 3242 1694 3314 θρύψεις,
1724 3241 1819 3295 καὶ

241 3338 343 3400 τὰς
373 3340 640 3410 ἀμέτρους
670 3339 858 3409 ὀργὰς,
891 3340 985 3392 σὺν
1012 3342 1131 3399 ταῖς
1173 3335 1551 3407 ψυρολογίαις·
1588 3335 1670 3388 ὅτι
1700 3334 1820 3388 οὐδὲ

242 3434 303 3483 ὲν
332 3435 449 3492 ταῖς
465 3430 768 3502 Κυριακαῖς
800 3430 1031 3502 ἡμέραις
1081 3429 1189 3482 τῶν
1211 3427 1575 3500 εὐφροσυνῶν,
1604 3423 1821 3496 ἐπιτρέ-

245 3537 422 3590 πομεν
471 3525 594 3590 ὑμῖν
638 3521 868 3591 ἄσεμνον
902 3521 1015 3591 τιῆ
1065 3520 1420 3589 φθέγγεσθαι,
1463 3519 1496 3591 ἢ
1538 3520 1815 3590 πράττειν’

243 3613 392 3682 λέγει
421 3614 526 3682 γάρ
558 3630 658 3665 που
689 3613 722 3681 ἠ
769 3613 974 3683 Γραφή·
1014 3630 1032 3662 ι
1068 3611 1398 3666 Δουλεύσατε
1435 3609 1513 3681 τῷ
1542 3609 1732 3681 Κυρίῳ
1764 3609 1820 3661 ὲν

247 3705 418 3775 φόϐῳ,
477 3705 570 3756 καὶ
626 3703 950 3771 ἀγαλλιᾶσθε
1003 3702 1149 3773 αὐτῷ
1192 3703 1250 3755 ὲν
1287 3701 1494 3774 τρόμῳ,
1535 3720 1553 3752 ι
1589 3700 1698 3754 Καὶ
1724 3699 1822 3763 τὰς

245 3796 591 3864 ἁγαλλιάσεις
643 3790 735 3847 οὖν
791 3795 965 3864 ὑμῶν,
1003 3793 1139 3865 μετὰ
1175 3792 1340 3862 φόϐου
1380 3792 1473 3872 καὶ
1502 3790 1704 3862 τρόμου
1732 3789 1819 3859 γί-

246 3887 434 3938 νεσθαι
493 3887 618 3955 χρή.
667 3887 723 3937 '0
755 3885 863 3956 γάρ
899 3902 981 3938 τοι
1019 3885 1345 3957 Χριστιανὸς
1375 3887 1402 3936 6
1457 3883 1645 3945 πιστὸς
1699 3881 1819 3934 οὐδὲ

244 3978 392 4048 ᾠδὴν
441 3949 655 4045 ὲθννικ-ὴν
701 3949 900 4045 ὀφείλει
945 3949 1142 4044 λέγειν,
1192 3949 1511 4046 οὕτεκᾷσμα
1545 3973 1815 4045 πορνικόν·

243 4070 371 4122 ἐπεὶ
404 4068 738 4138 συμϐήσεται
770 4067 937 4138 αὐτῷ,
967 4067 1054 4120 διὰ
1088 4067 1189 4137 τῆς
1225 4067 1388 4137 ᾠδῆς,
1426 4065 1654 4133 είδὼλων
1689 4082 1821 4135 μνη-

246 4160 496 4232 μονεύειν
551 4161 786 4229 6νὸματα
841 4159 1147 4230 δαιμονικὰ,
1205 4159 1298 4212 καὶ⁸
1355 4158 1474 4211 ἀντὶ
1517 4157 1611 4211 τοῦ
1661 4157 1816 4226 ἁγίου

244 4253 585 4323 Πνεύματος,
617 4253 898 4323 είσφρήσει
927 4253 983 4303 ὲν
1011 4250 1158 4322 αὐτῷ
1186 4252 1246 4304 τὸ
1274 4267 1406 4321 πονη
1417 4251 1524 4321 ρὸν.

777 4364 1169 4418 ΚΕΦΑΛΑΙΟΝ
1198 4365 1299 4417 lA'.

244 4459 613 4526 Παραίνεσις
659 4456 1026 4510 παιδεύουσα
1073 4456 1312 4523 ,φεύγειν
1353 4452 1462 4523 τῆς
1504 4454 1820 4508 εἰδωλολα-

778 4527 972 4593 τρείας
1001 4526 1062 4578 τὸ
1087 4526 1300 4593 μύσος.

309 4621 652 4691 ’Ἀπείρηται
694 4621 751 4672 δὲ
782 4620 875 4671 καὶ
917 4619 979 4672 τὸ
1024 4618 1242 4688 ὀμνύειν
1287 4618 1344 4668 ὲν
1380 4617 1580 4681 αὐτοῖς,
1623 4616 1716 4669 καὶ
1758 4617 1819 4670 τὸ

245 4711 339 4766 διὰ
365 4712 627 4781 στόματος
655 4710 832 4764 αὐτῶν
863 4710 1154 4781 προφέρειν
1200 4708 1270 4762 τὰ
1300 4707 1562 4778 βδελυκτὰ
1589 4707 1658 4759 τὰ
1701 4708 1816 4760 ὀνό-

251 4821 420 4875 ματα,
451 4805 483 4875 ἢ
532 4805 850 4873 προσκυνεῖν
905 4802 1106 4867 αὐτοῖς,
1137 4801 1170 4872 ἢ
1201 4800 1478 4878 φοϐεῖσθαι
1516 4801 1710 4863 αὐτοὺς
1744 4801 1818 4863 ὡς

250 4895 428 4956 θεούς.
467 4895 540 4948 Οὐ
569 4894 675 4965 γάρ
725 4896 830 4948 είσι
860 4893 991 4959 θεοὶ,
1019 4892 1130 4945 ἀλλ’
1158 4892 1191 4964 ἦ
1225 4892 1448 4963 πονηροὶ
1485 4892 1754 4962 δαίμονες,
1785 4894 1816 4964 ἢ

255 4987 632 5058 μεμωκημένα
670 4987 826 5058 ἔργα.
873 4985 1034 5054 Λέγει
1065 4985 1173 5056 γάρ
1202 5000 1304 5037 που
1331 4985 1360 5037 6
1386 4983 1517 5047 Θεὸς
1557 4971 1686 5057 περῖ
1711 4985 1817 5038 τῶν

1923 3252 2026 3308 tes,
2079 3245 2360 3306 lascivias,
2440 3259 2623 3298 mores
2669 3243 3044 3308 effeminatos.
3102 3248 3488 3308 immoderatos

1923 3336 2177 3405 impetus,
2209 3351 2333 3388 cum
2364 3335 2718 3405 stultiloquiis
2745 3357 2755 3390 :
2787 3338 3044 3406 quoniam
3081 3355 3256 3410 neque
3280 3319 3349 3394 .in
3383 3342 3490 3398 Do.

1923 3427 2139 3481 minicis
2168 3426 2381 3490 diebus,
2405 3427 2498 3498 qui
2523 3427 2638 3482 dies
2668 3428 2868 3483 laetitiae
2898 3428 3156 3483 dicuntur
3178 3470 3190 3493 ,
3220 3434 3487 3500 permitti-

1921 3533 2044 3572 mus
2085 3517 2238 3572 vobis
2277 3517 2576 3588 quidquam
2615 3519 2890 3574 inhonesli
2931 3528 3024 3574 aut
3063 3522 3210 3591 loqui
3248 3531 3340 3576 aut
3405 3523 3485 3577 l‘a-

1921 3624 2085 3664 cere:
2114 3609 2189 3662 ait
2233 3610 2377 3664 enim
2421 3610 2621 3664 alicubi
2660 3609 2941 3681 Scriptura
2986 3630 2999 3667 :
3034 3612 3233 3668 Servite
3263 3614 3486 3672 Domitio

1922 3701 1976 3753 in
2008 3700 2194 3753 timore
2215 3715 2232 3762 ;
2253 3707 2301 3753 et
2322 3701 2585 3755 exsultate
2627 3702 2674 3754 ei
2697 3703 2751 3754 in
2778 3712 3000 3757 tremore
3031 3704 3097 3758 ⁵ο.
3133 3702 3357 3772 Oportet
3399 3723 3484 3761 cr-

1919 3806 1988 3862 go
2035 3792 2424 3847 exsultationes
2461 3801 2672 3848 vestras
2714 3809 2836 3848 cum
2897 3794 3093 3851 timore
3141 3814 3203 3851 ac
3253 3808 3486 3854 tremore

1922 3883 2125 3952 peragi.
2166 3881 2518 3938 Christianus
2561 3884 2765 3954 quippe
2809 3884 3002 3952 ﬁdelis,
3037 3903 3212 3958 neque
3255 3891 3483 3946 cantile—

1920 3989 2046 4027 nam
2084 3975 2357 4028 etlmicam
2388 3975 2548 4030 debet
2581 3975 2754 4039 effari,
2789 3991 2962 4048 neque
3006 3980 3280 4033 canticum
3311 3997 3483 4036 mere-

1919 4063 2138 4119 tricium
2160 4083 2174 4132 ;
2199 4066 2466 4136 siquidem
2491 4068 2770 4137 continget
2793 4069 2865 4131 ei,
2898 4076 2955 4122 ut
2987 4070 3129 4126 inter
3157 4051 3496 4126 cantilenam

1920 4165 2182 4210 memoret
2229 4158 2501 4212 diabolica
2537 4157 2805 4213 idolorum
2857 4162 3113 4228 nomina;
3153 4171 3205 4216 et
3244 4180 3340 4233 pro
3365 4163 3484 4234 Spi-

1920 4245 2028 4300 ritu
2058 4256 2281 4316 sancto,
2307 4251 2533 4319 spiritus
2566 4266 2799 4321 nequam
2832 4252 3052 4307 invadet
3089 4269 3234 4309 eum.

2532 4362 2760 4417 CAPUT
2789 4363 2879 4418 XI.

1921 4453 2246 4519 Admonitio,
2277 4457 2464 4511 docens
2491 4456 2791 4526 fugiendum
2817 4475 2929 4512 esse
2959 4458 3284 4513 idololatria:
3314 4464 3480 4516 scelus

2532 4528 2902 4581 abominabile.

1992 4617 2342 4672 Interdictum
2393 4634 2611 4689 quoque
2657 4626 2740 4673 est
2779 4621 2966 4690 jurarc
3004 4637 3098 4690 per
3121 4621 3364 4682 idola.et
3391 4642 3482 4679 co-

1924 4726 2042 4764 rum
2077 4711 2433 4766 exsecrabilia
2461 4712 2683 4765 nomine
2716 4727 2811 4766 ore
2837 4711 3116 4782 proferre;
3153 4722 3246 4767 aut
3268 4731 3328 4769 ea
3354 4717 3502 4769 adoo.

1925 4818 2065 4867 rare,
2117 4810 2209 4857 aut
2249 4811 2307 4857 ut
2353 4805 2486 4858 deos
2516 4805 2712 4858 vereri.
2745 4803 2862 4858 Non
2893 4806 3035 4860 enim
3070 4807 3144 4860 dii
3193 4818 3355 4873 sunt;
3392 4812 3505 4865 sedi

1923 4894 2005 4947 vel
2049 4894 2175 4947 mali
2208 4893 2512 4958 dznmones,
2547 4895 2628 4948 vel
2657 4911 2818 4964 opera
2860 4911 2955 4966 per
3002 4896 3292 4952 ludibrium
3321 4899 3484 4956 facta.

1927 4983 2204 5055 Siquidem
2250 4985 2392 5042 Deus
2437 4987 2636 5040 alicubi
2680 4987 2748 5042 de
2783 4986 3044 5043 lsraelitis
3071 4990 3201 5044 dicit
3237 5011 3247 5043 τ
3284 4989 3484 5048 Dereli-

326 5163 676 5228 “Psal.cxv,
709 5153 797 5219 15.
871 5165 919 5197 ⁸⁸
940 5162 1102 5220 Prov.
1132 5182 1187 5229 ι,
1211 5164 1262 5218 ’1.
1338 5165 1383 5197 ⁵⁸
1405 5163 1509 5222 Isa.
1539 5180 1672 5229 Lvu,
1693 5166 1743 5228 I,
1776 5166 1820 5220 in

1923 5164 2009 5218 IX.
2085 5166 2127 5197 ³⁷
2159 5164 2316 5219 Prov.
2349 5166 2466 5227 1,7.
2544 5166 2589 5197 ⁸⁸
2619 5164 2776 5222 Prov.
2806 5183 2916 5230 xw,
2951 5169 3001 5223 5.
3071 5167 3115 5199 "
3142 5166 3364 5233 Psal.n,
3402 5168 3480 5223 Ii.

1555 5323 1919 5380 VARIORUM
1955 5325 2185 5381 ΝΟΤᾸΞ.

254 5572 298 5628 C
330 5501 442 5572 (69)
469 5503 796 5569 Ἀτρεπτοι.
825 5500 883 5557 In
913 5504 1083 5560 altero
1102 5506 1388 5572 ἀνένδοτοι,
1407 5507 1598 5563 eodem
1631 5520 1816 5561 sensu.

305 5588 426 5627 ιειι.

305 5588 426 5627 LER.

329 5644 447 5719 βοὶ
469 5643 728 5712 Μάρτυς.
760 5643 907 5698 Alter
938 5645 1061 5700 cod.
1095 5646 1207 5699 Kal.
1254 5646 1413 5700 πάλιν
1476 5647 1685 5719 μάρτυς
1730 5665 1819 5699 πι-

256 5713 401 5775 στός.
429 5714 504 5768 In.

327 5784 439 5850 (Eii)
480 5784 681 5854 Ἠθικὴ
715 5785 1081 5855 παραίνεσις.
1115 5783 1320 5842 Desunt
1371 5787 1427 5842 in
1478 5787 1647 5844 altero
1698 5787 1819 5843 cod.

1927 5505 2162 5592 Vindph.
2194 5523 2424 5575 quorum
2479 5516 2706 5592 uterque
2740 5517 2862 5592 post
2903 5507 3095 5592 θρύψιν
3120 5507 3321 5592 habent
3349 5531 3358 5563 :
3392 5513 3484 5592 δρα

1926 5578 2036 5698 ﬁgi
2058 5578 2314 5647 ἄμετρον,
2347 5578 2701 5648 μωρολογίαν,
2733 5578 2874 5649 ᾠδὴν
2913 5578 3129 5649 ὲθνικὴν
3149 5617 3164 5640 ,
3196 5578 3488 5648 ὀνομασίαν

1927 5648 1974 5697 εί
2023 5643 2178 5716 υλων,
2201 5649 2233 5716 ἢ
2253 5647 2538 5716 δαιμόνων.
2566 5649 2638 5703 ID.

1927 5663 2178 5710 ειοωΑων,
2201 5663 2233 5716 η
2253 5663 2538 5717 οαιμονων.
2567 5663 2638 5703 to.

1928 5715 2134 5840 0035230
2169 5717 2277 5770 Καὶ
2334 5720 2434 5783 τὰς
2483 5719 2925 5787 αἰσχρολογίας.
2984 5720 3188 5777 Desunt
3218 5720 3272 5774 in
3318 5721 3494 5780 altero

1928 5801 2156 5840 COﬂ.lD.
