4094 6320
170 428 292 492 ιη
1103 421 1703 483 (ΞΟΝΞΤΙῙΗΤΙΟΝΕΘ
1734 421 2423 484 ΑΡοδτοιιαε.-ι.ω.
2462 428 2508 486 ν
2526 469 2542 485 .
3317 430 3427 489 εει

172 542 686 615 σνναθροιζόμενοι,
712 530 1057 616 γρηγορεῖτε,
1077 542 1519 615 προσευχόμενοι,
1536 543 1631 595 καὶ⁵
1651 538 1744 593 δεό

1856 540 2079 611 vigiliis,
2127 542 2472 611 orationibus
2511 552 2567 600 et
2600 546 2669 600 tul
2713 543 2880 603 Deum
2918 551 3174 621 precibus
3234 560 3427 608 vocato

170 653 330 707 μενοι
364 634 459 690 τοῦ
496 633 665 699 Θεοῦ,
695 635 753 688 ἐν
788 637 854 707 τῇ
883 632 1316 707 διανυκτερεύσιι
1355 636 1528 707 ὑμῶν.
1566 636 1744 702 ἀναγι-

1856 628 1911 683 in
1943 628 2354 699 pernoctatiOne
2383 643 2586 697 vestra,
2613 635 2808 707 legem,
2841 644 3152 711 prophetas,
3187 656 3251 697 ac
3281 644 3428 712 psal-

165 726 476 790 νιὲθσκοντες
522 726 614 778 τὸν
652 725 848 797 νόμον,
895 727 1021 789 τοὺς
1076 726 1397 797 προφήτας,
1449 727 1574 789 τοὺς
1618 724 1744 796 ψαλ-

1855 735 1975 775 mos
2013 722 2173 793 legite
2205 739 2380 794 usque
2425 726 2490 780 ad
2547 728 2814 798 gallorum
2860 743 3102 801 cantum,
3143 741 3197 789 et
3248 730 3437 804 baptii

168 818 334 889 μους.
370 817 564 889 μέχρις
608 816 981 888 ἀλεκτρυόνων
1010 817 1056 850 ⁸³
1077 817 1358 889 κραυγῆς,
1404 817 1516 871 καὶ·
1559 816 1744 887 βαπτίτ

1866 824 2047 865 smum
2097 814 2341 871 conferte
2372 818 2570 873 vestris
2598 821 3040 891 catecliumenis;
3093 830 3147 879 et
3200 823 3431 879 recitato

164 925 368 972 σαντες
396 909 549 980 ὑμῶν
575 910 702 975 τοὺς
731 908 1168 980 κατηχουμένους
1190 947 1205 973 ,
1232 909 1331 962 καὶ
1346 908 1666 976 ἀναγνόντες
1692 908 1744 962 τὲ

1856 899 2148 973 Evangelio
2202 904 2257 957 in
2318 908 2512 963 timore
2566 924 2631 963 ac
2679 919 2948 977 tremore,
3016 913 3310 983 habitaque
3356 912 3426 967 ad

163 1001 506 1070 Εὐαγγέλιον
562 1000 620 1052 ἐν
676 999 824 1071 φόϐῳ
876 1000 972 1054 καὶ
1024 997 1212 1071 τρόμῳ
1243 1037 1259 1062 ,
1315 1000 1410 1053 καὶ
1454 998 1754 1071 προσλαλήο

164 1108 368 1156 σαντες
394 1092 507 1163 (57)
527 1090 605 1162 τῷ
632 1090 747 1162 λαῷ
771 1090 839 1144 τά
869 1090 1003 1162 πρὸς
1032 1090 1325 1162 σωτηρίαν,
1348 1089 1629 1143 παύσασθε
1654 1089 1749 1144 τοῦ

162 1183 406 1247 πένθους
435 1182 608 1254 ὑμῶν,
640 1183 733 1237 καὶ
764 1181 988 1253 δεήθητε
1014 1180 1109 1234 τοῦ
1137 1179 1275 1234 Θεοῦ
1293 1219 1308 1245 ,
1347 1182 1749 1252 ἐπιστραφῆναι

161 1273 261 1327 τὸν
322 1271 559 1346 Ἰσραὴλ,
596 1273 691 1327 καὶ
740 1271 925 1325 λαϐεῖν
970 1272 1134 1326 αὐτὸν
1192 1271 1356 1325 τόπον
1387 1271 1436 1303 ⁸⁸
1460 1272 1749 1342 μετανοίας

162 1364 265 1418 καὶ
301 1364 403 1434 τῆς
430 1364 680 1427 ἀσεϐείας
717 1364 939 1433 ἀφεσιν·
984 1364 1065 1415 ὅτι
1094 1361 1122 1414 ό
1153 1364 1251 1434 μὲν
1296 1361 1592 1432 ἀλλόφυλος
1626 1380 1749 1433 κρι-

160 1453 297 1525 τὴς,
330 1453 621 1527 νιψάμενος
639 1454 737 1517 τὰς
764 1457 953 1526 χεῖρας
978 1448 1156 1507 εἶπεν·
1192 1471 1213 1506 ι
1268 1452 1467 1516 ’Λθῶός
1494 1455 1609 1524 εἰμι
1639 1454 1749 1507 ἀπὸ

161 1546 264 1599 τοῦ
290 1548 519 1617 αἵματος
551 1544 655 1599 τοῦ’
671 1545 878 1599 δικαίου
896 1543 1106 1607 τούτου,
1128 1544 1285 1613 ὑμεῖς
1311 1542 1524 1613 όψεσθε.
1559 1563 1576 1596 ι
1611 1544 1672 1597 Ὀ
1690 1543 1747 1598 δέ

177 1638 402 1710 Ἰσραὴλ
426 1637 717 1709 ἐπεϐόησε·
745 1652 766 1689 ι
803 1636 875 1689 Τὸ
900 1629 1038 1706 αἷμα
1066 1633 1232 1688 αὑτοῦ
1261 1635 1637 1705 ἐφ’ήμᾶς,καὶ
1656 1636 1747 1687 ἐπὶ

159 1729 411 1782 τὰτέκνα
428 1731 461 1799 ὴ
470 1727 612 1799 μῶν·
653 1746 671 1779 ι
692 1728 786 1780 καὶ
804 1726 1032 1779 Πιλάτου
1048 1724 1309 1790 εἰπόντος·
1345 1743 1365 1775 ι
1392 1724 1496 1779 Τδν
1523 1724 1745 1794 βασιλέα

163 1818 327 1890 ὑμῶν
355 1818 684 1890 σταυρώσως
709 1836 727 1870 ι
748 1818 902 1871 αὐτοὶ
927 1816 1184 1869 ἐπεϐόων·
1204 1835 1224 1868 ι
1248 1816 1359 1871 Οὐκ
1379 1815 1571 1886 ἔχομεν
1593 1815 1745 1886 βασι-

1854 994 2111 1062 populum
2166 998 2495 1054 allocutione
2534 998 2601 1055 de
2652 1002 2815 1057 rebus
2873 1004 2939 1058 ad
2987 1005 3217 1060 salutem
3260 1006 3431 1075 perti-

1853 1085 2110 1140 nentibus
2135 1124 2151 1150 ,
2188 1088 2371 1142 ’luctui
2412 1101 2591 1145 vestro
2636 1091 2794 1146 tinem
2832 1094 3130 1165 imponite;
3169 1104 3223 1150 et
3277 1104 3429 1152 orate

1853 1170 2025 1227 Deum
2054 1182 2111 1228 ut
2155 1186 2507 1245 convertatur
2547 1178 2735 1243 Israel,
2775 1182 3067 1253 locumque
3092 1184 3428 1254 ptenitcutite

1851 1265 2083 1335 accipiat
2138 1280 2263 1332 cum
2330 1269 2485 1324 venia
2546 1270 2847 1341 impietatis
2908 1292 2922 1328 :
2982 1275 3429 1345 quandoquidem

1848 1354 2013 1423 judex
2047 1357 2349 1428 alienigena
2400 1360 2526 1417 lotis
2558 1363 2832 1428 manibus,
2860 1364 3038 1422 dixit:
3079 1386 3097 1419 ι
3158 1366 3428 1423 innocens

1852 1460 1973 1500 sum
1998 1462 2027 1500 a
2060 1450 2326 1519 sanguine
2350 1450 2484 1520 justi
2520 1452 2703 1518 hujus,
2743 1470 2837 1510 vos
2861 1455 3191 1512 videritis".
3216 1477 3235 1509 ι
3258 1455 3426 1512 lsrael

1853 1551 1983 1590 vero
2029 1539 2354 1593 exclamavit
2407 1559 2420 1595 :
2490 1559 2509 1591 ι
2571 1539 2806 1611 Sanguis
2853 1543 2973 1612 ejus
3008 1559 3173 1615 super
3207 1560 3332 1607 nos,
3371 1551 3426 1600 et

1851 1638 2017 1693 super
2049 1626 2190 1683 tliios
2234 1634 2496 1695 nastros;
2539 1649 2559 1683 ι
2603 1638 2657 1687 et
2714 1630 2891 1687 Pilato
2957 1634 3219 1689 dicente:
3262 1653 3281 1687 ι
3324 1632 3425 1691 Re-

1851 1732 1970 1788 gem
2020 1728 2263 1775 vestrum
2324 1724 2688 1795 cruciﬂgam?
2750 1745 2769 1781 ι
2825 1727 2928 1796 ipsi
2986 1729 3420 1786 acclamarunt:

1857 1823 1875 1857 ι
1910 1806 2028 1862 Νοη
2074 1810 2340 1869 habemus
2382 1829 2563 1885 regem
2596 1817 2752 1878 {nisi
2785 1816 3080 1874 Caesarem.
3127 1821 3419 1891 Cruciiige,

158 1884 264 1963 λέα
290 1911 338 1963 εί
375 1909 449 1981 μὴ
466 1884 739 1980 Καίσαρα·
759 1907 1090 1979 σταύρωσον,
1107 1884 1417 1978 σταύρωσον
1430 1884 1545 1978 (38)
1562 1884 1741 1960 αὐτόν.

1850 1901 2112 1972 crucitige
2163 1919 2307 1959 eum.
2347 1903 2537 1961 Omnis
2587 1908 2730 1962 enim
2785 1911 2877 1979 qui
2927 1926 2985 1965 se
3035 1926 3214 1982 regem
3266 1912 3418 1979 facit,

158 2002 285 2065 na;
295 2001 405 2074 γάρ
419 2003 447 2054 ὁ
463 2001 629 2054 ποιῶν
641 2001 831 2055 ἑαυτὸν
851 1999 1093 2071 βασιλέα,
1110 1998 1376 2068 ἀντιλέγει
1396 1998 1472 2069 τῷ
1484 2000 1742 2071 Καίσαρι.

158 2094 279 2147 Καὶ
292 2093 387 2146 ἐάν
406 2092 592 2147 τοῦτον
620 2091 914 2164 ἀπολύσῃς,
931 2093 1031 2145 οὐκ
1050 2088 1099 2144 εἷ
1119 2092 1271 2161 φίλος
1284 2090 1376 2143 1:06
1392 2092 1690 2162 Καίσαρος.
1722 2110 1740 2143 ι

157 2185 277 2237 Καὶ
325 2184 553 2248 Πιλάτος
610 2184 638 2236 ό
683 2183 906 2255 ἡγεμὼν
962 2183 1057 2237 καῖ⁹
1120 2182 1364 2254 Ἡρώδης
1413 2184 1441 2236 ό
1498 2182 1748 2252 βασιλεὺς

154 2264 589 2347 ἐκέλευσεν’(59)
617 2276 777 2329 αὑτὸν
810 2274 1208 2347 σταυρωθῆναι·
1243 2276 1335 2327 καὶ
1364 2274 1660 2346 πληροῦται
1687 2276 1749 2329 τδ

158 2366 378 2435 φάσκον
428 2365 625 2434 λόγιον·
662 2385 699 2443 ,ι
748 2367 864 2420 Ἵνα
909 2366 961 2419 τί
1006 2364 1282 2437 ἐφρύαξαν
1324 2365 1478 2437 ἔθνη,
1511 2357 1749 2420 καϊλαοὶ

159 2457 503 2529 ἐμελέτησαν
543 2458 704 2523 κινά;
750 2458 1097 2530 παρέστησαν
1126 2458 1176 2509 οἱ
1206 2457 1439 2527 βασιλεῖς
1473 2457 1573 2528 τῆς
1612 2458 1745 2528 γῆς,

159 2550 213 2601 οῖ
273 2550 535 2619 ἄρχοντες
590 2548 932 2621 συνήχθησαν
990 2550 1082 2601 ἐπὶ
1138 2548 1198 2600 τὸ
1254 2548 1417 2614 αὐτὸ,
1467 2548 1607 2601 κατά
1653 2548 1745 2601 τοῦ

160 2640 372 2710 Κυρίου
402 2640 655 2693 καὶκατὰ
686 2640 779 2693 τοῦ
808 2639 1044 2711 Χριστοῦ
1077 2637 1261 2693 αὑτοῦ.
1296 2640 1406 2692 Kal.
1434 2638 1747 2711 ἀπέρριψαν

158 2731 257 2784 τὸν
323 2732 646 2801 ἀγαπητὸν,
714 2730 790 2793 ὡς
850 2732 1043 2801 νεκρὸν
1107 2730 1515 2801 ἐϐδελυγμένον.
1557 2750 1575 2784 ι
1640 2733 1749 2785 Καὶ

162 2821 336 2876 αὑτοῦ
367 2822 767 2892 σταυρωθέντος
811 2824 876 2893 τῇ
916 2825 1257 2893 παρασκευῇ,
1290 2825 1383 2877 καὶ
1421 2823 1749 2887 ἀναστάντος

154 2911 587 2983 ’ἐπιφωσκούσης
631 2912 952 2989 Κυρακῆς,
1021 2913 1310 2986 ἐπληρώθη
1378 2916 1411 2984 ἡ
1467 2913 1655 2984 Γραφὴ
1710 2916 1743 2985 ὴ

162 3003 421 3071 λέγουσα·
460 3023 477 3054 ι
515 3002 770 3067 Ἀνάστα,
804 3006 832 3057 ό
862 3004 1013 3069 Θεὸς,
1046 3008 1230 3075 κρῖνον
1269 3006 1367 3077 τὴν
1399 3005 1522 3074 γῆν·
1570 3005 1651 3057 ὅτι
1682 3004 1746 3058 σὺ

162 3096 740 3168 κατακληρονομήσεις
770 3096 827 3148 ἐν
850 3079 982 3148 πάσι
1010 3098 1124 3159 τοῖς
1150 3093 1344 3148 ἔθνεσι.
1379 3114 1397 3147 ι
1424 3095 1533 3147 Καὶ
1561 3094 1743 3148 πάλιν·

1850 1993 2181 2047 contradicit
2200 1995 2423 2051 Caesari.
2448 1997 2511 2052 Et
2529 1998 2574 2051 si
2600 2000 2741 2054 hunc
2764 2000 3061 2063 dimiseris,
3088 2017 3196 2056 non
3216 2017 3277 2057 es
3292 2005 3423 2057 amio

1849 2100 1947 2139 cus
1980 2084 2213 2141 Caesaris
2237 2087 2302 2141 “.
2334 2108 2351 2139 ι
2386 2088 2449 2143 Et
2479 2088 2685 2145 Pilatus
2708 2107 2929 2161 prazses,
2956 2108 3018 2147 ac
3036 2092 3279 2148 Herodes
3301 2111 3418 2161 rex,

1843 2174 2126 2243 jusserunt
2147 2194 2269 2232 eum
2299 2182 2540 2250 cruciilgi
2563 2200 2576 2247 ;
2601 2190 2765 2251 atque
2780 2186 3234 2254 complementum
3260 2201 3421 2241 acce-

1849 2269 1929 2338 pit
1960 2268 2264 2340 Scriptura,
2307 2290 2426 2343 quae
2459 2274 2590 2328 dicit
2621 2277 2663 2307 ⁸⁷
2696 2277 2740 2308 ⁸³
2767 2295 2779 2328 :
2819 2295 2837 2327 ι
2873 2277 3051 2343 Quare
3081 2278 3422 2335 fremuerunt

1849 2370 2061 2431 gentes.
2097 2371 2151 2417 et
2182 2366 2367 2433 populi
2396 2366 2637 2420 meditati
2672 2376 2799 2422 sunt
2840 2368 3067 2423 inania?
3107 2369 3419 2425 Astiterunt

1848 2468 2005 2523 rcges
2036 2462 2232 2522 teme;
2274 2465 2327 2511 et
2377 2457 2658 2527 principes
2688 2468 3063 2515 convenerunt
3115 2462 3170 2515 in
3223 2478 3415 2525 unum,

1848 2545 2113 2599 adversus
2145 2545 2457 2609 Dominum.
2495 2558 2548 2603 et
2579 2550 2844 2605 adversus
2885 2550 3165 2605 Christum
3196 2553 3316 2621 ejus
3346 2552 3413 2607 ".

1850 2634 1913 2688 Et
1946 2638 2295 2706 projeccrunt
2322 2637 2623 2704 dilectum,
2673 2643 2833 2711 quasi
2879 2651 3153 2696 mortuum
3207 2644 3417 2696 abomi-

1848 2734 2034 2782 natum
2060 2729 2124 2784 ⁸⁸.
2160 2748 2177 2780 ι
2222 2730 2397 2799 Atque
2438 2732 2557 2801 ipso
2591 2743 2739 2787 sexta
2778 2733 2907 2789 feria
2937 2734 2989 2787 in
3022 2749 3238 2789 crucem
3281 2734 3416 2789 sub-

1850 2817 1993 2884 lato;
2051 2826 2103 2872 et
2165 2835 2194 2873 a
2240 2822 2469 2875 mortuis
2518 2823 2784 2887 excitato,
2846 2824 2947 2879 sub
2994 2824 3099 2878 diei
3146 2825 3415 2881 Dominici

1849 2909 2150 2965 diluculum
2170 2950 2184 2976 ,
2214 2913 2417 2966 exitum
2448 2913 2637 2969 habuit
2660 2915 2791 2969 illud
2820 2915 3117 2986 Scriptura:
3140 2935 3153 2972 :
3177 2935 3195 2967 ι
3220 2918 3414 2989 Surge,

1848 2999 2235 3071 Deus;judica
2281 3010 2483 3058 terram
2518 3022 2530 3059 :
2564 3006 2822 3075 quoniam
2880 3013 2939 3060 tu
2978 3004 3333 3062 haereditabis
3359 3010 3415 3063 in

1836 3096 2092 3151 onmibus
2117 3095 2367 3167 gentibus
2397 3095 2471 3162 ·¹;
2499 3114 2517 3147 ι
2539 3106 2591 3150 et
2617 3097 2808 3150 iterum
2834 3115 2846 3151 :
2880 3116 2898 3148 ι
2928 3095 3251 3169 Exsurgam,
3271 3100 3402 3155 dicit

168 3207 189 3240 ι
216 3188 638 3258 ’Δναστήσομαι,
672 3187 818 3255 λέγει
848 3186 1079 3259 Κύριος,
1116 3186 1349 3257 θήσομαι
1378 3188 1433 3238 ἐν
1464 3186 1741 3258 σωτηρίῳ,

1846 3186 2121 3250 Dominus,
2166 3201 2360 3256 ponam
2402 3188 2453 3240 in
2490 3188 2749 3253 salutari;
2796 3190 3125 3243 lidncialiter
3152 3206 3309 3260 agam
3347 3192 3404 3245 in

165 3279 617 3351 παρρησιάσομαι
643 3280 699 3331 ἐν
728 3277 894 3349 αὐτῷ·
920 3297 938 3329 ι
974 3275 1083 3349 (Al-0)
1114 3277 1227 3329 καί·
1267 3296 1284 3329 ι
1325 3278 1395 3330 Σὺ
1428 3277 1505 3343 δέ,
1539 3277 1740 3349 Κύριε,

162 3369 391 3440 ἐλέησόν
457 3386 553 3438 με,
613 3369 707 3421 καὶ
755 3367 1058 3439 ἀνάστησόν
1110 3384 1207 3438 με,
1255 3368 1346 3421 καὶ
1384 3368 1745 3423 ἀνταποδώσω

164 3462 368 3523 αὐτοῖς.
420 3479 438 3511 ι
488 3459 584 3512 Διά
624 3458 782 3512 τοῦτο
827 3455 919 3512 οὖν
948 3460 1044 3513 καὶ
1071 3460 1257 3529 ὑμεῖς,
1292 3459 1622 3523 ἀναστάντος
1649 3460 1744 3513 τοῦ

164 3552 405 3623 Κυρίου,
442 3551 841 3621 προσενέγκατε
871 3550 969 3622 τὴν
1002 3550 1191 3603 θυσίαν
1243 3550 1352 3622 (ll)
1385 3551 1539 3621 ὑμῶν
1562 3593 1577 3618 ,
1618 3552 1746 3621 περὶ

163 3637 235 3713 ἦς
276 3642 403 3711 ὑμῖν
437 3641 713 3705 διετάξατο
741 3641 806 3695 δι’
834 3641 1010 3712 ήμῶν,
1056 3641 1247 3709 λέγων·
1288 3661 1307 3692 ι
1349 3642 1515 3695 Τοῦτο
1544 3647 1744 3697 ποιεῖτε

165 3735 250 3795 είς
274 3734 373 3802 τὴν
402 3732 538 3803 ἐμὴν
566 3731 888 3803 ἀνάμνησιν.
921 3752 939 3782 ι
975 3732 1086 3799 Kal.
1114 3731 1294 3785 λοιπὸν
1326 3733 1741 3804 ἀπονηστεύετε,

140 3820 583 3894 εὐφραινόμενοι
642 3824 735 3876 καὶ
780 3822 1166 3894 ἑορτάζοντες,
1210 3823 1293 3875 ὃτι
1341 3823 1599 3895 ἀρραϐὼν
1643 3825 1744 3894 τῆς

166 3916 514 3978 ἀναστάσεως
542 3915 695 3985 ὑμῶν
742 3914 853 3986 (4%)
899 3914 1104 3985 Ἰησοῦς
1134 3916 1162 3966 ό
1190 3915 1422 3986 Χριστὸς
1449 3916 1741 3986 ἐγήγερται

169 4010 235 4060 ἐκ
278 4007 502 4077 νεκρῶν·
554 4008 646 4059 καὶ
691 4005 849 4059 τοῦτο
886 4005 1013 4076 ύμῖν
1048 4004 1186 4057 ἔστω
1232 4006 1458 4075 νόμιμον
1504 4004 1739 4074 αἰώνιον,

169 4100 275 4162 ἕως
310 4097 410 4167 τῆς
451 4096 753 4159 συντελείας
798 4095 891 4148 τοῦ
936 4095 1158 4161 αίῶνος,
1213 4095 1407 4167 μέχρις
1443 4098 1508 4150 ἂν
1539 4097 1665 4170 ἔλθῃ
1715 4101 1743 4152 ό

172 4190 393 4261 Κύριος.
434 4188 707 4249 Ἰουδαίοις
745 4187 853 4259 γάρ
891 4188 919 4240 ό
958 4186 1161 4259 Κύριος
1204 4187 1282 4241 ἔτι
1319 4188 1566 4261 τέθνηκε·
1603 4191 1740 4262 Χρι-

174 4284 402 4345 στιανοῖς
431 4280 486 4333 δὲ
516 4281 826 4351 ἐγήγερται·
857 4282 969 4342 τοῖς
998 4280 1096 4351 μὲν
1123 4280 1189 4332 δι’
1220 4280 1504 4346 ἀπιστίαν,
1546 4284 1658 4345 τοῖς
1684 4282 1741 4335 δέ

169 4371 260 4425 διά
296 4371 691 4443 πληροφορίαν,
739 4370 821 4423 ὅτι
866 4372 899 4441 ή
948 4355 1029 4434 si;
1076 4370 1238 4423 αὑτὸν
1284 4371 1437 4435 ἐλπὶς
1474 4371 1741 4436 ἀθάνατος

173 4463 285 4536 ζωὴ
328 4464 421 4517 καὶ
466 4462 574 4534 (45)
620 4460 851 4525 αἰώνιος·
905 4460 1040 4535 μετά
1080 4460 1137 4514 δέ
1184 4461 1326 4515 ὀκτὼ
1369 4463 1583 4535 ἡμέρας
1630 4465 1739 4537 (ﬂ)

248 4601 292 4637 ⁸⁸
313 4601 505 4655 Anast.
534 4598 1011 4671 ἀλεκτρυοφωνῶν.
1086 4598 1132 4631 ⁸⁸
1162 4600 1231 4651 al.
1259 4599 1474 4669 τρόπον.
1551 4600 1597 4634 ⁸⁸
1628 4602 2108 4666 Mattlt.xxvtt,25,

248 4671 360 4725 -27.
433 4672 478 4701 "
512 4669 649 4724 Psal.
685 4684 743 4727 ιι.
781 4670 827 4721 l.
929 4669 973 4700 “
1001 4666 1103 4723 lsa.
1137 4684 1247 4727 xw.
1294 4668 1378 4722 t9.
1501 4670 1543 4701 “
1572 4669 1718 4727 Psal.
1752 4689 1939 4727 Lxxxt.
1973 4673 2033 4727 8.

1705 4714 1718 4727 ο
1752 4709 1939 4739 μιλιιιν
1973 4709 2033 4727 νο

174 4671 360 4725 95-27.
433 4672 478 4701 ⁸⁹
512 4669 649 4724 Psal.
685 4666 743 4728 ti.
781 4666 827 4721 l.
929 4669 973 4700 “
1001 4666 1103 4723 lsa.
1137 4684 1247 4732 xw,
1294 4666 1378 4722 l9.

182 4750 313 4805 ειη,
345 4740 428 4797 l9.
497 4740 540 4771 “
570 4738 857 4800 Exod.xu,
896 4737 1188 4803 24;lCor.
1228 4754 1303 4802 xl,
1328 4738 1415 4791 ‘26.

1835 3296 1900 3335 eo
1930 3281 2004 3346 “;
2040 3296 2060 3331 ι
2094 3288 2182 3333 et:
2220 3299 2237 3331 ι
2268 3276 2347 3333 Tu
2379 3289 2583 3346 autem,
2620 3279 2866 3346 Domine,
2908 3282 3167 3336 miserere
3196 3284 3321 3349 mei,
3356 3292 3412 3338 et

1847 3368 2119 3423 resuscita
2142 3384 2256 3433 me;
2287 3376 2339 3422 et
2370 3368 2667 3422 retribuam
2701 3370 2779 3423 eis
2799 3369 2862 3423 ⁸³.
2890 3390 2909 3420 ι
2935 3368 3015 3424 Ob
3039 3371 3141 3425 hoc
3174 3372 3337 3439 igitur
3358 3382 3413 3427 et

1844 3473 1980 3522 vos,
2033 3465 2351 3529 resurgente
2394 3457 2657 3522 Domino,
2694 3458 2884 3515 oilerte
2936 3460 3263 3516 sacriﬁcium
3312 3478 3412 3517 vc-

1845 3557 2041 3613 strum,
2084 3549 2150 3604 de
2194 3564 2302 3619 quo
2349 3550 2504 3606 vobis
2555 3550 2836 3605 constituit
2890 3566 2987 3619 per
3026 3566 3147 3614 nos,
3187 3554 3408 3609 dicens:

1850 3660 1867 3691 ι
1914 3641 2025 3696 l-loc
2055 3640 2214 3696 facite
2239 3642 2293 3696 in
2327 3658 2500 3697 meam
2521 3643 3093 3705 commemorationem
3116 3644 3413 3703 ".!Postea

1841 3732 2113 3801 jejunium
2190 3732 2487 3797 dimittite,
2560 3736 2807 3789 iaztantes
2870 3743 2923 3789 et
2990 3734 3134 3788 diem
3210 3734 3407 3790 festum

1845 3835 2099 3893 agentes;
2160 3826 2418 3894 quoniam
2470 3825 2669 3894 pignus
2700 3825 3158 3890 [resurrectionis
3214 3838 3409 3881 vestra:

1843 3916 2005 3971 Jesus
2025 3916 2278 3971 Christus
2310 3932 2339 3970 a
2366 3917 2596 3971 mortuis
2640 3916 2907 3971 excitatus
2950 3924 3035 3971 est
3063 3933 3077 3972 :
3113 3926 3273 3987 atque
3302 3917 3406 3973 hoc

1844 4010 1999 4064 vobis
2026 4007 2096 4062 sit
2127 4008 2422 4077 legitimum
2457 4007 2843 4076 sempiternum
2867 4023 3038 4077 usque
3060 4007 3125 4061 ad
3155 4024 3409 4063 consum-

1842 4102 2135 4156 mationem
2166 4099 2372 4162 saeculi,
2405 4098 2585 4169 quoad
2626 4099 2832 4153 venerit
2869 4098 3133 4155 Dominus
3155 4101 3221 4156 ⁸³.
3270 4100 3405 4156 Nam

1843 4192 2045 4249 Judaais
2075 4192 2253 4246 adhuc
2294 4189 2559 4244 Dominus
2602 4189 2847 4257 interiit;
2894 4186 3229 4246 Christianis
3270 4205 3404 4245 vero

1843 4284 2181 4351 resurrexit;
2215 4283 2322 4337 illis
2354 4282 2572 4351 quidem
2600 4289 2824 4350 propter
2864 4280 3237 4337 inﬁdelitatem
3264 4300 3279 4349 ;
3316 4283 3401 4339 his

1842 4386 2021 4432 autem
2072 4380 2288 4445 propter
2332 4372 2699 4427 certissimam
2756 4372 2898 4427 hanc
2946 4374 3397 4443 persuasionem,

1842 4467 1986 4539 quod
2015 4480 2237 4536 sperare
2274 4464 2330 4518 in
2361 4479 2483 4519 eum
2514 4463 2581 4518 sit
2606 4463 2714 4517 vita
2743 4464 3063 4519 immortalis
3090 4479 3152 4519 ac
3173 4472 3397 4519 :eterna.

2232 4598 2456 4653 "Joan.
2492 4613 2605 4662 xix,
2633 4598 2719 4653 l5.
2755 4598 2807 4658 6.
2844 4598 2926 4653 l2.
3004 4598 3049 4630 "
3085 4599 3129 4631 "
3158 4599 3277 4654 Act.
3321 4615 3395 4666 tv,

2129 4672 2173 4702 “
2212 4669 2356 4724 Psal.
2393 4684 2468 4734 xt,
2495 4668 2548 4722 ϐ.
2644 4669 2688 4700 ⁸³
2719 4667 2863 4723 Psal.
2898 4683 2985 4732 χι..
3023 4669 3108 4724 Η.
3184 4670 3228 4702 ⁸⁸
3258 4669 3391 4726 Luc.

1474 4824 1833 4881 VARIORUM
1868 4824 2097 4881 NOTAE.

174 4950 324 5017 juxta
368 4947 608 5016 ejusdem
652 4945 709 5001 S.
760 4945 999 5001 doctoris
1027 4942 1588 5019 animadversionem,
1620 4958 1735 5019 non

1846 4943 2001 5019 linem
2018 4934 2277 5019 Pa_narii:
2310 4936 2603 5019 Ἑνβλλοις
2630 4938 2696 5019 δὲ,
2731 4938 2915 5019 τόποις
2944 4940 3004 4993 οὐ
3044 4940 3247 5019 γίνεται
3300 4943 3397 5019 λε-

182 5007 648 5089 semper-poterat,
683 5024 899 5089 servato
920 5014 1300 5089 ecclesiastico
1337 5012 1549 5089 calculo
1573 5051 1588 5075 ,
1618 5013 1736 5081 ipsa

1846 5011 1993 5089 τρεία
2044 5010 2145 5089 τῆς
2185 5007 2509 5089 οἰκονομίας,
2553 5009 2584 5079 ἢ
2633 5009 2788 5089 μόνον
2836 5011 3397 5089 ἐπιφωσκούσηςπῆς

181 5081 474 5144 observari.
534 5088 611 5143 lo.
637 5081 713 5129 '—
741 5084 871 5141 Mss.
920 5082 1083 5139 Vind.
1117 5083 1227 5136 ἀπὸ
1269 5081 1525 5152 δευτέρας
1577 5098 1635 5152 μ.
1679 5098 1740 5135 α.

181 5156 953 5305 κᾝῗξῖὶῆἔξέἀαῇιῆσαντες.
984 5222 1176 5305 Latine
1206 5222 1404 5291 alloqui
1432 5221 1657 5305 dicitur,
1687 5228 1745 5305 et

182 5291 448 5378 allocutio.
501 5291 727 5378 Exstant
776 5293 1087 5366 hujusmodi
1132 5306 1415 5378 sermones
1465 5291 1635 5345 habiti
1688 5291 1743 5344 in

182 5369 355 5438 vigilia
384 5366 627 5422 Paschte.
654 5366 795 5421 Cor.

249 5429 359 5509 (38)
400 5434 996 5509 Etmipwor.__Addit
1028 5433 1190 5509 _alter
1233 5430 1356 5487 cod.
1404 5429 1563 5483 Vind.
1608 5438 1737 5509 ante

184 5503 318 5563 hanc
340 5503 573 5563 vocem-3
609 5508 702 5560 καὶ⁵
732 5506 889 5561 πάλιν
918 5503 1241 5575 ἐπεϐόησαν,
1285 5514 1569 5572 perperam
1587 5508 1641 5555 et
1664 5515 1735 5557 ex

178 5578 381 5647 Joanne
401 5579 585 5647 liquet.
609 5576 706 5631 CL.

248 5646 358 5717 (39)
390 5641 762 5717 Ἐκέλευᾳεγ.
794 5644 858 5701 L.
888 5641 1369 5717 ixﬂsuaav.__Cor.

248 5710 357 5783 (ιο)
382 5715 864 5786 Παρῤησιάσομαι
889 5716 958 5770 ἐν
982 5713 1159 5780 αὐτῷ.
1192 5712 1395 5768 Desunt
1416 5710 1469 5765 in
1496 5717 1727 5779 utroque

176 5787 298 5845 eod.
328 5787 485 5841 Vind.
522 5786 620 5843 Cl...

1825 5636 1953 5691 tius.

1877 5077 2145 5149 ίυριακῆς,
2186 5078 2273 5131 ὅτε
2319 5077 2541 5160 ἀπολύει
2575 5077 2701 5148 περὶ
2738 5077 2834 5148 τὴν
2880 5078 2985 5130 τῶν
3026 5077 3397 5151 ἀλεκτρυόνων

1877 5148 2104 5201 λαγγὴν.
2135 5150 2193 5199 ἐν
2224 5148 2289 5201 τῆ
2348 5148 2706 5201 Λναστασίιιω
2733 5147 2914 5201 ἡμέρα
2944 5149 3035 5201 καὶ
3068 5149 3392 5201 πανηγύρει-

1840 5148 2104 5227 κλαγγὴν,
2135 5150 2193 5199 ἐν
2224 5148 2289 5216 τῇ
2335 5148 2706 5269 ’ᾼναστασίμῖ
2733 5148 2914 5228 ημέρα
2944 5149 3035 5201 καὶ
3068 5148 3392 5222 πανηγύρει,

1845 5218 2051 5287 μεγάλῃ
2083 5216 2261 5287 ἡμέρᾳ
2287 5232 2379 5267 του
2413 5215 2620 5287 Πάσχα.
2708 5217 2791 5269 Ius
2814 5234 2932 5279 vero
2963 5220 3015 5271 in
3046 5217 3193 5282 locis,
3228 5220 3393 5275 divini

1904 5288 2083 5355 ναίει·ὶὶ
2117 5288 2286 5339 cultus
2310 5302 2411 5338 non
2436 5288 2749 5347 celebratur,
2781 5288 2883 5339 nisi
2912 5288 3241 5342 solummodo
3268 5291 3395 5343 illu-

1835 5354 2063 5437 cescente
2078 5355 2397 5437 .Ilominjca'.‘
2412 5355 2622 5437 quando
2637 5355 2709 5436 ad
2727 5354 2991 5437 gallorum
3015 5369 3227 5437 cantum
3246 5359 3391 5429 jeju-

1834 5428 1980 5479 nium
2008 5425 2246 5486 solvitur,
2270 5425 2325 5477 in
2356 5423 2763 5479 Resurreclionis
2785 5425 2889 5490 die,
2922 5444 2983 5480 ac
3016 5428 3169 5496 fasto,
3198 5423 3390 5499 magna

1830 5496 1917 5549 die
1954 5496 2245 5549 Paschalis.
2273 5494 2347 5549 lu.

1900 5566 2043 5690 (842:0
2058 5564 2168 5633 Τῆς
2213 5563 2597 5629 ἀναστάσεως
2621 5562 2803 5634 ὑμῶν.
2834 5566 2918 5623 Al.
2960 5566 3144 5637 ἡμῶν,
3176 5574 3233 5623 et
3274 5582 3394 5623 rec-

1921 5706 2010 5775 ιό)
2042 5703 2315 5775 Ζωὴ
2351 5702 2497 5775 Alter
2524 5703 2647 5775 cod,
2683 5706 2776 5758 καὶ
2809 5704 2939 5775 ζωή.
2964 5704 3073 5775 VCL.

1921 5706 1989 5759 ιδ
2042 5705 2170 5772 Ζωὴ
2200 5705 2315 5755 καί.
2351 5705 2497 5757 Alter
2524 5705 2647 5764 cod,
2683 5706 2776 5758 καὶ
2809 5705 2939 5775 ζωή.
2976 5705 3073 5761 CL.

1897 5705 2010 5845 illi
2051 5774 2218 5845 Μετά
2236 5771 2303 5825 δὲ
2349 5772 2499 5825 ὀκτὼ
2525 5774 2765 5844 ἡμέρας,
2797 5782 2901 5829 etc.
2951 5774 3125 5831 Simili
3173 5781 3334 5835 modo
3361 5796 3392 5835 a

248 5841 354 5928 (tl)
386 5841 819 5927 Προσειέέγιιατε
849 5856 957 5926 τὴν
986 5854 1220 5911 θυσίαν.
1257 5852 1591 5925 Epiphanius
1623 5851 1722 5905 sub

1846 5841 2029 5913 Lyrillo
2078 5846 2134 5901 in
2192 5841 2479 5911 Joannem,
2538 5852 2590 5900 et
2635 5841 2704 5901 ab
2747 5845 2870 5902 aliis
2918 5848 3184 5919 accipitur
3224 5850 3390 5913 illud.
