  <div class='ocr_page' id='page_1' title='image "/cluster/home/n/w/nwhite01/storage/ocr_20150623/1/pst.000005711796/488.png"; bbox 0 0 4070 6330; ppageno 0'>
   <div class='ocr_carea' id='block_1_1' title="bbox 195 350 305 409">
    <p class='ocr_par' dir='ltr' id='par_1_1' title="bbox 195 350 305 409">
     <span class='ocr_line' id='line_1_1' title="bbox 195 350 305 409; baseline -0.027 0"><span class='ocrx_word' id='word_1_1' title='bbox 195 350 305 409; x_wconf 70' lang='grc'><strong>961</strong></span> 
     </span>
    </p>
   </div>
   <div class='ocr_carea' id='block_1_2' title="bbox 1082 337 2560 399">
    <p class='ocr_par' dir='ltr' id='par_1_2' title="bbox 1082 337 2560 399">
     <span class='ocr_line' id='line_1_2' title="bbox 1082 337 2560 399; baseline -0.006 0"><span class='ocrx_word' id='word_1_2' title='bbox 1082 339 1686 399; x_wconf 79' lang='lat' dir='ltr'><strong>CONSTITUTIONES</strong></span> <span class='ocrx_word' id='word_1_3' title='bbox 1719 337 2275 395; x_wconf 62' lang='lat' dir='ltr'><strong>APOSTOLlCzﬁ—</strong></span> <span class='ocrx_word' id='word_1_4' title='bbox 2311 337 2435 396; x_wconf 82' lang='lat' dir='ltr'><strong>LIB.</strong></span> <span class='ocrx_word' id='word_1_5' title='bbox 2473 337 2560 393; x_wconf 77' lang='lat' dir='ltr'><strong>Vl.</strong></span> 
     </span>
    </p>
   </div>
   <div class='ocr_carea' id='block_1_3' title="bbox 3348 331 3454 390">
    <p class='ocr_par' dir='ltr' id='par_1_3' title="bbox 3348 331 3454 390">
     <span class='ocr_line' id='line_1_3' title="bbox 3348 331 3454 390; baseline 0.038 -4"><span class='ocrx_word' id='word_1_6' title='bbox 3348 331 3454 390; x_wconf 71' lang='lat'><strong>96?.</strong></span> 
     </span>
    </p>
   </div>
   <div class='ocr_carea' id='block_1_4' title="bbox 192 446 1790 539">
    <p class='ocr_par' dir='ltr' id='par_1_4' title="bbox 192 456 1780 539">
     <span class='ocr_line' id='line_1_4' title="bbox 192 456 1780 539; baseline -0.006 -20"><span class='ocrx_word' id='word_1_7' title='bbox 192 467 236 539; x_wconf 74' lang='grc' dir='ltr'>ἢ</span> <span class='ocrx_word' id='word_1_8' title='bbox 273 464 581 537; x_wconf 71' lang='grc' dir='ltr'>μισονμινῳ</span> <span class='ocrx_word' id='word_1_9' title='bbox 621 462 726 517; x_wconf 77' lang='grc' dir='ltr'><strong>ὑπὸ</strong></span> <span class='ocrx_word' id='word_1_10' title='bbox 768 461 974 535; x_wconf 78' lang='grc' dir='ltr'><strong>Κυρίου</strong></span> <span class='ocrx_word' id='word_1_11' title='bbox 1007 460 1259 532; x_wconf 73' lang='grc' dir='ltr'>βοηθείςι</span> <span class='ocrx_word' id='word_1_12' title='bbox 1303 457 1403 512; x_wconf 83' lang='grc' dir='ltr'><strong>Διὰ</strong></span> <span class='ocrx_word' id='word_1_13' title='bbox 1440 456 1595 511; x_wconf 90' lang='grc' dir='ltr'>τοῦτο</span> <span class='ocrx_word' id='word_1_14' title='bbox 1638 457 1780 522; x_wconf 76' lang='grc' dir='ltr'>ἐξαί-</span> 
     </span>
    </p>
   </div>
   <div class='ocr_carea' id='block_1_5' title="bbox 1889 446 3450 539">
    <p class='ocr_par' dir='ltr' id='par_1_5' title="bbox 1889 446 3450 526">
     <span class='ocr_line' id='line_1_5' title="bbox 1889 446 3450 526; baseline -0.006 -18"><span class='ocrx_word' id='word_1_15' title='bbox 1889 457 2175 510; x_wconf 79' lang='lat' dir='ltr'><strong>amicitiam</strong></span> <span class='ocrx_word' id='word_1_16' title='bbox 2198 455 2406 526; x_wconf 74' lang='lat' dir='ltr'><strong>iungis,</strong></span> <span class='ocrx_word' id='word_1_17' title='bbox 2438 455 2522 511; x_wconf 85' lang='lat' dir='ltr'><strong>vel</strong></span> <span class='ocrx_word' id='word_1_18' title='bbox 2549 453 2598 510; x_wconf 85' lang='lat' dir='ltr'><strong>ei</strong></span> <span class='ocrx_word' id='word_1_19' title='bbox 2623 455 2715 523; x_wconf 99' lang='lat' dir='ltr'><strong>qui</strong></span> <span class='ocrx_word' id='word_1_20' title='bbox 2738 451 2863 506; x_wconf 86' lang='lat' dir='ltr'><strong>odio</strong></span> <span class='ocrx_word' id='word_1_21' title='bbox 2890 448 3119 504; x_wconf 82' lang='lat' dir='ltr'><strong>habetur</strong></span> <span class='ocrx_word' id='word_1_22' title='bbox 3141 463 3173 502; x_wconf 88' lang='lat' dir='ltr'><strong>a</strong></span> <span class='ocrx_word' id='word_1_23' title='bbox 3199 446 3450 510; x_wconf 84' lang='lat' dir='ltr'><strong>Domino,</strong></span> 
     </span>
    </p>
   </div>
   <div class='ocr_carea' id='block_1_6' title="bbox 196 548 1777 631">
    <p class='ocr_par' dir='ltr' id='par_1_6' title="bbox 196 548 1777 631">
     <span class='ocr_line' id='line_1_6' title="bbox 196 548 1777 631; baseline -0.008 -19"><span class='ocrx_word' id='word_1_24' title='bbox 196 574 346 631; x_wconf 80' lang='grc' dir='ltr'>φνης</span> <span class='ocrx_word' id='word_1_25' title='bbox 369 557 504 631; x_wconf 80' lang='grc' dir='ltr'>ὀργὴ</span> <span class='ocrx_word' id='word_1_26' title='bbox 536 555 742 628; x_wconf 80' lang='grc' dir='ltr'><strong>Κυρίου</strong></span> <span class='ocrx_word' id='word_1_27' title='bbox 788 554 1001 624; x_wconf 70' lang='grc' dir='ltr'>ἐγένετο</span> <span class='ocrx_word' id='word_1_28' title='bbox 1031 553 1123 606; x_wconf 78' lang='grc' dir='ltr'><strong>ἐπὶ</strong></span> <span class='ocrx_word' id='word_1_29' title='bbox 1166 552 1244 616; x_wconf 77' lang='grc' dir='ltr'>σὲ,</span> <span class='ocrx_word' id='word_1_30' title='bbox 1284 552 1331 604; x_wconf 79' lang='grc' dir='ltr'>εί</span> <span class='ocrx_word' id='word_1_31' title='bbox 1367 550 1439 621; x_wconf 79' lang='grc' dir='ltr'><strong>μὴ</strong></span> <span class='ocrx_word' id='word_1_32' title='bbox 1472 550 1551 602; x_wconf 86' lang='grc' dir='ltr'><strong>δτι</strong></span> <span class='ocrx_word' id='word_1_33' title='bbox 1584 548 1777 619; x_wconf 81' lang='grc' dir='ltr'>εὑρέθη</span> 
     </span>
    </p>
   </div>
   <div class='ocr_carea' id='block_1_7' title="bbox 195 641 1782 723">
    <p class='ocr_par' dir='ltr' id='par_1_7' title="bbox 195 641 1782 723">
     <span class='ocr_line' id='line_1_7' title="bbox 195 641 1782 723; baseline -0.008 -18"><span class='ocrx_word' id='word_1_34' title='bbox 195 651 238 723; x_wconf 73' lang='grc' dir='ltr'><strong>ἡ</strong></span> <span class='ocrx_word' id='word_1_35' title='bbox 271 649 467 720; x_wconf 87' lang='grc' dir='ltr'>καρδία</span> <span class='ocrx_word' id='word_1_36' title='bbox 499 664 590 702; x_wconf 87' lang='grc' dir='ltr'><strong>σου</strong></span> <span class='ocrx_word' id='word_1_37' title='bbox 620 647 795 701; x_wconf 84' lang='grc' dir='ltr'>τελεία</span> <span class='ocrx_word' id='word_1_38' title='bbox 830 646 966 719; x_wconf 73' lang='grc' dir='ltr'>πρὸς</span> <span class='ocrx_word' id='word_1_39' title='bbox 996 644 1196 716; x_wconf 81' lang='grc' dir='ltr'><strong>Κύριον</strong></span> <span class='ocrx_word' id='word_1_40' title='bbox 1228 643 1299 675; x_wconf 77' lang='grc'><strong>⁸⁸·</strong></span> <span class='ocrx_word' id='word_1_41' title='bbox 1325 643 1415 696; x_wconf 81' lang='grc' dir='ltr'><strong>διὰ</strong></span> <span class='ocrx_word' id='word_1_42' title='bbox 1439 641 1595 695; x_wconf 88' lang='grc' dir='ltr'>τοῦτο</span> <span class='ocrx_word' id='word_1_43' title='bbox 1638 641 1782 710; x_wconf 83' lang='grc' dir='ltr'>ὲφεί-</span> 
     </span>
    </p>
   </div>
   <div class='ocr_carea' id='block_1_8' title="bbox 200 732 1782 811">
    <p class='ocr_par' dir='ltr' id='par_1_8' title="bbox 200 732 1782 811">
     <span class='ocr_line' id='line_1_8' title="bbox 200 732 1782 811; baseline -0.007 -15"><span class='ocrx_word' id='word_1_44' title='bbox 200 742 337 796; x_wconf 84' lang='grc' dir='ltr'>σατό</span> <span class='ocrx_word' id='word_1_45' title='bbox 367 758 459 795; x_wconf 91' lang='grc' dir='ltr'><strong>σου</strong></span> <span class='ocrx_word' id='word_1_46' title='bbox 488 741 715 811; x_wconf 88' lang='grc' dir='ltr'>Κύριος·</span> <span class='ocrx_word' id='word_1_47' title='bbox 752 739 891 810; x_wconf 79' lang='grc' dir='ltr'>πλὴν</span> <span class='ocrx_word' id='word_1_48' title='bbox 920 738 1000 791; x_wconf 81' lang='grc' dir='ltr'>ὅτι</span> <span class='ocrx_word' id='word_1_49' title='bbox 1027 735 1248 807; x_wconf 82' lang='grc' dir='ltr'><strong>διεκόπη</strong></span> <span class='ocrx_word' id='word_1_50' title='bbox 1280 733 1348 788; x_wconf 86' lang='grc' dir='ltr'><strong>τά</strong></span> <span class='ocrx_word' id='word_1_51' title='bbox 1385 734 1520 805; x_wconf 66' lang='grc' dir='ltr'>ἔργα</span> <span class='ocrx_word' id='word_1_52' title='bbox 1547 750 1660 797; x_wconf 87' lang='grc' dir='ltr'>σου,</span> <span class='ocrx_word' id='word_1_53' title='bbox 1689 732 1782 786; x_wconf 71' lang='grc' dir='ltr'>καὶ</span> 
     </span>
    </p>
   </div>
   <div class='ocr_carea' id='block_1_9' title="bbox 201 820 1786 906">
    <p class='ocr_par' dir='ltr' id='par_1_9' title="bbox 201 820 1786 906">
     <span class='ocr_line' id='line_1_9' title="bbox 201 820 1786 906; baseline -0.007 -19"><span class='ocrx_word' id='word_1_54' title='bbox 201 832 600 906; x_wconf 77' lang='grc' dir='ltr'>συνετρίϐησαν</span> <span class='ocrx_word' id='word_1_55' title='bbox 631 832 685 885; x_wconf 79' lang='lat' dir='ltr'><strong>al</strong></span> <span class='ocrx_word' id='word_1_56' title='bbox 712 831 833 901; x_wconf 80' lang='grc' dir='ltr'>νῆές</span> <span class='ocrx_word' id='word_1_57' title='bbox 863 846 976 883; x_wconf 84' lang='grc' dir='ltr'>σου.</span> <span class='ocrx_word' id='word_1_58' title='bbox 1020 846 1038 879; x_wconf 73' lang='grc' dir='ltr'><strong>ι</strong></span> <span class='ocrx_word' id='word_1_59' title='bbox 1074 826 1302 896; x_wconf 78' lang='grc' dir='ltr'>Φεύγετε</span> <span class='ocrx_word' id='word_1_60' title='bbox 1331 820 1422 879; x_wconf 82' lang='grc' dir='ltr'><strong>οὖν</strong></span> <span class='ocrx_word' id='word_1_61' title='bbox 1465 825 1564 895; x_wconf 86' lang='grc' dir='ltr'><strong>τῆς</strong></span> <span class='ocrx_word' id='word_1_62' title='bbox 1594 842 1786 878; x_wconf 89' lang='grc' dir='ltr'>κοινω-</span> 
     </span>
    </p>
   </div>
   <div class='ocr_carea' id='block_1_10' title="bbox 201 918 1781 994">
    <p class='ocr_par' dir='ltr' id='par_1_10' title="bbox 201 918 1781 994">
     <span class='ocr_line' id='line_1_10' title="bbox 201 918 1781 994; baseline -0.006 -16"><span class='ocrx_word' id='word_1_63' title='bbox 201 926 328 988; x_wconf 84' lang='grc' dir='ltr'>νίας</span> <span class='ocrx_word' id='word_1_64' title='bbox 357 925 552 988; x_wconf 84' lang='grc' dir='ltr'>αύτῶν,</span> <span class='ocrx_word' id='word_1_65' title='bbox 585 923 678 976; x_wconf 76' lang='grc' dir='ltr'><strong>καὶ</strong></span> <span class='ocrx_word' id='word_1_66' title='bbox 714 923 810 993; x_wconf 80' lang='grc' dir='ltr'>τῆς</span> <span class='ocrx_word' id='word_1_67' title='bbox 845 922 981 994; x_wconf 80' lang='grc' dir='ltr'>πρὸς</span> <span class='ocrx_word' id='word_1_68' title='bbox 1025 920 1218 984; x_wconf 79' lang='grc' dir='ltr'>αὐτοὺς</span> <span class='ocrx_word' id='word_1_69' title='bbox 1258 919 1479 990; x_wconf 84' lang='grc' dir='ltr'>είρήνης</span> <span class='ocrx_word' id='word_1_70' title='bbox 1515 918 1781 988; x_wconf 80' lang='grc' dir='ltr'>ἀλλότριοι</span> 
     </span>
    </p>
   </div>
   <div class='ocr_carea' id='block_1_11' title="bbox 201 1011 1785 1088">
    <p class='ocr_par' dir='ltr' id='par_1_11' title="bbox 201 1011 1785 1088">
     <span class='ocr_line' id='line_1_11' title="bbox 201 1011 1785 1088; baseline -0.004 -20"><span class='ocrx_word' id='word_1_71' title='bbox 201 1017 500 1088; x_wconf 75' lang='grc' dir='ltr'><strong>τυγχάνετε</strong></span> <span class='ocrx_word' id='word_1_72' title='bbox 520 1033 532 1046; x_wconf 89' lang='grc'><strong>·</strong></span> <span class='ocrx_word' id='word_1_73' title='bbox 582 1016 708 1086; x_wconf 73' lang='grc' dir='ltr'>περὶ</span> <span class='ocrx_word' id='word_1_74' title='bbox 739 1013 916 1068; x_wconf 79' lang='grc' dir='ltr'>αὐτῶν</span> <span class='ocrx_word' id='word_1_75' title='bbox 946 1011 1054 1085; x_wconf 83' lang='grc' dir='ltr'>γὰρ</span> <span class='ocrx_word' id='word_1_76' title='bbox 1086 1013 1114 1065; x_wconf 88' lang='grc' dir='ltr'><strong>ό</strong></span> <span class='ocrx_word' id='word_1_77' title='bbox 1144 1011 1427 1082; x_wconf 81' lang='grc' dir='ltr'><strong>προφήτης</strong></span> <span class='ocrx_word' id='word_1_78' title='bbox 1469 1011 1785 1079; x_wconf 76' lang='grc' dir='ltr'>ἀπεφήνατο</span> 
     </span>
    </p>
   </div>
   <div class='ocr_carea' id='block_1_12' title="bbox 199 1097 1782 1174">
    <p class='ocr_par' dir='ltr' id='par_1_12' title="bbox 199 1097 1782 1174">
     <span class='ocr_line' id='line_1_12' title="bbox 199 1097 1782 1174; baseline -0.006 -15"><span class='ocrx_word' id='word_1_79' title='bbox 199 1104 402 1174; x_wconf 72' lang='grc' dir='ltr'>λέγων,</span> <span class='ocrx_word' id='word_1_80' title='bbox 433 1107 512 1158; x_wconf 84' lang='grc' dir='ltr'><strong>ὅτι</strong></span> <span class='ocrx_word' id='word_1_81' title='bbox 545 1123 562 1156; x_wconf 83' lang='grc' dir='ltr'><strong>ι</strong></span> <span class='ocrx_word' id='word_1_82' title='bbox 599 1104 711 1157; x_wconf 88' lang='grc' dir='ltr'><strong>Ούκ</strong></span> <span class='ocrx_word' id='word_1_83' title='bbox 733 1102 846 1156; x_wconf 74' lang='grc' dir='ltr'>ἔστι</span> <span class='ocrx_word' id='word_1_84' title='bbox 874 1102 1084 1172; x_wconf 77' lang='grc' dir='ltr'><strong>χαίρειν</strong></span> <span class='ocrx_word' id='word_1_85' title='bbox 1103 1101 1214 1163; x_wconf 83' lang='grc' dir='ltr'>τοῖς</span> <span class='ocrx_word' id='word_1_86' title='bbox 1239 1099 1476 1163; x_wconf 79' lang='grc' dir='ltr'>ἁσεόέσι,</span> <span class='ocrx_word' id='word_1_87' title='bbox 1500 1098 1644 1166; x_wconf 83' lang='grc' dir='ltr'><strong>λέγει</strong></span> <span class='ocrx_word' id='word_1_88' title='bbox 1671 1097 1782 1152; x_wconf 86' lang='grc' dir='ltr'>Κύ-</span> 
     </span>
    </p>
   </div>
   <div class='ocr_carea' id='block_1_13' title="bbox 209 1190 1782 1268">
    <p class='ocr_par' dir='ltr' id='par_1_13' title="bbox 209 1190 1782 1268">
     <span class='ocr_line' id='line_1_13' title="bbox 209 1190 1782 1268; baseline -0.004 -19"><span class='ocrx_word' id='word_1_89' title='bbox 209 1213 351 1268; x_wconf 90' lang='grc' dir='ltr'>ριος.</span> <span class='ocrx_word' id='word_1_90' title='bbox 389 1215 407 1248; x_wconf 69' lang='grc' dir='ltr'>δ</span> <span class='ocrx_word' id='word_1_91' title='bbox 445 1190 602 1250; x_wconf 83' lang='grc' dir='ltr'>Οῦτοι</span> <span class='ocrx_word' id='word_1_92' title='bbox 635 1195 741 1267; x_wconf 88' lang='grc' dir='ltr'><strong>γάρ</strong></span> <span class='ocrx_word' id='word_1_93' title='bbox 771 1197 906 1247; x_wconf 80' lang='grc' dir='ltr'>εἰσιν</span> <span class='ocrx_word' id='word_1_94' title='bbox 940 1194 987 1246; x_wconf 87' lang='grc' dir='ltr'><strong>οί</strong></span> <span class='ocrx_word' id='word_1_95' title='bbox 1032 1190 1250 1263; x_wconf 88' lang='grc' dir='ltr'>κρύφιοι</span> <span class='ocrx_word' id='word_1_96' title='bbox 1277 1190 1468 1254; x_wconf 91' lang='grc' dir='ltr'>λύκοι,</span> <span class='ocrx_word' id='word_1_97' title='bbox 1520 1191 1567 1242; x_wconf 92' lang='grc' dir='ltr'><strong>οί</strong></span> <span class='ocrx_word' id='word_1_98' title='bbox 1613 1190 1782 1242; x_wconf 84' lang='grc' dir='ltr'>ἑννεοὶ</span> 
     </span>
    </p>
   </div>
   <div class='ocr_carea' id='block_1_14' title="bbox 203 1281 1781 1356">
    <p class='ocr_par' dir='ltr' id='par_1_14' title="bbox 203 1281 1781 1356">
     <span class='ocr_line' id='line_1_14' title="bbox 203 1281 1781 1356; baseline -0.006 -12"><span class='ocrx_word' id='word_1_99' title='bbox 203 1287 390 1352; x_wconf 81' lang='grc' dir='ltr'><strong>κύνες,</strong></span> <span class='ocrx_word' id='word_1_100' title='bbox 426 1289 472 1340; x_wconf 83' lang='lat' dir='ltr'><strong>oi</strong></span> <span class='ocrx_word' id='word_1_101' title='bbox 497 1287 555 1339; x_wconf 86' lang='grc' dir='ltr'><strong>ού</strong></span> <span class='ocrx_word' id='word_1_102' title='bbox 583 1286 868 1356; x_wconf 88' lang='grc' dir='ltr'>δυνάμενοι</span> <span class='ocrx_word' id='word_1_103' title='bbox 898 1284 1168 1350; x_wconf 79' lang='grc' dir='ltr'><strong>ὑλακτεῖν,</strong></span> <span class='ocrx_word' id='word_1_104' title='bbox 1198 1283 1244 1334; x_wconf 88' lang='grc' dir='ltr'>οἳ</span> <span class='ocrx_word' id='word_1_105' title='bbox 1268 1281 1361 1335; x_wconf 90' lang='grc' dir='ltr'><strong>νῦν</strong></span> <span class='ocrx_word' id='word_1_106' title='bbox 1398 1281 1495 1352; x_wconf 75' lang='grc' dir='ltr'>μέν</span> <span class='ocrx_word' id='word_1_107' title='bbox 1524 1283 1661 1336; x_wconf 88' lang='grc' dir='ltr'>είσιν</span> <span class='ocrx_word' id='word_1_108' title='bbox 1683 1282 1781 1335; x_wconf 84' lang='grc' dir='ltr'>όλί-</span> 
     </span>
    </p>
   </div>
   <div class='ocr_carea' id='block_1_15' title="bbox 204 1373 1782 1450">
    <p class='ocr_par' dir='ltr' id='par_1_15' title="bbox 204 1373 1782 1450">
     <span class='ocr_line' id='line_1_15' title="bbox 204 1373 1782 1450; baseline -0.004 -17"><span class='ocrx_word' id='word_1_109' title='bbox 204 1397 319 1449; x_wconf 74' lang='grc' dir='ltr'>τοι,</span> <span class='ocrx_word' id='word_1_110' title='bbox 355 1377 722 1450; x_wconf 61' lang='grc' dir='ltr'>προκόψαντος</span> <span class='ocrx_word' id='word_1_111' title='bbox 746 1376 802 1430; x_wconf 76' lang='grc' dir='ltr'>δὲ</span> <span class='ocrx_word' id='word_1_112' title='bbox 832 1376 924 1430; x_wconf 89' lang='grc' dir='ltr'><strong>τοῦ</strong></span> <span class='ocrx_word' id='word_1_113' title='bbox 958 1374 1170 1446; x_wconf 88' lang='grc' dir='ltr'>χρόνου,</span> <span class='ocrx_word' id='word_1_114' title='bbox 1206 1375 1298 1427; x_wconf 77' lang='grc' dir='ltr'>καὶ</span> <span class='ocrx_word' id='word_1_115' title='bbox 1336 1375 1433 1444; x_wconf 77' lang='grc' dir='ltr'>τῆς</span> <span class='ocrx_word' id='word_1_116' title='bbox 1478 1373 1782 1439; x_wconf 83' lang='grc' dir='ltr'>συντελείας</span> 
     </span>
    </p>
   </div>
   <div class='ocr_carea' id='block_1_16' title="bbox 205 1464 1784 1540">
    <p class='ocr_par' dir='ltr' id='par_1_16' title="bbox 205 1464 1784 1540">
     <span class='ocr_line' id='line_1_16' title="bbox 205 1464 1784 1540; baseline -0.004 -18"><span class='ocrx_word' id='word_1_117' title='bbox 205 1467 555 1540; x_wconf 68' lang='grc' dir='ltr'>ιγγιζούσης,</span> <span class='ocrx_word' id='word_1_118' title='bbox 590 1468 829 1531; x_wconf 88' lang='grc' dir='ltr'>πλείονες</span> <span class='ocrx_word' id='word_1_119' title='bbox 863 1467 955 1520; x_wconf 75' lang='grc' dir='ltr'><strong>καὶ</strong></span> <span class='ocrx_word' id='word_1_120' title='bbox 978 1466 1344 1536; x_wconf 85' lang='grc' dir='ltr'>χαλεπώτεροι</span> <span class='ocrx_word' id='word_1_121' title='bbox 1387 1464 1624 1517; x_wconf 75' lang='grc' dir='ltr'>ἔσονταιο</span> <span class='ocrx_word' id='word_1_122' title='bbox 1659 1465 1784 1536; x_wconf 73' lang='grc' dir='ltr'>περὶ</span> 
     </span>
    </p>
   </div>
   <div class='ocr_carea' id='block_1_17' title="bbox 206 1553 1784 1632">
    <p class='ocr_par' dir='ltr' id='par_1_17' title="bbox 206 1553 1784 1632">
     <span class='ocr_line' id='line_1_17' title="bbox 206 1553 1784 1632; baseline -0.002 -18"><span class='ocrx_word' id='word_1_123' title='bbox 206 1553 299 1614; x_wconf 75' lang='grc' dir='ltr'>ὧν</span> <span class='ocrx_word' id='word_1_124' title='bbox 319 1562 347 1614; x_wconf 85' lang='grc' dir='ltr'>ὁ</span> <span class='ocrx_word' id='word_1_125' title='bbox 372 1560 573 1632; x_wconf 82' lang='grc' dir='ltr'>Κύριος</span> <span class='ocrx_word' id='word_1_126' title='bbox 600 1560 805 1629; x_wconf 71' lang='grc' dir='ltr'>ἔλεγεν,</span> <span class='ocrx_word' id='word_1_127' title='bbox 827 1560 908 1612; x_wconf 84' lang='grc' dir='ltr'>ὃτι</span> <span class='ocrx_word' id='word_1_128' title='bbox 929 1575 941 1588; x_wconf 63' lang='grc' dir='ltr'>θ</span> <span class='ocrx_word' id='word_1_129' title='bbox 967 1553 1141 1629; x_wconf 58' lang='grc' dir='ltr'>ιτΑρα</span> <span class='ocrx_word' id='word_1_130' title='bbox 1170 1559 1197 1611; x_wconf 85' lang='grc' dir='ltr'><strong>ό</strong></span> <span class='ocrx_word' id='word_1_131' title='bbox 1224 1558 1354 1621; x_wconf 84' lang='grc' dir='ltr'>Υἱὸς</span> <span class='ocrx_word' id='word_1_132' title='bbox 1372 1556 1464 1611; x_wconf 88' lang='grc' dir='ltr'><strong>τοῦ</strong></span> <span class='ocrx_word' id='word_1_133' title='bbox 1499 1556 1784 1628; x_wconf 80' lang='grc' dir='ltr'>ἀνθρώπου</span> 
     </span>
    </p>
   </div>
   <div class='ocr_carea' id='block_1_18' title="bbox 204 1646 1788 1720">
    <p class='ocr_par' dir='ltr' id='par_1_18' title="bbox 204 1646 1788 1720">
     <span class='ocr_line' id='line_1_18' title="bbox 204 1646 1788 1720; baseline 0.001 -18"><span class='ocrx_word' id='word_1_134' title='bbox 204 1646 380 1702; x_wconf 66' lang='grc' dir='ltr'>ἐλθὼν</span> <span class='ocrx_word' id='word_1_135' title='bbox 409 1650 626 1718; x_wconf 71' lang='grc' dir='ltr'>εὑρήσει</span> <span class='ocrx_word' id='word_1_136' title='bbox 653 1647 751 1718; x_wconf 80' lang='grc' dir='ltr'><strong>τὴν</strong></span> <span class='ocrx_word' id='word_1_137' title='bbox 783 1648 965 1702; x_wconf 90' lang='grc' dir='ltr'>πίστιν</span> <span class='ocrx_word' id='word_1_138' title='bbox 1008 1648 1100 1702; x_wconf 64' lang='grc' dir='ltr'><strong>ἐπὶ</strong></span> <span class='ocrx_word' id='word_1_139' title='bbox 1144 1649 1243 1720; x_wconf 81' lang='grc' dir='ltr'><strong>τῆς</strong></span> <span class='ocrx_word' id='word_1_140' title='bbox 1294 1648 1433 1720; x_wconf 84' lang='grc' dir='ltr'>γῆς;</span> <span class='ocrx_word' id='word_1_141' title='bbox 1461 1649 1570 1703; x_wconf 82' lang='lat' dir='ltr'><strong><em>Kal.</em></strong></span> <span class='ocrx_word' id='word_1_142' title='bbox 1601 1648 1688 1703; x_wconf 83' lang='grc' dir='ltr'>διὰ</span> <span class='ocrx_word' id='word_1_143' title='bbox 1727 1650 1788 1703; x_wconf 77' lang='grc' dir='ltr'>τὸ</span> 
     </span>
    </p>
   </div>
   <div class='ocr_carea' id='block_1_19' title="bbox 203 1737 1787 1816">
    <p class='ocr_par' dir='ltr' id='par_1_19' title="bbox 203 1737 1787 1816">
     <span class='ocr_line' id='line_1_19' title="bbox 203 1737 1787 1816; baseline 0.003 -23"><span class='ocrx_word' id='word_1_144' title='bbox 203 1737 579 1811; x_wconf 82' lang='grc' dir='ltr'>πληθυνθῆναι</span> <span class='ocrx_word' id='word_1_145' title='bbox 615 1740 714 1811; x_wconf 87' lang='grc' dir='ltr'>τὴν</span> <span class='ocrx_word' id='word_1_146' title='bbox 759 1740 1005 1812; x_wconf 82' lang='grc' dir='ltr'>ἀνομίαν,</span> <span class='ocrx_word' id='word_1_147' title='bbox 1044 1739 1346 1812; x_wconf 77' lang='grc' dir='ltr'>ψυγήσεται</span> <span class='ocrx_word' id='word_1_148' title='bbox 1385 1743 1417 1813; x_wconf 79' lang='grc' dir='ltr'>ὴ</span> <span class='ocrx_word' id='word_1_149' title='bbox 1460 1742 1647 1816; x_wconf 81' lang='grc' dir='ltr'>ἀγάπη</span> <span class='ocrx_word' id='word_1_150' title='bbox 1679 1745 1787 1797; x_wconf 86' lang='grc' dir='ltr'>τῶν</span> 
     </span>
    </p>
   </div>
   <div class='ocr_carea' id='block_1_20' title="bbox 199 1829 1787 1910">
    <p class='ocr_par' dir='ltr' id='par_1_20' title="bbox 199 1829 1787 1910">
     <span class='ocr_line' id='line_1_20' title="bbox 199 1829 1787 1910; baseline 0.004 -26"><span class='ocrx_word' id='word_1_151' title='bbox 199 1830 438 1885; x_wconf 75' lang='grc' dir='ltr'>πολλῶν.</span> <span class='ocrx_word' id='word_1_152' title='bbox 482 1831 587 1884; x_wconf 74' lang='grc' dir='ltr'>Καὶ</span> <span class='ocrx_word' id='word_1_153' title='bbox 626 1829 930 1886; x_wconf 76' lang='grc' dir='ltr'>ἐλεύσονται</span> <span class='ocrx_word' id='word_1_154' title='bbox 967 1833 1336 1905; x_wconf 80' lang='grc' dir='ltr'>ψευδόχριστοι</span> <span class='ocrx_word' id='word_1_155' title='bbox 1368 1837 1461 1889; x_wconf 74' lang='grc' dir='ltr'><strong>καὶ</strong></span> <span class='ocrx_word' id='word_1_156' title='bbox 1490 1835 1787 1910; x_wconf 67' lang='grc' dir='ltr'>ψευδοπρο-</span> 
     </span>
    </p>
   </div>
   <div class='ocr_carea' id='block_1_21' title="bbox 199 1921 1787 1997">
    <p class='ocr_par' dir='ltr' id='par_1_21' title="bbox 199 1921 1787 1997">
     <span class='ocr_line' id='line_1_21' title="bbox 199 1921 1787 1997; baseline 0.005 -23"><span class='ocrx_word' id='word_1_157' title='bbox 199 1922 396 1995; x_wconf 76' lang='grc' dir='ltr'>φῆται,</span> <span class='ocrx_word' id='word_1_158' title='bbox 429 1923 522 1976; x_wconf 71' lang='grc' dir='ltr'>καὶ</span> <span class='ocrx_word' id='word_1_159' title='bbox 540 1921 766 1976; x_wconf 84' lang='grc' dir='ltr'>δώσουσι</span> <span class='ocrx_word' id='word_1_160' title='bbox 797 1927 996 1995; x_wconf 85' lang='grc' dir='ltr'>σημεῖα</span> <span class='ocrx_word' id='word_1_161' title='bbox 1025 1926 1081 1978; x_wconf 81' lang='grc' dir='ltr'>ὲν</span> <span class='ocrx_word' id='word_1_162' title='bbox 1101 1926 1333 1997; x_wconf 77' lang='grc' dir='ltr'>οὐρανῷ,</span> <span class='ocrx_word' id='word_1_163' title='bbox 1365 1926 1524 1993; x_wconf 78' lang='grc' dir='ltr'>ὥστε,</span> <span class='ocrx_word' id='word_1_164' title='bbox 1554 1929 1602 1981; x_wconf 87' lang='grc' dir='ltr'>εί</span> <span class='ocrx_word' id='word_1_165' title='bbox 1630 1928 1787 1983; x_wconf 87' lang='grc' dir='ltr'>δύνα-</span> 
     </span>
    </p>
   </div>
   <div class='ocr_carea' id='block_1_22' title="bbox 198 2011 1789 2092">
    <p class='ocr_par' dir='ltr' id='par_1_22' title="bbox 198 2011 1789 2092">
     <span class='ocr_line' id='line_1_22' title="bbox 198 2011 1789 2092; baseline 0.006 -28"><span class='ocrx_word' id='word_1_166' title='bbox 198 2011 318 2076; x_wconf 80' lang='grc' dir='ltr'>τὸν,</span> <span class='ocrx_word' id='word_1_167' title='bbox 353 2013 445 2066; x_wconf 75' lang='grc' dir='ltr'>καὶ</span> <span class='ocrx_word' id='word_1_168' title='bbox 486 2015 609 2076; x_wconf 81' lang='grc' dir='ltr'>τοὺς</span> <span class='ocrx_word' id='word_1_169' title='bbox 651 2014 936 2079; x_wconf 74' lang='grc' dir='ltr'>ἐκλεκτοὺς</span> <span class='ocrx_word' id='word_1_170' title='bbox 987 2016 1294 2087; x_wconf 84' lang='grc' dir='ltr'>ἀπατῆσαι·</span> <span class='ocrx_word' id='word_1_171' title='bbox 1336 2037 1353 2069; x_wconf 77' lang='grc' dir='ltr'><strong>ι</strong></span> <span class='ocrx_word' id='word_1_172' title='bbox 1405 2013 1478 2072; x_wconf 83' lang='grc' dir='ltr'>ὧν</span> <span class='ocrx_word' id='word_1_173' title='bbox 1517 2020 1618 2092; x_wconf 78' lang='grc' dir='ltr'><strong>τῆς</strong></span> <span class='ocrx_word' id='word_1_174' title='bbox 1647 2021 1789 2074; x_wconf 72' lang='grc' dir='ltr'>άπά-</span> 
     </span>
    </p>
   </div>
   <div class='ocr_carea' id='block_1_23' title="bbox 197 2103 1790 2183">
    <p class='ocr_par' dir='ltr' id='par_1_23' title="bbox 197 2103 1790 2183">
     <span class='ocr_line' id='line_1_23' title="bbox 197 2103 1790 2183; baseline 0.006 -28"><span class='ocrx_word' id='word_1_175' title='bbox 197 2117 307 2172; x_wconf 81' lang='grc' dir='ltr'><strong>της</strong></span> <span class='ocrx_word' id='word_1_176' title='bbox 337 2103 556 2173; x_wconf 78' lang='grc' dir='ltr'>ῥύσεται</span> <span class='ocrx_word' id='word_1_177' title='bbox 585 2105 728 2175; x_wconf 79' lang='grc' dir='ltr'>ἡμᾶς</span> <span class='ocrx_word' id='word_1_178' title='bbox 748 2108 776 2158; x_wconf 86' lang='grc' dir='ltr'><strong>ό</strong></span> <span class='ocrx_word' id='word_1_179' title='bbox 805 2106 935 2169; x_wconf 81' lang='grc' dir='ltr'>Θεὸς</span> <span class='ocrx_word' id='word_1_180' title='bbox 974 2107 1061 2160; x_wconf 78' lang='grc' dir='ltr'><strong>διά</strong></span> <span class='ocrx_word' id='word_1_181' title='bbox 1097 2108 1268 2178; x_wconf 86' lang='grc' dir='ltr'>Ἰησοῦ</span> <span class='ocrx_word' id='word_1_182' title='bbox 1290 2110 1544 2182; x_wconf 83' lang='grc' dir='ltr'>Χριστοῦ,</span> <span class='ocrx_word' id='word_1_183' title='bbox 1577 2114 1675 2183; x_wconf 80' lang='grc' dir='ltr'>τῆς</span> <span class='ocrx_word' id='word_1_184' title='bbox 1704 2113 1790 2165; x_wconf 83' lang='grc' dir='ltr'>ὲλ-</span> 
     </span>
    </p>
   </div>
   <div class='ocr_carea' id='block_1_24' title="bbox 201 2193 1784 2278">
    <p class='ocr_par' dir='ltr' id='par_1_24' title="bbox 201 2193 1784 2278">
     <span class='ocr_line' id='line_1_24' title="bbox 201 2193 1784 2278; baseline 0.008 -32"><span class='ocrx_word' id='word_1_185' title='bbox 201 2193 362 2258; x_wconf 85' lang='grc' dir='ltr'>πίδος</span> <span class='ocrx_word' id='word_1_186' title='bbox 385 2195 561 2266; x_wconf 63' lang='grc' dir='ltr'><strong>⁴ἡμῶν.</strong></span> <span class='ocrx_word' id='word_1_187' title='bbox 587 2198 694 2250; x_wconf 78' lang='lat' dir='ltr'><strong><em>Kal.</em></strong></span> <span class='ocrx_word' id='word_1_188' title='bbox 724 2197 830 2270; x_wconf 77' lang='grc' dir='ltr'>γὰρ</span> <span class='ocrx_word' id='word_1_189' title='bbox 861 2200 952 2252; x_wconf 74' lang='grc' dir='ltr'>καὶ</span> <span class='ocrx_word' id='word_1_190' title='bbox 981 2200 1139 2270; x_wconf 76' lang='grc' dir='ltr'>ἡμεῖς</span> <span class='ocrx_word' id='word_1_191' title='bbox 1163 2200 1496 2273; x_wconf 82' lang='grc' dir='ltr'>διερχόμενοι</span> <span class='ocrx_word' id='word_1_192' title='bbox 1539 2204 1607 2257; x_wconf 77' lang='grc' dir='ltr'>τὰ</span> <span class='ocrx_word' id='word_1_193' title='bbox 1639 2206 1784 2278; x_wconf 76' lang='grc' dir='ltr'>ἔθνη,</span> 
     </span>
    </p>
   </div>
   <div class='ocr_carea' id='block_1_25' title="bbox 201 2287 1786 2370">
    <p class='ocr_par' dir='ltr' id='par_1_25' title="bbox 201 2287 1786 2370">
     <span class='ocr_line' id='line_1_25' title="bbox 201 2287 1786 2370; baseline 0.009 -32"><span class='ocrx_word' id='word_1_194' title='bbox 201 2287 305 2339; x_wconf 80' lang='grc' dir='ltr'>καὶ</span> <span class='ocrx_word' id='word_1_195' title='bbox 325 2287 761 2360; x_wconf 69' lang='grc' dir='ltr'>ἐπιστηρίζοντες</span> <span class='ocrx_word' id='word_1_196' title='bbox 787 2290 884 2354; x_wconf 83' lang='grc' dir='ltr'>τὰς</span> <span class='ocrx_word' id='word_1_197' title='bbox 906 2292 1219 2363; x_wconf 81' lang='grc' dir='ltr'>ἐκκλησίας,</span> <span class='ocrx_word' id='word_1_198' title='bbox 1248 2297 1372 2356; x_wconf 78' lang='grc' dir='ltr'>τοὺς</span> <span class='ocrx_word' id='word_1_199' title='bbox 1405 2297 1500 2366; x_wconf 87' lang='grc' dir='ltr'><strong>μὲν</strong></span> <span class='ocrx_word' id='word_1_200' title='bbox 1534 2299 1591 2350; x_wconf 81' lang='grc' dir='ltr'>ὲν</span> <span class='ocrx_word' id='word_1_201' title='bbox 1620 2298 1786 2370; x_wconf 79' lang='grc' dir='ltr'>πολλῇ</span> 
     </span>
    </p>
   </div>
   <div class='ocr_carea' id='block_1_26' title="bbox 201 2377 1831 2468">
    <p class='ocr_par' dir='ltr' id='par_1_26' title="bbox 201 2377 1831 2468">
     <span class='ocr_line' id='line_1_26' title="bbox 201 2377 1831 2468; baseline 0.009 -39"><span class='ocrx_word' id='word_1_202' title='bbox 201 2377 459 2450; x_wconf 71' lang='grc' dir='ltr'>νουθεσίᾳ.</span> <span class='ocrx_word' id='word_1_203' title='bbox 491 2380 582 2434; x_wconf 79' lang='grc' dir='ltr'><strong>καὶ</strong></span> <span class='ocrx_word' id='word_1_204' title='bbox 600 2380 740 2452; x_wconf 86' lang='grc' dir='ltr'>λόγῳ</span> <span class='ocrx_word' id='word_1_205' title='bbox 764 2381 949 2468; x_wconf 57' lang='lat' dir='ltr'><strong>tanta}:</strong></span> <span class='ocrx_word' id='word_1_206' title='bbox 983 2384 1324 2451; x_wconf 80' lang='grc' dir='ltr'>ὑγιάσαντες,</span> <span class='ocrx_word' id='word_1_207' title='bbox 1351 2387 1784 2460; x_wconf 84' lang='grc' dir='ltr'>ὲπανηγάγομεν,</span> <span class='ocrx_word' id='word_1_208' title='bbox 1820 2396 1831 2405; x_wconf 85' lang='lat'><strong><em>&#39;</em></strong></span> 
     </span>
    </p>
   </div>
   <div class='ocr_carea' id='block_1_27' title="bbox 208 2471 1793 2550">
    <p class='ocr_par' dir='ltr' id='par_1_27' title="bbox 208 2471 1793 2550">
     <span class='ocr_line' id='line_1_27' title="bbox 208 2471 1793 2550; baseline 0.009 -28"><span class='ocrx_word' id='word_1_209' title='bbox 208 2471 505 2540; x_wconf 79' lang='grc' dir='ltr'>μέλλοντας</span> <span class='ocrx_word' id='word_1_210' title='bbox 526 2472 646 2527; x_wconf 83' lang='grc' dir='ltr'>ὅσον</span> <span class='ocrx_word' id='word_1_211' title='bbox 667 2475 876 2528; x_wconf 71' lang='grc' dir='ltr'>ούδὲπω</span> <span class='ocrx_word' id='word_1_212' title='bbox 899 2477 1150 2547; x_wconf 80' lang='grc' dir='ltr'>θνήσκειν</span> <span class='ocrx_word' id='word_1_213' title='bbox 1179 2479 1360 2550; x_wconf 78' lang='grc' dir='ltr'>ἀπάτῃ</span> <span class='ocrx_word' id='word_1_214' title='bbox 1381 2496 1395 2511; x_wconf 72' lang='grc' dir='ltr'><strong>ο</strong></span> <span class='ocrx_word' id='word_1_215' title='bbox 1425 2482 1550 2545; x_wconf 80' lang='grc' dir='ltr'>τοὺς</span> <span class='ocrx_word' id='word_1_216' title='bbox 1569 2483 1625 2535; x_wconf 80' lang='grc' dir='ltr'>δὲ</span> <span class='ocrx_word' id='word_1_217' title='bbox 1647 2483 1793 2536; x_wconf 88' lang='grc' dir='ltr'>άνιά-</span> 
     </span>
    </p>
   </div>
   <div class='ocr_carea' id='block_1_28' title="bbox 204 2560 1788 2646">
    <p class='ocr_par' dir='ltr' id='par_1_28' title="bbox 204 2560 1788 2646">
     <span class='ocr_line' id='line_1_28' title="bbox 204 2560 1788 2646; baseline 0.009 -32"><span class='ocrx_word' id='word_1_218' title='bbox 204 2575 320 2625; x_wconf 71' lang='grc' dir='ltr'><strong>⁶τως</strong></span> <span class='ocrx_word' id='word_1_219' title='bbox 349 2560 584 2632; x_wconf 70' lang='grc' dir='ltr'>ἔχοντας,</span> <span class='ocrx_word' id='word_1_220' title='bbox 628 2565 950 2635; x_wconf 71' lang='grc' dir='ltr'>ἐξεϐάλομεν</span> <span class='ocrx_word' id='word_1_221' title='bbox 991 2568 1098 2623; x_wconf 79' lang='grc' dir='ltr'>ἀπὸ</span> <span class='ocrx_word' id='word_1_222' title='bbox 1145 2568 1242 2640; x_wconf 80' lang='grc' dir='ltr'><strong>τῆς</strong></span> <span class='ocrx_word' id='word_1_223' title='bbox 1289 2572 1540 2644; x_wconf 83' lang='grc' dir='ltr'>ποίμνης,</span> <span class='ocrx_word' id='word_1_224' title='bbox 1584 2574 1671 2627; x_wconf 82' lang='grc' dir='ltr'>ἵνα</span> <span class='ocrx_word' id='word_1_225' title='bbox 1715 2575 1788 2646; x_wconf 84' lang='grc' dir='ltr'>μὴ</span> 
     </span>
    </p>
   </div>
   <div class='ocr_carea' id='block_1_29' title="bbox 206 2651 1790 2738">
    <p class='ocr_par' dir='ltr' id='par_1_29' title="bbox 206 2651 1790 2738">
     <span class='ocr_line' id='line_1_29' title="bbox 206 2651 1790 2738; baseline 0.01 -34"><span class='ocrx_word' id='word_1_226' title='bbox 206 2651 498 2723; x_wconf 70' lang='grc' dir='ltr'>ψωραλὲας</span> <span class='ocrx_word' id='word_1_227' title='bbox 539 2654 691 2708; x_wconf 86' lang='grc' dir='ltr'>νόσου</span> <span class='ocrx_word' id='word_1_228' title='bbox 745 2657 1010 2727; x_wconf 80' lang='grc' dir='ltr'>μεταδῶσι</span> <span class='ocrx_word' id='word_1_229' title='bbox 1050 2660 1142 2713; x_wconf 64' lang='grc' dir='ltr'><strong>κα)⁸</strong></span> <span class='ocrx_word' id='word_1_230' title='bbox 1180 2663 1289 2724; x_wconf 76' lang='grc' dir='ltr'>τοῖς</span> <span class='ocrx_word' id='word_1_231' title='bbox 1328 2663 1655 2731; x_wconf 80' lang='grc' dir='ltr'>ὑγιαίνουσιν</span> <span class='ocrx_word' id='word_1_232' title='bbox 1689 2667 1790 2738; x_wconf 81' lang='grc' dir='ltr'><strong>ἁρ-</strong></span> 
     </span>
    </p>
   </div>
   <div class='ocr_carea' id='block_1_30' title="bbox 209 2744 1793 2821">
    <p class='ocr_par' dir='ltr' id='par_1_30' title="bbox 209 2744 1793 2821">
     <span class='ocr_line' id='line_1_30' title="bbox 209 2744 1793 2821; baseline 0.011 -26"><span class='ocrx_word' id='word_1_233' title='bbox 209 2744 367 2808; x_wconf 84' lang='grc' dir='ltr'>νίοις,</span> <span class='ocrx_word' id='word_1_234' title='bbox 398 2744 531 2800; x_wconf 75' lang='grc' dir='ltr'>ἀλλὰ</span> <span class='ocrx_word' id='word_1_235' title='bbox 551 2746 765 2818; x_wconf 73' lang='grc' dir='ltr'>καθαρὰ</span> <span class='ocrx_word' id='word_1_236' title='bbox 788 2750 880 2802; x_wconf 72' lang='grc' dir='ltr'>καὶ</span> <span class='ocrx_word' id='word_1_237' title='bbox 909 2749 1168 2820; x_wconf 83' lang='grc' dir='ltr'>άχραντα,</span> <span class='ocrx_word' id='word_1_238' title='bbox 1193 2753 1321 2821; x_wconf 77' lang='grc' dir='ltr'>ὑγιᾶ</span> <span class='ocrx_word' id='word_1_239' title='bbox 1346 2755 1437 2808; x_wconf 76' lang='grc' dir='ltr'><strong>καὶ</strong></span> <span class='ocrx_word' id='word_1_240' title='bbox 1459 2756 1659 2811; x_wconf 83' lang='grc' dir='ltr'>άσπιλα</span> <span class='ocrx_word' id='word_1_241' title='bbox 1687 2758 1793 2811; x_wconf 65' lang='lat' dir='ltr'><strong>62a-</strong></span> 
     </span>
    </p>
   </div>
   <div class='ocr_carea' id='block_1_31' title="bbox 216 2836 1793 2912">
    <p class='ocr_par' dir='ltr' id='par_1_31' title="bbox 216 2836 1793 2912">
     <span class='ocr_line' id='line_1_31' title="bbox 216 2836 1793 2912; baseline 0.011 -25"><span class='ocrx_word' id='word_1_242' title='bbox 216 2836 378 2908; x_wconf 83' lang='grc' dir='ltr'>μείνῃ</span> <span class='ocrx_word' id='word_1_243' title='bbox 402 2838 590 2909; x_wconf 88' lang='grc' dir='ltr'>Κυρίῳ</span> <span class='ocrx_word' id='word_1_244' title='bbox 616 2839 692 2911; x_wconf 79' lang='grc' dir='ltr'><strong>τῷ</strong></span> <span class='ocrx_word' id='word_1_245' title='bbox 721 2840 858 2912; x_wconf 80' lang='grc' dir='ltr'><strong>Θεῷ.</strong></span> <span class='ocrx_word' id='word_1_246' title='bbox 900 2843 1008 2896; x_wconf 74' lang='lat' dir='ltr'><strong><em>Kal.</em></strong></span> <span class='ocrx_word' id='word_1_247' title='bbox 1038 2842 1209 2897; x_wconf 88' lang='grc' dir='ltr'>ταῦτα</span> <span class='ocrx_word' id='word_1_248' title='bbox 1239 2846 1380 2898; x_wconf 77' lang='grc' dir='ltr'>κατὰ</span> <span class='ocrx_word' id='word_1_249' title='bbox 1409 2847 1560 2901; x_wconf 86' lang='grc' dir='ltr'>πόλιν</span> <span class='ocrx_word' id='word_1_250' title='bbox 1591 2867 1793 2903; x_wconf 79' lang='grc' dir='ltr'>παντα-</span> 
     </span>
    </p>
   </div>
   <div class='ocr_carea' id='block_1_32' title="bbox 211 2926 1787 3013">
    <p class='ocr_par' dir='ltr' id='par_1_32' title="bbox 211 2926 1787 3013">
     <span class='ocr_line' id='line_1_32' title="bbox 211 2926 1787 3013; baseline 0.01 -34"><span class='ocrx_word' id='word_1_251' title='bbox 211 2926 314 2998; x_wconf 87' lang='grc' dir='ltr'><strong>χοῦ</strong></span> <span class='ocrx_word' id='word_1_252' title='bbox 344 2930 419 2991; x_wconf 89' lang='grc' dir='ltr'><strong>είς</strong></span> <span class='ocrx_word' id='word_1_253' title='bbox 439 2929 565 3001; x_wconf 82' lang='grc' dir='ltr'>ὅλην</span> <span class='ocrx_word' id='word_1_254' title='bbox 585 2931 682 3002; x_wconf 82' lang='grc' dir='ltr'>τὴν</span> <span class='ocrx_word' id='word_1_255' title='bbox 703 2934 1025 3006; x_wconf 83' lang='grc' dir='ltr'>οίκουμένην</span> <span class='ocrx_word' id='word_1_256' title='bbox 1049 2935 1140 2988; x_wconf 89' lang='grc' dir='ltr'><strong>τοῦ</strong></span> <span class='ocrx_word' id='word_1_257' title='bbox 1165 2937 1367 3009; x_wconf 84' lang='grc' dir='ltr'>κόσμου</span> <span class='ocrx_word' id='word_1_258' title='bbox 1393 2944 1787 3013; x_wconf 75' lang='grc' dir='ltr'>πεποιήκαμεν,</span> 
     </span>
    </p>
   </div>
   <div class='ocr_carea' id='block_1_33' title="bbox 213 3019 1794 3096">
    <p class='ocr_par' dir='ltr' id='par_1_33' title="bbox 213 3019 1794 3096">
     <span class='ocr_line' id='line_1_33' title="bbox 213 3019 1794 3096; baseline 0.009 -25"><span class='ocrx_word' id='word_1_259' title='bbox 213 3019 600 3084; x_wconf 85' lang='grc' dir='ltr'>καταλιπόντες</span> <span class='ocrx_word' id='word_1_260' title='bbox 631 3023 756 3093; x_wconf 75' lang='grc' dir='ltr'>ὑμῖν</span> <span class='ocrx_word' id='word_1_261' title='bbox 802 3027 911 3089; x_wconf 72' lang='grc' dir='ltr'>τοῖς</span> <span class='ocrx_word' id='word_1_262' title='bbox 953 3026 1284 3093; x_wconf 73' lang='grc' dir='ltr'>ἐπισκόποις,</span> <span class='ocrx_word' id='word_1_263' title='bbox 1339 3031 1431 3084; x_wconf 77' lang='grc' dir='ltr'>καὶ</span> <span class='ocrx_word' id='word_1_264' title='bbox 1473 3030 1677 3096; x_wconf 85' lang='grc' dir='ltr'>λοιποῖς</span> <span class='ocrx_word' id='word_1_265' title='bbox 1720 3034 1794 3086; x_wconf 88' lang='grc' dir='ltr'>ίε-</span> 
     </span>
    </p>
   </div>
   <div class='ocr_carea' id='block_1_34' title="bbox 1881 541 3456 603">
    <p class='ocr_par' dir='ltr' id='par_1_34' title="bbox 1881 541 3456 603">
     <span class='ocr_line' id='line_1_34' title="bbox 1881 541 3456 603; baseline -0.006 -1"><span class='ocrx_word' id='word_1_266' title='bbox 1881 548 2197 603; x_wconf 78' lang='lat' dir='ltr'><strong>auxiliaris?</strong></span> <span class='ocrx_word' id='word_1_267' title='bbox 2224 546 2433 602; x_wconf 84' lang='lat' dir='ltr'><strong>Idcirco</strong></span> <span class='ocrx_word' id='word_1_268' title='bbox 2461 545 2746 601; x_wconf 74' lang='lat' dir='ltr'><strong>confestim</strong></span> <span class='ocrx_word' id='word_1_269' title='bbox 2771 544 2851 597; x_wconf 91' lang='lat' dir='ltr'><strong>ira</strong></span> <span class='ocrx_word' id='word_1_270' title='bbox 2882 542 3092 596; x_wconf 84' lang='lat' dir='ltr'><strong>Domini</strong></span> <span class='ocrx_word' id='word_1_271' title='bbox 3136 541 3277 594; x_wconf 78' lang='lat' dir='ltr'><strong>facta</strong></span> <span class='ocrx_word' id='word_1_272' title='bbox 3313 550 3456 595; x_wconf 65' lang='lat' dir='ltr'><strong>esset</strong></span> 
     </span>
    </p>
   </div>
   <div class='ocr_carea' id='block_1_35' title="bbox 1882 631 3454 710">
    <p class='ocr_par' dir='ltr' id='par_1_35' title="bbox 1882 631 3454 710">
     <span class='ocr_line' id='line_1_35' title="bbox 1882 631 3454 710; baseline -0.008 -14"><span class='ocrx_word' id='word_1_273' title='bbox 1882 656 2045 710; x_wconf 84' lang='lat' dir='ltr'><strong>super</strong></span> <span class='ocrx_word' id='word_1_274' title='bbox 2089 648 2170 704; x_wconf 90' lang='lat' dir='ltr'><strong>te,</strong></span> <span class='ocrx_word' id='word_1_275' title='bbox 2213 640 2318 694; x_wconf 83' lang='lat' dir='ltr'><strong>nisi</strong></span> <span class='ocrx_word' id='word_1_276' title='bbox 2363 637 2509 710; x_wconf 87' lang='lat' dir='ltr'><strong>quod</strong></span> <span class='ocrx_word' id='word_1_277' title='bbox 2554 638 2830 692; x_wconf 89' lang='lat' dir='ltr'><strong>inventum</strong></span> <span class='ocrx_word' id='word_1_278' title='bbox 2878 643 2962 689; x_wconf 86' lang='lat' dir='ltr'><strong>est</strong></span> <span class='ocrx_word' id='word_1_279' title='bbox 3013 631 3318 703; x_wconf 84' lang='lat' dir='ltr'><strong>perfectum</strong></span> <span class='ocrx_word' id='word_1_280' title='bbox 3360 645 3454 684; x_wconf 87' lang='lat' dir='ltr'><strong>cor</strong></span> 
     </span>
    </p>
   </div>
   <div class='ocr_carea' id='block_1_36' title="bbox 1883 722 3456 801">
    <p class='ocr_par' dir='ltr' id='par_1_36' title="bbox 1883 722 3456 801">
     <span class='ocr_line' id='line_1_36' title="bbox 1883 722 3456 801; baseline -0.005 -16"><span class='ocrx_word' id='word_1_281' title='bbox 1883 738 2034 785; x_wconf 92' lang='lat' dir='ltr'><strong>tuum</strong></span> <span class='ocrx_word' id='word_1_282' title='bbox 2064 745 2188 801; x_wconf 81' lang='lat' dir='ltr'><strong>erga</strong></span> <span class='ocrx_word' id='word_1_283' title='bbox 2216 730 2501 785; x_wconf 89' lang='lat' dir='ltr'><strong>Dominum</strong></span> <span class='ocrx_word' id='word_1_284' title='bbox 2530 748 2545 784; x_wconf 76' lang='grc' dir='ltr'><strong>τ</strong></span> <span class='ocrx_word' id='word_1_285' title='bbox 2577 737 2795 800; x_wconf 76' lang='lat' dir='ltr'><strong>propter</strong></span> <span class='ocrx_word' id='word_1_286' title='bbox 2819 728 2922 781; x_wconf 88' lang='lat' dir='ltr'><strong>hoc</strong></span> <span class='ocrx_word' id='word_1_287' title='bbox 2953 727 3191 796; x_wconf 73' lang='lat' dir='ltr'><strong>pepercit</strong></span> <span class='ocrx_word' id='word_1_288' title='bbox 3218 724 3318 780; x_wconf 88' lang='lat' dir='ltr'><strong>tibi</strong></span> <span class='ocrx_word' id='word_1_289' title='bbox 3351 722 3456 778; x_wconf 79' lang='lat' dir='ltr'><strong>Do-</strong></span> 
     </span>
    </p>
   </div>
   <div class='ocr_carea' id='block_1_37' title="bbox 1883 821 3455 889">
    <p class='ocr_par' dir='ltr' id='par_1_37' title="bbox 1883 821 3455 889">
     <span class='ocr_line' id='line_1_37' title="bbox 1883 821 3455 889; baseline -0.007 -10"><span class='ocrx_word' id='word_1_290' title='bbox 1883 824 2064 879; x_wconf 88' lang='lat' dir='ltr'><strong>minus</strong></span> <span class='ocrx_word' id='word_1_291' title='bbox 2094 823 2571 878; x_wconf 80' lang='lat' dir='ltr'><strong>&quot;:verumtamen</strong></span> <span class='ocrx_word' id='word_1_292' title='bbox 2613 821 2910 889; x_wconf 86' lang='lat' dir='ltr'><strong>interrupta</strong></span> <span class='ocrx_word' id='word_1_293' title='bbox 2956 825 3083 872; x_wconf 91' lang='lat' dir='ltr'><strong>sunt</strong></span> <span class='ocrx_word' id='word_1_294' title='bbox 3129 831 3295 886; x_wconf 81' lang='lat' dir='ltr'><strong>opera</strong></span> <span class='ocrx_word' id='word_1_295' title='bbox 3338 823 3455 879; x_wconf 88' lang='lat' dir='ltr'><strong>tua,</strong></span> 
     </span>
    </p>
   </div>
   <div class='ocr_carea' id='block_1_38' title="bbox 1883 911 3459 980">
    <p class='ocr_par' dir='ltr' id='par_1_38' title="bbox 1883 911 3459 980">
     <span class='ocr_line' id='line_1_38' title="bbox 1883 911 3459 980; baseline -0.006 -10"><span class='ocrx_word' id='word_1_296' title='bbox 1883 923 1935 970; x_wconf 92' lang='lat' dir='ltr'><strong>et</strong></span> <span class='ocrx_word' id='word_1_297' title='bbox 1965 915 2212 969; x_wconf 65' lang='lat' dir='ltr'><strong>contrita:</strong></span> <span class='ocrx_word' id='word_1_298' title='bbox 2231 923 2357 970; x_wconf 92' lang='lat' dir='ltr'><strong>sunt</strong></span> <span class='ocrx_word' id='word_1_299' title='bbox 2379 930 2544 968; x_wconf 80' lang='lat' dir='ltr'><strong>naves</strong></span> <span class='ocrx_word' id='word_1_300' title='bbox 2569 919 2673 967; x_wconf 60' lang='lat' dir='ltr'><strong>tum</strong></span> <span class='ocrx_word' id='word_1_301' title='bbox 2694 911 2758 967; x_wconf 79' lang='lat'><strong>“.</strong></span> <span class='ocrx_word' id='word_1_302' title='bbox 2792 931 2810 965; x_wconf 73' lang='grc' dir='ltr'><strong>ι</strong></span> <span class='ocrx_word' id='word_1_303' title='bbox 2843 911 3033 980; x_wconf 77' lang='lat' dir='ltr'><strong>Fugite</strong></span> <span class='ocrx_word' id='word_1_304' title='bbox 3055 925 3183 979; x_wconf 71' lang='lat' dir='ltr'><strong>ergo</strong></span> <span class='ocrx_word' id='word_1_305' title='bbox 3213 923 3459 962; x_wconf 81' lang='lat' dir='ltr'><strong>commu-</strong></span> 
     </span>
    </p>
   </div>
   <div class='ocr_carea' id='block_1_39' title="bbox 1884 999 3456 1071">
    <p class='ocr_par' dir='ltr' id='par_1_39' title="bbox 1884 999 3456 1071">
     <span class='ocr_line' id='line_1_39' title="bbox 1884 999 3456 1071; baseline -0.004 -11"><span class='ocrx_word' id='word_1_306' title='bbox 1884 1007 2100 1061; x_wconf 89' lang='lat' dir='ltr'><strong>nionem</strong></span> <span class='ocrx_word' id='word_1_307' title='bbox 2128 1007 2527 1069; x_wconf 65' lang='lat' dir='ltr'><strong>haereticorum,</strong></span> <span class='ocrx_word' id='word_1_308' title='bbox 2553 1013 2607 1060; x_wconf 87' lang='lat' dir='ltr'><strong>et</strong></span> <span class='ocrx_word' id='word_1_309' title='bbox 2634 1020 2702 1059; x_wconf 89' lang='lat' dir='ltr'><strong>ne</strong></span> <span class='ocrx_word' id='word_1_310' title='bbox 2732 1003 2943 1057; x_wconf 78' lang='lat' dir='ltr'><strong>faciatis</strong></span> <span class='ocrx_word' id='word_1_311' title='bbox 2966 1015 3152 1071; x_wconf 81' lang='lat' dir='ltr'><strong>pacem</strong></span> <span class='ocrx_word' id='word_1_312' title='bbox 3176 1015 3298 1054; x_wconf 89' lang='lat' dir='ltr'><strong>cum</strong></span> <span class='ocrx_word' id='word_1_313' title='bbox 3329 999 3456 1053; x_wconf 85' lang='lat' dir='ltr'><strong>illis.</strong></span> 
     </span>
    </p>
   </div>
   <div class='ocr_carea' id='block_1_40' title="bbox 1884 1089 3460 1170">
    <p class='ocr_par' dir='ltr' id='par_1_40' title="bbox 1884 1089 3460 1170">
     <span class='ocr_line' id='line_1_40' title="bbox 1884 1089 3460 1170; baseline -0.005 -18"><span class='ocrx_word' id='word_1_314' title='bbox 1884 1097 2020 1153; x_wconf 83' lang='lat' dir='ltr'><strong>Nam</strong></span> <span class='ocrx_word' id='word_1_315' title='bbox 2072 1099 2139 1154; x_wconf 88' lang='lat' dir='ltr'><strong>de</strong></span> <span class='ocrx_word' id='word_1_316' title='bbox 2180 1098 2313 1170; x_wconf 87' lang='lat' dir='ltr'><strong>ipsis</strong></span> <span class='ocrx_word' id='word_1_317' title='bbox 2362 1098 2622 1168; x_wconf 84' lang='lat' dir='ltr'><strong>propheta</strong></span> <span class='ocrx_word' id='word_1_318' title='bbox 2661 1095 2964 1152; x_wconf 83' lang='lat' dir='ltr'><strong>enuntiavit</strong></span> <span class='ocrx_word' id='word_1_319' title='bbox 3008 1093 3194 1147; x_wconf 88' lang='lat' dir='ltr'><strong>dicens</strong></span> <span class='ocrx_word' id='word_1_320' title='bbox 3233 1110 3246 1146; x_wconf 88' lang='lat'><strong>:</strong></span> <span class='ocrx_word' id='word_1_321' title='bbox 3285 1111 3302 1142; x_wconf 77' lang='grc' dir='ltr'><strong>ι</strong></span> <span class='ocrx_word' id='word_1_322' title='bbox 3339 1089 3460 1144; x_wconf 79' lang='lat' dir='ltr'><strong>Non</strong></span> 
     </span>
    </p>
   </div>
   <div class='ocr_carea' id='block_1_41' title="bbox 1885 1182 3461 1263">
    <p class='ocr_par' dir='ltr' id='par_1_41' title="bbox 1885 1182 3461 1263">
     <span class='ocr_line' id='line_1_41' title="bbox 1885 1182 3461 1263; baseline -0.007 -17"><span class='ocrx_word' id='word_1_323' title='bbox 1885 1201 1967 1248; x_wconf 88' lang='lat' dir='ltr'><strong>est</strong></span> <span class='ocrx_word' id='word_1_324' title='bbox 1998 1193 2231 1263; x_wconf 76' lang='lat' dir='ltr'><strong>gaudere</strong></span> <span class='ocrx_word' id='word_1_325' title='bbox 2261 1191 2460 1262; x_wconf 88' lang='lat' dir='ltr'><strong>impiis,</strong></span> <span class='ocrx_word' id='word_1_326' title='bbox 2491 1189 2624 1245; x_wconf 89' lang='lat' dir='ltr'><strong>dicit</strong></span> <span class='ocrx_word' id='word_1_327' title='bbox 2652 1187 2912 1242; x_wconf 88' lang='lat' dir='ltr'><strong>Dominus</strong></span> <span class='ocrx_word' id='word_1_328' title='bbox 2941 1186 3006 1241; x_wconf 81' lang='grc'><strong>⁶⁹.</strong></span> <span class='ocrx_word' id='word_1_329' title='bbox 3033 1206 3050 1238; x_wconf 84' lang='grc'><strong>›</strong></span> <span class='ocrx_word' id='word_1_330' title='bbox 3074 1183 3139 1239; x_wconf 79' lang='lat' dir='ltr'><strong>lli</strong></span> <span class='ocrx_word' id='word_1_331' title='bbox 3166 1182 3308 1238; x_wconf 89' lang='lat' dir='ltr'><strong>enim</strong></span> <span class='ocrx_word' id='word_1_332' title='bbox 3331 1189 3461 1237; x_wconf 91' lang='lat' dir='ltr'><strong>sunt</strong></span> 
     </span>
    </p>
   </div>
   <div class='ocr_carea' id='block_1_42' title="bbox 1886 1273 3456 1354">
    <p class='ocr_par' dir='ltr' id='par_1_42' title="bbox 1886 1273 3456 1354">
     <span class='ocr_line' id='line_1_42' title="bbox 1886 1273 3456 1354; baseline -0.007 -17"><span class='ocrx_word' id='word_1_333' title='bbox 1886 1284 2084 1338; x_wconf 77' lang='lat' dir='ltr'><strong>occulti</strong></span> <span class='ocrx_word' id='word_1_334' title='bbox 2125 1284 2268 1354; x_wconf 89' lang='lat' dir='ltr'><strong>lupi,</strong></span> <span class='ocrx_word' id='word_1_335' title='bbox 2323 1297 2486 1338; x_wconf 86' lang='lat' dir='ltr'><strong>canes</strong></span> <span class='ocrx_word' id='word_1_336' title='bbox 2528 1282 2664 1335; x_wconf 88' lang='lat' dir='ltr'><strong>muti</strong></span> <span class='ocrx_word' id='word_1_337' title='bbox 2704 1295 2809 1334; x_wconf 90' lang='lat' dir='ltr'><strong>non</strong></span> <span class='ocrx_word' id='word_1_338' title='bbox 2858 1278 3103 1332; x_wconf 88' lang='lat' dir='ltr'><strong>valentes</strong></span> <span class='ocrx_word' id='word_1_339' title='bbox 3141 1275 3342 1331; x_wconf 88' lang='lat' dir='ltr'><strong>latrare</strong></span> <span class='ocrx_word' id='word_1_340' title='bbox 3369 1273 3456 1327; x_wconf 75' lang='lat' dir='ltr'><strong>&quot;.z</strong></span> 
     </span>
    </p>
   </div>
   <div class='ocr_carea' id='block_1_43' title="bbox 1886 1364 3461 1446">
    <p class='ocr_par' dir='ltr' id='par_1_43' title="bbox 1886 1364 3461 1446">
     <span class='ocr_line' id='line_1_43' title="bbox 1886 1364 3461 1446; baseline -0.008 -17"><span class='ocrx_word' id='word_1_341' title='bbox 1886 1376 1976 1446; x_wconf 92' lang='lat' dir='ltr'><strong>qui</strong></span> <span class='ocrx_word' id='word_1_342' title='bbox 2006 1392 2150 1431; x_wconf 86' lang='lat' dir='ltr'><strong>nunc</strong></span> <span class='ocrx_word' id='word_1_343' title='bbox 2173 1376 2389 1446; x_wconf 88' lang='lat' dir='ltr'><strong>quidem</strong></span> <span class='ocrx_word' id='word_1_344' title='bbox 2419 1374 2578 1445; x_wconf 86' lang='lat' dir='ltr'><strong>pauci</strong></span> <span class='ocrx_word' id='word_1_345' title='bbox 2614 1381 2777 1437; x_wconf 88' lang='lat' dir='ltr'><strong>sunt;</strong></span> <span class='ocrx_word' id='word_1_346' title='bbox 2819 1370 3144 1441; x_wconf 82' lang='lat' dir='ltr'><strong>procedente</strong></span> <span class='ocrx_word' id='word_1_347' title='bbox 3173 1381 3301 1422; x_wconf 83' lang='lat' dir='ltr'><strong>vero</strong></span> <span class='ocrx_word' id='word_1_348' title='bbox 3327 1364 3461 1430; x_wconf 81' lang='lat' dir='ltr'><strong>tem-</strong></span> 
     </span>
    </p>
   </div>
   <div class='ocr_carea' id='block_1_44' title="bbox 1888 1460 3465 1537">
    <p class='ocr_par' dir='ltr' id='par_1_44' title="bbox 1888 1460 3465 1537">
     <span class='ocr_line' id='line_1_44' title="bbox 1888 1460 3465 1537; baseline -0.007 -15"><span class='ocrx_word' id='word_1_349' title='bbox 1888 1482 2037 1537; x_wconf 91' lang='lat' dir='ltr'><strong>pore,</strong></span> <span class='ocrx_word' id='word_1_350' title='bbox 2058 1477 2110 1522; x_wconf 88' lang='lat' dir='ltr'><strong>et</strong></span> <span class='ocrx_word' id='word_1_351' title='bbox 2133 1465 2318 1521; x_wconf 87' lang='lat' dir='ltr'><strong>mundi</strong></span> <span class='ocrx_word' id='word_1_352' title='bbox 2346 1463 2816 1520; x_wconf 83' lang='lat' dir='ltr'><strong>consummatione</strong></span> <span class='ocrx_word' id='word_1_353' title='bbox 2840 1461 3328 1530; x_wconf 83' lang='lat' dir='ltr'><strong>appmpinquante,</strong></span> <span class='ocrx_word' id='word_1_354' title='bbox 3351 1460 3465 1529; x_wconf 88' lang='lat' dir='ltr'><strong>plu-</strong></span> 
     </span>
    </p>
   </div>
   <div class='ocr_carea' id='block_1_45' title="bbox 1887 1552 3457 1624">
    <p class='ocr_par' dir='ltr' id='par_1_45' title="bbox 1887 1552 3457 1624">
     <span class='ocr_line' id='line_1_45' title="bbox 1887 1552 3457 1624; baseline -0.004 -10"><span class='ocrx_word' id='word_1_355' title='bbox 1887 1575 1974 1614; x_wconf 89' lang='lat' dir='ltr'><strong>res</strong></span> <span class='ocrx_word' id='word_1_356' title='bbox 1997 1574 2060 1614; x_wconf 90' lang='lat' dir='ltr'><strong>ac</strong></span> <span class='ocrx_word' id='word_1_357' title='bbox 2083 1560 2423 1614; x_wconf 82' lang='lat' dir='ltr'><strong>molestiores</strong></span> <span class='ocrx_word' id='word_1_358' title='bbox 2441 1563 2622 1613; x_wconf 90' lang='lat' dir='ltr'><strong>erunt.</strong></span> <span class='ocrx_word' id='word_1_359' title='bbox 2641 1555 2715 1610; x_wconf 91' lang='lat' dir='ltr'><strong>De</strong></span> <span class='ocrx_word' id='word_1_360' title='bbox 2736 1555 2935 1624; x_wconf 89' lang='lat' dir='ltr'><strong>quibus</strong></span> <span class='ocrx_word' id='word_1_361' title='bbox 2954 1552 3214 1608; x_wconf 85' lang='lat' dir='ltr'><strong>Dominus</strong></span> <span class='ocrx_word' id='word_1_362' title='bbox 3239 1553 3416 1608; x_wconf 81' lang='lat' dir='ltr'><strong>aiebat</strong></span> <span class='ocrx_word' id='word_1_363' title='bbox 3444 1570 3457 1607; x_wconf 89' lang='lat'><strong>:</strong></span> 
     </span>
    </p>
   </div>
   <div class='ocr_carea' id='block_1_46' title="bbox 1891 1645 3461 1707">
    <p class='ocr_par' dir='ltr' id='par_1_46' title="bbox 1891 1645 3461 1707">
     <span class='ocr_line' id='line_1_46' title="bbox 1891 1645 3461 1707; baseline -0.002 -4"><span class='ocrx_word' id='word_1_364' title='bbox 1891 1669 1912 1703; x_wconf 78' lang='grc' dir='ltr'><strong>ι</strong></span> <span class='ocrx_word' id='word_1_365' title='bbox 1944 1651 2108 1707; x_wconf 87' lang='lat' dir='ltr'><strong>Putas</strong></span> <span class='ocrx_word' id='word_1_366' title='bbox 2163 1650 2333 1707; x_wconf 87' lang='lat' dir='ltr'><strong>Filius</strong></span> <span class='ocrx_word' id='word_1_367' title='bbox 2377 1650 2613 1705; x_wconf 87' lang='lat' dir='ltr'><strong>hominis</strong></span> <span class='ocrx_word' id='word_1_368' title='bbox 2668 1648 2894 1703; x_wconf 88' lang='lat' dir='ltr'><strong>veniens</strong></span> <span class='ocrx_word' id='word_1_369' title='bbox 2934 1646 3173 1701; x_wconf 84' lang='lat' dir='ltr'><strong>inveniet</strong></span> <span class='ocrx_word' id='word_1_370' title='bbox 3205 1645 3361 1701; x_wconf 84' lang='lat' dir='ltr'><strong>ﬁdem</strong></span> <span class='ocrx_word' id='word_1_371' title='bbox 3407 1647 3461 1700; x_wconf 91' lang='lat' dir='ltr'><strong>in</strong></span> 
     </span>
    </p>
   </div>
   <div class='ocr_carea' id='block_1_47' title="bbox 1888 1739 3463 1816">
    <p class='ocr_par' dir='ltr' id='par_1_47' title="bbox 1888 1739 3463 1816">
     <span class='ocr_line' id='line_1_47' title="bbox 1888 1739 3463 1816; baseline -0.006 -15"><span class='ocrx_word' id='word_1_372' title='bbox 1888 1755 2034 1803; x_wconf 89' lang='lat' dir='ltr'><strong>terra</strong></span> <span class='ocrx_word' id='word_1_373' title='bbox 2057 1747 2135 1799; x_wconf 69' lang='lat'><strong>7’?</strong></span> <span class='ocrx_word' id='word_1_374' title='bbox 2156 1745 2222 1800; x_wconf 82' lang='lat' dir='ltr'><strong>Et</strong></span> <span class='ocrx_word' id='word_1_375' title='bbox 2250 1747 2506 1816; x_wconf 89' lang='lat' dir='ltr'><strong>quoniam</strong></span> <span class='ocrx_word' id='word_1_376' title='bbox 2527 1744 2824 1798; x_wconf 80' lang='lat' dir='ltr'><strong>abundabit</strong></span> <span class='ocrx_word' id='word_1_377' title='bbox 2842 1742 3122 1811; x_wconf 87' lang='lat' dir='ltr'><strong>iniquitas,</strong></span> <span class='ocrx_word' id='word_1_378' title='bbox 3145 1739 3463 1809; x_wconf 75' lang='lat' dir='ltr'><strong>refrigescet</strong></span> 
     </span>
    </p>
   </div>
   <div class='ocr_carea' id='block_1_48' title="bbox 1885 1831 3464 1903">
    <p class='ocr_par' dir='ltr' id='par_1_48' title="bbox 1885 1831 3464 1903">
     <span class='ocr_line' id='line_1_48' title="bbox 1885 1831 3464 1903; baseline -0.008 -7"><span class='ocrx_word' id='word_1_379' title='bbox 1885 1840 2128 1896; x_wconf 82' lang='lat' dir='ltr'><strong>Charitas</strong></span> <span class='ocrx_word' id='word_1_380' title='bbox 2149 1838 2468 1892; x_wconf 90' lang='lat' dir='ltr'><strong>multorum.</strong></span> <span class='ocrx_word' id='word_1_381' title='bbox 2489 1835 2553 1889; x_wconf 86' lang='lat' dir='ltr'><strong>Et</strong></span> <span class='ocrx_word' id='word_1_382' title='bbox 2581 1835 2798 1890; x_wconf 84' lang='lat' dir='ltr'><strong>venient</strong></span> <span class='ocrx_word' id='word_1_383' title='bbox 2814 1831 3208 1903; x_wconf 78' lang='lat' dir='ltr'><strong>pseudochristi</strong></span> <span class='ocrx_word' id='word_1_384' title='bbox 3225 1841 3278 1885; x_wconf 90' lang='lat' dir='ltr'><strong>et</strong></span> <span class='ocrx_word' id='word_1_385' title='bbox 3300 1846 3431 1902; x_wconf 87' lang='lat' dir='ltr'><strong>pseu</strong></span> <span class='ocrx_word' id='word_1_386' title='bbox 3446 1857 3464 1872; x_wconf 83' lang='lat'><strong>-</strong></span> 
     </span>
    </p>
   </div>
   <div class='ocr_carea' id='block_1_49' title="bbox 1889 1921 3461 2001">
    <p class='ocr_par' dir='ltr' id='par_1_49' title="bbox 1889 1921 3461 2001">
     <span class='ocr_line' id='line_1_49' title="bbox 1889 1921 3461 2001; baseline -0.01 -13"><span class='ocrx_word' id='word_1_387' title='bbox 1889 1930 2337 2001; x_wconf 66' lang='lat' dir='ltr'><strong>doprophetaa;et</strong></span> <span class='ocrx_word' id='word_1_388' title='bbox 2368 1929 2573 1982; x_wconf 85' lang='lat' dir='ltr'><strong>dahuut</strong></span> <span class='ocrx_word' id='word_1_389' title='bbox 2605 1927 2757 1998; x_wconf 79' lang='lat' dir='ltr'><strong>signa</strong></span> <span class='ocrx_word' id='word_1_390' title='bbox 2780 1926 2833 1978; x_wconf 90' lang='lat' dir='ltr'><strong>in</strong></span> <span class='ocrx_word' id='word_1_391' title='bbox 2859 1925 3015 1987; x_wconf 86' lang='lat' dir='ltr'><strong>coelo,</strong></span> <span class='ocrx_word' id='word_1_392' title='bbox 3048 1924 3125 1977; x_wconf 89' lang='lat' dir='ltr'><strong>ita</strong></span> <span class='ocrx_word' id='word_1_393' title='bbox 3151 1930 3229 1983; x_wconf 92' lang='lat' dir='ltr'><strong>ut,</strong></span> <span class='ocrx_word' id='word_1_394' title='bbox 3265 1921 3310 1974; x_wconf 88' lang='lat' dir='ltr'><strong>si</strong></span> <span class='ocrx_word' id='word_1_395' title='bbox 3346 1921 3461 1974; x_wconf 87' lang='lat' dir='ltr'><strong>lieri</strong></span> 
     </span>
    </p>
   </div>
   <div class='ocr_carea' id='block_1_50' title="bbox 1889 2013 3473 2094">
    <p class='ocr_par' dir='ltr' id='par_1_50' title="bbox 1889 2013 3473 2094">
     <span class='ocr_line' id='line_1_50' title="bbox 1889 2013 3473 2094; baseline -0.008 -16"><span class='ocrx_word' id='word_1_396' title='bbox 1889 2033 2086 2094; x_wconf 85' lang='lat' dir='ltr'><strong>potest,</strong></span> <span class='ocrx_word' id='word_1_397' title='bbox 2105 2021 2265 2076; x_wconf 89' lang='lat' dir='ltr'><strong>etiam</strong></span> <span class='ocrx_word' id='word_1_398' title='bbox 2285 2020 2439 2075; x_wconf 81' lang='lat' dir='ltr'><strong>electi</strong></span> <span class='ocrx_word' id='word_1_399' title='bbox 2459 2019 2797 2088; x_wconf 68' lang='lat' dir='ltr'><strong>decipiantur</strong></span> <span class='ocrx_word' id='word_1_400' title='bbox 2814 2020 2890 2081; x_wconf 86' lang='lat'><strong>&quot;;</strong></span> <span class='ocrx_word' id='word_1_401' title='bbox 2919 2038 2934 2067; x_wconf 78' lang='grc' dir='ltr'><strong>ι</strong></span> <span class='ocrx_word' id='word_1_402' title='bbox 2958 2034 2986 2070; x_wconf 85' lang='lat' dir='ltr'><strong>a</strong></span> <span class='ocrx_word' id='word_1_403' title='bbox 3007 2030 3240 2085; x_wconf 87' lang='lat' dir='ltr'><strong>quorum</strong></span> <span class='ocrx_word' id='word_1_404' title='bbox 3273 2013 3473 2066; x_wconf 75' lang='lat' dir='ltr'><strong>fraude.</strong></span> 
     </span>
    </p>
   </div>
   <div class='ocr_carea' id='block_1_51' title="bbox 1888 2107 3460 2182">
    <p class='ocr_par' dir='ltr' id='par_1_51' title="bbox 1888 2107 3460 2182">
     <span class='ocr_line' id='line_1_51' title="bbox 1888 2107 3460 2182; baseline -0.008 -15"><span class='ocrx_word' id='word_1_405' title='bbox 1888 2113 2081 2182; x_wconf 83' lang='lat' dir='ltr'><strong>eripiet</strong></span> <span class='ocrx_word' id='word_1_406' title='bbox 2102 2128 2201 2165; x_wconf 91' lang='lat' dir='ltr'><strong>nos</strong></span> <span class='ocrx_word' id='word_1_407' title='bbox 2218 2109 2357 2164; x_wconf 82' lang='lat' dir='ltr'><strong>Deus</strong></span> <span class='ocrx_word' id='word_1_408' title='bbox 2382 2126 2473 2178; x_wconf 83' lang='lat' dir='ltr'><strong>per</strong></span> <span class='ocrx_word' id='word_1_409' title='bbox 2492 2108 2676 2162; x_wconf 81' lang='lat' dir='ltr'><strong>Jcsum</strong></span> <span class='ocrx_word' id='word_1_410' title='bbox 2697 2107 3000 2170; x_wconf 84' lang='lat' dir='ltr'><strong>Christum,</strong></span> <span class='ocrx_word' id='word_1_411' title='bbox 3018 2121 3166 2174; x_wconf 87' lang='lat' dir='ltr'><strong>spem</strong></span> <span class='ocrx_word' id='word_1_412' title='bbox 3196 2115 3460 2156; x_wconf 83' lang='lat' dir='ltr'><strong>nostrain.</strong></span> 
     </span>
    </p>
   </div>
   <div class='ocr_carea' id='block_1_52' title="bbox 1891 2199 3464 2274">
    <p class='ocr_par' dir='ltr' id='par_1_52' title="bbox 1891 2199 3464 2274">
     <span class='ocr_line' id='line_1_52' title="bbox 1891 2199 3464 2274; baseline -0.006 -17"><span class='ocrx_word' id='word_1_413' title='bbox 1891 2201 2101 2258; x_wconf 81' lang='lat' dir='ltr'><strong>Etenim</strong></span> <span class='ocrx_word' id='word_1_414' title='bbox 2152 2222 2252 2259; x_wconf 91' lang='lat' dir='ltr'><strong>nos</strong></span> <span class='ocrx_word' id='word_1_415' title='bbox 2306 2220 2522 2274; x_wconf 88' lang='lat' dir='ltr'><strong>quoque</strong></span> <span class='ocrx_word' id='word_1_416' title='bbox 2568 2219 2691 2257; x_wconf 89' lang='lat' dir='ltr'><strong>cum</strong></span> <span class='ocrx_word' id='word_1_417' title='bbox 2741 2218 2836 2272; x_wconf 88' lang='lat' dir='ltr'><strong>per</strong></span> <span class='ocrx_word' id='word_1_418' title='bbox 2869 2213 3054 2272; x_wconf 79' lang='lat' dir='ltr'><strong>gentes</strong></span> <span class='ocrx_word' id='word_1_419' title='bbox 3089 2199 3464 2269; x_wconf 75' lang='lat' dir='ltr'><strong>proﬁciscere-</strong></span> 
     </span>
    </p>
   </div>
   <div class='ocr_carea' id='block_1_53' title="bbox 1893 2287 3467 2361">
    <p class='ocr_par' dir='ltr' id='par_1_53' title="bbox 1893 2287 3467 2361">
     <span class='ocr_line' id='line_1_53' title="bbox 1893 2287 3467 2361; baseline -0.007 -11"><span class='ocrx_word' id='word_1_420' title='bbox 1893 2312 2016 2351; x_wconf 88' lang='lat' dir='ltr'><strong>mur</strong></span> <span class='ocrx_word' id='word_1_421' title='bbox 2038 2297 2108 2361; x_wconf 83' lang='lat'><strong>&quot;,</strong></span> <span class='ocrx_word' id='word_1_422' title='bbox 2135 2305 2188 2350; x_wconf 91' lang='lat' dir='ltr'><strong>et</strong></span> <span class='ocrx_word' id='word_1_423' title='bbox 2222 2296 2491 2350; x_wconf 82' lang='lat' dir='ltr'><strong>Ecclesias</strong></span> <span class='ocrx_word' id='word_1_424' title='bbox 2520 2296 2972 2349; x_wconf 79' lang='lat' dir='ltr'><strong>confirmaremus</strong></span> <span class='ocrx_word' id='word_1_425' title='bbox 3006 2292 3148 2355; x_wconf 57' lang='grc' dir='ltr'>πεδ’,</span> <span class='ocrx_word' id='word_1_426' title='bbox 3174 2291 3306 2344; x_wconf 87' lang='lat' dir='ltr'><strong>alios</strong></span> <span class='ocrx_word' id='word_1_427' title='bbox 3345 2287 3467 2356; x_wconf 85' lang='lat' dir='ltr'><strong>qui-</strong></span> 
     </span>
    </p>
   </div>
   <div class='ocr_carea' id='block_1_54' title="bbox 1892 2381 3467 2442">
    <p class='ocr_par' dir='ltr' id='par_1_54' title="bbox 1892 2381 3467 2442">
     <span class='ocr_line' id='line_1_54' title="bbox 1892 2381 3467 2442; baseline -0.007 0"><span class='ocrx_word' id='word_1_428' title='bbox 1892 2387 2012 2442; x_wconf 88' lang='lat' dir='ltr'><strong>dem</strong></span> <span class='ocrx_word' id='word_1_429' title='bbox 2041 2388 2094 2442; x_wconf 89' lang='lat' dir='ltr'><strong>in</strong></span> <span class='ocrx_word' id='word_1_430' title='bbox 2114 2388 2282 2442; x_wconf 88' lang='lat' dir='ltr'><strong>multa</strong></span> <span class='ocrx_word' id='word_1_431' title='bbox 2311 2387 2681 2442; x_wconf 86' lang='lat' dir='ltr'><strong>admonitione</strong></span> <span class='ocrx_word' id='word_1_432' title='bbox 2705 2395 2757 2439; x_wconf 80' lang='lat' dir='ltr'><strong>et</strong></span> <span class='ocrx_word' id='word_1_433' title='bbox 2780 2399 3032 2440; x_wconf 86' lang='lat' dir='ltr'><strong>sermone</strong></span> <span class='ocrx_word' id='word_1_434' title='bbox 3055 2381 3258 2439; x_wconf 86' lang='lat' dir='ltr'><strong>salubri</strong></span> <span class='ocrx_word' id='word_1_435' title='bbox 3288 2381 3352 2433; x_wconf 89' lang='lat' dir='ltr'><strong>ad</strong></span> <span class='ocrx_word' id='word_1_436' title='bbox 3379 2396 3467 2433; x_wconf 88' lang='lat' dir='ltr'><strong>sa-</strong></span> 
     </span>
    </p>
   </div>
   <div class='ocr_carea' id='block_1_55' title="bbox 1897 2475 3476 2549">
    <p class='ocr_par' dir='ltr' id='par_1_55' title="bbox 1897 2475 3476 2549">
     <span class='ocr_line' id='line_1_55' title="bbox 1897 2475 3476 2549; baseline -0.006 -14"><span class='ocrx_word' id='word_1_437' title='bbox 1897 2480 2122 2535; x_wconf 85' lang='lat' dir='ltr'><strong>nitatem</strong></span> <span class='ocrx_word' id='word_1_438' title='bbox 2150 2480 2545 2544; x_wconf 77' lang='lat' dir='ltr'><strong>revocavimus,</strong></span> <span class='ocrx_word' id='word_1_439' title='bbox 2583 2489 2745 2549; x_wconf 89' lang='lat' dir='ltr'><strong>atque</strong></span> <span class='ocrx_word' id='word_1_440' title='bbox 2770 2477 2957 2532; x_wconf 80' lang='lat' dir='ltr'><strong>fraude</strong></span> <span class='ocrx_word' id='word_1_441' title='bbox 2987 2491 3109 2531; x_wconf 85' lang='lat' dir='ltr'><strong>mox</strong></span> <span class='ocrx_word' id='word_1_442' title='bbox 3146 2475 3476 2528; x_wconf 75' lang='lat' dir='ltr'><strong>interiturus</strong></span> 
     </span>
    </p>
   </div>
   <div class='ocr_carea' id='block_1_56' title="bbox 1888 2567 3468 2636">
    <p class='ocr_par' dir='ltr' id='par_1_56' title="bbox 1888 2567 3468 2636">
     <span class='ocr_line' id='line_1_56' title="bbox 1888 2567 3468 2636; baseline -0.004 -12"><span class='ocrx_word' id='word_1_443' title='bbox 1888 2569 2262 2634; x_wconf 88' lang='lat' dir='ltr'><strong>restituimus;</strong></span> <span class='ocrx_word' id='word_1_444' title='bbox 2298 2567 2432 2622; x_wconf 72' lang='lat' dir='ltr'><strong>alios</strong></span> <span class='ocrx_word' id='word_1_445' title='bbox 2467 2582 2595 2622; x_wconf 89' lang='lat' dir='ltr'><strong>vero</strong></span> <span class='ocrx_word' id='word_1_446' title='bbox 2622 2567 2713 2636; x_wconf 89' lang='lat' dir='ltr'><strong>qui</strong></span> <span class='ocrx_word' id='word_1_447' title='bbox 2744 2567 3128 2620; x_wconf 87' lang='lat' dir='ltr'><strong>immedicabili</strong></span> <span class='ocrx_word' id='word_1_448' title='bbox 3169 2567 3356 2620; x_wconf 86' lang='lat' dir='ltr'><strong>morbo</strong></span> <span class='ocrx_word' id='word_1_449' title='bbox 3389 2569 3468 2618; x_wconf 85' lang='lat' dir='ltr'><strong>ta-</strong></span> 
     </span>
    </p>
   </div>
   <div class='ocr_carea' id='block_1_57' title="bbox 1890 2658 3468 2730">
    <p class='ocr_par' dir='ltr' id='par_1_57' title="bbox 1890 2658 3468 2730">
     <span class='ocr_line' id='line_1_57' title="bbox 1890 2658 3468 2730; baseline -0.003 -13"><span class='ocrx_word' id='word_1_450' title='bbox 1890 2662 2173 2724; x_wconf 84' lang='lat' dir='ltr'><strong>borabant,</strong></span> <span class='ocrx_word' id='word_1_451' title='bbox 2208 2675 2236 2712; x_wconf 87' lang='lat' dir='ltr'><strong>a</strong></span> <span class='ocrx_word' id='word_1_452' title='bbox 2267 2676 2424 2730; x_wconf 76' lang='lat' dir='ltr'><strong>grege</strong></span> <span class='ocrx_word' id='word_1_453' title='bbox 2462 2659 2744 2729; x_wconf 88' lang='lat' dir='ltr'><strong>ejecimus,</strong></span> <span class='ocrx_word' id='word_1_454' title='bbox 2789 2674 2856 2712; x_wconf 90' lang='lat' dir='ltr'><strong>ne</strong></span> <span class='ocrx_word' id='word_1_455' title='bbox 2900 2673 3069 2729; x_wconf 79' lang='lat' dir='ltr'><strong>agnos</strong></span> <span class='ocrx_word' id='word_1_456' title='bbox 3116 2675 3244 2714; x_wconf 86' lang='lat' dir='ltr'><strong>suos</strong></span> <span class='ocrx_word' id='word_1_457' title='bbox 3285 2658 3468 2714; x_wconf 74' lang='lat' dir='ltr'><strong>scabie</strong></span> 
     </span>
    </p>
   </div>
   <div class='ocr_carea' id='block_1_58' title="bbox 1891 2749 3464 2824">
    <p class='ocr_par' dir='ltr' id='par_1_58' title="bbox 1891 2749 3464 2824">
     <span class='ocr_line' id='line_1_58' title="bbox 1891 2749 3464 2824; baseline -0.006 -14"><span class='ocrx_word' id='word_1_458' title='bbox 1891 2753 2203 2824; x_wconf 84' lang='lat' dir='ltr'><strong>contagiosa</strong></span> <span class='ocrx_word' id='word_1_459' title='bbox 2236 2753 2538 2816; x_wconf 82' lang='lat' dir='ltr'><strong>infirerent,</strong></span> <span class='ocrx_word' id='word_1_460' title='bbox 2567 2758 2732 2820; x_wconf 89' lang='lat' dir='ltr'><strong>utque</strong></span> <span class='ocrx_word' id='word_1_461' title='bbox 2773 2751 2895 2820; x_wconf 83' lang='lat' dir='ltr'><strong>agni</strong></span> <span class='ocrx_word' id='word_1_462' title='bbox 2936 2751 3076 2820; x_wconf 89' lang='lat' dir='ltr'><strong>puri,</strong></span> <span class='ocrx_word' id='word_1_463' title='bbox 3109 2749 3464 2812; x_wconf 88' lang='lat' dir='ltr'><strong>immaculati,</strong></span> 
     </span>
    </p>
   </div>
   <div class='ocr_carea' id='block_1_59' title="bbox 1893 2841 3469 2910">
    <p class='ocr_par' dir='ltr' id='par_1_59' title="bbox 1893 2841 3469 2910">
     <span class='ocr_line' id='line_1_59' title="bbox 1893 2841 3469 2910; baseline -0.004 -9"><span class='ocrx_word' id='word_1_464' title='bbox 1893 2847 2009 2901; x_wconf 88' lang='lat' dir='ltr'><strong>sani</strong></span> <span class='ocrx_word' id='word_1_465' title='bbox 2034 2853 2086 2900; x_wconf 84' lang='lat' dir='ltr'><strong>et</strong></span> <span class='ocrx_word' id='word_1_466' title='bbox 2116 2845 2306 2898; x_wconf 89' lang='lat' dir='ltr'><strong>illibati</strong></span> <span class='ocrx_word' id='word_1_467' title='bbox 2345 2842 2571 2899; x_wconf 90' lang='lat' dir='ltr'><strong>Domino</strong></span> <span class='ocrx_word' id='word_1_468' title='bbox 2603 2841 2712 2897; x_wconf 89' lang='lat' dir='ltr'><strong>Deo</strong></span> <span class='ocrx_word' id='word_1_469' title='bbox 2760 2849 3126 2897; x_wconf 88' lang='lat' dir='ltr'><strong>servarentur.</strong></span> <span class='ocrx_word' id='word_1_470' title='bbox 3151 2843 3324 2910; x_wconf 82' lang='lat' dir='ltr'><strong>Atque</strong></span> <span class='ocrx_word' id='word_1_471' title='bbox 3356 2841 3469 2894; x_wconf 67' lang='lat' dir='ltr'><strong>haec</strong></span> 
     </span>
    </p>
   </div>
   <div class='ocr_carea' id='block_1_60' title="bbox 1894 2935 3470 3012">
    <p class='ocr_par' dir='ltr' id='par_1_60' title="bbox 1894 2935 3470 3012">
     <span class='ocr_line' id='line_1_60' title="bbox 1894 2935 3470 3012; baseline -0.004 -19"><span class='ocrx_word' id='word_1_472' title='bbox 1894 2955 1988 3012; x_wconf 89' lang='lat' dir='ltr'><strong>per</strong></span> <span class='ocrx_word' id='word_1_473' title='bbox 2026 2937 2274 2993; x_wconf 85' lang='lat' dir='ltr'><strong>civitates</strong></span> <span class='ocrx_word' id='word_1_474' title='bbox 2314 2937 2365 2991; x_wconf 91' lang='lat' dir='ltr'><strong>in</strong></span> <span class='ocrx_word' id='word_1_475' title='bbox 2412 2944 2527 2991; x_wconf 85' lang='lat' dir='ltr'><strong>toto</strong></span> <span class='ocrx_word' id='word_1_476' title='bbox 2565 2935 2698 2990; x_wconf 86' lang='lat' dir='ltr'><strong>orbe</strong></span> <span class='ocrx_word' id='word_1_477' title='bbox 2752 2945 3018 2989; x_wconf 90' lang='lat' dir='ltr'><strong>terrarum</strong></span> <span class='ocrx_word' id='word_1_478' title='bbox 3065 2936 3365 3004; x_wconf 81' lang='lat' dir='ltr'><strong>gessimus;</strong></span> <span class='ocrx_word' id='word_1_479' title='bbox 3416 2942 3470 2988; x_wconf 88' lang='lat' dir='ltr'><strong>et</strong></span> 
     </span>
    </p>
   </div>
   <div class='ocr_carea' id='block_1_61' title="bbox 1891 3025 3469 3100">
    <p class='ocr_par' dir='ltr' id='par_1_61' title="bbox 1891 3025 3469 3100">
     <span class='ocr_line' id='line_1_61' title="bbox 1891 3025 3469 3100; baseline -0.004 -15"><span class='ocrx_word' id='word_1_480' title='bbox 1891 3031 2046 3086; x_wconf 88' lang='lat' dir='ltr'><strong>vobis</strong></span> <span class='ocrx_word' id='word_1_481' title='bbox 2077 3030 2347 3100; x_wconf 88' lang='lat' dir='ltr'><strong>episc0pis</strong></span> <span class='ocrx_word' id='word_1_482' title='bbox 2375 3030 2696 3100; x_wconf 73' lang='lat' dir='ltr'><strong>caaterisquc</strong></span> <span class='ocrx_word' id='word_1_483' title='bbox 2725 3027 3101 3083; x_wconf 84' lang='lat' dir='ltr'><strong>sacerdotibus</strong></span> <span class='ocrx_word' id='word_1_484' title='bbox 3145 3028 3351 3083; x_wconf 81' lang='lat' dir='ltr'><strong>hancce</strong></span> <span class='ocrx_word' id='word_1_485' title='bbox 3371 3025 3469 3079; x_wconf 89' lang='lat' dir='ltr'><strong>do—</strong></span> 
     </span>
    </p>
   </div>
   <div class='ocr_carea' id='block_1_62' title="bbox 216 3110 1790 3195">
    <p class='ocr_par' dir='ltr' id='par_1_62' title="bbox 216 3110 1790 3188">
     <span class='ocr_line' id='line_1_62' title="bbox 216 3110 1790 3188; baseline 0.011 -26"><span class='ocrx_word' id='word_1_486' title='bbox 216 3110 372 3181; x_wconf 72' lang='grc' dir='ltr'>ρεῦσι</span> <span class='ocrx_word' id='word_1_487' title='bbox 400 3113 554 3184; x_wconf 83' lang='grc' dir='ltr'>τήνδε</span> <span class='ocrx_word' id='word_1_488' title='bbox 578 3114 677 3185; x_wconf 83' lang='grc' dir='ltr'>τὴν</span> <span class='ocrx_word' id='word_1_489' title='bbox 699 3115 987 3187; x_wconf 78' lang='grc' dir='ltr'>καθολικὴν</span> <span class='ocrx_word' id='word_1_490' title='bbox 1015 3119 1379 3186; x_wconf 80' lang='grc' dir='ltr'>διδασκαλίαν,</span> <span class='ocrx_word' id='word_1_491' title='bbox 1415 3123 1579 3188; x_wconf 78' lang='grc' dir='ltr'>ἀξίως</span> <span class='ocrx_word' id='word_1_492' title='bbox 1604 3126 1697 3179; x_wconf 71' lang='grc' dir='ltr'><strong>καὶ</strong></span> <span class='ocrx_word' id='word_1_493' title='bbox 1717 3127 1790 3179; x_wconf 89' lang='grc' dir='ltr'>δι-</span> 
     </span>
    </p>
   </div>
   <div class='ocr_carea' id='block_1_63' title="bbox 1889 3110 3469 3195">
    <p class='ocr_par' dir='ltr' id='par_1_63' title="bbox 1897 3118 3469 3190">
     <span class='ocr_line' id='line_1_63' title="bbox 1897 3118 3469 3190; baseline -0.002 -14"><span class='ocrx_word' id='word_1_494' title='bbox 1897 3123 2126 3176; x_wconf 88' lang='lat' dir='ltr'><strong>ctrinam</strong></span> <span class='ocrx_word' id='word_1_495' title='bbox 2159 3121 2480 3175; x_wconf 86' lang='lat' dir='ltr'><strong>catholicam</strong></span> <span class='ocrx_word' id='word_1_496' title='bbox 2527 3120 2866 3190; x_wconf 84' lang='lat' dir='ltr'><strong>reliquimus,</strong></span> <span class='ocrx_word' id='word_1_497' title='bbox 2909 3119 3102 3173; x_wconf 90' lang='lat' dir='ltr'><strong>merito</strong></span> <span class='ocrx_word' id='word_1_498' title='bbox 3130 3128 3182 3174; x_wconf 91' lang='lat' dir='ltr'><strong>et</strong></span> <span class='ocrx_word' id='word_1_499' title='bbox 3211 3120 3378 3188; x_wconf 85' lang='lat' dir='ltr'><strong>juste,</strong></span> <span class='ocrx_word' id='word_1_500' title='bbox 3413 3118 3469 3173; x_wconf 89' lang='lat' dir='ltr'><strong>in</strong></span> 
     </span>
    </p>
   </div>
   <div class='ocr_carea' id='block_1_64' title="bbox 214 3203 1790 3282">
    <p class='ocr_par' dir='ltr' id='par_1_64' title="bbox 214 3203 1790 3282">
     <span class='ocr_line' id='line_1_64' title="bbox 214 3203 1790 3282; baseline 0.01 -27"><span class='ocrx_word' id='word_1_501' title='bbox 214 3203 404 3268; x_wconf 87' lang='grc' dir='ltr'>καίως,</span> <span class='ocrx_word' id='word_1_502' title='bbox 437 3207 514 3268; x_wconf 83' lang='grc' dir='ltr'><strong>είς</strong></span> <span class='ocrx_word' id='word_1_503' title='bbox 547 3207 885 3278; x_wconf 82' lang='grc' dir='ltr'>μνημόσυνον</span> <span class='ocrx_word' id='word_1_504' title='bbox 917 3209 1314 3282; x_wconf 82' lang='grc' dir='ltr'>ὲπιστηριγμοῦ</span> <span class='ocrx_word' id='word_1_505' title='bbox 1350 3216 1461 3276; x_wconf 84' lang='grc' dir='ltr'>τοῖς</span> <span class='ocrx_word' id='word_1_506' title='bbox 1498 3232 1790 3270; x_wconf 84' lang='grc' dir='ltr'>πεπιστευ-</span> 
     </span>
    </p>
   </div>
   <div class='ocr_carea' id='block_1_65' title="bbox 213 3295 1791 3382">
    <p class='ocr_par' dir='ltr' id='par_1_65' title="bbox 213 3295 1791 3382">
     <span class='ocr_line' id='line_1_65' title="bbox 213 3295 1791 3382; baseline 0.011 -33"><span class='ocrx_word' id='word_1_507' title='bbox 213 3295 337 3350; x_wconf 85' lang='grc' dir='ltr'>κόσι</span> <span class='ocrx_word' id='word_1_508' title='bbox 392 3296 535 3368; x_wconf 79' lang='grc' dir='ltr'><strong>Θεῷ“</strong></span> <span class='ocrx_word' id='word_1_509' title='bbox 596 3299 1030 3370; x_wconf 72' lang='grc' dir='ltr'>διαπεμψάμενοι</span> <span class='ocrx_word' id='word_1_510' title='bbox 1081 3303 1168 3355; x_wconf 76' lang='grc' dir='ltr'><strong>διά</strong></span> <span class='ocrx_word' id='word_1_511' title='bbox 1229 3305 1322 3358; x_wconf 83' lang='grc' dir='ltr'><strong>τοῦ</strong></span> <span class='ocrx_word' id='word_1_512' title='bbox 1381 3308 1791 3382; x_wconf 87' lang='grc' dir='ltr'>συλλειτουργοῦ</span> 
     </span>
    </p>
   </div>
   <div class='ocr_carea' id='block_1_66' title="bbox 213 3387 1791 3472">
    <p class='ocr_par' dir='ltr' id='par_1_66' title="bbox 213 3387 1791 3472">
     <span class='ocr_line' id='line_1_66' title="bbox 213 3387 1791 3472; baseline 0.013 -33"><span class='ocrx_word' id='word_1_513' title='bbox 213 3387 372 3458; x_wconf 70' lang='grc' dir='ltr'>ἡμῶν</span> <span class='ocrx_word' id='word_1_514' title='bbox 395 3390 508 3459; x_wconf 81' lang='grc' dir='ltr'>Κλή</span> <span class='ocrx_word' id='word_1_515' title='bbox 519 3407 705 3459; x_wconf 86' lang='grc' dir='ltr'>μεντος</span> <span class='ocrx_word' id='word_1_516' title='bbox 727 3391 818 3444; x_wconf 82' lang='grc' dir='ltr'><strong>τοῦ</strong></span> <span class='ocrx_word' id='word_1_517' title='bbox 843 3395 1159 3447; x_wconf 76' lang='grc' dir='ltr'>πιστοτάτου</span> <span class='ocrx_word' id='word_1_518' title='bbox 1188 3398 1280 3449; x_wconf 74' lang='grc' dir='ltr'><strong>καὶ</strong></span> <span class='ocrx_word' id='word_1_519' title='bbox 1302 3399 1573 3472; x_wconf 72' lang='grc' dir='ltr'>όμοψύχου</span> <span class='ocrx_word' id='word_1_520' title='bbox 1603 3405 1791 3458; x_wconf 74' lang='grc' dir='ltr'>τέκνου</span> 
     </span>
    </p>
   </div>
   <div class='ocr_carea' id='block_1_67' title="bbox 211 3480 1794 3570">
    <p class='ocr_par' dir='ltr' id='par_1_67' title="bbox 211 3480 1794 3570">
     <span class='ocr_line' id='line_1_67' title="bbox 211 3480 1794 3570; baseline 0.012 -38"><span class='ocrx_word' id='word_1_521' title='bbox 211 3480 370 3550; x_wconf 76' lang='grc' dir='ltr'>ἡμῶν</span> <span class='ocrx_word' id='word_1_522' title='bbox 401 3482 456 3534; x_wconf 77' lang='grc' dir='ltr'>ὲν</span> <span class='ocrx_word' id='word_1_523' title='bbox 487 3483 693 3553; x_wconf 85' lang='grc' dir='ltr'>Κυρίῳ,</span> <span class='ocrx_word' id='word_1_524' title='bbox 729 3484 843 3555; x_wconf 71' lang='grc' dir='ltr'><strong>ἅμα</strong></span> <span class='ocrx_word' id='word_1_525' title='bbox 873 3485 964 3538; x_wconf 74' lang='grc' dir='ltr'><strong>καὶ</strong></span> <span class='ocrx_word' id='word_1_526' title='bbox 993 3487 1265 3561; x_wconf 76' lang='grc' dir='ltr'>Βαρνάϐᾳ,</span> <span class='ocrx_word' id='word_1_527' title='bbox 1299 3493 1391 3544; x_wconf 75' lang='grc' dir='ltr'><strong>καὶ</strong></span> <span class='ocrx_word' id='word_1_528' title='bbox 1431 3493 1679 3567; x_wconf 84' lang='grc' dir='ltr'>Τιμοθέῳ</span> <span class='ocrx_word' id='word_1_529' title='bbox 1717 3498 1794 3570; x_wconf 82' lang='grc' dir='ltr'>τῷ</span> 
     </span>
    </p>
   </div>
   <div class='ocr_carea' id='block_1_68' title="bbox 214 3572 1794 3655">
    <p class='ocr_par' dir='ltr' id='par_1_68' title="bbox 214 3572 1794 3655">
     <span class='ocr_line' id='line_1_68' title="bbox 214 3572 1794 3655; baseline 0.013 -32"><span class='ocrx_word' id='word_1_530' title='bbox 214 3572 575 3644; x_wconf 70' lang='grc' dir='ltr'>ποθεινοτάτῳ</span> <span class='ocrx_word' id='word_1_531' title='bbox 604 3576 722 3647; x_wconf 78' lang='grc' dir='ltr'>υἱῷ,</span> <span class='ocrx_word' id='word_1_532' title='bbox 747 3576 838 3630; x_wconf 70' lang='grc' dir='ltr'>καὶ</span> <span class='ocrx_word' id='word_1_533' title='bbox 868 3577 1079 3651; x_wconf 84' lang='grc' dir='ltr'>Μάρκῳ</span> <span class='ocrx_word' id='word_1_534' title='bbox 1106 3580 1182 3651; x_wconf 78' lang='grc' dir='ltr'>τῷ</span> <span class='ocrx_word' id='word_1_535' title='bbox 1217 3584 1442 3655; x_wconf 80' lang='grc' dir='ltr'>γνησίῳ,</span> <span class='ocrx_word' id='word_1_536' title='bbox 1474 3589 1568 3640; x_wconf 87' lang='grc' dir='ltr'><strong>σὺν</strong></span> <span class='ocrx_word' id='word_1_537' title='bbox 1597 3587 1677 3652; x_wconf 69' lang='grc' dir='ltr'>οἷς</span> <span class='ocrx_word' id='word_1_538' title='bbox 1701 3592 1794 3644; x_wconf 73' lang='grc' dir='ltr'>καὶ</span> 
     </span>
    </p>
   </div>
   <div class='ocr_carea' id='block_1_69' title="bbox 213 3664 1793 3738">
    <p class='ocr_par' dir='ltr' id='par_1_69' title="bbox 213 3664 1793 3738">
     <span class='ocr_line' id='line_1_69' title="bbox 213 3664 1793 3738; baseline 0.013 -23"><span class='ocrx_word' id='word_1_539' title='bbox 213 3664 372 3716; x_wconf 82' lang='grc' dir='ltr'>Τῖτον</span> <span class='ocrx_word' id='word_1_540' title='bbox 404 3665 528 3735; x_wconf 80' lang='grc' dir='ltr'>ὑμῖν</span> <span class='ocrx_word' id='word_1_541' title='bbox 566 3668 921 3738; x_wconf 74' lang='grc' dir='ltr'>γνωρίζομεν,</span> <span class='ocrx_word' id='word_1_542' title='bbox 957 3671 1051 3724; x_wconf 74' lang='grc' dir='ltr'><strong>καὶ</strong></span> <span class='ocrx_word' id='word_1_543' title='bbox 1091 3672 1322 3738; x_wconf 80' lang='grc' dir='ltr'>Λουκᾶν,</span> <span class='ocrx_word' id='word_1_544' title='bbox 1379 3675 1586 3732; x_wconf 84' lang='grc' dir='ltr'>Ἰάσονά</span> <span class='ocrx_word' id='word_1_545' title='bbox 1606 3697 1663 3732; x_wconf 86' lang='grc' dir='ltr'><strong>τε</strong></span> <span class='ocrx_word' id='word_1_546' title='bbox 1701 3683 1793 3735; x_wconf 70' lang='grc' dir='ltr'><strong>καὶ</strong></span> 
     </span>
    </p>
   </div>
   <div class='ocr_carea' id='block_1_70' title="bbox 213 3754 1793 3844">
    <p class='ocr_par' dir='ltr' id='par_1_70' title="bbox 213 3754 1793 3844">
     <span class='ocr_line' id='line_1_70' title="bbox 213 3754 1793 3844; baseline 0.012 -35"><span class='ocrx_word' id='word_1_547' title='bbox 213 3754 462 3820; x_wconf 81' lang='grc' dir='ltr'>Λούκιον,</span> <span class='ocrx_word' id='word_1_548' title='bbox 498 3758 591 3811; x_wconf 72' lang='grc' dir='ltr'><strong>καὶ</strong></span> <span class='ocrx_word' id='word_1_549' title='bbox 621 3760 968 3834; x_wconf 88' lang='grc' dir='ltr'>Σωσίπατρον</span> <span class='ocrx_word' id='word_1_550' title='bbox 988 3779 1000 3793; x_wconf 88' lang='grc'><strong>·</strong></span> <span class='ocrx_word' id='word_1_551' title='bbox 1031 3764 1097 3817; x_wconf 74' lang='grc' dir='ltr'>δι’</span> <span class='ocrx_word' id='word_1_552' title='bbox 1137 3757 1210 3818; x_wconf 79' lang='grc' dir='ltr'>ὧν</span> <span class='ocrx_word' id='word_1_553' title='bbox 1240 3769 1333 3820; x_wconf 73' lang='grc' dir='ltr'><strong>καὶ</strong></span> <span class='ocrx_word' id='word_1_554' title='bbox 1371 3772 1793 3844; x_wconf 77' lang='grc' dir='ltr'>παρακαλοῦμεν</span> 
     </span>
    </p>
   </div>
   <div class='ocr_carea' id='block_1_71' title="bbox 215 3846 1795 3933">
    <p class='ocr_par' dir='ltr' id='par_1_71' title="bbox 215 3846 1795 3933">
     <span class='ocr_line' id='line_1_71' title="bbox 215 3846 1795 3933; baseline 0.012 -34"><span class='ocrx_word' id='word_1_555' title='bbox 215 3846 362 3917; x_wconf 76' lang='grc' dir='ltr'>ὑμᾶς</span> <span class='ocrx_word' id='word_1_556' title='bbox 409 3849 466 3902; x_wconf 78' lang='grc' dir='ltr'>ὲν</span> <span class='ocrx_word' id='word_1_557' title='bbox 513 3851 730 3923; x_wconf 86' lang='grc' dir='ltr'>Κυρίῳ,</span> <span class='ocrx_word' id='word_1_558' title='bbox 768 3853 1067 3926; x_wconf 79' lang='grc' dir='ltr'>ἀπέχεσθαι</span> <span class='ocrx_word' id='word_1_559' title='bbox 1095 3858 1329 3923; x_wconf 78' lang='grc' dir='ltr'>παλαιᾶς</span> <span class='ocrx_word' id='word_1_560' title='bbox 1360 3861 1664 3933; x_wconf 87' lang='grc' dir='ltr'>συνηθείας,</span> <span class='ocrx_word' id='word_1_561' title='bbox 1710 3866 1795 3918; x_wconf 89' lang='grc' dir='ltr'>δε-</span> 
     </span>
    </p>
   </div>
   <div class='ocr_carea' id='block_1_72' title="bbox 219 3938 1793 4028">
    <p class='ocr_par' dir='ltr' id='par_1_72' title="bbox 219 3938 1793 4028">
     <span class='ocr_line' id='line_1_72' title="bbox 219 3938 1793 4028; baseline 0.013 -38"><span class='ocrx_word' id='word_1_562' title='bbox 219 3938 371 4009; x_wconf 87' lang='grc' dir='ltr'>σμῶν</span> <span class='ocrx_word' id='word_1_563' title='bbox 400 3942 637 4010; x_wconf 86' lang='grc' dir='ltr'>ματαίων</span> <span class='ocrx_word' id='word_1_564' title='bbox 659 3984 671 4008; x_wconf 94' lang='grc'><strong>,</strong></span> <span class='ocrx_word' id='word_1_565' title='bbox 714 3945 1051 4017; x_wconf 75' lang='grc' dir='ltr'>άςρορισμῶν,</span> <span class='ocrx_word' id='word_1_566' title='bbox 1087 3955 1538 4024; x_wconf 84' lang='grc' dir='ltr'>παρατηρήσεων,</span> <span class='ocrx_word' id='word_1_567' title='bbox 1567 3956 1793 4028; x_wconf 69' lang='grc' dir='ltr'>βρωμάοο</span> 
     </span>
    </p>
   </div>
   <div class='ocr_carea' id='block_1_73' title="bbox 214 4031 1788 4119">
    <p class='ocr_par' dir='ltr' id='par_1_73' title="bbox 214 4031 1788 4119">
     <span class='ocr_line' id='line_1_73' title="bbox 214 4031 1788 4119; baseline 0.013 -38"><span class='ocrx_word' id='word_1_568' title='bbox 214 4047 323 4082; x_wconf 92' lang='grc' dir='ltr'><strong>των</strong></span> <span class='ocrx_word' id='word_1_569' title='bbox 393 4031 697 4104; x_wconf 78' lang='grc' dir='ltr'>διορισμοῦ,</span> <span class='ocrx_word' id='word_1_570' title='bbox 764 4035 1152 4109; x_wconf 85' lang='grc' dir='ltr'>βαπτισμάτων</span> <span class='ocrx_word' id='word_1_571' title='bbox 1213 4043 1322 4116; x_wconf 85' lang='grc' dir='ltr'><strong>(Η)</strong></span> <span class='ocrx_word' id='word_1_572' title='bbox 1391 4046 1788 4119; x_wconf 61' lang='grc' dir='ltr'>καθημερινιῖω.</span> 
     </span>
    </p>
   </div>
   <div class='ocr_carea' id='block_1_74' title="bbox 732 4311 1262 4373">
    <p class='ocr_par' dir='ltr' id='par_1_74' title="bbox 732 4311 1262 4373">
     <span class='ocr_line' id='line_1_74' title="bbox 732 4311 1262 4373; baseline 0.013 -7"><span class='ocrx_word' id='word_1_573' title='bbox 732 4311 1127 4373; x_wconf 81' lang='grc' dir='ltr'><strong>ΚΕΦΑΛΑΙΟΝ</strong></span> <span class='ocrx_word' id='word_1_574' title='bbox 1164 4317 1262 4373; x_wconf 71' lang='grc' dir='ltr'><strong>ΙΘν.</strong></span> 
     </span>
    </p>
   </div>
   <div class='ocr_carea' id='block_1_75' title="bbox 455 4400 1552 4482">
    <p class='ocr_par' dir='ltr' id='par_1_75' title="bbox 455 4400 1552 4482">
     <span class='ocr_line' id='line_1_75' title="bbox 455 4400 1552 4482; baseline 0.013 -28"><span class='ocrx_word' id='word_1_575' title='bbox 455 4401 608 4470; x_wconf 83' lang='grc' dir='ltr'>Πρὸς</span> <span class='ocrx_word' id='word_1_576' title='bbox 634 4400 746 4474; x_wconf 74' lang='grc'><strong>(12)</strong></span> <span class='ocrx_word' id='word_1_577' title='bbox 774 4404 1167 4474; x_wconf 66' lang='grc' dir='ltr'>φαυλίῖοντας</span> <span class='ocrx_word' id='word_1_578' title='bbox 1203 4409 1308 4464; x_wconf 81' lang='grc' dir='ltr'><strong>τὸν</strong></span> <span class='ocrx_word' id='word_1_579' title='bbox 1349 4412 1552 4482; x_wconf 74' lang='grc' dir='ltr'>νόμον.</span> 
     </span>
    </p>
   </div>
   <div class='ocr_carea' id='block_1_76' title="bbox 1895 3212 3469 3282">
    <p class='ocr_par' dir='ltr' id='par_1_76' title="bbox 1895 3212 3469 3282">
     <span class='ocr_line' id='line_1_76' title="bbox 1895 3212 3469 3282; baseline -0.003 -13"><span class='ocrx_word' id='word_1_580' title='bbox 1895 3225 2299 3270; x_wconf 87' lang='lat' dir='ltr'><strong>monumentum</strong></span> <span class='ocrx_word' id='word_1_581' title='bbox 2330 3214 2790 3269; x_wconf 89' lang='lat' dir='ltr'><strong>corroborationis</strong></span> <span class='ocrx_word' id='word_1_582' title='bbox 2842 3228 3031 3267; x_wconf 83' lang='lat' dir='ltr'><strong>eorum</strong></span> <span class='ocrx_word' id='word_1_583' title='bbox 3071 3214 3162 3282; x_wconf 88' lang='lat' dir='ltr'><strong>qui</strong></span> <span class='ocrx_word' id='word_1_584' title='bbox 3213 3212 3321 3266; x_wconf 91' lang='lat' dir='ltr'><strong>Deo</strong></span> <span class='ocrx_word' id='word_1_585' title='bbox 3351 3227 3469 3266; x_wconf 87' lang='lat' dir='ltr'><strong>cre-</strong></span> 
     </span>
    </p>
   </div>
   <div class='ocr_carea' id='block_1_77' title="bbox 1894 3305 3469 3375">
    <p class='ocr_par' dir='ltr' id='par_1_77' title="bbox 1894 3305 3469 3375">
     <span class='ocr_line' id='line_1_77' title="bbox 1894 3305 3469 3375; baseline -0.004 -13"><span class='ocrx_word' id='word_1_586' title='bbox 1894 3308 2148 3362; x_wconf 86' lang='lat' dir='ltr'><strong>diderunt</strong></span> <span class='ocrx_word' id='word_1_587' title='bbox 2185 3326 2197 3361; x_wconf 90' lang='lat'><strong>:</strong></span> <span class='ocrx_word' id='word_1_588' title='bbox 2241 3321 2402 3375; x_wconf 90' lang='lat' dir='ltr'><strong>quam</strong></span> <span class='ocrx_word' id='word_1_589' title='bbox 2453 3305 2703 3360; x_wconf 88' lang='lat' dir='ltr'><strong>misimus</strong></span> <span class='ocrx_word' id='word_1_590' title='bbox 2758 3320 2853 3375; x_wconf 90' lang='lat' dir='ltr'><strong>per</strong></span> <span class='ocrx_word' id='word_1_591' title='bbox 2897 3305 3328 3359; x_wconf 87' lang='lat' dir='ltr'><strong>comministrum</strong></span> <span class='ocrx_word' id='word_1_592' title='bbox 3371 3319 3469 3356; x_wconf 87' lang='lat' dir='ltr'><strong>no-</strong></span> 
     </span>
    </p>
   </div>
   <div class='ocr_carea' id='block_1_78' title="bbox 1895 3395 3476 3455">
    <p class='ocr_par' dir='ltr' id='par_1_78' title="bbox 1895 3395 3476 3455">
     <span class='ocr_line' id='line_1_78' title="bbox 1895 3395 3476 3455; baseline -0.004 0"><span class='ocrx_word' id='word_1_593' title='bbox 1895 3410 2065 3455; x_wconf 89' lang='lat' dir='ltr'><strong>strum</strong></span> <span class='ocrx_word' id='word_1_594' title='bbox 2089 3399 2419 3452; x_wconf 76' lang='lat' dir='ltr'><strong>Clementem</strong></span> <span class='ocrx_word' id='word_1_595' title='bbox 2452 3395 2824 3452; x_wconf 77' lang='lat' dir='ltr'><strong>ﬁdelissimum</strong></span> <span class='ocrx_word' id='word_1_596' title='bbox 2853 3412 2915 3450; x_wconf 90' lang='lat' dir='ltr'><strong>ac</strong></span> <span class='ocrx_word' id='word_1_597' title='bbox 2959 3397 3267 3450; x_wconf 88' lang='lat' dir='ltr'><strong>unanimem</strong></span> <span class='ocrx_word' id='word_1_598' title='bbox 3300 3395 3476 3449; x_wconf 79' lang='lat' dir='ltr'><strong>lilium</strong></span> 
     </span>
    </p>
   </div>
   <div class='ocr_carea' id='block_1_79' title="bbox 1895 3487 3470 3557">
    <p class='ocr_par' dir='ltr' id='par_1_79' title="bbox 1895 3487 3470 3557">
     <span class='ocr_line' id='line_1_79' title="bbox 1895 3487 3470 3557; baseline -0.004 -11"><span class='ocrx_word' id='word_1_599' title='bbox 1895 3502 2140 3546; x_wconf 87' lang='lat' dir='ltr'><strong>nostrum</strong></span> <span class='ocrx_word' id='word_1_600' title='bbox 2166 3491 2218 3543; x_wconf 87' lang='lat' dir='ltr'><strong>in</strong></span> <span class='ocrx_word' id='word_1_601' title='bbox 2247 3489 2494 3552; x_wconf 87' lang='lat' dir='ltr'><strong>Domino,</strong></span> <span class='ocrx_word' id='word_1_602' title='bbox 2523 3503 2629 3542; x_wconf 88' lang='lat' dir='ltr'><strong>una</strong></span> <span class='ocrx_word' id='word_1_603' title='bbox 2655 3503 2779 3542; x_wconf 91' lang='lat' dir='ltr'><strong>cum</strong></span> <span class='ocrx_word' id='word_1_604' title='bbox 2810 3487 3074 3551; x_wconf 85' lang='lat' dir='ltr'><strong>Barnaba,</strong></span> <span class='ocrx_word' id='word_1_605' title='bbox 3099 3494 3151 3542; x_wconf 89' lang='lat' dir='ltr'><strong>et</strong></span> <span class='ocrx_word' id='word_1_606' title='bbox 3174 3488 3470 3557; x_wconf 76' lang='lat' dir='ltr'><strong>emptatis-</strong></span> 
     </span>
    </p>
   </div>
   <div class='ocr_carea' id='block_1_80' title="bbox 1895 3579 3470 3649">
    <p class='ocr_par' dir='ltr' id='par_1_80' title="bbox 1895 3579 3470 3649">
     <span class='ocr_line' id='line_1_80' title="bbox 1895 3579 3470 3649; baseline -0.002 -12"><span class='ocrx_word' id='word_1_607' title='bbox 1895 3586 2034 3638; x_wconf 90' lang='lat' dir='ltr'><strong>simo</strong></span> <span class='ocrx_word' id='word_1_608' title='bbox 2066 3584 2172 3637; x_wconf 78' lang='lat' dir='ltr'><strong>ﬁlio</strong></span> <span class='ocrx_word' id='word_1_609' title='bbox 2205 3581 2508 3644; x_wconf 88' lang='lat' dir='ltr'><strong>Timotheo,</strong></span> <span class='ocrx_word' id='word_1_610' title='bbox 2542 3588 2595 3635; x_wconf 91' lang='lat' dir='ltr'><strong>et</strong></span> <span class='ocrx_word' id='word_1_611' title='bbox 2635 3579 2814 3635; x_wconf 86' lang='lat' dir='ltr'><strong>Marco</strong></span> <span class='ocrx_word' id='word_1_612' title='bbox 2849 3588 3073 3644; x_wconf 87' lang='lat' dir='ltr'><strong>nostro;</strong></span> <span class='ocrx_word' id='word_1_613' title='bbox 3108 3594 3232 3633; x_wconf 85' lang='lat' dir='ltr'><strong>cum</strong></span> <span class='ocrx_word' id='word_1_614' title='bbox 3271 3580 3470 3649; x_wconf 88' lang='lat' dir='ltr'><strong>quibus</strong></span> 
     </span>
    </p>
   </div>
   <div class='ocr_carea' id='block_1_81' title="bbox 1895 3671 3466 3736">
    <p class='ocr_par' dir='ltr' id='par_1_81' title="bbox 1895 3671 3466 3736">
     <span class='ocr_line' id='line_1_81' title="bbox 1895 3671 3466 3736; baseline -0.003 -6"><span class='ocrx_word' id='word_1_615' title='bbox 1895 3685 2053 3730; x_wconf 86' lang='lat' dir='ltr'><strong>notos</strong></span> <span class='ocrx_word' id='word_1_616' title='bbox 2089 3690 2152 3729; x_wconf 89' lang='lat' dir='ltr'><strong>ac</strong></span> <span class='ocrx_word' id='word_1_617' title='bbox 2181 3674 2586 3728; x_wconf 83' lang='lat' dir='ltr'><strong>commendatos</strong></span> <span class='ocrx_word' id='word_1_618' title='bbox 2627 3673 2781 3728; x_wconf 83' lang='lat' dir='ltr'><strong>vobis</strong></span> <span class='ocrx_word' id='word_1_619' title='bbox 2809 3688 2928 3727; x_wconf 88' lang='lat' dir='ltr'><strong>esse</strong></span> <span class='ocrx_word' id='word_1_620' title='bbox 2967 3674 3234 3736; x_wconf 79' lang='lat' dir='ltr'><strong>volumus,</strong></span> <span class='ocrx_word' id='word_1_621' title='bbox 3261 3671 3466 3734; x_wconf 84' lang='lat' dir='ltr'><strong>Titum,</strong></span> 
     </span>
    </p>
   </div>
   <div class='ocr_carea' id='block_1_82' title="bbox 1897 3763 3474 3833">
    <p class='ocr_par' dir='ltr' id='par_1_82' title="bbox 1897 3763 3474 3833">
     <span class='ocr_line' id='line_1_82' title="bbox 1897 3763 3474 3833; baseline -0.008 -11"><span class='ocrx_word' id='word_1_622' title='bbox 1897 3768 2117 3830; x_wconf 87' lang='lat' dir='ltr'><strong>Lucam,</strong></span> <span class='ocrx_word' id='word_1_623' title='bbox 2169 3764 2445 3828; x_wconf 82' lang='lat' dir='ltr'><strong>.lasonem,</strong></span> <span class='ocrx_word' id='word_1_624' title='bbox 2505 3764 2729 3819; x_wconf 90' lang='lat' dir='ltr'><strong>Lucium</strong></span> <span class='ocrx_word' id='word_1_625' title='bbox 2778 3773 2830 3818; x_wconf 92' lang='lat' dir='ltr'><strong>et</strong></span> <span class='ocrx_word' id='word_1_626' title='bbox 2877 3763 3214 3832; x_wconf 86' lang='lat' dir='ltr'><strong>Sosipatrum</strong></span> <span class='ocrx_word' id='word_1_627' title='bbox 3254 3764 3328 3828; x_wconf 63' lang='lat' dir='ltr'><strong>7‘l;</strong></span> <span class='ocrx_word' id='word_1_628' title='bbox 3377 3780 3474 3833; x_wconf 69' lang='lat' dir='ltr'><strong>per</strong></span> 
     </span>
    </p>
   </div>
   <div class='ocr_carea' id='block_1_83' title="bbox 1894 3855 3470 3931">
    <p class='ocr_par' dir='ltr' id='par_1_83' title="bbox 1894 3855 3470 3931">
     <span class='ocr_line' id='line_1_83' title="bbox 1894 3855 3470 3931; baseline -0.003 -16"><span class='ocrx_word' id='word_1_629' title='bbox 1894 3875 2033 3931; x_wconf 90' lang='lat' dir='ltr'><strong>quos</strong></span> <span class='ocrx_word' id='word_1_630' title='bbox 2057 3867 2110 3914; x_wconf 92' lang='lat' dir='ltr'><strong>et</strong></span> <span class='ocrx_word' id='word_1_631' title='bbox 2140 3859 2420 3913; x_wconf 87' lang='lat' dir='ltr'><strong>hortamur</strong></span> <span class='ocrx_word' id='word_1_632' title='bbox 2452 3872 2546 3913; x_wconf 86' lang='lat' dir='ltr'><strong>vos</strong></span> <span class='ocrx_word' id='word_1_633' title='bbox 2577 3859 2630 3912; x_wconf 90' lang='lat' dir='ltr'><strong>in</strong></span> <span class='ocrx_word' id='word_1_634' title='bbox 2664 3855 2914 3919; x_wconf 88' lang='lat' dir='ltr'><strong>Domino,</strong></span> <span class='ocrx_word' id='word_1_635' title='bbox 2943 3865 2999 3910; x_wconf 90' lang='lat' dir='ltr'><strong>ut</strong></span> <span class='ocrx_word' id='word_1_636' title='bbox 3030 3858 3346 3910; x_wconf 80' lang='lat' dir='ltr'><strong>abstineatis</strong></span> <span class='ocrx_word' id='word_1_637' title='bbox 3380 3873 3470 3910; x_wconf 82' lang='lat' dir='ltr'><strong>vc—</strong></span> 
     </span>
    </p>
   </div>
   <div class='ocr_carea' id='block_1_84' title="bbox 1893 3948 3466 4018">
    <p class='ocr_par' dir='ltr' id='par_1_84' title="bbox 1893 3948 3466 4018">
     <span class='ocr_line' id='line_1_84' title="bbox 1893 3948 3466 4018; baseline -0.003 -12"><span class='ocrx_word' id='word_1_638' title='bbox 1893 3960 2009 4008; x_wconf 90' lang='lat' dir='ltr'><strong>tere</strong></span> <span class='ocrx_word' id='word_1_639' title='bbox 2055 3951 2467 4010; x_wconf 85' lang='lat' dir='ltr'><strong>consuetudine.</strong></span> <span class='ocrx_word' id='word_1_640' title='bbox 2509 3952 2664 4004; x_wconf 90' lang='lat' dir='ltr'><strong>vanis</strong></span> <span class='ocrx_word' id='word_1_641' title='bbox 2721 3950 2975 4013; x_wconf 84' lang='lat' dir='ltr'><strong>vinculis,</strong></span> <span class='ocrx_word' id='word_1_642' title='bbox 3010 3948 3466 4018; x_wconf 79' lang='lat' dir='ltr'><strong>scparationibus,</strong></span> 
     </span>
    </p>
   </div>
   <div class='ocr_carea' id='block_1_85' title="bbox 1893 4041 3466 4110">
    <p class='ocr_par' dir='ltr' id='par_1_85' title="bbox 1893 4041 3466 4110">
     <span class='ocr_line' id='line_1_85' title="bbox 1893 4041 3466 4110; baseline -0.004 -12"><span class='ocrx_word' id='word_1_643' title='bbox 1893 4043 2384 4110; x_wconf 82' lang='lat' dir='ltr'><strong>observationibus,</strong></span> <span class='ocrx_word' id='word_1_644' title='bbox 2432 4043 2677 4098; x_wconf 87' lang='lat' dir='ltr'><strong>ciborum</strong></span> <span class='ocrx_word' id='word_1_645' title='bbox 2714 4042 3080 4104; x_wconf 76' lang='lat' dir='ltr'><strong>distinctinne,</strong></span> <span class='ocrx_word' id='word_1_646' title='bbox 3124 4041 3466 4110; x_wconf 83' lang='lat' dir='ltr'><strong>baptismati-</strong></span> 
     </span>
    </p>
   </div>
   <div class='ocr_carea' id='block_1_86' title="bbox 1807 4133 3471 4209">
    <p class='ocr_par' dir='ltr' id='par_1_86' title="bbox 1807 4133 3471 4209">
     <span class='ocr_line' id='line_1_86' title="bbox 1807 4133 3471 4209; baseline -0.004 -17"><span class='ocrx_word' id='word_1_647' title='bbox 1807 4183 1819 4192; x_wconf 89' lang='lat'><strong><em>.</em></strong></span> <span class='ocrx_word' id='word_1_648' title='bbox 1894 4137 1995 4193; x_wconf 88' lang='lat' dir='ltr'><strong>bus</strong></span> <span class='ocrx_word' id='word_1_649' title='bbox 2033 4136 2384 4209; x_wconf 85' lang='lat' dir='ltr'><strong>quotidianis.</strong></span> <span class='ocrx_word' id='word_1_650' title='bbox 2437 4134 2570 4188; x_wconf 84' lang='lat' dir='ltr'><strong>Nam</strong></span> <span class='ocrx_word' id='word_1_651' title='bbox 2627 4154 2645 4186; x_wconf 78' lang='grc' dir='ltr'><strong>ι</strong></span> <span class='ocrx_word' id='word_1_652' title='bbox 2697 4143 2874 4191; x_wconf 79' lang='lat' dir='ltr'><strong>vetera</strong></span> <span class='ocrx_word' id='word_1_653' title='bbox 2924 4133 3294 4199; x_wconf 86' lang='lat' dir='ltr'><strong>transierunt;</strong></span> <span class='ocrx_word' id='word_1_654' title='bbox 3342 4148 3471 4187; x_wconf 84' lang='lat' dir='ltr'><strong>ecce</strong></span> 
     </span>
    </p>
   </div>
   <div class='ocr_carea' id='block_1_87' title="bbox 1895 4227 2714 4285">
    <p class='ocr_par' dir='ltr' id='par_1_87' title="bbox 1895 4227 2714 4285">
     <span class='ocr_line' id='line_1_87' title="bbox 1895 4227 2714 4285; baseline -0.007 0"><span class='ocrx_word' id='word_1_655' title='bbox 1895 4228 2035 4285; x_wconf 66' lang='lat' dir='ltr'><strong>facta</strong></span> <span class='ocrx_word' id='word_1_656' title='bbox 2067 4238 2193 4285; x_wconf 83' lang='lat' dir='ltr'><strong>snnt</strong></span> <span class='ocrx_word' id='word_1_657' title='bbox 2219 4229 2402 4284; x_wconf 89' lang='lat' dir='ltr'><strong>omnia</strong></span> <span class='ocrx_word' id='word_1_658' title='bbox 2429 4243 2566 4282; x_wconf 89' lang='lat' dir='ltr'><strong>nova</strong></span> <span class='ocrx_word' id='word_1_659' title='bbox 2589 4227 2657 4283; x_wconf 86' lang='lat'><strong>&quot;.</strong></span> <span class='ocrx_word' id='word_1_660' title='bbox 2697 4246 2714 4279; x_wconf 74' lang='grc' dir='ltr'><strong>ι</strong></span> 
     </span>
    </p>
   </div>
   <div class='ocr_carea' id='block_1_88' title="bbox 2476 4317 2888 4375">
    <p class='ocr_par' dir='ltr' id='par_1_88' title="bbox 2476 4317 2888 4375">
     <span class='ocr_line' id='line_1_88' title="bbox 2476 4317 2888 4375; baseline -0.007 0"><span class='ocrx_word' id='word_1_661' title='bbox 2476 4317 2705 4375; x_wconf 86' lang='lat' dir='ltr'><strong>CAPUT</strong></span> <span class='ocrx_word' id='word_1_662' title='bbox 2748 4317 2888 4372; x_wconf 70' lang='lat' dir='ltr'><strong>XIX.</strong></span> 
     </span>
    </p>
   </div>
   <div class='ocr_carea' id='block_1_89' title="bbox 2283 4409 3081 4480">
    <p class='ocr_par' dir='ltr' id='par_1_89' title="bbox 2283 4409 3081 4480">
     <span class='ocr_line' id='line_1_89' title="bbox 2283 4409 3081 4480; baseline -0.005 -13"><span class='ocrx_word' id='word_1_663' title='bbox 2283 4411 2482 4468; x_wconf 77' lang='lat' dir='ltr'><strong>Contra</strong></span> <span class='ocrx_word' id='word_1_664' title='bbox 2512 4410 2860 4480; x_wconf 76' lang='lat' dir='ltr'><strong>improbantes</strong></span> <span class='ocrx_word' id='word_1_665' title='bbox 2905 4409 3081 4479; x_wconf 72' lang='lat' dir='ltr'><strong>legem.</strong></span> 
     </span>
    </p>
   </div>
   <div class='ocr_carea' id='block_1_90' title="bbox 289 4488 1790 4581">
    <p class='ocr_par' dir='ltr' id='par_1_90' title="bbox 289 4491 1790 4581">
     <span class='ocr_line' id='line_1_90' title="bbox 289 4491 1790 4581; baseline 0.013 -37"><span class='ocrx_word' id='word_1_666' title='bbox 289 4491 510 4557; x_wconf 88' lang='grc' dir='ltr'>Γνόντες</span> <span class='ocrx_word' id='word_1_667' title='bbox 535 4494 642 4566; x_wconf 78' lang='grc' dir='ltr'><strong>γάρ</strong></span> <span class='ocrx_word' id='word_1_668' title='bbox 666 4495 795 4549; x_wconf 78' lang='grc' dir='ltr'>Θεὸν</span> <span class='ocrx_word' id='word_1_669' title='bbox 824 4497 912 4550; x_wconf 81' lang='grc' dir='ltr'><strong>διά</strong></span> <span class='ocrx_word' id='word_1_670' title='bbox 941 4499 1114 4570; x_wconf 87' lang='grc' dir='ltr'>Ἰησοῦ</span> <span class='ocrx_word' id='word_1_671' title='bbox 1137 4503 1392 4574; x_wconf 84' lang='grc' dir='ltr'>Χριστοῦ,</span> <span class='ocrx_word' id='word_1_672' title='bbox 1423 4506 1512 4560; x_wconf 77' lang='grc' dir='ltr'><strong>καὶ</strong></span> <span class='ocrx_word' id='word_1_673' title='bbox 1534 4506 1633 4579; x_wconf 79' lang='grc' dir='ltr'>τὴν</span> <span class='ocrx_word' id='word_1_674' title='bbox 1664 4509 1790 4581; x_wconf 86' lang='grc' dir='ltr'>σύμ·</span> 
     </span>
    </p>
   </div>
   <div class='ocr_carea' id='block_1_91' title="bbox 1889 4488 3471 4581">
    <p class='ocr_par' dir='ltr' id='par_1_91' title="bbox 1973 4503 3471 4576">
     <span class='ocr_line' id='line_1_91' title="bbox 1973 4503 3471 4576; baseline -0.003 -17"><span class='ocrx_word' id='word_1_675' title='bbox 1973 4504 2141 4562; x_wconf 81' lang='lat' dir='ltr'><strong>Deum</strong></span> <span class='ocrx_word' id='word_1_676' title='bbox 2168 4507 2311 4562; x_wconf 89' lang='lat' dir='ltr'><strong>enim</strong></span> <span class='ocrx_word' id='word_1_677' title='bbox 2344 4521 2438 4576; x_wconf 87' lang='lat' dir='ltr'><strong>per</strong></span> <span class='ocrx_word' id='word_1_678' title='bbox 2457 4503 2642 4560; x_wconf 73' lang='lat' dir='ltr'><strong>Iesum</strong></span> <span class='ocrx_word' id='word_1_679' title='bbox 2672 4503 2946 4558; x_wconf 81' lang='lat' dir='ltr'><strong>ChriStum</strong></span> <span class='ocrx_word' id='word_1_680' title='bbox 2976 4503 3328 4571; x_wconf 78' lang='lat' dir='ltr'><strong>cognovistis,</strong></span> <span class='ocrx_word' id='word_1_681' title='bbox 3354 4516 3471 4555; x_wconf 91' lang='lat' dir='ltr'><strong>om-</strong></span> 
     </span>
    </p>
   </div>
   <div class='ocr_carea' id='block_1_92' title="bbox 219 4585 1793 4670">
    <p class='ocr_par' dir='ltr' id='par_1_92' title="bbox 219 4585 1793 4670">
     <span class='ocr_line' id='line_1_92' title="bbox 219 4585 1793 4670; baseline 0.011 -33"><span class='ocrx_word' id='word_1_682' title='bbox 219 4600 398 4638; x_wconf 78' lang='grc' dir='ltr'>τεασαν</span> <span class='ocrx_word' id='word_1_683' title='bbox 439 4585 601 4640; x_wconf 82' lang='grc' dir='ltr'>αὐτοῦ</span> <span class='ocrx_word' id='word_1_684' title='bbox 644 4589 951 4659; x_wconf 78' lang='grc' dir='ltr'>οἰκονομίαν</span> <span class='ocrx_word' id='word_1_685' title='bbox 1000 4591 1235 4663; x_wconf 78' lang='grc' dir='ltr'>ἀρχῆθεν</span> <span class='ocrx_word' id='word_1_686' title='bbox 1277 4598 1665 4670; x_wconf 85' lang='grc' dir='ltr'>γεγενημένην,</span> <span class='ocrx_word' id='word_1_687' title='bbox 1713 4602 1793 4655; x_wconf 82' lang='grc' dir='ltr'>ὅτι</span> 
     </span>
    </p>
   </div>
   <div class='ocr_carea' id='block_1_93' title="bbox 217 4671 1794 4756">
    <p class='ocr_par' dir='ltr' id='par_1_93' title="bbox 217 4671 1794 4756">
     <span class='ocr_line' id='line_1_93' title="bbox 217 4671 1794 4756; baseline 0.011 -29"><span class='ocrx_word' id='word_1_688' title='bbox 217 4675 445 4728; x_wconf 66' lang='grc' dir='ltr'>δέδωκεν</span> <span class='ocrx_word' id='word_1_689' title='bbox 465 4677 626 4747; x_wconf 90' lang='grc' dir='ltr'>νόμον</span> <span class='ocrx_word' id='word_1_690' title='bbox 647 4671 847 4732; x_wconf 80' lang='grc' dir='ltr'>ἁπλοῦν</span> <span class='ocrx_word' id='word_1_691' title='bbox 872 4682 951 4744; x_wconf 86' lang='grc' dir='ltr'><strong>είς</strong></span> <span class='ocrx_word' id='word_1_692' title='bbox 974 4680 1223 4754; x_wconf 80' lang='grc' dir='ltr'>βοήθειαν</span> <span class='ocrx_word' id='word_1_693' title='bbox 1245 4686 1337 4739; x_wconf 91' lang='grc' dir='ltr'><strong>τοῦ</strong></span> <span class='ocrx_word' id='word_1_694' title='bbox 1361 4690 1606 4756; x_wconf 85' lang='grc' dir='ltr'>φυσικοῦ,</span> <span class='ocrx_word' id='word_1_695' title='bbox 1627 4691 1794 4745; x_wconf 85' lang='grc' dir='ltr'>καθα-</span> 
     </span>
    </p>
   </div>
   <div class='ocr_carea' id='block_1_94' title="bbox 221 4766 1796 4851">
    <p class='ocr_par' dir='ltr' id='par_1_94' title="bbox 221 4766 1796 4851">
     <span class='ocr_line' id='line_1_94' title="bbox 221 4766 1796 4851; baseline 0.011 -34"><span class='ocrx_word' id='word_1_696' title='bbox 221 4768 334 4838; x_wconf 78' lang='grc' dir='ltr'>ρὸν,</span> <span class='ocrx_word' id='word_1_697' title='bbox 369 4770 651 4842; x_wconf 82' lang='grc' dir='ltr'>σωτήριον,</span> <span class='ocrx_word' id='word_1_698' title='bbox 684 4770 853 4839; x_wconf 77' lang='grc' dir='ltr'>ἅγιον,</span> <span class='ocrx_word' id='word_1_699' title='bbox 877 4771 935 4826; x_wconf 77' lang='grc' dir='ltr'>ὲν</span> <span class='ocrx_word' id='word_1_700' title='bbox 963 4766 1007 4841; x_wconf 82' lang='grc' dir='ltr'>ᾧ</span> <span class='ocrx_word' id='word_1_701' title='bbox 1036 4774 1126 4827; x_wconf 78' lang='grc' dir='ltr'><strong>καὶ</strong></span> <span class='ocrx_word' id='word_1_702' title='bbox 1153 4775 1212 4828; x_wconf 85' lang='grc' dir='ltr'><strong>τὸ</strong></span> <span class='ocrx_word' id='word_1_703' title='bbox 1238 4775 1367 4831; x_wconf 75' lang='grc' dir='ltr'>ἴδιον</span> <span class='ocrx_word' id='word_1_704' title='bbox 1393 4778 1562 4851; x_wconf 80' lang='grc' dir='ltr'>δνομα</span> <span class='ocrx_word' id='word_1_705' title='bbox 1597 4782 1796 4850; x_wconf 78' lang='grc' dir='ltr'>ἐγκατ-</span> 
     </span>
    </p>
   </div>
   <div class='ocr_carea' id='block_1_95' title="bbox 324 4907 1790 4994">
    <p class='ocr_par' dir='ltr' id='par_1_95' title="bbox 324 4907 1790 4994">
     <span class='ocr_line' id='line_1_95' title="bbox 324 4907 1790 4994; baseline 0.01 -32"><span class='ocrx_word' id='word_1_706' title='bbox 324 4907 367 4938; x_wconf 85' lang='grc'>⁶⁶</span> <span class='ocrx_word' id='word_1_707' title='bbox 395 4908 449 4963; x_wconf 90' lang='lat' dir='ltr'><strong>in</strong></span> <span class='ocrx_word' id='word_1_708' title='bbox 494 4909 1026 4994; x_wconf 64' lang='lat' dir='ltr'><strong>Anastasio_ad_ditur</strong></span> <span class='ocrx_word' id='word_1_709' title='bbox 1055 4915 1146 4967; x_wconf 71' lang='grc' dir='ltr'><strong>καὶ</strong></span> <span class='ocrx_word' id='word_1_710' title='bbox 1189 4914 1334 4994; x_wconf 69' lang='grc' dir='ltr'>λόγοι</span> <span class='ocrx_word' id='word_1_711' title='bbox 1369 4919 1536 4994; x_wconf 51' lang='grc' dir='ltr'>-καλοὶ</span> <span class='ocrx_word' id='word_1_712' title='bbox 1574 4922 1790 4994; x_wconf 73' lang='grc' dir='ltr'>εὑρέθης</span> 
     </span>
    </p>
   </div>
   <div class='ocr_carea' id='block_1_96' title="bbox 1889 4907 2494 4994">
    <p class='ocr_par' dir='ltr' id='par_1_96' title="bbox 1905 4919 2494 4994">
     <span class='ocr_line' id='line_1_96' title="bbox 1905 4919 2494 4994; baseline -0.002 -20"><span class='ocrx_word' id='word_1_713' title='bbox 1905 4923 1961 4975; x_wconf 79' lang='grc' dir='ltr'>ὲν</span> <span class='ocrx_word' id='word_1_714' title='bbox 2001 4923 2141 4994; x_wconf 28' lang='lat' dir='ltr'><strong>col.”</strong></span> <span class='ocrx_word' id='word_1_715' title='bbox 2176 4920 2286 4994; x_wconf 12' lang='lat' dir='ltr'><strong>&quot;ill</strong></span> <span class='ocrx_word' id='word_1_716' title='bbox 2317 4919 2494 4976; x_wconf 82' lang='lat' dir='ltr'><strong>Parali</strong></span> 
     </span>
    </p>
   </div>
   <div class='ocr_carea' id='block_1_97' title="bbox 1369 4989 1920 5056">
    <p class='ocr_par' dir='ltr' id='par_1_97' title="bbox 1369 4989 1920 5056">
     <span class='ocr_line' id='line_1_97' title="bbox 1369 4989 1920 5056; baseline 0.007 -13"><span class='ocrx_word' id='word_1_717' title='bbox 1369 4989 1412 5056; x_wconf 58' lang='lat'><strong>:’_‘</strong></span> <span class='ocrx_word' id='word_1_718' title='bbox 1435 4989 1594 5056; x_wconf 20' lang='lat' dir='ltr'><strong>“Luc.</strong></span> <span class='ocrx_word' id='word_1_719' title='bbox 1644 4989 1815 5056; x_wconf 52' lang='lat' dir='ltr'><strong>&#39;xvtit,</strong></span> <span class='ocrx_word' id='word_1_720' title='bbox 1867 4992 1920 5047; x_wconf 90' lang='lat'><strong>8.</strong></span> 
     </span>
    </p>
   </div>
   <div class='ocr_carea' id='block_1_98' title="bbox 1089 5051 1988 5123">
    <p class='ocr_par' dir='ltr' id='par_1_98' title="bbox 1089 5051 1988 5123">
     <span class='ocr_line' id='line_1_98' title="bbox 1089 5051 1988 5123; baseline 0.023 -26"><span class='ocrx_word' id='word_1_721' title='bbox 1089 5052 1218 5095; x_wconf 58' lang='lat' dir='ltr'><strong>ﬂ-&quot;</strong></span> <span class='ocrx_word' id='word_1_722' title='bbox 1249 5051 1318 5108; x_wconf 88' lang='lat' dir='ltr'><strong>ad</strong></span> <span class='ocrx_word' id='word_1_723' title='bbox 1349 5051 1561 5111; x_wconf 84' lang='lat' dir='ltr'><strong>Philad.</strong></span> <span class='ocrx_word' id='word_1_724' title='bbox 1592 5057 1648 5123; x_wconf 81' lang='lat'><strong>&#39;5,</strong></span> <span class='ocrx_word' id='word_1_725' title='bbox 1679 5062 1743 5114; x_wconf 88' lang='lat' dir='ltr'><strong>ad</strong></span> <span class='ocrx_word' id='word_1_726' title='bbox 1780 5051 1899 5118; x_wconf 84' lang='lat' dir='ltr'><strong>Sm.</strong></span> <span class='ocrx_word' id='word_1_727' title='bbox 1938 5061 1988 5116; x_wconf 84' lang='lat'><strong>7.</strong></span> 
     </span>
    </p>
   </div>
   <div class='ocr_carea' id='block_1_99' title="bbox 221 4975 1272 5044">
    <p class='ocr_par' dir='ltr' id='par_1_99' title="bbox 221 4975 1272 5044">
     <span class='ocr_line' id='line_1_99' title="bbox 221 4975 1272 5044; baseline 0.005 -12"><span class='ocrx_word' id='word_1_728' title='bbox 221 4975 570 5044; x_wconf 63' lang='lat' dir='ltr'><strong>&quot;_l§a._t.vtt,</strong></span> <span class='ocrx_word' id='word_1_729' title='bbox 623 4980 710 5035; x_wconf 76' lang='grc'><strong>21.</strong></span> <span class='ocrx_word' id='word_1_730' title='bbox 788 4981 964 5036; x_wconf 80' lang='lat' dir='ltr'><strong>&quot;lsa.</strong></span> <span class='ocrx_word' id='word_1_731' title='bbox 1016 4998 1126 5044; x_wconf 83' lang='lat' dir='ltr'><strong>Lvt,</strong></span> <span class='ocrx_word' id='word_1_732' title='bbox 1186 4975 1272 5038; x_wconf 77' lang='grc' dir='ltr'>1οξ</span> 
     </span>
    </p>
   </div>
   <div class='ocr_carea' id='block_1_100' title="bbox 218 5036 991 5120">
    <p class='ocr_par' dir='ltr' id='par_1_100' title="bbox 218 5036 991 5120">
     <span class='ocr_line' id='line_1_100' title="bbox 218 5036 991 5120; baseline 0.023 -31"><span class='ocrx_word' id='word_1_733' title='bbox 218 5036 285 5091; x_wconf 86' lang='lat' dir='ltr'><strong>ad</strong></span> <span class='ocrx_word' id='word_1_734' title='bbox 316 5036 511 5120; x_wconf 73' lang='lat' dir='ltr'><strong>Ephes.</strong></span> <span class='ocrx_word' id='word_1_735' title='bbox 553 5036 701 5120; x_wconf 43' lang='lat' dir='ltr'><strong>gnati</strong></span> <span class='ocrx_word' id='word_1_736' title='bbox 734 5045 909 5120; x_wconf 80' lang='lat' dir='ltr'><strong>Magn.</strong></span> <span class='ocrx_word' id='word_1_737' title='bbox 935 5048 991 5107; x_wconf 86' lang='lat'><strong>9.</strong></span> 
     </span>
    </p>
   </div>
   <div class='ocr_carea' id='block_1_101' title="bbox 218 5110 713 5174">
    <p class='ocr_par' dir='ltr' id='par_1_101' title="bbox 218 5110 713 5174">
     <span class='ocr_line' id='line_1_101' title="bbox 218 5110 713 5174; baseline 0.02 -14"><span class='ocrx_word' id='word_1_738' title='bbox 218 5121 335 5174; x_wconf 77' lang='lat' dir='ltr'><strong>VIII,</strong></span> <span class='ocrx_word' id='word_1_739' title='bbox 367 5110 436 5167; x_wconf 61' lang='grc' dir='ltr'><strong>ΞΟ</strong></span> <span class='ocrx_word' id='word_1_740' title='bbox 465 5114 517 5168; x_wconf 87' lang='lat' dir='ltr'><strong>in</strong></span> <span class='ocrx_word' id='word_1_741' title='bbox 552 5113 713 5171; x_wconf 79' lang='lat' dir='ltr'><strong>LXX.</strong></span> 
     </span>
    </p>
   </div>
   <div class='ocr_carea' id='block_1_102' title="bbox 1903 4592 3468 4668">
    <p class='ocr_par' dir='ltr' id='par_1_102' title="bbox 1903 4592 3468 4668">
     <span class='ocr_line' id='line_1_102' title="bbox 1903 4592 3468 4668; baseline -0.005 -15"><span class='ocrx_word' id='word_1_742' title='bbox 1903 4614 2134 4668; x_wconf 85' lang='lat' dir='ltr'><strong>nemque</strong></span> <span class='ocrx_word' id='word_1_743' title='bbox 2188 4599 2308 4666; x_wconf 88' lang='lat' dir='ltr'><strong>ejus</strong></span> <span class='ocrx_word' id='word_1_744' title='bbox 2354 4596 2813 4666; x_wconf 88' lang='lat' dir='ltr'><strong>dispensationem</strong></span> <span class='ocrx_word' id='word_1_745' title='bbox 2862 4609 2891 4647; x_wconf 91' lang='lat' dir='ltr'><strong>a</strong></span> <span class='ocrx_word' id='word_1_746' title='bbox 2937 4594 3202 4664; x_wconf 85' lang='lat' dir='ltr'><strong>principio</strong></span> <span class='ocrx_word' id='word_1_747' title='bbox 3250 4592 3468 4658; x_wconf 79' lang='lat' dir='ltr'><strong>factam,</strong></span> 
     </span>
    </p>
   </div>
   <div class='ocr_carea' id='block_1_103' title="bbox 1901 4684 3466 4760">
    <p class='ocr_par' dir='ltr' id='par_1_103' title="bbox 1901 4684 3466 4760">
     <span class='ocr_line' id='line_1_103' title="bbox 1901 4684 3466 4760; baseline -0.004 -17"><span class='ocrx_word' id='word_1_748' title='bbox 1901 4689 2354 4760; x_wconf 86' lang='lat' dir='ltr'><strong>quemadmodum</strong></span> <span class='ocrx_word' id='word_1_749' title='bbox 2390 4688 2688 4758; x_wconf 76' lang='lat' dir='ltr'><strong>simplicem</strong></span> <span class='ocrx_word' id='word_1_750' title='bbox 2746 4687 2914 4755; x_wconf 79' lang='lat' dir='ltr'><strong>legem</strong></span> <span class='ocrx_word' id='word_1_751' title='bbox 2962 4684 3169 4740; x_wconf 83' lang='lat' dir='ltr'><strong>dederit</strong></span> <span class='ocrx_word' id='word_1_752' title='bbox 3199 4685 3252 4738; x_wconf 85' lang='lat' dir='ltr'><strong>in</strong></span> <span class='ocrx_word' id='word_1_753' title='bbox 3292 4685 3466 4738; x_wconf 86' lang='lat' dir='ltr'><strong>subsi-</strong></span> 
     </span>
    </p>
   </div>
   <div class='ocr_carea' id='block_1_104' title="bbox 1901 4777 3468 4850">
    <p class='ocr_par' dir='ltr' id='par_1_104' title="bbox 1901 4777 3468 4850">
     <span class='ocr_line' id='line_1_104' title="bbox 1901 4777 3468 4850; baseline -0.004 -15"><span class='ocrx_word' id='word_1_754' title='bbox 1901 4781 2051 4836; x_wconf 91' lang='lat' dir='ltr'><strong>dium</strong></span> <span class='ocrx_word' id='word_1_755' title='bbox 2080 4782 2214 4850; x_wconf 79' lang='lat' dir='ltr'><strong>legis</strong></span> <span class='ocrx_word' id='word_1_756' title='bbox 2243 4781 2527 4846; x_wconf 87' lang='lat' dir='ltr'><strong>naturalis,</strong></span> <span class='ocrx_word' id='word_1_757' title='bbox 2549 4794 2764 4850; x_wconf 88' lang='lat' dir='ltr'><strong>puram,</strong></span> <span class='ocrx_word' id='word_1_758' title='bbox 2796 4778 3111 4840; x_wconf 85' lang='lat' dir='ltr'><strong>salutarem,</strong></span> <span class='ocrx_word' id='word_1_759' title='bbox 3143 4777 3468 4842; x_wconf 76' lang='lat' dir='ltr'><strong>sanctam&quot;,</strong></span> 
     </span>
    </p>
   </div>
   <div class='ocr_carea' id='block_1_105' title="bbox 2503 4915 3468 4990">
    <p class='ocr_par' dir='ltr' id='par_1_105' title="bbox 2503 4915 3468 4990">
     <span class='ocr_line' id='line_1_105' title="bbox 2503 4915 3468 4990; baseline -0.002 -18"><span class='ocrx_word' id='word_1_760' title='bbox 2503 4933 2713 4990; x_wconf 21' lang='lat' dir='ltr'><strong>pum},</strong></span> <span class='ocrx_word' id='word_1_761' title='bbox 2739 4917 2794 4973; x_wconf 74' lang='lat'><strong>2.</strong></span> <span class='ocrx_word' id='word_1_762' title='bbox 2855 4915 3216 4990; x_wconf 27' lang='lat' dir='ltr'><strong>_°_&#39;_ll‘Paral._</strong></span> <span class='ocrx_word' id='word_1_763' title='bbox 3240 4933 3330 4979; x_wconf 80' lang='lat' dir='ltr'><strong>xx,</strong></span> <span class='ocrx_word' id='word_1_764' title='bbox 3376 4916 3468 4990; x_wconf 72' lang='lat'><strong>37.</strong></span> 
     </span>
    </p>
   </div>
   <div class='ocr_carea' id='block_1_106' title="bbox 2021 4986 3463 5058">
    <p class='ocr_par' dir='ltr' id='par_1_106' title="bbox 2021 4986 3463 5058">
     <span class='ocr_line' id='line_1_106' title="bbox 2021 4986 3463 5058; baseline -0.003 -12"><span class='ocrx_word' id='word_1_765' title='bbox 2021 4995 2068 5025; x_wconf 79' lang='lat'><strong>&quot;&#39;</strong></span> <span class='ocrx_word' id='word_1_766' title='bbox 2096 4993 2283 5047; x_wconf 84' lang='lat' dir='ltr'><strong>Matth.</strong></span> <span class='ocrx_word' id='word_1_767' title='bbox 2321 5007 2472 5058; x_wconf 78' lang='lat' dir='ltr'><strong>xxrv,</strong></span> <span class='ocrx_word' id='word_1_768' title='bbox 2504 4986 2619 5055; x_wconf 55' lang='lat'><strong>&#39;12,</strong></span> <span class='ocrx_word' id='word_1_769' title='bbox 2651 4987 2743 5044; x_wconf 69' lang='grc'><strong>24.</strong></span> <span class='ocrx_word' id='word_1_770' title='bbox 2855 4986 2901 5020; x_wconf 81' lang='grc'><strong>⁷⁸</strong></span> <span class='ocrx_word' id='word_1_771' title='bbox 2932 4987 2967 5043; x_wconf 85' lang='grc' dir='ltr'>ι.</span> <span class='ocrx_word' id='word_1_772' title='bbox 3006 4987 3172 5056; x_wconf 76' lang='lat' dir='ltr'><strong>lgnat.</strong></span> <span class='ocrx_word' id='word_1_773' title='bbox 3208 4988 3463 5054; x_wconf 46' lang='lat' dir='ltr'><strong>interpol.</strong></span> 
     </span>
    </p>
   </div>
   <div class='ocr_carea' id='block_1_107' title="bbox 2092 5058 3495 5127">
    <p class='ocr_par' dir='ltr' id='par_1_107' title="bbox 2092 5058 3495 5127">
     <span class='ocr_line' id='line_1_107' title="bbox 2092 5058 3495 5127; baseline 0.003 -13"><span class='ocrx_word' id='word_1_774' title='bbox 2092 5062 2138 5094; x_wconf 83' lang='lat'><em>&quot;</em></span> <span class='ocrx_word' id='word_1_775' title='bbox 2179 5061 2338 5119; x_wconf 78' lang='lat' dir='ltr'><strong>item.</strong></span> <span class='ocrx_word' id='word_1_776' title='bbox 2375 5078 2483 5118; x_wconf 77' lang='lat' dir='ltr'><strong>xw.</strong></span> <span class='ocrx_word' id='word_1_777' title='bbox 2520 5061 2608 5117; x_wconf 70' lang='lat' dir='ltr'><strong>2t.</strong></span> <span class='ocrx_word' id='word_1_778' title='bbox 2713 5065 2756 5096; x_wconf 85' lang='lat'>&quot;</span> <span class='ocrx_word' id='word_1_779' title='bbox 2784 5064 2825 5120; x_wconf 92' lang='lat' dir='ltr'><strong>ll</strong></span> <span class='ocrx_word' id='word_1_780' title='bbox 2851 5063 2981 5120; x_wconf 83' lang='lat' dir='ltr'><strong>Cor.</strong></span> <span class='ocrx_word' id='word_1_781' title='bbox 3009 5077 3063 5127; x_wconf 90' lang='lat' dir='ltr'><strong>v,</strong></span> <span class='ocrx_word' id='word_1_782' title='bbox 3093 5058 3180 5119; x_wconf 81' lang='lat' dir='ltr'><strong>l7.</strong></span> <span class='ocrx_word' id='word_1_783' title='bbox 3286 5064 3333 5094; x_wconf 82' lang='lat'><strong>&quot;</strong></span> <span class='ocrx_word' id='word_1_784' title='bbox 3369 5065 3495 5118; x_wconf 65' lang='lat' dir='ltr'><strong>lsa..</strong></span> 
     </span>
    </p>
   </div>
   <div class='ocr_carea' id='block_1_108' title="bbox 1536 5252 2182 5319">
    <p class='ocr_par' dir='ltr' id='par_1_108' title="bbox 1536 5252 2182 5319">
     <span class='ocr_line' id='line_1_108' title="bbox 1536 5252 2182 5319; baseline 0.012 -11"><span class='ocrx_word' id='word_1_785' title='bbox 1536 5252 1900 5313; x_wconf 73' lang='lat' dir='ltr'><strong>VARIORUM</strong></span> <span class='ocrx_word' id='word_1_786' title='bbox 1939 5260 2182 5319; x_wconf 63' lang='grc' dir='ltr'><strong>ΝΟΤᾸΕ..</strong></span> 
     </span>
    </p>
   </div>
   <div class='ocr_carea' id='block_1_109' title="bbox 301 5379 1792 5462">
    <p class='ocr_par' dir='ltr' id='par_1_109' title="bbox 301 5379 1792 5462">
     <span class='ocr_line' id='line_1_109' title="bbox 301 5379 1792 5462; baseline 0.009 -28"><span class='ocrx_word' id='word_1_787' title='bbox 430 5384 884 5462; x_wconf 35' lang='grc' dir='ltr'>’Βαπτι-σμᾴςων.</span> <span class='ocrx_word' id='word_1_788' title='bbox 919 5385 1034 5462; x_wconf 82' lang='lat' dir='ltr'><strong>Una</strong></span> <span class='ocrx_word' id='word_1_789' title='bbox 1064 5388 1237 5444; x_wconf 83' lang='lat' dir='ltr'><strong>littera</strong></span> <span class='ocrx_word' id='word_1_790' title='bbox 1267 5390 1446 5462; x_wconf 59' lang='lat' dir='ltr'><strong>minus</strong></span> <span class='ocrx_word' id='word_1_791' title='bbox 1475 5390 1638 5448; x_wconf 83' lang='lat' dir='ltr'><strong>habet</strong></span> <span class='ocrx_word' id='word_1_792' title='bbox 1659 5393 1792 5448; x_wconf 84' lang='lat' dir='ltr'><strong>Gre-</strong></span> 
     </span>
    </p>
   </div>
   <div class='ocr_carea' id='block_1_110' title="bbox 225 5454 1799 5526">
    <p class='ocr_par' dir='ltr' id='par_1_110' title="bbox 225 5454 1799 5526">
     <span class='ocr_line' id='line_1_110' title="bbox 225 5454 1799 5526; baseline 0.008 -21"><span class='ocrx_word' id='word_1_793' title='bbox 225 5454 578 5526; x_wconf 71' lang='lat' dir='ltr'><strong>gentii&#39;locus</strong></span> <span class='ocrx_word' id='word_1_794' title='bbox 621 5455 670 5508; x_wconf 92' lang='lat' dir='ltr'><strong>in</strong></span> <span class='ocrx_word' id='word_1_795' title='bbox 725 5455 1093 5526; x_wconf 79' lang='lat' dir='ltr'><strong>DiSputatioue</strong></span> <span class='ocrx_word' id='word_1_796' title='bbox 1131 5476 1253 5513; x_wconf 84' lang='lat' dir='ltr'><strong>cum</strong></span> <span class='ocrx_word' id='word_1_797' title='bbox 1287 5461 1554 5524; x_wconf 85' lang='lat' dir='ltr'><strong>Herbano,</strong></span> <span class='ocrx_word' id='word_1_798' title='bbox 1599 5464 1636 5519; x_wconf 79' lang='grc' dir='ltr'><strong>ί.</strong></span> <span class='ocrx_word' id='word_1_799' title='bbox 1675 5466 1799 5526; x_wconf 67' lang='lat' dir='ltr'><strong>liii.</strong></span> 
     </span>
    </p>
   </div>
   <div class='ocr_carea' id='block_1_111' title="bbox 224 5522 1804 5659">
    <p class='ocr_par' dir='ltr' id='par_1_111' title="bbox 224 5522 1804 5659">
     <span class='ocr_line' id='line_1_111' title="bbox 224 5522 1804 5645; baseline 0.007 -69"><span class='ocrx_word' id='word_1_800' title='bbox 224 5539 284 5645; x_wconf 57' lang='grc' dir='ltr'><strong>ἒ.</strong></span> <span class='ocrx_word' id='word_1_801' title='bbox 314 5522 386 5577; x_wconf 73' lang='lat'><strong>2:</strong></span> <span class='ocrx_word' id='word_1_802' title='bbox 425 5524 538 5596; x_wconf 82' lang='grc' dir='ltr'>Πρὸ</span> <span class='ocrx_word' id='word_1_803' title='bbox 570 5526 665 5596; x_wconf 80' lang='grc' dir='ltr'>τῆς</span> <span class='ocrx_word' id='word_1_804' title='bbox 700 5522 967 5598; x_wconf 72' lang='grc' dir='ltr'>ὲξωτὲρας</span> <span class='ocrx_word' id='word_1_805' title='bbox 1008 5528 1135 5582; x_wconf 89' lang='grc' dir='ltr'>ναοῦ</span> <span class='ocrx_word' id='word_1_806' title='bbox 1177 5530 1513 5614; x_wconf 67' lang='grc' dir='ltr'>Σρλομῶντος</span> <span class='ocrx_word' id='word_1_807' title='bbox 1545 5522 1804 5619; x_wconf 75' lang='grc' dir='ltr'>λουτῆρες</span> 
     </span>
     <span class='ocr_line' id='line_1_112' title="bbox 268 5594 1804 5659; baseline 0.009 -16"><span class='ocrx_word' id='word_1_808' title='bbox 268 5607 413 5659; x_wconf 69' lang='grc' dir='ltr'>φετοι</span> <span class='ocrx_word' id='word_1_809' title='bbox 458 5594 820 5659; x_wconf 67' lang='grc' dir='ltr'>ἐχρημάτιζον</span> <span class='ocrx_word' id='word_1_810' title='bbox 867 5599 1129 5651; x_wconf 80' lang='grc' dir='ltr'>πάντοτε·</span> <span class='ocrx_word' id='word_1_811' title='bbox 1167 5615 1328 5659; x_wconf 82' lang='grc' dir='ltr'>νομος</span> <span class='ocrx_word' id='word_1_812' title='bbox 1372 5600 1428 5653; x_wconf 77' lang='grc' dir='ltr'>δὲ</span> <span class='ocrx_word' id='word_1_813' title='bbox 1481 5603 1674 5659; x_wconf 73' lang='grc' dir='ltr'>ἔκειτο.</span> <span class='ocrx_word' id='word_1_814' title='bbox 1721 5622 1804 5657; x_wconf 88' lang='grc' dir='ltr'><strong>ινα</strong></span> 
     </span>
    </p>
   </div>
   <div class='ocr_carea' id='block_1_112' title="bbox 1895 5398 3473 5489">
    <p class='ocr_par' dir='ltr' id='par_1_112' title="bbox 1895 5398 3473 5489">
     <span class='ocr_line' id='line_1_113' title="bbox 1895 5398 3473 5489; baseline 0.002 -38"><span class='ocrx_word' id='word_1_815' title='bbox 1895 5398 2128 5489; x_wconf 34' lang='grc' dir='ltr'>τος-ταῦ-</span> <span class='ocrx_word' id='word_1_816' title='bbox 2167 5399 2914 5489; x_wconf 36' lang='grc' dir='ltr'><strong>δρούάπολυόμενος,ῃκηιιτά¹</strong></span> <span class='ocrx_word' id='word_1_817' title='bbox 2941 5402 3118 5489; x_wconf 58' lang='grc' dir='ltr'>ψοχῂν</span> <span class='ocrx_word' id='word_1_818' title='bbox 3157 5402 3473 5489; x_wconf 57' lang='grc' dir='ltr'><strong>ίατρευθελς2</strong></span> 
     </span>
    </p>
   </div>
   <div class='ocr_carea' id='block_1_113' title="bbox 1908 5468 3481 5537">
    <p class='ocr_par' dir='ltr' id='par_1_113' title="bbox 1908 5468 3481 5537">
     <span class='ocr_line' id='line_1_114' title="bbox 1908 5468 3481 5537; baseline 0.005 -17"><span class='ocrx_word' id='word_1_819' title='bbox 1908 5468 2050 5522; x_wconf 84' lang='grc' dir='ltr'>οῦτω</span> <span class='ocrx_word' id='word_1_820' title='bbox 2078 5468 2259 5523; x_wconf 77' lang='grc' dir='ltr'>λοιπὸν</span> <span class='ocrx_word' id='word_1_821' title='bbox 2290 5471 2366 5533; x_wconf 85' lang='grc' dir='ltr'><strong>είς</strong></span> <span class='ocrx_word' id='word_1_822' title='bbox 2397 5470 2485 5523; x_wconf 82' lang='grc' dir='ltr'><strong>τὺν</strong></span> <span class='ocrx_word' id='word_1_823' title='bbox 2520 5468 2644 5524; x_wconf 82' lang='grc' dir='ltr'>ναὸν</span> <span class='ocrx_word' id='word_1_824' title='bbox 2674 5473 2844 5537; x_wconf 84' lang='grc' dir='ltr'>άδεῶς</span> <span class='ocrx_word' id='word_1_825' title='bbox 2870 5468 3212 5537; x_wconf 66' lang='grc' dir='ltr'>είσελᾶύνων,</span> <span class='ocrx_word' id='word_1_826' title='bbox 3247 5468 3481 5528; x_wconf 73' lang='grc' dir='ltr'>ὶπιτελεῖ</span> 
     </span>
    </p>
   </div>
   <div class='ocr_carea' id='block_1_114' title="bbox 1908 5539 3474 5610">
    <p class='ocr_par' dir='ltr' id='par_1_114' title="bbox 1908 5539 3474 5610">
     <span class='ocr_line' id='line_1_115' title="bbox 1908 5539 3474 5610; baseline 0.004 -20"><span class='ocrx_word' id='word_1_827' title='bbox 1908 5539 2007 5601; x_wconf 83' lang='grc' dir='ltr'>τὰς</span> <span class='ocrx_word' id='word_1_828' title='bbox 2038 5539 2292 5610; x_wconf 79' lang='grc' dir='ltr'>λατρείας</span> <span class='ocrx_word' id='word_1_829' title='bbox 2318 5540 2506 5595; x_wconf 83' lang='grc' dir='ltr'>αὑτοῦ.</span> <span class='ocrx_word' id='word_1_830' title='bbox 2542 5541 2677 5607; x_wconf 86' lang='lat' dir='ltr'><strong>Quis</strong></span> <span class='ocrx_word' id='word_1_831' title='bbox 2707 5558 2812 5599; x_wconf 91' lang='lat' dir='ltr'><strong>non</strong></span> <span class='ocrx_word' id='word_1_832' title='bbox 2861 5544 3004 5601; x_wconf 84' lang='lat' dir='ltr'><strong>videt</strong></span> <span class='ocrx_word' id='word_1_833' title='bbox 3051 5554 3252 5600; x_wconf 83' lang='lat' dir='ltr'><strong>certam</strong></span> <span class='ocrx_word' id='word_1_834' title='bbox 3290 5546 3474 5598; x_wconf 76' lang='lat' dir='ltr'><strong>lectio-</strong></span> 
     </span>
    </p>
   </div>
   <div class='ocr_carea' id='block_1_115' title="bbox 307 5594 2651 5680">
    <p class='ocr_par' dir='ltr' id='par_1_115' title="bbox 307 5594 2651 5680">
     <span class='ocr_line' id='line_1_116' title="bbox 307 5594 2651 5680; baseline 0.01 -36"><span class='ocrx_word' id='word_1_835' title='bbox 307 5608 422 5680; x_wconf 71' lang='grc' dir='ltr'>ετοι</span> <span class='ocrx_word' id='word_1_836' title='bbox 458 5594 820 5680; x_wconf 63' lang='grc' dir='ltr'>ἐχρημάτιζον</span> <span class='ocrx_word' id='word_1_837' title='bbox 867 5594 1095 5680; x_wconf 73' lang='grc' dir='ltr'>πάντοτε</span> <span class='ocrx_word' id='word_1_838' title='bbox 1117 5616 1129 5629; x_wconf 86' lang='grc'><strong>·</strong></span> <span class='ocrx_word' id='word_1_839' title='bbox 1167 5594 1445 5680; x_wconf 37' lang='grc' dir='ltr'>νόμοςΑδὲι</span> <span class='ocrx_word' id='word_1_840' title='bbox 1481 5603 1674 5680; x_wconf 73' lang='grc' dir='ltr'>ἔκειτο,</span> <span class='ocrx_word' id='word_1_841' title='bbox 1696 5594 1804 5657; x_wconf 75' lang='grc' dir='ltr'>’ἵνα</span> <span class='ocrx_word' id='word_1_842' title='bbox 1910 5594 2651 5680; x_wconf 17' lang='lat' dir='ltr'><strong>nemianblouousvoclc‘o&#39;r.</strong></span> 
     </span>
    </p>
   </div>
   <div class='ocr_carea' id='block_1_116' title="bbox 223 5662 1804 5748">
    <p class='ocr_par' dir='ltr' id='par_1_116' title="bbox 223 5662 1804 5748">
     <span class='ocr_line' id='line_1_117' title="bbox 223 5662 1804 5748; baseline 0.008 -34"><span class='ocrx_word' id='word_1_843' title='bbox 223 5664 254 5715; x_wconf 81' lang='grc' dir='ltr'><strong>ὁ</strong></span> <span class='ocrx_word' id='word_1_844' title='bbox 287 5662 730 5748; x_wconf 36' lang='grc' dir='ltr'>αμαρτάνωξὸιιπί</span> <span class='ocrx_word' id='word_1_845' title='bbox 754 5683 858 5748; x_wconf 69' lang='grc' dir='ltr'>τινι</span> <span class='ocrx_word' id='word_1_846' title='bbox 889 5670 1192 5748; x_wconf 70' lang='grc' dir='ltr'>πράγματι,</span> <span class='ocrx_word' id='word_1_847' title='bbox 1219 5662 1320 5748; x_wconf 63' lang='grc' dir='ltr'><strong>και</strong></span> <span class='ocrx_word' id='word_1_848' title='bbox 1336 5670 1612 5748; x_wconf 73' lang='grc' dir='ltr'>βουληθεὶς</span> <span class='ocrx_word' id='word_1_849' title='bbox 1642 5662 1804 5748; x_wconf 85' lang='grc' dir='ltr'>μετα-</span> 
     </span>
    </p>
   </div>
   <div class='ocr_carea' id='block_1_117' title="bbox 1979 5679 3477 5756">
    <p class='ocr_par' dir='ltr' id='par_1_117' title="bbox 1979 5679 3477 5756">
     <span class='ocr_line' id='line_1_118' title="bbox 1979 5679 3477 5756; baseline 0.007 -25"><span class='ocrx_word' id='word_1_850' title='bbox 1979 5679 2091 5750; x_wconf 72' lang='lat'><strong>(12)</strong></span> <span class='ocrx_word' id='word_1_851' title='bbox 2115 5681 2287 5756; x_wconf 69' lang='grc' dir='ltr'>Πρός.</span> <span class='ocrx_word' id='word_1_852' title='bbox 2320 5681 2457 5756; x_wconf 48' lang='grc' dir='ltr'>Περὶ</span> <span class='ocrx_word' id='word_1_853' title='bbox 2479 5682 2626 5750; x_wconf 82' lang='grc' dir='ltr'>τούς,</span> <span class='ocrx_word' id='word_1_854' title='bbox 2656 5682 2759 5740; x_wconf 86' lang='lat' dir='ltr'><strong>hoc</strong></span> <span class='ocrx_word' id='word_1_855' title='bbox 2783 5691 2887 5752; x_wconf 86' lang='lat' dir='ltr'><strong>est,</strong></span> <span class='ocrx_word' id='word_1_856' title='bbox 2911 5686 3054 5741; x_wconf 76' lang='lat' dir='ltr'><strong>circa</strong></span> <span class='ocrx_word' id='word_1_857' title='bbox 3080 5701 3191 5750; x_wconf 78' lang='lat' dir='ltr'><strong>eat,</strong></span> <span class='ocrx_word' id='word_1_858' title='bbox 3216 5685 3306 5756; x_wconf 86' lang='lat' dir='ltr'><strong>qui</strong></span> <span class='ocrx_word' id='word_1_859' title='bbox 3339 5701 3477 5742; x_wconf 79' lang='lat' dir='ltr'><strong>con-</strong></span> 
     </span>
    </p>
   </div>
   <div class='ocr_carea' id='block_1_118' title="bbox 225 5730 1790 5869">
    <p class='ocr_par' dir='ltr' id='par_1_118' title="bbox 225 5730 1790 5869">
     <span class='ocr_line' id='line_1_119' title="bbox 225 5730 1790 5853; baseline 0.01 -72"><span class='ocrx_word' id='word_1_860' title='bbox 225 5730 545 5853; x_wconf 51' lang='grc' dir='ltr'>μεληθῆναι,</span> <span class='ocrx_word' id='word_1_861' title='bbox 579 5735 723 5814; x_wconf 51' lang='grc' dir='ltr'>λέ-γει</span> <span class='ocrx_word' id='word_1_862' title='bbox 751 5739 860 5799; x_wconf 80' lang='grc' dir='ltr'>τοῖς</span> <span class='ocrx_word' id='word_1_863' title='bbox 891 5730 1113 5808; x_wconf 71' lang='grc' dir='ltr'>ἱερεῦσι,</span> <span class='ocrx_word' id='word_1_864' title='bbox 1163 5730 1415 5813; x_wconf 73' lang='grc' dir='ltr'>καὶπρὸς</span> <span class='ocrx_word' id='word_1_865' title='bbox 1458 5730 1520 5794; x_wconf 67' lang='grc' dir='ltr'><strong>τ’ὶ)</strong></span> <span class='ocrx_word' id='word_1_866' title='bbox 1561 5730 1724 5796; x_wconf 75' lang='grc' dir='ltr'>πταῖσ</span> <span class='ocrx_word' id='word_1_867' title='bbox 1772 5763 1790 5796; x_wconf 78' lang='grc' dir='ltr'><strong>α</strong></span> 
     </span>
     <span class='ocr_line' id='line_1_120' title="bbox 268 5763 1772 5869; baseline 0.011 -16"><span class='ocrx_word' id='word_1_868' title='bbox 268 5802 540 5869; x_wconf 62' lang='grc' dir='ltr'>φορίζεται</span> <span class='ocrx_word' id='word_1_869' title='bbox 562 5821 655 5858; x_wconf 84' lang='grc' dir='ltr'><strong>του</strong></span> <span class='ocrx_word' id='word_1_870' title='bbox 685 5806 762 5868; x_wconf 78' lang='grc' dir='ltr'><strong>είς</strong></span> <span class='ocrx_word' id='word_1_871' title='bbox 791 5806 879 5861; x_wconf 78' lang='grc' dir='ltr'><strong>τὸν</strong></span> <span class='ocrx_word' id='word_1_872' title='bbox 921 5809 1044 5863; x_wconf 77' lang='grc' dir='ltr'>ναὸν</span> <span class='ocrx_word' id='word_1_873' title='bbox 1077 5811 1326 5866; x_wconf 80' lang='grc' dir='ltr'><strong>είσιὲναι⁹</strong></span> <span class='ocrx_word' id='word_1_874' title='bbox 1361 5814 1452 5866; x_wconf 75' lang='grc' dir='ltr'>καὶ</span> <span class='ocrx_word' id='word_1_875' title='bbox 1491 5763 1772 5869; x_wconf 47' lang='grc' dir='ltr'>πληρωθῶ</span> 
     </span>
    </p>
   </div>
   <div class='ocr_carea' id='block_1_119' title="bbox 1889 5730 2516 5869">
    <p class='ocr_par' dir='ltr' id='par_1_119' title="bbox 1910 5730 2516 5820">
     <span class='ocr_line' id='line_1_121' title="bbox 1910 5730 2516 5820; baseline 0.002 -14"><span class='ocrx_word' id='word_1_876' title='bbox 1910 5730 2516 5820; x_wconf 52' lang='lat' dir='ltr'><strong>temm’mi‘iéééxﬁfrct&#39;.</strong></span> 
     </span>
    </p>
   </div>
   <div class='ocr_carea' id='block_1_120' title="bbox 303 5792 1803 5879">
    <p class='ocr_par' dir='ltr' id='par_1_120' title="bbox 303 5792 1803 5879">
     <span class='ocr_line' id='line_1_122' title="bbox 303 5792 1803 5879; baseline 0.01 -25"><span class='ocrx_word' id='word_1_877' title='bbox 303 5792 542 5871; x_wconf 70' lang='grc' dir='ltr'>ορίζίται</span> <span class='ocrx_word' id='word_1_878' title='bbox 562 5792 660 5858; x_wconf 81' lang='grc' dir='ltr'><strong>τοῦ</strong></span> <span class='ocrx_word' id='word_1_879' title='bbox 685 5806 762 5868; x_wconf 81' lang='grc' dir='ltr'><strong>είς</strong></span> <span class='ocrx_word' id='word_1_880' title='bbox 791 5792 879 5861; x_wconf 60' lang='grc' dir='ltr'><strong>τόν</strong></span> <span class='ocrx_word' id='word_1_881' title='bbox 921 5792 1044 5863; x_wconf 72' lang='grc' dir='ltr'><strong>νάδν</strong></span> <span class='ocrx_word' id='word_1_882' title='bbox 1077 5792 1336 5866; x_wconf 53' lang='grc' dir='ltr'><strong>είσιέναιέ1</strong></span> <span class='ocrx_word' id='word_1_883' title='bbox 1361 5792 1452 5866; x_wconf 72' lang='grc' dir='ltr'>καὶ</span> 
     </span>
    </p>
   </div>
  </div>
