4022 6338
632 340 773 399 967

1546 342 1603 399 S.
1640 342 2033 399 CLEMENTIS
2070 342 2088 397 I
2128 340 2295 397 BON.
2333 340 2536 397 PONT.
2571 340 2796 398 OPERA
2832 340 3057 399 DCBIA.

3812 344 3913 402 968

664 455 920 521 sitatem;
950 461 1113 525 atque
1142 455 1343 512 talibus
1374 455 1513 512 cibis
1542 456 1831 523 interdico,
1868 466 1922 512 et
1962 457 2229 513 denuntio

2331 454 2545 526 ἐξουσίᾳ
2575 456 2759 519 κακῶς
2776 457 3090 528 ἀπεχρήσω,
3108 456 3351 527 ἀνάγκην
3378 456 3669 529 ἐπιτίθημί
3689 476 3779 512 σοι
3816 460 3912 515 λοι·

663 546 763 600 tibi
792 545 1130 601 diﬂ‘erentias
1157 548 1471 601 animalium
1492 587 1507 611 ,
1537 548 1862 602 mundorum
1906 556 1963 603 et
1991 549 2229 603 immun-

662 638 887 703 dorum,
922 639 1049 694 licet
1078 655 1238 695 omne
1286 641 1486 694 animal
1516 642 1720 695 bonum
1743 642 1835 703 sit,
1868 649 2057 711 utpote
2086 656 2115 694 a
2141 656 2228 696 me

662 738 910 805 factum;
943 739 1070 792 item
1110 733 1369 805 praecipio
1406 734 1501 786 tibi
1534 732 1669 787 tales
1702 733 2098 802 separationes,
2130 746 2230 801 pu-

661 830 1022 891 riﬁcationes,
1054 828 1312 881 continua
1338 826 1684 896 baptismata,
1710 824 2074 894 aspersiones,
2094 825 2227 879 tales

664 917 1025 973 lustrationes
1045 957 1060 981 ,
1110 914 1423 969 vacationes
1465 912 1740 979 diversas;
1777 912 1923 982 quod
1954 912 1999 967 si
2029 912 2083 965 in
2114 912 2228 966 sin-

663 1010 812 1081 gulis
843 1009 1037 1062 borum
1074 1023 1189 1060 non
1214 1006 1520 1067 obedieris,
1559 1004 1884 1075 supplicium
1918 1002 2135 1066 deﬁnio,
2168 1008 2228 1056 ut

664 1102 845 1165 decet,
890 1100 1232 1163 contumaci;
1274 1113 1383 1168 qno
1418 1113 1671 1167 pressus,
1708 1104 1762 1151 et
1798 1110 1827 1148 a
1866 1095 2056 1149 collari
2094 1109 2221 1148 con-

665 1190 916 1251 strictus,
941 1203 1177 1242 errorem
1208 1188 1274 1242 de
1305 1188 1649 1241 multitudine
1670 1186 1895 1241 deorum
1925 1185 2225 1254 relinquas;

664 1295 731 1334 ac
753 1282 1117 1349 praetermisso
1156 1281 1247 1333 illo
1278 1279 1463 1333 dicto:
1502 1300 1518 1329 ι
1552 1278 1615 1331 Hi
1648 1278 1851 1345 diitui,
1883 1275 2048 1332 Israel
2075 1277 2164 1341 ³⁸⁸,
2201 1295 2220 1327 ι

666 1371 797 1424 illud
818 1371 1161 1425 memineris:
1190 1370 1382 1433 «Audi,
1408 1369 1571 1424 Israel
1594 1388 1608 1422 ;
1636 1367 1896 1425 Dominus
1918 1368 2060 1423 Deus
2078 1380 2223 1434 tuus,

665 1460 930 1515 Dominus
962 1477 1105 1516 unus
1136 1469 1219 1515 est
1243 1463 1258 1491 ³
1279 1500 1295 1525 ,
1333 1480 1353 1513 ι
1389 1476 1752 1529 recurrasque
1781 1460 1847 1513 ad
1873 1448 1997 1515 cam
2028 1461 2222 1530 legem,

665 1568 696 1606 a
720 1570 806 1608 me
836 1554 1048 1608 cunctis
1068 1554 1381 1607 hominibus
1409 1563 1601 1607 natura
1627 1553 1877 1616 insitam;
1904 1568 2070 1606 unum
2104 1562 2225 1606 tan-

663 1650 779 1695 tum
822 1641 1057 1696 existere
1090 1641 1257 1695 Deum
1310 1643 1365 1695 in
1395 1643 1533 1696 cmlo
1558 1651 1611 1696 et
1642 1644 1695 1696 in
1727 1653 1902 1708 terra;
1944 1659 2067 1698 eum
2099 1643 2225 1696 dili-

2328 548 2447 612 πὺν,
2489 550 2583 601 καὶ
2616 548 2918 618 βρωμάτων
2965 549 3174 616 ἀφιστῶ
3206 547 3447 612 τοιῶνδε,
3496 550 3593 601 καὶ
3634 548 3805 613 ζώων
3838 570 3911 606 σοι

2325 640 2586 712 διαφορὰς
2610 640 2864 712 καθαρῶν
2895 641 2995 693 καὶ
3017 639 3340 712 ἀκαθάρτων
3371 642 3785 712 διαστέλλομαι,
3822 647 3908 700 καί

2325 747 2409 783 τοι
2446 733 2645 795 παντὸς
2686 731 2825 797 ζώου
2859 731 3023 785 καλοῦ
3066 732 3178 803 (29)
3232 733 3606 802 τυγχάνοντος,
3662 735 3765 787 ἆτε
3814 738 3907 789 ὑπ’

2327 824 2460 893 ἐμοῦ
2493 825 2800 895 γενομένου’
2845 826 2936 877 καὶ
2971 826 3304 895 άφορισμοὺς
3336 827 3573 879 τοιούσδε
3608 844 3697 879 σοι
3742 846 3911 898 προα-

2325 916 2531 979 τάσσω,
2578 916 2979 987 καθαρισμοὺς,
3030 918 3225 986 συνεχῆ
3283 916 3656 987 βαπτίσματα,
3718 922 3909 990 ῥαντιο

2330 1009 2519 1077 σμοὺς,
2564 1006 2784 1075 ἁγνείας
2811 1008 3043 1069 τοιάσδε,
3073 1009 3267 1078 ἀργίας
3302 1008 3619 1079 διαφόρους·
3654 1012 3751 1062 καί
3784 1010 3909 1063 τοῦ.

2325 1117 2430 1152 των
2466 1100 2557 1169 ἐφ’
2601 1100 2814 1170 ἑκάστῳ
2857 1101 2950 1153 ἐὰν
2992 1102 3362 1171 παρακούσῃς,
3400 1104 3671 1173 τιμωρίαν
3704 1102 3907 1173 ὁρίζω,

2325 1192 2402 1255 ὡς
2436 1192 2598 1254 ἔοικε,
2630 1193 2708 1264 τῷ
2736 1194 2951 1246 ἀπειθεί
2971 1195 3079 1264 (50)
3101 1212 3114 1224 ο
3159 1195 3307 1257 ὅπως
3338 1193 3658 1263 πιεζόμενος
3685 1195 3787 1247 κα)⁵
3805 1196 3910 1246 ὑπὸ

2325 1283 2419 1335 τοῦ
2455 1283 2635 1336 κλοιοῦ
2660 1284 2978 1355 ἀγχόμενος,
3011 1286 3111 1355 τῆς
3144 1285 3402 1338 πολυθέου
3436 1285 3646 1357 πλάνης
3677 1290 3905 1357 ὲκπῇςο

2327 1379 2421 1431 καὶ
2448 1379 2643 1450 παρεὶς
2669 1379 2730 1433 τὸ
2777 1399 2795 1425 ι
2843 1374 2999 1432 Οὗτοι
3040 1379 3088 1430 οἱ
3135 1377 3243 1430 θεοί
3286 1395 3377 1430 σου
3415 1378 3660 1447 Ἰσραὴλ,
3707 1398 3727 1429 ι
3776 1381 3910 1432 ὑπο-

2329 1474 2571 1546 μνησθῇς
2603 1476 2664 1529 τὸ
2709 1495 2726 1527 ι
2770 1476 2989 1535 Ἀκουε,
3022 1471 3237 1542 Ἰσραὴλ
3260 1509 3275 1533 ,
3310 1471 3512 1542 Κύριος
3544 1473 3573 1523 6
3602 1471 3743 1533 Θεός
3789 1490 3905 1533 σου,

2325 1567 2527 1640 Κύριος
2554 1562 2633 1630 εἷς
2651 1570 2785 1629 ἐστι,
2829 1586 2847 1617 ι
2886 1568 2977 1619 καὶ
3000 1565 3313 1634 ἁναὸράμῃς
3342 1565 3443 1614 ἐπ’
3472 1565 3679 1614 ἐκεῖνον
3709 1562 3804 1614 τὸν
3826 1566 3908 1616 νὸ-

2329 1677 2426 1730 μον
2458 1661 2551 1713 τὸν
2579 1664 2685 1714 ὑπ’
2719 1659 2853 1731 ἐμοῦ
2882 1664 2948 1731 τῇ
2999 1660 3156 1729 φύσει
3194 1656 3599 1726 καταϐληθέντα
3628 1660 3747 1718 τοῖς
3797 1658 3904 1726 (3i)

662 1732 898 1803 gendum
921 1748 989 1787 ex
1013 1740 1126 1785 toto
1153 1734 1338 1797 corde,
1357 1744 1410 1788 et
1431 1750 1494 1787 ex
1523 1734 1655 1788 totis
1686 1734 1915 1799 viribus,
1948 1744 2001 1789 et
2022 1751 2089 1789 ex
2111 1743 2222 1788 tota

2329 1754 2491 1806 πᾶσιν
2511 1752 2817 1823 ἀνθρώποις
2832 1770 2845 1782 ·
2872 1752 2967 1805 ’ἐνα
2992 1752 3147 1822 μόνον
3173 1751 3434 1820 ὑπάρχειν
3456 1748 3586 1800 Θεὸν
3608 1750 3670 1799 ὲν
3690 1748 3904 1817 οὐραιῴ

666 1833 885 1891 mente;
918 1833 1145 1893 excepto
1188 1824 1283 1878 illo
1314 1826 1477 1891 alium
1508 1841 1616 1880 non
1657 1826 1986 1891 timendum;
2030 1842 2225 1882 nomen
2256 1800 2297 1854 Β

663 1924 983 1971 cancrorum
1006 1915 1229 1970 deorum
1253 1933 1427 1987 neque
1445 1919 1773 1986 cogitatione
1792 1918 2224 1988 percipiendum,

661 2020 839 2076 neque
870 2006 1053 2075 lingua
1082 2014 1136 2061 et
1182 2022 1277 2063 ore
1325 2008 1727 2078 prolerendum.
1767 2007 1998 2080 Propter
2044 2011 2226 2065 cordis

661 2112 852 2152 eorum
883 2097 1161 2164 duritiem,
1195 2100 1438 2170 alligavit
1472 2116 1568 2155 eos
1594 2118 1610 2168 ;
1641 2109 1700 2154 ut
1732 2102 2113 2164 sacriﬁcando,
2146 2102 2225 2157 fe-

662 2188 877 2253 i‘iando,
918 2190 1198 2261 purgando
1230 2206 1307 2255 se,
1340 2206 1403 2245 ac
1436 2191 1781 2246 observando
1818 2192 2041 2255 similia,
2073 2192 2224 2246 veni-

660 2290 785 2335 rent
826 2281 892 2335 ad
938 2284 1325 2353 cogitationem
1366 2283 1433 2338 de
1463 2283 1611 2348 Deo,
1648 2284 1739 2353 qui
1780 2284 1893 2338 haec
1931 2284 2039 2337 illis
2087 2299 2223 2354 pra:—

659 2370 824 2441 cepit.

2329 1846 2421 1899 καὶ
2454 1847 2543 1898 ἐπὶ
2574 1846 2677 1915 γῆς
2701 1864 2714 1876 ·
2750 1846 2842 1899 καὶ
2871 1845 3057 1899 τοῦτον
3106 1844 3322 1912 ἀγαπᾷν
3357 1842 3414 1904 ἐξ
3453 1840 3580 1911 ὅλης
3625 1840 3735 1909 τῆς
3769 1856 3903 1909 καρ-

2328 1938 2465 2001 δίας,
2498 1935 2590 1992 καὶ
2635 1937 2692 2002 ἐξ
2725 1938 2851 2009 ὅλης
2881 1937 2981 2007 τῆς
3020 1936 3227 2006 ἰσχύος,
3262 1934 3355 1987 καὶ
3387 1931 3446 1996 ἐξ
3478 1932 3609 2001 ὅλης
3647 1932 3757 2000 τῆς
3789 1931 3903 1983 δια-

2328 2031 2505 2093 νοίας⁸
2551 2032 2643 2083 καὶ
2678 2029 2816 2100 πλὴν
2857 2028 3020 2081 αὑτοῦ
3071 2028 3143 2098 μὴ
3185 2025 3462 2096 φοϐεῖσθαι
3507 2024 3674 2077 ἄλλον
3702 2040 3718 2053 ·
3769 2023 3901 2092 μήτε

2328 2124 2495 2193 ὄνομα
2526 2123 2660 2175 θεῶν
2681 2123 2880 2193 ἐτέρων
2904 2124 2994 2174 ἐπὶ
3011 2120 3243 2182 διανοίας
3263 2117 3579 2188 λαμϐάνειν,
3605 2118 3749 2187 μήτε
3774 2131 3899 2185 προ-

2328 2217 2512 2287 φέρειν
2538 2214 2753 2286 γλώσσῃ
2800 2214 2886 2267 διὰ
2928 2215 3213 2283 στόματος.
3245 2211 3342 2263 Διά
3384 2212 3482 2280 τὴν
3518 2209 3634 2279 (52)
3674 2208 3899 2275 σκληρο-

2329 2307 2551 2377 καρδίαν
2598 2306 2774 2359 αὑτῶν
2815 2305 3072 2374 ὲπέδησεν
3124 2302 3234 2373 (55)
3284 2302 3501 2363 αὐτοὺς,
3562 2302 3650 2353 ἵνα
3695 2299 3783 2351 διὰ
3814 2296 3898 2349 τοῦ

2330 2397 2494 2459 θύειν,
2527 2398 2619 2451 καὶ
2642 2399 2848 2469 ἀργεῖν,
2881 2397 2975 2449 καὶ
3002 2395 3328 2465 ἁγνίζεσθαι,
3362 2394 3457 2447 καὶ
3488 2392 3559 2443 τά
3588 2391 3773 2444 τοιάδε
3810 2406 3899 2440 πα-

666 2486 1031 2557 ρατηρεῖσθαι,
1056 2489 1134 2551 είς
1162 2487 1364 2542 ἔννοιαν
1398 2488 1590 2542 ἔλθωσι
1622 2488 1715 2542 τοῦ
1744 2488 1898 2551 Θεοῦ,
1919 2488 2013 2542 τοῦ
2046 2488 2217 2542 ταῦτα
2247 2488 2638 2556 διαταξαμένου
2667 2490 2869 2552 αὐτοῖς.

1245 2619 1471 2675 CAPUT
1506 2620 1647 2678 XXI.

663 2727 818 2793 Quod
849 2730 1013 2783 simus
1036 2730 1141 2801 sub
1170 2732 1367 2801 gratia,
1402 2749 1505 2801 non
1535 2742 1710 2786 autem
1739 2734 1835 2785 sub
1866 2729 2115 2789 servitute
2144 2732 2219 2789 ls-

836 2802 915 2868 gis
956 2800 1213 2864 inducta},
1245 2803 1418 2871 quiin
1457 2800 1723 2855 Christum
1762 2804 2042 2857 credimus.

736 2886 910 2944 Vestri
949 2901 1126 2945 autem
1148 2929 1163 2955 ,
1204 2892 1297 2960 qni
1334 2893 1387 2945 in
1413 2907 1579 2946 unum
1622 2891 1811 2956 Deum,
1844 2909 1951 2947 non
1982 2893 2219 2948 necessi-

659 2985 771 3032 tate
792 2979 1121 3045 credidistis,
1148 2980 1240 3035 sed
1267 2994 1401 3033 sano
1425 2980 1669 3044 arbitrio,
1696 2982 1910 3034 vocanti
1942 2983 2220 3050 obtempe-

2824 2620 3217 2701 KEQAAAION
3250 2622 3379 2673 κιο.

2325 2720 2444 2795 ’ὁτι
2472 2740 2588 2796 ὑπὸ
2617 2737 2791 2808 χάριν
2814 2736 3019 2806 ἐσμὲν,
3042 2738 3194 2808 ἀλλί
3209 2739 3277 2790 οὐ
3284 2756 3317 2803 χ
3340 2735 3453 2808 ὑπὸ
3476 2734 3777 2808 δουλείαν
3803 2732 3898 2785 τεῦ

2357 2804 2710 2865 ἑπεισάκὲού
2739 2804 2943 2877 νόμοι),
2976 2811 3029 2860 ol
3056 2810 3140 2873 εις
3168 2804 3419 2875 Χριστὸν
3449 2806 3863 2866 πιστεύοντες.

2403 2904 2587 2975 ’Υμῶν
2617 2903 2694 2966 δὲ,
2725 2903 2835 2955 τῶν
2857 2900 3259 2954 πιστευσάντων
3287 2900 3364 2961 εἰς
3384 2896 3477 2948 τῖον
3508 2896 3607 2948 ἕνα
3641 2896 3778 2947 Θεὸν
3806 2894 3899 2946 οὐκ

2323 2994 2431 3051 ἀπὸ
2449 2996 2708 3063 ἀνάγκης,
2732 2992 2866 3046 ἀλλά
2885 2992 2990 3045 ἀπὸ
3010 2990 3231 3061 γνώμης
3259 2987 3441 3057 ὑγιοῦς
3469 2986 3899 3039 ὑπακουσάντων

660 3068 848 3132 rastis,
882 3069 1024 3124 beati
1052 3079 1180 3125 sunt
1214 3070 1523 3140 oculi,quia
1557 3071 1770 3135 vident;
1797 3072 1923 3125 item
1946 3086 2106 3126 aures
2134 3086 2220 3126 νεα
2243 3120 2246 3136 η

2325 3088 2403 3160 τῷ
2435 3087 2741 3148 καλέσαντι,
2789 3084 3043 3155 μακάριοι
3074 3085 3122 3136 οἱ
3159 3080 3446 3151 ὀφθαλμοὶ,
3480 3081 3563 3131 ὅτι
3601 3078 3861 3147 βλέπουσι
3885 3115 3899 3135 .

660 3166 808 3223 ειη,
840 3162 1095 3229 quoniam
1120 3162 1344 3215 audiunt
1367 3162 1387 3192 '
1426 3177 1440 3212 :
1476 3176 1599 3214 nam
1640 3161 1866 3216 relaxati
1895 3162 2029 3216 estis
2056 3177 2085 3215 a
2108 3162 2224 3215 vin-

658 3250 819 3314 culis,
852 3259 904 3304 et
932 3251 1142 3305 liberati
1173 3266 1202 3303 a
1234 3251 1513 3306 servitute.
1546 3252 1571 3301 ι’
1606 3249 1723 3304 Jam
1760 3269 1778 3301 ι
1821 3252 1988 3317 enim,
2019 3246 2216 3323 inquit,

666 3358 685 3392 ι
714 3356 822 3396 non
869 3341 994 3396 dico
1037 3358 1133 3397 vos
1182 3357 1391 3405 servos,
1450 3342 1544 3397 sed
1592 3341 1995 3412 amicos;quia
2034 3344 2218 3397 omnia

659 3450 1001 3504 quacunque
1047 3434 1228 3488 audivi
1260 3444 1288 3487 a
1326 3433 1485 3488 Patre
1507 3449 1645 3498 meo,
1678 3446 1804 3490 nota
1830 3434 1932 3489 feci
1964 3437 2118 3490 vobis
2139 3437 2213 3490 ⁸.»

660 3524 772 3577 hiis
818 3524 1018 3595 quippe
1055 3526 1146 3594 qui
1190 3523 1373 3579 videre
1398 3526 1720 3589 noluerunt,
1765 3542 1941 3595 neque
1988 3526 2215 3587 audire.

659 3630 768 3670 non
796 3615 867 3668 ob
903 3616 1136 3685 partium
1178 3615 1479 3681 delectum,
1513 3616 1606 3671 sed
1636 3616 1706 3670 ob
1736 3632 2022 3672 excessum
2060 3619 2218 3671 mali-

659 3707 776 3773 tiaz;
813 3716 830 3757 ι
862 3706 982 3761 dedi
1012 3714 1279 3777 praecepta
1312 3721 1421 3761 non
1452 3708 1624 3773 bona;
1667 3715 1721 3763 et
1753 3708 2177 3778 iustiﬁcationes
2198 3748 2213 3773 ,

661 3798 717 3853 in
739 3798 937 3868 quibus
976 3813 1084 3852 non
1114 3799 1295 3853 vivent
1335 3799 1388 3852 in
1429 3798 1549 3856 eis‘
1576 3818 1590 3853 :
1619 3818 1639 3851 ι
1701 3814 1811 3853 non
1840 3801 1982 3854 bona
2009 3810 2213 3865 autem,

657 3888 937 3958 proposito
955 3904 1143 3943 eorum
1168 3905 1184 3955 ;
1214 3888 1649 3959 quandoquidem
1669 3898 1724 3945 et
1745 3892 1985 3945 cauteria
2008 3900 2061 3945 et
2084 3892 2218 3946 scal-

657 3980 859 4049 pellum
892 3986 946 4035 et
985 3979 1377 4034 medicamenta
1400 4020 1415 4044 ,
1450 3980 1669 4036 inimica
1713 3990 1841 4037 sunt
1867 3983 2008 4044 male
2037 3998 2096 4037 se
2126 3983 2218 4036 ha-

657 4068 911 4123 bentibus
945 4087 957 4121 :
998 4088 1015 4119 ι
1050 4084 1155 4122 non
1197 4068 1360 4123 etiam
1394 4078 1704 4135 servantur,
1726 4090 1745 4122 ι
1779 4080 2001 4142 propter
2025 4088 2213 4126 eorum

655 4162 1049 4215 contumaciam
1078 4176 1092 4227 ;
1128 4160 1272 4217 unde
1302 4168 1369 4217 et
1400 4160 1533 4233 ipsis
1565 4170 1792 4217 mortem
1843 4179 1952 4220 non
2002 4177 2215 4220 servata

653 4250 911 4307 inferunt.

1210 4364 1439 4422 CAPUT
1488 4365 1655 4425 XXII.

2322 3182 2415 3233 καὶ
2444 3180 2512 3232 τά
2542 3176 2653 3231 ὦτα
2688 3177 2860 3247 ὑμῶν,
2898 3176 2983 3228 ὅτι
3020 3174 3302 3227 ἀκούουσιν
3327 3190 3340 3203 ·
3374 3169 3623 3241 ἀνείθητε
3652 3168 3770 3238 γὰρ
3794 3168 3902 3219 τῶν

2320 3271 2532 3342 δεσμῶν
2556 3308 2570 3332 ,
2612 3270 2704 3323 καὶ
2745 3266 3149 3339 ἠλευθερώθητε
3182 3263 3420 3325 δουλείας
3454 3262 3587 3333 (5.6).
3633 3281 3651 3311 ι
3701 3261 3902 3314 Οὐκέτι

2318 3363 2445 3434 γὰρ,
2500 3362 2680 3433 φησὶν,
2720 3360 2862 3429 λέγω
2913 3362 3054 3431 ὑμᾶς
3099 3357 3335 3418 δούλους,
3384 3353 3519 3408 ἀλλά
3568 3353 3786 3422 φίλους,
3822 3354 3905 3403 ὅτι

2321 3454 2496 3507 πάντα
2534 3452 2568 3505 ἃ
2615 3453 2819 3523 ηκουσα
2872 3451 3022 3523 παρά
3058 3448 3149 3502 τοῦ
3200 3448 3409 3519 Πατρός
3444 3462 3569 3515 μου,
3624 3444 3903 3516 ἐγνώρισα

2320 3550 2465 3618 ὑμῖν.
2508 3566 2525 3597 ι
2568 3547 2825 3609 Ἐκείνοις
2850 3546 2956 3616 γὰρ
2990 3546 3062 3615 μὴ
3084 3543 3367 3613 θελήσασιν
3400 3541 3548 3603 ἰδεῖν,
3575 3543 3722 3611 μήτε
3737 3541 3903 3595 620-3-

2320 3654 2429 3701 σαι,
2482 3639 2541 3691 οὐ
2598 3639 2845 3710 στερήσει
2896 3638 3117 3708 μορίων,
3170 3634 3305 3696 ἀλλά
3347 3634 3545 3695 κακίας
3595 3634 3901 3706 ὑπερϐολῇ,

2323 3747 2341 3780 ι
2370 3730 2545 3783 ἔδωκα
2578 3729 2973 3801 προστάγματα
3001 3728 3060 3780 οὗ
3101 3725 3263 3788 καλά,
3305 3727 3395 3779 καὶ
3430 3724 3815 3795 δικαιώματα,
3849 3728 3902 3776 ἐν

2316 3815 2397 3884 οἷς
2426 3821 2485 3873 οὐ
2515 3820 2769 3892 ζήσονται
2804 3822 2861 3871 ὲν
2891 3820 3099 3881 αὐτοῖς·
3124 3837 3142 3869 ι
3183 3818 3243 3870 οὐ
3275 3816 3413 3869 καλά
3461 3817 3540 3879 δὲ,
3579 3816 3662 3887 τῷ
3712 3818 3901 3887 σκοπῷ

2316 3912 2496 3965 αὐτῶν
2520 3929 2533 3941 ο
2564 3912 2749 3983 ἐπειδὴ
2776 3912 2939 3971 καὶοί
2971 3910 3242 3981 καυτῆρες
3273 3911 3368 3962 καὶ
3393 3910 3456 3961 τὸ
3485 3908 3640 3977 ξίφος
3666 3910 3787 3979 (35)
3812 3912 3897 3962 καὶ

2314 4005 2382 4059 τὰ
2411 4006 2697 4078 φάρμακα.
2733 4002 2901 4075 ὲχθρά
2926 4006 3038 4066 τοῖς
3071 4002 3169 4071 οὐχ
3210 4000 3571 4069 ὑγιαίνουσιν·
3606 4000 3898 4069 ἀφύλακτα

2314 4099 2372 4151 δὲ
2394 4099 2479 4152 διά
2504 4100 2599 4169 τὴν
2618 4096 2794 4149 αὐτῶν
2823 4095 3105 4169 παρακοήν
3128 4110 3142 4126 ν
3181 4092 3301 4146 ὅθεν
3326 4094 3419 4145 καὶ
3453 4092 3690 4145 θάνατον
3719 4094 3897 4154 αὐτοῖς

2314 4190 2508 4260 ἐπάγει
2533 4164 2606 4261 μὴ
2635 4164 3028 4259 φυλασσέμενα.

2829 4364 3219 4419 ΚΕΦΑΛᾹΙΟΝ
3243 4364 3372 4417 KB’.

656 4454 810 4523 Quod
848 4456 1082 4509 ascititia
1117 4465 1229 4531 erat
1256 4460 1339 4531 (ea;
1374 4458 1438 4513 de
1462 4460 1761 4529 sacriﬁciis,
1787 4477 1943 4531 quant
1975 4459 2213 4517 ϐίη-ζειαί

2323 4462 2440 4515 Ὅτι
2467 4460 2887 4531 ἐπείσακτοςηό
2915 4456 3015 4531 ἐπί
3044 4454 3154 4528 (56)
3180 4453 3405 4531 θυσιῶν·
3448 4455 3657 4523 νόμος,
3690 4456 3769 4509 ὃν
3795 4472 3893 4509 πε-

1156 4528 1427 4582 adveniens
1462 4528 1697 4584 sustulit.

726 4617 836 4675 Vos
862 4635 991 4690 ergo
1012 4619 1176 4683 beati,
1219 4622 1313 4691 qui
1348 4622 1512 4677 soluti
1535 4625 1668 4677 estis
1698 4620 2021 4677 maledicto:
2048 4623 2208 4677 adve-

652 4715 808 4768 niens
837 4712 983 4768 enim
1014 4711 1267 4768 Christus
1288 4752 1305 4778 ,
1337 4712 1430 4769 Dei
1461 4711 1631 4768 Filius
1653 4755 1668 4780 ,
1704 4714 1870 4781 legem
1910 4723 2085 4768 ratam
2119 4716 2212 4769 ha-

2590 4529 2778 4596 ριεῑλε
2805 4527 3056 4595 Χριστὸς
3084 4526 3585 4594 παραγενόμενος.

2397 4622 2583 4692 Ὑμεῖς
2615 4618 2707 4675 οὖν
2749 4618 3027 4691 μακάριοι,
3064 4619 3114 4670 οἱ
3169 4616 3418 4679 λυθέντες
3454 4618 3558 4685 τῆς
3601 4618 3849 4689 κατάρας
3874 4637 3887 4648 ο

2322 4715 2553 4783 Χριστὸς
2585 4714 2693 4783 γάρ
2734 4711 3193 4783 παραγενόμενος,
3233 4710 3263 4762 δ
3297 4708 3391 4761 τοῦ
3433 4708 3572 4763 Θεοῦ
3602 4710 3757 4776 Υἱὸς,
3802 4713 3889 4763 τὸν

724 4896 791 4929 ⁸⁸⁸
809 4893 979 4952 Exod.
1014 4907 1187 4958 xxxii,
1216 4892 1271 4947 ι.
1348 4892 1364 4923 ⁸
1400 4892 1555 4948 Deut.
1578 4909 1653 4959 γι,
1676 4893 1731 4950 ι.
1807 4862 2169 4951 ’Μιιιιίιέιιιι⁸
2196 4893 2246 4947 Ι(

2358 4893 2543 4949 ’Joan.
2572 4910 2660 4957 xv,
2692 4892 2777 4948 l5.
2866 4891 2889 4923 θ
2911 4891 3107 4948 Ezecb.
3142 4906 3233 4957 xx,
3260 4890 3348 4945 25.

1979 5092 2334 5149 VARIORUM
2370 5092 2601 5149 ΝΟΤᾸΞ.

738 5230 830 5303 29)
850 5229 1069 5303 καλοῦ.
1088 5228 1405 5303 Cod._Vind.
1428 5228 1694 5303 καθαροῦ,
1712 5227 1857 5303 quod
1876 5230 2080 5303 malim.
2102 5229 2205 5303 Ωιι.

869 5302 960 5365 Ὠς
985 5300 1158 5366 ἔοικε,
1182 5300 1261 5367 τῷ
1287 5301 1530 5355 ἀπειθεῖ.
1563 5299 1707 5355 Idem
1732 5299 1902 5357 codex
1936 5319 1950 5355 :
1973 5301 2047 5363 ὼς
2065 5300 2207 5353 οἰκέ-

648 5383 710 5439 τῃ
738 5369 970 5439 ἀπειθεῖ,
993 5371 1134 5439 quod
1157 5372 1369 5427 melius.
1394 5371 1469 5427 In.

865 5438 1021 5504 Τοῖς(
1042 5438 1169 5495 Dele
1189 5455 1311 5494 cum
1337 5442 1459 5495 cod.
1492 5438 1655 5494 Vind.
1679 5439 1756 5493 In.

2312 5227 2495 5281 malim
2546 5243 2667 5281 cum
2714 5225 2877 5299 Vind.
2923 5227 3225 5299 ἐπαίδευσε,
3276 5228 3355 5281 sic
3396 5229 3546 5282 enim
3591 5228 3881 5299 legendum

2310 5299 2365 5352 in
2396 5313 2462 5369 eo
2494 5314 2592 5368 pro
2620 5298 2911 5369 ὲπαίδησε,
2950 5298 3093 5366 quod
3134 5298 3389 5369 vitiosum
3412 5310 3515 5369 est.
3548 5299 3624 5352 In.

2378 5366 2831 5440 (ῖᾶιίγέὶονλείαςίζ
2844 5366 3117 5440 Οὗτοι-καὶ
3135 5369 3162 5418 ὁ
3186 5367 3391 5440 Κύριος
3418 5368 3556 5440 πρὸς
3574 5370 3726 5439 ἡμᾶς
3750 5371 3881 5440 τώς

2304 5432 2482 5491 αὐτοῦ’
2504 5438 2753 5508 μαθητὰς
2780 5432 2952 5490 εἶπεν.
2984 5436 3107 5493 Ηωο
3133 5432 3410 5492 adduhtur
3437 5432 3494 5493 iit
3522 5432 3714 5495 codice
3749 5432 3876 5493 "in;

714 5439 829 5578 (51)
865 5439 1008 5504 Τοῖς.
1042 5439 1169 5495 Dele
1189 5455 1311 5494 cum
1337 5442 1459 5495 cod.
1492 5439 1655 5494 Vind.
1679 5439 1756 5493 In.

740 5507 807 5561 32
860 5509 961 5583 ᾼιὰ
988 5508 1118 5583 τήν·ἒ
1147 5508 1290 5565 Idem
1312 5510 1399 5564 διὰ
1416 5510 1523 5583 γὰρ
1545 5512 1665 5583 τήν,
1696 5517 1754 5565 ιιι
1773 5509 1912 5563 ratio
1949 5510 2198 5580 superio-

2323 5439 2469 5491 ιύτοῦ
2504 5456 2533 5508 μ

2323 5508 2533 5583 lob_.__ln._

645 5590 766 5630 rum
791 5578 1066 5632 reddatur.
1102 5579 1175 5633 In.

705 5646 817 5717 (55)
846 5646 1201 5716 ‘Ezridnasr.
1242 5650 1502 5716 Quamvis
1532 5653 1671 5709 ritus
1700 5646 1923 5704 Mosaici
1946 5664 2073 5705 vera
2096 5648 2206 5717 sint

645 5714 887 5783 vincula,
912 5727 971 5772 nt
996 5714 1167 5787 possit
1186 5714 1307 5777 esse
1335 5718 1425 5776 bic
1464 5720 1590 5775 huic
1618 5719 1783 5775 verbo
1812 5720 1964 5775 locus
1986 5736 1999 5781 :
2023 5714 2207 5775 tamen

2372 5528 2713 5649 ("55302-319009
2747 5577 2907 5649 Vind.
2938 5528 3336 5649 coii.:tt6ﬁptov.
3370 5575 3446 5634 In.

2381 5646 2490 5721 (εδδ)
2520 5646 2667 5721 Ἐπί.
2701 5648 2833 5720 Περί
2858 5648 2912 5701 in
2944 5646 3127 5721 Yind._
3147 5646 3283 5721 cod._
3314 5650 3541 5718 rectius,
3570 5656 3624 5704 et
3645 5664 3752 5721 pro
3778 5665 3881 5705 suo

2311 5716 2479 5791 ριεῖλε
2508 5717 2709 5790 utpqu
2738 5716 3061 5791 a'mpalvw,
3090 5718 3218 5789 ﬁnio
3262 5716 3341 5778 ID.
