4070 6330
193 379 303 441 969

1071 388 1670 449 CONSTITUTIONES
1700 393 2180 455 APOSTOLICAE.
2217 428 2284 438 —
2320 397 2448 454 LIB.
2487 396 2594 455 Vl.‘

3347 405 3451 461 970

190 495 357 567 νόμον
389 495 643 569 κυρώσας
673 497 988 571 ἐπλήρωσεο
1035 507 1104 557 τά
1144 506 1444 560 ἐπείσακτα
1479 510 1768 582 περιεῖλεν,

1879 512 2015 578 ltuit,
2045 521 2098 568 et
2127 514 2405 584 implevit;
2431 515 2604 570 ascita
2623 515 2944 587 amputavit,
2972 515 3075 572 etsi
3101 530 3209 570 non
3241 524 3447 579 omnia,

189 589 243 641 εί
272 589 364 642 καὶ
400 589 472 660 μὴ
507 589 683 643 πάντα
704 629 718 653 ,
752 591 890 646 άλλά
926 611 988 662 γε
1019 595 1087 648 τὰ
1116 596 1415 671 βαρύτερα,
1449 599 1516 652 τά
1551 601 1769 671 μὲνιβε-

189 677 455 744 ϐαιώσας,
484 681 552 734 τὰ
579 682 636 734 δὲ
670 684 885 748 παύσας
911 703 922 715 ·
959 687 1136 741 καὶτὸ
1174 689 1514 756 αὐτεξούσιον
1543 693 1650 747 τῶν
1680 694 1773 748 άν-

189 770 428 842 θρώπων
471 773 631 826 πάλιν
659 776 870 846 ἀφῆκεν
895 778 1197 854 ἐλεύθερον,
1225 782 1286 835 οὑ
1319 785 1641 857 προσκαίρῳ
1673 784 1772 838 θα-

187 862 339 934 νάτῳ
370 864 627 929 δικάζων,
663 868 790 920 ἀλλ’Δ
812 871 869 923 ὲν
912 873 1076 944 ἑτέρᾳ
1109 877 1440 930 καταστάσει
1476 876 1772 946 λογοθετῶν

187 953 325 1007 αὐτό
350 972 362 986 ο
397 956 476 1009 διὸ
495 957 670 1026 λέγειν
718 961 816 1014 «Εἰ
840 979 924 1026 τις
955 963 1083 1037 θέλῃ
1115 965 1291 1022 ὀπίσω
1322 985 1422 1038 μου
1461 968 1652 1034 ἐλθεῖν,
1685 970 1775 1039 ὲρ-

188 1044 401 1116 χέσθω’
433 1065 451 1098 ι
487 1049 580 1101 καὶ
612 1051 773 1104 πάλιν
797 1070 810 1083 ο
837 1054 958 1125 «Μὴ
988 1057 1080 1109 καὶ
1101 1058 1258 1126 ὑμεῖς
1276 1059 1456 1112 θέλετε
1477 1061 1767 1130 ὑτιάγειν;›

193 1137 336 1208 Ἤδη
372 1139 428 1192 δὲ
461 1141 554 1193 καὶ
596 1143 702 1214 πρὸ
740 1143 853 1217 (57)
900 1147 1002 1218 τῆς
1043 1151 1342 1222 παρουσίας
1382 1154 1548 1206 αὐτοῦ
1592 1171 1773 1227 παρῃ-

187 1230 336 1282 τεῖτο
364 1231 463 1295 τὰς
485 1232 578 1285 τοῦ
597 1233 727 1288 λαοῦ
755 1236 965 1303 θυσίας,
985 1240 1244 1306 πολλάκις
1263 1245 1343 1307 εἰς
1360 1245 1521 1298 αὑτὸν
1541 1246 1776 1319 ἐξαμαρ-

187 1321 412 1386 τόντος,
447 1324 815 1409 καὶ-οἰομένου
855 1330 943 1384 διά
986 1333 1185 1387 θυσιῶν
1227 1335 1342 1388 ἀλλ’
1377 1337 1438 1389 οὐ
1476 1337 1564 1390 διά
1609 1355 1774 1409 μετα-

188 1413 344 1479 νοίας
373 1416 537 1470 αὐτὸν
569 1417 1009 1491 ἐξευμενίζεσθαι
1033 1442 1048 1455 ⁸
1084 1425 1230 1494 λέγει
1250 1427 1358 1500 γὰρ
1385 1428 1588 1493 οὕτως*
1621 1431 1774 1484 «Ἵνα

186 1504 248 1559 τί
279 1525 368 1579 μοι
397 1507 614 1564 λίϐανον
641 1502 706 1572 ἐκ
751 1514 902 1569 Σασᾶ
939 1520 1154 1590 φέρεις,
1201 1521 1296 1575 καὶ
1328 1522 1678 1595 κιννάμωμον
1709 1526 1776 1578 ὲκ

185 1597 300 1669 γῆς
317 1601 585 1672 μακρόθεν
601 1619 614 1669 ;
638 1604 706 1658 τά
724 1604 1149 1680 ὁλοκαυτώματα
1162 1610 1191 1664 ὑ
1199 1611 1316 1683 μῶν
1335 1615 1435 1669 οὐκ
1454 1614 1567 1668 ἐστι
1587 1616 1772 1680 δεκτὰ,

187 1690 288 1742 καὶ
315 1692 372 1743 ai
395 1691 571 1747 θυσίαι
603 1695 757 1767 ὑμῶν
785 1699 883 1769 οὐχ
915 1699 1112 1771 ῆδυνάν
1142 1720 1233 1773 μοι
1256 1721 1270 1733 ·
1301 1723 1319 1755 ι
1355 1706 1449 1758 καὶ
1470 1702 1597 1777 ἑξῆς
1619 1725 1634 1738 ·
1663 1709 1775 1762 «Τὰ

185 1779 616 1862 ὁλοκαυτώματα
667 1788 822 1866 ὑμῶν
857 1793 1188 1862 συναγάγετε
1244 1795 1383 1867 μετὰ
1418 1797 1527 1850 τῶν
1573 1798 1774 1854 θυσιῶν

188 1871 369 1943 ὑμῶν,
419 1852 516 1929 καὶ
562 1852 763 1948 φάγετε
813 1883 949 1953 κρέα
1285 1888 1384 1940 οὐκ
1422 1852 1773 1962 ἐνετειλάμην
1804 1852 1848 1907 Β

186 1962 341 2034 ὑμῖν,
369 1967 530 2038 ἡνίκα
541 1968 808 2041 ἐξήγαγον
820 1974 964 2044 ὑμᾶς
981 1976 1047 2028 ἐκ
1063 1976 1168 2047 γῆς
1187 1977 1484 2046 Αἰγύπτου,
1507 1982 1635 2052 περὶ
1651 1981 1772 2034 ὀλο-

185 2059 567 2130 καυτωμάτων
602 2064 696 2116 καὶ
722 2064 942 2120 θυσιῶν.
983 2087 1002 2119 ι
1053 2069 1163 2123 Καὶ
1204 2068 1292 2122 διὰ
1334 2070 1554 2126 Ἡσαΐου
1587 2074 1771 2144 λέγει·

192 2172 214 2205 ι
229 2157 410 2226 Τί,μοι
428 2153 634 2225 πλῆθος
658 2155 765 2210 τῶν
786 2156 985 2212 θυσιῶν
1007 2159 1182 2231 ὑμῶν,
1205 2160 1351 2231 λέγει
1371 2164 1606 2240 Κύριος;
1638 2165 1776 2237 πλή-

185 2264 295 2321 ρης
313 2246 427 2317 είμὶ
448 2245 916 2319 ὁλοκαυτωμάτων
937 2251 1128 2322 κριῶν·
1154 2254 1248 2306 καὶ
1273 2254 1439 2327 στέαρ
1457 2255 1658 2327 ἀρνῶν,
1681 2259 1777 2312 καὶ

184 2335 334 2410 αἷμα
361 2339 576 2410 ταύρων
621 2340 713 2393 καὶ
759 2341 981 2412 τράγων
1026 2343 1087 2397 οὐ
1121 2342 1404 2416 βούλομαι,
1440 2346 1558 2399 οὐδ’
1587 2347 1655 2401 ἂν
1681 2349 1775 2421 ἕρ-

185 2429 360 2504 χησθε
373 2430 604 2512 ὀφθῆναί
627 2450 735 2504 μοι.
761 2434 858 2498 Τίς
867 2435 975 2507 γάρ
988 2434 1282 2508 ὲξεζήτησε
1292 2436 1466 2492 ταῦτα
1478 2441 1542 2492 ὲκ
1555 2440 1662 2494 τῶν
1673 2458 1777 2512 χει-

187 2521 305 2595 ρῶν
326 2511 499 2592 ὑμῶνς
521 2525 717 2576 Πατεῖν
738 2526 837 2596 τὴν
857 2526 1028 2599 αὐλήν
1062 2545 1164 2598 μου
1187 2529 1248 2581 οὐ
1280 2531 1653 2603 προσθήσεσθε
1672 2534 1774 2588 ἔτι.

186 2611 320 2667 Ἐάν
334 2614 533 2685 φέρητέ
548 2633 637 2686 μοι
655 2616 952 2687 σεμίδαλιν,
970 2619 1778 2695 μάταιονθθυμίαμα,βδέλυγμά

190 2697 291 2778 μοι¹
319 2705 454 2759 ἐστί.
488 2707 598 2770 Τάς
617 2708 908 2780 νεομηνίας
939 2710 1112 2780 ὑμῶν,
1132 2711 1311 2765 καὶτὰ
1329 2713 1774 2787 Σάϐϐαταύμῶν,

189 2800 290 2852 καί
319 2799 533 2870 ἡμέραν
558 2799 799 2872 μεγάλην
830 2803 932 2855 οὐκ
959 2802 1242 2874 ἀνέχομαι·
1265 2807 1540 2877 νηστείαν,
1565 2810 1658 2861 καὶ
1678 2809 1778 2881 άρ-

190 2889 343 2958 γίαν,
367 2890 569 2952 καὶτὰς
589 2891 783 2961 ἑορτὰς
797 2891 950 2963 ὑμῶν
974 2896 1123 2965 μισεῖ
1139 2896 1329 2968 ἡψυχὴ
1348 2916 1470 2970 μου.
1492 2901 1780 2974 Ἐγενήθη-

189 2981 256 3035 τέ
281 2998 369 3052 μοι
391 2983 469 3044 είς
492 2981 830 3054 πλησμονήν.
846 3005 863 3035 ι
881 2987 989 3039 Καὶ
1009 2985 1076 3040 δι’
1091 2988 1280 3060 ἑτέρου
1295 2989 1495 3059 λέγει’(
1521 2992 1780 3066 ’Δπόστη-

194 3091 289 3128 σον
310 3075 388 3126 ἀπ
403 3073 417 3090 ⁸
435 3074 570 3144 ἐμοῦ
591 3071 723 3146 ἦχον
741 3076 895 3147 ᾠδῶν
919 3095 1035 3145 σου,
1051 3082 1145 3134 καὶ
1174 3081 1386 3154 ψαλμὸν
1411 3084 1659 3156 ὀργάνων
1681 3104 1776 3141 σου

1876 604 1971 658 scd
2007 607 2257 674 graviora
2285 623 2298 670 ;
2335 607 2424 659 illa
2457 607 2677 698 quidgm
2707 609 3051 671 conﬁrmata,
3082 607 3167 661 bis
3200 623 3330 661 vero
3362 611 3450 661 ab.

1874 696 2095 752 dicatis.
2130 696 2455 767 Rursusque
2485 696 2810 768 potestatem
2843 699 3124 752 hominum
3150 699 3356 753 dimisit
3391 701 3453 752 li-

1873 785 2092 850 beram,
2127 803 2236 841 non
2271 790 2613 858 temporaria
2641 789 2805 842 morti
2849 788 3242 849 condemnatis,
3277 789 3372 842 scd
3396 791 3451 842 in

1875 880 2046 934 altero
2079 888 2223 934 statu
2254 881 2519 936 rationem
2553 882 2621 936 ab
2652 896 2719 936 eo
2751 896 3045 951 reposcens
3077 897 3088 930 :
3122 889 3455 949 quapropter

1875 973 1988 1024 ait:
2046 990 2064 1021 ι
2097 970 2154 1025 Si
2199 973 2324 1041 quis
2357 975 2474 1026 vult
2518 981 2642 1043 post
2684 989 2773 1028 me
2801 973 3011 1033 venire,
3047 971 3309 1034 veniat";
3350 990 3367 1020 ι
3401 985 3452 1024 ct

1875 1061 2073 1116 iterum
2117 1078 2130 1112 :
2172 1060 2472 1133 «Nunquid
2522 1073 2576 1118 et
2622 1079 2720 1116 vos
2768 1062 2935 1118 vultis
2978 1060 3215 1115 abire“?
3249 1060 3448 1114 i’Jam

1875 1169 2005 1207 vero
2058 1153 2222 1207 etiam
2258 1161 2397 1208 ante
2444 1154 2736 1208 adventum
2780 1169 2936 1208 suum
2969 1153 3325 1206 aversabatur
3374 1169 3454 1206 Sil-

1877 1243 2086 1296 criﬁcia
2126 1245 2333 1313 populi,
2375 1245 2469 1314 qui
2504 1222 2646 1313 sirpe
2671 1245 2723 1297 in
2753 1237 2876 1298 eum
2910 1243 3192 1312 peccabat,
3227 1250 3279 1294 ct
3315 1242 3458 1294 arbi-

1876 1337 2128 1400 trabatur
2156 1351 2254 1405 per
2284 1335 2586 1400 sacriﬁcia,
2620 1346 2676 1391 ct
2706 1351 2815 1389 non
2859 1336 3038 1405 potius
3076 1350 3172 1403 per
3196 1335 3457 1402 poeniten-

1876 1428 2007 1481 tiam
2037 1443 2161 1481 eum
2189 1430 2415 1498 placari.
2447 1428 2522 1482 Ita
2542 1430 2688 1484 enim
2713 1429 2954 1499 loquitur
2986 1447 2999 1482 :
3034 1426 3271 1497 «thuid
3317 1427 3456 1481 mihi

1876 1519 2005 1573 thus
2034 1519 2102 1573 de
2133 1517 2278 1573 Saba
2312 1519 2497 1582 alfcrs,
2528 1530 2582 1575 et
2611 1519 3019 1574 cinnamomum
3051 1519 3120 1574 de
3159 1527 3306 1573 terra
3334 1520 3455 1572 lon-

1875 1607 2114 1678 ginqua?
2166 1598 2621 1663 Holocauto'mata
2664 1620 2845 1664 vestra
2887 1625 2996 1663 non
3037 1618 3167 1664 sunt
3208 1618 3453 1678 accepta,

1876 1709 1930 1754 et
1955 1700 2228 1754 sacriﬁcia
2260 1709 2442 1754 vestra
2469 1715 2579 1754 non
2601 1700 2737 1754 mihi
2765 1699 3285 1769 fueruntjucunda"
3311 1718 3323 1764 ;
3359 1720 3374 1748 ι
3404 1709 3458 1753 et

1876 1791 2137 1861 deinceps
2187 1807 2200 1842 :
2267 1809 2286 1841 ι
2332 1792 2788 1848 Holocautomala
2856 1801 3038 1848 vestra
3126 1801 3459 1862 congregato

1877 1897 2002 1936 cum
2047 1881 2333 1938 sacriﬁciis
2371 1885 2596 1943 vestris.
2641 1891 2695 1938 ct
2738 1885 3006 1938 comedite
3053 1899 3250 1938 carnes
3285 1898 3298 1934 :
3329 1884 3460 1952 quia

1876 1987 1986 2048 non
2035 1971 2268 2041 praecepi
2313 1971 2509 2034 vobis,
2549 1971 2771 2041 quando
2845 1971 3011 2025 eduxi
3077 1985 3173 2024 vos
3230 1984 3295 2022 ex
3347 1978 3461 2022 ter-

1876 2085 1939 2124 ra
2012 2069 2269 2141 IEgypti,
2346 2069 2414 2125 de
2477 2069 3016 2124 liolocautomatilms
3099 2075 3155 2121 et
3245 2067 3460 2120 sacriﬁ-

1875 2163 2035 2217 ciis’.
2071 2181 2090 2215 ι
2130 2161 2193 2215 Et
2221 2177 2319 2232 per
2362 2161 2560 2217 Isaiam
2609 2161 2744 2216 dicit
2777 2181 2790 2215 :
2840 2180 2858 2213 ι
2893 2161 3012 2226 Quo
3040 2160 3170 2214 milii
3211 2157 3461 2212 undtitu-

1876 2254 2058 2309 dinem
2110 2254 2509 2309 sacriliciorum
2558 2260 2914 2317 vestrorum,
2965 2251 3100 2305 dicit
3148 2248 3460 2303 Dominus?

1877 2345 2074 2415 plenus
2103 2360 2226 2400 sum
2257 2343 2601 2399 holocaustis
2646 2343 2916 2407 arietum;
2949 2349 3004 2395 et
3042 2339 3254 2408 adipem
3288 2352 3458 2407 agno—

1877 2452 2023 2496 rum.
2057 2450 2121 2490 ac
2151 2437 2475 2506 sanguinem
2510 2436 2795 2489 taurorum
2815 2441 2980 2503 atque
3011 2432 3286 2485 hircorum
3310 2428 3460 2492 nolo;

1878 2545 2057 2598 neque
2098 2530 2141 2584 si
2177 2528 2442 2592 veniatis,
2480 2534 2541 2580 ut
2571 2526 2882 2596 appareatis
2934 2525 3087 2578 mihi.
3137 2521 3274 2587 Quis
3312 2522 3460 2575 enim

1876 2621 2130 2692 quaesivit
2168 2620 2284 2674 haec
2313 2620 2381 2673 de
2423 2619 2680 2672 manibus
2713 2614 2958 2670 vestris?
2987 2612 3214 2668 Galeare
3261 2613 3460 2663 atrium

1877 2729 2060 2767 meum
2090 2728 2198 2766 non
2229 2712 2516 2782 apponetis
2547 2710 2804 2778 amplius.
2836 2707 2895 2760 Si
2927 2704 3169 2760 aﬁcratis
3212 2702 3346 2756 mihi
3384 2703 3463 2756 si-

1879 2806 2086 2867 milam,
2151 2821 2386 2870 vanum;
2448 2805 2735 2859 incensum
2782 2799 3120 2855 abominatio
3188 2797 3322 2849 mihi
3355 2804 3462 2850 est.

1877 2896 2207 2953 Neomeuias
2236 2905 2470 2961 vestras,
2495 2902 2550 2950 et
2575 2895 2816 2953 Sabbata
2837 2900 3042 2952 vestra,
3068 2897 3123 2944 et
3155 2888 3301 2942 diem
3338 2901 3461 2940 nia--

1878 3006 2046 3062 pnum
2076 3006 2187 3045 non
2221 2990 2375 3045 fero:
2404 2989 2704 3059 jejunium,
2741 2994 2796 3041 et
2827 2986 3026 3048 otium,
3060 2992 3113 3037 et
3143 2980 3465 3036 solemnita-

1881 3090 1964 3138 tes
1995 3090 2212 3138 vestras
2241 3081 2357 3135 odit
2381 3082 2564 3135 anima
2593 3094 2734 3134 mea.
2769 3077 2920 3132 Facti
2951 3076 3088 3132 estis
3119 3073 3250 3129 mihi
3294 3073 3347 3126 in
3377 3088 3467 3125 sa-

189 3167 295 3220 οὐκ
309 3166 631 3238 ἀκούσομαι.
648 3170 784 3222 »Καὶ
802 3169 878 3240 τῷ
898 3171 1071 3225 Σαοὺλ
1100 3175 1129 3225 ὁ
1163 3175 1418 3248 Σαμουὴλ
1437 3177 1584 3250 λέγει
1611 3177 1775 3235 θῦσαι

1880 3176 2122 3231 tietatem
2153 3177 2216 3230 ὀ.
2251 3194 2268 3226 ι
2302 3174 2368 3227 Ει
2421 3189 2518 3243 per
2557 3173 2723 3226 alium
2763 3169 2898 3225 dicit
2935 3186 2947 3221 :
2981 3186 2999 3218 ι
3039 3169 3246 3221 Amore
3292 3179 3321 3216 a
3378 3179 3464 3217 me

189 3259 522 3328 νενομικότιο
551 3277 566 3309 ι
615 3259 817 3330 Ἀγαθὴ
835 3262 972 3334 ἀκοὴ
995 3264 1134 3335 ὑπὲρ
1155 3264 1477 3322 θυσίσνοκαὶ
1496 3271 1776 3344 ἀκρόαμα,

192 3349 340 3421 ὑπὲρ
363 3349 527 3421 στέαρ
541 3351 728 3423 κριῶν.
749 3353 878 3408 ’ἰδοὺ
891 3353 998 3426 γάρ
1009 3357 1070 3408 οὐ
1086 3356 1230 3410 θέλει
1253 3359 1454 3430 Κύριος
1475 3362 1682 3431 θυσίαν,
1700 3364 1778 3427 ὡς

191 3442 255 3494 τὸ
286 3443 591 3496 εἰσακούειν
620 3444 807 3500 αὐτοῦ.
847 3466 866 3498 ι
894 3448 1005 3501 Καὶ
1031 3448 1120 3502 διὰ
1139 3450 1235 3504 τοῦ
1258 3451 1422 3508 Δασιδ
1447 3453 1615 3524 λέγει·
1651 3475 1670 3508 ι
1699 3459 1776 3512 Οὐ

195 3531 421 3604 δέξομαι
450 3536 515 3588 ἐκ
538 3535 631 3588 τοῦ
649 3538 797 3590 οῖκου
834 3556 927 3591 σου
971 3540 1223 3612 μόσχους·
1259 3545 1384 3598 οὐδὲ
1428 3546 1494 3600 ἐκ
1522 3547 1630 3601 τῶν
1658 3565 1780 3602 ποι-

194 3626 369 3698 μνίων
404 3643 494 3679 σου
527 3627 813 3701 χιμάρους.
871 3631 996 3684 Ἐὰν
1047 3633 1158 3705 (59)
1192 3637 1454 3699 πεινάσω,
1487 3640 1548 3691 οὐ
1581 3641 1655 3711 μή
1695 3658 1778 3694 σοι

192 3718 356 3770 είπω·
381 3718 488 3789 ἐμὴ
515 3720 624 3791 γάρ
650 3721 854 3793 ἐστινὴ
897 3725 1190 3800 οἰκουμένη
1238 3729 1333 3781 καὶ
1384 3729 1446 3782 τὸ
1506 3731 1784 3804 πλήρωμα

190 3808 386 3878 αὐτῆς.
422 3811 512 3882 Μὴ
539 3811 781 3883 φάγομαι
809 3815 944 3885 κρέα
993 3817 1241 3888 ταύρων,
1291 3822 1326 3894 ἢ
1365 3817 1504 3893 αἷμα
1562 3825 1780 3896 τράγων

192 3899 424 3970 πίομαις
457 3901 618 3954 θῦσον
642 3903 722 3974 τῷ
745 3903 864 3976 Θεῷ
898 3907 1090 3962 θυσίαν
1114 3910 1372 3975 αἰνέσεως
1397 3951 1410 3974 ,
1443 3916 1538 3967 καὶ
1585 3917 1780 3983 ἀπόδος

191 3991 275 4063 τῷ
318 3992 556 4064 Ὑψίστῳ
586 3994 684 4058 τὰς
713 3996 876 4066 εὐχάς
920 4016 1032 4052 σου.
1073 4019 1092 4051 ι
1125 4003 1236 4054 Καὶ
1267 4005 1322 4056 ὲν
1348 4005 1550 4071 πάσαις
1578 4007 1634 4060 δὲ
1660 4014 1782 4074 ταῖς

193 4085 237 4139 Γ
242 4089 442 4156 ραφαίς
472 4088 675 4157 ὁμοίως
705 4089 883 4142 αὐτῶν
910 4091 1009 4155 τάς
1036 4092 1226 4158 θυσίας
1274 4096 1664 4163 ἀπαναίνεται,
1694 4103 1783 4157 διὰ

191 4177 258 4230 τὸ
289 4178 616 4248 ἐξαμαρτεῖν
655 4181 852 4245 αὐτοὺς
882 4185 962 4247 εἰς
1008 4185 1190 4240 αὐτόν.
1234 4206 1252 4238 ι
1290 4188 1484 4244 Θυσίαι
1515 4192 1623 4264 γὰρ
1651 4195 1782 4248 άσε.⁴

192 4267 340 4335 ϐῶν,
378 4270 653 4364 βδέλυγμα
707 4274 859 4344 παρὰ
905 4277 1115 4364 Ιςυρίην
1164 4280 1259 4332 καὶ
1303 4281 1412 4354 γάρ
1449 4286 1783 4363 παρανόμως

194 4363 599 4434 προσφέρουσιν
637 4366 822 4429 αὐτάς·
859 4386 878 4418 ›
913 4360 1007 4422 καὶ
1028 4371 1210 4425 πάλιν·
1245 4391 1264 4424 ι
1302 4375 1368 4426 Αἱ
1399 4374 1578 4430 θυσίαι
1605 4360 1784 4434 αὐτῶν

194 4457 276 4521 ὡς
307 4458 468 4528 ἄρτος
521 4458 750 4522 πένθους
782 4460 986 4524 αὐτοῖς’
1020 4463 1222 4527 πάντες
1258 4466 1310 4517 οἰ
1362 4467 1632 4533 ἐσθίοντες
1680 4472 1780 4524 αὺ-

1882 3272 2123 3326 sonitum
2169 3268 2477 3323 carminum
2541 3275 2760 3320 tuorum
2791 3281 2804 3317 :
2832 3269 2887 3317 et
2915 3259 3187 3332 psalmum
3230 3270 3467 3325 organo-

1878 3379 2000 3417 rum
2017 3373 2240 3417 tuorum
2265 3376 2377 3414 non
2409 3358 2627 3414 audiam
2659 3357 2719 3406 “.
2763 3374 2781 3406 ι
2817 3353 2884 3407 Et
2914 3351 3134 3406 Samuel
3166 3348 3338 3410 Sauli,
3371 3349 3468 3418 qui
3505 3383 3512 3391 ι

1880 3455 2215 3511 sacriﬁcium
2259 3467 2321 3507 se
2358 3451 2626 3505 obtulisse
2671 3446 2921 3518 putabat.
2976 3444 3052 3497 ait
3089 3463 3100 3494 -.
3143 3461 3160 3493 ι
3199 3441 3347 3496 Bona
3383 3450 3469 3495 est

1880 3547 2192 3604 obedientia
2218 3559 2386 3615 super
2415 3540 2776 3603 sacriﬁcium;
2799 3547 2853 3590 et
2885 3536 3117 3590 auditio.
3154 3550 3319 3604 super
3348 3534 3466 3586 adi-

1880 3656 2004 3711 pem
2036 3639 2293 3695 arietum.
2322 3635 2461 3690 Ecce
2490 3633 2635 3688 enim
2663 3646 2770 3685 non
2793 3630 2907 3683 vult
2942 3628 3210 3681 Dominus
3252 3627 3470 3679 sacriﬁ-

1881 3734 2052 3796 cium,
2109 3733 2253 3787 sicut
2279 3736 2338 3782 ut
2379 3726 2705 3782 obediamus
2727 3725 2777 3778 ei
2811 3723 2875 3777 ".
2913 3741 2931 3772 ι
2962 3720 3026 3774 Et
3059 3735 3154 3790 per
3207 3717 3466 3770 Davidcm

1882 3825 1958 3879 ait
1989 3842 2004 3881 :
2035 3842 2054 3876 ι
2087 3823 2209 3877 Non
2239 3821 2507 3891 accipiam
2542 3819 2610 3872 de
2641 3817 2806 3870 domo
2859 3823 2952 3867 tua
2991 3813 3229 3875 vitulos;
3290 3827 3469 3880 neque

1881 3917 2234 3988 depgregibus
2266 3913 2377 3967 tu'is
2405 3912 2612 3965 hircos.
2648 3908 2704 3962 Si
2733 3908 3006 3970 esuriero,
3039 3921 3148 3958 non
3177 3903 3356 3955 dicam
3402 3904 3470 3953 ti-

1882 4008 1937 4063 bi
1971 4027 1987 4064 :
2022 4023 2178 4062 meus
2206 4014 2292 4062 est
2321 4005 2465 4060 enim
2513 4002 2666 4056 orbis
2707 4008 2890 4063 terras,
2923 4005 2978 4053 ct
3007 3996 3288 4067 plenitudo
3321 3995 3463 4063 ejus.

1884 4101 2140 4172 Nunquid
2169 4097 2514 4154 manducabo
2544 4109 2740 4149 carnes
2770 4103 3079 4152 taurorum,
3108 4096 3202 4142 aut
3245 4087 3471 4157 sangui-

1883 4209 2010 4249 nem
2041 4192 2324 4246 hircorum
2357 4187 2584 4259 potabo?
2609 4185 2834 4240 Immola
2861 4182 2972 4238 Deo
2996 4179 3328 4237 sacriﬁcium
3353 4180 3471 4232 lau-

1885 4285 1993 4347 dis,
2025 4291 2080 4339 et
2103 4283 2272 4338 redde
2321 4280 2611 4335 Altissimo
2668 4287 2796 4332 vota
2849 4283 2942 4330 tua
2978 4274 3039 4326 ¹³.
3085 4293 3102 4326 ι
3141 4271 3205 4327 Et
3255 4288 3385 4325 vero
3415 4275 3470 4324 in

1884 4377 2144 4433 omnibus
2176 4373 2482 4444 Scripturis
2528 4371 2785 4427 similiter
2821 4383 3015 4437 eorum
3061 4365 3335 4422 sacriﬁcia
3385 4381 3476 4419 re-

1885 4469 2030 4534 nuit;
2052 4467 2180 4538 quia
2205 4466 2259 4520 in
2284 4480 2411 4521 cum
2453 4465 2559 4535 ipsi
2608 4469 2920 4533 peccaraut.
2955 4481 2972 4511 ι
3011 4459 3294 4515 Sacriﬁcia
3323 4460 3472 4514 enim

193 4549 296 4612 τὰς
325 4549 764 4622 μολυνθήσονται.
801 4570 817 4602 ι
857 4553 917 4605 Εἰ
944 4550 1042 4607 οὖν
1074 4555 1173 4608 καὶ
1192 4557 1297 4628 πρὸ
1326 4557 1425 4628 τῆς
1477 4564 1778 4633 παρουσίας

1887 4535 2205 4630 impiorum,
2233 4556 2578 4612 abominatio
2606 4555 2751 4625 apud
2784 4553 3080 4608 Dominum
3101 4555 3332 4609 :etenim
3366 4555 3475 4608 ini-

195 4641 367 4696 αὐτοῦ
390 4685 404 4707 ,
436 4643 574 4713 ὑπὲρ
604 4642 792 4706 θυσίας
819 4647 1045 4716 καρδίαν
1077 4648 1324 4722 καθαράν
1356 4651 1631 4723 ἐπεζήτει,
1687 4658 1782 4708 καί⁹

197 4733 430 4804 πνεῦμαξ
451 4737 926 4807 συντετριμμένον,
951 4738 1131 4810 πολλῷ
1162 4741 1361 4812 μᾶλλον
1380 4742 1550 4797 ἐλθὼν
1574 4745 1778 4799 ἔπαυσε

195 4824 424 4888 ταύτας,
468 4828 643 4898 φαμὲν
707 4827 817 4901 (40)
876 4831 974 4895 τὰς
1042 4833 1108 4886 δι’
1143 4835 1411 4906 αἱμάτων
1468 4836 1670 4892 ἔπαυσε
1723 4839 1782 4893 δὲ

197 4917 400 4984 αὑτάς,
459 4917 546 4971 διὰ
597 4919 692 4972 τοῦ
754 4922 1018 4995 πρότερον
1050 4925 1354 4997 πληρῶσαιο
1390 4929 1484 4982 καὶ
1518 4929 1626 5002 γάρ
1680 4947 1783 4984 πε-

199 5009 615 5082 ριετμήθη,καὶ
669 5013 1027 5089 ἐρραντίσθη,
1091 5019 1283 5084 θυσίας
1330 5036 1390 5073 τε
1434 5025 1781 5094 προσήνεγκε

199 5104 300 5157 καὶ
325 5103 740 5172 ὁλοκαυτώσεις,
767 5109 992 5175 καὶτοῖς
1013 5111 1192 5177 ἄλλοις
1217 5112 1464 5186 ἐθισμοῖς
1484 5116 1778 5188 ὲχρήσατο’

1890 4668 1995 4722 que
2024 4649 2262 4706 offerunt
2290 4649 2444 4714 ca“;
2475 4668 2493 4698 ι
2526 4655 2580 4703 et
2610 4647 2810 4701 iterum
2839 4665 2853 4701 ι
2893 4665 2912 4697 ι
2948 4646 3232 4700 Sacriﬁcia
3255 4661 3472 4711 eorum,

1887 4745 2047 4815 quasi
2070 4743 2229 4814 panis
2253 4742 2437 4797 luctus
2465 4740 2548 4796 eis
2581 4760 2593 4794 :
2620 4754 2815 4794 omnes
2841 4739 2936 4810 qui
2975 4739 3263 4794 comedent
3277 4755 3362 4805 ea,
3387 4740 3473 4793 in-

1888 4836 2264 4907 quinabuntur
2310 4834 2376 4888 ¹³.
2430 4853 2449 4885 ι
2487 4831 2545 4886 Si
2595 4847 2729 4902 ergo
2776 4832 2942 4886 etiam
2996 4841 3121 4886 ante
3174 4831 3472 4885 adventum

1891 4944 2076 4993 suum,
2106 4942 2272 4998 super
2299 4924 2575 4982 sacriﬁcia
2598 4924 2882 4995 quaerebat
2919 4939 3016 4979 cor
3066 4923 3331 4978 mundum
3354 4963 3372 4985 ,
3415 4931 3465 4978 e'

1891 5022 2146 5094 spiritum
2172 5021 2471 5075 contritum
2501 5019 2567 5087 ης
2600 5018 2773 5072 multo
2801 5019 2998 5088 magis.
3040 5025 3332 5090 postquam
3377 5033 3474 5072 ve-

1891 5119 1994 5184 nit,
2025 5115 2119 5170 illa
2162 5114 2483 5185 abrogavit;
2532 5111 2826 5178 sacriﬁcia,
2882 5111 3143 5178 dicimus,
3195 5118 3469 5167 cruenta:

275 5289 661 5364 {Mattlnsvh
687 5293 788 5364 24.
865 5297 884 5328 ⁸
917 5297 1075 5354 Joan.
1111 5317 1188 5362 vi,
1248 5299 1340 5356 67.
1415 5303 1435 5333 ⁷
1467 5303 1611 5357 Citat
1629 5301 1937 5360 Cedrenus.
1973 5305 2112 5360 Vide
2146 5305 2353 5359 testim.
2397 5307 2505 5356 vet.
2581 5301 2605 5333 ⁸
2631 5301 2743 5357 Jer.
2780 5317 2856 5364 νι,
2880 5299 2971 5355 ‘20.
3050 5297 3209 5353 ’Jer.
3242 5313 3341 5362 vn,
3377 5299 3469 5353 2|.

202 5363 248 5395 ιο
278 5361 383 5432 l_sa.
432 5376 469 5421 ι,
520 5361 615 5432 Ηἒ
683 5362 721 5432 ’l
755 5364 922 5422 Amos
976 5370 1146 5432 v.25.

204 5434 250 5465 “
279 5429 428 5485 Psal.
467 5447 518 5496 L,
553 5428 753 5495 13,19.

1225 5371 1268 5403 "
1297 5370 1316 5424 l
1343 5370 1477 5443 Reg.
1515 5389 1604 5436 sv,
1628 5375 1720 5428 εἰ.
1799 5376 1841 5406 ⁸³
1864 5375 2011 5430 Psal.
2045 5391 2194 5438 χιιι,
2218 5379 2276 5438 9,
2317 5371 2404 5426 12.
2484 5369 2526 5401 “
2553 5370 2715 5428 Prov.
2749 5388 2866 5436 XXI,
2897 5369 2988 5424 ‘27.

3069 5370 3110 5401 ⁸⁵
3138 5367 3267 5424 Osc.
3307 5383 3384 5434 Iv,
3420 5375 3475 5430 ι,

1553 5587 1859 5643 VARIORU
1871 5588 1916 5642 Μ
1951 5588 2183 5648 ΝΟΤΛΕ.

374 5787 390 5860 )
421 5788 594 5860 Κρέα.
621 5788 702 5860 Τά
723 5787 860 5860 κρέα
886 5792 1091 5846 rectius
1114 5791 1167 5844 in
1191 5792 1314 5846 cod.
1348 5787 1509 5846 Vind.
1533 5793 1702 5846 Cncn.

300 5856 396 5927 59)
447 5857 603 5913 Ἐάν.
640 5856 893 5914 ΙΙιειῐνοχ
913 5868 968 5916 et
991 5863 1236 5932 quinque
1291 5879 1444 5934 seqq.
1495 5861 1694 5918 desunt
1723 5862 1780 5915 in

447 5954 722 6014 PATBOL.
755 5953 871 6012 Gtt.
927 5955 975 6015 Ι.

276 5714 397 5929 ἐξ)
433 5718 571 5784 "pd.
603 5718 874 5788 Corrupto
902 5718 956 5773 in
989 5718 1241 5775 Cedreno
1271 5721 1416 5842 περέ.
1451 5720 1591 5775 Cor.

374 5787 390 5858 )
421 5788 594 5856 Κρέα.
621 5788 702 5842 Τά
723 5789 860 5860 κρέα
886 5792 1091 5846 rectius
1114 5791 1167 5844 in
1191 5792 1314 5846 cod.
1399 5791 1509 5846 iud.
1533 5793 1591 5846 Ct

300 5856 396 5927 59}
447 5857 603 5913 Ἐάν.
640 5857 764 5913 llaec
787 5875 893 5914 vox
913 5868 968 5916 et
991 5863 1236 5929 quinque
1291 5879 1444 5929 seqq.
1495 5861 1591 5918 des

1887 5724 2011 5780 cod.
2039 5721 2203 5776 Vind.
2234 5721 2310 5778 In.

1959 5793 2070 5860 (ιο)
2110 5793 2327 5862 Φαμὲν.
2357 5790 2522 5846 Addit
2543 5791 2720 5848 codex
2748 5790 2914 5848 Vind.
2943 5792 3032 5866 δή.
3063 5789 3146 5847 In.

3136 5950 3210 6014 31
