4022 6338
128 409 245 468 993

1012 407 1605 465 CONSTITIJTIONES
1641 408 2112 469 APOLTOLICAZ.
2148 443 2216 454 —
2256 413 2382 470 LIB.
2424 410 2537 466 VII.

3288 401 3394 465 994

131 525 204 582 τ’.
259 521 686 593 Ἀπατόρευσις
711 529 1085 595 γογγυσμοῦ,
1118 529 1215 599 καὶ
1242 531 1587 596 αὐθαδείας,
1613 527 1709 583 καὶ
1741 564 1748 588 Α

1817 527 1924 583 VII.
1970 528 2278 583 Interdictio
2320 524 2783 587 murmurationis,
2831 521 3164 592 pervicacia,
3209 533 3362 586 super

207 616 619 685 ὑπερηφανίας
634 661 646 684 ,
681 618 777 672 καὶ
801 622 1190 688 θρασύτητος.

130 711 208 772 η’.
268 707 410 775 Περὶ
467 711 904 780 μακροθυμίας,
983 713 1265 780 ἀκακίας,
1343 717 1672 784 πραότητος
1694 752 1710 778 ,

207 797 515 870 ὑπομονῆς

132 893 206 945 0'.
250 894 378 946 Ὅτι
425 893 539 963 χρὴ
587 894 727 962 τοὺς
781 895 930 950 κατὰ
969 898 1225 964 Χριστὸν
1268 897 1712 964 διδασκάλους,

208 986 435 1056 γονέων
472 987 684 1041 πλεῖον
728 987 1020 1057 ἡγεῖσθαιι
1064 992 1119 1043 ot
1149 990 1282 1059 μὲν.
1303 991 1414 1060 γὰρ
1441 990 1505 1045 τὸ
1538 992 1606 1046 εὖ
1630 992 1714 1046 εἷ-

208 1095 306 1130 ναι
331 1120 342 1142 ,
378 1081 427 1130 οί
455 1077 520 1130 δὲ
555 1079 618 1131 τὸ
651 1080 801 1132 εἷναι
825 1082 1017 1149 μόνον
1045 1083 1433 1152 παρέχουσιν.

138 1173 194 1224 ι’.
236 1170 367 1221 Ὅτι
407 1167 520 1237 χρὴ
549 1169 635 1238 μὴ
671 1170 1015 1239 ἀποσχίζων
1058 1172 1176 1226 τῶν
1211 1175 1425 1244 ἁγίων,
1461 1176 1599 1230 ἀλλ’
1630 1178 1713 1234 al-

205 1261 485 1328 ρηνεύειν
508 1263 911 1333 μαχομένους,
945 1266 1171 1332 κρίνειν
1216 1282 1278 1320 τε
1317 1266 1586 1334 δικαίως,
1616 1269 1715 1322 καὶ

207 1355 289 1424 μὴ
322 1356 877 1423 προσωποληπτεῖν.

132 1456 234 1501 ια’.
276 1447 414 1515 Περὶ
444 1447 734 1515 διψύχου,
764 1449 1152 1518 ὀλιγοπίστου
1189 1451 1229 1504 ¹.

133 1544 227 1595 ιϐ’.
269 1540 408 1608 Περὶ
439 1541 724 1605 εὐποιίας.

132 1635 230 1698 ιγ’.
273 1631 471 1696 Ὅπως
492 1631 588 1684 δεῖ
625 1633 1069 1703 προσφέρεσθαι
1120 1635 1242 1702 τοῖς
1282 1635 1527 1703 οἰκέταις
1574 1637 1715 1704 τοὺς

212 1723 478 1791 κυρίους·
511 1723 610 1778 καὶ
639 1723 798 1790 ὅπως
824 1726 942 1794 χρὴ
974 1726 1430 1784 ὑποτάσσεσθαι
1465 1729 1606 1795 τοὺς
1635 1732 1716 1784 οὶ-

211 1813 407 1880 κέτας.

1882 624 2002 689 bitu,
2033 624 2281 691 feritatis,

1811 711 1948 769 VIII.
1989 713 2065 780 De
2121 714 2541 785 longanimitate,
2599 709 2924 767 innocentia.
2961 705 3386 767 mansuetudine,

1880 805 2158 872 patientia.

1812 895 1905 951 IX.
1949 896 2102 963 Quod
2125 905 2360 965 oporteat
2391 895 2651 974 doctrina:
2683 894 2882 950 Christi
2910 894 3188 964 magistros
3218 891 3388 961 pluris

1882 988 2068 1043 ducere
2081 1004 2242 1058 quam
2263 1000 2502 1055 parentes
2524 1003 2542 1040 :
2564 988 2646 1041 illi
2677 988 2956 1057 siquidem,
2991 986 3118 1040 bene
3148 1001 3260 1040 esse
3289 997 3306 1036 :
3334 983 3388 1041 bt

1884 1097 1999 1134 vero
2023 1097 2130 1133 esse
2155 1089 2360 1133 tantum
2390 1087 2665 1148 pra'stant.

1814 1168 1881 1226 X.
1917 1171 2068 1236 Quod
2098 1187 2200 1224 non
2239 1180 2473 1240 oporteat
2526 1171 2823 1240 disjungere
2868 1187 2923 1225 se
2966 1187 2999 1224 a
3041 1170 3263 1233 sanctis,
3295 1169 3388 1224 sed

1882 1263 2165 1332 paciﬁcare
2209 1262 2595 1325 contendentes,
2625 1271 2673 1316 et
2699 1261 2946 1331 judicare
2967 1263 3136 1332 juste,
3179 1272 3227 1316 et
3265 1279 3388 1332 per-

1884 1371 2040 1408 sonas
2073 1372 2174 1409 non
2205 1357 2454 1423 accipere.

1816 1443 1906 1499 XI.
1953 1445 2024 1498 De
2057 1445 2262 1520 homine
2295 1445 2517 1513 duplicis
2547 1446 2732 1513 animi,
2762 1463 2852 1500 seu
2885 1446 3104 1500 modica:
3130 1445 3275 1516 ﬁdei.

1815 1535 1929 1592 XII.
1976 1538 2050 1590 De
2081 1539 2438 1607 beneﬁcentia.

1821 1627 1953 1683 XIII.
2002 1629 2195 1695 Quales
2228 1646 2281 1683 se
2306 1628 2547 1683 exhibere
2565 1629 2786 1684 debeant
2814 1629 3032 1698 famulis
3062 1628 3299 1693 domini,
3331 1637 3384 1683 et

1885 1738 1985 1790 quo
2012 1721 2162 1774 modo
2185 1732 2419 1788 oporteat
2449 1721 2683 1791 famulos
2705 1739 2817 1777 esse
2836 1722 3116 1791 subjectos.

133 1907 230 1962 ιδ’.
272 1908 411 1976 Περὶ
431 1909 831 1976 ὑποκρίσεως,
863 1908 961 1963 καὶ
990 1909 1298 1978 προσοχῆς
1327 1911 1527 1980 νόμων
1545 1954 1562 1980 ,
1614 1913 1715 1967 καὶ
1745 1894 1748 1944 ί

1817 1902 1955 1959 XIV.
1998 1904 2070 1957 De
2099 1904 2386 1975 hypocrisi,
2411 1913 2460 1958 et
2503 1905 2674 1974 legum
2705 1901 3059 1966 observantia,
3093 1910 3141 1956 et
3181 1900 3388 1970 conjes-

209 1998 728 2069 ἐξομολογήσεων.

132 2095 221 2145 ιε’.
265 2089 405 2158 Περὶ
434 2090 544 2159 τῆς
572 2091 719 2159 πρὸς
748 2091 962 2160 γονέας
991 2094 1321 2161 θεραπείας.

129 2186 235 2246 ις’.
273 2181 415 2250 Περὶ
451 2182 559 2250 τῆς
603 2183 750 2250 πρὸς
782 2183 1047 2247 βασιλέα
1090 2184 1188 2237 καὶ
1236 2185 1531 2255 ἄρχοντας
1566 2190 1712 2245 ὐπο-

209 2270 411 2341 ταγῆςι
896 2347 899 2349 _

135 2364 227 2428 ιζ’.
271 2363 411 2431 Περὶ
461 2365 719 2432 καθαροῦ
769 2367 1119 2433 συνειδότος
1162 2368 1280 2424 τῶν
1311 2371 1715 2441 προσευχομέ-

209 2473 348 2510 νων.

133 2556 234 2616 ιη’.
279 2549 407 2602 Ὀτι
433 2549 469 2614 ἡ
500 2549 568 2613 ἐξ
596 2550 924 2618 ἐπιϐουλῆς
952 2553 1058 2606 τοῦ
1085 2553 1409 2622 ἀλλοτρίου
1435 2554 1716 2623 ἐπεισαχ-

211 2640 382 2694 θεῖσα
411 2640 579 2707 ὁδὸς,
614 2642 894 2709 ἀσεϐείας
922 2643 1021 2696 καὶ
1062 2647 1434 2717 παρανομίας
1481 2646 1713 2714 πεπλή-

200 2747 403 2799 ρωται.
1241 2777 1247 2783 .

135 2822 224 2875 ιθ.
245 2822 371 2875 Ὀτι
394 2823 480 2892 μὴ
502 2824 622 2892 χρὴ
652 2822 761 2893 τῆς
790 2827 1100 2894 εὐσεϐείας
1139 2829 1440 2884 ἐκκλίνειν
1480 2830 1649 2896 δεξιὰ
1674 2832 1711 2901 ἣ

208 2910 513 2984 εὐώνυμα,
543 2917 816 2984 παραινεῖ
841 2921 874 2972 ὀ
903 2918 1244 2989 νομοθέτης.

132 3010 211 3059 κ’.
262 3004 387 3058 Ὅτι
422 3005 507 3076 μὴ
558 3007 676 3076 χρὴ
727 3009 1036 3078 φαυλίζων
1082 3028 1137 3064 τι
1184 3010 1304 3064 τῶν
1358 3015 1716 3082 προσφόρων

202 3098 561 3168 βρωμάτων,
619 3100 759 3155 ἀλλ’
816 3103 1188 3170 εὐχαρίστως
1237 3105 1716 3175 μεταλαμϐάνειν

209 3189 309 3244 καὶ
337 3191 718 3261 τεταγμένως.
1125 3206 1133 3209 “

135 3287 250 3335 κη’.
320 3283 450 3334 Ὅτι
507 3282 621 3353 χρὴ
679 3285 927 3353 φεύγειν
972 3284 1086 3355 τὴν
1139 3285 1256 3341 τῶν
1309 3287 1716 3345 εἰδωλοθύτων

205 3369 461 3448 βρῶσιν.

135 3465 247 3518 κθ.
287 3462 500 3528 Διαταε
505 3483 556 3530 ις
584 3466 846 3535 Κυριακὴ
863 3509 877 3532 ,
910 3467 1069 3533 ὅπως
1108 3469 1225 3538 χρὴ
1249 3469 1562 3534 ,ϐαπτίζειν
1582 3516 1595 3539 ,
1621 3475 1718 3528 καὶ

210 3558 298 3622 είς
319 3556 425 3609 τὸν
452 3557 616 3623 τίνος
646 3555 922 3613 θάνατον.

135 3654 248 3717 κγ.
289 3650 471 3713 Ποίας
497 3649 864 3715 νηστευτέον
893 3650 1002 3718 τῆς
1033 3652 1356 3721 ἑϐδομάδος
1392 3655 1644 3724 ἡμέρας,
1677 3657 1716 3726 ἣ

212 3738 380 3805 τίνας
405 3741 474 3793 οὐ
505 3741 892 3808 νηστευτέον·
923 3743 1021 3796 καὶ
1055 3744 1125 3797 οὗ
1159 3745 1352 3814 χάριν.

135 3832 249 3887 κδ’.
291 3833 464 3900 Οἴους
509 3834 660 3887 εἶναι
690 3833 806 3902 χρὴ
844 3835 987 3902 τοὺς
1034 3838 1556 3908 προσευχομένους
1602 3840 1719 3911 τὴν

210 3924 325 4000 ὑπὸ
356 3925 462 3978 τοῦ
490 3926 712 3993 Κυρίου
736 3925 1020 3983 δοθεῖσαν
1046 3930 1415 4000 προσευχήν.

134 4022 243 4070 κε’.
255 3995 269 4014 ’
283 4018 651 4086 Εὐχαριστία
671 4020 956 4088 μυστική.

135 4115 254 4173 κζ’.
294 4110 659 4177 Εὐχαριστία
687 4111 786 4164 ἐπὶ
815 4111 893 4181 τῇ
919 4113 1050 4181 θεία
1071 4116 1427 4186 μεταλήψει.

134 4199 246 4262 κζ’.
286 4203 371 4254 Εὐ
378 4201 654 4270 χαριστία
687 4203 820 4272 περὶ
848 4205 952 4260 τοῦ
973 4208 1274 4276 μυστικοῦ
1296 4211 1513 4278 μύρου.

134 4387 253 4450 κη’.
295 4382 422 4436 Ὀτι
451 4385 524 4437 οὐ
552 4382 669 4454 χρὴ
699 4385 1044 4456 ἁδιαφορεῖν
1070 4388 1205 4457 περὶ
1232 4390 1347 4459 τὴν
1373 4391 1712 4446 κοινωνίαν.

137 4564 248 4616 κθ.
288 4563 426 4631 Περὶ
457 4567 872 4636 καρποφοριῶν
896 4569 1181 4638 διάταξις.

131 4658 211 4709 λ’.
257 4656 452 4722 Ὅπως
483 4657 597 4726 χρὴ
655 4659 769 4728 τὴν
820 4661 1238 4731 ἀναστάσιμον
1294 4664 1402 4720 τοῦ
1440 4667 1715 4737 Σωτῆρος

208 4746 381 4817 ἡμῶν
407 4749 637 4819 ἡμέραν
659 4793 674 4818 ,
705 4753 1277 4826 συναθροιζομένους
1298 4799 1313 4824 ,
1343 4757 1654 4825 ἑορτάζειν.

131 4926 252 4980 λα’.
292 4925 467 4991 Οἴους
489 4925 641 4980 εἶναι
670 4927 786 4996 χρὴ
817 4929 956 4996 τοὺς
981 4933 1562 5003 χειροτονουμένους.

129 5020 247 5076 λθ.
279 5020 621 5089 πρόρρησις
649 5020 784 5089 περὶ
811 5019 930 5074 τῶν
943 5023 1313 5092 μελλόντων.

131 5113 249 5181 ,ιτα
286 5111 604 5181 Προσευχὴ
633 5113 1023 5183 ἐξαγγελτικὴ
1052 5117 1338 5184 προνοίας
1371 5117 1678 5189 διαφόρου,

130 5204 248 5260 λδ.
286 5203 604 5276 Προσευχὴ
678 5203 1070 5276 ἐξαγγελτικὴ
1140 5207 1524 5282 δημιουργίας
1585 5213 1713 5269 διαρ

203 5294 413 5364 φόρου.

131 5390 241 5442 λε’.
277 5386 598 5457 Προσευχὴ
634 5389 785 5460 μετὰ
826 5391 1212 5461 εὐχαριστίας
1257 5393 1716 5466 ἐξαγγέλλουσα

207 5477 312 5532 τοῦ
345 5479 493 5533 Θεοῦ
522 5480 636 5550 τὴν
661 5482 796 5550 περὶ
821 5483 895 5537 τὰ
922 5484 1070 5539 ὄντα
1097 5486 1474 5558 κηδεμονίαν.

130 5572 254 5636 λς’.
290 5571 606 5641 Προσενχὴ
653 5574 1200 5644 ὑπομιμνήσκουσα
1225 5579 1339 5650 τὴν
1381 5586 1713 5656 γενομένην

201 5661 462 5729 Χριστοῦ
532 5663 1014 5737 ὲνανθρώπησιν,
1085 5671 1184 5727 καὶ
1237 5673 1354 5744 τὴν
1426 5679 1514 5745 είς
1571 5680 1712 5748 τούς

201 5754 411 5825 ἁγίους
437 5753 722 5825 διάφορον
749 5760 1052 5828 πρόνοιαν.

203 5869 223 5902 ⁸
246 5869 320 5926 ιι.
363 5865 707 5944 οἱιγοψύχου.

1853 1995 1859 2002 ’
1886 1996 2143 2052 sionibus.

1818 2085 1934 2142 XV.
1979 2087 2055 2142 De
2076 2087 2223 2141 cultu
2247 2105 2373 2158 erga
2407 2097 2676 2157 parentes.

1817 2179 1958 2234 XVI.
2000 2180 2076 2234 De
2106 2181 2422 2250 subjectione
2450 2196 2573 2250 erga
2605 2196 2772 2250 regem
2796 2189 2844 2234 et
2880 2181 3242 2249 magistnatus.

1817 2359 1984 2416 XVII.
2021 2360 2097 2415 De
2130 2360 2323 2414 munda
2351 2361 2674 2414 conscientia
2701 2368 3049 2429 precantium.

1819 2559 2004 2614 XViII.
2032 2560 2199 2646 Quod
2230 2561 2313 2615 via
2342 2578 2457 2632 qua!
2499 2577 2563 2615 ex
2601 2560 2811 2615 insidiis
2835 2557 3131 2615 adversarii
3177 2559 3386 2613 adscita

1889 2654 2011 2722 fuit,
2049 2654 2314 2721 impietate
2344 2670 2406 2706 ac
2434 2654 2710 2724 iniquitate
2737 2655 2807 2707 sit
2830 2651 3008 2722 plena.

1817 2829 1962 2883 XIX.
2005 2829 2157 2896 Quod
2187 2847 2287 2883 non
2318 2809 2554 2899 oporteat
2578 2847 2610 2883 a
2630 2831 2822 2900 pietate
2851 2829 3116 2884 declinare
3144 2828 3388 2883 dextror-

1890 2939 2005 2975 sum
2029 2922 2104 2978 vel
2126 2923 2514 2986 sinistrorsum,
2537 2909 2784 2977 admonet
2816 2923 3111 2992 legislator.

1818 3014 1936 3069 XX.
1981 3015 2132 3081 Quod
2164 3032 2267 3068 non
2298 3024 2535 3082 oporteat
2571 3015 2868 3081 improbare
2906 3013 3077 3066 cibum
3109 3013 3386 3083 quemlibet

1890 3106 2009 3158 usui
2044 3105 2515 3166 accommodatum.
2538 3106 2628 3160 sed
2651 3123 2768 3160 cum
2798 3106 3091 3176 gratiarum
3119 3107 3321 3158 actione
3337 3113 3388 3157 et

1743 3223 1785 3279 ο
1891 3197 2133 3250 ordinate
2149 3213 2376 3275 sumere.

1819 3287 1960 3343 XXI.
2001 3288 2155 3356 Quod
2185 3298 2423 3359 oporteat
2446 3289 2707 3346 abstinere
2738 3292 2802 3345 ab
2836 3309 2927 3346 esu
2953 3289 3384 3359 idolotltgtorum.

1817 3466 1984 3522 XXII.
2028 3467 2351 3523 Constitutio
2376 3468 2677 3531 Dominiea,
2697 3486 2798 3540 quo
2821 3469 2972 3523 modo
2993 3479 3228 3537 oporteat
3264 3468 3390 3535 bap-

1891 3561 2079 3624 tizare,
2105 3568 2155 3613 et
2179 3562 2234 3612 in
2258 3577 2408 3629 cujus
2441 3571 2681 3615 mortem.
3224 3545 3231 3550 ’
3363 3551 3367 3553 ’

1819 3649 2010 3707 XXIII.
2053 3651 2252 3717 Quibus
2283 3652 2462 3706 diebus
2492 3652 2832 3707 hebdomadis
2849 3653 3202 3722 jejunandnm
3226 3658 3314 3715 sit,
3340 3667 3387 3708 et

1888 3744 2073 3816 quibus
2105 3745 2603 3815 nonjejunandum;
2630 3755 2680 3799 et
2711 3745 2862 3814 cujus
2886 3749 2960 3800 rei
2981 3748 3176 3814 gratia.

1820 3837 2011 3894 XXIV.
2054 3838 2249 3904 Quales
2273 3854 2384 3892 esse
2414 3847 2651 3905 oporteat
2672 3853 2760 3892 eos
2789 3842 2878 3908 qui
2909 3849 3062 3892 orant
3095 3855 3126 3891 a
3161 3838 3390 3892 Domino

1892 3929 2147 3983 traditam
2177 3931 2464 3984 orationem
2477 3972 2489 3984 .

1820 4019 1987 4074 XXV.
2031 4019 2339 4073 Gratiarum
2383 4021 2518 4073 actio
2544 4021 2969 4075 sacrantcntalis.

1819 4110 2010 4165 XXVI.
2054 4111 2363 4179 Gratiarum
2387 4113 2524 4165 actio
2545 4127 2700 4180 super
2727 4111 2906 4166 divina
2936 4129 3318 4167 communione.

1819 4203 2036 4264 XXVII.
2076 4203 2383 4259 Gratiarum
2406 4205 2546 4258 actio
2573 4219 2667 4274 pro
2693 4205 2911 4274 mystico
2935 4214 2982 4258 et
3015 4207 3393 4258 sacramentali

1892 4307 2176 4366 unguento.

1820 4386 2059 4446 XXVIII.
2099 4389 2252 4457 Quod
2275 4407 2375 4444 non
2402 4398 2638 4460 oporteat
2672 4389 3031 4458 indiﬁ‘erenter
3059 4389 3127 4443 ad
3159 4405 3392 4446 commu-

1891 4483 2097 4537 nionem
2120 4483 2416 4540 admittere.
2606 4477 2610 4484 ’

1745 4555 1790 4610 θ
1821 4570 2011 4627 XXIX.
2053 4572 2128 4627 De
2155 4573 2506 4628 oblationibus
2537 4575 2862 4630 constitutio.

1820 4663 1987 4722 XXX.
2033 4666 2149 4734 Quo
2182 4666 2335 4722 modo
2364 4677 2599 4736 oporteat
2650 4667 2788 4722 diem
2844 4667 3177 4721 Dominicum
3225 4671 3393 4722 nostri

1892 4758 2187 4815 Saluatoris
2219 4761 2590 4815 resurrectioni
2615 4761 2873 4824 dicatum,
2897 4771 3235 4830 congregatos
3264 4763 3392 4815 cele-

1891 4851 2063 4907 brare.

1821 4940 2014 4999 XXXI.
2057 4943 2253 5011 Quales
2280 4961 2393 5000 esse
2417 4953 2653 5014 oporteat
2681 4962 2789 5011 eos,
2822 4947 2911 5017 qui
2941 4946 3280 5002 ordinantur.

1819 5033 2032 5091 XXXII.
2075 5036 2418 5090 Denuntiatio
2447 5036 2512 5092 de
2538 5039 2756 5107 futuris.

1818 5126 2060 5183 XXXIII.
2104 5126 2291 5182 Oratio
2315 5129 2518 5182 variam
2549 5129 2931 5198 providentiam
2958 5130 3274 5198 pra'dicans.

1819 5218 2060 5275 XXXIV.
2105 5219 2293 5276 Oratio
2324 5223 2530 5276 variam
2553 5222 2873 5277 creationem
2891 5222 3212 5291 pradicans.

1819 5397 2037 5455 XXXV.
2077 5397 2268 5455 Oratio
2314 5411 2434 5453 eum
2485 5401 2785 5472 gratiarum
2842 5401 3050 5455 actione
3096 5400 3392 5470 pra'dicans

1889 5491 1990 5547 Dei
2017 5509 2142 5565 erga
2164 5501 2436 5548 creaturas
2467 5493 2901 5549 sollicitudinem.

1819 5583 2059 5642 XXXVI.
2103 5583 2294 5641 Oratio
2304 5603 2722 5643 commemorans
2736 5588 3157 5644 incarnationem
3169 5585 3399 5656 Christi,-

1888 5686 1940 5734 et
1966 5678 2167 5735 variam
2189 5694 2318 5752 erga
2339 5687 2550 5736 sanctos
2573 5664 2976 5751 providentiam.
