4070 6330
234 429 378 488 1009

1104 428 1703 489 CONSTITUTIONES
1744 432 2221 490 APOSTOLICE.
2255 463 2326 475 -
2358 429 2489 486 LIB.
2528 429 2636 484 VII.

3364 429 3504 487 ιοιο

232 566 325 601 σου
358 544 453 596 καὶ
481 543 604 606 τοὺς
629 544 909 612 συγγενεῖς
939 559 1032 596 σου
1065 543 1138 616 μὴ
1161 543 1441 615 ύπερίδῃς·
1485 564 1501 596 ι
1539 547 1677 611 Τοὺς
1707 546 1814 620 γάρ

1919 553 2112 613 gnatos
2143 553 2266 600 tuos
2294 559 2361 598 ne
2385 543 2696 614 despicias:
2726 559 2746 592 ι
2787 541 3133 598 Domesticos
3160 541 3303 598 enim
3335 543 3505 598 semi-

225 637 460 700 υίκείους
488 634 581 689 τοῦ
612 637 924 707 σπέρματός
955 651 1049 687 σου
1080 637 1178 704 οὐχ
1209 635 1494 707 ὑπερόψει.
1538 655 1555 687 ι

751 749 1145 802 ΚΕΦΑΛΑΙΟΝ
1180 749 1293 814 ΚΓ.

225 842 368 911 Περὶ
402 843 513 912 τῆς
543 842 690 910 πρὸς
712 841 978 906 βασιλέα
1023 840 1121 894 καὶ
1157 840 1455 909 ἄρχοντας
1484 841 1812 911 ὑποταγῆς.

297 936 400 992 Τὸν
433 934 656 1006 βασιλέα
683 933 988 1005 φοϐηθήσῃ,
1020 933 1174 996 είδὼς
1204 933 1287 986 ὅτι
1318 933 1413 985 τοῦ
1438 935 1642 1006 Κυρίου
1669 935 1817 988 ἐστὶν

223 1032 259 1098 ὴ
294 1028 614 1100 χειροτονία*
647 1027 774 1089 τοὺς
801 1027 1070 1098 ἄρχοντας
1098 1025 1264 1078 αὐτοῦ
1294 1027 1569 1098 τιμήσεις,
1602 1027 1677 1091 ὡς
1705 1027 1815 1080 λει-

224 1123 491 1194 τουργοὺς
521 1118 677 1174 Θεοῦ·
714 1119 919 1173 ἔκδικοι
965 1120 1073 1191 γάρ
1115 1121 1221 1171 είσι
1256 1118 1437 1191 πάσης
1467 1118 1700 1182 ἀδικίας
1734 1113 1816 1181 οἷς

224 1216 521 1269 ἀποτίσατε
549 1215 720 1280 τέλος,
756 1214 938 1284 φόρον,
966 1214 1058 1268 καὶ
1089 1215 1272 1268 πᾶσαν
1302 1212 1583 1284 εἰσφοράν,
1611 1213 1814 1281 εὐγνω-

227 1308 427 1380 μόνως.

757 1421 1150 1477 ΚΕΦΑΛΑΙΟΝ
1181 1422 1278 1475 IZ'.

279 1537 418 1605 Περί
445 1537 706 1605 καθαροῦ
734 1535 1084 1602 συνειδότος
1107 1533 1224 1587 τῶν
1251 1533 1774 1602 προσευχομένων.

297 1632 374 1685 Ob
402 1629 740 1703 προσελεύσῃ
773 1629 867 1704 ἐπὶ
896 1629 1207 1701 προσευχήν
1237 1645 1354 1689 σου,
1407 1627 1466 1679 ἐν
1505 1626 1690 1698 ἡμέρᾳ
1716 1642 1814 1677 πο-

224 1724 422 1796 νηρίας
455 1741 578 1790 σου,
610 1723 741 1794 πρὶν
783 1723 849 1777 ἂν
898 1722 1067 1793 λύσῃς
1109 1723 1208 1793 τὴν
1236 1720 1464 1792 πικρίαν
1502 1735 1616 1772 σου.
1663 1717 1810 1787 Αὕτη

220 1816 435 1887 lenivi}
466 1817 583 1881 ὁδὸς
606 1816 708 1886 τῆς
742 1814 906 1886 ζωῆς.
932 1808 1040 1877 ’Πς
1066 1814 1275 1883 γένοιτο
1303 1813 1452 1877 ἐντὸς
1483 1813 1628 1882 ὑμᾶς
1659 1812 1812 1882 εὐρε-

221 1905 409 1978 θῆναι,
438 1909 528 1963 διά
553 1908 730 1978 Ἰησοῦ
760 1906 996 1979 Χριστοῦ
1027 1906 1123 1961 τοῦ
1149 1905 1357 1977 Κυρίου
1384 1905 1560 1976 ήμῶν.

751 2087 1146 2140 ΚΕΦᾹΛᾹΙΟΝ
1176 2088 1281 2140 ΙΗ’.

221 2200 358 2273 Ὅτε
449 2198 516 2273 ἐξ
544 2199 998 2273 ἐπιϐουλῆς-τοῦ
1024 2201 1351 2273 (illam/ou
1381 2203 1812 2273 ὲπεισαχθεῖσα

296 2268 454 2335 ὁδὸς,
487 2269 765 2336 ἀσεϐείας
797 2270 893 2322 καὶ
925 2271 1297 2340 παρανομίας
1327 2268 1724 2342 πεπλήρωται.

307 2382 370 2436 Ἡ
391 2381 446 2436 δὲ
466 2382 582 2446 ὁδὸς
610 2380 704 2435 τοῦ
736 2380 968 2436 Θανάτου
992 2383 1139 2436 ἐστὶν
1169 2385 1226 2437 ἐν
1255 2383 1519 2456 πράξεσιν
1549 2392 1814 2460 πονηραῖς

220 2471 592 2542 θεωρουμένη·
614 2473 671 2525 ἐν
691 2473 827 2545 αὐτῇ
849 2473 957 2545 γὰρ
977 2475 1168 2544 ἄγνοια
1186 2475 1344 2538 Θεοῦ,
1358 2477 1450 2530 καὶ
1471 2477 1677 2531 πολλῶν
1700 2481 1811 2551 (58)

220 2565 408 2619 κακῶν
430 2565 525 2620 καὶ
545 2564 712 2618 θολῶν
741 2565 836 2619 καὶ
864 2566 1118 2637 ταραχῶν
1146 2567 1517 2640 ἐπεισαγωγή·
1549 2571 1616 2623 δι’
1633 2563 1706 2623 ὢν
1729 2572 1814 2640 φό-

220 2657 1460 2730 νοι,μοιχεῖαι,πορνεῑαι,ἐπιορκίαι,ἐπιθυμίαι
1482 2662 1810 2734 παράνομοι,

222 2749 442 2812 κλοπαὶ,
473 2748 928 2820 είδωλολατρεῖαι,
964 2752 1207 2820 μαγεῖαι,
1237 2755 1598 2822 φαρμακεῖαι,
1632 2755 1811 2825 ἁρπα-

220 2841 338 2910 γαὶ,
357 2840 846 2912 ψευδομαρτυρίαι,
861 2839 1202 2912 ὑποκρίσεις,
1222 2841 1623 2916 διπλοκαρδίαι,
1639 2827 1849 2910 δόλοςί

219 2932 594 3004 ὑπερηφανία,
639 2932 828 2998 κακία,
867 2932 1144 2995 αὐθάδεια,
1186 2933 1486 3001 πλεονεξία,
1527 2938 1812 3008 αἰσχρολο-

217 3025 340 3094 γία,
366 3024 681 3096 ζηλοτυπία,
716 3023 1011 3096 θρασύτης,
1034 3024 1473 3098 ύψηλοφρσσύνη,
1504 3028 1809 3093 ἀλαζονεία,

217 3117 454 3184 ἀφοϐία,
489 3116 728 3188 διωγμὸς
768 3116 987 3186 ἀγαθῶν
1007 3156 1020 3179 ,
1064 3116 1323 3188 ἀληθείας
1355 3117 1554 3191 ἔχθρα,
1585 3120 1813 3189 ψευδους

215 3207 436 3278 ἀγάπη,
460 3209 650 3277 ἄγνοια
677 3208 1041 3279 δικαιοσύνης.
1078 3209 1141 3262 Ol
1162 3209 1269 3280 γὰρ
1289 3210 1494 3266 τούτων
1512 3213 1732 3283 ποιηταί⁵
1744 3214 1808 3278 ⁸⁸,
1840 3249 1884 3310 c

215 3300 284 3352 εὑ
317 3299 612 3355 κολλῶνται
639 3299 850 3370 ἀγαθῷ,
883 3301 1006 3354 ούδέ
1036 3301 1216 3372 κρίσει
1252 3301 1466 3375 δικαίῳ·
1503 3305 1812 3376 ἀγρυπνοῦ-

221 3407 333 3453 σιν,
390 3392 490 3445 ούκ
531 3393 612 3456 είς
660 3390 994 3460 τδηάγαθδν,
1039 3392 1152 3446 ἀλλ’
1202 3395 1281 3458 εἰς
1327 3394 1386 3449 τδ
1430 3397 1689 3468 πονηρόν·
1736 3392 1810 3453 ὧν

223 3483 448 3555 μακρὰν
493 3483 740 3555 πραότης
775 3484 870 3538 καὶ
910 3485 1179 3556 ὑπομονήν
1219 3487 1425 3557 μάταια
1456 3490 1810 3559 ἀγαπῶντες,

216 3575 907 3647 διώκοντεςῑάνταπόδομα,
932 3579 1033 3632 ούκ
1062 3579 1337 3642 ἐλεοῦντες
1368 3581 1606 3652 πτωχὸν,
1629 3583 1690 3636 οὐ
1719 3600 1815 3636 πο-

219 3663 442 3731 νοῦντες
499 3669 591 3722 ἐπὶ
649 3671 1108 3742 καταπονουμένῳ
1128 3711 1143 3736 ,
1197 3673 1259 3726 ού
1306 3671 1667 3742 γινώσκοντες
1721 3677 1813 3730 τὸν

221 3759 526 3830 ποιήσαντα
551 3761 766 3828 αὐτοὺς,
790 3766 968 3832 φονεῖς
988 3763 1214 3830 τέκνων,
1249 3765 1468 3839 φθορεῐς
1496 3767 1814 3840 πλάσματος

218 3849 384 3916 Θεοῦ,
402 3852 867 3924 ἀποστρεφόμενοι
890 3855 1218 3927 ἐνδεόμενον,
1242 3858 1675 3924 καταπονοῦντες
1699 3861 1812 3930 ('59)

221 3941 574 4014 θλιϐόμενον,
603 3943 898 4021 »πλουσίων
931 3947 1300 4019 παράκλητοι,
1353 3952 1600 4022 πενήτων
1647 3951 1814 4023 ὑπερ-

220 4033 409 4100 όπται,
439 4019 908 4109 πανθαμάρτητοι.
975 4039 1308 4112 Ῥυσθείητε,
1340 4019 1526 4106 τέκνα,
1554 4042 1663 4096 ἀπὸ
1691 4019 1814 4096 τοῦ·

221 4143 336 4196 των
366 4127 642 4183 ἁπάντων.

755 4329 1150 4384 ΚΕΦΑΛΑΙΟΝ
1186 4331 1283 4386 ΙΘ¹.

287 4437 416 4491 ὀτι
441 4438 528 4509 μὴ
553 4440 680 4528 χρὴ
714 4439 824 4507 τῆς
854 4442 1164 4523 εὐσεϐείας
1194 4443 1504 4498 ἐκκλίνειν
1534 4445 1705 4511 δεξιὰ
1737 4446 1775 4516 ἣ

507 4525 785 4579 evan-ima
803 4550 816 4573 ,
852 4528 1125 4580 παραιιοει
1158 4516 1190 4567 ὀ
1220 4515 1565 4584 νομοθέτης.

305 4619 446 4691 Ὅρα
476 4620 548 4690 μή
572 4620 655 4686 τίς
686 4638 744 4676 σε
775 4622 1024 4696 πλανήσῃ
1055 4623 1162 4676 άπὸ
1188 4624 1290 4695 τῆς
1319 4626 1616 4692 εὐσεϐείας·
1657 4649 1674 4680 ι
1697 4629 1811 4683 Ούκ

223 4709 483 4782 ἐκκλίνῃς
525 4711 673 4784 γὰρ,
723 4715 923 4784 φησιν,
963 4714 1058 4767 ἀπ’
1109 4715 1280 4784 αὐτῆς
1324 4715 1477 4782 δεξιὰ
1523 4718 1557 4790 ἦ
1605 4719 1809 4774 εὐώνυ-

229 4818 310 4871 μα
520 4823 539 4854 ι
583 4803 671 4858 ῖνα
700 4807 866 4876 συνῇς
894 4806 954 4857 ἐν
987 4807 1153 4860 πᾶσιν
1182 4801 1262 4870 οἷς
1298 4807 1393 4861 ἐὰν
1431 4809 1710 4882 πράσσῃς,
1748 4813 1810 4864 ού

223 4893 340 4964 γάρ
384 4894 477 4957 ἐὰν
523 4896 633 4968 (Η)
685 4897 760 4969 μὴ
815 4895 1098 4969 ἐκτραπῇς
1142 4897 1247 4965 ἔξω
1274 4899 1375 4970 τῆς
1402 4901 1619 4963 εὐθείας
1644 4902 1767 4957 ὁδοῦ
1793 4945 1808 4970 ,

222 4983 600 5060 δυσσεσησεις.

1923 637 2005 691 uis
2030 635 2106 689 tul
2134 651 2200 690 ne
2228 635 2544 705 despexeris
2565 634 2634 690 ³³.
2670 647 2691 683 ο

2507 745 2736 802 CAPUT
2777 744 2916 800 XVI.

2075 840 2151 895 De
2184 840 2506 910 rubjectione
2535 857 2660 910 erga
2689 856 2856 910 regem
2889 849 2938 892 et
2971 838 3337 908 magistratus.

1992 933 2192 1004 Regem
2233 933 2531 996 Μενοικεύς,
2566 933 2752 987 sciens
2787 947 2816 983 a
2860 930 3091 984 Domino
3121 945 3245 985 esse
3278 931 3504 984 electio-

1920 1041 2074 1092 nem;
2102 1026 2454 1096 magistratus
2485 1025 2605 1094 ejus
2629 1021 2947 1085 lionorabis,
2977 1035 3034 1075 ιιι
3057 1023 3344 1075 ministros
3377 1019 3498 1074 Dei:

1919 1117 2159 1171 vindices
2189 1116 2335 1170 enim
2371 1123 2498 1171 sunt
2545 1119 2728 1169 omnis
2772 1114 3044 1184 injuriae”
3073 1133 3086 1168 :
3115 1114 3317 1184 quibus
3348 1125 3505 1183 grato

1919 1210 2099 1262 animo
2127 1208 2392 1264 exsolvite
2425 1208 2678 1278 vectlgal,
2711 1208 3002 1271 tributum,
3035 1221 3364 1276 omnemque
3391 1205 3506 1259 col-

1919 1301 2195 1355 lationem.

2481 1411 2713 1468 CAPUT
2761 1411 2926 1466 XVII.

2184 1505 2261 1559 De
2291 1506 2491 1560 munda
2520 1505 2842 1560 conscientia
2871 1504 3215 1574 precantium.

1987 1622 2031 1652 “
2057 1619 2176 1674 Non
2204 1619 2434 1675 accedas
2474 1620 2542 1674 ad
2586 1619 2961 1690 precationem
2991 1625 3165 1680 tuam,
3197 1617 3251 1672 in
3284 1617 3372 1674 die
3399 1619 3502 1674 im-

1916 1712 2208 1784 probitatis
2238 1720 2362 1774 tum,
2399 1713 2719 1786 priusquam
2757 1711 3180 1766 amaritudinem
3217 1717 3366 1764 tuam
3405 1710 3502 1765 de-

1917 1820 2109 1875 ponas.
2158 1802 2283 1858 Haec
2331 1812 2415 1859 est
2455 1804 2543 1857 via
2588 1805 2744 1869 vita);
2778 1803 2920 1858 intra
2952 1817 3117 1872 quam
3149 1818 3247 1858 vos
3289 1800 3498 1856 utinam

1844 1907 1886 1962 Β
1917 1895 2307 1959 lm-eniamini,
2361 1911 2456 1966 per
2503 1893 2691 1951 Jesum
2739 1895 3020 1951 Christum
3061 1894 3351 1949 Dominum
3402 1910 3501 1950 no-

1917 1995 2115 2042 atrum.

2473 2079 2705 2135 CAPUT
2744 2079 2932 2134 XVIII.

1978 2194 2131 2261 Quod
2163 2197 2246 2250 via
2277 2212 2392 2264 qua:
2412 2209 2477 2248 ea:
2509 2195 2716 2248 insidiis
2742 2194 3037 2249 adversarii
3068 2195 3278 2249 adscua
3311 2195 3435 2264 fuit,

2217 2267 2486 2335 impietate
2519 2280 2582 2318 ac
2612 2267 2893 2329 iniquitate
2917 2266 2986 2318 sit
3014 2265 3188 2334 plena.

1986 2379 2029 2409 “
2058 2377 2126 2432 At
2153 2379 2236 2432 via
2271 2380 2465 2433 mortis
2491 2379 2544 2433 in
2574 2379 2759 2449 pravis
2789 2377 3100 2432 actionibus
3124 2379 3373 2433 cernitur
3402 2398 3415 2434 :
3443 2381 3498 2433 in

1915 2486 1975 2525 ea
2003 2471 2146 2524 enim
2175 2480 2261 2526 est
2290 2471 2563 2542 ignoratio
2600 2469 2724 2539 Dei;
2756 2479 2810 2526 et
2842 2470 3177 2526 introductio
3201 2473 3498 2527 multorum

1914 2562 2217 2627 malormn,
2252 2564 2538 2618 turbinum
2573 2579 2636 2618 ac
2677 2563 3013 2618 tumultuum
3055 2580 3069 2617 :
3115 2563 3259 2617 unde
3297 2564 3496 2627 caedes.

1916 2654 2204 2722 adulteria,
2229 2656 2615 2720 scortationes,
2640 2655 2905 2726 perjuria,
2926 2656 3251 2726 cupiditates
3276 2655 3497 2727 iniquaa,

1919 2743 2088 2808 furta,
2121 2747 2475 2809 idololatriae,
2511 2749 2724 2818 magiaa,
2758 2747 3070 2818 przestigiaz,
3096 2748 3323 2817 rapinae,
3359 2748 3499 2804 falsa

1917 2838 2255 2904 testimonia,
2286 2839 2690 2903 simulationes,
2717 2840 2884 2894 corda
2916 2838 3176 2909 duplicia,
3203 2840 3384 2905 dolus,
3403 2857 3499 2896 su-

1915 2931 2104 3001 perbia
2127 2971 2142 2995 ,
2176 2933 2408 2992 malitia.
2452 2932 2786 3004 pervicacia,
2838 2931 3004 2987 alieni
3039 2932 3298 2999 aviditas,
3330 2931 3500 3001 turpi-

1916 3024 2185 3094 loquium,
2220 3025 2510 3097 zelotypia,
2536 3024 2750 3090 feritas,
2774 3024 2938 3079 elatio
2969 3025 3190 3089 mentis,
3217 3025 3497 3094 superbia,

1915 3117 2128 3171 timoris
2152 3116 2423 3181 vacuitas,
2449 3118 2719 3172 bonorum
2750 3118 2989 3181 vexatio,
3015 3117 3261 3173 veritatis
3287 3117 3497 3184 odium,

1916 3209 2191 3264 mendacii
2224 3225 2399 3274 amor,
2432 3211 2744 3282 ignorantia
2770 3207 3022 3278 iustitiae.
3059 3209 3264 3264 Ilorum
3293 3211 3500 3281 quippe

1918 3299 2157 3356 factores
2183 3309 2238 3355 et
2263 3301 2632 3367 alfectatores,
2665 3318 2775 3357 non
2804 3303 3085 3358 adhaerent
3118 3304 3282 3364 bono.
3323 3320 3501 3375 neque

1911 3392 2062 3462 justo
2103 3392 2347 3462 judicio;
2389 3394 2648 3464 vigilant,
2679 3410 2787 3449 non
2812 3396 2880 3449 ad
2913 3396 3240 3459 bonum,sed
3272 3396 3339 3450 ad
3385 3413 3502 3451 ma-

1916 3486 2027 3539 lum
2056 3504 2069 3540 :
2100 3501 2128 3538 a
2159 3486 2361 3555 quibus
2394 3487 2554 3558 longe
2592 3495 2678 3543 est
2715 3488 3083 3543 mansuetudo
3110 3498 3166 3544 et
3197 3491 3497 3560 patientia:

1892 3581 2053 3631 "vana
2087 3577 2397 3648 diligentes.
2430 3587 2818 3635 consectantes
2843 3583 3361 3647 remunerationem,
3388 3599 3498 3637 non

1915 3669 2246 3726 miserantes
2275 3687 2592 3741 pauperem,
2622 3687 2734 3726 non
2767 3672 3016 3728 dolentes
3037 3673 3105 3728 de
3139 3674 3361 3735 alllicto.
3387 3690 3500 3730 non

1915 3769 2277 3831 agnoscentes
2307 3770 2611 3818 creatorem
2643 3779 2828 3830 suum,
2863 3764 3248 3821 interfectores
3291 3750 3496 3820 libero-

1916 3867 2060 3916 rum,
2109 3868 2205 3922 per
2242 3855 2559 3926 embryonis
2588 3856 2789 3911 caedem
2832 3866 3186 3928 corruptores
3216 3858 3501 3928 plasmatis

1917 3942 2042 4009 Dei,
2090 3957 2412 4002 aversantes
2455 3963 2723 4019 egenum,
2781 3949 3156 4020 Opprimentes
3213 3950 3498 4005 calamito-

1917 4052 2069 4101 sum,
2104 4038 2336 4094 divitum
2388 4039 2671 4104 advocati,
2719 4054 3020 4112 pauperum
3067 4052 3490 4114 contemptores,

1915 4129 2064 4182 omni
2098 4145 2163 4184 ex
2197 4130 2364 4202 parte
2387 4141 2728 4202 peccatores.
2753 4131 3084 4190 Liberemini
3109 4175 3126 4201 ,
3161 4136 3279 4201 filii,
3313 4136 3382 4192 ab
3412 4137 3498 4192 his

1914 4222 2194 4278 omnibus.

2493 4341 2725 4398 CAPUT
2765 4341 2907 4400 XIX.

1917 4451 2085 4520 Quod"
2111 4472 2216 4510 non
2255 4466 2494 4526 oporteat
2534 4475 2566 4511 a
2607 4469 2800 4528 pietate
2843 4461 3109 4514 declinare
3155 4465 3498 4517 dextrorsum

2144 4530 2221 4581 vel
2250 4529 2624 4582 sinistrorsum
2646 4569 2660 4592 ,
2695 4530 2938 4584 admonet
2971 4530 3248 4602 legislator

1993 4637 2129 4693 Vide
2165 4656 2234 4694 ne
2274 4639 2401 4710 quis
2437 4647 2490 4694 te
2531 4641 2697 4694 faciat
2732 4656 2762 4694 a
2801 4642 3002 4712 pietate
3033 4641 3334 4698 aberrare:
3366 4659 3384 4692 ι
3417 4640 3497 4697 Ne

1919 4731 2164 4786 declines
2192 4732 2337 4786 enim
2361 4772 2373 4794 ,
2409 4732 2624 4803 inquit,
2658 4733 2728 4787 ab
2756 4749 2819 4789 ea
2853 4733 2922 4788 ad
2953 4732 3273 4798 dexteram,
3307 4735 3392 4790 vel
3429 4734 3496 4788 ad

1920 4821 2202 4876 sinistram
2218 4821 2291 4877 ":
2322 4843 2339 4874 ι
2363 4831 2419 4876 ιιι
2441 4823 2491 4877 in
2517 4824 2774 4879 omnibus
2796 4841 2918 4896 qua:
2943 4824 3162 4890 feceris,
3187 4825 3496 4896 intelligas:

1922 4912 2026 4967 nisi
2055 4915 2201 4968 enim
2235 4929 2264 4968 a
2291 4914 2378 4968 via
2409 4924 2557 4970 recta
2589 4915 2884 4980 deﬂectas,
2920 4934 3030 4972 non
3062 4919 3174 4973 eris
3208 4918 3431 4989 impius.

340 5103 694 5188 “lemurum.
859 5105 1093 5188 "_[tom.
1148 5109 1343 5172 mni.
1414 5111 1458 5144 δ’
1479 5110 1998 5183 Barn.,etAnast.,
2037 5115 2167 5170 ibid.
2246 5119 2288 5150 “
2321 5118 2483 5173 Barn.
2537 5136 2635 5186 xx;
2671 5122 2888 5188 Anast,
2945 5123 3074 5178 Ibid.
3154 5125 3198 5156 δ’
3238 5126 3310 5179 al.
3362 5128 3502 5180 ἀντι-

226 5175 472 5246 ποιηταί.
549 5175 593 5208 ⁸⁸
615 5175 773 5232 Deut.
802 5194 854 5243 ν,
894 5178 982 5233 δὲ.

1585 5330 1951 5390 VARIORUM
1993 5335 2222 5393 NOTAE.

305 5465 417 5544 (σε)
447 5467 715 5544 Ποέᾳεῖζν.
767 5467 873 5544 Pro
893 5470 1015 5544 Aliae
1044 5488 1177 5528 voce
1209 5480 1263 5526 et
1292 5473 1467 5544 tribus
1505 5490 1685 5544 seqq.,
1725 5484 1812 5530 est

228 5537 288 5592 in
321 5536 492 5590 altero
533 5536 696 5593 Vind.
728 5538 853 5593 cod.
888 5539 1047 5606 θεῶν,
1076 5557 1140 5597 ac
1176 5558 1364 5598 revera
1413 5541 1550 5596 θεῶν
1581 5536 1805 5599 ἐπεισα-

226 5608 382 5687 γωγή
413 5615 498 5687 est
522 5608 611 5687 via
629 5610 845 5676 mortis,
875 5626 982 5681 qua
1005 5613 1185 5669 omnis
1209 5613 1425 5685 generis
1457 5615 1599 5668 mala
1633 5615 1806 5670 intro-

224 5678 542 5732 mittuntur.
572 5678 671 5734 CL.

304 5745 952 5825 (39)_Ka_ra:rproﬁrrsc.
986 5750 1111 5808 Ilaec
1137 5769 1240 5808 vox
1265 5760 1318 5809 et
1342 5769 1579 5825 sequens
1603 5755 1803 5813 desunt

231 5815 507 5900 In'rodiee
521 5815 844 5900 Virmn-qua:
875 5815 1137 5900 praeteriit
1162 5815 1437 5900 librarius;
1475 5839 1694 5900 propter
1728 5830 1803 5883 si-

229 5887 415 5944 milem
450 5887 886 5948 terminationem
916 5895 1064 5951 vocis
1094 5887 1488 5951 antec‘edentis.’
1520 5887 1593 5951 lo:

1991 5479 2104 5549 (40)
2144 5481 2456 5556 Ειζνώνιιμαἶ
2507 5486 2795 5556 Ἀριστερά
2819 5528 2833 5550 ,
2876 5501 3240 5556 synonymttm
3275 5501 3375 5555 pro
3405 5499 3497 5554 sy-

1919 5537 2190 5622 nonymo.
2225 5559 2282 5622 ut
2315 5537 2538 5622 passim.
2570 5537 2646 5608 Ἰιι.
2728 5537 2775 5556 ’ἡ
2821 5537 2833 5550 ’
2877 5537 2922 5557 Ἰ

1989 5621 2102 5695 μί)
2154 5621 2293 5695 Ἐὰν
2463 5621 2749 5695 O_mittitur
2783 5628 2854 5695 μή
2889 5634 2941 5679 et
2981 5625 3086 5688 ἔξω
3124 5625 3177 5679 in
3207 5623 3331 5679 cod.
3369 5624 3501 5676 Vin-

1913 5691 2258 5762 dobonensi,
2291 5701 2345 5746 et
2387 5693 2607 5762 quidem
2662 5691 2806 5749 recte
2836 5691 2854 5747 ἐ
2885 5698 2928 5748 si
2985 5696 3045 5748 ού
3076 5696 3262 5751 deleas
3290 5706 3342 5748 et
3376 5712 3498 5747 ver-

1915 5770 1999 5816 tas
2023 5802 2035 5822 ,
2070 5761 2116 5814 si
2146 5761 2458 5830 deﬂectas’a
2491 5764 2571 5816 via
2621 5779 2760 5818 recta
2783 5807 2795 5824 ,
2853 5767 3042 5835 impius
3096 5767 3220 5820 etis.
3280 5766 3498 5834 Alioqui

1913 5839 2165 5887 contorta
2200 5841 2282 5888 est
2314 5835 2452 5888 ratio
2485 5835 2762 5906 loquendi.
2805 5835 2878 5890 Ῑν.
