4022 6338
84 417 227 478 101⁸1

944 416 1546 477 CONSTITU‘I'IONES
1590 416 2072 478 APOSTOLIGL.
2111 451 2182 462 —-
2221 420 2348 478 ΜΒ.
2396 421 2508 477 Vll.

3225 414 3366 471 ¢0l8

83 535 238 606 ζωῆς
264 529 332 606 ἧς
351 534 653 609 ἑγνὼρισας
681 536 812 607 ἡμῖν
841 533 933 590 διὰ
978 534 1151 607 Ἰησοῦ
1183 535 1276 589 τοῦ
1310 534 1506 599 Παιδὸς
1539 552 1633 589 σου
1655 549 1670 565 ο

1801 551 1901 607 pro
1929 538 2034 593 vita
2065 556 2228 609 quam
2265 543 2626 598 manifestasti
2661 545 2818 600 nobis
2838 560 2932 614 per
2961 543 3146 602 Iesum
3175 547 3367 604 Filium

83 627 154 681 δι’
181 621 244 681 οῦ
277 630 371 683 καὶ
410 630 480 682 τὰ
521 629 700 683 πάντα
747 624 1036 700 ἐποίησας,
1072 630 1169 683 καὶ
1213 628 1322 681 τῶν
1354 629 1493 682 ὅλων
1535 645 1672 701 προ-

83 723 264 783 νοεῖς·
310 721 369 774 ὃν
418 723 510 775 καὶ
564 722 892 784 ἀπέστειλας
933 721 1065 790 περὶ
1109 721 1254 794 (58)
1310 721 1554 793 σωτηρίᾳ
1606 724 1674 792 τῇ

81 813 336 884 ἡμετέρᾳ
381 812 635 883 γενέσθαι
681 813 993 884 ἄνθρωπον·
1048 813 1107 868 ὃν
1153 816 1248 868 καὶ
1289 812 1676 885 συνεχώρησας

83 891 282 958 παθεῖν
323 907 415 960 καὶ
467 905 778 959 ἀποθανεῖν·
809 905 869 958 ὃν
911 907 1008 960 καὶ
1038 907 1349 977 ἀναστήσας
1379 905 1676 977 εὐδόκησας

81 998 347 1063 δοξάσαι,
409 998 504 1052 κει.)⁵
542 999 804 1061 ὲκὰθισας
851 1000 916 1051 ὲκ
966 997 1156 1064 δεξιῶν
1206 1015 1320 1051 σου’
1355 998 1422 1052 δι’
1471 994 1533 1051 οῦ
1583 999 1678 1053 καὶ

83 1092 404 1161 ἐπηγγείλω
426 1076 556 1162 ἡμῖν
586 1091 682 1162 τὴν
713 1090 1008 1143 ἀνάστασιν
1047 1090 1158 1142 τῶν
1189 1090 1417 1161 νεκρῶν.
1452 1091 1550 1154 Σὺ,
1582 1092 1680 1144 Δέκ-

86 1201 268 1242 στυοτα
313 1183 844 1256 παντόκρατορ,Θεὲ
905 1183 1111 1236 αἰώνιε’
1151 1181 1342 1255 ὥσπερ
1394 1178 1462 1255 ἦν
1518 1184 1678 1238 τοῦτο

82 1275 574 1348 διεσκορπισμένον
597 1318 614 1341 ,
662 1276 757 1330 καὶ
805 1275 1068 1346 συναχθὲν
1105 1275 1322 1345 ἐγένετο
1363 1271 1445 1340 εἷς
1472 1277 1637 1349 ἄρτος
1660 1320 1675 1344 ,

83 1370 233 1423 οὕτω
260 1370 534 1439 συνάγαγέ
561 1386 654 1422 σου
675 1369 773 1441 τὴν
806 1369 1130 1440 Ἐκκλησίαν
1157 1370 1265 1422 ἀπὸ
1288 1369 1395 1423 τῶν
1424 1370 1679 1441 περάτων

84 1464 192 1533 τῆς
223 1463 326 1533 γῆς
356 1466 436 1528 είς
463 1465 563 1536 τὴν
595 1463 707 1536 (59)
744 1462 1043 1533 βασιλείαν.
1063 1464 1182 1517 Ἔτι
1221 1463 1677 1534 εὐχαριστοῦμεν,

88 1556 276 1627 Πάτερ
295 1556 473 1626 ἡμῶν,
492 1555 634 1628 ὑπὲρ
660 1555 753 1609 τοῦ
775 1554 958 1628 τιμίου
978 1556 1210 1627 αἵματος
1243 1555 1418 1627 Ἰησοῦ
1440 1555 1677 1628 Χριστοῦ

84 1648 185 1701 τοῦ
233 1649 554 1718 ἐκχυθέντος
600 1648 742 1720 ὑπὲρ
782 1650 961 1720 ἡμῶν·
1003 1650 1099 1704 κε.ιῖ⁹
1144 1648 1239 1703 τοῦ
1269 1649 1452 1719 τιμίου
1495 1648 1680 1720 σώμα-

83 1759 200 1807 τος·
233 1737 293 1794 οὗ
322 1742 416 1795 καὶ
443 1741 712 1795 ἀντίτυπα
738 1741 910 1796 ταῦτα
939 1741 1295 1813 ἐπιτελοῦμεν
1319 1785 1333 1806 ,
1367 1742 1533 1796 αὑτοῦ
1563 1742 1680 1795 δια-

81 1836 392 1905 ταξαμένου
453 1839 585 1908 ἡμῖν
631 1836 1024 1905 καταγγέλλειν
1065 1835 1158 1888 τὸν
1202 1835 1368 1888 αὑτοῦ
1427 1834 1673 1887 θάνατον·

1799 636 1993 694 tuum;
2049 647 2144 699 per
2182 648 2342 700 quem
2391 641 2504 687 tum
2557 636 2742 689 omnia
2789 637 3024 700 creasti,
3064 647 3179 690 tum
3241 638 3366 691 uni-

1791 719 1969 774 versis
2028 723 2315 788 provides;
2372 740 2534 792 quem
2583 732 2638 778 et
2688 726 2908 790 misisti,
2968 735 3027 781 ut
3088 725 3154 781 ad
3215 731 3369 782 salu-

1791 816 1898 862 tem
1963 817 2216 863 nostram
2277 813 2444 867 homo
2503 814 2690 879 ﬁeret;
2746 830 2910 884 quem
2948 815 3112 869 etiam
3168 815 3371 885 permi-

1778 904 1902 959 sisti
1941 905 2055 974 pati
2095 913 2149 957 et
2185 905 2548 976 mori;quem
2587 913 2642 961 et
2682 906 3026 961 resuscitans
3055 904 3371 975 gloriﬁcare

1778 997 2023 1063 voluisti,
2057 1003 2112 1052 et
2158 997 2352 1052 sedere
2393 997 2574 1052 fecisti
2605 997 2672 1050 ad
2713 998 2994 1052 dexteram
3027 1004 3178 1050 tuam
3214 1014 3228 1050 :
3272 1012 3370 1066 per

1779 1106 1940 1160 quem
1971 1097 2027 1145 et
2061 1090 2362 1161 promisisti
2400 1090 2562 1145 nobis
2605 1091 3074 1144 resurrectionem
3120 1097 3371 1145 mortuo-

1779 1197 1923 1238 rum.
1947 1180 2053 1247 Tu,
2081 1174 2308 1238 Damine
2335 1182 2708 1253 omnipotens,
2728 1183 2872 1238 Deus
2902 1190 3145 1237 κιαι-πει
3176 1198 3372 1252 queui-

1778 1273 2075 1329 admodum
2108 1275 2213 1329 hoc
2249 1282 2370 1329 erat
2414 1274 2761 1346 dispersum,
2811 1283 2866 1330 et
2911 1291 3035 1330 cum
3087 1275 3191 1328 fuit
3235 1290 3370 1329 con-

1778 1373 2084 1435 gregatum,
2120 1365 2301 1421 factus
2325 1374 2409 1422 est
2440 1383 2584 1422 unus
2609 1369 2771 1438 panis
2791 1407 2807 1432 ,
2848 1366 2922 1421 ita
2963 1382 3232 1438 congrega
3265 1366 3372 1422 Ec-

1779 1458 2002 1512 clesiam
2048 1465 2200 1513 tuam
2250 1475 2282 1514 a
2331 1459 2533 1516 ﬁnibus
2584 1470 2742 1514 terra
2783 1460 2838 1513 in
2869 1475 3121 1531 regnum.
3172 1460 3371 1516 Adhuc

1778 1551 1985 1621 gratias
2015 1552 2267 1622 agimus,
2299 1551 2467 1607 Pater
2516 1559 2736 1617 noster.
2768 1569 2870 1624 pro
2920 1555 3167 1625 pretioso
3233 1571 3367 1610 san-

1779 1644 1945 1712 guine
1971 1642 2103 1699 Jesu
2133 1645 2543 1700 Christieﬂ'uso
2572 1656 2762 1701 nostra
2792 1661 2996 1708 causa;
3025 1655 3082 1702 et
3113 1664 3214 1718 pro
3244 1665 3372 1720 pre-

1779 1738 1923 1792 tioso
1968 1752 2234 1808 corpore,
2267 1740 2430 1808 cujus
2461 1746 2515 1794 et
2563 1739 2679 1795 hac
2707 1741 2955 1813 antitypa
3001 1742 3368 1808 celebramus,

1781 1845 1907 1883 cum
1940 1830 2059 1899 ipse
2084 1831 2247 1885 nobis
2278 1833 2632 1887 constituerit
2688 1841 2922 1887 mortem
2958 1833 3108 1890 illius
3147 1850 3369 1891 annun-

81 1931 152 1982 δι’
172 1894 351 1983 ⁷αῦτοῦ
373 1894 589 2001 γάρισοι
617 1932 732 1984 καν
755 1894 947 2000 ﬂio-65¢,
972 1931 1054 1993 είς
1081 1930 1210 1992 τοὺς
1233 1929 1452 1992 αἰῶνας.
1481 1929 1672 1999 Ἀμήν.

1782 1923 1922 1977 tiare
1955 1922 2042 1976 ἰε
2098 1938 2194 1992 per
2238 1924 2417 1994 ipsum
2466 1924 2614 1979 enim
2657 1925 2755 1979 tibi
2804 1926 2978 1996 gloria
3020 1926 3077 1980 in
3139 1932 3366 1987 saecula.

82 2025 296 2094 Μηδεὶς
327 2025 382 2076 δὲ
412 2024 641 2077 ἐσθιέτω
683 2022 742 2088 ἐξ
786 2023 967 2077 αὐτῶν
990 2066 1004 2089 ,
1038 2023 1146 2075 τῶν
1199 2023 1462 2093 ἀμυήτων
1485 2038 1498 2054 ο
1541 2021 1678 2074 ἀλλά

85 2115 242 2185 μόνοι
275 2117 324 2169 οί
355 2115 774 2186 βεϐαπτισμένοι
801 2118 880 2179 είς
910 2116 1004 2167 τὸν
1049 2114 1144 2168 τοῦ
1177 2116 1382 2186 Κυρίου
1426 2113 1674 2168 θάνατον.

83 2209 150 2261 Εί
185 2208 242 2260 δέ
279 2224 363 2270 τις
393 2208 640 2281 ἀμύητος
676 2208 891 2280 κρύψας
934 2209 1127 2261 ἑαυτὸν
1173 2206 1473 2281 μεταλάϐῃ,
1503 2210 1678 2280 κρῖμα

81 2299 305 2352 αἰώνιον
329 2299 578 2369 φάγεται·
603 2300 685 2352 ὅτι
727 2299 802 2372 μὴ
825 2299 901 2353 ὣν
926 2300 1027 2371 τῆς
1056 2302 1134 2363 εἰς
1157 2299 1394 2371 Χριστὸν
1418 2300 1674 2365 πίστεως,

83 2392 386 2462 μετέλαϐεν
419 2387 494 2446 ὧν
523 2393 584 2446 οὐ
615 2392 803 2463 θέμις,
833 2395 913 2456 εἰς
954 2392 1224 2464 τιμωρίαν
1272 2392 1489 2445 ἑαυτοῦ.
1525 2393 1588 2444 Εἰ
1621 2392 1678 2444 δέ

80 2501 172 2547 τις
228 2484 372 2538 κατά
414 2487 636 2555 ἄγνοιαν
687 2485 980 2556 μεταλάϐοι
1022 2484 1188 2555 (60),
1238 2484 1427 2538 τοῦτον
1489 2485 1677 2555 τάχιον

82 2575 536 2647 στοιχειώσαντες
589 2579 832 2649 μυήσατε
855 2619 872 2645 ,
923 2577 1074 2641 ὃπως
1130 2576 1204 2648 μὴ
1261 2576 1677 2649 καταφρονητὴς

79 2666 313 2733 ἐξέλθοι.

591 2867 989 2921 κεφΑΑΑιοΝ
1026 2867 1171 2935 κεῖν.

263 3012 266 3014 ~
301 2983 671 3052 Εὐχαριστιά
699 2982 798 3036 ἐπὶ
825 2982 902 3051 τῇ
939 2983 1067 3050 θείᾳ
1100 2983 1458 3052 μεταλήψει.

155 3097 314 3152 Μετά
361 3098 418 3150 δὲ
467 3097 564 3168 τὴν
620 3096 958 3168 μετάληψιν,
1006 3095 1179 3159 οὕτως
1223 3097 1673 3167 εὐχαριστήσατε

1779 2015 1974 2070 Amen.
2009 2014 2206 2070 Nullus
2232 2031 2404 2085 porro
2431 2032 2496 2071 ex
2524 2017 2594 2072 iis
2617 2019 2711 2088 qui
2751 2017 2954 2072 initiati
2980 2035 3076 2074 seu
3107 2019 3370 2090 baptizati

1781 2124 1892 2161 non
1924 2118 2077 2172 sunt,
2109 2124 2175 2163 ex
2204 2111 2286 2164 eis
2309 2108 2601 2176 comedat;
2633 2109 2734 2166 sed
2765 2112 2872 2168 soli
2911 2111 2946 2166 ii
2982 2112 3076 2182 qui
3110 2115 3370 2184 haptizati

1781 2201 2004 2256 fuerunt
2032 2202 2088 2255 in
2120 2201 2337 2256 Domini
2385 2211 2640 2259 mortem.
2669 2202 2726 2258 Si
2771 2204 2898 2275 quis
2945 2221 3078 2260 vero
3119 2222 3228 2260 non
3258 2207 3370 2261 ini-

1780 2293 1970 2359 tiatus,
2005 2295 2267 2349 celaverit
2314 2311 2374 2350 se
2407 2296 2609 2366 ipsum,
2640 2306 2695 2351 et
2725 2297 2807 2353 sic
2837 2298 3370 2369 communicaverit;

1776 2385 2049 2456 judicium
2079 2395 2345 2442 aeternum
2391 2389 2848 2460 manducahit";
2879 2391 3026 2463 quod
3072 2408 3181 2447 non
3215 2393 3373 2448 addi-

1780 2487 1905 2534 ctus
1934 2479 2064 2534 ﬁdei
2097 2481 2154 2535 in
2184 2479 2466 2536 Christum
2491 2521 2506 2544 ,
2537 2498 2658 2552 quae
2689 2482 2774 2538 fas
2801 2500 2911 2539 non
2948 2493 3068 2539 crat
3109 2487 3370 2556 sumpsit,

1783 2574 1838 2624 in
1866 2572 2200 2642 supplicium
2237 2589 2421 2629 suum.
2469 2572 2528 2628 Si
2567 2576 2694 2646 quis
2736 2585 2919 2631 autem
2975 2593 3073 2647 per
3112 2578 3371 2649 ignoran-

1781 2661 1914 2716 tiam
1945 2664 2401 2735 participaverit,
2434 2666 2583 2721 hunc
2617 2668 2729 2723 cito
2762 2669 3046 2736 instruite,
3080 2686 3145 2725 ac
3191 2670 3374 2742 bapti-

1779 2770 1902 2810 sino
1932 2755 2168 2822 initiate,
2193 2773 2263 2813 ne
2279 2767 2630 2830 contemptor
2662 2769 2839 2818 exeat.

2337 2871 2572 2929 CAPUT
2611 2872 2806 2931 XXVI.

1915 2985 2230 3042 Gratiarum
2273 2988 2414 3042 actio
2455 3005 2611 3058 super
2638 2989 2820 3044 divina
2846 2993 3237 3057 communione.

1851 3097 1987 3156 Post
2014 3101 2460 3156 communionem
2476 3119 2641 3175 .vero,
2674 3105 2755 3158 sic
2787 3107 2994 3175 gratias
3021 3106 3199 3176 agite:
3233 3106 3362 3163 Gra-

79 3190 530 3262 Εὐχαριστοῦμέν
580 3206 703 3254 σοι,
734 3190 763 3240 ὁ
807 3188 941 3252 Θεὸς
972 3189 1066 3241 καὶ
1116 3189 1306 3260 Πατὴρ
1360 3188 1534 3258 Ἰησοῦ
1580 3188 1674 3242 τοῦ

1781 3193 1889 3248 tias
1939 3193 2154 3264 agimus
2201 3193 2299 3246 tibi
2329 3193 2520 3259 ,Deus
2563 3204 2617 3249 et
2673 3194 2837 3250 Pater
2885 3197 3014 3252 Jesu
3067 3198 3366 3257 Salvatoris

79 3257 339 3354 Σωτῆρος
381 3257 540 3355 ἡμῶν
559 3326 572 3349 ,
603 3283 743 3353 ὑπὲρ
772 3281 867 3334 τοῦ
907 3282 1064 3350 ἁγίου
1093 3257 1356 3352 ὀνόματός
1377 3257 1431 3312 "7
1454 3298 1591 3362 σου,
1611 3273 1674 3333 οῦ

1780 3288 1982 3351 nostri,
2011 3302 2113 3358 pro
2149 3296 2343 3342 sancto
2382 3289 2606 3342 nomine
2647 3298 2765 3352 tuo,
2808 3291 2954 3360 quod
2991 3291 3243 3348 habitare
3291 3294 3354 3351 fe

78 3377 512 3447 κατεσκήνωσας
539 3377 597 3428 ὲν
628 3378 782 3446 ἡμῖν·
827 3376 922 3428 καὶ
949 3375 1089 3446 ὑπὲρ
1120 3374 1221 3445 τῆς
1265 3373 1543 3444 γνώσεως,
1584 3375 1678 3427 καὶ

79 3471 359 3536 πίστεως,
390 3471 482 3522 καὶ
525 3469 786 3538 ἀγάπης,
834 3469 930 3522 καὶ
978 3467 1305 3531 ἀθανασίας’
1358 3461 1428 3538 ἧς
1471 3467 1677 3532 ἔδωκας

76 3565 219 3632 ἡμῖν
251 3562 336 3616 διὰ
367 3562 539 3632 Ἰησοῦ
569 3561 676 3614 τοῦ·
697 3562 894 3621 Παιδὸς
922 3579 1034 3616 σου.
1069 3562 1165 3628 Σὺ,
1196 3562 1442 3617 Δέσποτα
1481 3563 1678 3616 παντό-

78 3673 330 3727 κρατορ,
359 3657 388 3708 ὁ
417 3655 548 3720 Θεὸς
579 3655 687 3709 τῶν
734 3655 892 3722 ὅλων,
921 3655 1145 3720 ἔκτισας
1181 3655 1290 3728 (61)
1321 3657 1413 3710 τὸν
1446 3658 1672 3728 κόσμον,

76 3752 180 3805 καὶ
201 3749 271 3803 τὰ
299 3750 356 3804 ὲν
376 3750 545 3821 αὐτῷ,
577 3750 645 3803 δι’
665 3749 850 3803 αὐτοῦ’
876 3735 1160 3822 καὶ-νόμον
1189 3751 1598 3820 κατεφύτευσας
1617 3752 1676 3806 ὲν

76 3846 205 3906 ταῖς
224 3843 422 3913 ψυχαῖς
457 3843 637 3914 ἡμῶν·
671 3844 765 3897 καὶ
790 3843 857 3896 τά
886 3845 1023 3914 πρὸς
1053 3840 1355 3915 μετάληψιν
1380 3846 1677 3917 προευτρέ-

76 3951 251 3997 πισας
288 3934 396 4005 (62)
434 3935 762 4007 ἀνθρώποις.
791 3937 848 3988 Ὀ
881 3935 1013 3997 Θεὸς
1033 3935 1142 3988 τῶν
1166 3937 1336 4004 ἁγίων
1372 3939 1467 3991 καὶ
1495 3939 1676 4010 ἀμέμ-

76 4044 240 4080 πτων
260 4027 510 4098 πατέρων
527 4026 706 4099 ἡμῶν,
726 4017 993 4098 Ἀϐραὰμ,
1016 4030 1109 4082 καὶ
1131 4027 1436 4093 Ἰσαὰκ,κα“ι
1461 4030 1673 4096 Ἰακὼϐ,

75 4119 193 4172 τῶν
228 4119 436 4173 πιστῶν
480 4120 682 4174 δούλων
710 4138 823 4174 σου.
858 4122 916 4174 '0
946 4121 1174 4186 δυνατὸς
1205 4122 1368 4189 Θεὸς,
1412 4124 1440 4175 ὁ
1485 4124 1676 4189 πιστὸς

76 4213 177 4265 καὶ
219 4212 472 4283 ἀληθινὸς
496 4256 511 4279 ,
562 4215 656 4267 καὶ
693 4214 930 4286 ἀψευδὴς
972 4216 1030 4268 ὲν
1075 4218 1196 4278 ταῖς
1239 4215 1612 4285 ἐπαγγελίαις·
1647 4219 1676 4271 ὁ

75 4304 412 4369 ἀποστείλας
435 4306 529 4358 ἐπὶ
553 4303 658 4376 γῆς
692 4305 900 4377 Ἰησοῦν
929 4306 1023 4361 τὸν
1049 4307 1284 4379 Χριστόν
1317 4325 1434 4377 σου,
1465 4309 1676 4381 ἀνθρὼ-

76 4413 208 4461 ποις
231 4398 745 4470 συναναστραφῆναι
771 4399 848 4463 ὼς
872 4400 1179 4472 ἄνθρωπον,
1197 4400 1331 4454 Θεὸν
1353 4400 1481 4456 ὄντα
1502 4403 1676 4472 Λόγον

76 4490 179 4543 καὶ
221 4490 506 4561 ἄνθρωπον
529 4534 543 4558 ,
583 4492 679 4544 καὶ
706 4492 804 4564 τὴν
853 4493 1066 4564 πλάνην
1112 4493 1411 4567 πρόρριζον
1439 4495 1671 4551 ἀνελεῖν.

1780 3380 1910 3434 cisti
1945 3380 2002 3434 in
2030 3382 2228 3448 nobis;
2260 3391 2316 3435 et
2361 3398 2461 3452 pro
2486 3383 2822 3454 cognitione,
2857 3384 2982 3449 ﬁde,
3022 3385 3294 3444 charitate
3315 3397 3366 3444 et

1779 3471 2196 3529 immortalitate
2237 3490 2360 3544 qua:
2384 3474 2584 3530 dedisti
2635 3477 2796 3533 nobis
2829 3493 2923 3548 per
2941 3475 3131 3534 Jesum
3166 3479 3365 3538 Filium

1777 3571 1958 3619 tuum.
1991 3564 2096 3632 Tu,
2122 3563 2353 3621 Domine
2383 3567 2755 3638 omnipotens,
2786 3568 2928 3624 Deus
2956 3571 3364 3644 universorum,

1779 3658 1976 3713 creasti
2000 3658 2263 3713 mundum
2289 3666 2339 3713 et
2369 3675 2491 3729 qua:
2513 3668 2642 3715 sunt
2665 3661 2721 3715 in
2744 3678 2829 3725 eo.
2852 3679 2950 3732 per
2971 3664 3149 3734 ipsum
3177 3683 3192 3732 ;
3215 3675 3270 3722 et
3293 3667 3366 3723 le-

1779 3767 1897 3822 gem
1924 3753 2176 3808 insevisti
2209 3753 2263 3806 in
2288 3753 2580 3808 animabus
2601 3757 2839 3821 nostris;
2865 3764 2919 3812 et
2947 3758 3115 3813 victui
3145 3774 3377 3823 accom-,

1779 3845 1944 3899 moda
1995 3845 2318 3915 praeparasti
2369 3845 2708 3904 hominibus.
2764 3846 2908 3903 Deus
2957 3859 3276 3905 sanctorum
3315 3864 3372 3908 et

1779 3936 2184 4007 inculpatorum
2211 3945 2429 4007 patrum
2466 3948 2806 4004 nostrorum,
2844 3941 3163 4007 Ahrahami,
3195 3941 3366 4000 lsaaci
3396 3955 3398 3958 '

1778 4038 1833 4083 et
1862 4028 2076 4092 Jacobi,
2099 4031 2340 4086 ﬁdelium
2381 4047 2665 4086 servorum
2700 4043 2940 4088 tuorum.
2972 4034 3118 4092 Deus
3148 4047 3365 4108 potens,

1779 4123 1959 4179 ﬁdelis
1988 4132 2044 4180 et
2089 4140 2279 4187 verax,
2310 4132 2366 4179 et
2398 4124 2452 4180 in
2484 4125 2938 4195 promissis-non
2973 4129 3247 4194 mendax;
3274 4131 3366 4201 qui

1779 4217 1980 4273 misisti
2020 4218 2076 4272 in
2107 4226 2306 4273 terram
2343 4217 2533 4274 Iesum
2562 4219 2845 4274 Christum
2883 4229 3077 4288 tuum,
3130 4232 3190 4278 ut
3237 4238 3366 4278 cum

1779 4307 2097 4366 hominibus
2148 4323 2572 4368 conversaretur
2604 4321 2865 4383 tanquam
2903 4313 3088 4380 homo,
3119 4330 3246 4370 cum
3296 4315 3363 4371 sit

1777 4409 1832 4458 et
1864 4401 2006 4459 Deus
2026 4401 2292 4468 Verbum,
2315 4411 2371 4458 et
2400 4404 2589 4470 homo,
2624 4415 2792 4477 utque
2815 4421 3062 4462 errorem
3097 4407 3366 4465 radicitus

1776 4497 2055 4552 evelleret.
2080 4495 2203 4567 Ipse
2230 4504 2287 4552 et
2325 4513 2474 4553 nunc
2526 4513 2624 4570 per
2670 4514 2796 4555 eum
2826 4507 3102 4556 memento
3133 4500 3366 4571 hujusce

75 4583 255 4645 Αὐτὸς
297 4585 391 4637 καὶ
435 4583 531 4638 νῦν
578 4585 645 4639 δι’
690 4584 854 4639 αὐτοῦ
906 4585 1174 4658 μνήσθητι
1221 4587 1324 4657 τῆς
1371 4588 1532 4656 ἀγίας
1577 4607 1672 4643 σου

1780 4599 1988 4645 sancta:
2031 4589 2295 4646 Ecclesiae
2350 4600 2498 4657 tum,
2540 4607 2706 4663 quam
2757 4593 3068 4664 acquisiisti
3122 4593 3365 4665 pretioso

90 4674 418 4755 Ἑκκλησίας
435 4677 659 4751 ταύτης,
681 4678 749 4750 ἢν
774 4679 1146 4749 περιεποιήσω
1176 4678 1254 4749 τῷ
1282 4680 1449 4752 τιμίῳ
1479 4681 1670 4752 αἵματι

1776 4682 2046 4754 sanguine
2087 4683 2293 4739 Christi
2340 4683 2460 4751 tui;
2512 4692 2678 4756 atque
2731 4700 2855 4740 eam
2888 4685 2960 4741 ab
3013 4686 3164 4741 omni
3216 4687 3364 4742 malo

151 4815 197 4846 '“
228 4815 402 4869 l'Cor.
438 4831 516 4872 xi.
547 4814 638 4869 26.
714 4815 761 4848 "
795 4815 957 4882 lhid.,
992 4815 1082 4870 29.
1158 4816 1207 4848 "
1235 4814 1397 4871 Deest
1427 4816 1483 4871 in
1520 4817 1633 4873 alio
1654 4817 1869 4874 codice.

1406 4954 1774 5012 VARIORUM
1809 4955 2044 5011 ΝΟΤᾸΞ.

151 5129 267 5204 (58)
302 5130 462 5198 Περί.
515 5130 634 5184 Ἐπί
681 5133 885 5204 rectius
933 5132 988 5187 in
1033 5148 1156 5189 eoa.
1205 5131 1658 5198 Vindobonensi.

72 5202 186 5262 hoc
210 5209 328 5276 est,
371 5211 583 5276 propter
616 5202 849 5276 salutem
882 5213 1158 5268 nostram;
1193 5221 1297 5260 nec
1330 5205 1457 5276 περί
1494 5203 1660 5262 ﬁnem

77 5273 394 5346 signiﬁcare
421 5270 779 5346 so|e_t._CLsn.

150 5341 266 5416 (59)
295 5341 466 5417 Τήν..
501 5341 696 5417 Melius
737 5344 838 5415 σήν
872 5345 926 5398 ἱιι
983 5360 1088 5402 ms.
1132 5344 1296 5402 Vind.
1348 5348 1403 5400 in
1445 5362 1663 5417 regnum

75 5411 648 5487 tuumiRegnumpei
679 5411 1052 5487 aut’caelorum
1097 5433 1208 5471 non
1263 5420 1401 5472 solet
1450 5411 1662 5487 simpli-

73 5490 219 5542 citer
253 5482 494 5553 βασιλεία
523 5483 653 5538 dici.
689 5483 826 5539 Vide
856 5487 1000 5540 inl'ra
1029 5503 1081 5543 c.
1111 5488 1204 5550 26.
1238 5490 1341 5542 sub
1369 5482 1659 5544 linemfln.

152 5546 265 5626 (60)
305 5556 375 5608 ει
401 5546 470 5607 δέ
495 5571 592 5627 τις,
613 5556 762 5627 κατὰ
804 5555 1052 5626 ἄγνοιαν
1077 5546 1420 5627 μεταλάϐοι.
1466 5557 1522 5611 In
1555 5557 1662 5614 Re-

74 5623 302 5696 sponsis
345 5625 630 5679 canonicis
659 5623 932 5680 Timothei
978 5623 1334 5683 Alexandrini
1373 5630 1439 5682 ad
1491 5631 1658 5683 inter-

75 5697 396 5770 rogationes
431 5696 535 5770 ipsi
559 5711 654 5765 per
677 5698 967 5767 episcopos
997 5706 1051 5752 et
1082 5701 1315 5755 clericos
1347 5701 1660 5770 propositas

75 5761 204 5838 mf».
232 5767 285 5828 1,
313 5761 883 5839 apttd'ﬂalsaiiioneni
908 5810 922 5832 ,
954 5770 1194 5839 ι).1059,
1237 5771 1302 5825 ad
1347 5761 1660 5838 interroga-

75 5836 289 5894 tiimem
341 5837 482 5904 Quid
536 5836 795 5908 agendum
833 5836 1014 5900 sinsi
1067 5857 1194 5908 puer
1234 5836 1657 5901 calce/Himerius.

75 5921 175 5967 aut
207 5910 360 5966 homo
393 5909 633 5977 adultus,
661 5909 789 5969 dum.
818 5910 1014 5970 oblatio
1034 5916 1208 5986 fieret,
1246 5924 1530 5982 opportune
1565 5916 1659 5965 ad-

1771 5138 2195 5214 {uerit,_ejusgue
2220 5139 2427 5214 nescius
2473 5140 2650 5208 [actus
2681 5139 2752 5194 sit
2791 5139 3057 5214 particeps
3079 5180 3094 5206 ,
3128 5155 3362 5214 respon-

1771 5209 2517 5280 deturgbaptizandum'eum
2548 5224 2696 5272 esse,
2736 5217 2924 5280 utpote
2954 5226 2986 5265 a
3033 5210 3144 5268 Deo
3189 5209 3356 5271 voca-

1771 5226 1932 5263 uetur
1963 5226 2517 5331 naruzanaum'eum
2548 5226 2696 5272 esse,
2736 5226 2924 5280 utpme
2954 5226 2986 5265 a
3033 5226 3144 5268 Deo
3189 5230 3356 5271 voca-

1771 5288 1911 5335 tum.
1939 5278 2030 5340 Set
2084 5295 2208 5355 cum
2244 5280 2458 5333 I’atione
2490 5279 2986 5355 _(_.‘._onstitu_tor_is_nc
3029 5293 3362 5355 contemptor

1767 5360 1942 5428 exeat,
1977 5352 2235 5428 congruit
2275 5366 2452 5428 canon
2489 5350 2556 5428 _57
2587 5351 2780 5428 synodi
2818 5349 3102 5428 Toletauaz
3127 5351 3216 5428 jv,
3239 5349 3360 5428 'quo

1771 5419 2178 5493 decernitur'ut
2206 5419 2379 5476 Judaei
2409 5423 2501 5489 qui
2538 5419 2771 5493 peryim
2818 5422 3079 5493 baptizati
3119 5419 3357 5490 {uera-nt,

1755 5492 2002 5566 'aliisque
2021 5494 2384 5547 sacramentis
2407 5493 2616 5554 donati,
2636 5491 3005 5566 Christianam
3040 5497 3358 5566 religionem

1773 5563 2014 5634 retinere
2044 5573 2334 5632 cogantur.
2366 5581 2429 5617 ne
2462 5577 2646 5616 nomen
2679 5562 2916 5617 divinum
2945 5562 3357 5634 blasphémetur.

1769 5643 1817 5755 Et
1845 5632 1975 5700 ﬁdes
2005 5650 2166 5758 Euam
2197 5644 2537 5704 susceperunt
2573 5634 2692 5688 vilis
2723 5651 2786 5687 ac
2818 5632 3232 5697 contemptibilis
3263 5641 3356 5696 ha-

1802 5714 1974 5757 eatur.
2051 5720 2144 5758 οτ.

1802 5721 1974 5844 82:313.
1994 5721 2298 5842 $510M.
2318 5776 2376 5828 ὐ
2412 5776 2605 5839 κτίσας
2643 5775 2698 5830 in
2743 5776 2916 5833 altero
2955 5778 3082 5834 cod.
3120 5777 3350 5840 Vindoh.

1767 5854 1826 5900 ot.
1849 5846 2072 5903 quidem
2106 5849 2339 5902 rectius.
2369 5848 2542 5903 Cum.

1840 5917 1951 5989 (62)
1991 5919 2493 5989 Προειτίιέπίσας.
2538 5920 2686 5978 Idem
2717 5921 3062 5996 εὐτρέπισας.
3097 5920 3172 5980 lu.
