  <div class='ocr_page' id='page_1' title='image "/cluster/home/n/w/nwhite01/storage/ocr_20150623/1/pst.000005711796/518.png"; bbox 0 0 4022 6338; ppageno 0'>
   <div class='ocr_carea' id='block_1_1' title="bbox 100 462 3366 546">
    <p class='ocr_par' dir='ltr' id='par_1_1' title="bbox 100 462 3366 546">
     <span class='ocr_line' id='line_1_1' title="bbox 100 462 3366 546; baseline 0.002 -23"><span class='ocrx_word' id='word_1_1' title='bbox 100 468 230 526; x_wconf 66' lang='grc' dir='ltr'><strong>ωσι</strong></span> <span class='ocrx_word' id='word_1_2' title='bbox 926 462 1522 524; x_wconf 77' lang='lat' dir='ltr'><strong>CONSTITUTIONES</strong></span> <span class='ocrx_word' id='word_1_3' title='bbox 1555 465 2030 527; x_wconf 67' lang='lat' dir='ltr'><strong>APOS&#39;I’OLICE.</strong></span> <span class='ocrx_word' id='word_1_4' title='bbox 2067 501 2136 511; x_wconf 98' lang='lat'><strong>—</strong></span> <span class='ocrx_word' id='word_1_5' title='bbox 2169 467 2298 527; x_wconf 82' lang='lat' dir='ltr'><strong>LIB.</strong></span> <span class='ocrx_word' id='word_1_6' title='bbox 2336 468 2448 528; x_wconf 74' lang='lat' dir='ltr'><strong>VII.</strong></span> <span class='ocrx_word' id='word_1_7' title='bbox 3149 543 3152 546; x_wconf 5' lang='grc' dir='ltr'><strong>γ</strong></span> <span class='ocrx_word' id='word_1_8' title='bbox 3225 471 3366 530; x_wconf 71' lang='grc' dir='ltr'>ιυεε</span> 
     </span>
    </p>
   </div>
   <div class='ocr_carea' id='block_1_2' title="bbox 87 585 1669 661">
    <p class='ocr_par' dir='ltr' id='par_1_2' title="bbox 87 585 1665 661">
     <span class='ocr_line' id='line_1_2' title="bbox 87 585 1665 661; baseline 0.001 -21"><span class='ocrx_word' id='word_1_9' title='bbox 87 590 270 643; x_wconf 67' lang='grc' dir='ltr'>πεσαν</span> <span class='ocrx_word' id='word_1_10' title='bbox 300 585 554 659; x_wconf 73' lang='grc' dir='ltr'>ἀπαρχὴν</span> <span class='ocrx_word' id='word_1_11' title='bbox 585 587 763 659; x_wconf 81' lang='grc' dir='ltr'>ἄρτων</span> <span class='ocrx_word' id='word_1_12' title='bbox 794 585 1034 658; x_wconf 69' lang='grc' dir='ltr'>θερμῶν,</span> <span class='ocrx_word' id='word_1_13' title='bbox 1069 588 1332 659; x_wconf 77' lang='grc' dir='ltr'><strong>κεραμίου</strong></span> <span class='ocrx_word' id='word_1_14' title='bbox 1366 587 1475 661; x_wconf 86' lang='grc'><strong>(68)</strong></span> <span class='ocrx_word' id='word_1_15' title='bbox 1503 590 1665 656; x_wconf 85' lang='grc' dir='ltr'>οῐνου,</span> 
     </span>
    </p>
   </div>
   <div class='ocr_carea' id='block_1_3' title="bbox 1784 585 3358 661">
    <p class='ocr_par' dir='ltr' id='par_1_3' title="bbox 1784 586 3358 655">
     <span class='ocr_line' id='line_1_3' title="bbox 1784 586 3358 655; baseline 0.001 -13"><span class='ocrx_word' id='word_1_16' title='bbox 1784 605 1901 642; x_wconf 79' lang='lat' dir='ltr'><strong>num</strong></span> <span class='ocrx_word' id='word_1_17' title='bbox 1934 588 2258 655; x_wconf 95' lang='lat' dir='ltr'><strong>calidorum,</strong></span> <span class='ocrx_word' id='word_1_18' title='bbox 2301 590 2412 645; x_wconf 87' lang='lat' dir='ltr'><strong>vini</strong></span> <span class='ocrx_word' id='word_1_19' title='bbox 2458 603 2490 643; x_wconf 89' lang='lat' dir='ltr'><strong>e</strong></span> <span class='ocrx_word' id='word_1_20' title='bbox 2518 587 2688 652; x_wconf 92' lang='lat' dir='ltr'><strong>dolio,</strong></span> <span class='ocrx_word' id='word_1_21' title='bbox 2725 593 2820 643; x_wconf 87' lang='lat' dir='ltr'><strong>aut</strong></span> <span class='ocrx_word' id='word_1_22' title='bbox 2849 586 2977 650; x_wconf 85' lang='lat' dir='ltr'><strong>olei,</strong></span> <span class='ocrx_word' id='word_1_23' title='bbox 3017 593 3113 641; x_wconf 84' lang='lat' dir='ltr'><strong>aut</strong></span> <span class='ocrx_word' id='word_1_24' title='bbox 3156 589 3358 650; x_wconf 79' lang='lat' dir='ltr'><strong>mellis.</strong></span> 
     </span>
    </p>
   </div>
   <div class='ocr_carea' id='block_1_4' title="bbox 87 678 1669 753">
    <p class='ocr_par' dir='ltr' id='par_1_4' title="bbox 87 679 1669 753">
     <span class='ocr_line' id='line_1_4' title="bbox 87 679 1669 753; baseline 0 -19"><span class='ocrx_word' id='word_1_25' title='bbox 87 680 122 753; x_wconf 72' lang='grc' dir='ltr'>ἢ</span> <span class='ocrx_word' id='word_1_26' title='bbox 155 682 357 743; x_wconf 85' lang='grc' dir='ltr'>ἐλαίου,</span> <span class='ocrx_word' id='word_1_27' title='bbox 389 679 423 752; x_wconf 75' lang='grc' dir='ltr'>ἢ</span> <span class='ocrx_word' id='word_1_28' title='bbox 457 681 688 752; x_wconf 84' lang='grc' dir='ltr'>μέλιτος,</span> <span class='ocrx_word' id='word_1_29' title='bbox 725 680 757 750; x_wconf 80' lang='grc' dir='ltr'><strong>ἢ</strong></span> <span class='ocrx_word' id='word_1_30' title='bbox 789 680 1106 752; x_wconf 77' lang='grc' dir='ltr'>ἀκροδρύων</span> <span class='ocrx_word' id='word_1_31' title='bbox 1125 720 1140 743; x_wconf 93' lang='grc'><strong>,</strong></span> <span class='ocrx_word' id='word_1_32' title='bbox 1166 681 1464 752; x_wconf 81' lang='grc' dir='ltr'><strong>σταφυλῆς,</strong></span> <span class='ocrx_word' id='word_1_33' title='bbox 1498 680 1532 752; x_wconf 79' lang='grc' dir='ltr'>ἢ</span> <span class='ocrx_word' id='word_1_34' title='bbox 1564 681 1669 734; x_wconf 89' lang='grc' dir='ltr'><strong>τῶν</strong></span> 
     </span>
    </p>
   </div>
   <div class='ocr_carea' id='block_1_5' title="bbox 1784 678 3364 753">
    <p class='ocr_par' dir='ltr' id='par_1_5' title="bbox 1784 678 3364 748">
     <span class='ocr_line' id='line_1_5' title="bbox 1784 678 3364 748; baseline 0.001 -15"><span class='ocrx_word' id='word_1_35' title='bbox 1784 690 1870 734; x_wconf 85' lang='lat' dir='ltr'><strong>aut</strong></span> <span class='ocrx_word' id='word_1_36' title='bbox 1916 680 2230 745; x_wconf 79' lang='lat' dir='ltr'><strong>fructuum,</strong></span> <span class='ocrx_word' id='word_1_37' title='bbox 2278 696 2427 746; x_wconf 64' lang='grc' dir='ltr'>υνδε,</span> <span class='ocrx_word' id='word_1_38' title='bbox 2463 689 2557 735; x_wconf 89' lang='lat' dir='ltr'><strong>aut</strong></span> <span class='ocrx_word' id='word_1_39' title='bbox 2607 680 2840 734; x_wconf 88' lang='lat' dir='ltr'><strong>aliorum</strong></span> <span class='ocrx_word' id='word_1_40' title='bbox 2885 678 3164 748; x_wconf 75' lang='lat' dir='ltr'><strong>primitias</strong></span> <span class='ocrx_word' id='word_1_41' title='bbox 3203 679 3364 735; x_wconf 78' lang='lat' dir='ltr'><strong>dabis</strong></span> 
     </span>
    </p>
   </div>
   <div class='ocr_carea' id='block_1_6' title="bbox 86 770 1669 846">
    <p class='ocr_par' dir='ltr' id='par_1_6' title="bbox 86 772 1669 846">
     <span class='ocr_line' id='line_1_6' title="bbox 86 772 1669 846; baseline -0.003 -16"><span class='ocrx_word' id='word_1_42' title='bbox 86 777 262 831; x_wconf 72' lang='grc' dir='ltr'>ἄλλων</span> <span class='ocrx_word' id='word_1_43' title='bbox 285 775 384 846; x_wconf 74' lang='grc' dir='ltr'>τὴν</span> <span class='ocrx_word' id='word_1_44' title='bbox 421 773 674 846; x_wconf 76' lang='grc' dir='ltr'>ἀπαρχήν</span> <span class='ocrx_word' id='word_1_45' title='bbox 710 772 901 837; x_wconf 84' lang='grc' dir='ltr'><strong>δώσεις</strong></span> <span class='ocrx_word' id='word_1_46' title='bbox 948 776 1062 836; x_wconf 80' lang='grc' dir='ltr'>τοῖς</span> <span class='ocrx_word' id='word_1_47' title='bbox 1107 772 1375 844; x_wconf 57' lang='grc' dir='ltr'>ἱερεῦσιν</span> <span class='ocrx_word' id='word_1_48' title='bbox 1406 773 1669 844; x_wconf 82' lang='grc' dir='ltr'>ἀργυρίου</span> 
     </span>
    </p>
   </div>
   <div class='ocr_carea' id='block_1_7' title="bbox 1784 770 3364 846">
    <p class='ocr_par' dir='ltr' id='par_1_7' title="bbox 1784 770 3364 844">
     <span class='ocr_line' id='line_1_7' title="bbox 1784 770 3364 844; baseline 0.002 -19"><span class='ocrx_word' id='word_1_49' title='bbox 1784 773 2186 840; x_wconf 78' lang='lat' dir='ltr'><strong>sacerdotibus;</strong></span> <span class='ocrx_word' id='word_1_50' title='bbox 2235 773 2446 844; x_wconf 91' lang='lat' dir='ltr'><strong>argenti</strong></span> <span class='ocrx_word' id='word_1_51' title='bbox 2492 786 2623 828; x_wconf 86' lang='lat' dir='ltr'><strong>vero</strong></span> <span class='ocrx_word' id='word_1_52' title='bbox 2665 780 2719 828; x_wconf 89' lang='lat' dir='ltr'><strong>et</strong></span> <span class='ocrx_word' id='word_1_53' title='bbox 2767 771 3119 836; x_wconf 88' lang='lat' dir='ltr'><strong>vestimeuti,</strong></span> <span class='ocrx_word' id='word_1_54' title='bbox 3149 770 3364 828; x_wconf 73' lang='lat' dir='ltr'><strong>omnis-</strong></span> 
     </span>
    </p>
   </div>
   <div class='ocr_carea' id='block_1_8' title="bbox 87 861 1669 938">
    <p class='ocr_par' dir='ltr' id='par_1_8' title="bbox 87 863 1669 938">
     <span class='ocr_line' id='line_1_8' title="bbox 87 863 1669 938; baseline -0.003 -17"><span class='ocrx_word' id='word_1_55' title='bbox 87 868 144 921; x_wconf 80' lang='grc' dir='ltr'>δὲ</span> <span class='ocrx_word' id='word_1_56' title='bbox 175 868 268 921; x_wconf 73' lang='grc' dir='ltr'>καὶ</span> <span class='ocrx_word' id='word_1_57' title='bbox 294 865 616 938; x_wconf 77' lang='grc' dir='ltr'><strong>ἱματισμοῦ,</strong></span> <span class='ocrx_word' id='word_1_58' title='bbox 645 865 742 918; x_wconf 65' lang='grc' dir='ltr'><strong>καὶ⁹</strong></span> <span class='ocrx_word' id='word_1_59' title='bbox 773 864 974 928; x_wconf 85' lang='grc' dir='ltr'>παντὸς</span> <span class='ocrx_word' id='word_1_60' title='bbox 1013 865 1316 936; x_wconf 78' lang='grc' dir='ltr'>κτήμμτος,</span> <span class='ocrx_word' id='word_1_61' title='bbox 1342 863 1422 935; x_wconf 85' lang='grc' dir='ltr'>τῷ</span> <span class='ocrx_word' id='word_1_62' title='bbox 1452 863 1669 936; x_wconf 83' lang='grc' dir='ltr'>ὀρφανῷ</span> 
     </span>
    </p>
   </div>
   <div class='ocr_carea' id='block_1_9' title="bbox 1784 861 2899 938">
    <p class='ocr_par' dir='ltr' id='par_1_9' title="bbox 1784 861 2899 934">
     <span class='ocr_line' id='line_1_9' title="bbox 1784 861 2899 934; baseline -0.004 -18"><span class='ocrx_word' id='word_1_63' title='bbox 1784 877 1882 933; x_wconf 80' lang='lat' dir='ltr'><strong>que</strong></span> <span class='ocrx_word' id='word_1_64' title='bbox 1911 863 2299 934; x_wconf 81' lang='lat' dir='ltr'><strong>possessionis,</strong></span> <span class='ocrx_word' id='word_1_65' title='bbox 2337 863 2583 934; x_wconf 88' lang='lat' dir='ltr'><strong>orphano</strong></span> <span class='ocrx_word' id='word_1_66' title='bbox 2604 878 2670 918; x_wconf 86' lang='lat' dir='ltr'><strong>ac</strong></span> <span class='ocrx_word' id='word_1_67' title='bbox 2699 861 2899 918; x_wconf 62' lang='lat' dir='ltr'><strong>vidum.</strong></span> 
     </span>
    </p>
   </div>
   <div class='ocr_carea' id='block_1_10' title="bbox 89 962 474 1033">
    <p class='ocr_par' dir='ltr' id='par_1_10' title="bbox 89 962 474 1033">
     <span class='ocr_line' id='line_1_10' title="bbox 89 962 474 1033; baseline 0 -1"><span class='ocrx_word' id='word_1_68' title='bbox 89 963 184 1014; x_wconf 72' lang='grc' dir='ltr'><strong>καὶ</strong></span> <span class='ocrx_word' id='word_1_69' title='bbox 214 965 280 1032; x_wconf 74' lang='grc' dir='ltr'><strong>τῇ</strong></span> <span class='ocrx_word' id='word_1_70' title='bbox 309 962 474 1033; x_wconf 70' lang='grc' dir='ltr'>χήρᾳ-</span> 
     </span>
    </p>
   </div>
   <div class='ocr_carea' id='block_1_11' title="bbox 615 1049 1130 1120">
    <p class='ocr_par' dir='ltr' id='par_1_11' title="bbox 615 1049 1130 1120">
     <span class='ocr_line' id='line_1_11' title="bbox 615 1049 1130 1120; baseline -0.008 -15"><span class='ocrx_word' id='word_1_71' title='bbox 615 1049 1012 1105; x_wconf 69' lang='grc' dir='ltr'>κΕΦΑΑΑιοΝ</span> <span class='ocrx_word' id='word_1_72' title='bbox 1044 1049 1130 1120; x_wconf 11' lang='grc' dir='ltr'><strong>ΥΛ’.</strong></span> 
     </span>
    </p>
   </div>
   <div class='ocr_carea' id='block_1_12' title="bbox 93 1136 1674 1224">
    <p class='ocr_par' dir='ltr' id='par_1_12' title="bbox 93 1136 1674 1224">
     <span class='ocr_line' id='line_1_12' title="bbox 93 1136 1674 1224; baseline -0.005 -24"><span class='ocrx_word' id='word_1_73' title='bbox 93 1150 281 1213; x_wconf 78' lang='grc' dir='ltr'>Ὅπως</span> <span class='ocrx_word' id='word_1_74' title='bbox 301 1147 422 1224; x_wconf 66' lang='grc' dir='ltr'>χρὴ</span> <span class='ocrx_word' id='word_1_75' title='bbox 451 1145 568 1213; x_wconf 72' lang='grc' dir='ltr'><strong>τὴν</strong></span> <span class='ocrx_word' id='word_1_76' title='bbox 591 1142 1008 1224; x_wconf 61' lang='grc' dir='ltr'>ἀναστὰςιμον</span> <span class='ocrx_word' id='word_1_77' title='bbox 1045 1139 1164 1224; x_wconf 43' lang='grc' dir='ltr'>τοῦ.</span> <span class='ocrx_word' id='word_1_78' title='bbox 1196 1137 1472 1224; x_wconf 60' lang='grc' dir='ltr'>Σωςῇρος</span> <span class='ocrx_word' id='word_1_79' title='bbox 1506 1136 1674 1209; x_wconf 76' lang='grc' dir='ltr'>ἡμῶν</span> 
     </span>
    </p>
   </div>
   <div class='ocr_carea' id='block_1_13' title="bbox 280 1207 1452 1285">
    <p class='ocr_par' dir='ltr' id='par_1_13' title="bbox 280 1207 1452 1285">
     <span class='ocr_line' id='line_1_13' title="bbox 280 1207 1452 1285; baseline -0.008 -15"><span class='ocrx_word' id='word_1_80' title='bbox 280 1207 520 1285; x_wconf 61' lang='grc' dir='ltr'>ἧῖιέρανί</span> <span class='ocrx_word' id='word_1_81' title='bbox 538 1207 1113 1280; x_wconf 64' lang='grc' dir='ltr'><strong>συναθροιζομένους</strong></span> <span class='ocrx_word' id='word_1_82' title='bbox 1140 1207 1452 1278; x_wconf 69' lang='grc' dir='ltr'>ἑορτάζειν.</span> 
     </span>
    </p>
   </div>
   <div class='ocr_carea' id='block_1_14' title="bbox 157 1363 1674 1446">
    <p class='ocr_par' dir='ltr' id='par_1_14' title="bbox 157 1363 1674 1446">
     <span class='ocr_line' id='line_1_14' title="bbox 157 1363 1674 1446; baseline -0.007 -19"><span class='ocrx_word' id='word_1_83' title='bbox 157 1374 268 1446; x_wconf 83' lang='grc' dir='ltr'><strong>Τὴν</strong></span> <span class='ocrx_word' id='word_1_84' title='bbox 300 1371 668 1442; x_wconf 83' lang='grc' dir='ltr'>ἁναστάσιμον</span> <span class='ocrx_word' id='word_1_85' title='bbox 696 1367 790 1422; x_wconf 88' lang='grc' dir='ltr'><strong>τοῦ</strong></span> <span class='ocrx_word' id='word_1_86' title='bbox 823 1365 1030 1439; x_wconf 84' lang='grc' dir='ltr'>Κυρίου</span> <span class='ocrx_word' id='word_1_87' title='bbox 1069 1365 1305 1437; x_wconf 80' lang='grc' dir='ltr'>ἡμέραν,</span> <span class='ocrx_word' id='word_1_88' title='bbox 1336 1363 1436 1435; x_wconf 81' lang='grc' dir='ltr'>τὴν</span> <span class='ocrx_word' id='word_1_89' title='bbox 1463 1363 1674 1435; x_wconf 86' lang='grc' dir='ltr'>Κυρια-</span> 
     </span>
    </p>
   </div>
   <div class='ocr_carea' id='block_1_15' title="bbox 85 1455 1674 1540">
    <p class='ocr_par' dir='ltr' id='par_1_15' title="bbox 85 1455 1674 1540">
     <span class='ocr_line' id='line_1_15' title="bbox 85 1455 1674 1540; baseline -0.009 -20"><span class='ocrx_word' id='word_1_90' title='bbox 85 1468 193 1537; x_wconf 78' lang='grc' dir='ltr'><strong>κήν</strong></span> <span class='ocrx_word' id='word_1_91' title='bbox 224 1481 423 1540; x_wconf 78' lang='grc' dir='ltr'>φαμεν,</span> <span class='ocrx_word' id='word_1_92' title='bbox 459 1460 783 1533; x_wconf 78' lang='grc' dir='ltr'><strong>συνέρχεσθε</strong></span> <span class='ocrx_word' id='word_1_93' title='bbox 811 1458 1192 1522; x_wconf 78' lang='grc' dir='ltr'><strong>ἀδιαλείπτως,</strong></span> <span class='ocrx_word' id='word_1_94' title='bbox 1224 1455 1674 1528; x_wconf 79' lang='grc' dir='ltr'>εὐχαριστοῦντες</span> 
     </span>
    </p>
   </div>
   <div class='ocr_carea' id='block_1_16' title="bbox 87 1543 1672 1630">
    <p class='ocr_par' dir='ltr' id='par_1_16' title="bbox 87 1543 1672 1630">
     <span class='ocr_line' id='line_1_16' title="bbox 87 1543 1672 1630; baseline -0.011 -15"><span class='ocrx_word' id='word_1_95' title='bbox 87 1561 164 1630; x_wconf 79' lang='grc' dir='ltr'>τῷ</span> <span class='ocrx_word' id='word_1_96' title='bbox 195 1559 332 1630; x_wconf 80' lang='grc' dir='ltr'>Θεῷ,</span> <span class='ocrx_word' id='word_1_97' title='bbox 375 1558 468 1612; x_wconf 70' lang='grc' dir='ltr'><strong>καὶ</strong></span> <span class='ocrx_word' id='word_1_98' title='bbox 517 1552 996 1625; x_wconf 73' lang='grc' dir='ltr'><strong>ἐξομολογούμενοι</strong></span> <span class='ocrx_word' id='word_1_99' title='bbox 1046 1549 1132 1619; x_wconf 82' lang='grc' dir='ltr'>ἐφ’</span> <span class='ocrx_word' id='word_1_100' title='bbox 1175 1543 1256 1611; x_wconf 73' lang='grc' dir='ltr'><strong>οἷς</strong></span> <span class='ocrx_word' id='word_1_101' title='bbox 1303 1547 1672 1618; x_wconf 80' lang='grc' dir='ltr'>εὐηργέτησεν</span> 
     </span>
    </p>
   </div>
   <div class='ocr_carea' id='block_1_17' title="bbox 87 1639 1670 1723">
    <p class='ocr_par' dir='ltr' id='par_1_17' title="bbox 87 1639 1670 1723">
     <span class='ocr_line' id='line_1_17' title="bbox 87 1639 1670 1723; baseline -0.01 -17"><span class='ocrx_word' id='word_1_102' title='bbox 87 1654 234 1723; x_wconf 75' lang='grc' dir='ltr'>ὑμᾶς</span> <span class='ocrx_word' id='word_1_103' title='bbox 271 1649 377 1723; x_wconf 84' lang='grc'><strong>(69)</strong></span> <span class='ocrx_word' id='word_1_104' title='bbox 405 1650 435 1701; x_wconf 82' lang='grc' dir='ltr'>ὁ</span> <span class='ocrx_word' id='word_1_105' title='bbox 465 1648 598 1710; x_wconf 86' lang='grc' dir='ltr'>Θεὸς</span> <span class='ocrx_word' id='word_1_106' title='bbox 637 1645 725 1698; x_wconf 82' lang='grc' dir='ltr'><strong>διά</strong></span> <span class='ocrx_word' id='word_1_107' title='bbox 763 1640 1032 1715; x_wconf 78' lang='grc' dir='ltr'>Χριστοῦ,</span> <span class='ocrx_word' id='word_1_108' title='bbox 1081 1639 1382 1712; x_wconf 80' lang='grc' dir='ltr'>ῥυσάμενος</span> <span class='ocrx_word' id='word_1_109' title='bbox 1426 1639 1670 1706; x_wconf 83' lang='grc' dir='ltr'>ἀγνοίας,</span> 
     </span>
    </p>
   </div>
   <div class='ocr_carea' id='block_1_18' title="bbox 83 1730 1672 1811">
    <p class='ocr_par' dir='ltr' id='par_1_18' title="bbox 83 1730 1672 1811">
     <span class='ocr_line' id='line_1_18' title="bbox 83 1730 1672 1811; baseline -0.008 -15"><span class='ocrx_word' id='word_1_110' title='bbox 83 1743 316 1811; x_wconf 79' lang='grc' dir='ltr'>πλάνης,</span> <span class='ocrx_word' id='word_1_111' title='bbox 363 1739 601 1810; x_wconf 83' lang='grc' dir='ltr'>δεσμῶν·</span> <span class='ocrx_word' id='word_1_112' title='bbox 651 1739 800 1799; x_wconf 80' lang='grc' dir='ltr'>ὅπως</span> <span class='ocrx_word' id='word_1_113' title='bbox 848 1735 1138 1805; x_wconf 81' lang='grc' dir='ltr'>ἄμεμπτος</span> <span class='ocrx_word' id='word_1_114' title='bbox 1239 1735 1272 1804; x_wconf 85' lang='grc' dir='ltr'>ἡ</span> <span class='ocrx_word' id='word_1_115' title='bbox 1302 1731 1461 1785; x_wconf 83' lang='grc' dir='ltr'>θυσία</span> <span class='ocrx_word' id='word_1_116' title='bbox 1496 1733 1672 1803; x_wconf 83' lang='grc' dir='ltr'>ὑμῶν,</span> 
     </span>
    </p>
   </div>
   <div class='ocr_carea' id='block_1_19' title="bbox 87 1825 1673 1903">
    <p class='ocr_par' dir='ltr' id='par_1_19' title="bbox 87 1825 1673 1903">
     <span class='ocr_line' id='line_1_19' title="bbox 87 1825 1673 1903; baseline -0.008 -15"><span class='ocrx_word' id='word_1_117' title='bbox 87 1836 183 1888; x_wconf 76' lang='grc' dir='ltr'>καὶ</span> <span class='ocrx_word' id='word_1_118' title='bbox 212 1833 545 1903; x_wconf 81' lang='grc' dir='ltr'>εὐανάφορος</span> <span class='ocrx_word' id='word_1_119' title='bbox 565 1828 705 1899; x_wconf 81' lang='grc' dir='ltr'>Θεῷ,</span> <span class='ocrx_word' id='word_1_120' title='bbox 735 1826 816 1898; x_wconf 85' lang='grc' dir='ltr'>τῷ</span> <span class='ocrx_word' id='word_1_121' title='bbox 855 1826 1059 1879; x_wconf 73' lang='grc' dir='ltr'>εἰπόντι</span> <span class='ocrx_word' id='word_1_122' title='bbox 1090 1825 1218 1897; x_wconf 74' lang='grc' dir='ltr'>περὶ</span> <span class='ocrx_word' id='word_1_123' title='bbox 1245 1826 1345 1894; x_wconf 81' lang='grc' dir='ltr'>τῆς</span> <span class='ocrx_word' id='word_1_124' title='bbox 1370 1825 1673 1894; x_wconf 84' lang='grc' dir='ltr'>οἱκουμενι-</span> 
     </span>
    </p>
   </div>
   <div class='ocr_carea' id='block_1_20' title="bbox 86 1915 1673 1996">
    <p class='ocr_par' dir='ltr' id='par_1_20' title="bbox 86 1915 1673 1996">
     <span class='ocr_line' id='line_1_20' title="bbox 86 1915 1673 1996; baseline -0.008 -17"><span class='ocrx_word' id='word_1_125' title='bbox 86 1928 193 1996; x_wconf 76' lang='grc' dir='ltr'>κῆς</span> <span class='ocrx_word' id='word_1_126' title='bbox 245 1922 409 1978; x_wconf 89' lang='grc' dir='ltr'>αὐτοῦ</span> <span class='ocrx_word' id='word_1_127' title='bbox 470 1919 818 1990; x_wconf 82' lang='grc' dir='ltr'>Ἐκκλησίας,</span> <span class='ocrx_word' id='word_1_128' title='bbox 863 1919 945 1971; x_wconf 83' lang='grc' dir='ltr'>ὅτι</span> <span class='ocrx_word' id='word_1_129' title='bbox 994 1936 1012 1968; x_wconf 78' lang='grc' dir='ltr'><strong>ι</strong></span> <span class='ocrx_word' id='word_1_130' title='bbox 1052 1918 1110 1969; x_wconf 87' lang='grc' dir='ltr'><strong>ἐν</strong></span> <span class='ocrx_word' id='word_1_131' title='bbox 1159 1918 1324 1969; x_wconf 73' lang='grc' dir='ltr'>παντὶ</span> <span class='ocrx_word' id='word_1_132' title='bbox 1375 1915 1524 1985; x_wconf 82' lang='grc' dir='ltr'>τόπῳ</span> <span class='ocrx_word' id='word_1_133' title='bbox 1584 1933 1673 1986; x_wconf 89' lang='grc' dir='ltr'><strong>μοι</strong></span> 
     </span>
    </p>
   </div>
   <div class='ocr_carea' id='block_1_21' title="bbox 2345 1021 2792 1109">
    <p class='ocr_par' dir='ltr' id='par_1_21' title="bbox 2345 1021 2792 1109">
     <span class='ocr_line' id='line_1_21' title="bbox 2345 1021 2792 1109; baseline -0.007 -12"><span class='ocrx_word' id='word_1_134' title='bbox 2345 1040 2578 1097; x_wconf 81' lang='lat' dir='ltr'><strong>CAPUT</strong></span> <span class='ocrx_word' id='word_1_135' title='bbox 2598 1021 2792 1109; x_wconf 49' lang='grc' dir='ltr'>καὶ.</span> 
     </span>
    </p>
   </div>
   <div class='ocr_carea' id='block_1_22' title="bbox 1777 1132 3362 1204">
    <p class='ocr_par' dir='ltr' id='par_1_22' title="bbox 1777 1132 3362 1204">
     <span class='ocr_line' id='line_1_22' title="bbox 1777 1132 3362 1204; baseline 0.003 -18"><span class='ocrx_word' id='word_1_136' title='bbox 1777 1133 2053 1201; x_wconf 74' lang='lat' dir='ltr'><strong>Quomodo</strong></span> <span class='ocrx_word' id='word_1_137' title='bbox 2083 1143 2320 1204; x_wconf 78' lang='lat' dir='ltr'><strong><em>oporteat</em></strong></span> <span class='ocrx_word' id='word_1_138' title='bbox 2361 1135 2501 1189; x_wconf 80' lang='lat' dir='ltr'><strong>diem</strong></span> <span class='ocrx_word' id='word_1_139' title='bbox 2549 1132 2927 1197; x_wconf 82' lang='lat' dir='ltr'><strong>Dominicum,</strong></span> <span class='ocrx_word' id='word_1_140' title='bbox 2959 1135 3131 1190; x_wconf 73' lang='lat' dir='ltr'><strong>nostri</strong></span> <span class='ocrx_word' id='word_1_141' title='bbox 3166 1132 3362 1191; x_wconf 75' lang='lat' dir='ltr'><strong>Satn-</strong></span> 
     </span>
    </p>
   </div>
   <div class='ocr_carea' id='block_1_23' title="bbox 1843 1204 3359 1329">
    <p class='ocr_par' dir='ltr' id='par_1_23' title="bbox 1843 1204 3359 1329">
     <span class='ocr_line' id='line_1_23' title="bbox 1843 1204 3359 1326; baseline 0.003 -70"><span class='ocrx_word' id='word_1_142' title='bbox 1843 1206 2405 1326; x_wconf 55' lang='lat' dir='ltr'><strong>lt’orisresurrectioni</strong></span> <span class='ocrx_word' id='word_1_143' title='bbox 2446 1204 2717 1270; x_wconf 80' lang='lat' dir='ltr'><strong>dicatum,</strong></span> <span class='ocrx_word' id='word_1_144' title='bbox 2767 1216 3149 1277; x_wconf 77' lang='lat' dir='ltr'><strong>congregatos,</strong></span> <span class='ocrx_word' id='word_1_145' title='bbox 3219 1206 3359 1260; x_wconf 78' lang='lat' dir='ltr'><strong>cele-</strong></span> 
     </span>
     <span class='ocr_line' id='line_1_24' title="bbox 1879 1292 2018 1329; baseline 0.022 -3"><span class='ocrx_word' id='word_1_146' title='bbox 1879 1292 2018 1329; x_wconf 85' lang='lat' dir='ltr'><strong>rare.</strong></span> 
     </span>
    </p>
   </div>
   <div class='ocr_carea' id='block_1_24' title="bbox 1847 1365 3360 1433">
    <p class='ocr_par' dir='ltr' id='par_1_24' title="bbox 1847 1365 3360 1433">
     <span class='ocr_line' id='line_1_25' title="bbox 1847 1365 3360 1433; baseline 0.003 -13"><span class='ocrx_word' id='word_1_147' title='bbox 1847 1365 1946 1423; x_wconf 90' lang='lat' dir='ltr'><strong>Die</strong></span> <span class='ocrx_word' id='word_1_148' title='bbox 1995 1366 2423 1423; x_wconf 79' lang='lat' dir='ltr'><strong>resurrectionis</strong></span> <span class='ocrx_word' id='word_1_149' title='bbox 2468 1365 2723 1433; x_wconf 89' lang='lat' dir='ltr'><strong>Domini,</strong></span> <span class='ocrx_word' id='word_1_150' title='bbox 2756 1367 2862 1425; x_wconf 88' lang='lat' dir='ltr'><strong>hoc</strong></span> <span class='ocrx_word' id='word_1_151' title='bbox 2905 1377 2991 1425; x_wconf 88' lang='lat' dir='ltr'><strong>est</strong></span> <span class='ocrx_word' id='word_1_152' title='bbox 3035 1365 3360 1433; x_wconf 89' lang='lat' dir='ltr'><strong>Dominica,</strong></span> 
     </span>
    </p>
   </div>
   <div class='ocr_carea' id='block_1_25' title="bbox 1775 1461 3360 1532">
    <p class='ocr_par' dir='ltr' id='par_1_25' title="bbox 1775 1461 3360 1532">
     <span class='ocr_line' id='line_1_26' title="bbox 1775 1461 3360 1532; baseline 0.002 -18"><span class='ocrx_word' id='word_1_153' title='bbox 1775 1461 2068 1515; x_wconf 92' lang='lat' dir='ltr'><strong>convenite</strong></span> <span class='ocrx_word' id='word_1_154' title='bbox 2119 1461 2377 1524; x_wconf 83' lang='lat' dir='ltr'><strong>assidue,</strong></span> <span class='ocrx_word' id='word_1_155' title='bbox 2415 1463 2620 1532; x_wconf 75' lang='lat' dir='ltr'><strong>gratias</strong></span> <span class='ocrx_word' id='word_1_156' title='bbox 2649 1470 2879 1532; x_wconf 78' lang='lat' dir='ltr'><strong>agentes</strong></span> <span class='ocrx_word' id='word_1_157' title='bbox 2921 1461 3068 1527; x_wconf 90' lang='lat' dir='ltr'><strong>Deo,</strong></span> <span class='ocrx_word' id='word_1_158' title='bbox 3102 1469 3156 1517; x_wconf 89' lang='lat' dir='ltr'><strong>et</strong></span> <span class='ocrx_word' id='word_1_159' title='bbox 3187 1463 3360 1518; x_wconf 78' lang='lat' dir='ltr'><strong>conﬁ-</strong></span> 
     </span>
    </p>
   </div>
   <div class='ocr_carea' id='block_1_26' title="bbox 1777 1553 3361 1626">
    <p class='ocr_par' dir='ltr' id='par_1_26' title="bbox 1777 1553 3361 1626">
     <span class='ocr_line' id='line_1_27' title="bbox 1777 1553 3361 1626; baseline 0.003 -21"><span class='ocrx_word' id='word_1_160' title='bbox 1777 1560 1956 1608; x_wconf 88' lang='lat' dir='ltr'><strong>tentes</strong></span> <span class='ocrx_word' id='word_1_161' title='bbox 1999 1554 2067 1609; x_wconf 89' lang='lat' dir='ltr'><strong>de</strong></span> <span class='ocrx_word' id='word_1_162' title='bbox 2104 1553 2388 1608; x_wconf 89' lang='lat' dir='ltr'><strong>beneﬁciis</strong></span> <span class='ocrx_word' id='word_1_163' title='bbox 2428 1569 2551 1623; x_wconf 69' lang='lat' dir='ltr'><strong>qua:</strong></span> <span class='ocrx_word' id='word_1_164' title='bbox 2577 1554 2634 1617; x_wconf 85' lang='lat' dir='ltr'><strong>jn</strong></span> <span class='ocrx_word' id='word_1_165' title='bbox 2661 1569 2761 1609; x_wconf 92' lang='lat' dir='ltr'><strong>vos</strong></span> <span class='ocrx_word' id='word_1_166' title='bbox 2804 1554 3040 1608; x_wconf 85' lang='lat' dir='ltr'><strong>contulit</strong></span> <span class='ocrx_word' id='word_1_167' title='bbox 3087 1553 3232 1610; x_wconf 90' lang='lat' dir='ltr'><strong>Deus</strong></span> <span class='ocrx_word' id='word_1_168' title='bbox 3262 1571 3361 1626; x_wconf 86' lang='lat' dir='ltr'><strong>per</strong></span> 
     </span>
    </p>
   </div>
   <div class='ocr_carea' id='block_1_27' title="bbox 1776 1645 3358 1717">
    <p class='ocr_par' dir='ltr' id='par_1_27' title="bbox 1776 1645 3358 1717">
     <span class='ocr_line' id='line_1_28' title="bbox 1776 1645 3358 1717; baseline 0.002 -17"><span class='ocrx_word' id='word_1_169' title='bbox 1776 1645 2080 1710; x_wconf 87' lang='lat' dir='ltr'><strong>Christum,</strong></span> <span class='ocrx_word' id='word_1_170' title='bbox 2131 1646 2418 1701; x_wconf 89' lang='lat' dir='ltr'><strong>liberando</strong></span> <span class='ocrx_word' id='word_1_171' title='bbox 2463 1647 2793 1717; x_wconf 78' lang='lat' dir='ltr'><strong>ignorantia,</strong></span> <span class='ocrx_word' id='word_1_172' title='bbox 2821 1661 3040 1711; x_wconf 82' lang='lat' dir='ltr'><strong>errore,</strong></span> <span class='ocrx_word' id='word_1_173' title='bbox 3084 1648 3358 1716; x_wconf 87' lang='lat' dir='ltr'><strong>vinculis;</strong></span> 
     </span>
    </p>
   </div>
   <div class='ocr_carea' id='block_1_28' title="bbox 1777 1738 3362 1809">
    <p class='ocr_par' dir='ltr' id='par_1_28' title="bbox 1777 1738 3362 1809">
     <span class='ocr_line' id='line_1_29' title="bbox 1777 1738 3362 1809; baseline 0.003 -18"><span class='ocrx_word' id='word_1_174' title='bbox 1777 1747 1836 1791; x_wconf 92' lang='lat' dir='ltr'><strong>ut</strong></span> <span class='ocrx_word' id='word_1_175' title='bbox 1868 1738 2200 1793; x_wconf 82' lang='lat' dir='ltr'><strong>sacriﬁcium</strong></span> <span class='ocrx_word' id='word_1_176' title='bbox 2235 1747 2480 1793; x_wconf 89' lang='lat' dir='ltr'><strong>vestrum</strong></span> <span class='ocrx_word' id='word_1_177' title='bbox 2527 1740 2598 1794; x_wconf 88' lang='lat' dir='ltr'><strong>sit</strong></span> <span class='ocrx_word' id='word_1_178' title='bbox 2643 1738 3084 1809; x_wconf 88' lang='lat' dir='ltr'><strong>irreprehensum</strong></span> <span class='ocrx_word' id='word_1_179' title='bbox 3106 1779 3122 1805; x_wconf 95' lang='lat'><strong>,</strong></span> <span class='ocrx_word' id='word_1_180' title='bbox 3152 1748 3208 1796; x_wconf 91' lang='lat' dir='ltr'><strong>et</strong></span> <span class='ocrx_word' id='word_1_181' title='bbox 3248 1739 3362 1796; x_wconf 81' lang='lat' dir='ltr'><strong>Deo</strong></span> 
     </span>
    </p>
   </div>
   <div class='ocr_carea' id='block_1_29' title="bbox 1777 1827 3362 1904">
    <p class='ocr_par' dir='ltr' id='par_1_29' title="bbox 1777 1827 3362 1904">
     <span class='ocr_line' id='line_1_30' title="bbox 1777 1827 3362 1904; baseline 0.003 -23"><span class='ocrx_word' id='word_1_182' title='bbox 1777 1838 2083 1898; x_wconf 88' lang='lat' dir='ltr'><strong>acceptum,</strong></span> <span class='ocrx_word' id='word_1_183' title='bbox 2112 1829 2207 1899; x_wconf 87' lang='lat' dir='ltr'><strong>qui</strong></span> <span class='ocrx_word' id='word_1_184' title='bbox 2240 1829 2307 1884; x_wconf 90' lang='lat' dir='ltr'><strong>de</strong></span> <span class='ocrx_word' id='word_1_185' title='bbox 2336 1827 2580 1883; x_wconf 81' lang='lat' dir='ltr'><strong>Ecclesia</strong></span> <span class='ocrx_word' id='word_1_186' title='bbox 2614 1844 2713 1883; x_wconf 92' lang='lat' dir='ltr'><strong>sua</strong></span> <span class='ocrx_word' id='word_1_187' title='bbox 2743 1831 3106 1894; x_wconf 79' lang='lat' dir='ltr'><strong>(ecumenica,</strong></span> <span class='ocrx_word' id='word_1_188' title='bbox 3139 1846 3234 1886; x_wconf 89' lang='lat' dir='ltr'><strong>seu</strong></span> <span class='ocrx_word' id='word_1_189' title='bbox 3264 1848 3362 1904; x_wconf 87' lang='lat' dir='ltr'><strong>per</strong></span> 
     </span>
    </p>
   </div>
   <div class='ocr_carea' id='block_1_30' title="bbox 1775 1919 3361 1978">
    <p class='ocr_par' dir='ltr' id='par_1_30' title="bbox 1775 1919 3361 1978">
     <span class='ocr_line' id='line_1_31' title="bbox 1775 1919 3361 1978; baseline 0.003 -5"><span class='ocrx_word' id='word_1_190' title='bbox 1775 1928 1953 1974; x_wconf 89' lang='lat' dir='ltr'><strong>totum</strong></span> <span class='ocrx_word' id='word_1_191' title='bbox 2004 1921 2194 1976; x_wconf 89' lang='lat' dir='ltr'><strong>orbem</strong></span> <span class='ocrx_word' id='word_1_192' title='bbox 2243 1920 2441 1975; x_wconf 78' lang='lat' dir='ltr'><strong>diﬂ‘usa</strong></span> <span class='ocrx_word' id='word_1_193' title='bbox 2490 1920 2674 1974; x_wconf 80' lang='lat' dir='ltr'><strong>dixit:</strong></span> <span class='ocrx_word' id='word_1_194' title='bbox 2709 1939 2732 1972; x_wconf 62' lang='grc' dir='ltr'><em>ς</em></span> <span class='ocrx_word' id='word_1_195' title='bbox 2782 1919 2842 1975; x_wconf 84' lang='grc' dir='ltr'>1η</span> <span class='ocrx_word' id='word_1_196' title='bbox 2873 1923 3022 1976; x_wconf 90' lang='lat' dir='ltr'><strong>omni</strong></span> <span class='ocrx_word' id='word_1_197' title='bbox 3065 1922 3188 1977; x_wconf 92' lang='lat' dir='ltr'><strong>loco</strong></span> <span class='ocrx_word' id='word_1_198' title='bbox 3227 1925 3361 1978; x_wconf 86' lang='lat' dir='ltr'><strong>mihi</strong></span> 
     </span>
    </p>
   </div>
   <div class='ocr_carea' id='block_1_31' title="bbox 86 2002 1669 2086">
    <p class='ocr_par' dir='ltr' id='par_1_31' title="bbox 86 2006 1669 2086">
     <span class='ocr_line' id='line_1_32' title="bbox 86 2006 1669 2086; baseline -0.005 -18"><span class='ocrx_word' id='word_1_199' title='bbox 86 2014 584 2086; x_wconf 84' lang='grc' dir='ltr'>προσενεχθήσεται</span> <span class='ocrx_word' id='word_1_200' title='bbox 629 2010 902 2081; x_wconf 89' lang='grc' dir='ltr'>θυμίαμα,</span> <span class='ocrx_word' id='word_1_201' title='bbox 947 2010 1042 2062; x_wconf 73' lang='grc' dir='ltr'>καὶ</span> <span class='ocrx_word' id='word_1_202' title='bbox 1089 2007 1250 2060; x_wconf 80' lang='grc' dir='ltr'>θυσία</span> <span class='ocrx_word' id='word_1_203' title='bbox 1293 2006 1540 2078; x_wconf 84' lang='grc' dir='ltr'>καθαρά·</span> <span class='ocrx_word' id='word_1_204' title='bbox 1591 2009 1669 2060; x_wconf 87' lang='grc' dir='ltr'>ὃτι</span> 
     </span>
    </p>
   </div>
   <div class='ocr_carea' id='block_1_32' title="bbox 1784 2002 3362 2086">
    <p class='ocr_par' dir='ltr' id='par_1_32' title="bbox 1784 2011 3362 2086">
     <span class='ocr_line' id='line_1_33' title="bbox 1784 2011 3362 2086; baseline 0.004 -21"><span class='ocrx_word' id='word_1_205' title='bbox 1784 2011 2038 2068; x_wconf 75' lang='lat' dir='ltr'><strong>uﬁ‘eretur</strong></span> <span class='ocrx_word' id='word_1_206' title='bbox 2073 2013 2380 2075; x_wconf 86' lang='lat' dir='ltr'><strong>incensum,</strong></span> <span class='ocrx_word' id='word_1_207' title='bbox 2411 2020 2463 2067; x_wconf 91' lang='lat' dir='ltr'><strong>et</strong></span> <span class='ocrx_word' id='word_1_208' title='bbox 2509 2012 2840 2067; x_wconf 78' lang='lat' dir='ltr'><strong>sacrificium</strong></span> <span class='ocrx_word' id='word_1_209' title='bbox 2887 2014 3150 2069; x_wconf 88' lang='lat' dir='ltr'><strong>mundum</strong></span> <span class='ocrx_word' id='word_1_210' title='bbox 3183 2034 3198 2071; x_wconf 82' lang='lat'><strong>:</strong></span> <span class='ocrx_word' id='word_1_211' title='bbox 3233 2016 3362 2086; x_wconf 87' lang='lat' dir='ltr'><strong>quia</strong></span> 
     </span>
    </p>
   </div>
   <div class='ocr_carea' id='block_1_33' title="bbox 88 2094 1676 2178">
    <p class='ocr_par' dir='ltr' id='par_1_33' title="bbox 88 2094 1676 2178">
     <span class='ocr_line' id='line_1_34' title="bbox 88 2094 1676 2178; baseline -0.005 -20"><span class='ocrx_word' id='word_1_212' title='bbox 88 2107 342 2178; x_wconf 83' lang='grc' dir='ltr'>βασιλεὺς</span> <span class='ocrx_word' id='word_1_213' title='bbox 383 2105 556 2176; x_wconf 82' lang='grc' dir='ltr'>μέγας</span> <span class='ocrx_word' id='word_1_214' title='bbox 594 2101 706 2171; x_wconf 88' lang='grc' dir='ltr'><strong>ἐγώ</strong></span> <span class='ocrx_word' id='word_1_215' title='bbox 761 2104 910 2173; x_wconf 82' lang='grc' dir='ltr'>είμι,</span> <span class='ocrx_word' id='word_1_216' title='bbox 941 2100 1088 2168; x_wconf 80' lang='grc' dir='ltr'>λέγει</span> <span class='ocrx_word' id='word_1_217' title='bbox 1123 2094 1326 2170; x_wconf 81' lang='grc' dir='ltr'>Κύριος</span> <span class='ocrx_word' id='word_1_218' title='bbox 1369 2098 1676 2170; x_wconf 82' lang='grc' dir='ltr'>παντοκρά-</span> 
     </span>
    </p>
   </div>
   <div class='ocr_carea' id='block_1_34' title="bbox 82 2189 1636 2270">
    <p class='ocr_par' dir='ltr' id='par_1_34' title="bbox 82 2189 1636 2270">
     <span class='ocr_line' id='line_1_35' title="bbox 82 2189 1636 2270; baseline -0.008 -18"><span class='ocrx_word' id='word_1_219' title='bbox 82 2216 219 2270; x_wconf 87' lang='grc' dir='ltr'>τωρ,</span> <span class='ocrx_word' id='word_1_220' title='bbox 247 2196 428 2252; x_wconf 79' lang='grc' dir='ltr'>καὶτὸ</span> <span class='ocrx_word' id='word_1_221' title='bbox 464 2195 637 2266; x_wconf 72' lang='grc' dir='ltr'>ὄνομά</span> <span class='ocrx_word' id='word_1_222' title='bbox 672 2211 770 2264; x_wconf 87' lang='grc' dir='ltr'><strong>μου</strong></span> <span class='ocrx_word' id='word_1_223' title='bbox 801 2191 1111 2262; x_wconf 77' lang='grc' dir='ltr'>θαυμαστὸν</span> <span class='ocrx_word' id='word_1_224' title='bbox 1143 2192 1200 2242; x_wconf 83' lang='grc' dir='ltr'><strong>ἐν</strong></span> <span class='ocrx_word' id='word_1_225' title='bbox 1232 2193 1352 2252; x_wconf 60' lang='grc' dir='ltr'>τοῖς»</span> <span class='ocrx_word' id='word_1_226' title='bbox 1377 2189 1572 2242; x_wconf 75' lang='grc' dir='ltr'>ἔθνεσι.</span> <span class='ocrx_word' id='word_1_227' title='bbox 1617 2209 1636 2240; x_wconf 72' lang='grc' dir='ltr'><strong>ι</strong></span> 
     </span>
    </p>
   </div>
   <div class='ocr_carea' id='block_1_35' title="bbox 603 2284 1160 2338">
    <p class='ocr_par' dir='ltr' id='par_1_35' title="bbox 603 2284 1160 2338">
     <span class='ocr_line' id='line_1_36' title="bbox 603 2284 1160 2338; baseline -0.005 0"><span class='ocrx_word' id='word_1_228' title='bbox 603 2284 998 2338; x_wconf 81' lang='grc' dir='ltr'><strong>ΚΕΦΑΛΑῙΟΝ</strong></span> <span class='ocrx_word' id='word_1_229' title='bbox 1036 2285 1160 2336; x_wconf 80' lang='lat' dir='ltr'><strong>AA&#39;.</strong></span> 
     </span>
    </p>
   </div>
   <div class='ocr_carea' id='block_1_36' title="bbox 231 2371 1531 2446">
    <p class='ocr_par' dir='ltr' id='par_1_36' title="bbox 231 2371 1531 2446">
     <span class='ocr_line' id='line_1_37' title="bbox 231 2371 1531 2446; baseline -0.005 -14"><span class='ocrx_word' id='word_1_230' title='bbox 231 2380 406 2444; x_wconf 77' lang='grc' dir='ltr'>Οἴους</span> <span class='ocrx_word' id='word_1_231' title='bbox 433 2379 585 2432; x_wconf 74' lang='grc' dir='ltr'>εἶναι</span> <span class='ocrx_word' id='word_1_232' title='bbox 615 2377 732 2446; x_wconf 82' lang='grc' dir='ltr'>χρὴ</span> <span class='ocrx_word' id='word_1_233' title='bbox 764 2376 907 2441; x_wconf 86' lang='grc' dir='ltr'>τοὺς</span> <span class='ocrx_word' id='word_1_234' title='bbox 936 2371 1531 2443; x_wconf 71' lang='grc' dir='ltr'>χειροτονουμένους.</span> 
     </span>
    </p>
   </div>
   <div class='ocr_carea' id='block_1_37' title="bbox 156 2463 1673 2542">
    <p class='ocr_par' dir='ltr' id='par_1_37' title="bbox 156 2463 1673 2542">
     <span class='ocr_line' id='line_1_38' title="bbox 156 2463 1673 2542; baseline -0.006 -18"><span class='ocrx_word' id='word_1_235' title='bbox 156 2470 588 2542; x_wconf 77' lang='grc' dir='ltr'>Προχειρίσασθε</span> <span class='ocrx_word' id='word_1_236' title='bbox 631 2469 686 2521; x_wconf 88' lang='grc' dir='ltr'>δὲ</span> <span class='ocrx_word' id='word_1_237' title='bbox 731 2468 1064 2529; x_wconf 84' lang='grc' dir='ltr'>ἐπισκόπους</span> <span class='ocrx_word' id='word_1_238' title='bbox 1107 2465 1292 2530; x_wconf 79' lang='grc' dir='ltr'>ἀξίους</span> <span class='ocrx_word' id='word_1_239' title='bbox 1322 2463 1416 2516; x_wconf 92' lang='grc' dir='ltr'><strong>τοῦ</strong></span> <span class='ocrx_word' id='word_1_240' title='bbox 1446 2464 1673 2534; x_wconf 85' lang='grc' dir='ltr'>Κυρίου,</span> 
     </span>
    </p>
   </div>
   <div class='ocr_carea' id='block_1_38' title="bbox 81 2555 1673 2633">
    <p class='ocr_par' dir='ltr' id='par_1_38' title="bbox 81 2555 1673 2633">
     <span class='ocr_line' id='line_1_39' title="bbox 81 2555 1673 2633; baseline -0.005 -18"><span class='ocrx_word' id='word_1_241' title='bbox 81 2565 182 2616; x_wconf 74' lang='grc' dir='ltr'>καὶ</span> <span class='ocrx_word' id='word_1_242' title='bbox 213 2561 636 2633; x_wconf 78' lang='grc' dir='ltr'>πρεσϐυτέρους,</span> <span class='ocrx_word' id='word_1_243' title='bbox 671 2562 766 2613; x_wconf 68' lang='grc' dir='ltr'>καὶ</span> <span class='ocrx_word' id='word_1_244' title='bbox 793 2559 1090 2623; x_wconf 83' lang='grc' dir='ltr'>διακόνους,</span> <span class='ocrx_word' id='word_1_245' title='bbox 1122 2555 1321 2628; x_wconf 85' lang='grc' dir='ltr'>ἀνδρας</span> <span class='ocrx_word' id='word_1_246' title='bbox 1344 2556 1586 2619; x_wconf 80' lang='grc' dir='ltr'>εὐσεϐεῖς</span> <span class='ocrx_word' id='word_1_247' title='bbox 1606 2557 1673 2618; x_wconf 78' lang='grc' dir='ltr'><strong>τ’,</strong></span> 
     </span>
    </p>
   </div>
   <div class='ocr_carea' id='block_1_39' title="bbox 79 2647 1675 2725">
    <p class='ocr_par' dir='ltr' id='par_1_39' title="bbox 79 2647 1675 2725">
     <span class='ocr_line' id='line_1_40' title="bbox 79 2647 1675 2725; baseline -0.004 -19"><span class='ocrx_word' id='word_1_248' title='bbox 79 2655 346 2718; x_wconf 79' lang='grc' dir='ltr'>δικαίους,</span> <span class='ocrx_word' id='word_1_249' title='bbox 380 2657 597 2725; x_wconf 88' lang='grc' dir='ltr'>πραεῖς,</span> <span class='ocrx_word' id='word_1_250' title='bbox 629 2651 1068 2722; x_wconf 81' lang='grc' dir='ltr'>ἀφιλαργύρους,</span> <span class='ocrx_word' id='word_1_251' title='bbox 1107 2648 1441 2720; x_wconf 83' lang='grc' dir='ltr'>φιλαλήθεις,</span> <span class='ocrx_word' id='word_1_252' title='bbox 1471 2647 1675 2701; x_wconf 80' lang='grc' dir='ltr'>δεδοκι-</span> 
     </span>
    </p>
   </div>
   <div class='ocr_carea' id='block_1_40' title="bbox 85 2739 1676 2817">
    <p class='ocr_par' dir='ltr' id='par_1_40' title="bbox 85 2739 1676 2817">
     <span class='ocr_line' id='line_1_41' title="bbox 85 2739 1676 2817; baseline -0.004 -19"><span class='ocrx_word' id='word_1_253' title='bbox 85 2746 419 2817; x_wconf 86' lang='grc' dir='ltr'>μασμένους,</span> <span class='ocrx_word' id='word_1_254' title='bbox 475 2745 690 2810; x_wconf 82' lang='grc' dir='ltr'>ὁσίους,</span> <span class='ocrx_word' id='word_1_255' title='bbox 735 2743 1294 2814; x_wconf 81' lang='grc' dir='ltr'>ἀπροσωπολήπτους,</span> <span class='ocrx_word' id='word_1_256' title='bbox 1347 2739 1676 2811; x_wconf 78' lang='grc' dir='ltr'>δυναμένους</span> 
     </span>
    </p>
   </div>
   <div class='ocr_carea' id='block_1_41' title="bbox 78 2831 1676 2908">
    <p class='ocr_par' dir='ltr' id='par_1_41' title="bbox 78 2831 1676 2908">
     <span class='ocr_line' id='line_1_42' title="bbox 78 2831 1676 2908; baseline -0.006 -14"><span class='ocrx_word' id='word_1_257' title='bbox 78 2842 354 2894; x_wconf 74' lang='grc' dir='ltr'>διδάσκειν</span> <span class='ocrx_word' id='word_1_258' title='bbox 379 2839 472 2893; x_wconf 79' lang='grc' dir='ltr'>τὸν</span> <span class='ocrx_word' id='word_1_259' title='bbox 500 2839 656 2907; x_wconf 87' lang='grc' dir='ltr'>λόγον</span> <span class='ocrx_word' id='word_1_260' title='bbox 686 2837 788 2908; x_wconf 81' lang='grc' dir='ltr'>τῆς</span> <span class='ocrx_word' id='word_1_261' title='bbox 818 2835 1118 2898; x_wconf 77' lang='grc' dir='ltr'>εὐσεϐείας,</span> <span class='ocrx_word' id='word_1_262' title='bbox 1148 2831 1579 2905; x_wconf 85' lang='grc' dir='ltr'>ὀρθοτομοῦντας</span> <span class='ocrx_word' id='word_1_263' title='bbox 1618 2832 1676 2885; x_wconf 86' lang='grc' dir='ltr'><strong>ἐν</strong></span> 
     </span>
    </p>
   </div>
   <div class='ocr_carea' id='block_1_42' title="bbox 79 2922 1676 3003">
    <p class='ocr_par' dir='ltr' id='par_1_42' title="bbox 79 2922 1676 3003">
     <span class='ocr_line' id='line_1_43' title="bbox 79 2922 1676 3003; baseline -0.008 -17"><span class='ocrx_word' id='word_1_264' title='bbox 79 2936 200 2994; x_wconf 84' lang='grc' dir='ltr'>τοῖς</span> <span class='ocrx_word' id='word_1_265' title='bbox 224 2931 318 2984; x_wconf 88' lang='grc' dir='ltr'><strong>τοῦ</strong></span> <span class='ocrx_word' id='word_1_266' title='bbox 349 2931 554 3003; x_wconf 82' lang='grc' dir='ltr'>Κυρίου</span> <span class='ocrx_word' id='word_1_267' title='bbox 586 2929 869 2999; x_wconf 84' lang='grc' dir='ltr'>δόγμασιν.</span> <span class='ocrx_word' id='word_1_268' title='bbox 909 2927 1097 2998; x_wconf 85' lang='grc' dir='ltr'>Ὑμεῖς</span> <span class='ocrx_word' id='word_1_269' title='bbox 1141 2925 1196 2977; x_wconf 88' lang='grc' dir='ltr'>δὲ</span> <span class='ocrx_word' id='word_1_270' title='bbox 1233 2926 1429 2995; x_wconf 83' lang='grc' dir='ltr'>τιμᾶτε</span> <span class='ocrx_word' id='word_1_271' title='bbox 1454 2922 1676 2985; x_wconf 79' lang='grc' dir='ltr'>τούτους</span> 
     </span>
    </p>
   </div>
   <div class='ocr_carea' id='block_1_43' title="bbox 79 3011 1674 3094">
    <p class='ocr_par' dir='ltr' id='par_1_43' title="bbox 79 3011 1674 3094">
     <span class='ocr_line' id='line_1_44' title="bbox 79 3011 1674 3094; baseline -0.005 -16"><span class='ocrx_word' id='word_1_272' title='bbox 79 3026 160 3089; x_wconf 81' lang='grc' dir='ltr'><strong>ὡς</strong></span> <span class='ocrx_word' id='word_1_273' title='bbox 205 3023 470 3094; x_wconf 77' lang='grc' dir='ltr'>πατέρας,</span> <span class='ocrx_word' id='word_1_274' title='bbox 504 3023 579 3085; x_wconf 82' lang='grc' dir='ltr'>ὡς</span> <span class='ocrx_word' id='word_1_275' title='bbox 623 3022 870 3093; x_wconf 84' lang='grc' dir='ltr'>κυρίους,</span> <span class='ocrx_word' id='word_1_276' title='bbox 914 3019 992 3083; x_wconf 81' lang='grc' dir='ltr'><strong>ὡς</strong></span> <span class='ocrx_word' id='word_1_277' title='bbox 1029 3017 1351 3089; x_wconf 83' lang='grc' dir='ltr'>εὐεργέτας,</span> <span class='ocrx_word' id='word_1_278' title='bbox 1383 3015 1459 3080; x_wconf 86' lang='grc' dir='ltr'>ὼς</span> <span class='ocrx_word' id='word_1_279' title='bbox 1488 3014 1582 3068; x_wconf 88' lang='grc' dir='ltr'><strong>τοῦ</strong></span> <span class='ocrx_word' id='word_1_280' title='bbox 1614 3011 1674 3070; x_wconf 79' lang='grc' dir='ltr'>εὖ</span> 
     </span>
    </p>
   </div>
   <div class='ocr_carea' id='block_1_44' title="bbox 79 3107 1672 3183">
    <p class='ocr_par' dir='ltr' id='par_1_44' title="bbox 79 3107 1672 3183">
     <span class='ocr_line' id='line_1_45' title="bbox 79 3107 1672 3183; baseline -0.008 -13"><span class='ocrx_word' id='word_1_281' title='bbox 79 3113 225 3170; x_wconf 74' lang='grc' dir='ltr'>εἶναι</span> <span class='ocrx_word' id='word_1_282' title='bbox 274 3116 503 3178; x_wconf 85' lang='grc' dir='ltr'>αίτίους.</span> <span class='ocrx_word' id='word_1_283' title='bbox 565 3112 843 3183; x_wconf 86' lang='grc' dir='ltr'>Ἐλέγχετε</span> <span class='ocrx_word' id='word_1_284' title='bbox 883 3111 940 3164; x_wconf 89' lang='grc' dir='ltr'><strong>δέ</strong></span> <span class='ocrx_word' id='word_1_285' title='bbox 984 3109 1265 3180; x_wconf 74' lang='grc' dir='ltr'>ἀλλήλους,</span> <span class='ocrx_word' id='word_1_286' title='bbox 1315 3107 1389 3179; x_wconf 81' lang='grc' dir='ltr'>μὴ</span> <span class='ocrx_word' id='word_1_287' title='bbox 1426 3109 1484 3160; x_wconf 90' lang='grc' dir='ltr'><strong>ἐν</strong></span> <span class='ocrx_word' id='word_1_288' title='bbox 1511 3107 1672 3178; x_wconf 78' lang='grc' dir='ltr'>ὀργῇ,</span> 
     </span>
    </p>
   </div>
   <div class='ocr_carea' id='block_1_45' title="bbox 78 3199 1671 3278">
    <p class='ocr_par' dir='ltr' id='par_1_45' title="bbox 78 3199 1671 3278">
     <span class='ocr_line' id='line_1_46' title="bbox 78 3199 1671 3278; baseline -0.006 -17"><span class='ocrx_word' id='word_1_289' title='bbox 78 3208 200 3261; x_wconf 82' lang='grc' dir='ltr'>ἀλλ’</span> <span class='ocrx_word' id='word_1_290' title='bbox 230 3208 289 3260; x_wconf 85' lang='grc' dir='ltr'><strong>ἐν</strong></span> <span class='ocrx_word' id='word_1_291' title='bbox 321 3205 692 3278; x_wconf 80' lang='grc' dir='ltr'>μακροθυμίᾳ,</span> <span class='ocrx_word' id='word_1_292' title='bbox 729 3200 1269 3275; x_wconf 4' lang='grc' dir='ltr'>μετάσχρηστότητος</span> <span class='ocrx_word' id='word_1_293' title='bbox 1299 3200 1395 3252; x_wconf 75' lang='grc' dir='ltr'>καὶ</span> <span class='ocrx_word' id='word_1_294' title='bbox 1427 3199 1671 3269; x_wconf 75' lang='grc' dir='ltr'>εἰρήνης.</span> 
     </span>
    </p>
   </div>
   <div class='ocr_carea' id='block_1_46' title="bbox 79 3289 1674 3368">
    <p class='ocr_par' dir='ltr' id='par_1_46' title="bbox 79 3289 1674 3368">
     <span class='ocr_line' id='line_1_47' title="bbox 79 3289 1674 3368; baseline -0.009 -14"><span class='ocrx_word' id='word_1_295' title='bbox 79 3300 273 3354; x_wconf 82' lang='grc' dir='ltr'>Πάντα</span> <span class='ocrx_word' id='word_1_296' title='bbox 302 3297 369 3351; x_wconf 82' lang='grc' dir='ltr'><strong>τά</strong></span> <span class='ocrx_word' id='word_1_297' title='bbox 397 3295 853 3368; x_wconf 74' lang='grc' dir='ltr'>προστεταγμένα</span> <span class='ocrx_word' id='word_1_298' title='bbox 897 3295 1026 3364; x_wconf 81' lang='grc' dir='ltr'>ὑμῖν</span> <span class='ocrx_word' id='word_1_299' title='bbox 1059 3291 1164 3345; x_wconf 83' lang='grc' dir='ltr'>ὐπὸ</span> <span class='ocrx_word' id='word_1_300' title='bbox 1193 3289 1286 3344; x_wconf 84' lang='grc' dir='ltr'><strong>τοῦ</strong></span> <span class='ocrx_word' id='word_1_301' title='bbox 1324 3290 1528 3360; x_wconf 84' lang='grc' dir='ltr'>Κυρίου</span> <span class='ocrx_word' id='word_1_302' title='bbox 1574 3306 1674 3359; x_wconf 80' lang='grc' dir='ltr'>φυ-</span> 
     </span>
    </p>
   </div>
   <div class='ocr_carea' id='block_1_47' title="bbox 1779 2101 3360 2175">
    <p class='ocr_par' dir='ltr' id='par_1_47' title="bbox 1779 2101 3360 2175">
     <span class='ocr_line' id='line_1_48' title="bbox 1779 2101 3360 2175; baseline 0.004 -22"><span class='ocrx_word' id='word_1_303' title='bbox 1779 2117 1873 2156; x_wconf 82' lang='lat' dir='ltr'><strong>rex</strong></span> <span class='ocrx_word' id='word_1_304' title='bbox 1911 2118 2142 2173; x_wconf 88' lang='lat' dir='ltr'><strong>magnus</strong></span> <span class='ocrx_word' id='word_1_305' title='bbox 2169 2118 2269 2172; x_wconf 86' lang='lat' dir='ltr'><strong>ego</strong></span> <span class='ocrx_word' id='word_1_306' title='bbox 2299 2118 2421 2157; x_wconf 90' lang='lat' dir='ltr'><strong>sum</strong></span> <span class='ocrx_word' id='word_1_307' title='bbox 2444 2144 2458 2168; x_wconf 94' lang='lat'><strong>,</strong></span> <span class='ocrx_word' id='word_1_308' title='bbox 2507 2101 2640 2156; x_wconf 89' lang='lat' dir='ltr'><strong>dicit</strong></span> <span class='ocrx_word' id='word_1_309' title='bbox 2674 2102 2938 2158; x_wconf 91' lang='lat' dir='ltr'><strong>Dominus</strong></span> <span class='ocrx_word' id='word_1_310' title='bbox 2979 2107 3360 2175; x_wconf 82' lang='lat' dir='ltr'><strong>omnipotens;</strong></span> 
     </span>
    </p>
   </div>
   <div class='ocr_carea' id='block_1_48' title="bbox 1775 2193 3160 2265">
    <p class='ocr_par' dir='ltr' id='par_1_48' title="bbox 1775 2193 3160 2265">
     <span class='ocr_line' id='line_1_49' title="bbox 1775 2193 3160 2265; baseline 0 -17"><span class='ocrx_word' id='word_1_311' title='bbox 1775 2201 1830 2248; x_wconf 92' lang='lat' dir='ltr'><strong>et</strong></span> <span class='ocrx_word' id='word_1_312' title='bbox 1865 2209 2065 2249; x_wconf 86' lang='lat' dir='ltr'><strong>nomen</strong></span> <span class='ocrx_word' id='word_1_313' title='bbox 2095 2210 2276 2250; x_wconf 87' lang='lat' dir='ltr'><strong>meum</strong></span> <span class='ocrx_word' id='word_1_314' title='bbox 2307 2193 2628 2249; x_wconf 85' lang='lat' dir='ltr'><strong>admirabile</strong></span> <span class='ocrx_word' id='word_1_315' title='bbox 2664 2195 2718 2247; x_wconf 90' lang='lat' dir='ltr'><strong>in</strong></span> <span class='ocrx_word' id='word_1_316' title='bbox 2753 2195 3009 2265; x_wconf 83' lang='lat' dir='ltr'><strong>gentibus</strong></span> <span class='ocrx_word' id='word_1_317' title='bbox 3040 2197 3108 2251; x_wconf 75' lang='grc' dir='ltr'><strong>τ’.</strong></span> <span class='ocrx_word' id='word_1_318' title='bbox 3141 2215 3160 2248; x_wconf 74' lang='grc' dir='ltr'><strong>ι</strong></span> 
     </span>
    </p>
   </div>
   <div class='ocr_carea' id='block_1_49' title="bbox 2338 2283 2798 2340">
    <p class='ocr_par' dir='ltr' id='par_1_49' title="bbox 2338 2283 2798 2340">
     <span class='ocr_line' id='line_1_50' title="bbox 2338 2283 2798 2340; baseline -0.002 0"><span class='ocrx_word' id='word_1_319' title='bbox 2338 2283 2568 2340; x_wconf 82' lang='lat' dir='ltr'><strong>CAPUT</strong></span> <span class='ocrx_word' id='word_1_320' title='bbox 2606 2283 2798 2340; x_wconf 76' lang='lat' dir='ltr'><strong>XXXI.</strong></span> 
     </span>
    </p>
   </div>
   <div class='ocr_carea' id='block_1_50' title="bbox 1957 2377 3183 2449">
    <p class='ocr_par' dir='ltr' id='par_1_50' title="bbox 1957 2377 3183 2449">
     <span class='ocr_line' id='line_1_51' title="bbox 1957 2377 3183 2449; baseline 0.007 -20"><span class='ocrx_word' id='word_1_321' title='bbox 1957 2377 2154 2444; x_wconf 78' lang='lat' dir='ltr'><strong>Quales</strong></span> <span class='ocrx_word' id='word_1_322' title='bbox 2185 2395 2298 2432; x_wconf 75' lang='lat' dir='ltr'><strong>esse</strong></span> <span class='ocrx_word' id='word_1_323' title='bbox 2325 2387 2565 2447; x_wconf 84' lang='lat' dir='ltr'><strong>oporteat</strong></span> <span class='ocrx_word' id='word_1_324' title='bbox 2597 2395 2683 2431; x_wconf 80' lang='lat' dir='ltr'><strong>eos</strong></span> <span class='ocrx_word' id='word_1_325' title='bbox 2717 2380 2808 2449; x_wconf 87' lang='lat' dir='ltr'><strong>qui</strong></span> <span class='ocrx_word' id='word_1_326' title='bbox 2841 2377 3183 2437; x_wconf 74' lang='lat' dir='ltr'><strong>ordinantur.</strong></span> 
     </span>
    </p>
   </div>
   <div class='ocr_carea' id='block_1_51' title="bbox 1848 2467 3366 2543">
    <p class='ocr_par' dir='ltr' id='par_1_51' title="bbox 1848 2467 3366 2543">
     <span class='ocr_line' id='line_1_52' title="bbox 1848 2467 3366 2543; baseline 0.006 -22"><span class='ocrx_word' id='word_1_327' title='bbox 1848 2467 2042 2539; x_wconf 83' lang='lat' dir='ltr'><strong>Eligite</strong></span> <span class='ocrx_word' id='word_1_328' title='bbox 2073 2480 2252 2524; x_wconf 89' lang='lat' dir='ltr'><strong>autem</strong></span> <span class='ocrx_word' id='word_1_329' title='bbox 2283 2470 2570 2539; x_wconf 87' lang='lat' dir='ltr'><strong>episcopos</strong></span> <span class='ocrx_word' id='word_1_330' title='bbox 2608 2469 2804 2540; x_wconf 89' lang='lat' dir='ltr'><strong>dignos</strong></span> <span class='ocrx_word' id='word_1_331' title='bbox 2851 2469 3111 2535; x_wconf 89' lang='lat' dir='ltr'><strong>Domino,</strong></span> <span class='ocrx_word' id='word_1_332' title='bbox 3148 2481 3202 2529; x_wconf 93' lang='lat' dir='ltr'><strong>et</strong></span> <span class='ocrx_word' id='word_1_333' title='bbox 3239 2489 3366 2543; x_wconf 77' lang='lat' dir='ltr'><strong>pre-</strong></span> 
     </span>
    </p>
   </div>
   <div class='ocr_carea' id='block_1_52' title="bbox 1775 2561 3363 2640">
    <p class='ocr_par' dir='ltr' id='par_1_52' title="bbox 1775 2561 3363 2640">
     <span class='ocr_line' id='line_1_53' title="bbox 1775 2561 3363 2640; baseline 0.004 -24"><span class='ocrx_word' id='word_1_334' title='bbox 1775 2561 2047 2640; x_wconf 83' lang='lat' dir='ltr'><strong>sbyteros,</strong></span> <span class='ocrx_word' id='word_1_335' title='bbox 2081 2577 2144 2614; x_wconf 89' lang='lat' dir='ltr'><strong>ac</strong></span> <span class='ocrx_word' id='word_1_336' title='bbox 2174 2561 2458 2623; x_wconf 85' lang='lat' dir='ltr'><strong>diaconos,</strong></span> <span class='ocrx_word' id='word_1_337' title='bbox 2484 2563 2631 2616; x_wconf 90' lang='lat' dir='ltr'><strong>viros</strong></span> <span class='ocrx_word' id='word_1_338' title='bbox 2660 2562 2802 2630; x_wconf 89' lang='lat' dir='ltr'><strong>pios,</strong></span> <span class='ocrx_word' id='word_1_339' title='bbox 2821 2563 3023 2631; x_wconf 81' lang='lat' dir='ltr'><strong>justos,</strong></span> <span class='ocrx_word' id='word_1_340' title='bbox 3046 2564 3226 2628; x_wconf 87' lang='lat' dir='ltr'><strong>mites,</strong></span> <span class='ocrx_word' id='word_1_341' title='bbox 3252 2583 3363 2622; x_wconf 87' lang='lat' dir='ltr'><strong>non</strong></span> 
     </span>
    </p>
   </div>
   <div class='ocr_carea' id='block_1_53' title="bbox 1776 2655 3361 2724">
    <p class='ocr_par' dir='ltr' id='par_1_53' title="bbox 1776 2655 3361 2724">
     <span class='ocr_line' id='line_1_54' title="bbox 1776 2655 3361 2724; baseline 0.003 -15"><span class='ocrx_word' id='word_1_342' title='bbox 1776 2669 1993 2714; x_wconf 86' lang='lat' dir='ltr'><strong>avaros.</strong></span> <span class='ocrx_word' id='word_1_343' title='bbox 2027 2664 2274 2708; x_wconf 82' lang='lat' dir='ltr'><strong>amantes</strong></span> <span class='ocrx_word' id='word_1_344' title='bbox 2319 2655 2564 2709; x_wconf 87' lang='lat' dir='ltr'><strong>veritatis</strong></span> <span class='ocrx_word' id='word_1_345' title='bbox 2585 2696 2599 2719; x_wconf 88' lang='lat'><strong>,</strong></span> <span class='ocrx_word' id='word_1_346' title='bbox 2638 2655 2935 2724; x_wconf 82' lang='lat' dir='ltr'><strong>probatos,</strong></span> <span class='ocrx_word' id='word_1_347' title='bbox 2968 2666 3214 2723; x_wconf 87' lang='lat' dir='ltr'><strong>sanctos,</strong></span> <span class='ocrx_word' id='word_1_348' title='bbox 3249 2675 3361 2714; x_wconf 92' lang='lat' dir='ltr'><strong>non</strong></span> 
     </span>
    </p>
   </div>
   <div class='ocr_carea' id='block_1_54' title="bbox 1776 2747 3365 2816">
    <p class='ocr_par' dir='ltr' id='par_1_54' title="bbox 1776 2747 3365 2816">
     <span class='ocr_line' id='line_1_55' title="bbox 1776 2747 3365 2816; baseline 0.005 -19"><span class='ocrx_word' id='word_1_349' title='bbox 1776 2754 2092 2814; x_wconf 79' lang='lat' dir='ltr'><strong>aceeptores</strong></span> <span class='ocrx_word' id='word_1_350' title='bbox 2126 2760 2518 2814; x_wconf 80' lang='lat' dir='ltr'><strong>personarum,</strong></span> <span class='ocrx_word' id='word_1_351' title='bbox 2547 2747 2643 2816; x_wconf 91' lang='lat' dir='ltr'><strong>qui</strong></span> <span class='ocrx_word' id='word_1_352' title='bbox 2680 2747 2898 2801; x_wconf 80' lang='lat' dir='ltr'><strong>valeant</strong></span> <span class='ocrx_word' id='word_1_353' title='bbox 2925 2748 3123 2804; x_wconf 88' lang='lat' dir='ltr'><strong>docere</strong></span> <span class='ocrx_word' id='word_1_354' title='bbox 3157 2766 3365 2805; x_wconf 83' lang='lat' dir='ltr'><strong>sermo-</strong></span> 
     </span>
    </p>
   </div>
   <div class='ocr_carea' id='block_1_55' title="bbox 1775 2837 3363 2912">
    <p class='ocr_par' dir='ltr' id='par_1_55' title="bbox 1775 2837 3363 2912">
     <span class='ocr_line' id='line_1_56' title="bbox 1775 2837 3363 2912; baseline 0.003 -19"><span class='ocrx_word' id='word_1_355' title='bbox 1775 2854 1898 2893; x_wconf 88' lang='lat' dir='ltr'><strong>nem</strong></span> <span class='ocrx_word' id='word_1_356' title='bbox 1930 2838 2170 2908; x_wconf 89' lang='lat' dir='ltr'><strong>pietatis,</strong></span> <span class='ocrx_word' id='word_1_357' title='bbox 2204 2837 2299 2907; x_wconf 91' lang='lat' dir='ltr'><strong>qui</strong></span> <span class='ocrx_word' id='word_1_358' title='bbox 2342 2846 2490 2893; x_wconf 89' lang='lat' dir='ltr'><strong>recte</strong></span> <span class='ocrx_word' id='word_1_359' title='bbox 2525 2847 2714 2893; x_wconf 81' lang='lat' dir='ltr'><strong>secent</strong></span> <span class='ocrx_word' id='word_1_360' title='bbox 2751 2854 2815 2893; x_wconf 89' lang='lat' dir='ltr'><strong>ac</strong></span> <span class='ocrx_word' id='word_1_361' title='bbox 2845 2846 3084 2894; x_wconf 88' lang='lat' dir='ltr'><strong>tractent</strong></span> <span class='ocrx_word' id='word_1_362' title='bbox 3109 2841 3363 2912; x_wconf 86' lang='lat' dir='ltr'><strong>dogmata</strong></span> 
     </span>
    </p>
   </div>
   <div class='ocr_carea' id='block_1_56' title="bbox 1775 2929 3365 3002">
    <p class='ocr_par' dir='ltr' id='par_1_56' title="bbox 1775 2929 3365 3002">
     <span class='ocr_line' id='line_1_57' title="bbox 1775 2929 3365 3002; baseline 0.004 -20"><span class='ocrx_word' id='word_1_363' title='bbox 1775 2929 2011 2984; x_wconf 89' lang='lat' dir='ltr'><strong>Domini.</strong></span> <span class='ocrx_word' id='word_1_364' title='bbox 2043 2929 2154 2984; x_wconf 83' lang='lat' dir='ltr'><strong>Vos</strong></span> <span class='ocrx_word' id='word_1_365' title='bbox 2194 2945 2326 2984; x_wconf 78' lang='lat' dir='ltr'><strong>vero</strong></span> <span class='ocrx_word' id='word_1_366' title='bbox 2370 2929 2469 2986; x_wconf 87' lang='lat' dir='ltr'><strong>hos</strong></span> <span class='ocrx_word' id='word_1_367' title='bbox 2511 2929 2778 2986; x_wconf 83' lang='lat' dir='ltr'><strong>honorate</strong></span> <span class='ocrx_word' id='word_1_368' title='bbox 2839 2938 2898 2984; x_wconf 92' lang='lat' dir='ltr'><strong>ut</strong></span> <span class='ocrx_word' id='word_1_369' title='bbox 2935 2943 3142 3002; x_wconf 87' lang='lat' dir='ltr'><strong>patres,</strong></span> <span class='ocrx_word' id='word_1_370' title='bbox 3177 2944 3232 2988; x_wconf 95' lang='lat' dir='ltr'><strong>ut</strong></span> <span class='ocrx_word' id='word_1_371' title='bbox 3264 2935 3365 2989; x_wconf 60' lang='lat' dir='ltr'><strong>doc</strong></span> 
     </span>
    </p>
   </div>
   <div class='ocr_carea' id='block_1_57' title="bbox 1775 3021 3361 3092">
    <p class='ocr_par' dir='ltr' id='par_1_57' title="bbox 1775 3021 3361 3092">
     <span class='ocr_line' id='line_1_58' title="bbox 1775 3021 3361 3092; baseline 0.004 -18"><span class='ocrx_word' id='word_1_372' title='bbox 1775 3023 1978 3086; x_wconf 90' lang='lat' dir='ltr'><strong>minos,</strong></span> <span class='ocrx_word' id='word_1_373' title='bbox 2011 3028 2070 3074; x_wconf 94' lang='lat' dir='ltr'><strong>ut</strong></span> <span class='ocrx_word' id='word_1_374' title='bbox 2104 3021 2400 3087; x_wconf 88' lang='lat' dir='ltr'><strong>beneﬁcos,</strong></span> <span class='ocrx_word' id='word_1_375' title='bbox 2432 3028 2492 3074; x_wconf 90' lang='lat' dir='ltr'><strong>ut</strong></span> <span class='ocrx_word' id='word_1_376' title='bbox 2539 3030 2796 3076; x_wconf 86' lang='lat' dir='ltr'><strong>auctores</strong></span> <span class='ocrx_word' id='word_1_377' title='bbox 2840 3023 2989 3092; x_wconf 67' lang='lat' dir='ltr'><strong>quod</strong></span> <span class='ocrx_word' id='word_1_378' title='bbox 3029 3023 3169 3078; x_wconf 86' lang='lat' dir='ltr'><strong>bene</strong></span> <span class='ocrx_word' id='word_1_379' title='bbox 3201 3026 3361 3084; x_wconf 84' lang='lat' dir='ltr'><strong>estis.</strong></span> 
     </span>
    </p>
   </div>
   <div class='ocr_carea' id='block_1_58' title="bbox 1774 3101 3365 3191">
    <p class='ocr_par' dir='ltr' id='par_1_58' title="bbox 1774 3101 3365 3191">
     <span class='ocr_line' id='line_1_59' title="bbox 1774 3101 3365 3191; baseline 0.003 -24"><span class='ocrx_word' id='word_1_380' title='bbox 1774 3116 2000 3186; x_wconf 84' lang='lat' dir='ltr'><strong>Arguite</strong></span> <span class='ocrx_word' id='word_1_381' title='bbox 2028 3115 2193 3169; x_wconf 85' lang='lat' dir='ltr'><strong>etiam</strong></span> <span class='ocrx_word' id='word_1_382' title='bbox 2226 3131 2323 3170; x_wconf 88' lang='lat' dir='ltr'><strong>vos</strong></span> <span class='ocrx_word' id='word_1_383' title='bbox 2352 3122 2562 3180; x_wconf 91' lang='lat' dir='ltr'><strong>mutuo,</strong></span> <span class='ocrx_word' id='word_1_384' title='bbox 2602 3131 2712 3170; x_wconf 91' lang='lat' dir='ltr'><strong>non</strong></span> <span class='ocrx_word' id='word_1_385' title='bbox 2744 3117 2799 3169; x_wconf 92' lang='lat' dir='ltr'><strong>in</strong></span> <span class='ocrx_word' id='word_1_386' title='bbox 2831 3101 2934 3180; x_wconf 46' lang='lat' dir='ltr'><strong>ira&#39;,</strong></span> <span class='ocrx_word' id='word_1_387' title='bbox 2969 3116 3063 3170; x_wconf 88' lang='lat' dir='ltr'><strong>sed</strong></span> <span class='ocrx_word' id='word_1_388' title='bbox 3096 3117 3151 3191; x_wconf 87' lang='lat' dir='ltr'><strong>in</strong></span> <span class='ocrx_word' id='word_1_389' title='bbox 3178 3133 3365 3187; x_wconf 68' lang='lat' dir='ltr'><strong>aequa-</strong></span> 
     </span>
    </p>
   </div>
   <div class='ocr_carea' id='block_1_59' title="bbox 1773 3206 3364 3278">
    <p class='ocr_par' dir='ltr' id='par_1_59' title="bbox 1773 3206 3364 3278">
     <span class='ocr_line' id='line_1_60' title="bbox 1773 3206 3364 3278; baseline 0.003 -18"><span class='ocrx_word' id='word_1_390' title='bbox 1773 3207 2046 3270; x_wconf 87' lang='lat' dir='ltr'><strong>nimitate,</strong></span> <span class='ocrx_word' id='word_1_391' title='bbox 2079 3222 2203 3260; x_wconf 91' lang='lat' dir='ltr'><strong>cum</strong></span> <span class='ocrx_word' id='word_1_392' title='bbox 2237 3206 2574 3276; x_wconf 84' lang='lat' dir='ltr'><strong>benignitate</strong></span> <span class='ocrx_word' id='word_1_393' title='bbox 2607 3223 2670 3261; x_wconf 88' lang='lat' dir='ltr'><strong>ac</strong></span> <span class='ocrx_word' id='word_1_394' title='bbox 2712 3223 2867 3278; x_wconf 88' lang='lat' dir='ltr'><strong>pace.</strong></span> <span class='ocrx_word' id='word_1_395' title='bbox 2910 3207 3106 3263; x_wconf 88' lang='lat' dir='ltr'><strong>Omnia</strong></span> <span class='ocrx_word' id='word_1_396' title='bbox 3146 3209 3301 3264; x_wconf 85' lang='lat' dir='ltr'><strong>vobis</strong></span> <span class='ocrx_word' id='word_1_397' title='bbox 3331 3227 3364 3265; x_wconf 84' lang='lat' dir='ltr'><strong>a</strong></span> 
     </span>
    </p>
   </div>
   <div class='ocr_carea' id='block_1_60' title="bbox 1775 3297 3360 3369">
    <p class='ocr_par' dir='ltr' id='par_1_60' title="bbox 1775 3297 3360 3369">
     <span class='ocr_line' id='line_1_61' title="bbox 1775 3297 3360 3369; baseline 0.004 -19"><span class='ocrx_word' id='word_1_398' title='bbox 1775 3297 2006 3352; x_wconf 90' lang='lat' dir='ltr'><strong>Domino</strong></span> <span class='ocrx_word' id='word_1_399' title='bbox 2033 3306 2304 3368; x_wconf 67' lang='lat' dir='ltr'><strong>praecepta</strong></span> <span class='ocrx_word' id='word_1_400' title='bbox 2349 3304 2583 3353; x_wconf 79' lang='lat' dir='ltr'><strong>servate.</strong></span> <span class='ocrx_word' id='word_1_401' title='bbox 2616 3297 2849 3369; x_wconf 82' lang='lat' dir='ltr'><strong>Vigilate</strong></span> <span class='ocrx_word' id='word_1_402' title='bbox 2884 3313 2985 3369; x_wconf 89' lang='lat' dir='ltr'><strong>pro</strong></span> <span class='ocrx_word' id='word_1_403' title='bbox 3017 3301 3128 3352; x_wconf 88' lang='lat' dir='ltr'><strong>vita</strong></span> <span class='ocrx_word' id='word_1_404' title='bbox 3156 3309 3360 3357; x_wconf 82' lang='lat' dir='ltr'><strong>vestra.</strong></span> 
     </span>
    </p>
   </div>
   <div class='ocr_carea' id='block_1_61' title="bbox 77 3352 1669 3464">
    <p class='ocr_par' dir='ltr' id='par_1_61' title="bbox 77 3352 1669 3464">
     <span class='ocr_line' id='line_1_62' title="bbox 77 3352 1669 3464; baseline -0.008 -19"><span class='ocrx_word' id='word_1_405' title='bbox 77 3352 302 3456; x_wconf 77' lang='grc' dir='ltr'>λάξατε.</span> <span class='ocrx_word' id='word_1_406' title='bbox 352 3352 850 3464; x_wconf 40' lang='grc' dir='ltr'>Γρήγορεϊτειύπέρ</span> <span class='ocrx_word' id='word_1_407' title='bbox 878 3352 979 3455; x_wconf 55' lang='grc' dir='ltr'><strong>της</strong></span> <span class='ocrx_word' id='word_1_408' title='bbox 1019 3382 1165 3453; x_wconf 79' lang='grc' dir='ltr'>ζωῆς</span> <span class='ocrx_word' id='word_1_409' title='bbox 1193 3381 1366 3453; x_wconf 87' lang='grc' dir='ltr'>ὑμῶν.</span> <span class='ocrx_word' id='word_1_410' title='bbox 1462 3352 1669 3434; x_wconf 74' lang='grc' dir='ltr'>Ἔστω-</span> 
     </span>
    </p>
   </div>
   <div class='ocr_carea' id='block_1_62' title="bbox 1784 3352 3360 3464">
    <p class='ocr_par' dir='ltr' id='par_1_62' title="bbox 1784 3352 3360 3460">
     <span class='ocr_line' id='line_1_63' title="bbox 1784 3352 3360 3460; baseline 0.003 -19"><span class='ocrx_word' id='word_1_411' title='bbox 1784 3413 1800 3441; x_wconf 82' lang='grc' dir='ltr'><strong>ι</strong></span> <span class='ocrx_word' id='word_1_412' title='bbox 1842 3389 1966 3443; x_wconf 87' lang='lat' dir='ltr'><strong>Sint</strong></span> <span class='ocrx_word' id='word_1_413' title='bbox 1990 3391 2159 3444; x_wconf 91' lang='lat' dir='ltr'><strong>lumbi</strong></span> <span class='ocrx_word' id='word_1_414' title='bbox 2193 3390 2362 3445; x_wconf 80' lang='lat' dir='ltr'><strong>vestri</strong></span> <span class='ocrx_word' id='word_1_415' title='bbox 2393 3352 2784 3460; x_wconf 44' lang='lat' dir='ltr'><strong>praecinctiret</strong></span> <span class='ocrx_word' id='word_1_416' title='bbox 2812 3352 3049 3446; x_wconf 68' lang='lat' dir='ltr'><strong>lucerna:</strong></span> <span class='ocrx_word' id='word_1_417' title='bbox 3076 3391 3360 3460; x_wconf 83' lang='lat' dir='ltr'><strong>ardentes;</strong></span> 
     </span>
    </p>
   </div>
   <div class='ocr_carea' id='block_1_63' title="bbox 79 3473 1672 3552">
    <p class='ocr_par' dir='ltr' id='par_1_63' title="bbox 79 3473 1672 3552">
     <span class='ocr_line' id='line_1_64' title="bbox 79 3473 1672 3552; baseline -0.008 -15"><span class='ocrx_word' id='word_1_418' title='bbox 79 3502 189 3538; x_wconf 90' lang='grc' dir='ltr'><strong>σαν</strong></span> <span class='ocrx_word' id='word_1_419' title='bbox 223 3484 281 3536; x_wconf 80' lang='grc' dir='ltr'>αἱ</span> <span class='ocrx_word' id='word_1_420' title='bbox 325 3481 525 3552; x_wconf 79' lang='grc' dir='ltr'>ὀσφύες</span> <span class='ocrx_word' id='word_1_421' title='bbox 568 3479 723 3552; x_wconf 81' lang='grc' dir='ltr'>ὑμῶν</span> <span class='ocrx_word' id='word_1_422' title='bbox 771 3477 1240 3550; x_wconf 74' lang='grc' dir='ltr'>περιεζωσμέναι,</span> <span class='ocrx_word' id='word_1_423' title='bbox 1274 3476 1368 3527; x_wconf 57' lang='grc' dir='ltr'><strong>καὶ¹</strong></span> <span class='ocrx_word' id='word_1_424' title='bbox 1411 3475 1461 3526; x_wconf 83' lang='grc' dir='ltr'>οἱ</span> <span class='ocrx_word' id='word_1_425' title='bbox 1492 3473 1672 3543; x_wconf 84' lang='grc' dir='ltr'>λύχνοι</span> 
     </span>
    </p>
   </div>
   <div class='ocr_carea' id='block_1_64' title="bbox 76 3565 1671 3647">
    <p class='ocr_par' dir='ltr' id='par_1_64' title="bbox 76 3565 1671 3647">
     <span class='ocr_line' id='line_1_65' title="bbox 76 3565 1671 3647; baseline -0.009 -16"><span class='ocrx_word' id='word_1_426' title='bbox 76 3577 390 3647; x_wconf 64' lang='grc' dir='ltr'>καιόμενον</span> <span class='ocrx_word' id='word_1_427' title='bbox 424 3575 517 3628; x_wconf 77' lang='grc' dir='ltr'>καὶ</span> <span class='ocrx_word' id='word_1_428' title='bbox 546 3574 704 3644; x_wconf 85' lang='grc' dir='ltr'>ὑμεῖς</span> <span class='ocrx_word' id='word_1_429' title='bbox 748 3573 922 3642; x_wconf 84' lang='grc' dir='ltr'>ὅμοιοι</span> <span class='ocrx_word' id='word_1_430' title='bbox 963 3567 1272 3640; x_wconf 89' lang='grc' dir='ltr'>ἀνθρώποις</span> <span class='ocrx_word' id='word_1_431' title='bbox 1305 3565 1671 3637; x_wconf 82' lang='grc' dir='ltr'>προσδεχομέ-</span> 
     </span>
    </p>
   </div>
   <div class='ocr_carea' id='block_1_65' title="bbox 69 3657 1671 3738">
    <p class='ocr_par' dir='ltr' id='par_1_65' title="bbox 69 3657 1671 3738">
     <span class='ocr_line' id='line_1_66' title="bbox 69 3657 1671 3738; baseline -0.007 -16"><span class='ocrx_word' id='word_1_432' title='bbox 69 3685 197 3731; x_wconf 83' lang='grc' dir='ltr'>νοις</span> <span class='ocrx_word' id='word_1_433' title='bbox 238 3667 328 3719; x_wconf 84' lang='grc' dir='ltr'><strong>τὺν</strong></span> <span class='ocrx_word' id='word_1_434' title='bbox 372 3665 560 3738; x_wconf 89' lang='grc' dir='ltr'>κύριον</span> <span class='ocrx_word' id='word_1_435' title='bbox 590 3663 819 3728; x_wconf 72' lang='grc' dir='ltr'>ἑαυτῶν,</span> <span class='ocrx_word' id='word_1_436' title='bbox 859 3663 988 3715; x_wconf 89' lang='grc' dir='ltr'>πότε</span> <span class='ocrx_word' id='word_1_437' title='bbox 1017 3661 1157 3732; x_wconf 73' lang='grc' dir='ltr'>ἣξει,</span> <span class='ocrx_word' id='word_1_438' title='bbox 1198 3661 1437 3731; x_wconf 78' lang='grc' dir='ltr'>ἑσπέρας</span> <span class='ocrx_word' id='word_1_439' title='bbox 1468 3658 1500 3730; x_wconf 73' lang='grc' dir='ltr'>ἢ</span> <span class='ocrx_word' id='word_1_440' title='bbox 1527 3657 1671 3730; x_wconf 74' lang='grc' dir='ltr'>πρωϊ</span> 
     </span>
    </p>
   </div>
   <div class='ocr_carea' id='block_1_66' title="bbox 73 3747 1670 3829">
    <p class='ocr_par' dir='ltr' id='par_1_66' title="bbox 73 3747 1670 3829">
     <span class='ocr_line' id='line_1_67' title="bbox 73 3747 1670 3829; baseline -0.007 -16"><span class='ocrx_word' id='word_1_441' title='bbox 73 3758 222 3829; x_wconf 86' lang='grc'><strong>(70),</strong></span> <span class='ocrx_word' id='word_1_442' title='bbox 256 3756 730 3828; x_wconf 80' lang='grc' dir='ltr'>ἀλεκτοροφωνίας</span> <span class='ocrx_word' id='word_1_443' title='bbox 759 3756 791 3824; x_wconf 81' lang='grc' dir='ltr'>ἢ</span> <span class='ocrx_word' id='word_1_444' title='bbox 826 3755 1174 3826; x_wconf 84' lang='grc' dir='ltr'>μεσονυκτίου</span> <span class='ocrx_word' id='word_1_445' title='bbox 1195 3769 1208 3782; x_wconf 74' lang='grc' dir='ltr'><strong>ο</strong></span> <span class='ocrx_word' id='word_1_446' title='bbox 1243 3747 1410 3826; x_wconf 81' lang='grc' dir='ltr'>ᾖγάρ</span> <span class='ocrx_word' id='word_1_447' title='bbox 1457 3750 1576 3822; x_wconf 76' lang='grc' dir='ltr'>ὥρᾳ</span> <span class='ocrx_word' id='word_1_448' title='bbox 1609 3750 1670 3803; x_wconf 93' lang='grc' dir='ltr'><strong>οὐ</strong></span> 
     </span>
    </p>
   </div>
   <div class='ocr_carea' id='block_1_67' title="bbox 71 3839 1671 3922">
    <p class='ocr_par' dir='ltr' id='par_1_67' title="bbox 71 3839 1671 3922">
     <span class='ocr_line' id='line_1_68' title="bbox 71 3839 1671 3922; baseline -0.008 -18"><span class='ocrx_word' id='word_1_449' title='bbox 71 3849 478 3922; x_wconf 83' lang='grc' dir='ltr'>προσδοκῶσιν,</span> <span class='ocrx_word' id='word_1_450' title='bbox 536 3848 814 3900; x_wconf 76' lang='grc' dir='ltr'>ἐλεύσεται</span> <span class='ocrx_word' id='word_1_451' title='bbox 870 3845 900 3899; x_wconf 80' lang='grc' dir='ltr'><strong>ὁ</strong></span> <span class='ocrx_word' id='word_1_452' title='bbox 946 3843 1185 3916; x_wconf 77' lang='grc' dir='ltr'>Κύριοςο</span> <span class='ocrx_word' id='word_1_453' title='bbox 1234 3844 1329 3897; x_wconf 75' lang='grc' dir='ltr'>καὶ</span> <span class='ocrx_word' id='word_1_454' title='bbox 1378 3842 1472 3895; x_wconf 78' lang='grc' dir='ltr'>ἐὰν</span> <span class='ocrx_word' id='word_1_455' title='bbox 1521 3839 1671 3910; x_wconf 84' lang='grc' dir='ltr'><strong>αὐτῷ</strong></span> 
     </span>
    </p>
   </div>
   <div class='ocr_carea' id='block_1_68' title="bbox 69 3933 1670 4014">
    <p class='ocr_par' dir='ltr' id='par_1_68' title="bbox 69 3933 1670 4014">
     <span class='ocr_line' id='line_1_69' title="bbox 69 3933 1670 4014; baseline -0.01 -14"><span class='ocrx_word' id='word_1_456' title='bbox 69 3945 335 4010; x_wconf 79' lang='grc' dir='ltr'>ἀνοίξωσι</span> <span class='ocrx_word' id='word_1_457' title='bbox 359 3983 374 4007; x_wconf 92' lang='grc'><strong>,</strong></span> <span class='ocrx_word' id='word_1_458' title='bbox 412 3942 750 4014; x_wconf 81' lang='grc' dir='ltr'>μακάριοιιοὶ</span> <span class='ocrx_word' id='word_1_459' title='bbox 786 3937 964 3993; x_wconf 85' lang='grc' dir='ltr'>δοῦλοι</span> <span class='ocrx_word' id='word_1_460' title='bbox 993 3939 1228 3998; x_wconf 84' lang='grc' dir='ltr'>ἐκεῖνοι,</span> <span class='ocrx_word' id='word_1_461' title='bbox 1258 3935 1339 3987; x_wconf 84' lang='grc' dir='ltr'>ὃτι</span> <span class='ocrx_word' id='word_1_462' title='bbox 1369 3933 1670 4005; x_wconf 77' lang='grc' dir='ltr'>εὑρέθησαν</span> 
     </span>
    </p>
   </div>
   <div class='ocr_carea' id='block_1_69' title="bbox 69 4023 1672 4108">
    <p class='ocr_par' dir='ltr' id='par_1_69' title="bbox 69 4023 1672 4108">
     <span class='ocr_line' id='line_1_70' title="bbox 69 4023 1672 4108; baseline -0.005 -19"><span class='ocrx_word' id='word_1_463' title='bbox 69 4023 506 4108; x_wconf 80' lang='grc' dir='ltr'>γρηγοροῦντες·</span> <span class='ocrx_word' id='word_1_464' title='bbox 555 4035 637 4086; x_wconf 84' lang='grc' dir='ltr'>ὅτι</span> <span class='ocrx_word' id='word_1_465' title='bbox 683 4032 1068 4104; x_wconf 76' lang='grc' dir='ltr'>περιζώσεται,</span> <span class='ocrx_word' id='word_1_466' title='bbox 1117 4031 1213 4083; x_wconf 71' lang='grc' dir='ltr'>καὶ</span> <span class='ocrx_word' id='word_1_467' title='bbox 1261 4028 1536 4081; x_wconf 83' lang='grc' dir='ltr'>ἀνακλινεῖ</span> <span class='ocrx_word' id='word_1_468' title='bbox 1575 4028 1672 4081; x_wconf 87' lang='grc' dir='ltr'>αὐ-</span> 
     </span>
    </p>
   </div>
   <div class='ocr_carea' id='block_1_70' title="bbox 68 4122 1670 4196">
    <p class='ocr_par' dir='ltr' id='par_1_70' title="bbox 68 4122 1670 4196">
     <span class='ocr_line' id='line_1_71' title="bbox 68 4122 1670 4196; baseline -0.004 -16"><span class='ocrx_word' id='word_1_469' title='bbox 68 4129 226 4190; x_wconf 78' lang='grc' dir='ltr'>τοὺς,</span> <span class='ocrx_word' id='word_1_470' title='bbox 247 4127 344 4180; x_wconf 74' lang='grc' dir='ltr'>καὶ.</span> <span class='ocrx_word' id='word_1_471' title='bbox 379 4123 666 4196; x_wconf 86' lang='grc' dir='ltr'>παρελθὼν</span> <span class='ocrx_word' id='word_1_472' title='bbox 691 4122 802 4193; x_wconf 77' lang='grc'>(71)</span> <span class='ocrx_word' id='word_1_473' title='bbox 832 4123 1141 4195; x_wconf 81' lang='grc' dir='ltr'>διακονήσει</span> <span class='ocrx_word' id='word_1_474' title='bbox 1163 4123 1366 4183; x_wconf 87' lang='grc' dir='ltr'>αὐτοῖς.</span> <span class='ocrx_word' id='word_1_475' title='bbox 1410 4142 1428 4173; x_wconf 73' lang='grc' dir='ltr'><strong>ι</strong></span> <span class='ocrx_word' id='word_1_476' title='bbox 1451 4123 1670 4193; x_wconf 78' lang='grc' dir='ltr'>Νήιρετε</span> 
     </span>
    </p>
   </div>
   <div class='ocr_carea' id='block_1_71' title="bbox 66 4212 1669 4288">
    <p class='ocr_par' dir='ltr' id='par_1_71' title="bbox 66 4212 1669 4288">
     <span class='ocr_line' id='line_1_72' title="bbox 66 4212 1669 4288; baseline -0.002 -17"><span class='ocrx_word' id='word_1_477' title='bbox 66 4216 195 4281; x_wconf 73' lang='grc' dir='ltr'>οὖν,</span> <span class='ocrx_word' id='word_1_478' title='bbox 243 4219 337 4271; x_wconf 70' lang='grc' dir='ltr'>καὶ</span> <span class='ocrx_word' id='word_1_479' title='bbox 365 4215 735 4288; x_wconf 84' lang='grc' dir='ltr'>προσεύχεσθε</span> <span class='ocrx_word' id='word_1_480' title='bbox 771 4216 844 4287; x_wconf 84' lang='grc' dir='ltr'>μὴ</span> <span class='ocrx_word' id='word_1_481' title='bbox 893 4214 1139 4268; x_wconf 85' lang='grc' dir='ltr'>ὐπνῶσαι</span> <span class='ocrx_word' id='word_1_482' title='bbox 1184 4216 1264 4277; x_wconf 85' lang='grc' dir='ltr'><strong>είς</strong></span> <span class='ocrx_word' id='word_1_483' title='bbox 1309 4212 1573 4266; x_wconf 78' lang='grc' dir='ltr'><strong>θάνατον⁹</strong></span> <span class='ocrx_word' id='word_1_484' title='bbox 1607 4213 1669 4267; x_wconf 92' lang='grc' dir='ltr'><strong>οὐ</strong></span> 
     </span>
    </p>
   </div>
   <div class='ocr_carea' id='block_1_72' title="bbox 67 4289 1670 4381">
    <p class='ocr_par' dir='ltr' id='par_1_72' title="bbox 67 4289 1670 4381">
     <span class='ocr_line' id='line_1_73' title="bbox 67 4289 1670 4381; baseline -0.003 -18"><span class='ocrx_word' id='word_1_485' title='bbox 67 4312 189 4381; x_wconf 87' lang='grc' dir='ltr'>γὰρ</span> <span class='ocrx_word' id='word_1_486' title='bbox 217 4309 400 4380; x_wconf 82' lang='grc' dir='ltr'>ὀνήσει</span> <span class='ocrx_word' id='word_1_487' title='bbox 430 4289 574 4379; x_wconf 75' lang='grc' dir='ltr'>ὑμᾶς</span> <span class='ocrx_word' id='word_1_488' title='bbox 601 4307 672 4361; x_wconf 85' lang='grc' dir='ltr'><strong>τά</strong></span> <span class='ocrx_word' id='word_1_489' title='bbox 713 4307 955 4378; x_wconf 89' lang='grc' dir='ltr'>πρότερα</span> <span class='ocrx_word' id='word_1_490' title='bbox 1003 4305 1404 4378; x_wconf 81' lang='grc' dir='ltr'>κατορθώματα</span> <span class='ocrx_word' id='word_1_491' title='bbox 1429 4344 1442 4367; x_wconf 93' lang='grc'><strong>,</strong></span> <span class='ocrx_word' id='word_1_492' title='bbox 1467 4305 1562 4358; x_wconf 79' lang='grc' dir='ltr'><strong>ὲάν</strong></span> <span class='ocrx_word' id='word_1_493' title='bbox 1591 4306 1670 4368; x_wconf 82' lang='grc' dir='ltr'>εἰς</span> 
     </span>
    </p>
   </div>
   <div class='ocr_carea' id='block_1_73' title="bbox 64 4382 1670 4472">
    <p class='ocr_par' dir='ltr' id='par_1_73' title="bbox 64 4382 1670 4472">
     <span class='ocr_line' id='line_1_74' title="bbox 64 4382 1670 4472; baseline -0.002 -19"><span class='ocrx_word' id='word_1_494' title='bbox 64 4382 142 4454; x_wconf 72' lang='grc' dir='ltr'><strong>τά</strong></span> <span class='ocrx_word' id='word_1_495' title='bbox 191 4399 395 4470; x_wconf 76' lang='grc' dir='ltr'>ἔσχατα</span> <span class='ocrx_word' id='word_1_496' title='bbox 441 4399 594 4472; x_wconf 83' lang='grc' dir='ltr'>ὑμῶν</span> <span class='ocrx_word' id='word_1_497' title='bbox 639 4398 1063 4469; x_wconf 84' lang='grc' dir='ltr'>ἀποπλανηθῆτε</span> <span class='ocrx_word' id='word_1_498' title='bbox 1123 4397 1224 4468; x_wconf 84' lang='grc' dir='ltr'>τῆς</span> <span class='ocrx_word' id='word_1_499' title='bbox 1287 4397 1524 4461; x_wconf 89' lang='grc' dir='ltr'>πίστεως</span> <span class='ocrx_word' id='word_1_500' title='bbox 1569 4396 1670 4467; x_wconf 82' lang='grc' dir='ltr'>τῆς</span> 
     </span>
    </p>
   </div>
   <div class='ocr_carea' id='block_1_74' title="bbox 63 4491 332 4563">
    <p class='ocr_par' dir='ltr' id='par_1_74' title="bbox 63 4491 332 4563">
     <span class='ocr_line' id='line_1_75' title="bbox 63 4491 332 4563; baseline -0.011 -15"><span class='ocrx_word' id='word_1_501' title='bbox 63 4491 332 4563; x_wconf 77' lang='grc' dir='ltr'>ἀληθοῦς.</span> 
     </span>
    </p>
   </div>
   <div class='ocr_carea' id='block_1_75' title="bbox 596 4582 1148 4638">
    <p class='ocr_par' dir='ltr' id='par_1_75' title="bbox 596 4582 1148 4638">
     <span class='ocr_line' id='line_1_76' title="bbox 596 4582 1148 4638; baseline 0 -2"><span class='ocrx_word' id='word_1_502' title='bbox 596 4582 992 4638; x_wconf 74' lang='grc' dir='ltr'><strong>ΚΕΦΑΛᾹΙΟΝ</strong></span> <span class='ocrx_word' id='word_1_503' title='bbox 1026 4582 1148 4636; x_wconf 86' lang='grc' dir='ltr'><strong>ΛΒ¹.</strong></span> 
     </span>
    </p>
   </div>
   <div class='ocr_carea' id='block_1_76' title="bbox 352 4673 1387 4744">
    <p class='ocr_par' dir='ltr' id='par_1_76' title="bbox 352 4673 1387 4744">
     <span class='ocr_line' id='line_1_77' title="bbox 352 4673 1387 4744; baseline -0.005 -13"><span class='ocrx_word' id='word_1_504' title='bbox 352 4675 689 4744; x_wconf 75' lang='grc' dir='ltr'>Πρόρῤησις</span> <span class='ocrx_word' id='word_1_505' title='bbox 716 4675 849 4743; x_wconf 78' lang='grc' dir='ltr'>περὶ</span> <span class='ocrx_word' id='word_1_506' title='bbox 877 4673 994 4727; x_wconf 80' lang='grc' dir='ltr'>τῶν</span> <span class='ocrx_word' id='word_1_507' title='bbox 1014 4674 1387 4743; x_wconf 62' lang='grc' dir='ltr'>μελλόντων.</span> 
     </span>
    </p>
   </div>
   <div class='ocr_carea' id='block_1_77' title="bbox 160 4764 1664 4838">
    <p class='ocr_par' dir='ltr' id='par_1_77' title="bbox 160 4764 1664 4838">
     <span class='ocr_line' id='line_1_78' title="bbox 160 4764 1664 4838; baseline -0.002 -17"><span class='ocrx_word' id='word_1_508' title='bbox 160 4769 252 4822; x_wconf 84' lang='grc' dir='ltr'>Ἐν</span> <span class='ocrx_word' id='word_1_509' title='bbox 280 4768 389 4838; x_wconf 85' lang='grc' dir='ltr'>γὰρ</span> <span class='ocrx_word' id='word_1_510' title='bbox 423 4770 546 4830; x_wconf 82' lang='grc' dir='ltr'>ταῖς</span> <span class='ocrx_word' id='word_1_511' title='bbox 574 4766 833 4837; x_wconf 76' lang='grc' dir='ltr'>ἐσχάταις</span> <span class='ocrx_word' id='word_1_512' title='bbox 860 4767 1098 4838; x_wconf 78' lang='grc' dir='ltr'>ἡμέραις</span> <span class='ocrx_word' id='word_1_513' title='bbox 1124 4764 1593 4836; x_wconf 85' lang='grc' dir='ltr'>πληθυνθήσονται</span> <span class='ocrx_word' id='word_1_514' title='bbox 1615 4766 1664 4818; x_wconf 78' lang='lat' dir='ltr'><strong>oi</strong></span> 
     </span>
    </p>
   </div>
   <div class='ocr_carea' id='block_1_78' title="bbox 63 4853 1667 4931">
    <p class='ocr_par' dir='ltr' id='par_1_78' title="bbox 63 4853 1667 4931">
     <span class='ocr_line' id='line_1_79' title="bbox 63 4853 1667 4931; baseline -0.004 -16"><span class='ocrx_word' id='word_1_515' title='bbox 63 4853 516 4931; x_wconf 66' lang='grc' dir='ltr'>ψευδοπροφῆται</span> <span class='ocrx_word' id='word_1_516' title='bbox 545 4860 640 4912; x_wconf 74' lang='grc' dir='ltr'>καὶ</span> <span class='ocrx_word' id='word_1_517' title='bbox 667 4860 716 4912; x_wconf 90' lang='grc' dir='ltr'><strong>οί</strong></span> <span class='ocrx_word' id='word_1_518' title='bbox 751 4858 968 4928; x_wconf 83' lang='grc' dir='ltr'>φθορεῖς</span> <span class='ocrx_word' id='word_1_519' title='bbox 1006 4858 1100 4912; x_wconf 88' lang='grc' dir='ltr'><strong>τοῦ</strong></span> <span class='ocrx_word' id='word_1_520' title='bbox 1129 4858 1286 4927; x_wconf 84' lang='grc' dir='ltr'>λόγου</span> <span class='ocrx_word' id='word_1_521' title='bbox 1311 4876 1323 4888; x_wconf 91' lang='grc'><strong>·</strong></span> <span class='ocrx_word' id='word_1_522' title='bbox 1358 4859 1452 4910; x_wconf 81' lang='grc' dir='ltr'>καὶ</span> <span class='ocrx_word' id='word_1_523' title='bbox 1499 4873 1667 4928; x_wconf 82' lang='grc' dir='ltr'>στρα-</span> 
     </span>
    </p>
   </div>
   <div class='ocr_carea' id='block_1_79' title="bbox 66 4941 1665 5026">
    <p class='ocr_par' dir='ltr' id='par_1_79' title="bbox 66 4941 1665 5026">
     <span class='ocr_line' id='line_1_80' title="bbox 66 4941 1665 5026; baseline -0.004 -19"><span class='ocrx_word' id='word_1_524' title='bbox 66 4941 343 5026; x_wconf 76' lang='grc' dir='ltr'>φήσονται</span> <span class='ocrx_word' id='word_1_525' title='bbox 390 4953 640 5025; x_wconf 76' lang='grc' dir='ltr'>πρόϐατα</span> <span class='ocrx_word' id='word_1_526' title='bbox 691 4955 771 5016; x_wconf 87' lang='grc' dir='ltr'><strong>είς</strong></span> <span class='ocrx_word' id='word_1_527' title='bbox 800 4951 1010 5018; x_wconf 85' lang='grc' dir='ltr'>;λύκους</span> <span class='ocrx_word' id='word_1_528' title='bbox 1039 4955 1134 5006; x_wconf 72' lang='grc' dir='ltr'>καὶ</span> <span class='ocrx_word' id='word_1_529' title='bbox 1159 4955 1193 5024; x_wconf 81' lang='grc' dir='ltr'><strong>ἡ</strong></span> <span class='ocrx_word' id='word_1_530' title='bbox 1242 4951 1430 5020; x_wconf 81' lang='grc' dir='ltr'>ἀγάπη</span> <span class='ocrx_word' id='word_1_531' title='bbox 1465 4952 1545 5014; x_wconf 88' lang='grc' dir='ltr'><strong>είς</strong></span> <span class='ocrx_word' id='word_1_532' title='bbox 1576 4952 1665 5021; x_wconf 81' lang='grc' dir='ltr'><strong>μῖ-</strong></span> 
     </span>
    </p>
   </div>
   <div class='ocr_carea' id='block_1_80' title="bbox 66 5043 1662 5116">
    <p class='ocr_par' dir='ltr' id='par_1_80' title="bbox 66 5043 1662 5116">
     <span class='ocr_line' id='line_1_81' title="bbox 66 5043 1662 5116; baseline -0.004 -16"><span class='ocrx_word' id='word_1_533' title='bbox 66 5063 199 5109; x_wconf 74' lang='grc' dir='ltr'>σος-ο</span> <span class='ocrx_word' id='word_1_534' title='bbox 251 5044 645 5114; x_wconf 84' lang='grc' dir='ltr'>πληθυνθείσης</span> <span class='ocrx_word' id='word_1_535' title='bbox 692 5045 800 5116; x_wconf 86' lang='grc' dir='ltr'>γὰρ</span> <span class='ocrx_word' id='word_1_536' title='bbox 832 5043 932 5113; x_wconf 81' lang='grc' dir='ltr'>τῆς</span> <span class='ocrx_word' id='word_1_537' title='bbox 976 5044 1228 5114; x_wconf 88' lang='grc' dir='ltr'>ἀνομίας,</span> <span class='ocrx_word' id='word_1_538' title='bbox 1277 5043 1583 5114; x_wconf 73' lang='grc' dir='ltr'>ψυγήσεται</span> <span class='ocrx_word' id='word_1_539' title='bbox 1629 5044 1662 5112; x_wconf 92' lang='grc' dir='ltr'><strong>ή</strong></span> 
     </span>
    </p>
   </div>
   <div class='ocr_carea' id='block_1_81' title="bbox 63 5135 1664 5207">
    <p class='ocr_par' dir='ltr' id='par_1_81' title="bbox 63 5135 1664 5207">
     <span class='ocr_line' id='line_1_82' title="bbox 63 5135 1664 5207; baseline -0.004 -14"><span class='ocrx_word' id='word_1_540' title='bbox 63 5137 269 5206; x_wconf 84' lang='grc' dir='ltr'>ἀγάπη</span> <span class='ocrx_word' id='word_1_541' title='bbox 296 5137 403 5189; x_wconf 88' lang='grc' dir='ltr'><strong>τῶν</strong></span> <span class='ocrx_word' id='word_1_542' title='bbox 436 5135 644 5189; x_wconf 82' lang='grc' dir='ltr'>πολλῶν</span> <span class='ocrx_word' id='word_1_543' title='bbox 664 5153 677 5166; x_wconf 84' lang='grc'><em>’</em></span> <span class='ocrx_word' id='word_1_544' title='bbox 714 5137 1000 5206; x_wconf 80' lang='grc' dir='ltr'>μισήσουσι</span> <span class='ocrx_word' id='word_1_545' title='bbox 1044 5137 1153 5207; x_wconf 80' lang='grc' dir='ltr'><strong>γὰρ</strong></span> <span class='ocrx_word' id='word_1_546' title='bbox 1199 5135 1471 5205; x_wconf 82' lang='grc' dir='ltr'>ἀλλήλους·</span> <span class='ocrx_word' id='word_1_547' title='bbox 1489 5137 1537 5187; x_wconf 82' lang='grc' dir='ltr'>οἱ</span> <span class='ocrx_word' id='word_1_548' title='bbox 1569 5135 1664 5188; x_wconf 86' lang='grc' dir='ltr'>άν-</span> 
     </span>
    </p>
   </div>
   <div class='ocr_carea' id='block_1_82' title="bbox 64 5225 1664 5301">
    <p class='ocr_par' dir='ltr' id='par_1_82' title="bbox 64 5225 1664 5301">
     <span class='ocr_line' id='line_1_83' title="bbox 64 5225 1664 5301; baseline -0.003 -21"><span class='ocrx_word' id='word_1_549' title='bbox 64 5231 306 5301; x_wconf 85' lang='grc' dir='ltr'>Ορωποι,</span> <span class='ocrx_word' id='word_1_550' title='bbox 358 5229 450 5280; x_wconf 75' lang='grc' dir='ltr'>καὶ</span> <span class='ocrx_word' id='word_1_551' title='bbox 496 5225 777 5292; x_wconf 81' lang='grc' dir='ltr'>διώξουσι,</span> <span class='ocrx_word' id='word_1_552' title='bbox 828 5227 922 5279; x_wconf 60' lang='grc' dir='ltr'><strong>καὶ¹</strong></span> <span class='ocrx_word' id='word_1_553' title='bbox 973 5225 1330 5297; x_wconf 86' lang='grc' dir='ltr'>προδώσουσι.</span> <span class='ocrx_word' id='word_1_554' title='bbox 1387 5227 1495 5278; x_wconf 71' lang='grc' dir='ltr'>Καὶ</span> <span class='ocrx_word' id='word_1_555' title='bbox 1544 5225 1664 5277; x_wconf 80' lang='grc' dir='ltr'>τότε</span> 
     </span>
    </p>
   </div>
   <div class='ocr_carea' id='block_1_83' title="bbox 145 5357 722 5425">
    <p class='ocr_par' dir='ltr' id='par_1_83' title="bbox 145 5357 722 5425">
     <span class='ocr_line' id='line_1_84' title="bbox 145 5357 722 5425; baseline 0.009 -15"><span class='ocrx_word' id='word_1_556' title='bbox 145 5357 192 5389; x_wconf 78' lang='grc' dir='ltr'><strong>τ·</strong></span> <span class='ocrx_word' id='word_1_557' title='bbox 227 5357 351 5411; x_wconf 81' lang='lat' dir='ltr'><strong>Mal.</strong></span> <span class='ocrx_word' id='word_1_558' title='bbox 403 5373 440 5420; x_wconf 82' lang='grc' dir='ltr'><strong>ι,</strong></span> <span class='ocrx_word' id='word_1_559' title='bbox 491 5358 580 5425; x_wconf 77' lang='grc' dir='ltr'><strong>ιι,</strong></span> <span class='ocrx_word' id='word_1_560' title='bbox 635 5361 722 5415; x_wconf 71' lang='grc' dir='ltr'><strong>ιι.</strong></span> 
     </span>
    </p>
   </div>
   <div class='ocr_carea' id='block_1_84' title="bbox 62 5427 521 5484">
    <p class='ocr_par' dir='ltr' id='par_1_84' title="bbox 62 5427 521 5484">
     <span class='ocr_line' id='line_1_85' title="bbox 62 5427 521 5484; baseline 0.004 -2"><span class='ocrx_word' id='word_1_561' title='bbox 62 5431 109 5461; x_wconf 77' lang='grc'><strong>⁸⁸</strong></span> <span class='ocrx_word' id='word_1_562' title='bbox 144 5427 341 5482; x_wconf 80' lang='lat' dir='ltr'><strong>Matth.</strong></span> <span class='ocrx_word' id='word_1_563' title='bbox 373 5443 521 5484; x_wconf 80' lang='lat' dir='ltr'><strong>xxtv.</strong></span> 
     </span>
    </p>
   </div>
   <div class='ocr_carea' id='block_1_85' title="bbox 1695 4698 1742 4752">
    <p class='ocr_par' dir='ltr' id='par_1_85' title="bbox 1695 4698 1742 4752">
     <span class='ocr_line' id='line_1_86' title="bbox 1695 4698 1742 4752; baseline 0 0"><span class='ocrx_word' id='word_1_564' title='bbox 1695 4698 1742 4752; x_wconf 91' lang='lat' dir='ltr'><strong>D</strong></span> 
     </span>
    </p>
   </div>
   <div class='ocr_carea' id='block_1_86' title="bbox 829 5362 1964 5429">
    <p class='ocr_par' dir='ltr' id='par_1_86' title="bbox 829 5362 1964 5429">
     <span class='ocr_line' id='line_1_87' title="bbox 829 5362 1964 5429; baseline 0.001 -11"><span class='ocrx_word' id='word_1_565' title='bbox 829 5364 874 5395; x_wconf 86' lang='grc'><strong>⁷⁹</strong></span> <span class='ocrx_word' id='word_1_566' title='bbox 915 5363 988 5425; x_wconf 89' lang='lat' dir='ltr'><strong>al.</strong></span> <span class='ocrx_word' id='word_1_567' title='bbox 1043 5362 1314 5429; x_wconf 73' lang='grc' dir='ltr'>εὐλαϐεῖς.</span> <span class='ocrx_word' id='word_1_568' title='bbox 1372 5363 1466 5419; x_wconf 89' lang='lat' dir='ltr'><strong>Sic</strong></span> <span class='ocrx_word' id='word_1_569' title='bbox 1513 5374 1567 5421; x_wconf 88' lang='lat' dir='ltr'><strong>et</strong></span> <span class='ocrx_word' id='word_1_570' title='bbox 1614 5364 1738 5420; x_wconf 91' lang='lat' dir='ltr'><strong>cod.</strong></span> <span class='ocrx_word' id='word_1_571' title='bbox 1798 5362 1964 5419; x_wconf 83' lang='lat' dir='ltr'><strong>Vind.</strong></span> 
     </span>
    </p>
   </div>
   <div class='ocr_carea' id='block_1_87' title="bbox 1774 3477 3360 3552">
    <p class='ocr_par' dir='ltr' id='par_1_87' title="bbox 1774 3477 3360 3552">
     <span class='ocr_line' id='line_1_88' title="bbox 1774 3477 3360 3552; baseline 0 -15"><span class='ocrx_word' id='word_1_572' title='bbox 1774 3490 1828 3537; x_wconf 89' lang='lat' dir='ltr'><strong>et</strong></span> <span class='ocrx_word' id='word_1_573' title='bbox 1873 3497 1968 3536; x_wconf 92' lang='lat' dir='ltr'><strong>vos</strong></span> <span class='ocrx_word' id='word_1_574' title='bbox 1996 3477 2203 3537; x_wconf 86' lang='lat' dir='ltr'><strong>similes</strong></span> <span class='ocrx_word' id='word_1_575' title='bbox 2245 3482 2562 3536; x_wconf 83' lang='lat' dir='ltr'><strong>hominibus</strong></span> <span class='ocrx_word' id='word_1_576' title='bbox 2596 3482 3046 3552; x_wconf 79' lang='lat' dir='ltr'><strong>exspectantibus</strong></span> <span class='ocrx_word' id='word_1_577' title='bbox 3074 3482 3360 3537; x_wconf 78' lang='lat' dir='ltr'><strong>dominum</strong></span> 
     </span>
    </p>
   </div>
   <div class='ocr_carea' id='block_1_88' title="bbox 1776 3573 3358 3644">
    <p class='ocr_par' dir='ltr' id='par_1_88' title="bbox 1776 3573 3358 3644">
     <span class='ocr_line' id='line_1_89' title="bbox 1776 3573 3358 3644; baseline 0.001 -16"><span class='ocrx_word' id='word_1_578' title='bbox 1776 3590 1958 3640; x_wconf 89' lang='lat' dir='ltr'><strong>suum,</strong></span> <span class='ocrx_word' id='word_1_579' title='bbox 1993 3573 2212 3643; x_wconf 89' lang='lat' dir='ltr'><strong>quando</strong></span> <span class='ocrx_word' id='word_1_580' title='bbox 2240 3575 2441 3640; x_wconf 77' lang='lat' dir='ltr'><strong>veniet,</strong></span> <span class='ocrx_word' id='word_1_581' title='bbox 2473 3589 2700 3644; x_wconf 85' lang='lat' dir='ltr'><strong>vespere</strong></span> <span class='ocrx_word' id='word_1_582' title='bbox 2725 3589 2795 3627; x_wconf 87' lang='lat' dir='ltr'><strong>an</strong></span> <span class='ocrx_word' id='word_1_583' title='bbox 2823 3589 3007 3639; x_wconf 89' lang='lat' dir='ltr'><strong>mane,</strong></span> <span class='ocrx_word' id='word_1_584' title='bbox 3038 3574 3163 3644; x_wconf 89' lang='lat' dir='ltr'><strong>galli</strong></span> <span class='ocrx_word' id='word_1_585' title='bbox 3187 3583 3358 3630; x_wconf 82' lang='lat' dir='ltr'><strong>cantu</strong></span> 
     </span>
    </p>
   </div>
   <div class='ocr_carea' id='block_1_89' title="bbox 1775 3666 3363 3736">
    <p class='ocr_par' dir='ltr' id='par_1_89' title="bbox 1775 3666 3363 3736">
     <span class='ocr_line' id='line_1_90' title="bbox 1775 3666 3363 3736; baseline 0.001 -17"><span class='ocrx_word' id='word_1_586' title='bbox 1775 3683 1844 3720; x_wconf 90' lang='lat' dir='ltr'><strong>an</strong></span> <span class='ocrx_word' id='word_1_587' title='bbox 1880 3668 2057 3721; x_wconf 87' lang='lat' dir='ltr'><strong>media</strong></span> <span class='ocrx_word' id='word_1_588' title='bbox 2098 3674 2259 3721; x_wconf 89' lang='lat' dir='ltr'><strong>nocte</strong></span> <span class='ocrx_word' id='word_1_589' title='bbox 2295 3686 2306 3721; x_wconf 94' lang='lat'>:</span> <span class='ocrx_word' id='word_1_590' title='bbox 2339 3681 2446 3736; x_wconf 90' lang='lat' dir='ltr'><strong>qua</strong></span> <span class='ocrx_word' id='word_1_591' title='bbox 2485 3667 2633 3721; x_wconf 91' lang='lat' dir='ltr'><strong>enim</strong></span> <span class='ocrx_word' id='word_1_592' title='bbox 2682 3666 2816 3720; x_wconf 88' lang='lat' dir='ltr'><strong>hora</strong></span> <span class='ocrx_word' id='word_1_593' title='bbox 2858 3681 2970 3720; x_wconf 81' lang='lat' dir='ltr'><strong>non</strong></span> <span class='ocrx_word' id='word_1_594' title='bbox 3015 3672 3363 3735; x_wconf 77' lang='lat' dir='ltr'><strong>exspectant,</strong></span> 
     </span>
    </p>
   </div>
   <div class='ocr_carea' id='block_1_90' title="bbox 1774 3757 3359 3828">
    <p class='ocr_par' dir='ltr' id='par_1_90' title="bbox 1774 3757 3359 3828">
     <span class='ocr_line' id='line_1_91' title="bbox 1774 3757 3359 3828; baseline 0 -17"><span class='ocrx_word' id='word_1_595' title='bbox 1774 3759 1954 3813; x_wconf 85' lang='lat' dir='ltr'><strong>veniet</strong></span> <span class='ocrx_word' id='word_1_596' title='bbox 2005 3759 2311 3814; x_wconf 88' lang='lat' dir='ltr'><strong>Dominus:</strong></span> <span class='ocrx_word' id='word_1_597' title='bbox 2347 3768 2401 3814; x_wconf 93' lang='lat' dir='ltr'><strong>et</strong></span> <span class='ocrx_word' id='word_1_598' title='bbox 2442 3758 2493 3812; x_wconf 91' lang='lat' dir='ltr'><strong>ei</strong></span> <span class='ocrx_word' id='word_1_599' title='bbox 2542 3759 2586 3814; x_wconf 90' lang='lat' dir='ltr'><strong>si</strong></span> <span class='ocrx_word' id='word_1_600' title='bbox 2628 3758 2983 3828; x_wconf 86' lang='lat' dir='ltr'><strong>aperuerint,</strong></span> <span class='ocrx_word' id='word_1_601' title='bbox 3033 3757 3176 3812; x_wconf 88' lang='lat' dir='ltr'><strong>beati</strong></span> <span class='ocrx_word' id='word_1_602' title='bbox 3216 3759 3359 3813; x_wconf 85' lang='lat' dir='ltr'><strong>servi</strong></span> 
     </span>
    </p>
   </div>
   <div class='ocr_carea' id='block_1_91' title="bbox 1774 3850 3360 3921">
    <p class='ocr_par' dir='ltr' id='par_1_91' title="bbox 1774 3850 3360 3921">
     <span class='ocr_line' id='line_1_92' title="bbox 1774 3850 3360 3921; baseline 0.001 -17"><span class='ocrx_word' id='word_1_603' title='bbox 1774 3851 1887 3915; x_wconf 90' lang='lat' dir='ltr'><strong>illi,</strong></span> <span class='ocrx_word' id='word_1_604' title='bbox 1926 3851 2055 3921; x_wconf 88' lang='lat' dir='ltr'><strong>quia</strong></span> <span class='ocrx_word' id='word_1_605' title='bbox 2108 3852 2313 3904; x_wconf 86' lang='lat' dir='ltr'><strong>inventi</strong></span> <span class='ocrx_word' id='word_1_606' title='bbox 2363 3859 2492 3904; x_wconf 88' lang='lat' dir='ltr'><strong>sunt</strong></span> <span class='ocrx_word' id='word_1_607' title='bbox 2545 3850 2835 3919; x_wconf 84' lang='lat' dir='ltr'><strong>vigilantes</strong></span> <span class='ocrx_word' id='word_1_608' title='bbox 2868 3863 2884 3902; x_wconf 89' lang='lat'><strong>:</strong></span> <span class='ocrx_word' id='word_1_609' title='bbox 2917 3852 3176 3920; x_wconf 89' lang='lat' dir='ltr'><strong>quoniam</strong></span> <span class='ocrx_word' id='word_1_610' title='bbox 3215 3866 3360 3920; x_wconf 67' lang='lat' dir='ltr'><strong>pra-</strong></span> 
     </span>
    </p>
   </div>
   <div class='ocr_carea' id='block_1_92' title="bbox 1774 3942 3360 4020">
    <p class='ocr_par' dir='ltr' id='par_1_92' title="bbox 1774 3942 3360 4020">
     <span class='ocr_line' id='line_1_93' title="bbox 1774 3942 3360 4020; baseline 0.001 -24"><span class='ocrx_word' id='word_1_611' title='bbox 1774 3943 1936 4012; x_wconf 81' lang='lat' dir='ltr'><strong>cinge</strong></span> <span class='ocrx_word' id='word_1_612' title='bbox 2014 3959 2085 4009; x_wconf 74' lang='lat' dir='ltr'><strong>,c,</strong></span> <span class='ocrx_word' id='word_1_613' title='bbox 2128 3952 2183 4020; x_wconf 84' lang='lat' dir='ltr'><strong>et</strong></span> <span class='ocrx_word' id='word_1_614' title='bbox 2213 3943 2379 3996; x_wconf 80' lang='lat' dir='ltr'><strong>faciet</strong></span> <span class='ocrx_word' id='word_1_615' title='bbox 2429 3943 2554 3997; x_wconf 85' lang='lat' dir='ltr'><strong>illos</strong></span> <span class='ocrx_word' id='word_1_616' title='bbox 2595 3942 2968 4006; x_wconf 85' lang='lat' dir='ltr'><strong>discumbere,</strong></span> <span class='ocrx_word' id='word_1_617' title='bbox 2999 3950 3053 3996; x_wconf 88' lang='lat' dir='ltr'><strong>et</strong></span> <span class='ocrx_word' id='word_1_618' title='bbox 3081 3943 3360 3998; x_wconf 82' lang='lat' dir='ltr'><strong>transiens</strong></span> 
     </span>
    </p>
   </div>
   <div class='ocr_carea' id='block_1_93' title="bbox 1773 4033 3360 4108">
    <p class='ocr_par' dir='ltr' id='par_1_93' title="bbox 1773 4033 3360 4108">
     <span class='ocr_line' id='line_1_94' title="bbox 1773 4033 3360 4108; baseline 0.001 -20"><span class='ocrx_word' id='word_1_619' title='bbox 1773 4035 2111 4088; x_wconf 84' lang='lat' dir='ltr'><strong>ministrabit</strong></span> <span class='ocrx_word' id='word_1_620' title='bbox 2163 4035 2274 4108; x_wconf 81' lang='lat' dir='ltr'><strong>illis</strong></span> <span class='ocrx_word' id='word_1_621' title='bbox 2308 4035 2376 4089; x_wconf 75' lang='grc'><strong>⁸⁸.</strong></span> <span class='ocrx_word' id='word_1_622' title='bbox 2426 4053 2443 4086; x_wconf 76' lang='grc' dir='ltr'><strong>ι</strong></span> <span class='ocrx_word' id='word_1_623' title='bbox 2480 4033 2712 4105; x_wconf 82' lang='lat' dir='ltr'><strong>Vigilate</strong></span> <span class='ocrx_word' id='word_1_624' title='bbox 2764 4033 2952 4104; x_wconf 79' lang='lat' dir='ltr'><strong>igitur,</strong></span> <span class='ocrx_word' id='word_1_625' title='bbox 3000 4041 3054 4088; x_wconf 89' lang='lat' dir='ltr'><strong>et</strong></span> <span class='ocrx_word' id='word_1_626' title='bbox 3102 4041 3252 4089; x_wconf 83' lang='lat' dir='ltr'><strong>orate</strong></span> <span class='ocrx_word' id='word_1_627' title='bbox 3289 4050 3360 4090; x_wconf 84' lang='lat' dir='ltr'><strong>ue</strong></span> 
     </span>
    </p>
   </div>
   <div class='ocr_carea' id='block_1_94' title="bbox 1787 4129 3362 4199">
    <p class='ocr_par' dir='ltr' id='par_1_94' title="bbox 1787 4129 3362 4199">
     <span class='ocr_line' id='line_1_95' title="bbox 1787 4129 3362 4199; baseline -0.004 -14"><span class='ocrx_word' id='word_1_628' title='bbox 1787 4130 2078 4187; x_wconf 83' lang='lat' dir='ltr'><strong>dormiatis</strong></span> <span class='ocrx_word' id='word_1_629' title='bbox 2119 4147 2174 4186; x_wconf 82' lang='lat' dir='ltr'><strong>In</strong></span> <span class='ocrx_word' id='word_1_630' title='bbox 2210 4142 2441 4186; x_wconf 88' lang='lat' dir='ltr'><strong>mortem</strong></span> <span class='ocrx_word' id='word_1_631' title='bbox 2477 4131 2546 4165; x_wconf 83' lang='grc'><strong>⁸⁸·</strong></span> <span class='ocrx_word' id='word_1_632' title='bbox 2578 4150 2591 4185; x_wconf 90' lang='lat'><strong>:</strong></span> <span class='ocrx_word' id='word_1_633' title='bbox 2633 4147 2740 4186; x_wconf 91' lang='lat' dir='ltr'><strong>non</strong></span> <span class='ocrx_word' id='word_1_634' title='bbox 2781 4132 2925 4185; x_wconf 90' lang='lat' dir='ltr'><strong>enim</strong></span> <span class='ocrx_word' id='word_1_635' title='bbox 2958 4129 3230 4199; x_wconf 69' lang='lat' dir='ltr'><strong>iuvabunt</strong></span> <span class='ocrx_word' id='word_1_636' title='bbox 3263 4142 3362 4180; x_wconf 76' lang='lat' dir='ltr'><strong>Vos</strong></span> 
     </span>
    </p>
   </div>
   <div class='ocr_carea' id='block_1_95' title="bbox 1787 4222 3361 4294">
    <p class='ocr_par' dir='ltr' id='par_1_95' title="bbox 1787 4222 3361 4294">
     <span class='ocr_line' id='line_1_96' title="bbox 1787 4222 3361 4294; baseline -0.002 -18"><span class='ocrx_word' id='word_1_637' title='bbox 1787 4225 1974 4294; x_wconf 89' lang='lat' dir='ltr'><strong>priora</strong></span> <span class='ocrx_word' id='word_1_638' title='bbox 2007 4235 2152 4285; x_wconf 83' lang='lat' dir='ltr'><strong>recte</strong></span> <span class='ocrx_word' id='word_1_639' title='bbox 2179 4223 2342 4293; x_wconf 83' lang='lat' dir='ltr'><strong>facta,</strong></span> <span class='ocrx_word' id='word_1_640' title='bbox 2371 4225 2416 4278; x_wconf 92' lang='lat' dir='ltr'><strong>si</strong></span> <span class='ocrx_word' id='word_1_641' title='bbox 2439 4224 2492 4278; x_wconf 93' lang='lat' dir='ltr'><strong>in</strong></span> <span class='ocrx_word' id='word_1_642' title='bbox 2525 4223 2789 4279; x_wconf 79' lang='lat' dir='ltr'><strong>extremis</strong></span> <span class='ocrx_word' id='word_1_643' title='bbox 2816 4223 3013 4279; x_wconf 76' lang='lat' dir='ltr'><strong>vestris</strong></span> <span class='ocrx_word' id='word_1_644' title='bbox 3042 4237 3074 4276; x_wconf 90' lang='lat' dir='ltr'><strong>a</strong></span> <span class='ocrx_word' id='word_1_645' title='bbox 3097 4222 3201 4276; x_wconf 88' lang='lat' dir='ltr'><strong>ﬁde</strong></span> <span class='ocrx_word' id='word_1_646' title='bbox 3233 4233 3361 4274; x_wconf 81' lang='lat' dir='ltr'><strong>vera</strong></span> 
     </span>
    </p>
   </div>
   <div class='ocr_carea' id='block_1_96' title="bbox 1786 4305 3018 4370">
    <p class='ocr_par' dir='ltr' id='par_1_96' title="bbox 1786 4305 3018 4370">
     <span class='ocr_line' id='line_1_97' title="bbox 1786 4305 3018 4370; baseline 0.012 -3"><span class='ocrx_word' id='word_1_647' title='bbox 1786 4312 2191 4370; x_wconf 79' lang='lat' dir='ltr'><strong>aberraveritis.</strong></span> <span class='ocrx_word' id='word_1_648' title='bbox 2989 4305 3018 4334; x_wconf 63' lang='lat'><strong><em>&#39;</em></strong></span> 
     </span>
    </p>
   </div>
   <div class='ocr_carea' id='block_1_97' title="bbox 2317 4575 2803 4647">
    <p class='ocr_par' dir='ltr' id='par_1_97' title="bbox 2317 4575 2803 4647">
     <span class='ocr_line' id='line_1_98' title="bbox 2317 4575 2803 4647; baseline 0 -15"><span class='ocrx_word' id='word_1_649' title='bbox 2317 4575 2550 4647; x_wconf 78' lang='lat' dir='ltr'><strong>CAPUT</strong></span> <span class='ocrx_word' id='word_1_650' title='bbox 2589 4575 2803 4632; x_wconf 80' lang='lat' dir='ltr'><strong>xxx&quot;.</strong></span> 
     </span>
    </p>
   </div>
   <div class='ocr_carea' id='block_1_98' title="bbox 2213 4669 2898 4739">
    <p class='ocr_par' dir='ltr' id='par_1_98' title="bbox 2213 4669 2898 4739">
     <span class='ocr_line' id='line_1_99' title="bbox 2213 4669 2898 4739; baseline 0 -15"><span class='ocrx_word' id='word_1_651' title='bbox 2213 4669 2559 4725; x_wconf 79' lang='lat' dir='ltr'><strong>Demmtiatio</strong></span> <span class='ocrx_word' id='word_1_652' title='bbox 2589 4669 2652 4724; x_wconf 86' lang='lat' dir='ltr'><strong>de</strong></span> <span class='ocrx_word' id='word_1_653' title='bbox 2681 4671 2898 4739; x_wconf 70' lang='lat' dir='ltr'><strong>futuris.</strong></span> 
     </span>
    </p>
   </div>
   <div class='ocr_carea' id='block_1_99' title="bbox 1844 4761 3354 4834">
    <p class='ocr_par' dir='ltr' id='par_1_99' title="bbox 1844 4761 3354 4834">
     <span class='ocr_line' id='line_1_100' title="bbox 1844 4761 3354 4834; baseline 0.001 -16"><span class='ocrx_word' id='word_1_654' title='bbox 1844 4763 1903 4818; x_wconf 89' lang='lat' dir='ltr'><strong>In</strong></span> <span class='ocrx_word' id='word_1_655' title='bbox 1959 4763 2165 4819; x_wconf 90' lang='lat' dir='ltr'><strong>ultimis</strong></span> <span class='ocrx_word' id='word_1_656' title='bbox 2211 4764 2357 4818; x_wconf 83' lang='lat' dir='ltr'><strong>enim</strong></span> <span class='ocrx_word' id='word_1_657' title='bbox 2409 4764 2604 4820; x_wconf 85' lang='lat' dir='ltr'><strong>diebus</strong></span> <span class='ocrx_word' id='word_1_658' title='bbox 2661 4761 3176 4834; x_wconf 83' lang='lat' dir='ltr'><strong>multiplicabuntur</strong></span> <span class='ocrx_word' id='word_1_659' title='bbox 3228 4761 3354 4819; x_wconf 78' lang='lat' dir='ltr'><strong>falsi</strong></span> 
     </span>
    </p>
   </div>
   <div class='ocr_carea' id='block_1_100' title="bbox 1772 4854 3354 4926">
    <p class='ocr_par' dir='ltr' id='par_1_100' title="bbox 1772 4854 3354 4926">
     <span class='ocr_line' id='line_1_101' title="bbox 1772 4854 3354 4926; baseline -0.001 -16"><span class='ocrx_word' id='word_1_660' title='bbox 1772 4856 2050 4926; x_wconf 65' lang='lat' dir='ltr'><strong>prophetae</strong></span> <span class='ocrx_word' id='word_1_661' title='bbox 2072 4863 2126 4910; x_wconf 89' lang='lat' dir='ltr'><strong>et</strong></span> <span class='ocrx_word' id='word_1_662' title='bbox 2154 4865 2506 4926; x_wconf 85' lang='lat' dir='ltr'><strong>corruptores</strong></span> <span class='ocrx_word' id='word_1_663' title='bbox 2537 4854 2850 4921; x_wconf 88' lang='lat' dir='ltr'><strong>sermonis;</strong></span> <span class='ocrx_word' id='word_1_664' title='bbox 2880 4862 2936 4908; x_wconf 92' lang='lat' dir='ltr'><strong>et</strong></span> <span class='ocrx_word' id='word_1_665' title='bbox 2963 4859 3354 4909; x_wconf 87' lang='lat' dir='ltr'><strong>convertentur</strong></span> 
     </span>
    </p>
   </div>
   <div class='ocr_carea' id='block_1_101' title="bbox 1767 4946 3353 5028">
    <p class='ocr_par' dir='ltr' id='par_1_101' title="bbox 1767 4946 3353 5028">
     <span class='ocr_line' id='line_1_102' title="bbox 1767 4946 3353 5028; baseline -0.001 -26"><span class='ocrx_word' id='word_1_666' title='bbox 1767 4964 1898 5028; x_wconf 77' lang='lat' dir='ltr'><strong>oves</strong></span> <span class='ocrx_word' id='word_1_667' title='bbox 1928 4949 1982 5001; x_wconf 91' lang='lat' dir='ltr'><strong>in</strong></span> <span class='ocrx_word' id='word_1_668' title='bbox 2016 4949 2194 5017; x_wconf 90' lang='lat' dir='ltr'><strong>lupos,</strong></span> <span class='ocrx_word' id='word_1_669' title='bbox 2226 4955 2282 5002; x_wconf 90' lang='lat' dir='ltr'><strong>et</strong></span> <span class='ocrx_word' id='word_1_670' title='bbox 2330 4947 2573 5002; x_wconf 89' lang='lat' dir='ltr'><strong>charitas</strong></span> <span class='ocrx_word' id='word_1_671' title='bbox 2622 4948 2678 5002; x_wconf 89' lang='lat' dir='ltr'><strong>in</strong></span> <span class='ocrx_word' id='word_1_672' title='bbox 2719 4947 2905 5002; x_wconf 90' lang='lat' dir='ltr'><strong>odium</strong></span> <span class='ocrx_word' id='word_1_673' title='bbox 2949 4965 2962 5002; x_wconf 89' lang='lat'><strong>:</strong></span> <span class='ocrx_word' id='word_1_674' title='bbox 3004 4960 3131 5000; x_wconf 90' lang='lat' dir='ltr'><strong>nam</strong></span> <span class='ocrx_word' id='word_1_675' title='bbox 3165 4946 3353 5000; x_wconf 83' lang='lat' dir='ltr'><strong>multi-</strong></span> 
     </span>
    </p>
   </div>
   <div class='ocr_carea' id='block_1_102' title="bbox 1768 5039 3346 5111">
    <p class='ocr_par' dir='ltr' id='par_1_102' title="bbox 1768 5039 3346 5111">
     <span class='ocr_line' id='line_1_103' title="bbox 1768 5039 3346 5111; baseline 0 -17"><span class='ocrx_word' id='word_1_676' title='bbox 1768 5041 1967 5111; x_wconf 86' lang='lat' dir='ltr'><strong>plicata</strong></span> <span class='ocrx_word' id='word_1_677' title='bbox 1997 5041 2305 5110; x_wconf 87' lang='lat' dir='ltr'><strong>iniquitate,</strong></span> <span class='ocrx_word' id='word_1_678' title='bbox 2338 5041 2656 5111; x_wconf 78' lang='lat' dir='ltr'><strong>refrigescet</strong></span> <span class='ocrx_word' id='word_1_679' title='bbox 2677 5039 2921 5095; x_wconf 86' lang='lat' dir='ltr'><strong>charitas</strong></span> <span class='ocrx_word' id='word_1_680' title='bbox 2949 5039 3247 5092; x_wconf 88' lang='lat' dir='ltr'><strong>multorum</strong></span> <span class='ocrx_word' id='word_1_681' title='bbox 3265 5039 3308 5070; x_wconf 83' lang='lat'><strong>&quot;</strong></span> <span class='ocrx_word' id='word_1_682' title='bbox 3332 5057 3346 5094; x_wconf 91' lang='lat'><strong>:</strong></span> 
     </span>
    </p>
   </div>
   <div class='ocr_carea' id='block_1_103' title="bbox 1768 5130 3350 5195">
    <p class='ocr_par' dir='ltr' id='par_1_103' title="bbox 1768 5130 3350 5195">
     <span class='ocr_line' id='line_1_104' title="bbox 1768 5130 3350 5195; baseline -0.001 -9"><span class='ocrx_word' id='word_1_683' title='bbox 1768 5132 1978 5187; x_wconf 84' lang='lat' dir='ltr'><strong>scilicet</strong></span> <span class='ocrx_word' id='word_1_684' title='bbox 2040 5133 2292 5188; x_wconf 90' lang='lat' dir='ltr'><strong>homines</strong></span> <span class='ocrx_word' id='word_1_685' title='bbox 2345 5133 2472 5187; x_wconf 90' lang='lat' dir='ltr'><strong>odio</strong></span> <span class='ocrx_word' id='word_1_686' title='bbox 2546 5149 2606 5188; x_wconf 91' lang='lat' dir='ltr'><strong>se</strong></span> <span class='ocrx_word' id='word_1_687' title='bbox 2657 5131 2892 5187; x_wconf 89' lang='lat' dir='ltr'><strong>invicem</strong></span> <span class='ocrx_word' id='word_1_688' title='bbox 2943 5130 3252 5195; x_wconf 90' lang='lat' dir='ltr'><strong>habebunt,</strong></span> <span class='ocrx_word' id='word_1_689' title='bbox 3295 5138 3350 5186; x_wconf 84' lang='lat' dir='ltr'><strong>et</strong></span> 
     </span>
    </p>
   </div>
   <div class='ocr_carea' id='block_1_104' title="bbox 1769 5218 3344 5295">
    <p class='ocr_par' dir='ltr' id='par_1_104' title="bbox 1769 5218 3344 5295">
     <span class='ocr_line' id='line_1_105' title="bbox 1769 5218 3344 5295; baseline 0.001 -18"><span class='ocrx_word' id='word_1_690' title='bbox 1769 5232 2187 5294; x_wconf 87' lang='lat' dir='ltr'><strong>persequentur,</strong></span> <span class='ocrx_word' id='word_1_691' title='bbox 2221 5232 2276 5280; x_wconf 92' lang='lat' dir='ltr'><strong>et</strong></span> <span class='ocrx_word' id='word_1_692' title='bbox 2320 5224 2572 5295; x_wconf 84' lang='lat' dir='ltr'><strong>prodent.</strong></span> <span class='ocrx_word' id='word_1_693' title='bbox 2607 5223 2686 5280; x_wconf 79' lang='lat' dir='ltr'><strong>Ac</strong></span> <span class='ocrx_word' id='word_1_694' title='bbox 2727 5233 2861 5280; x_wconf 89' lang='lat' dir='ltr'><strong>tunc</strong></span> <span class='ocrx_word' id='word_1_695' title='bbox 2889 5223 3172 5294; x_wconf 85' lang='lat' dir='ltr'><strong>apparebit</strong></span> <span class='ocrx_word' id='word_1_696' title='bbox 3198 5218 3344 5278; x_wconf 77' lang='lat' dir='ltr'><strong>orbis</strong></span> 
     </span>
    </p>
   </div>
   <div class='ocr_carea' id='block_1_105' title="bbox 2081 5360 3344 5428">
    <p class='ocr_par' dir='ltr' id='par_1_105' title="bbox 2081 5360 3344 5428">
     <span class='ocr_line' id='line_1_106' title="bbox 2081 5360 3344 5428; baseline -0.002 -10"><span class='ocrx_word' id='word_1_697' title='bbox 2081 5363 2130 5396; x_wconf 83' lang='grc'><strong>⁸⁸</strong></span> <span class='ocrx_word' id='word_1_698' title='bbox 2179 5361 2315 5418; x_wconf 91' lang='lat' dir='ltr'><strong>Luc.</strong></span> <span class='ocrx_word' id='word_1_699' title='bbox 2369 5378 2486 5428; x_wconf 83' lang='lat' dir='ltr'><strong>xu,</strong></span> <span class='ocrx_word' id='word_1_700' title='bbox 2533 5365 2624 5420; x_wconf 75' lang='lat'><strong>55.</strong></span> <span class='ocrx_word' id='word_1_701' title='bbox 2719 5365 2788 5396; x_wconf 79' lang='lat'><strong>”&#39;</strong></span> <span class='ocrx_word' id='word_1_702' title='bbox 2855 5361 3022 5419; x_wconf 81' lang='lat' dir='ltr'><strong>Marc.</strong></span> <span class='ocrx_word' id='word_1_703' title='bbox 3069 5376 3169 5417; x_wconf 79' lang='lat' dir='ltr'><strong>xm</strong></span> <span class='ocrx_word' id='word_1_704' title='bbox 3198 5401 3216 5427; x_wconf 92' lang='lat'><strong>,</strong></span> <span class='ocrx_word' id='word_1_705' title='bbox 3257 5360 3344 5416; x_wconf 80' lang='lat'><strong>35.</strong></span> 
     </span>
    </p>
   </div>
   <div class='ocr_carea' id='block_1_106' title="bbox 1426 5552 2056 5619">
    <p class='ocr_par' dir='ltr' id='par_1_106' title="bbox 1426 5552 2056 5619">
     <span class='ocr_line' id='line_1_107' title="bbox 1426 5552 2056 5619; baseline 0.014 -9"><span class='ocrx_word' id='word_1_706' title='bbox 1426 5552 1790 5615; x_wconf 73' lang='lat' dir='ltr'><strong>VARIORUM</strong></span> <span class='ocrx_word' id='word_1_707' title='bbox 1828 5557 2056 5619; x_wconf 69' lang='grc' dir='ltr'><strong>ΝΟΤᾹΖ.</strong></span> 
     </span>
    </p>
   </div>
   <div class='ocr_carea' id='block_1_107' title="bbox 135 5691 1650 5770">
    <p class='ocr_par' dir='ltr' id='par_1_107' title="bbox 135 5691 1650 5770">
     <span class='ocr_line' id='line_1_108' title="bbox 135 5691 1650 5770; baseline 0.002 -24"><span class='ocrx_word' id='word_1_708' title='bbox 135 5691 253 5770; x_wconf 77' lang='lat'><strong>(68)</strong></span> <span class='ocrx_word' id='word_1_709' title='bbox 279 5695 593 5770; x_wconf 70' lang='grc' dir='ltr'>Κεραμίρυ.</span> <span class='ocrx_word' id='word_1_710' title='bbox 627 5695 684 5750; x_wconf 87' lang='lat' dir='ltr'><strong>lu</strong></span> <span class='ocrx_word' id='word_1_711' title='bbox 718 5697 888 5752; x_wconf 86' lang='lat' dir='ltr'><strong>altero</strong></span> <span class='ocrx_word' id='word_1_712' title='bbox 910 5697 1035 5754; x_wconf 91' lang='lat' dir='ltr'><strong>cod.</strong></span> <span class='ocrx_word' id='word_1_713' title='bbox 1070 5695 1232 5753; x_wconf 77' lang='lat' dir='ltr'><strong>Vind.</strong></span> <span class='ocrx_word' id='word_1_714' title='bbox 1260 5705 1345 5753; x_wconf 82' lang='lat' dir='ltr'><strong>est</strong></span> <span class='ocrx_word' id='word_1_715' title='bbox 1367 5697 1650 5768; x_wconf 83' lang='grc' dir='ltr'>κεράμιον,</span> 
     </span>
    </p>
   </div>
   <div class='ocr_carea' id='block_1_108' title="bbox 54 5765 655 5823">
    <p class='ocr_par' dir='ltr' id='par_1_108' title="bbox 54 5765 655 5823">
     <span class='ocr_line' id='line_1_109' title="bbox 54 5765 655 5823; baseline 0.005 -4"><span class='ocrx_word' id='word_1_716' title='bbox 54 5765 256 5819; x_wconf 76' lang='lat' dir='ltr'><strong>minus</strong></span> <span class='ocrx_word' id='word_1_717' title='bbox 281 5776 426 5820; x_wconf 87' lang='lat' dir='ltr'><strong>recte</strong></span> <span class='ocrx_word' id='word_1_718' title='bbox 483 5766 655 5823; x_wconf 58' lang='lat' dir='ltr'><strong>Casu.</strong></span> 
     </span>
    </p>
   </div>
   <div class='ocr_carea' id='block_1_109' title="bbox 133 5832 1643 5911">
    <p class='ocr_par' dir='ltr' id='par_1_109' title="bbox 133 5832 1643 5911">
     <span class='ocr_line' id='line_1_110' title="bbox 133 5832 1643 5911; baseline 0.011 -23"><span class='ocrx_word' id='word_1_719' title='bbox 133 5832 260 5911; x_wconf 44' lang='lat'><strong>(69)</strong></span> <span class='ocrx_word' id='word_1_720' title='bbox 296 5833 483 5911; x_wconf 78' lang='grc' dir='ltr'>Ὑμᾶς.</span> <span class='ocrx_word' id='word_1_721' title='bbox 520 5838 668 5896; x_wconf 72' lang='lat' dir='ltr'><strong>Alter</strong></span> <span class='ocrx_word' id='word_1_722' title='bbox 712 5840 878 5897; x_wconf 77' lang='lat' dir='ltr'><strong>codex</strong></span> <span class='ocrx_word' id='word_1_723' title='bbox 918 5838 1226 5899; x_wconf 84' lang='lat' dir='ltr'><strong>Vindobon.</strong></span> <span class='ocrx_word' id='word_1_724' title='bbox 1269 5839 1431 5895; x_wconf 85' lang='lat' dir='ltr'><strong>habet</strong></span> <span class='ocrx_word' id='word_1_725' title='bbox 1474 5841 1643 5911; x_wconf 63' lang='grc' dir='ltr'>ἡμᾶς,</span> 
     </span>
    </p>
   </div>
   <div class='ocr_carea' id='block_1_110' title="bbox 53 5904 504 5976">
    <p class='ocr_par' dir='ltr' id='par_1_110' title="bbox 53 5904 504 5976">
     <span class='ocr_line' id='line_1_111' title="bbox 53 5904 504 5976; baseline 0.007 -17"><span class='ocrx_word' id='word_1_726' title='bbox 53 5920 215 5976; x_wconf 63' lang='lat' dir='ltr'><strong>nque</strong></span> <span class='ocrx_word' id='word_1_727' title='bbox 247 5904 401 5962; x_wconf 78' lang='lat' dir='ltr'><strong>bene.</strong></span> <span class='ocrx_word' id='word_1_728' title='bbox 434 5907 504 5962; x_wconf 82' lang='lat' dir='ltr'><strong>lo.</strong></span> 
     </span>
    </p>
   </div>
   <div class='ocr_carea' id='block_1_111' title="bbox 1834 5699 3339 5787">
    <p class='ocr_par' dir='ltr' id='par_1_111' title="bbox 1834 5699 3339 5787">
     <span class='ocr_line' id='line_1_112' title="bbox 1834 5699 3339 5787; baseline 0.013 -37"><span class='ocrx_word' id='word_1_729' title='bbox 1834 5699 2340 5787; x_wconf 40' lang='lat' dir='ltr'><strong>(iﬁlﬂowt.‘Addit</strong></span> <span class='ocrx_word' id='word_1_730' title='bbox 2368 5703 2537 5759; x_wconf 84' lang='lat' dir='ltr'><strong>codex</strong></span> <span class='ocrx_word' id='word_1_731' title='bbox 2570 5704 2734 5761; x_wconf 84' lang='lat' dir='ltr'><strong>Vind.</strong></span> <span class='ocrx_word' id='word_1_732' title='bbox 2776 5709 2833 5779; x_wconf 80' lang='grc' dir='ltr'>ἦ,</span> <span class='ocrx_word' id='word_1_733' title='bbox 2875 5710 3046 5780; x_wconf 60' lang='grc' dir='ltr'>πτωρ,</span> <span class='ocrx_word' id='word_1_734' title='bbox 3085 5724 3179 5768; x_wconf 85' lang='lat' dir='ltr'><strong>aut</strong></span> <span class='ocrx_word' id='word_1_735' title='bbox 3208 5716 3339 5787; x_wconf 75' lang='lat' dir='ltr'><strong>galli</strong></span> 
     </span>
    </p>
   </div>
   <div class='ocr_carea' id='block_1_112' title="bbox 1758 5775 2336 5832">
    <p class='ocr_par' dir='ltr' id='par_1_112' title="bbox 1758 5775 2336 5832">
     <span class='ocr_line' id='line_1_113' title="bbox 1758 5775 2336 5832; baseline 0.009 -9"><span class='ocrx_word' id='word_1_736' title='bbox 1758 5779 1941 5832; x_wconf 81' lang='lat' dir='ltr'><strong>cantu,</strong></span> <span class='ocrx_word' id='word_1_737' title='bbox 1969 5779 2083 5832; x_wconf 86' lang='lat' dir='ltr'><strong>aut,</strong></span> <span class='ocrx_word' id='word_1_738' title='bbox 2117 5779 2224 5827; x_wconf 84' lang='lat' dir='ltr'><strong>etc.</strong></span> <span class='ocrx_word' id='word_1_739' title='bbox 2262 5775 2336 5828; x_wconf 85' lang='lat' dir='ltr'><strong>ID.</strong></span> 
     </span>
    </p>
   </div>
   <div class='ocr_carea' id='block_1_113' title="bbox 1829 5840 3340 5928">
    <p class='ocr_par' dir='ltr' id='par_1_113' title="bbox 1829 5840 3340 5928">
     <span class='ocr_line' id='line_1_114' title="bbox 1829 5840 3340 5928; baseline 0.016 -37"><span class='ocrx_word' id='word_1_740' title='bbox 1829 5840 2077 5928; x_wconf 53' lang='grc' dir='ltr'>βαι</span> <span class='ocrx_word' id='word_1_741' title='bbox 2122 5844 2722 5928; x_wconf 36' lang='grc' dir='ltr'>παρελθψιοοῑςκηῳ</span> <span class='ocrx_word' id='word_1_742' title='bbox 2772 5860 2824 5907; x_wconf 92' lang='lat' dir='ltr'><strong>et</strong></span> <span class='ocrx_word' id='word_1_743' title='bbox 2880 5853 2993 5909; x_wconf 60' lang='lat' dir='ltr'><strong>ius</strong></span> <span class='ocrx_word' id='word_1_744' title='bbox 3045 5868 3340 5928; x_wconf 72' lang='lat' dir='ltr'><strong>sequentes</strong></span> 
     </span>
    </p>
   </div>
   <div class='ocr_carea' id='block_1_114' title="bbox 1758 5911 2764 5974">
    <p class='ocr_par' dir='ltr' id='par_1_114' title="bbox 1758 5911 2764 5974">
     <span class='ocr_line' id='line_1_115' title="bbox 1758 5911 2764 5974; baseline 0.008 -8"><span class='ocrx_word' id='word_1_745' title='bbox 1758 5925 1920 5969; x_wconf 79' lang='lat' dir='ltr'><strong>voces</strong></span> <span class='ocrx_word' id='word_1_746' title='bbox 1948 5911 2149 5972; x_wconf 77' lang='lat' dir='ltr'><strong>desunt</strong></span> <span class='ocrx_word' id='word_1_747' title='bbox 2177 5911 2233 5972; x_wconf 70' lang='lat' dir='ltr'><strong>in</strong></span> <span class='ocrx_word' id='word_1_748' title='bbox 2263 5915 2385 5973; x_wconf 87' lang='lat' dir='ltr'><strong>cod.</strong></span> <span class='ocrx_word' id='word_1_749' title='bbox 2422 5914 2654 5974; x_wconf 74' lang='lat' dir='ltr'><strong>Vindob.</strong></span> <span class='ocrx_word' id='word_1_750' title='bbox 2687 5918 2764 5974; x_wconf 75' lang='lat' dir='ltr'><strong>in.</strong></span> 
     </span>
    </p>
   </div>
  </div>
