4022 6338
67 364 218 420 ίυίὶὶ)

968 359 1573 451 ΕΟΝΞΤΙΤΟΤΙΟΝξΞΒ
1606 358 2083 417 ΑΡΟΒΤΟΙᾸΕΛΕ.
2121 389 2189 398 ——
2221 356 2350 411 LIB.
2390 355 2495 415 VII.

3226 352 3361 407 mo

66 484 215 549 μενη
268 475 399 547 (89).
454 476 711 531 Θάλασσα
750 482 1144 553 κυμαινομένη,
1194 483 1287 534 καὶ
1338 480 1538 553 μυρίαν
1584 479 1672 549 βό·-

1781 480 1991 535 firmata
2036 492 2099 533 ac
2144 489 2411 547 suspensa
2450 487 2615 544 super
2644 470 2898 526 nihilum.
2930 467 3079 525 Mare
3106 472 3363 525 fluctibus

62 584 288 621 σκουσα
332 566 487 633 ζώων
534 571 757 641 ἀγέλην,
808 574 1111 643 πεπέδηται
1171 574 1360 644 ἄμμῳ,
1412 572 1511 643 τὴν
1568 574 1669 643 σὴν

64 660 335 730 βούλησιν
376 666 675 732 πεφρικυῖα
704 681 717 693 '
764 665 859 718 καὶ
899 666 1107 727 πάντας
1157 666 1455 735 ἀναγκάζει
1499 664 1626 736 βοᾷν
1652 683 1666 695 ·

70 772 89 804 ι
115 754 128 771 ”
146 755 225 816 Ως
261 754 602 827 ἐμεγαλύνθη
623 755 691 809 τὰ
724 756 862 828 ἔργα
890 757 1210 829 σου,Κύριε·
1228 758 1405 811 πάντα
1422 758 1479 810 ὲν
1508 758 1669 828 σοφίςςν⁵

63 844 343 916 ἐποίησας
367 863 382 876 ·
418 846 713 919 ἐπληρώθη
750 851 783 920 ή
835 850 905 919 γῆ
946 851 1045 921 τῆς
1087 850 1320 913 κτίσεως
1350 867 1465 902 σου.
1505 868 1522 901 ι
1558 850 1670 903 Καὶ

65 937 313 1008 στρατὸς
341 938 587 1007 ἀγγέλων
619 940 966 1011 φλεγόμενος,
1015 941 1111 995 καὶ⁸
1155 941 1441 1012 πνεύματα
1486 939 1666 1011 νοερὰ,

62 1027 329 1097 λέγουσιν
353 1048 368 1061 θ
400 1050 419 1082 ι
473 1027 573 1093 Εἷς
612 1032 764 1101 ἅγιος
794 1032 871 1103 τῷ
909 1032 1167 1103 Φελμονεί
1199 1032 1311 1104 (90)
1335 1050 1348 1062 ”
1394 1050 1413 1083 ι
1451 1032 1544 1085 καὶ
1578 1048 1667 1083 σε·

68 1124 259 1193 ραφὶμ
292 1122 444 1191 ἅγια,
491 1123 611 1195 ἅμα
645 1128 758 1188 τοῖς
786 1125 1072 1197 κερουᾶμ,
1111 1128 1225 1189 τοῖς
1257 1124 1664 1195 ὲξαπτερύγοις,

66 1215 157 1266 σοὶ
201 1215 305 1283 τὴν
345 1216 609 1270 ἐπινίκιον
646 1217 788 1287 ᾠδὴν
816 1216 1107 1285 ψάλλοντα,
1141 1217 1425 1287 ἁσιγήτοις
1466 1218 1668 1284 φωναῖς

65 1304 275 1374 βοῶσιν
312 1304 444 1378 (91)·
478 1326 497 1359 ι
536 1309 741 1377 Ἄγιος,
778 1309 950 1379 ἅγιος,
991 1309 1145 1376 ἀγιος
1185 1308 1387 1379 Κύριος
1417 1305 1664 1359 Σαϐαώθο

62 1397 293 1468 πλήρης
322 1400 351 1451 6
393 1399 619 1471 οὐρανὸς
654 1400 748 1454 καὶ
779 1402 813 1471 ἡ
844 1402 913 1471 γῆ
960 1400 1059 1473 τῆς
1086 1400 1244 1470 δόξης
1267 1417 1381 1453 σουο
1427 1418 1445 1450 ι
1482 1400 1573 1451 καὶ
1600 1397 1668 1451 τά

63 1490 240 1561 ἕτερα
284 1491 391 1544 τῶν
437 1491 736 1562 ταγμάτων
784 1491 985 1564 πλήθη,
1034 1491 1274 1561 ἄγγελοι,
1318 1490 1665 1562 ἀρχάγγελοι,

65 1581 279 1651 θρόνοι,
315 1582 655 1654 κυριότητες,
698 1584 885 1653 ἀρχαὶ,
918 1583 1179 1651 ἐξουσίαι,
1232 1584 1510 1656 δυνάμεις,
1552 1586 1669 1637 ἐπι-

66 1672 289 1727 ϐοῶντα
328 1673 577 1743 λέγουσιν
600 1692 613 1705 ⁸
657 1694 675 1726 ι
724 1676 1080 1747 Εὐλογημένη
1119 1678 1151 1746 ἡ
1201 1676 1328 1740 δόξα
1363 1678 1570 1748 Κυρίου
1604 1677 1669 1729 ἐκ

63 1764 168 1818 τοῦ
197 1765 367 1818 τόπου
398 1765 585 1819 αὐτοῦ.
625 1787 644 1819 ι
683 1767 899 1839 Ἰσραὴλ
936 1768 1012 1833 δὲ,
1044 1769 1076 1839 ἡ
1113 1768 1351 1837 ὲπίγειός
1395 1784 1489 1820 σου
1544 1767 1667 1820 Ἐκ-

1772 572 2057 642 agitatum,
2093 584 2156 625 ac
2186 565 2614 623 innumerabiles
2646 564 2894 618 nutriens
2926 560 3245 616 animalium
3271 578 3365 615 co-

1772 662 1913 731 pias,
1953 676 2119 714 arena
2174 658 2594 727 constringitur,
2632 665 2782 711 tuam
2835 657 3175 712 voluntatem
3219 658 3366 711 veri—

1772 762 1920 819 tum;
1957 735 2260 821 omnesque
2287 750 2435 820 cogit
2460 748 2752 803 vociferari
2787 767 2801 803 :
2840 766 2859 801 ι
2905 749 3082 815 Quam
3113 748 3361 819 magnili.

1771 855 1892 900 cata
1935 854 2063 901 sunt
2098 861 2264 915 opera
2302 852 2419 907 tua,
2451 841 2713 897 Domine!
2760 841 2946 895 omnia
2988 843 3044 895 in
3092 840 3361 912 sapientia

1771 938 1983 1004 fecisti;
2016 939 2237 1009 impleta
2264 947 2347 992 est
2378 944 2524 991 terra
2554 944 2809 990 creatura
2855 942 2950 988 tua
2974 934 3018 989 ’.
3055 952 3073 987 ι
3110 931 3179 986 Et
3206 949 3367 988 exer-

1771 1033 1917 1088 citus
1957 1031 2279 1099 angelorum
2338 1029 2563 1092 ardens,
2618 1043 2681 1082 ac
2730 1026 3100 1095 intelligentes
3138 1026 3363 1096 spiritus

1770 1124 1999 1177 dicunt:
2041 1140 2059 1174 ι
2097 1120 2253 1176 Unus
2283 1132 2531 1185 sanctus,
2571 1118 2858 1176 Phelmoni
2888 1119 2931 1150 ³⁸
2975 1139 3049 1174 ελ»
3094 1126 3149 1174 et
3186 1130 3360 1173 sancti

1771 1214 2075 1285 seraphini,
2119 1229 2227 1267 una
2271 1229 2397 1266 cum
2433 1212 2776 1276 cherubinis,
2817 1227 2913 1267 sex
2961 1212 3077 1265 alas
3107 1209 3367 1266 habenti-

1772 1309 1917 1373 bus,
1970 1309 2069 1363 tibi
2106 1292 2369 1361 victoria:
2421 1306 2701 1361 canticum
2751 1305 3070 1376 psallentes,
3135 1304 3364 1358 vocibus

1772 1416 2053 1473 nunquam
2083 1400 2434 1456 cessantibus
2464 1401 2704 1455 clamant
2731 1418 2743 1454 :
2779 1419 2797 1451 ‹
2829 1397 3361 1462 Sanctus,-sanctus,

1772 1502 2025 1560 sanctus,
2050 1494 2316 1549 Dominus
2340 1492 2582 1548 Sabaoth
2608 1511 2622 1558 ;
2653 1492 2798 1562 pleni
2822 1499 2952 1547 sunt
2980 1491 3103 1545 coeli
3134 1498 3188 1545 et
3216 1498 3363 1545 terra

1771 1586 1944 1656 gloria
1978 1597 2068 1640 tua
2104 1587 2179 1653 “;
2227 1604 2245 1637 ι
2285 1594 2337 1639 et
2366 1584 2487 1638 aliae
2524 1584 2785 1637 Ordinum
2818 1581 3221 1646 multitudines,
3265 1597 3366 1633 au-

1772 1679 1899 1749 geli,
1926 1678 2261 1750 archangeli,
2296 1676 2502 1739 throni,
2530 1676 2957 1739 dominationes,
2992 1675 3362 1745 principatus,

1772 1778 2096 1839 potestates.
2145 1770 2399 1835 virtutes,
2431 1767 2805 1821 exclamantes
2835 1766 3025 1820 dicunt
3059 1784 3071 1819 :
3112 1783 3130 1816 ι
3190 1764 3363 1819 Bene-
3416 1840 3421 1845 θ

66 1856 297 1927 κλησεα,
342 1858 376 1928 ή
414 1856 472 1925 ἐξ
523 1857 713 1925 ὲθνῶν,
771 1862 891 1923 ταῖς
930 1861 1058 1913 κατ’
1097 1860 1328 1930 οὐρανὸν
1373 1858 1669 1929 δυνάμεσιν

1776 1863 1918 1916 dicta
1960 1862 2133 1932 gloria
2186 1859 2400 1914 Domini
2433 1857 2501 1914 de
2550 1860 2671 1913 loco
2720 1873 2822 1913 suo
2858 1858 2921 1911 ¹¹.
2963 1876 2981 1909 ι
3014 1856 3179 1912 Israel
3210 1874 3361 1923 vero,

66 1951 449 2023 ἁμιλλωμένη,
475 1940 753 2005 νυκτῖκαὶ
782 1952 987 2023 ἡμέρα,
1028 1952 1087 2004 ὲν
1118 1951 1315 2022 καρδίᾳ
1344 1950 1540 2021 πλήρει
1575 1951 1670 2003 καὶ

64 2044 220 2116 ψυχῇ
259 2043 505 2115 θελούσῃ,
536 2043 728 2113 ψάλλει
748 2043 872 2097 ’(Τὸ
895 2044 1047 2115 ἅρμα
1071 2042 1165 2096 τοῦ
1201 2042 1336 2096 Θεοῦ
1370 2041 1670 2115 μυριοπλά-

68 2153 219 2200 σιον,
235 2134 471 2205 χιλιάδες
498 2135 885 2207 εὐθηνούντων,
920 2137 1124 2207 Κύριος
1153 2136 1211 2189 ἑν
1240 2136 1443 2204 αὐτοῖς,
1485 2137 1543 2188 ὲν
1580 2137 1671 2189 Σι-

66 2227 229 2293 ναῖν,
262 2229 320 2281 ὲν
349 2227 428 2298 τῷ
457 2228 614 2299 ἁγίῳ.
660 2248 678 2280 ι
714 2225 868 2283 Οἶδεν
911 2228 1138 2298 οὐρανὸς
1180 2228 1272 2282 τὸν
1311 2229 1405 2282 ἐπὶ
1443 2218 1670 2300 μηδενὸς

66 2319 239 2372 αὑτὸν
289 2318 718 2390 καμαρὼσαντα,
762 2320 840 2384 ὠς
887 2319 1209 2374 λιθὸκυὸοψ
1268 2322 1363 2374 καὶ
1407 2322 1511 2393 γῆν
1573 2323 1669 2377 καὶ

67 2410 221 2483 ὓδωρ
256 2412 468 2475 ἑαυτοῖς
512 2411 791 2466 ὲνώσαντα
815 2430 827 2443 ’
862 2414 957 2466 καὶ
995 2414 1134 2485 ἀέρα
1172 2413 1486 2484 διαχέαντα,
1533 2414 1671 2480 ζωο-

64 2504 292 2574 τρόφον,
338 2506 432 2559 καὶ
472 2504 646 2575 τούτῳ
691 2505 802 2576 πῦρ
846 2504 1266 2576 συμπλέξαντα,
1316 2508 1395 2569 εἰς
1443 2506 1665 2575 θάλπος,

66 2594 166 2647 καὶ
197 2596 421 2659 σκότους
452 2597 823 2668 παραμυθίαν.
860 2597 1184 2667 Ἐκπλήσσει
1212 2598 1369 2670 χορὸς
1398 2598 1666 2669 ἀστέρων,

64 2687 163 2740 τὸν
218 2687 600 2761 ἀριθμήσαντα
660 2690 961 2761 σημαίνων,
1019 2692 1114 2745 καὶ
1170 2692 1263 2745 τὸν
1321 2691 1669 2761 ὀνομάσαντα

64 2778 370 2833 δεικνύων·
416 2780 529 2845 ζῶα
574 2782 667 2834 τὸν
701 2782 1033 2852 ψυχὼσαντα
1127 2784 1319 2855 δένδρα
1364 2783 1458 2839 τὸν
1498 2784 1667 2857 ἐκφύε-

70 2888 265 2926 σαντα.
308 2874 485 2944 Ἀπερ
517 2872 751 2940 ἅπαντα,
784 2874 863 2945 τῷ
894 2875 971 2946 σῷ
1020 2875 1162 2947 λόγῳ
1203 2877 1491 2949 γενόμενα,
1526 2897 1669 2952 παρ-

72 2965 200 3036 ιστᾷ
237 2965 339 3036 τῆς
388 2966 487 3035 σῆς
522 2965 803 3037 δυνάμεως
837 2967 897 3020 τὸ
939 2968 1141 3039 κράτος
1163 2986 1175 2999 ’
1212 2970 1293 3022 διὸ
1332 2971 1426 3024 καὶ
1462 2972 1667 3041 ὀφείλει

68 3058 183 3119 πᾶς
245 3056 572 3129 ἄνθρωπος,
636 3057 693 3124 ἐξ
746 3058 925 3112 αὐτῶν
977 3059 1237 3130 στέρνων,
1277 3063 1362 3114 σοὶ
1408 3062 1496 3116 διὰ
1529 3065 1665 3135 Χρι-

1771 1959 1989 2005 terrena
2028 1949 2276 2004 Ecclesia
2313 1956 2429 2015 tua,
2467 1964 2533 2003 ex
2568 1949 2824 2019 gentibus
2862 1958 3217 2019 congregata,
3248 1964 3365 2004 cer-

1770 2055 1895 2101 tans
1935 2062 2062 2101 cum
2110 2045 2433 2100 coelestibus
2478 2044 2803 2107 virtutibus,
2839 2053 2999 2097 nocte
3040 2057 3105 2096 ac
3146 2040 3256 2105 die,
3307 2041 3362 2094 in

1771 2142 1937 2197 corde
1970 2142 2133 2211 pleno
2160 2148 2214 2196 et
2241 2140 2423 2194 anima
2444 2142 2682 2204 volente,
2709 2138 2861 2191 canit
2895 2156 2909 2193 :
2949 2154 2967 2187 ι
3009 2139 3224 2193 Currus
3253 2136 3363 2189 Dei

1770 2234 1959 2289 decem
2002 2234 2247 2288 millibus
2296 2231 2603 2301 multiplex,
2657 2229 2829 2283 millia
2870 2229 3207 2295 laetantium;
3257 2226 3364 2279 Do-

1770 2328 1956 2383 minus
1986 2326 2040 2380 in
2070 2325 2170 2389 eis,
2193 2324 2254 2377 in
2288 2320 2464 2386 Sinai,
2498 2320 2555 2375 in
2581 2327 2775 2375 sancto
2810 2319 2878 2375 ".
2920 2339 2938 2371 ι
2968 2316 3131 2377 Novit
3158 2318 3361 2372 cadum

1770 2434 1917 2482 eum,
1945 2418 2038 2488 qui
2073 2431 2237 2487 super
2271 2414 2506 2469 nihilum
2546 2411 2847 2467 cameravit
2891 2410 3049 2475 illud,
3099 2417 3362 2480 tanquam

1772 2511 2047 2581 lapideum
2091 2508 2325 2571 cubum;
2372 2504 2468 2576 qui
2514 2512 2719 2558 terram
2759 2510 2815 2558 et
2856 2505 3059 2569 aquam
3100 2502 3245 2557 inter
3303 2516 3364 2555 se

1770 2603 2064 2664 adunavit;
2091 2599 2187 2671 qui
2231 2613 2438 2662 aerem,
2473 2597 2795 2651 animalium
2842 2594 3157 2659 nutritium,
3203 2592 3361 2647 diffu-

1769 2694 1870 2757 dit,
1902 2693 2063 2762 eique
2091 2691 2272 2761 ignem
2300 2687 2622 2750 connexuit,
2664 2686 2730 2740 ad
2764 2686 3027 2749 calorem,
3070 2692 3126 2741 et
3168 2685 3235 2739 ad
3280 2700 3367 2740 so-

1770 2787 1963 2841 latium
1987 2784 2055 2839 de
2097 2783 2341 2838 tenebris
2382 2781 2448 2837 ¹¹⁵.
2498 2777 2882 2849 Obstupefacit
2926 2779 3131 2833 chorus
3177 2777 3367 2832 stella-

1769 2894 1915 2944 rum,
1946 2877 2043 2948 qui
2087 2881 2464 2929 numerantem
2503 2887 2598 2926 eas
2634 2869 2927 2941 signiﬁcat,
2976 2879 3030 2924 et
3080 2868 3369 2923 nominan-

1769 2978 1879 3026 tem
1907 2967 2192 3033 ostendit;
2225 2974 2284 3019 ut
2314 2962 2579 3018 animalia
2605 2953 2987 3017 demonstrant
3028 2977 3154 3017 eum
3190 2976 3219 3013 ιι
3251 2976 3364 3030 quo
3454 2986 3457 2989 -

1770 3063 2010 3117 animata
2041 3065 2192 3121 sunt,
2223 3066 2277 3113 et
2322 3056 2550 3111 arbores
2602 3070 2729 3109 eum
2764 3054 2859 3124 qui
2908 3054 3032 3108 illas
3079 3050 3361 3123 produxit.

72 3147 203 3201 στοῢ
258 3148 369 3201 τῶν
431 3149 476 3180 ¹⁸
554 3149 696 3221 ὑπὲρ
755 3150 973 3204 πάντων
1043 3151 1213 3223 ὕμνον
1271 3154 1620 3224 ἀναπέμπειν
1647 3197 1661 3222 ,

1776 3153 1901 3220 Quae
1923 3152 2130 3215 omnia,
2158 3149 2326 3204 verbo
2356 3155 2451 3201 tuo
2495 3144 2663 3209 facta,
2699 3144 2987 3215 potestatis
3013 3153 3123 3199 tua:
3147 3143 3256 3197 vim
3283 3159 3367 3199 re-

68 3238 163 3293 διὰ
194 3239 255 3291 σὲ
284 3240 393 3293 τῶν
426 3240 679 3294 ἁπάντων
712 3242 950 3314 κρατῶν.
982 3244 1055 3296 Σὺ
1084 3244 1193 3315 γὰρ
1212 3238 1263 3296 εἷ
1294 3248 1321 3297 6
1350 3246 1585 3316 χρηστὸς
1608 3247 1667 3300 ὲν

71 3332 438 3403 εὐεργεσίαις,
489 3335 584 3387 καὶ
631 3333 925 3406 φιλόδωρος
964 3337 1023 3388 ὲν
1056 3324 1395 3409 οἰκτιρμοῖς·
1440 3341 1469 3392 6
1512 3339 1671 3409 μόνος

72 3423 477 3496 παντοκράτωρ
501 3442 514 3455 ’
550 3426 637 3478 ὅτε
669 3425 780 3498 γὰρ
809 3426 1006 3493 θέλεις,
1049 3428 1283 3499 πάρεστί
1310 3445 1393 3481 σοι
1426 3431 1487 3483 τὸ
1514 3430 1671 3484 δύνα-

74 3516 203 3568 σθαι
226 3531 242 3547 ’
269 3516 330 3569 τὸ
371 3515 481 3588 γὰρ
527 3517 619 3570 σὸν
666 3517 883 3571 αἰώνιον
932 3520 1135 3591 κράτος
1167 3522 1261 3574 καὶ¹
1294 3522 1466 3591 φλόγα
1496 3541 1667 3576 κατα-

69 3608 276 3678 ψύχει,
308 3609 402 3662 καὶ
445 3609 669 3673 λέοντας
708 3615 883 3682 φιμοῖ,
918 3613 1016 3666 καὶ
1076 3616 1217 3687 κήτη
1271 3618 1669 3688 καταπραύνει,

71 3701 173 3755 καὶ
196 3692 485 3766 νοσοῦντας
528 3704 754 3775 ἐγείρει,
790 3708 884 3759 καὶ
910 3706 1167 3778 δυνάμεις
1194 3710 1549 3782 μετατρέπει·
1579 3713 1673 3764 καὶ

74 3793 307 3864 στρατὸν
338 3792 568 3866 ἐχθρῶν,
601 3797 695 3849 καὶ
731 3797 859 3850 λαὸν
878 3798 1298 3871 ἀριθμούμενον,
1323 3802 1379 3854 ὲν
1402 3801 1479 3872 τῷ
1502 3802 1601 3855 ὐπε
1612 3821 1674 3874 ρ-

71 3886 462 3957 ηφανεύεσθαι,
513 3887 979 3961 καταστρὼννυσι.
1018 3892 1091 3944 Σὺ
1128 3886 1180 3944 εἶ
1218 3895 1247 3945 6
1282 3894 1339 3945 ὲν
1370 3894 1612 3965 οὐρανῷ,
1646 3898 1674 3949 ό

63 3980 175 4037 ,ἐπὶ
214 3980 336 4050 γῆς,
377 3981 407 4032 6
458 3982 516 4032 ὲν
566 3980 832 4053 θαλάσσῃ,
866 3984 895 4036 6
940 3984 997 4035 ὲν
1053 3985 1484 4056 περατουμένοις
1534 3986 1669 4058 (92),

73 4070 185 4124 ὑπὸ
207 4071 432 4141 μηδενὸς
452 4073 689 4143 περατού
697 4090 857 4144 μενος
876 4091 891 4105 ο
922 4076 1022 4146 τῆς
1041 4075 1149 4148 γὰρ
1172 4076 1561 4148 μεγαλωσύνης
1581 4094 1674 4129 σου

74 4163 179 4217 οὐκ
212 4162 325 4216 ἐστι
357 4165 551 4236 πέρας.
602 4166 693 4237 Μὴ
726 4165 836 4237 γὰρ
867 4167 1135 4239 ἡμέτερόν
1168 4171 1286 4222 ἐστι
1315 4169 1473 4223 τοῦτο
1512 4211 1527 4237 ,
1580 4171 1677 4224 Δέ-

80 4274 272 4311 σποταο
287 4257 381 4310 τοῦ
392 4257 722 4329 θεράποντός
734 4257 828 4311 σού
841 4259 958 4312 ἐστι
969 4258 1167 4328 λόγιον,
1183 4260 1502 4330 φάσκοντος·
1525 4281 1543 4313 ι
1565 4262 1677 4316 Καὶ

76 4348 264 4421 γνώσῃ
292 4353 359 4422 τῇ
396 4350 594 4423 καρδίᾳ
630 4369 745 4415 σου,
779 4352 863 4405 ὅτι
906 4351 1018 4423 (95)
1048 4354 1076 4406 6
1105 4352 1310 4425 Κύριος
1333 4357 1363 4407 6
1388 4354 1521 4418 Θεός
1555 4372 1672 4422 σου,

76 4442 214 4505 Θεὸς
262 4443 320 4495 ὲν
365 4440 580 4514 οὐρανῷ
633 4444 787 4511 ἀνω,
825 4446 918 4498 καὶ
956 4446 1051 4499 ἐπὶ
1094 4447 1194 4517 τῆς
1237 4448 1339 4518 γῆς
1370 4445 1541 4512 κάτω,
1583 4448 1676 4499 καὶ

1772 3250 2130 3315 prmsentant.
2162 3240 2341 3310 Atque
2384 3237 2506 3291 ideo
2534 3236 2695 3291 debet
2724 3236 2908 3291 omnis
2943 3235 3129 3298 homo,
3175 3240 3366 3303 utpote

1773 3354 1871 3409 per
1897 3344 1949 3391 te
1981 3334 2239 3389 dominus
2268 3330 2663 3385 universorum
2686 3367 2702 3390 ,
2754 3343 2820 3382 ex
2855 3335 3079 3398 pectore
3109 3325 3210 3380 tibi
3245 3326 3367 3379 lau-

1772 3428 1895 3482 dem
1931 3440 2029 3496 pro
2060 3422 2277 3479 cunctis
2304 3420 2522 3475 mittere
2552 3434 2649 3489 per
2672 3418 2976 3475 Christum.
3004 3416 3089 3471 Tu
3117 3417 3266 3472 enim
3302 3432 3367 3474 es

1775 3518 1956 3574 facilis
1983 3518 2039 3571 in
2073 3512 2456 3571 beneficentiis
2500 3520 2555 3567 et
2581 3510 2880 3566 munificus
2908 3509 2965 3564 in
3004 3508 3365 3565 commisera-

1775 3611 2054 3676 tionibus;
2087 3609 2180 3679 qui
2217 3607 2372 3662 solus
2394 3619 2454 3660 es
2489 3604 2841 3674 omnipotens
2877 3617 3041 3658 :cum
3074 3602 3221 3657 enim
3256 3603 3362 3679 vis,

1775 3705 1931 3759 adest
1958 3702 2055 3756 tibi
2084 3677 2362 3771 potestas;
2384 3713 2511 3752 nam
2532 3705 2799 3750 :eternum
2823 3703 2977 3748 tuum
3008 3694 3179 3749 robur
3198 3677 3365 3749 etiam

1776 3797 2051 3851 ﬂammam
2084 3792 2394 3865 refrigerat,
2433 3796 2488 3843 et
2520 3789 2772 3844 leonibus
2824 3802 2887 3843 os
2926 3787 3256 3858 constringit
3294 3787 3363 3849 “,

1762 3895 1829 3947 ,et
1858 3897 2009 3941 cetos
2039 3883 2312 3939 demulcet
2347 3882 2411 3946 ’⁷,
2454 3889 2508 3935 et
2540 3887 2870 3950 aegrotantes
2901 3878 3085 3949 erigit,
3109 3890 3162 3934 et
3189 3878 3365 3933 facul-

1776 3988 1918 4033 tates
1950 3992 2138 4035 rerum
2167 3974 2476 4040 convertit;
2505 3980 2559 4027 ct
2577 3973 2817 4026 hostium
2833 3973 3043 4043 c0pias,
3069 3973 3363 4043 populum-

1776 4088 1884 4142 que
1916 4076 2290 4131 numcratum,
2339 4066 2468 4120 dum
2509 4064 2769 4133 superbia
2810 4066 3079 4129 exoritur,
3112 4073 3366 4135 proster-

1777 4164 1857 4219 nit
1890 4163 1952 4218 ³⁸.
1980 4161 2061 4215 Τυ
2092 4177 2152 4215 es
2181 4160 2271 4230 qui
2304 4160 2358 4213 in
2389 4157 2531 4212 caelo
2562 4157 2810 4218 exsistis,
2845 4156 2938 4225 qui
2970 4156 3026 4210 in
3057 4164 3227 4218 terra,
3269 4158 3366 4226 qui

1778 4258 1834 4313 in
1865 4256 2043 4320 mari,
2082 4255 2175 4325 qui
2228 4253 2284 4307 in
2337 4251 2672 4314 terminatis,
2714 4265 2744 4302 a
2794 4250 2947 4303 nullo
2986 4250 3362 4305 terminatus:

1778 4348 2179 4419 magnitudinis
2208 4344 2356 4401 enim
2387 4352 2494 4397 tua:
2526 4357 2635 4396 non
2668 4349 2754 4397 est
2784 4342 3055 4396 terminus
3085 4342 3148 4396 ".
3177 4340 3368 4411 Neque

1779 4455 1911 4496 vero
1939 4448 2189 4495 nostrum
2217 4446 2299 4493 est
2340 4435 2496 4500 illud,
2526 4432 2791 4500 Domine;
2836 4434 3037 4487 famuli
3060 4434 3138 4488 tui
3166 4450 3369 4488 oracu-

77 4536 181 4588 οὐκ
199 4532 341 4587 ἐστιν
373 4533 453 4586 ἔτι
473 4534 613 4607 πλὴν
643 4536 830 4590 αὑτοῦ.
884 4556 902 4589 ι
940 4538 1075 4591 Οὐδὲ
1105 4539 1213 4610 γάρ
1233 4542 1348 4592 ἐστι
1372 4539 1505 4602 Θεὸς
1533 4539 1673 4611 πλὴν

1779 4536 1891 4589 lum
1924 4541 2031 4598 est,
2067 4532 2304 4586 dicentis
2331 4550 2343 4584 :
2390 4548 2408 4580 ι
2446 4528 2512 4582 Et
2545 4542 2849 4598 cognosces
2871 4527 3038 4582 corde
3066 4536 3194 4592 tuo,
3218 4530 3367 4599 quod

82 4625 179 4680 σοῦ
226 4625 385 4695 μόνου
412 4643 425 4655 ·
462 4626 618 4693 ἅγιος
645 4628 744 4681 οὐκ
774 4628 888 4682 ἔστι
924 4630 1061 4700 πλὴν
1114 4632 1249 4701 σοῦ,
1300 4633 1502 4704 Κύριος
1540 4633 1674 4697 Θεὸς

1781 4627 2047 4681 Dominus
2079 4623 2223 4680 Deus
2267 4631 2429 4683 tuus.
2477 4620 2620 4675 Deus
2651 4621 2707 4673 in
2741 4621 2881 4673 caelo
2915 4635 3159 4684 sursum,
3207 4630 3262 4675 et
3312 4622 3367 4676 in

224 4760 369 4835 Psal.
397 4776 517 4826 cm,
548 4753 657 4835 2'4.
718 4767 763 4799 “
798 4767 933 4823 Dan.
963 4786 1085 4835 vm,
1120 4772 1208 4825 l3.
1290 4772 1329 4803 “
1363 4770 1470 4828 lsa.
1497 4788 1577 4835 vt,
1603 4773 1658 4827 3.

1776 4769 1998 4825 'Ezech.
2030 4782 2113 4825 ιιι.
2155 4766 2239 4821 12.
2282 4800 2285 4804 -
2323 4766 2365 4796 ¹⁸
2396 4764 2547 4818 Psal.
2581 4758 2749 4828 vau,
2780 4760 2873 4835 l8.
2924 4759 3114 4835 _"lsa.
3146 4760 3364 4835 xx..__2f2_;

83 4832 154 4914 tv
181 4804 735 4914 Εέιῑῗένῗιζξόρᾚοι)
786 4804 1741 4914 533111133335miihi-736v.
1774 4804 2252 4896 s?;‘;3a."'n:;a:
2336 4804 2873 4899 ιι⁵ιῖΞὲᾖῖῦζὶῖῖίῖῧ
2910 4804 3367 4914 ιοιῐῖῗιῗἸοἨ

85 4904 219 4976 Reg.
256 4918 370 4959 xix.
446 4905 488 4936 “
515 4904 660 4962 Psal.
688 4903 874 4977 σκιὴν,
922 4911 976 4966 3.

1414 5064 1778 5122 VARIORUM
1812 5063 2045 5121 NOTAE.

160 5223 270 5298 (8i!)
310 5220 899 5298 Memm._HaMt
939 5224 1108 5298 codex
1167 5222 1332 5298 Vind.
1392 5226 1673 5298 κεκρέμα-

86 5310 207 5351 σπι
235 5293 289 5347 in
322 5294 613 5362 praeterito,
642 5293 826 5349 minus
854 5297 1159 5349 commode.
1191 5294 1329 5350 Cor.

160 5363 288 5434 (90)_
310 5364 418 5428 Εἰς
448 5362 615 5432 ἅγιος
645 5362 724 5429 τῷ
754 5366 1066 5434 Φελμονεὶ.
1106 5364 1282 5422 Petita
1319 5368 1434 5425 hac
1463 5384 1531 5423 ex
1561 5382 1677 5422 ven

88 5432 542 5510 sion_eDa_r_1ielis_,
590 5432 888 5510 cap.__vm.:
919 5436 1008 5501 15,
1054 5437 1123 5510 ab
1164 5436 1408 5510 homine.
1440 5440 1533 5510 qui
1575 5453 1674 5492 ne-

88 5505 295 5560 sciebat
341 5503 637 5578 Hehraice;
686 5504 895 5578 alioqui
932 5508 1198 5578 vertisset
1238 5506 1317 5578 τῷ
1346 5503 1512 5576 δεῖνι,
1555 5524 1677 5578 qua:

88 5584 213 5644 nota
230 5580 312 5644 est
338 5565 665 5644 significatio
680 5565 830 5644 vocis
851 5574 1131 5644 Hebraicae
1151 5565 1344 5641 ἐποδε
1363 5565 1672 5644 ΡΙιαίηιὸηἰ,

93 5638 179 5716 vel
202 5640 307 5691 τινι
340 5638 580 5716 πᾶτεηυι
608 5641 846 5705 habebat
883 5638 1468 5716 Symmachusz'alteri
1497 5638 1673 5708 nescio

94 5709 207 5784 cui,
224 5718 282 5784 ut
317 5718 464 5784 recte
496 5709 881 5784 hieronymus.
909 5709 987 5771 lb.

166 5778 267 5850 (9f)
317 5778 887 5856 Ἀσιγήτοιςφὶυναῖς
918 5787 1175 5856 βοῶσιν,
1208 5799 1312 5846 etc.
1344 5790 1401 5846 S.
1433 5782 1674 5849 Joannes

92 5848 535 5921 Chqéostomus,
575 5848 1007 5912 De‘imtitu’eada
1032 5848 1318 5917 secundum
1338 5862 1509 5919 Deum
1540 5848 1669 5938 vita,
1726 5880 1727 5883 ‘

1772 5232 1909 5296 tom.
1931 5222 1998 5289 ν,
2032 5238 2199 5296 εει-ιηἐ
2234 5224 2302 5279 l0
2329 5245 2341 5280 :
2382 5224 2689 5296 Ἀσιγήτοις
2719 5224 2927 5296 βοῶντα
2955 5203 3241 5294 κραυγαῖς,
3258 5235 3368 5287 etc.

1781 5295 2108 5366 Hippolytus
2166 5292 2600 5352 Portuensis'i'n
2673 5292 3026 5353 collectaneis
3087 5292 3370 5353 Anastasii

1782 5366 2197 5438 Bibliothecarii
2226 5383 2281 5436 p.
2325 5367 2432 5438 209
2469 5385 2483 5420 :
2518 5367 2767 5438 ἀσιγήτῳ
2810 5370 2961 5438 φωνῇ
2996 5366 3231 5437 βοῶντα.
3290 5367 3368 5423 ln.

1855 5436 1967 5508 (92)
2003 5435 2492 5510 Περατοὺμὲνοις.
2544 5435 2601 5492 In
2639 5435 2764 5493 ωδ.
2806 5435 2967 5510 Vind.
2998 5435 3083 5493 est
3115 5454 3375 5510 περαιου-

1785 5507 1970 5579 μένοις
1995 5516 2049 5563 et
2092 5523 2218 5561 mox
2246 5508 2645 5579 περαιούμενος
2676 5527 2689 5562 :
2723 5509 2914 5563 eodem
2956 5517 3138 5566 tamen
3174 5507 3367 5573 sensu,

1782 5578 1876 5648 qui
1913 5586 1999 5634 est
2032 5598 2045 5633 :
2079 5579 2170 5648 qui
2192 5595 2247 5632 es
2272 5578 2331 5633 ia
2356 5578 2509 5651 rebus
2533 5595 2667 5647 quas
2700 5579 3108 5651 transgrederis,
3140 5590 3189 5634 et
3255 5595 3373 5633 aen.

1782 5650 1916 5703 nihil
1945 5648 2359 5705 tramaredimr.
2393 5651 2645 5705 quamvis
2688 5650 3023 5705 πεοαιοῧιιαι
3053 5647 3198 5705 anud
3220 5596 3375 5704 29m-

1782 5666 1915 5703 mmt
1945 5666 2359 5719 transgreditur,
2393 5666 2645 5720 quamvrs
2688 5666 3023 5734 περαιουμαι
3053 5666 3225 5721 apuu'

1783 5736 1882 5775 cos
1912 5721 2287 5775 accuratiores
2318 5721 2662 5776 transitivam
2696 5723 2808 5775 vim
2836 5723 3100 5777 obtineat.
3128 5720 3225 5776 CL.

1855 5792 1970 5862 (95)
1998 5794 2145 5845 "Ott.
2221 5790 2581 5862 Praemiuitur
2656 5791 2710 5847 in
2784 5793 2907 5849 cod.
2980 5790 3218 5848 Viudob.
3280 5789 3375 5849 ω

1784 5860 2055 5935 συνήσεις,
2086 5873 2134 5918 et
2167 5863 2318 5919 scies.
2351 5860 2428 5919 ιν.
3107 5900 3111 5904 ι
