4022 6338
180 430 320 488 10ιεί

1061 420 1664 482 CONSTI'I‘U‘I‘IONES
1700 396 2400 478 nemnem—Lis.
2438 415 2547 488 vn.

3297 394 3436 468 mo'

180 543 433 620 προγδίας
461 543 756 613 ἐποιήσατο
778 559 790 570 ·
823 540 944 594 τότε
969 538 1080 610 (33)
1113 536 1282 608 Ἀδάμ
1312 537 1458 606 αύτῷ
1487 540 1543 590 ἐν
1571 549 1752 607 παρα-

1858 543 1987 588 tunc
2014 532 2118 602 ipsi
2143 531 2352 586 Adamo
2380 533 2435 586 in
2466 529 2754 605 paradiso;
2801 528 3034 599 primum
3082 527 3300 599 quidem
3348 545 3435 583 ra-

177 636 357 706 δείσῲ,
391 634 604 707 πρῶτον
639 634 736 704 μὲν
761 633 973 702 τρυφῆς
1009 630 1151 700 λόγῳ
1183 630 1275 681 τὸν
1315 627 1644 698 παράδεισον
1673 628 1753 678 οί-

180 729 315 800 κητή
325 745 436 799 ριον
458 728 600 789 δοὺς,
626 726 721 778 ἐπε
731 742 814 776 ιτα
841 723 1096 794 προνοίας
1117 721 1259 790 λόγῳ
1281 720 1500 791 ἐντολὴν
1528 719 1755 788 ποιησά-

181 837 338 890 μενος
359 837 371 849 ’
407 817 716 889 ἁμαρτόντα
736 815 822 877 δὲ,
855 814 1170 886 δικαιοσύνῃ
1207 810 1430 876 ὲξώσας,
1461 806 1754 881 ἀγαθότητι

179 911 233 964 δὲ
265 913 338 982 μὴ
367 910 680 980 ἀπορρίψας
717 908 798 970 είς
836 906 897 958 τὸ
935 905 1212 967 παντελὲς,
1245 903 1380 956 ἀλλὰ
1407 903 1501 955 καὶ
1535 903 1660 964 τοὺς
1697 900 1756 965 ἐξ

180 1001 342 1055 αὑτοῦ
373 1002 514 1054 κατὰ
539 999 787 1070 διαδοχὴν
815 997 1086 1068 διαφόρως
1123 994 1444 1058 παιδεύσας·
1478 993 1544 1046 δι’
1576 993 1633 1046 ὃν
1664 994 1785 1084 ἐπὶ,

176 1090 237 1144 τὺ
261 1091 437 1160 τέρμα
449 1090 543 1142 τοῦ
569 1089 762 1152 αίῶνος
790 1088 1076 1141 ἀπέστειλε
1098 1088 1188 1140 τὸν
1217 1087 1344 1140 Υἱὺν
1366 1085 1530 1138 αὐτοῦ
1550 1084 1756 1155 ἄνθρω-

178 1200 278 1235 πον
321 1180 573 1248 γενέσθαι
610 1180 674 1232 δι’
705 1179 1045 1250 ἀνθρώπους,
1085 1180 1178 1233 καὶ
1214 1177 1389 1231 πάντα
1432 1177 1502 1229 τὰ
1548 1176 1756 1247 ἀνθρὼ-

180 1291 306 1326 πινα
369 1273 514 1343 πάθη
572 1271 960 1334 ἀναδέξασθαι,
1016 1271 1186 1341 χωρὶς
1239 1269 1532 1340 ἁμαρτίας.
1585 1269 1754 1320 Αὐτὸν

173 1359 268 1416 οὖν
310 1366 402 1416 καὶ
445 1363 539 1416 νῦν
593 1363 979 1432 παρακαλείτω
1033 1365 1060 1414 6
1112 1363 1291 1432 ἱερεὺς
1343 1361 1480 1431 πρὸς
1528 1359 1606 1430 τῷ
1659 1360 1754 1430 βα-

175 1455 468 1525 πτίσματι,
509 1456 601 1507 καὶ
629 1455 862 1523 λεγέτω,
895 1454 1221 1508 ὅτι-Κάτιδε
1266 1453 1328 1519 ἐξ
1372 1452 1620 1523 οὐρανοῦ,
1664 1453 1756 1505 καὶ⁵

176 1545 402 1614 ἁγίασον
445 1546 507 1598 τὸ
546 1545 688 1618 ὕδωρ
737 1545 930 1598 τοῢτο·
973 1545 1062 1609 δὸς
1095 1538 1151 1598 δὲ
1188 1545 1298 1615 (54)
1339 1547 1496 1615 χάριν
1529 1545 1624 1596 καὶ
1662 1543 1754 1596 δύ-

173 1655 356 1709 ναμιν,
375 1638 514 1690 ὥστε
544 1638 635 1690 τὸν
665 1630 1074 1708 βαπτιζόμενον,
1107 1640 1225 1691 κατ’
1255 1636 1469 1707 ἐντολὴν
1497 1635 1591 1688 τοῦ
1620 1637 1664 1687 Χ
1673 1653 1754 1706 ρι-

176 1728 301 1781 στοῦ
353 1745 466 1794 σου,
509 1728 655 1798 αὐτῷ
695 1728 1168 1797 συσταυρωθῆναι,
1218 1729 1298 1790 είς
1343 1725 1752 1789 συναποθανεῖν,

173 1820 268 1872 καὶ
299 1821 652 1890 συνταφῆναι,
686 1821 777 1873 καὶ
810 1821 1203 1892 συναναστῆναι
1226 1821 1307 1882 είς
1349 1820 1618 1874 υἱοθεσίαν
1655 1822 1753 1893 τὴν

174 1911 230 1962 ὲν
247 1911 415 1982 αὐτῷ,
445 1912 521 1982 τῷ
549 1910 885 1983 νεκρωθῆναι
908 1913 1004 1983 μὲν
1031 1914 1096 1982 τῇ
1127 1912 1387 1982 ἁμαρτίᾳ,
1418 1912 1578 1983 ζῆσαι
1601 1912 1656 1965 δὲ
1684 1916 1747 1984 τῇ

1857 627 2003 680 tione
2032 624 2353 678 deliciarum
2378 623 2527 678 dedit
2570 621 2647 676 illi
2691 620 3008 691 paradisum
3053 620 3107 674 in
3139 620 3436 676 habitatio-

1857 731 2014 782 nem;
2045 713 2242 769 deinde
2269 713 2483 768 ratione
2513 710 2869 782 providentiae
2905 709 3220 764 mandatum
3266 709 3438 766 tradi-

1857 807 1972 872 dit;
2018 813 2143 876 post
2176 814 2459 875 peccatum
2480 811 2672 858 autem
2693 842 2708 868 ,
2757 819 2854 873 per
2883 803 3144 872 iustitiam
3172 819 3297 857 eum
3340 819 3436 857 ex—

1857 900 2018 969 pulit,
2049 914 2147 968 per
2175 899 2472 952 bonitatem
2508 911 2638 950 vero
2677 911 2787 950 non
2832 911 2900 951 ex
2944 903 3055 949 toto
3085 895 3304 965 abjecit,
3337 896 3434 952 sed

1855 996 1910 1043 et
1941 998 2190 1060 posteros
2219 989 2341 1057 ejus
2382 989 2626 1044 vicissim
2657 988 2893 1042 erudivit
2937 988 3170 1043 diversis
3211 987 3432 1044 modis:

1857 1092 2078 1153 propter
2103 1098 2263 1153 quem
2290 1083 2346 1136 in
2368 1089 2613 1137 extremo
2640 1081 2824 1136 saeculi
2854 1081 3004 1137 misit
3025 1080 3223 1136 Filium
3248 1097 3431 1146 suum,

1855 1182 1918 1228 ut
1943 1175 2107 1229 homo
2137 1174 2290 1230 ﬁeret
2325 1174 2605 1228 hominum
2635 1189 2822 1241 causa,
2863 1183 2916 1229 et
2945 1189 3137 1229 omnes
3167 1175 3434 1234 humanos

1857 1264 2105 1329 aﬂ‘ectus,
2131 1273 2358 1336 excepto
2386 1273 2632 1335 peccato,
2667 1266 2992 1334 susciperet.
3021 1265 3203 1336 Ipsum
3231 1283 3360 1337 ergo
3380 1275 3434 1321 et

1857 1373 2006 1411 nunc
2029 1357 2245 1411 invocet
2275 1357 2533 1413 sacerdos
2577 1357 2681 1412 sub
2724 1359 3058 1427 baptismum
3087 1398 3102 1422 ,
3148 1373 3211 1412 ac
3241 1359 3429 1414 dicat:

1857 1447 2089 1518 Respice
2109 1448 2176 1504 de
2200 1450 2362 1512 caelo,
2387 1457 2441 1504 et
2471 1449 2752 1504 sanctiﬁca
2779 1450 2919 1503 hanc
2944 1465 3139 1519 aquam
3162 1468 3176 1516 ;
3205 1450 3273 1503 da
3304 1467 3433 1506 vero

1855 1540 2086 1609 gratiam
2127 1548 2181 1594 et
2219 1541 2497 1605 virtutem,
2531 1552 2591 1594 ut
2619 1541 2713 1611 qui
2748 1542 3080 1612 baptizatur,
3131 1543 3431 1597 secundum

1858 1626 2175 1686 mandatum
2215 1631 2415 1687 Christi
2447 1634 2560 1697 tui,
2597 1649 2722 1687 cum
2753 1634 2943 1689 eodem
2973 1634 3345 1704 cruciﬂgatur,
3378 1641 3433 1690 et

1857 1724 2270 1789 commoriatnr,
2306 1733 2360 1780 et
2389 1727 2811 1797 consepeliatur,
2855 1735 2910 1781 et
2940 1727 3346 1781 consuscitetur
3375 1728 3430 1782 in

1859 1815 2203 1885 adoptionem
2245 1833 2366 1886 qua:
2414 1818 2470 1872 in
2517 1833 2583 1873 eo
2629 1819 2708 1880 tit,
2757 1826 2816 1871 ut
2864 1819 3164 1887 perimatur
3209 1819 3430 1890 quidem

1859 1906 2105 1976 peccato,
2152 1909 2297 1962 vivat
2338 1917 2519 1965 autem
2562 1909 2808 1980 justitiaa.
2855 1911 2919 1964 Et
2967 1919 3090 1981 post
3124 1893 3260 1975 hoc,
3303 1926 3430 1967 cum

170 2003 502 2076 δικαιοσύνῃ.
551 2005 660 2056 Καὶ
699 2004 838 2074 μετὰ
863 2004 1042 2068 τοῦτο,
1084 2004 1352 2073 βαπτίσας
1391 2005 1550 2057 αὑτὸν
1585 2005 1642 2056 ὲν
1680 2006 1752 2075 τῷ

1857 2002 2212 2073 baptizaverit
2239 2019 2364 2058 eum
2397 2003 2452 2057 in
2485 1969 2703 2058 nomine
2733 2002 2932 2068 Patris,
2962 1969 3016 2058 et
3045 2001 3193 2068 Filii,
3222 2012 3277 2059 et
3308 2002 3432 2075 Spi-

170 2094 516 2165 ὀνόματιτοῦ
562 2096 794 2167 Πατρὸς,
845 2097 939 2149 καὶ
984 2095 1079 2148 τοῦ
1123 2095 1278 2157 Υἱοῦ,
1328 2097 1419 2149 καὶ
1456 2096 1548 2149 τοῦ
1597 2098 1752 2164 ἁγίου

173 2185 506 2257 Πνεύματος,
540 2187 783 2258 χρισάτω
814 2187 989 2258 μύρῳ,
1022 2187 1310 2255 ἐπιλέγων·

682 2280 1076 2332 ΚΕΦΑΛΑΙΟΝ
1111 2281 1236 2332 ΜΔ’.

352 2369 491 2436 Περὶ
523 2370 626 2423 τοῦ
652 2371 953 2438 μυστικοῦ
984 2373 1179 2439 μύρου
1209 2373 1573 2441 εὐχαριστία.

241 2459 415 2531 Κύριε
443 2462 470 2513 6
498 2461 648 2525 Θεὸς,
679 2465 707 2515 6
737 2462 1106 2531 άγέννητοςττ,
1138 2464 1232 2517 καὶ
1251 2465 1561 2528 ἀδέσποτος,
1590 2465 1618 2517 6
1647 2465 1753 2518 τῶν

168 2550 307 2603 ὅλων
345 2552 564 2623 Κύριος,
595 2555 622 2605 6
649 2554 748 2625 τὴν
776 2555 951 2624 ὀσμὴν
978 2555 1079 2624 τῆς
1106 2555 1358 2623 γνώσεως
1388 2555 1479 2608 τοῦ
1512 2557 1754 2625 Εὐαγγε-

166 2642 284 2695 λίου
314 2645 368 2694 ὲν
398 2645 529 2696 πᾶσι
574 2648 686 2706 τοῖς
716 2644 923 2697 ἔθνεσιν
952 2644 1180 2715 εὔοσμον
1224 2648 1653 2718 παρασχόμενος·
1689 2649 1752 2701 σὺ

164 2736 267 2788 καὶ
293 2734 397 2786 νῦν·
415 2735 571 2788 τοῦτο
598 2737 656 2789 τὸ
689 2737 857 2807 μύρον
886 2737 974 2799 δὸς
1000 2739 1221 2808 ὲνεργὲς
1252 2739 1504 2806 γενέσθαι
1544 2741 1636 2791 ἐπὶ
1676 2741 1754 2810 τῷ

168 2824 571 2896 βαπτιζομένῳ,
601 2827 739 2880 ὥστε
769 2827 992 2897 βεϐαίαν
1023 2830 1117 2881 καὶ
1161 2830 1358 2897 πάγιον
1395 2831 1452 2883 ὲν
1480 2832 1629 2902 αὐτῷ
1656 2835 1752 2904 τὴν

164 2917 397 2970 εὐωδίαν
429 2914 609 2988 μεῖναι
636 2919 730 2971 τοῦ
761 2920 997 2990 Χριστοῦ
1039 2938 1152 2983 σου,
1183 2922 1276 2974 καὶ
1324 2923 1752 2976 συναποθανόντα

164 3011 332 3064 αὐτὸν
362 3011 755 3081 συναναστῆναι
799 3012 894 3063 καὶ
928 3012 1157 3080 συζῆσαι
1198 3013 1348 3083 αὐτῷ
1391 3014 1523 3084 (35).
1567 3014 1754 3068 Ταῦτα

165 3101 267 3154 καὶ
311 3101 380 3154 τὰ
423 3097 632 3164 τούτοις
676 3101 943 3155 ἀκόλουθα
987 3103 1210 3170 λεγέτω.
1253 3104 1513 3160 Ἐκάστου
1563 3106 1671 3178 γὰρ
1718 3110 1750 3178 ἡ

163 3191 394 3262 δύναμις
423 3193 522 3261 τῆς
549 3193 884 3263 χειροθεσίας
912 3195 1056 3246 ἐστὶν
1086 3194 1246 3266 αὕτηο
1291 3196 1384 3249 ἐὰν
1414 3198 1521 3270 γὰρ
1570 3200 1642 3271 μὴ
1675 3203 1754 3263 είς

162 3281 400 3336 ἕκαστον
430 3283 541 3352 (36)
588 3285 791 3338 τούτων
838 3286 1126 3357 ἐπίκλησις
1173 3288 1397 3358 γένηται
1442 3289 1594 3360 παρὰ
1639 3291 1749 3361 (57)
1779 3323 1820 3377 C

162 3372 264 3426 τοῦ
294 3374 546 3437 εὐσεϐοῦς
578 3377 766 3446 ίερέως
793 3376 1014 3448 τοιαύτη
1043 3394 1145 3440 τις,
1187 3380 1265 3441 εἰς
1293 3378 1634 3451 ὓδωρμόνον
1663 3399 1752 3435 κα-

162 3466 413 3518 ταϐαίνει
442 3468 470 3519 6
500 3465 908 3538 βαπτιζόμενος,
941 3469 1015 3532 ὡς
1056 3470 1296 3522 Ἰουδαῖοι
1329 3472 1460 3542 (38),
1492 3475 1585 3525 καὶ
1615 3475 1752 3526 ἁπο-

163 3557 373 3610 τίθεται
407 3559 565 3628 μόνον
595 3560 686 3611 τὸν
718 3559 1008 3630 ῥύποντοῦ
1043 3561 1312 3631 σώματος,
1357 3565 1418 3617 οὐ
1459 3566 1550 3617 τὸν
1584 3567 1751 3636 ρύτων

163 3648 270 3716 τῆς
297 3648 490 3718 ψυχῆς.
525 3650 680 3703 Μετὰ
705 3651 882 3712 τοῦτο,
917 3651 1085 3715 ἑστὼς
1113 3654 1497 3724 προσευχέσθω
1541 3658 1638 3728 τὴν
1667 3660 1754 3710 εύ-

163 3739 270 3809 χὴν
304 3740 368 3809 ἣν
397 3740 632 3804 ἐδίδαξεν
662 3745 810 3812 ἡμᾶς
847 3744 874 3794 6
922 3743 1124 3815 Κύριος
1163 3746 1297 3815 (59)·
1345 3747 1655 3814 ἀναγκαίως
1698 3750 1753 3802 δὲ

162 3829 259 3882 τὸν
289 3831 590 3884 ἀναστάντα
617 3833 693 3884 δεῖ
722 3834 943 3887 ἑστάναι
974 3837 1070 3888 καὶ
1108 3837 1528 3907 προσεύχεσθαι,
1560 3838 1648 3892 διά
1693 3840 1753 3892 τὸ

159 3921 260 3974 τὸν
318 3923 658 3995 ἐγειρόμενον
702 3926 881 3998 ὄρθιον
927 3926 1083 3982 εἶναι·
1134 3931 1228 3982 καὶ
1285 3932 1444 3994 αὐτὸς
1490 3928 1580 3984 οὖν
1633 3949 1754 3984 συν-

159 4015 454 4069 αποθανὼν
469 4017 546 4089 τῷ
569 4019 785 4089 Χριστῷ
797 4023 888 4074 καί
911 4022 1274 4093 συνεγερθεὶς,
1299 4023 1560 4092 στηκέτω.
1587 4025 1754 4094 Προσ-

159 4108 406 4178 ευχέσθω
426 4111 481 4162 δὲ
503 4113 642 4165 κατὰ
671 4113 929 4176 ἀνατολάς
1099 4117 1191 4168 καὶ
1221 4114 1329 4186 γὰρ
1362 4116 1455 4168 καὶ
1483 4115 1638 4168 τοῦτο
1656 4117 1749 4183 γέ-

160 4215 407 4270 γραπται
430 4203 486 4254 ὲν
501 4207 566 4274 τῇ
584 4205 811 4276 δευτέρᾳ.
838 4206 944 4259 τῶν
962 4206 1474 4276 Παραλειπομένων,
1498 4208 1580 4259 ὅτι
1613 4207 1749 4277 μετὰ

159 4292 226 4342 τὸ
250 4295 658 4365 συντελεσθῆναι
679 4297 770 4350 τὸν
791 4297 916 4350 ναὸν
939 4296 1031 4350 τοῦ
1051 4299 1254 4368 Κυρίου
1271 4297 1374 4351 ὑπὸ
1384 4297 1476 4351 τοῦ
1494 4298 1757 4368 βασιλέως

160 4384 526 4454 Σολομῶντος,
559 4389 615 4439 ὲν
645 4388 794 4458 αὐτῷ
820 4388 897 4458 τῷ
926 4389 1264 4460 ὲγκαινισμῷ
1291 4391 1339 4442 οί
1373 4391 1555 4461 ἱερεῖς,
1584 4393 1678 4442 καὶ
1705 4391 1753 4441 ot

165 4478 404 4542 Λευῖται,
437 4480 607 4532 καιὶοὶ
650 4481 940 4551 ψαλτῳδοὶ,
975 4481 1113 4552 μετὰ
1157 4481 1450 4552 κυμϐάλων
1480 4482 1575 4536 καὶ
1619 4481 1754 4550 ψαλ-

236 4616 282 4647 ⁷⁷
305 4617 376 4673 al.
395 4618 674 4689 ἀγένητος.
750 4618 796 4649 ’⁷⁸
823 4616 1012 4671 Matth.
1041 4633 1115 4682 VI,
1134 4615 1189 4670 9.

1857 2095 1994 2150 ritus
2021 2095 2219 2161 sancti,
2251 2095 2386 2150 linat
2411 2103 2713 2166 unguento,
2747 2110 2812 2150 ac
2839 2096 3004 2150 dicat:

2416 2274 2645 2330 CAPUT
2682 2274 2864 2329 XLIV.

2068 2365 2142 2422 De
2181 2382 2400 2438 mystico
2432 2377 2694 2438 unguento
2725 2369 2864 2422 actio
2894 2371 3212 2439 gratiarum.

1924 2455 2152 2514 Domine
2176 2458 2339 2523 Deus,
2366 2441 2466 2528 'qui
2497 2460 2772 2529 ingenitus
2806 2477 2889 2525 es.
2919 2469 2972 2515 et
3001 2462 3279 2516 dominUm
3319 2479 3427 2518 non

1857 2549 2046 2614 habes,
2079 2551 2196 2621 ipse
2241 2552 2485 2606 omnium
2531 2551 2824 2619 Dominus;
2857 2554 2948 2622 qui
2982 2555 3204 2609 odorem
3235 2557 3421 2626 cogni-

1855 2642 2023 2697 tionis
2043 2641 2317 2713 Evangelii
2348 2644 2402 2695 in
2435 2643 2690 2698 omnibus
2731 2646 2984 2714 gentibus
3028 2662 3247 2702 suavem
3291 2664 3424 2717 prae-

1857 2733 2022 2788 buisti
2056 2753 2070 2788 :
2103 2742 2159 2788 tu
2185 2744 2239 2789 et
2262 2750 2408 2788 nunc
2434 2742 2630 2803 praesta
2661 2743 2719 2789 ut
2748 2736 2850 2791 hoc
2874 2747 3208 2808 unguentum
3240 2741 3426 2795 etlicax

1858 2824 1951 2878 ﬁat
1977 2825 2031 2878 in
2069 2825 2375 2895 baptizato;
2411 2842 2518 2896 quo
2565 2827 2720 2880 ﬁrma
2760 2837 2812 2882 et
2854 2831 3067 2885 stabilis
3117 2842 3331 2886 maneat
3375 2835 3429 2888 in

1858 2916 1976 2986 ipso
2007 2917 2304 2986 fragrantia
2341 2918 2543 2973 Christi
2585 2919 2684 2983 tui,
2734 2923 2818 2974 cui
2878 2921 2995 2990 ipse
3032 2932 3426 2989 commortuus,

1856 3010 2260 3064 consuscitetnr
2291 3024 2353 3067 ac
2386 3010 2660 3065 convivat.
2699 3010 2824 3066 [iam
2864 3020 2917 3067 et
2945 3013 3028 3067 his
3066 3024 3427 3071 consentanea

1857 3100 2121 3172 proferat.
2161 3100 2298 3162 Nam
2341 3101 2457 3155 hac
2497 3110 2580 3156 est
2624 3109 2866 3172 potestas
2909 3105 3275 3175 impositionis
3313 3121 3430 3160 ma-

1857 3208 2026 3246 nuum
2059 3193 2355 3262 unicuique
2379 3192 2536 3247 facta:
2563 3213 2574 3246 :
2607 3194 2712 3248 nisi
2741 3196 2884 3249 enim
2918 3197 2972 3249 in
3006 3200 3430 3268 unumquodque

1856 3299 2045 3338 eorum
2071 3285 2198 3338 talis
2228 3285 2494 3355 quaepiam
2527 3286 2800 3341 invocatio
2831 3303 2860 3340 a
2895 3289 2984 3358 pio
3014 3291 3295 3344 sacerdote
3326 3291 3428 3346 ad-

1856 3375 2140 3437 hibeatur,
2175 3377 2267 3454 qui
2297 3377 2624 3446 baptizatur,
2652 3379 2705 3431 in
2741 3395 2934 3448 aquam
2967 3388 3173 3434 tantum
3203 3383 3420 3439 descen-

1853 3465 1954 3530 dit,
1979 3477 2036 3521 ut
2063 3466 2258 3530 Judazi,
2283 3477 2336 3522 et
2361 3470 2607 3538 corporis
2634 3477 2843 3523 tantum
2877 3472 3088 3534 sordes,
3117 3489 3220 3527 non
3245 3484 3428 3531 autem

1854 3557 2052 3612 animae
2091 3558 2334 3628 deperiit.
2367 3559 2497 3615 Post
2540 3562 2671 3624 hoc,
2706 3569 2859 3618 stans
2908 3563 3056 3617 dicat
3099 3564 3424 3630 orationem,

1855 3664 2016 3718 quam
2048 3649 2234 3704 docuit
2265 3666 2364 3706 nos
2397 3651 2661 3708 Dominus
2689 3654 2735 3683 ⁷⁸
2771 3673 2783 3708 :
2819 3655 3048 3718 scilicet,
3093 3656 3188 3725 qui
3236 3672 3417 3712 resur-

1853 3741 2015 3805 rexit,
2059 3742 2371 3796 necessario
2415 3742 2576 3797 debet
2631 3753 2776 3798 stare
2826 3759 2889 3798 ac
2941 3761 3117 3811 orare,
3166 3749 3422 3816 quoniam

1856 3833 1948 3902 qui
1993 3833 2258 3904 exsurgit,
2294 3842 2512 3889 erectus
2553 3843 2637 3890 est
2667 3855 2678 3890 :
2717 3846 2770 3890 et
2806 3837 2923 3907 ipse
2966 3839 3153 3908 igitur,
3189 3841 3280 3909 qui
3317 3857 3424 3895 una

1854 3939 1977 3976 cum
2009 3923 2228 3980 Christo
2276 3932 2524 3982 mortuus
2554 3935 2638 3982 est
2680 3943 2744 3982 ac
2788 3933 3109 3995 resurrexit,
3139 3940 3262 3988 stet.
3293 3931 3425 3989 Pre-

1855 4026 2008 4070 cetur
2035 4033 2164 4072 vero
2190 4017 2258 4070 ad
2305 4020 2569 4074 orientem
2599 4040 2611 4074 :
2644 4021 2843 4075 etenim
2884 4023 2985 4076 hoc
3033 4039 3247 4094 quoque
3286 4005 3428 4081 scri-

1855 4116 2005 4177 ptum
2038 4117 2122 4164 est
2163 4109 2217 4163 in
2256 4110 2498 4165 secundo
2537 4110 3020 4182 Paralipomenon.
3061 4118 3227 4187 quod,
3274 4127 3424 4188 post-

1852 4217 2014 4270 quam
2045 4203 2304 4272 templum
2338 4202 2552 4257 Domini
2593 4220 2621 4258 a
2668 4221 2793 4276 rege
2836 4206 3124 4264 Salomone
3163 4225 3420 4266 consum—

1851 4303 2056 4349 matum
2109 4294 2231 4361 fuit,
2293 4295 2351 4350 in
2406 4296 2523 4366 ipsa
2575 4297 2918 4354 dedicatione
2969 4303 3320 4371 sacerdotes,
3366 4312 3422 4358 et

1850 4383 2046 4449 levita,
2079 4392 2135 4442 et
2163 4394 2439 4454 cantores,
2475 4404 2597 4444 cum
2631 4390 2895 4460 cymbalis
2918 4400 2971 4446 et
3005 4394 3278 4462 psalteriis
3314 4405 3422 4450 ste-

1852 4485 2036 4532 terunt
2064 4477 2132 4532 ad
2169 4482 2458 4547 orientem,
2505 4481 2811 4544 laudantes.
2863 4496 2918 4538 et
2967 4486 3309 4554 conﬁtentes,
3354 4502 3421 4555 ae

1465 4726 1826 4782 VARIORUM
1860 4727 2090 4784 ΝΟΤΕ.

369 4843 544 4917 ,Τᾴτῶ
577 4840 724 4894 Alter
751 4838 874 4894 cod.
912 4837 1146 4893 Vindob.
1177 4839 1340 4901 habet
1373 4841 1449 4909 τῷ
1479 4840 1557 4905 δέ,
1584 4843 1728 4909 quod

1854 4841 1995 4911 ἡμῶν
2025 4845 2052 4895 6
2085 4843 2143 4917 έν
2182 4848 2604 4917 τοῖςίούρανοῖς,
2639 4854 2770 4909 etc.,
2805 4848 2896 4902 ubi

155 4913 376 4968 melius;
408 4912 574 4964 CLI-1n.

235 4982 318 5054 (34
385 4981 474 5033 Δὲ.
515 4980 608 5034 Est
632 4978 685 5034 in
719 4981 890 5033 altero
921 4978 1084 5033 Vind.
1119 4979 1179 5031 τέ
1208 4981 1405 5034 melius
1456 4978 1534 5034 lo.

235 4983 344 5122 (35)
380 5051 492 5104 Καὶ
523 5051 1017 5122 συναποθανόντα
1047 5050 1251 5122 αὐτόν,
1275 5060 1389 5122 εις,
1412 5049 1534 5104 Recl

233 5052 344 5122 (35)
380 5052 492 5104 Καὶ
523 5052 1017 5103 συναποθανόντα
1047 5052 1251 5111 αὐτόν,
1275 5060 1378 5104 etc.
1413 5052 1581 5104 Recte
1608 5065 1733 5104 cum

150 5121 269 5176 isto
304 5123 421 5174 loco
453 5120 752 5189 conjunges
775 5121 1278 5190 interpretationem
1303 5119 1644 5176 Balsamonis
1666 5119 1733 5173 ad

147 5206 424 5247 canonem
458 5188 823 5244 Laodicenum
853 5188 942 5244 48⁷.
978 5188 1114 5247 Cor.

232 5260 344 5340 (36)
397 5261 536 5314 Ἐὰν
807 5263 903 5340 εἰς¹
925 5260 1204 5340 exactor,
1237 5266 1354 5340 etc._
1376 5258 1641 5340 Loquitur
1664 5261 1732 5340 de

1854 5265 1987 5340 ’._i_atis
2008 5281 2119 5340 non
2161 5265 2361 5340 licebat
2407 5287 2421 5322 :

146 5329 486 5400 baptismate
518 5329 797 5384 ordinario
838 5329 1180 5394 adulterum;
1213 5329 1356 5400 quod
1399 5329 1504 5384 nisi
1545 5331 1736 5384 sedulo

147 5418 224 5456 ac
253 5402 355 5456 rite
374 5402 531 5469 juxta
560 5407 727 5453 totam
761 5400 1138 5454 caeremoniam
1171 5399 1417 5452 tradatur
1457 5415 1488 5452 a
1527 5400 1616 5468 pio
1647 5415 1735 5455 sa-

145 5472 400 5537 cerdote,
429 5479 483 5525 et
515 5470 849 5540 suscipiatur
877 5485 904 5522 a
951 5471 1039 5540 pio
1083 5470 1496 5540 catechumeno,
1540 5470 1734 5540 animae

145 5486 400 5537 ceracte,
429 5486 483 5525 et
515 5486 660 5524 suscn
707 5486 849 5523 Iatur
877 5486 904 5522 a
951 5486 1039 5540 pio
1083 5486 1496 5531 catecnumeno,
1540 5486 1730 5523 animae

145 5541 350 5598 sordes
379 5556 487 5595 non
509 5486 749 5609 depellit,
783 5556 880 5593 nec
912 5555 1070 5594 suum
1101 5541 1309 5594 obtinet
1336 5539 1607 5609 eﬂectum.
1656 5539 1730 5593 In.

253 5612 339 5679 37)
375 5607 562 5679 Παρά.
584 5607 749 5679 Ἀιιοι·
779 5609 1012 5664 Vindob.
1046 5609 1207 5663 habet
1237 5610 1327 5662 hic
1351 5609 1476 5662 ὑπό.
1510 5608 1677 5663 Casa.

250 5678 337 5738 38)
390 5678 677 5738 Ἰουδαῖοι.
708 5678 929 5735 Rectius
959 5679 1014 5733 in
1041 5679 1231 5733 eodem
1258 5681 1306 5732 οἱ
1336 5679 1595 5732 Ἰουδαῖοι.
1622 5680 1694 5733 lo.

252 5748 338 5816 '59)
373 5751 534 5805 Μετὰ
563 5750 736 5806 τοῦτο
768 5750 974 5816 ἑστώς,
1005 5758 1109 5804 etc.
1138 5748 1376 5804 Joannes
1399 5750 1730 5816 Chrysosto-

145 5808 485 5883 nuisfbom.
515 5820 548 5874 6
578 5821 632 5874 in
661 5808 1052 5887 Epistolan't'ad
1094 5818 1426 5874 Colossenses
1453 5835 1471 5870 :
1515 5808 1733 5882 Ἐὐθέως

144 5890 266 5962 γάρ
310 5892 565 5958 ἀνελθὼν,
612 5891 782 5944 ταῦτα
830 5891 1122 5960 φθέγγεται
1170 5891 1236 5942 τά
1272 5892 1507 5961 ῥήματα·
1557 5889 1741 5962 Πάτερ

319 5612 339 5822 ἰ

1843 4849 1995 4911 ἡμῶν
2025 4849 2052 4895 6
2085 4849 2143 4894 ὲν
2182 4850 2294 4908 τοῖς
2339 4849 2604 4917 οὐρανοῖς,
2639 4854 2770 4909 etc.,
2805 4849 2896 4902 ubi
2958 4849 3084 4918 (hoc
3131 4857 3189 4904 ut
3237 4853 3416 4910 obiter

1843 4910 2117 4994 Ilioneam)
2143 4986 2157 4994 _
2181 4916 2326 4994 quod
2384 4918 2672 4994 seqliitur_:_
2692 4918 2805 4969 Οὐκ
2850 4919 2936 4994 ἐπ’
2990 4919 3110 4988 ὄψιν
3143 4921 3329 4975 πίπτει
3356 4925 3413 4977 τὲ

1843 4983 2072 5060 παίδίον,
2099 4983 2163 5037 οὐ
2194 4983 2347 5050 ξύλον
2372 4983 2532 5060 δρᾷς,
2567 4987 2685 5040 οὐδὲ
2721 4989 2920 5060 πηγήν,
2965 4983 3283 5060 corruptum
3333 4994 3417 5046 vi-

380 5051 492 5104 Καὶ
523 5051 1017 5130 σγναποθανόντα
1047 5050 1251 5130 αψτόν,
1275 5060 1392 5130 etc._
1412 5049 1581 5104 Recte
1598 5065 1735 5130 cum

1854 5054 2024 5130 ﬂetur,
2051 5049 2627 5130 atquecorriglehdum
2651 5049 2941 5130 scribendo
2971 5049 3171 5126 πεδίον,
3195 5063 3321 5130 quia
3347 5064 3413 5118 ad

1839 5125 2151 5247 paradisum
2182 5127 2375 5208 alludit
2407 5128 2463 5181 S.
2505 5127 2714 5208 doctor.
2752 5126 2813 5181 Et
2843 5143 2971 5183 vero
3003 5130 3138 5186 solis
3160 5125 3414 5215 ﬁdelibus

1862 5195 2039 5248 lcebat
2067 5203 2369 5248 orationem
2393 5197 2727 5248 Dominicam
2755 5198 3016 5248 proferre.
3038 5201 3278 5248 nondum
3310 5221 3414 5248 mi-

1914 5195 2039 5248 ebat
2067 5199 2369 5266 orationem
2393 5197 2727 5252 Dominicam
2755 5198 3016 5266 proferre,
3038 5201 3278 5256 nondum
3310 5204 3416 5257 ini-

2475 5275 2533 5320 ut
2576 5275 2788 5342 essene
2830 5267 2988 5342 docet
3031 5269 3413 5342 Theodoritus,

1845 5332 1996 5410 ger.
2025 5334 2279 5410 fab.,_lib
2305 5352 2364 5410 v._
2410 5352 2529 5410 cap.
2575 5337 2669 5410 28,
2705 5345 2824 5406 post
2861 5338 3311 5410 Chrysostomum
3343 5332 3411 5399 ad

1842 5401 2032 5477 blatth.
2062 5420 2134 5469 vn,
2157 5405 2245 5469 12,
2276 5415 2330 5459 et
2353 5401 2539 5460 homil.
2571 5406 2626 5469 ἓ,
2658 5401 2720 5461 ini
2738 5401 3088 5477 posteriorem
3121 5411 3186 5464 ad
3216 5411 3412 5468 Corin-

1844 5473 2012 5548 thios,
2063 5477 2551 5548 utquecolligitur
2581 5493 2646 5531 ex
2697 5473 2987 5548 Augustini
3040 5483 3408 5539 sermonibus.

1844 5541 2167 5614 Quanquam
2204 5545 2256 5599 id
2285 5541 2550 5601 orationis
2582 5541 2865 5601 recitatum
2899 5547 3069 5605 fuisse
3095 5566 3122 5602 a
3156 5554 3411 5608 catechu-

1843 5613 2020 5736 {plenis
2046 5616 2210 5739 paulo
2240 5626 2365 5670 ante
2388 5617 2741 5685 baptismum,
2769 5617 2996 5687 legimus
3013 5621 3079 5673 .in
3103 5619 3408 5680 Ritualibus

1865 5700 2015 5739 Ul'ls.
2092 5701 2162 5739 or

1865 5700 2015 5739 ποι-ιε.
2046 5700 2162 5739 ιλοτ

1905 5748 2019 5825 (to)
2051 5756 2213 5807 Κατὰ
2246 5755 2563 5825 ἀνατολάς.
2601 5754 2676 5810 Ita
2718 5756 2774 5810 iu
2817 5770 2919 5810 ms.
2946 5753 3336 5823 Alexandrino,
3368 5755 3413 5812 tl

1842 5824 2076 5895 Paralip.
2112 5841 2166 5890 γ,
2201 5824 2288 5880 l2.
2323 5827 2400 5880 In.
