4070 6330
139 362 277 418 ωϐί

444 489 880 575 ΒΙΒΛΙΟΝ
936 486 1415 574 ΟΓΔΟΟΝ.

1048 358 1650 419 εοιιετιτυτιοινεε
1682 355 2154 414 Αιδοετοιιοδεῑ.
2173 385 2261 417 .-
2294 353 2422 409 LIB.
2461 349 2593 406 Vill.

1747 485 1794 540 Α
2112 487 2474 576 LIBER
2551 479 3133 574 OCTAVUS.

3266 343 3408 402 £063

124 631 325 684 ΠΕΡΙ
343 629 834 690 ΧΑΡΙΣΜΑΤΩΝ,
869 629 1004 680 ΚΑΙ
1031 625 1546 689 ΧΕΙΡΟΤΟΝῙΩΝ,
1588 625 1712 678 ΚΑΙ

1824 627 1926 684 DE
1939 620 2577 685 cmmsuumvs,
2604 617 2700 674 ET
2718 613 3402 690 οιιυῃνῃιοινηῖυδ,

404 701 754 754 ΚΑΝΟΝΩΝ
774 699 1210 752 ΕΚΚΑΗΣΙΑΣ
1219 697 1452 749 ΤΙΚΩΝ.

682 925 1078 979 ΚΕΦΑΛΑΙΟΝ
1107 926 1184 980 A'.

1995 697 2090 754 ET
2115 690 2722 751 ECCLESIASTICIS
2761 686 3221 745 CANONIBUS.

2570 835 2640 847 .-

2325 919 2556 976 CAPUT
2605 917 2898 974 PRIMUM.

127 1021 327 1080 Tim
368 1019 543 1088 χάριν
583 1017 696 1090 (71)
739 1017 1150 1090 ἐπιτελοῦνται
1193 1018 1253 1068 αἱ
1292 1015 1413 1068 τῶν
1453 1013 1712 1083 σημείων

1823 1019 2004 1086 Quare
2057 1027 2106 1072 et
2134 1026 2346 1086 propter
2377 1029 2632 1090 quosnam
2662 1012 2889 1065 edantur
2937 1012 3088 1081 signa
3133 1019 3182 1064 et
3231 1011 3400 1064 mira-

770 1086 1074 1155 δυνάμεις.

201 1180 315 1235 Τοῦ
336 1179 470 1235 Θεοῦ
508 1181 602 1234 καὶ
632 1180 886 1250 Σωτῆρος
928 1176 1086 1249 ἡμῶν
1146 1175 1320 1247 Ἰησοῦ
1360 1175 1598 1247 Χριστοῦ
1653 1175 1714 1228 τὸ

124 1275 283 1344 μέγα
313 1273 413 1342 τῆς
440 1271 724 1336 εὐσεϐείας
762 1273 900 1342 ἡμῖν
943 1270 1332 1342 παραδιδόντος
1391 1271 1710 1341 μυστήριον,

120 1367 226 1419 καὶ
257 1365 743 1438 προσκαλουμένου
786 1363 1073 1426 Ἰουδαίους
1117 1380 1175 1414 τε
1209 1365 1302 1415 καὶ
1336 1362 1603 1433 Ἕλληνας
1633 1365 1713 1426 είς

117 1460 429 1528 ἐπίγνωσιν
461 1456 554 1510 τοῦ
585 1457 702 1519 ἐνὸς
734 1457 827 1510 καὶ
863 1455 1024 1526 μόνου
1056 1454 1310 1526 ἀληθινοῦ
1329 1454 1465 1507 Θεοῦ
1497 1455 1711 1526 Πατρὸς

117 1552 299 1605 αὑτοῦ
329 1551 440 1621 (72)
461 1591 475 1613 ,
505 1550 687 1614 καθὼς
715 1550 877 1614 αὑτός
908 1551 1012 1602 πού
1043 1567 1207 1620 φησιν
1248 1547 1584 1618 εὐχαριστῶν
1615 1549 1709 1600 ἐπὶ

115 1647 194 1713 τῇ
217 1644 464 1714 σωτηρία
488 1641 597 1694 τῶν
623 1642 1045 1696 πιστευσάντων·
1084 1661 1101 1692 ι
1143 1641 1498 1712 Ἐφανέρωσά
1526 1657 1619 1693 σου
1647 1641 1710 1692 τὸ

114 1734 300 1804 ὖνομα
329 1737 440 1797 τοῖς
465 1733 788 1806 ἀνθρώποις,
823 1734 883 1786 τὸ
908 1733 1068 1805 ἔργον
1095 1733 1124 1786 ὃ
1180 1732 1384 1794 ἔδωκάς
1445 1749 1557 1802 μοι,
1591 1733 1709 1783 ἐτε-

2526 1085 2668 1136 cula.

1886 1182 2024 1239 Cum
2074 1179 2218 1235 Deus
2290 1186 2347 1234 et
2401 1177 2650 1232 Salvator
2697 1183 2883 1231 noster
2933 1173 3093 1228 Jesus
3137 1173 3396 1226 Christus

1813 1288 2070 1344 magnum
2104 1270 2322 1342 pietatis
2355 1275 2760 1326 sacramentum
2792 1266 2950 1320 nobis
2984 1265 3182 1326 tradat,
3215 1271 3268 1318 et
3297 1262 3395 1316 Ju-

1811 1367 1959 1420 dxos
1993 1365 2336 1436 gentilesque
2389 1364 2580 1417 invitet
2617 1361 2684 1415 ad
2739 1359 3071 1430 agnitionem
3133 1357 3297 1412 unius
3329 1371 3395 1411 ac

1813 1457 1984 1512 solius
2014 1457 2129 1511 veri
2156 1455 2251 1511 Dei
2300 1455 2480 1510 Patris
2509 1454 2594 1510 sui
2628 1452 2672 1483 "
2707 1469 2722 1519 ;
2760 1448 3216 1521 quemadmodum
3274 1448 3394 1517 ipse

1811 1550 2033 1612 alicubi,
2078 1547 2283 1619 gratias
2318 1547 2383 1602 de
2414 1547 2590 1601 salute
2643 1543 2984 1598 credentium
3045 1554 3232 1610 agens,
3265 1539 3342 1591 ait
3373 1554 3390 1591 :

1816 1661 1833 1691 ι
1863 1641 2202 1696 Manifestavi
2237 1655 2436 1694 nomen
2481 1647 2633 1692 tuum
2674 1637 3026 1700 hominibus;
3067 1647 3205 1702 Opus
3243 1630 3392 1700 quod

1809 1733 2004 1788 dedisti
2043 1732 2198 1797 mihi,
2239 1729 2616 1788 consummavi
2662 1731 2728 1796 ";
2763 1749 2782 1782 ι
2829 1741 3064 1796 cumque
3110 1724 3177 1778 de
3228 1722 3390 1780 nobis

114 1825 345 1877 λείωσα·
373 1844 391 1876 ι
426 1826 520 1878 καὶ
551 1827 679 1896 περὶ
721 1824 878 1896 ἡμῶν
907 1824 1158 1893 λέγοντος
1204 1823 1284 1894 τῷ
1317 1822 1508 1894 Πατρί·
1549 1842 1566 1872 ι
1594 1823 1705 1876 Πά-

1808 1826 1954 1878 dicat
1987 1823 2131 1878 Patri
2159 1843 2171 1878 :
2197 1841 2216 1874 ι
2243 1822 2406 1878 Pater
2435 1830 2626 1878 sancte
2646 1863 2660 1886 ,
2694 1820 2799 1877 etsi
2823 1819 3060 1874 mundus
3087 1825 3140 1871 te
3166 1830 3274 1869 non
3294 1829 3390 1869 co-

111 1935 222 1990 τερ
242 1919 390 1986 άγιε,
419 1920 468 1971 εί
496 1919 634 1970 καὶὸ
663 1918 867 1988 κόσμος
911 1934 970 1969 σε
1014 1918 1114 1969 οὐκ
1160 1915 1320 1984 ἔγνω,
1353 1914 1466 1968 ἀλλ’
1500 1914 1611 1980 ἐγώ
1644 1932 1701 1967 σε

113 2012 318 2079 ἔγνων,
347 2013 438 2063 καὶ
456 2004 602 2063 οὗτοί
634 2026 694 2063 σε
739 2007 984 2077 ἔγνωσαν
1017 2010 1182 2079 (75)·›
1235 2008 1482 2071 εἰκότως,
1527 2007 1602 2070 ὡς
1635 2007 1700 2060 ἂν

110 2103 554 2173 τετελειωμένων
583 2100 760 2171 ἡμῶν,
792 2102 924 2172 φησὶ
955 2102 1120 2153 πᾶσιν
1158 2100 1297 2170 ἃμα,
1333 2100 1461 2170 περὶ
1489 2099 1595 2151 τῶν
1640 2098 1700 2162 ἐξ

110 2192 408 2246 αὐτοῦ-διά
452 2192 548 2244 τοῦ
596 2192 913 2262 Πνεύματος
976 2191 1264 2262 διδομένων
1323 2191 1694 2262 χαρισμάτων·

115 2304 137 2336 ι
153 2286 368 2356 Σημεῖα
395 2284 451 2338 δὲ
467 2288 578 2347 τοῖς
607 2284 980 2345 πιστεύσασιν,
1011 2283 1182 2335 ταῦτα
1203 2283 1693 2353 παρακολουθήσει·

109 2376 175 2428 ἐν
220 2375 303 2445 τῷ
345 2375 568 2446 ὀνόματί
629 2392 730 2445 μου
766 2375 1015 2445 δαιμόνια
1071 2374 1378 2428 ἐκϐαλοῦσι·
1427 2373 1698 2441 γλώσσαις

110 2469 330 2528 καιναῖς
348 2466 688 2537 λαλήσουσιν·
751 2467 902 2535 ὄφεις
936 2465 1148 2536 άροῦσι·
1183 2466 1285 2518 κᾶν
1319 2465 1615 2536 θανάσιμόν
1643 2484 1696 2518 τι

109 2559 339 2620 πίωσιν,
368 2561 428 2611 οὐ
462 2559 536 2629 μὴ
557 2560 754 2621 αὐτοὺς
785 2557 992 2628 βλάψει·
1033 2560 1126 2610 ἐπὶ
1162 2556 1480 2629 ἀρρώστους
1507 2562 1696 2629 χεῖρας

109 2651 463 2720 ἐπιθήσουσι,
488 2652 580 2703 καὶ
609 2631 1006 2714 καλῶς-ἕξουσι.
1035 2669 1052 2700 ι
1073 2650 1289 2703 Τούτων
1306 2649 1412 2701 τῶν
1433 2651 1696 2720 χαρισμά-

107 2761 224 2796 των
253 2743 516 2814 πρότερον
542 2743 638 2812 μὲν
657 2745 690 2812 ἡ
701 2744 790 2812 μιν
807 2742 1066 2794 δοθέντων
1084 2743 1194 2804 τοῖς
1211 2741 1547 2808 ἀποστόλοις,
1576 2741 1696 2812 μέλ-

106 2832 268 2886 λουσι
295 2833 357 2885 τὸ
377 2830 704 2902 Εὑαγγέλιον
751 2831 1134 2900 καταγγέλλειν
1176 2831 1326 2904 πάσῃ
1373 2835 1438 2902 τῇ
1499 2833 1688 2885 κτίσει·

109 2925 305 2978 ἔπειτα
332 2926 388 2978 δὲ
422 2929 532 2988 τοῖς
587 2926 652 2978 δι’
692 2925 849 2996 ἡμῶν
884 2924 1230 2977 πιστεύσασιν
1253 2925 1565 2992 ἀναγκαίως
1603 2943 1693 2995 χο-

111 3017 489 3088 ρηγουμένων·
530 3019 630 3070 οὐκ
646 3019 724 3080 είς
748 3017 848 3088 τὴν
879 3009 984 3069 τῶν
1001 3016 1364 3090 ἐνεργούντων
1384 3016 1651 3086 ὠφέλειαν
1675 3057 1689 3079 ,

107 3107 227 3160 ἀλλ’
263 3110 341 3171 είς
357 3109 454 3180 τὴν
481 3109 588 3162 τῶν
620 3109 863 3162 ἀπίστων
897 3108 1312 3176 συγκατάθεσιν,
1353 3108 1441 3160 ἵνα
1468 3107 1560 3170 οὓς
1593 3108 1691 3161 οὐκ

1805 1916 1993 1987 movit
2019 1935 2034 1984 ;
2068 1925 2123 1970 at
2148 1933 2248 1987 ego
2274 1924 2328 1971 te
2349 1916 2602 1987 cognovi,
2624 1922 2676 1970 et
2699 1915 2752 1968 hi
2773 1923 2825 1968 te
2849 1915 3226 1979 cognoverunt
3247 1908 3296 1938 "
3317 1924 3336 1975 ;
3357 1925 3380 1960 ι

1806 2009 1996 2062 merito
2045 2009 2304 2064 omnibus
2367 2008 2554 2073 simul,
2623 2013 2810 2077 utpote
2871 2004 2967 2075 qui
3023 2005 3197 2070 simus
3249 2017 3384 2057 con-

1803 2102 2077 2166 summati,
2109 2102 2186 2154 ait
2216 2101 2282 2156 de
2320 2101 2768 2163 charismatibus,
2807 2115 2927 2170 qua:
2958 2098 3074 2169 ipse
3123 2113 3220 2166 per
3258 2093 3387 2167 Spi-

1801 2195 1963 2246 ritum
2025 2192 2174 2246 dedit
2226 2211 2239 2246 :
2292 2210 2312 2244 ι
2367 2191 2533 2262 Signa
2601 2199 2782 2247 autem
2834 2207 2930 2247 eos
2975 2191 3068 2260 qui
3126 2191 3381 2246 credide-

1801 2285 1932 2348 rint,
1997 2284 2110 2339 haec
2167 2284 2599 2355 sequenturzln
2654 2284 2874 2338 nomine
2931 2299 3051 2337 meo
3111 2283 3380 2341 dmmonia

1798 2375 2052 2444 ejicient;
2085 2376 2285 2447 linguis
2303 2377 2462 2431 novis
2491 2378 2781 2446 loquentur
2805 2394 2819 2443 ;
2849 2383 3127 2445 serpentes
3151 2375 3376 2442 tollent;

1797 2474 1851 2519 et
1879 2468 1926 2522 si
1949 2468 2292 2522 mortiferum
2339 2467 2472 2538 quid
2504 2469 2765 2530 biberint,
2813 2484 2920 2522 non
2963 2468 3047 2522 eis
3111 2467 3370 2531 nocebit;

1793 2569 1957 2624 super
1976 2571 2151 2628 aegros
2173 2573 2370 2614 manus
2392 2559 2696 2630 imponent,
2719 2568 2774 2616 et
2793 2561 2930 2617 bene
2951 2563 3227 2619 habebunt
3245 2560 3310 2612 οδ.
3342 2576 3361 2607 ι

1794 2645 1928 2712 Quae
1949 2649 2278 2704 charismata
2296 2665 2404 2716 seu
2433 2650 2580 2708 dona
2607 2652 2762 2723 prius
2791 2654 3008 2722 quidem
3048 2655 3208 2707 nobis
3233 2664 3369 2720 apo-

1796 2739 1952 2793 stolis
1996 2737 2195 2792 tradita
2235 2749 2381 2802 sunt,
2411 2742 2503 2810 qui
2530 2741 2677 2794 omni
2714 2748 2982 2794 creatura:
3015 2740 3366 2809 prmdicaturi

1795 2847 2016 2887 eramus
2061 2831 2454 2902 Evangelium;
2496 2843 2681 2902 postea
2723 2837 2864 2885 νει-ο·
2923 2831 3239 2885 necessario
3279 2830 3373 2893 iis,

1794 2926 1885 2992 qui
1927 2939 2023 2994 per
2052 2939 2154 2978 nos
2186 2923 2564 2985 crediderunt,
2597 2923 2950 2992 praebentur;
2983 2938 3093 2977 non
3121 2922 3188 2976 ad
3221 2922 3374 2976 utili-

1794 3026 1958 3071 tatem
1991 3032 2055 3071 ea
2088 3016 2452 3086 operantium,
2489 3015 2583 3070 sed
2641 3015 2708 3068 ad
2744 3014 3045 3068 inﬁdelium
3091 3015 3374 3068 assensio-

1794 3124 1915 3164 nem
1944 3127 1957 3174 ;
1985 3117 2044 3162 ut
2073 3109 2272 3177 quibus
2287 3122 2402 3164 ,non
2430 3107 2703 3176 persuasit
2736 3121 2938 3166 sermo,
2966 3107 3065 3160 hos
3095 3107 3271 3160 virtus
3295 3104 3372 3161 si-

106 3198 329 3252 ιπεισεν
343 3201 372 3252 ό
398 3200 572 3267 λόγος,
601 3200 820 3262 τούτους
838 3203 871 3270 ἠ
907 3200 1013 3252 τῶν
1043 3200 1279 3270 σημείων
1297 3199 1591 3272 δυσωπήσῃ
1604 3199 1695 3252 δύ-

1794 3215 2024 3271 gnorum
2053 3200 2234 3255 ﬂectat
2258 3215 2322 3254 ac
2346 3199 2555 3268 pudore
2586 3197 2801 3251 alliciat.
2857 3195 3022 3266 Signa
3075 3197 3221 3250 enim
3259 3211 3370 3249 non

109 3308 293 3361 ναμις·
327 3291 394 3344 τά
421 3292 529 3362 γὰρ
557 3295 755 3363 σημεῖα
782 3292 842 3344 οὐ
866 3295 978 3354 τοῖς
1007 3295 1215 3352 πιστοῖς
1235 3293 1391 3362 ἡμῖν,
1411 3289 1545 3343 ἀλλά
1575 3293 1688 3348 τοῖς

107 3382 383 3445 ἀπίστοις,
431 3383 694 3435 Ἰουδαίων
735 3399 794 3434 τε
825 3384 917 3435 καὶ
946 3455 948 3458 ν
975 3381 1258 3452 Ἑλλήνων·
1305 3380 1427 3433 οὕτε
1461 3380 1571 3452 γὰρ
1628 3383 1690 3434 τὸ

108 3473 370 3544 δαίμονας
401 3475 677 3527 ἐκϐάλλειν
708 3477 975 3545 ἡμέτερον
1005 3473 1211 3544 κέρδος,
1244 3472 1378 3525 ἀλλὰ
1402 3473 1507 3526 τῶν
1545 3475 1690 3544 ἐνερ-

109 3565 239 3635 γείᾳ
271 3566 474 3636 Κυρίου
506 3566 936 3637 καθαιρομένων·
985 3565 1166 3628 καθὼς
1199 3565 1360 3629 αὑτός
1413 3583 1515 3618 που
1556 3582 1684 3618 παι-

108 3655 282 3710 δεύων
305 3659 451 3728 ἡμᾶς
491 3659 520 3710 ὁ
562 3658 762 3729 Κύριος
802 3658 1036 3710 δείκνυσι
1068 3657 1258 3726 λέγων·
1297 3677 1315 3709 ι
1356 3658 1446 3728 Μὴ
1467 3659 1684 3729 χαίρετε

109 3747 195 3800 δτι
226 3748 294 3801 τά
324 3750 606 3820 πνεύματα
659 3751 788 3820 ὑμῖν
816 3749 1168 3812 ὑπακούεται,
1202 3751 1336 3804 ἀλλὰ
1367 3751 1584 3823 χαίρετε
1604 3754 1685 3806 ὅτι

109 3841 179 3894 τὰ
210 3841 445 3912 ὀνόματα
473 3842 625 3912 ὑμῶν
663 3842 977 3912 γέγραπται
1004 3844 1063 3894 ἐν
1095 3834 1172 3912 τῷ
1201 3842 1467 3914 οὐρανῷ-ι
1499 3843 1685 3916 ἐπειδὴ

110 3933 172 3985 τὸ
207 3935 303 4003 μὲν
337 3934 499 3986 αὐτοῦ
531 3934 752 4004 δυνάμει
783 3934 1011 4001 γίνεται,
1044 3934 1105 3986 τὸ
1137 3935 1192 3986 δὲ
1219 3935 1468 4006 ἡμετέρᾳ
1501 3937 1701 4007 εὐνοίᾳ.

109 4025 205 4076 καὶ
236 4026 458 4094 σπουδῇ,
491 4025 644 4096 δῆλον
676 4027 754 4077 ὃτι
801 4025 1181 4095 βοηθουμένοις
1235 4026 1324 4077 ὑπ’
1351 4026 1536 4079 αὑτοῦ.
1570 4028 1682 4080 Οὐκ

111 4115 420 4181 ἐπάναγκες
448 4112 540 4169 οὖν
575 4116 750 4168 πάντα
787 4117 975 4167 πιστὸν
1007 4116 1266 4184 δαίμονας
1312 4116 1612 4179 ἐκϐάλλειν,
1647 4119 1678 4188 ἢ

108 4208 334 4276 νεκροὺς
365 4208 606 4277 άνιστᾷν,
638 4207 669 4275 ἢ
699 4206 968 4274 γλώσσαις
995 4206 1190 4259 λαλεῖν·
1218 4207 1352 4260 ἀλλὰ
1397 4208 1488 4259 τὸν
1519 4207 1680 4272 ἀξιω-

108 4296 268 4349 θέντα
299 4299 637 4368 χαρίσματος
669 4300 759 4350 ὲπί
789 4316 892 4350 τινι
919 4299 1074 4368 αίτίᾳ
1107 4298 1372 4371 χρησίμῃ,
1401 4301 1479 4362 είς
1509 4317 1682 4370 σωτη-

108 4390 231 4460 ρίαν
258 4390 363 4442 τῶν
383 4392 644 4452 ἀπίστων,
669 4390 1093 4460 δυσωπουμένων
1122 4391 1376 4454 πολλάκις
1397 4393 1457 4443 οὑ
1487 4395 1550 4462 τῇ
1569 4393 1680 4462 (74)

106 4480 216 4533 τῶν
245 4481 414 4549 λόγων
437 4482 726 4546 ἀποδείξει,
748 4482 879 4534 ἀλλὰ
905 4486 970 4552 τῇ
1001 4483 1106 4534 τῶν
1138 4484 1378 4553 σημείων
1407 4486 1676 4556 ἐνεργείᾳ,

1795 3291 1953 3347 nobis
1986 3292 2234 3348 ﬁdelibus
2280 3293 2538 3354 eduntur,
2575 3289 2669 3345 sed
2713 3289 3041 3353 inﬁdelibus,
3097 3303 3221 3342 cum
3276 3288 3373 3341 Juo

1791 3383 2054 3448 deorum,
2107 3392 2221 3438 tum
2253 3382 2584 3437 Graecorum.
2654 3380 2841 3451 Neque
2891 3383 3034 3435 enim
3095 3380 3371 3435 dmmones

1789 3475 1987 3544 ejicere
2019 3483 2265 3530 nostrum
2297 3475 2725 3530 emolumentum
2747 3481 2852 3540 est,
2895 3473 2990 3528 sed
3031 3488 3221 3527 eorum
3274 3474 3369 3542 qui

1790 3581 1886 3634 per
1938 3566 2152 3620 Domini
2200 3569 2576 3635 operationem
2658 3576 3011 3635 purgantur;
3062 3566 3206 3618 sicut
3253 3565 3370 3634 ipse

1791 3655 2073 3721 Dominus,
2107 3674 2207 3712 nos
2235 3657 2512 3719 erudiens,
2540 3656 2802 3718 ostendit,
2837 3657 3068 3710 dicendo
3094 3673 3108 3710 :
3143 3675 3161 3706 ι
3189 3655 3368 3710 Nolite

1788 3748 2045 3818 gaudere,
2072 3750 2198 3818 quia
2231 3749 2458 3819 spiritus
2491 3750 2650 3802 vobis
2683 3747 2967 3810 obediunt;
2999 3747 3092 3802 sed
3112 3748 3364 3816 gaudete,

1787 3841 1930 3908 quod
1985 3834 2205 3894 nomina
2273 3848 2455 3894 vestra
2511 3841 2715 3908 scripta
2767 3847 2894 3892 sunt
2952 3841 3005 3892 in
3061 3840 3200 3892 cmlo
3243 3838 3364 3902 "ﬁt

1787 3931 2008 4000 quando
2035 3931 2167 3985 illud
2197 3931 2414 4002 quidem
2460 3931 2631 4001 ipsius
2659 3932 2856 3984 virtute
2886 3930 2942 3982 ﬁt
2969 3948 2984 3996 ;
3031 3931 3134 3983 hoc
3184 3938 3364 3983 autem

1784 4034 1976 4079 nostro
2013 4023 2208 4079 aﬁectu
2261 4039 2324 4078 ac
2381 4023 2586 4086 studio,
2647 4023 2832 4086 nobis,
2863 4023 3148 4084 videlicet,
3205 4020 3361 4076 abeo

1785 4118 2010 4186 adjutis.
2034 4117 2156 4172 Non
2179 4133 2309 4188 ergo
2340 4131 2566 4171 necesse
2614 4124 2697 4171 est
2727 4124 2786 4168 ut
2838 4116 3019 4169 omnis
3051 4113 3224 4168 ﬁdelis
3254 4113 3362 4167 dae-

1784 4225 1976 4264 mones
2005 4210 2261 4279 expellat,
2302 4218 2395 4262 aut
2425 4211 2652 4263 suscitet
2701 4216 2947 4262 mortuos
2973 4246 2986 4271 ,
3022 4217 3114 4260 aut
3165 4207 3362 4276 linguis

1785 4305 2059 4373 loquatur,
2082 4301 2177 4358 sed
2211 4303 2258 4356 is
2286 4303 2378 4372 qui
2402 4302 2730 4356 charismate
2753 4301 3008 4370 dignatus
3031 4306 3113 4352 est
3145 4305 3361 4367 pr0pter

1785 4397 2020 4466 aliquam
2053 4411 2276 4450 causam
2307 4395 2516 4454 utilem,
2549 4393 2616 4446 ad
2646 4393 2874 4446 salutem
2910 4390 3228 4452 inﬁdelium,
3267 4389 3359 4458 qni

1785 4506 1926 4558 saepe
1949 4504 2054 4542 non
2087 4503 2402 4543 sermonum
2424 4487 2917 4549 demonstratione,
2949 4484 3042 4539 sed
3078 4483 3360 4552 signorum

105 4572 273 4639 ἀξίων
303 4574 469 4627 ὄντων
504 4577 791 4646 σωτηρίας·
841 4575 959 4627 οὐδὲ
992 4575 1100 4646 γὰρ
1133 4577 1332 4640 πάντες
1384 4578 1433 4629 οἱ
1466 4579 1680 4641 άσεὸεἰς

1794 4585 2098 4650 operatione
2126 4591 2557 4642 commoventur,
2585 4581 2787 4649 quique
2810 4579 2958 4645 digni
2990 4588 3116 4631 sunt
3147 4577 3356 4640 salute;

111 4666 212 4719 ὑπὸ
243 4666 348 4718 τῶν
382 4666 669 4738 θαυμάτων
698 4667 1063 4737 ἐντρέπονται·
1111 4669 1204 4721 καὶ
1235 4669 1422 4722 τούτου
1470 4671 1679 4740 μάρτυς

179 4826 220 4860 ’³
261 4824 278 4877 l
307 4824 445 4879 Tim.
486 4843 564 4889 ιιι,
596 4827 662 4880 l6
758 4830 802 4860 "
841 4829 998 4886 Joan.
1032 4848 1168 4896 ινιι,
1200 4833 1255 4896 6,
1281 4834 1335 4889 4.

1448 4835 1494 4866 ⁸³
1530 4833 1769 4899 lbid.ll,
1795 4836 1884 4893 25.

1786 4688 1895 4727 non
1924 4673 2072 4728 enim
2127 4687 2322 4728 omnes
2373 4672 2529 4742 impii
2588 4672 2868 4725 miraculis
2923 4675 3354 4723 convertuntur:

1997 4832 2043 4865 "
2071 4832 2237 4888 Marc.
2276 4850 2386 4895 xw,
2425 4834 2510 4894 l7,
2546 4835 2632 4888 l8.
2666 4836 2743 4867 “'
2774 4833 2905 4889 Luc.
2941 4850 2994 4899 ι,
3019 4832 3107 4886 20.

1416 4986 1776 5044 VARIORUM
1812 4989 2037 5043 ΝΟΤᾸΞ.

178 5120 290 5189 (Ἠ)
330 5121 511 5173 Τίνων
541 5121 732 5189 χάριν,
757 5133 862 5176 etc.
900 5123 1108 5179 [labent
1133 5128 1330 5190 gemini
1365 5127 1527 5181 codd.
1555 5143 1568 5179 :
1601 5129 1681 5180 ὅτι

108 5192 175 5266 τᾲ
205 5191 516 5266 χαρίσματα
550 5193 941 5266 τῶνίαμάτων,
978 5198 1070 5247 καὶ
1090 5198 1196 5248 τῶν
1216 5197 1414 5249 λοιπῶν
1445 5199 1684 5266 σημείων

109 5211 175 5245 τα
205 5211 516 5312 {omnium
550 5211 654 5243 των
679 5211 941 5262 ιαματων,
978 5214 1070 5247 και
1090 5215 1196 5248 των
1218 5215 1414 5249 λοιπων
1445 5215 1505 5248 cr
1520 5211 1684 5266 μειων

109 5264 204 5337 ούχ
248 5261 593 5337 δι’ὡιξέλειαν
625 5264 728 5337 τῷν
749 5266 1121 5337 ’ἐνεργούντων
1151 5268 1369 5329 δίδοται,
1401 5245 1530 5320 ἀλλά
1555 5268 1686 5337 πρὸς

113 5331 476 5408 πληροφορίαν
522 5334 626 5408 τῷν
660 5331 920 5395 ἀπίστων,
956 5338 1048 5387 καὶ
1081 5339 1160 5390 ὅτι
1198 5339 1297 5390 οὐκ
1318 5338 1528 5408 ἀνάγκη
1552 5331 1687 5390 παν-

110 5420 178 5457 τα
213 5402 400 5454 πιστὸν
435 5407 655 5472 σημεῖον
687 5411 876 5457 ποιεῖν.
949 5408 1113 5460 Cum.

183 5473 288 5540 (72)
324 5476 548 5539 Πατρός
604 5476 807 5528 αὑτοῦ.
861 5476 1067 5530 Desunt
1125 5479 1176 5531 in
1211 5479 1382 5530 altero
1404 5478 1551 5539 cod.,
1583 5493 1681 5531 nec

116 5547 415 5618 necessaria
477 5553 641 5618 sunt,
691 5562 813 5618 nam
869 5549 895 5598 ό
949 5543 1028 5609 εἷς
1080 5550 1172 5599 καὶ
1234 5549 1389 5616 μόνος
1429 5548 1677 5618 ἀληθινὸς

115 5614 236 5675 Θεός
275 5631 338 5665 ex
390 5615 654 5667 sententia
692 5617 1014 5670 Arianorum
1059 5621 1207 5673 solus
1235 5614 1328 5671 est
1354 5614 1527 5673 l’ater'
1551 5618 1677 5673 Jcsu

116 5683 331 5738 Christi.
367 5683 440 5736 lu.

184 5753 420 5822 (ἹδλΚιιὶ
451 5754 616 5805 οὗτοί
659 5771 731 5806 σε
780 5757 1072 5822 ἓγνυπγαν.
1133 5759 1356 5812 Joannis
1410 5776 1539 5814 ml.
1585 5759 1675 5813 953

118 5826 220 5881 Καὶ
247 5818 389 5878 οὗτοι
416 5825 753 5891 ἑγνωσανότι
784 5818 843 5877 σία
882 5846 942 5894 με
993 5830 1326 5892 ἀπέστειλας.
1388 5830 1450 5882 li!
1491 5835 1534 5880 ίιι
1592 5849 1678 5882 co-

1792 5138 2079 5197 gnovertmt
2104 5128 2225 5195 quia
2266 5137 2321 5178 tu
2368 5142 2446 5178 me
2478 5126 2689 5180 misisti.
2724 5125 2790 5178 At
2813 5125 2957 5180 enim
2988 5121 3160 5176 Nonni
3194 5118 3353 5173 Para-

1788 5199 2004 5267 phrasis
2036 5218 2046 5250 :

1823 5269 1932 5319 Καὶ
1960 5268 2017 5318 σέ
2052 5269 2209 5334 σοφὸς
2242 5267 2398 5337 χορδς
2433 5263 2583 5328 οὗτος
2616 5266 2760 5335 ἐμῶν
2790 5265 3312 5337 δεδὰηκενέταίρων.

1787 5330 2212 5408 Chrysostomus
2242 5330 2533 5394 'i'n'Catena
2582 5330 2840 5408 Joannis:
2862 5330 3164 5408 Καὶ-,οὗτοι
3187 5330 3261 5390 ’δέ
3291 5355 3349 5389 σε

1787 5406 2145 5474 ἐγνώσαν,ὀτι
2171 5409 2232 5458 σύ
2271 5425 2334 5477 με
2372 5408 2710 5469 ἀπέστειλας,
2742 5407 2830 5459 ubi
2860 5407 2911 5457 in
2933 5406 3263 5462 editionibus
3289 5410 3343 5461 S.

1788 5479 2050 5538 doctoris,
2078 5479 2138 5530 σέ
2170 5479 2296 5531 illud
2324 5494 2431 5530 non
2458 5487 2756 5545 comparet.
2790 5480 2924 5530 (101'.

1854 5547 1963 5616 (74)
2003 5547 2097 5614 Τῇ.
2147 5549 2294 5602 Alter
2316 5549 2437 5601 cod.
2488 5551 2586 5617 τήν
2642 5559 2693 5601 et
2754 5557 2934 5615 poxtea
2971 5548 3236 5610 άπῶειξιν
3288 5561 3350 5601 ac

1781 5617 1877 5686 τὴν
1932 5619 2228 5688 ἐνέργειαν.
2297 5618 2506 5673 Revera
2562 5617 2907 5686 δυσωπὲομαι
2982 5620 3348 5671 accusativmn

1785 5704 1972 5758 regere
2042 5691 2182 5757 apud
2250 5690 2422 5744 bonos
2479 5691 2777 5757 scriptun-5
2837 5689 2993 5743 solet.
3069 5688 3172 5740 ἓνιί
3236 5690 3348 5740 ειιτι

1787 5761 2091 5828 gantim'um
2142 5776 2297 5815 usum
2361 5777 2473 5815 non
2534 5777 2745 5829 semper
2787 5773 3030 5830 seqmur
3083 5760 3164 5812 Ιιὶι,
3211 5760 3350 5814 scri-

1785 5840 1922 5899 ptor.
1961 5832 2125 5885 (itan.
