4070 6330
683 372 823 430 IOLE

1605 374 1661 430 S.
1698 373 2092 435 CLEMENTIS
2128 378 2142 432 Ι
2178 374 2344 432 ΒΟΜ.
2380 374 2581 430 ΡΟΝΤ.
2617 372 2848 430 OPERA
2881 373 3109 431 DUBIA.

3836 380 3971 434 1οἱτί

680 492 841 560 cujus
871 489 949 546 rei
975 491 1157 547 testis
1188 492 1304 565 ipse
1338 491 1481 549 Deus
1506 494 1537 562 ;“
1564 504 1623 550 ut
1652 498 1783 552 dum
1817 496 1949 551 dicit
2001 496 2059 549 in
2104 495 2222 566 lege

2364 491 2527 555 αὐτὸς
2558 492 2586 544 ό
2613 491 2766 556 Θεὸς,
2815 491 2892 555 ὡς
2919 491 3047 545 ὅταν
3093 488 3228 565 λέγῃ
3257 489 3313 543 ὲν
3341 489 3419 560 τῷ
3450 488 3621 560 νόμῳ·
3692 508 3713 540 ι
3749 490 3887 542 Ὀτι
3920 495 3969 542 ὲν

687 603 705 634 ι
732 583 1001 650 Quoniam
1029 584 1082 638 in
1114 585 1235 640 aliis
1276 586 1480 657 linguis
1510 588 1703 657 loquar
1752 590 1955 660 populo
2013 588 2162 650 huic,
2205 596 2259 641 et

679 676 733 731 in
774 676 933 731 labiis
967 678 1126 740 aliis;
1158 686 1213 732 et
1247 695 1352 733 non
1384 681 1610 737 credent
1638 683 1706 737 ".
1740 702 1757 734 ι
1790 681 1899 737 Nec
1926 682 2074 738 enim
2104 678 2259 750 Egi-

679 768 772 837 plii
824 768 1176 823 crediderunt
1214 770 1361 835 Deo,
1422 790 1544 828 cum
1603 774 1816 847 Moyses
1859 781 1940 828 tot
1998 782 2263 843 tantaque

682 862 838 930 signa
871 869 925 915 et
966 863 1208 933 prodigia
1241 861 1443 917 faceret
1469 881 1483 918 :
1514 880 1689 935 neque
1724 865 2016 919 multitudo
2044 863 2260 921 Iudaeo.

680 970 804 1007 rum
832 955 1061 1009 credidit
1089 955 1329 1019 Christo,
1362 956 1562 1028 Moysis
1590 957 1753 1010 simili
1784 957 1849 1020 ⁸⁸,
1881 972 2003 1010 cum
2038 973 2255 1012 omnem

678 1047 928 1097 morbum
963 1062 1287 1115 omnemque
1311 1048 1679 1104 infirmitatem
1702 1058 1957 1104 curaret:
1992 1058 2047 1103 et
2079 1064 2257 1119 neque

676 1134 800 1189 illos
838 1139 1106 1205 permovit
1144 1139 1292 1209 virga
1326 1140 1376 1192 in
1404 1150 1710 1209 serpentem
1740 1142 1999 1207 animata,
2030 1147 2085 1195 et
2137 1156 2257 1194 ma-

677 1242 785 1283 nus
810 1230 929 1283 alba
958 1230 1120 1292 facta,
1153 1232 1308 1287 Nilus
1331 1234 1382 1287 in
1401 1234 1721 1304 sanguinem
1748 1250 1941 1290 versus
1963 1235 2008 1267 "
2036 1253 2050 1301 ;
2079 1251 2257 1304 neque

678 1319 777 1375 hos
812 1323 941 1375 οιεοὶ
977 1324 1244 1386 videntes,
1299 1326 1478 1380 claudi
1524 1328 1889 1393 ambulantes,
1938 1337 1993 1382 et
2051 1329 2251 1381 mortui

676 1414 1030 1469 suscitati":
1066 1431 1128 1469 ac
1183 1417 1259 1469 illi
1292 1418 1510 1487 quidem
1567 1418 1895 1473 resistebant
1948 1418 2153 1474 Jannes
2200 1430 2253 1473 et

678 1503 950 1561 Mambrcs
1005 1507 1085 1574 ";
1150 1508 1276 1563 huic
1325 1526 1453 1564 vero
1510 1510 1695 1566 Annas
1744 1520 1797 1567 et
1854 1512 2109 1582 Caiphas.
2160 1511 2251 1567 Sic

676 1613 785 1651 non
821 1599 1075 1654 omnibus
1125 1601 1279 1671 signa
1325 1603 1689 1673 persuadent,
1742 1605 1837 1660 sed
1865 1606 1931 1660 iis
1984 1606 2252 1661 duntaxat

675 1691 769 1759 qui
809 1692 1043 1747 candide
1085 1694 1152 1748 de
1212 1696 1374 1749 rebus
1404 1696 1657 1765 judicant
1686 1716 1700 1763 ;
1732 1713 1963 1767 quorum
1996 1706 2049 1751 et
2082 1714 2249 1752 causa

674 1780 783 1836 Deo
818 1790 1075 1853 tanquam
1108 1787 1337 1854 sapienti
1387 1790 1715 1842 moderatori
1770 1790 1946 1858 placet
1993 1798 2049 1843 ut
2079 1791 2245 1842 mira-

672 1876 793 1927 cula
816 1884 1231 1946 perpetrentur;
1267 1895 1373 1933 non
1400 1881 1681 1934 hominum
1714 1882 1946 1944 viribus,
1981 1881 2075 1935 sed
2150 1896 2247 1933 sua

670 1970 970 2025 voluntate.
1000 1972 1015 2001 ¹
1048 1970 1171 2024 Haec
1199 1982 1379 2025 autem
1429 1973 1550 2026 ideo
1615 1988 2007 2035 memoramus,
2043 1982 2102 2025 ut
2154 1974 2247 2042 qui

668 2062 1000 2116 charismata
1043 2064 1356 2132 hujusmodi
1389 2074 1751 2135 acceperunt,
1783 2080 1891 2117 non
1940 2080 1998 2120 se
2050 2065 2104 2118 in
2152 2082 2247 2120 eos

669 2155 761 2222 qui
790 2170 900 2208 non
948 2164 1275 2223 acceperunt
1304 2156 1567 2223 ell'erant;
1622 2156 1953 2210 charismata
1988 2158 2245 2219 dicimus.

667 2261 788 2313 qua:
818 2262 911 2314 per
936 2248 1198 2300 miracula
1236 2267 1247 2301 :
1284 2249 1540 2317 quoniam
1566 2265 1725 2303 nemo
1747 2259 1829 2305 est
1849 2267 1943 2319 per
1965 2250 2246 2306 Christum

665 2337 722 2390 in
760 2336 922 2389 Deum
957 2340 1207 2404 credens,
1234 2341 1325 2409 qui
1368 2357 1476 2394 non
1508 2342 1778 2412 acceperit
1811 2342 2083 2397 charisma
2137 2344 2248 2413 spi-

665 2430 863 2483 rituale
900 2450 910 2483 :
953 2432 1130 2500 ipsum
1171 2433 1371 2487 etenim
1416 2434 1538 2499 hoc,
1585 2434 1870 2488 liberatum
1904 2451 2027 2491 esse
2082 2436 2248 2504 impio

664 2524 961 2589 multorum
984 2523 1207 2577 deorum
1232 2526 1405 2588 cultu,
1432 2536 1485 2580 et
1514 2527 1813 2605 credidisse
1836 2526 1943 2581 Deo
1975 2528 2118 2582 Patri
2154 2546 2248 2599 per

662 2612 964 2677 Christum,
980 2616 1251 2671 charisma
1274 2616 1363 2673 Dei
1385 2627 1487 2684 est;
1508 2627 1658 2683 utet,
1678 2620 2245 2688 abjccisseludaicum

664 2708 936 2770 velamen,
960 2724 1023 2761 ac
1048 2710 1347 2764 credidisse
1369 2711 1513 2780 quod
1540 2710 1629 2765 Dei
1665 2713 2005 2783 beneplacito
2048 2712 2247 2784 Unige-

662 2800 812 2853 nitus
851 2801 943 2869 qui
968 2809 1094 2855 ante
1132 2804 1331 2856 szecula
1374 2804 1698 2863 exsistebat.
1744 2806 1797 2858 in
1834 2814 2077 2860 extremo
2108 2815 2245 2861 tem-

660 2906 793 2961 pore
821 2908 887 2946 ex
933 2894 1145 2963 virgine
1198 2902 1360 2950 natus
1407 2904 1512 2955 est.
1547 2898 1667 2950 sine
1692 2896 1793 2949 viri
1827 2899 2159 2963 concubitu;
2190 2909 2243 2952 et

660 2984 804 3052 quod
840 2984 893 3036 in
938 2985 1049 3039 vita
1092 2994 1351 3057 tanquam
1401 2986 1566 3041 homo
1616 2995 1868 3045 versatus
1898 2997 2003 3053 est,
2034 2992 2243 3062 absque

660 3083 907 3144 peccato,
944 3076 1164 3147 impleta
1203 3081 1348 3133 omni
1376 3079 1591 3148 justitia
1630 3080 1803 3151 legis;
1844 3083 2101 3153 quodque
2126 3100 2242 3153 per-

2367 585 2787 657 ἑτερογλώσσοις
2815 584 3034 656 λαλήσω
3056 584 3135 655 τῷ
3156 583 3272 654 λαῷ
3290 583 3483 654 τούτῳ,
3511 583 3608 637 καὶ
3629 582 3695 637 ὲν
3727 584 3967 653 χείλεσιν

2364 678 2590 748 ἑτέροις,
2626 679 2719 731 καὶ
2747 678 2809 731 οὐ
2847 677 2921 749 μὴ
2950 676 3333 731 πιστεύσωσιν.
3372 697 3390 729 ›
3425 676 3564 730 Οὔτε
3613 677 3733 748 γὰρ
3768 678 3829 730 oi
3884 678 3969 728 ΔΞ-

2360 772 2579 841 γύπτιοι
2642 772 2967 825 ἐπίστευσαν
3016 770 3096 841 τῷ
3154 770 3293 841 Θεῷ,
3359 770 3644 833 Μωῦσέως
3715 768 3967 822 τοσαῦτα

2362 867 2561 935 σημεῖα
2588 865 2682 917 καὶ
2714 864 2917 935 τέρατα
2945 862 3329 934 πεποιηκότος·
3368 862 3491 915 οὕτε
3521 862 3589 915 τά
3623 860 3827 932 πλήθη
3862 861 3969 914 τῶν

2373 958 2638 1011 Ἰουδαίων
2666 957 2745 1029 τῷ
2778 957 2854 1020 ώς
2888 958 3110 1010 Μωῦσεῖ
3142 955 3384 1027 Χριστῷ,
3433 956 3616 1008 πᾶσαν
3664 954 3840 1006 νόσον
3878 957 3969 1006 καὶ

2360 1052 2540 1103 πᾶσαν
2578 1049 2848 1119 μαλακίαν
2877 1051 2935 1102 ὲν
2978 1050 3163 1113 αὐτοῖς
3192 1048 3609 1119 θεραπεύσαντι·
3681 1048 3786 1100 καὶ
3839 1046 3965 1099 οὔτε

2356 1143 2598 1207 ἐκείνους
2659 1141 2976 1217 ἐδυσώπησε
3028 1142 3222 1214 ῥάϐδος
3266 1130 3657 1211 ἐμψυχουμένη
3711 1140 3839 1209 (75)
3891 1143 3969 1202 είς

2355 1234 2497 1305 ὅφιν,
2530 1237 2623 1289 καὶ
2653 1236 2775 1308 χεὶρ
2816 1235 3228 1306 λευκαινομένη,
3274 1236 3366 1287 καὶ
3393 1234 3585 1297 Νεῖλος
3604 1234 3969 1306 αἱματούμε-

2356 1345 2465 1391 νος·
2526 1327 2647 1379 οὔτε
2672 1328 2895 1391 τούτους
2926 1327 3120 1397 τυφλοὶ
3162 1326 3582 1389 ἀναϐλέποντες,
3640 1327 3745 1379 καὶ
3788 1326 3966 1396 χωλοὶ

2355 1420 2805 1492 περιπατοῦντες,
2838 1422 2932 1473 καὶ
2952 1422 3136 1491 νεκροὶ
3186 1418 3531 1489 ἀνιστάμενοι
3560 1418 3706 1488 (76),
3744 1420 3851 1471 καὶ
3885 1420 3965 1489 τῷ

2356 1516 2453 1584 μὲν
2485 1514 2802 1567 ἀνθίσταντο
2856 1514 3060 1584 Ἰαννὴς
3088 1512 3156 1544 ¹⁰⁶
3178 1514 3271 1566 καὶ
3293 1511 3570 1582 Μαμδρής
3602 1511 3746 1581 (77)·
3788 1511 3881 1582 τῷ
3908 1512 3966 1566 ὁὶ

2356 1606 2554 1669 ’Ἅννας
2588 1606 2680 1659 καὶ
2713 1606 2989 1674 Καϊάφας·
3022 1604 3194 1668 οὕτως
3250 1605 3312 1657 ού
3347 1604 3557 1667 πάντας
3590 1604 3851 1657 δυσωπεῖ
3896 1606 3961 1658 τὰ

2354 1702 2576 1770 σημεῖα,
2598 1697 2732 1751 ἀλλά
2769 1698 2961 1768 μόνους
2994 1699 3120 1761 τοὺς
3140 1696 3507 1767 εὐγνώμονας,
3542 1690 3619 1749 ὧν
3654 1699 3757 1750 καὶ
3790 1700 3959 1768 χάριν

2351 1790 2559 1843 εὐδοκεῖ
2590 1792 2618 1842 ό
2651 1790 2783 1853 Θεὸς
2827 1790 3193 1843 ἐπιτελεῖσθαι
3234 1789 3507 1859 δυνάμεις,
3544 1790 3622 1853 ὡς
3674 1790 3853 1858 σοφὸς
3887 1794 3960 1843 οξ-

2353 1881 2599 1950 κονόμος·
2632 1883 2693 1935 οὐ
2723 1885 2787 1953 τῇ
2824 1882 2932 1934 τῶν
2963 1882 3265 1953 ἀνθρώπων
3298 1883 3459 1952 ίσχύῖ,
3484 1882 3619 1935 ἀλλά
3641 1888 3713 1955 τῇ
3752 1886 3955 1937 ἑαυτοῦ

2352 1972 2621 2043 βουλήσει.
2655 1975 2841 2028 Ταῦτα
2861 1975 2915 2027 δέ
2940 1992 3140 2046 φαμεν,
3161 1976 3251 2026 ἐπὶ
3278 1964 3337 2026 τὸ
3363 1975 3435 2045 μὴ
3464 1976 3811 2046 ἐπαίρεσθαι
3830 1980 3956 2040 τοὺς

2348 2065 2610 2130 λαϐόντας
2636 2068 2949 2139 χαρίσματα
2986 2068 3183 2127 τοιάδε,
3212 2068 3349 2119 κατά
3381 2067 3488 2119 τῶν
3526 2069 3603 2139 μὴ
3638 2068 3950 2121 λαϐόντων·

2349 2162 2665 2231 χαρίσματα
2694 2160 2751 2214 δὲ
2804 2160 3054 2230 λέγομεν,
3118 2159 3184 2211 τά
3214 2159 3301 2211 διὰ
3343 2160 3451 2211 τῶν
3512 2160 3788 2229 σημείων·
3831 2164 3955 2213 ἐπεὶ

2349 2255 2449 2306 ούκ
2482 2254 2629 2305 ἔστιν
2658 2252 2945 2323 ἄνθρωπος
3002 2252 3293 2313 πιστεύσας
3319 2251 3403 2303 διὰ
3447 2252 3693 2321 Χριστοῦ
3728 2256 3813 2315 είς
3860 2255 3951 2306 τὸν

2348 2345 2500 2405 Θεὸν,
2534 2344 2592 2407 ὃς
2624 2345 2723 2397 οὐκ
2754 2344 2942 2414 εἴληφε
3004 2344 3247 2413 χάρισμα
3280 2343 3680 2411 πνευματικόν·
3721 2346 3864 2397 αὑτό
3895 2362 3949 2397 τε

2348 2436 2453 2505 γάρ
2482 2436 2541 2488 τὸ
2570 2434 2947 2503 ἀπαλλαγῆναι
2984 2433 3243 2487 πολυθέου
3277 2433 3550 2496 ἀσεϐείας,
3574 2436 3673 2487 καὶ
3710 2436 3947 2491 πιστεῦ-

2348 2545 2437 2581 σαι
2470 2528 2587 2599 Θεῷ
2614 2530 2786 2600 Πατρὶ
2819 2528 2904 2580 διὰ
2931 2526 3192 2599 Χριστοῦ,
3220 2526 3467 2597 χάρισμα
3513 2528 3633 2578 ἐστι
3679 2528 3850 2580 Θεοῦ·
3888 2530 3948 2580 τό

2345 2638 2401 2673 τε
2436 2621 2739 2691 ἀπορρίψαι
2769 2621 2828 2672 τὸ
2870 2620 3159 2673 Ἰουδαϊκὸν
3193 2618 3477 2689 κάλυμμα,
3510 2619 3607 2671 καὶ
3641 2620 3945 2673 πιστεῦσαι

2345 2712 2426 2763 ὄτι
2458 2712 2672 2780 εὐδοκία
2700 2710 2833 2762 Θεοῦ
2868 2712 2895 2762 ό
2924 2711 3030 2781 πρὸ
3074 2711 3283 2762 αἰώνων
3324 2711 3655 2782 Μονογενὴς,
3695 2714 3757 2764 ὲν
3787 2716 3943 2766 ὑστέ-

2348 2819 2424 2873 ρῳ
2456 2802 2632 2873 καιρῷ
2663 2805 2727 2855 ὲκ
2769 2802 3039 2873 παρθένου
3077 2803 3389 2872 γεγένηται,
3419 2802 3539 2873 δίχα
3570 2803 3794 2874 ὁμιλίας
3842 2808 3939 2857 ἀν-

2342 2893 2483 2964 δρός·
2518 2895 2611 2946 καὶ
2639 2894 2719 2945 ὅτι
2749 2879 3131 2946 ἐπολιτεύσατο
3159 2894 3235 2955 ὡς
3267 2894 3554 2965 ἄνθρωπος
3584 2895 3717 2949 ἄνευ
3756 2897 3939 2967 ἀμαρ-

2343 2986 2481 3048 τίας,
2514 2986 2809 3057 πληρώσας
2864 2989 3043 3039 πᾶσαν
3072 2986 3418 3057 δικαιοσύνην
3456 2987 3555 3058 τὴν
3588 2986 3688 3041 τοῦ
3736 2990 3926 3059 νόμου·

2343 3079 2437 3129 καὶ
2463 3079 2543 3130 ὅτι
2572 3079 2921 3147 συγχωρήσει
2951 3076 3085 3129 Θεοῦ
3123 3078 3354 3148 σταυρὸν
3387 3078 3699 3148 ὑπέμεινεν,
3735 3082 3933 3149 αἰσχύ-

660 3168 921 3222 missione
945 3168 1035 3224 Dei
1072 3168 1212 3225 Deus
1232 3170 1491 3236 Verbum,
1532 3180 1717 3242 spreto
1766 3175 2053 3238 dedecore,
2107 3192 2236 3231 cru-

2344 3187 2439 3241 νης
2470 3170 2893 3241 καταφρονήσας
2922 3170 2950 3221 ό
2983 3169 3116 3233 Θεὸς
3162 3170 3352 3237 Λόγος·
3402 3172 3495 3224 καὶ
3535 3172 3618 3224 ὅτι
3658 3173 3929 3235 ἀπέθανε,

658 3273 777 3315 cem
815 3262 1109 3327 sustinuit;
1142 3272 1195 3316 et
1243 3265 1387 3333 quod
1435 3274 1682 3320 mortuus
1724 3273 1809 3319 est
1852 3283 1915 3321 ac
1962 3269 2230 3337 sepultus,

657 3362 710 3407 ct
740 3356 1041 3409 resurrexit
1079 3356 1131 3408 in
1170 3356 1371 3419 triduo,
1408 3364 1569 3427 atque
1603 3367 1723 3427 post
1774 3361 2235 3415 resurrectionem

656 3459 782 3498 cum
804 3447 1069 3515 apostolis
1097 3447 1291 3502 diebus
1315 3449 1678 3518 quadraginta
1728 3451 2045 3519 permansit,
2079 3466 2231 3505 com-

658 3536 912 3607 pletaque
943 3539 1089 3591 omni
1121 3540 1515 3594 constitutione
1535 3580 1548 3602 ,
1586 3550 1902 3611 assumptus
1925 3550 2010 3596 est
2054 3543 2107 3595 in
2138 3558 2234 3596 eo-

657 3642 779 3681 rum
811 3638 1107 3698 conspectu
1137 3631 1202 3683 ad
1240 3629 1405 3685 Deum
1454 3639 1507 3685 et
1539 3630 1758 3686 Patrem
1782 3633 1875 3703 qui
1913 3649 2037 3687 eum
2072 3633 2237 3688 mise-

656 3728 761 3773 rat.
813 3719 917 3787 Qui
950 3721 1063 3775 hazc
1096 3722 1346 3787 credidit,
1378 3739 1487 3779 non
1534 3724 1732 3779 stolide
1757 3739 1821 3777 ac
1876 3726 2013 3779 citra
2066 3726 2235 3778 ratio—

654 3826 801 3876 nem,
827 3813 923 3868 sed
967 3830 1091 3868 cum
1136 3816 1345 3884 judicio
1397 3832 1460 3871 ac
1492 3816 1840 3881 certitudine,
1882 3817 1929 3872 is
1959 3816 2232 3871 charisma

656 3921 685 3960 a
718 3904 828 3960 Deo
859 3915 1186 3963 consecutus
1218 3915 1337 3963 est:
1373 3908 1625 3963 similiter
1659 3909 1820 3962 etiam
1854 3910 1948 3979 qui
1984 3909 2053 3963 ab
2081 3910 2230 3963 omni

656 3996 850 4052 haeresi
880 4009 1129 4053 servatus
1160 3999 1281 4053 fuit.
1317 3998 1432 4054 Non
1454 4016 1583 4070 ergo
1613 4000 1884 4070 quispiam
1921 4017 2112 4056 eorum
2136 4003 2229 4073 qui

654 4089 810 4159 signa
834 4097 888 4144 et
918 4097 1167 4159 portenta
1200 4090 1425 4155 faciunt,
1450 4091 1659 4160 judicet
1693 4107 1756 4146 ac
1787 4092 2007 4147 damnet
2035 4109 2225 4163 quem-

652 4197 819 4250 quam
853 4181 1112 4247 lidelium,
1144 4184 1238 4254 qui
1270 4184 1473 4239 donum
1499 4201 1563 4239 ea
1584 4185 1845 4255 nperandi
1876 4202 1984 4240 non
2010 4187 2079 4240 sit
2102 4185 2234 4241 ade-

656 4279 822 4341 ptus:
856 4272 1071 4329 diversa
1098 4276 1299 4346 quippe
1325 4283 1453 4331 sunt
1493 4275 1585 4331 Dei
1614 4276 1974 4340 charismata,
2009 4278 2077 4331 ab
2109 4278 2229 4347 ipso

655 4380 751 4433 per
782 4363 1064 4421 Christum
1094 4368 1301 4422 tributa
1336 4387 1347 4421 :
1383 4382 1446 4422 ac
1473 4374 1529 4421 tu
1552 4368 1771 4438 quidem
1791 4369 2053 4438 accepisti
2087 4369 2225 4435 hoc;

2345 3261 2439 3313 καὶ
2458 3262 2652 3332 ἐτάφη,
2680 3262 2774 3314 καὶ
2815 3261 3012 3333 ἀνέστη
3045 3260 3131 3314 διὰ
3157 3262 3321 3334 τριῶν
3364 3263 3610 3333 ἡμερῶν,
3645 3265 3744 3316 καὶ
3790 3266 3931 3333 μετά

2343 3364 2441 3423 την
2486 3352 2780 3406 ἀνάστασιν
2837 3354 3247 3423 τεσσαράκοντα
3306 3355 3520 3424 ἡμέρας
3576 3358 3929 3425 παραμείνας

2339 3448 2454 3510 τοῖς
2485 3446 2826 3509 ἀποστόλοις,
2857 3446 2951 3497 καὶ
2979 3444 3273 3515 πληρώσας
3307 3448 3485 3498 πᾶσαν
3530 3444 3773 3509 διάταξιν
3804 3450 3929 3499 ἁνε-

2340 3538 2518 3610 ληφθη
2554 3542 2640 3592 ἐπ’
2686 3541 2873 3609 ὸψεσιν
2902 3538 3081 3591 αὐτῶν
3116 3540 3253 3610 πρὸς
3286 3540 3377 3592 τὸν
3408 3538 3809 3592 ἀποστείλαντα
3837 3543 3928 3593 αὖ·

2338 3631 2429 3685 τὸν
2470 3630 2599 3684 Θεὸν
2658 3632 2751 3685 καὶ
2799 3632 3038 3701 Πατέρα.
3095 3632 3154 3684 'O
3211 3631 3384 3684 ταῦτα
3434 3631 3734 3695 πιστεύσας
3765 3672 3778 3693 ,
3827 3634 3924 3701 οὐχ

2340 3722 2545 3787 ἁπλῶς,
2582 3724 2702 3777 οὐδὲ
2756 3722 2985 3791 ἀλόγως,
3022 3723 3156 3775 ἀλλά
3191 3726 3370 3795 κρίσει
3398 3724 3491 3777 καὶ
3550 3723 3921 3795 πληροτεορίᾳ,

2337 3814 2582 3886 χάρισμα
2609 3816 2827 3887 εἴληφεν
2861 3817 2925 3869 ὲκ
2953 3814 3109 3867 Θεοῦ·
3160 3816 3420 3878 ὡσαύτως
3450 3815 3507 3867 δὲ
3540 3816 3635 3867 καὶ
3662 3817 3691 3867 ό
3742 3816 3925 3886 πάσης

2340 3908 2603 3977 αἱρέσεως
2633 3908 2985 3975 ἀπαλλαγείς.
3022 3907 3112 3977 Μὴ
3140 3905 3233 3959 οὖν
3263 3924 3346 3969 τις
3374 3906 3482 3959 τῶν
3500 3906 3801 3959 ποιούντων
3835 3924 3924 3977 ar;

2342 4003 2486 4068 μεῖα,
2522 4001 2614 4051 καὶ
2640 4000 2862 4071 τέρατα,
2898 4001 3126 4070 κρινέτω
3144 4000 3265 4053 τινὰ
3286 3998 3393 4051 τῶν
3425 3999 3631 4051 πιττῶν
3668 3999 3743 4069 μὴ
3761 3998 3923 4063 ἀξιω-

2339 4090 2497 4143 θέντα
2531 4092 2791 4163 ὲνεργεῖν·
2826 4092 3056 4164 διάφορα
3086 4093 3194 4164 γάρ
3230 4094 3345 4145 ἐστι
3374 4092 3442 4144 τὰ
3471 4091 3566 4143 τοῦ
3594 4090 3731 4145 Θεοῦ
3760 4092 3919 4162 χαρί-

2336 4198 2539 4253 σματα,
2584 4186 2713 4254 παρ’
2760 4184 2926 4237 αὑτοῦ
2974 4184 3061 4237 διὰ
3109 4182 3345 4255 Χριστοῦ
3404 4183 3673 4252 διδόμενα·
3724 4183 3819 4235 καὶ
3854 4184 3916 4235 σὺ

2339 4276 2436 4345 μὲν
2468 4275 2695 4346 εἴληφας
2722 4274 2900 4329 τοῦτο⁸
2947 4277 3153 4338 ἐκεῖνος
3184 4275 3239 4328 δὲ
3282 4274 3407 4328 ἄλλο
3426 4291 3497 4326 τι·
3554 4273 3587 4344 ἥ
3616 4273 3725 4345 γάρ
3757 4272 3915 4340 λόγον

2336 4367 2546 4437 σοφίας,
2581 4368 2612 4436 ἢ
2648 4368 2921 4436 γνώσεως,
2946 4367 3322 4439 ἢδιακρίσεως
3342 4366 3744 4436 πνευμάτων,ἢ
3778 4365 3911 4434 πρό-

655 4458 746 4515 ille
780 4474 911 4515 vero
949 4461 1097 4515 aliud
1128 4462 1444 4532 quoddam;
1488 4469 1581 4515 aut
1612 4462 1757 4516 enim
1797 4477 2107 4517 sermonem
2139 4476 2228 4517 sa-

2344 4478 2534 4530 γνωσιν
2563 4462 2671 4515 τῶν
2707 4460 3024 4533 μελλόντων,
3064 4459 3097 4530 ἦ
3126 4459 3281 4529 λόγον
3315 4456 3641 4521 διδακτικὸν,
3677 4456 3710 4509 ἱ
3738 4454 3911 4519 ἀνεξιο

758 4641 803 4671 ⁸⁸
843 4639 946 4695 Isa.
1009 4658 1195 4707 ιιινιιι,
1231 4644 1316 4707 ll;
1355 4641 1519 4697 lCor.
1554 4658 1667 4705 xtv,
1696 4644 1785 4698 2i.

656 4724 738 4773 Ill,
770 4712 824 4766 8.
907 4713 975 4743 '°°
1017 4713 1087 4769 al.
1136 4714 1412 4785 Ἰαμϐρής.
1448 4714 1538 4767 Sic
1567 4722 1621 4769 et
1644 4716 1781 4769 alter
1818 4714 1979 4768 Vind.

1886 4644 1930 4675 ’⁵
1971 4642 2129 4703 Deut.
2175 4662 2328 4701 xvm.

2064 4716 2079 4745 ¹
2122 4718 2158 4769 l.
2196 4715 2368 4788 lgnat.
2406 4716 2664 4786 interpol.
2699 4716 2765 4769 ad
2801 4714 2981 4783 Magn.
3010 4713 3099 4768 H.

3016 4640 3065 4674 ⁸⁸
3097 4640 3292 4698 Matth.
3325 4656 3406 4707 ιι,
3447 4642 3501 4697 5.
3607 4644 3651 4674 ”
3691 4640 3735 4695 ll
3762 4641 3901 4696 Tim.

2435 4645 2481 4678 "
2517 4644 2691 4702 Exod.
2723 4660 2823 4706 vn,
2858 4642 2914 4697 4.

1952 4891 2313 4949 VARIORUM
2347 4892 2578 4948 NOTAE.

718 5081 833 5153 (75)
854 5076 1363 5153 A’Eydrvzovpérn.
1398 5076 1458 5132 In
1481 5077 1656 5131 altero
1695 5076 1818 5131 cod.
1858 5073 2225 5145 Vinddupu—

718 5148 1292 5293 Z7116)Q§E-§ezap¢m.
1344 5216 1532 5293 Idem:
1575 5220 1933 5288 ἐγειρόμενοι,
1994 5216 2229 5271 solemni

642 5287 1073 5369 synonymprum
1106 5287 1449 5369 ιιιὶδιιιιιςιιλι)ἐ
1504 5358 1516 5369 _
1623 5359 1637 5369 Δ
1698 5287 1703 5288 ⁷
1821 5357 1881 5369 ω

737 5357 1117 5441 :17)'_'Iarrh¢
1147 5358 1576 5441 καὶ-ζιαμρζρής.
1610 5358 1774 5441 Apud
1820 5357 2083 5441 Niconem
2118 5374 2220 5411 ms.

2349 5078 2575 5152 Ἰαννῆς,
2610 5077 2817 5152 Ἰοεννςν
2837 5076 3414 5152 Ἰφάνγηςνπᾴμντιςεί
3446 5076 3724 5152 Ἰβμδρὴςν
3759 5080 3900 5152 ἰἀμ-

2352 5094 2575 5147 ⁷ιαννης,
2627 5094 3414 5200 ιαννις,ἰωαννης,“ιαμνῐὲςει
3464 5094 3724 5159 ιαμυρης,
3776 5094 3889 5152 Ιαμ.

2331 5148 2487 5227 69ης,
2535 5148 2814 5227 ’ξαμὸρητῇ
2850 5146 3041 5227 Ἰαμὸρ
3065 5150 3293 5227 ςλ.Μαμ
3333 5148 3434 5227 ρῃς
3462 5148 3655 5227 iisdem
3680 5164 3889 5227 _accen-

2328 5164 2513 5297 ᾕῗιῖἒέ,
2551 5164 2833 5297 ᾓῖἓῖἰὲιὲῗξ,
2867 5164 3655 5297 ’.ξιξῒῗςίιῗόιζῗςέἱῗρέἓρἓςῒ
3679 5164 3893 5297 ξιτεὲῒὲζ

2326 5289 2464 5342 forte
2503 5286 2678 5356 prima
2720 5286 2899 5343 littera
2933 5286 3002 5350 M,
3039 5286 3228 5356 sicque
3263 5286 3471 5339 mutata
3502 5286 3556 5341 iii
3586 5286 3645 5341 Ζ.
3672 5288 3891 5352 Jannes.

2320 5355 2562 5420 Iamnes,
2592 5356 2851 5418 Joannes,
2874 5365 2928 5410 et
2956 5355 3244 5419 Mambres,
3282 5355 3551 5413 Jambres.
3596 5358 3892 5415 Emendau—

642 5434 698 5488 in
722 5426 985 5488 Pandecte
1028 5426 1191 5483 serm.
1232 5429 1331 5491 45,
1368 5426 1456 5483 ubi
1498 5431 1629 5484 citat
1665 5426 1835 5483 istum
1879 5429 2053 5481 locum
2095 5442 2218 5481 cum
2320 5429 2447 5483 dum
2490 5428 2672 5482 forsan
2713 5426 2925 5480 initium
2969 5426 3253 5481 conﬂictus
3291 5428 3518 5481 Arnobii
3559 5443 3682 5481 cum
3733 5428 3887 5483 Sera.

643 5504 747 5559 hoc
779 5504 939 5557 titulo
966 5520 979 5554 ι
1033 5501 1124 5553 Ἐκ
1169 5498 1276 5550 τῶν
1305 5499 1599 5563 διατάξεων
1649 5500 1755 5552 τῶν
1787 5499 1957 5567 ἀγίων
1985 5498 2216 5549 ἀποστό-

632 5575 767 5637 λων,
798 5573 884 5626 διά
913 5572 1254 5641 Κλήμεντοςἱ
1282 5570 1409 5640 περὶ
1439 5570 1812 5641 χαρισμάτων,
1851 5569 2051 5641 le_gil_ur
2088 5568 2213 5619 Ἰαν-

639 5645 739 5725 νῆς
756 5647 849 5697 καὶ
883 5636 1178 5721 Ἰαμϐρῆς..
1208 5636 1400 5725 Magno
1421 5636 1568 5725 ιίιξεὶθ
1592 5636 1727 5725 cum
1745 5636 2081 5725 discrimine,

642 5708 785 5769 mina
825 5708 1110 5775 magorum
1167 5708 1396 5763 istorum
1435 5708 1664 5763 efferunt
1713 5708 2072 5775 scribuntque
2111 5722 2209 5760 au-

639 5791 861 5848 ctores,
903 5776 1138 5844 Hebraei,
1171 5778 1345 5834 Graeci
1410 5788 1464 5831 et
1489 5778 1665 5832 Latini
1694 5795 1708 5843 ;
1746 5778 1831 5831 his
1855 5776 1967 5848 lere
1983 5776 2206 5848 modis;

638 5845 885 5920 Joanne,
925 5852 1098 5908 Jannc
1135 5859 1189 5905 ct
1227 5848 1450 5918 Mamre,
1471 5848 1670 5915 Jamre.
1711 5846 1931 5917 Ἰαννῆς,
1981 5845 2204 5912 Ἰάννης,

2305 5500 2482 5569 ρίοηθ
2516 5517 2529 5554 ι
2574 5496 3003 5569 Supervenientes
3052 5495 3426 5569 {Egyptihqui
3475 5508 3531 5551 ut
3568 5500 3886 5569 ostenderent

2320 5567 2375 5622 ,ξε
2403 5569 2745 5639 antiquorum
2772 5568 3053 5639 provincitg
3092 5584 3203 5639 sure
3226 5637 3233 5639 Α
3257 5568 3630 5639 magistrorum
3654 5567 3879 5639 discipu-

2318 5642 2417 5699 los,
2444 5635 2638 5691 latinis
2661 5636 2897 5691 videlicet
2924 5648 2973 5691 et
3002 5635 3262 5690 Mambris
3295 5635 3426 5705 (non
3474 5636 3675 5692 lanna
3716 5635 3876 5692 Ham-

2315 5708 2453 5777 bres)
2484 5725 2615 5773 quos
2663 5716 2919 5761 memorat
2965 5706 3245 5775 Apostolus
3301 5706 3502 5777 [annulo
3554 5707 3652 5763 Dei
3698 5706 3874 5767 lasso

2307 5776 2615 5847 quibusdam
2647 5778 2929 5847 prmsligiis
2962 5777 3231 5837 restitisse.
3265 5787 3369 5831 etc.
3402 5776 3538 5833 C07.
