  <div class='ocr_page' id='page_1' title='image "/cluster/home/n/w/nwhite01/storage/ocr_20150623/1/pst.000005711796/540.png"; bbox 0 0 4022 6338; ppageno 0'>
   <div class='ocr_carea' id='block_1_1' title="bbox 186 424 317 481">
    <p class='ocr_par' dir='ltr' id='par_1_1' title="bbox 186 424 317 481">
     <span class='ocr_line' id='line_1_1' title="bbox 186 424 317 481; baseline 0.015 -2"><span class='ocrx_word' id='word_1_1' title='bbox 186 424 317 481; x_wconf 71' lang='grc'><strong>1065</strong></span> 
     </span>
    </p>
   </div>
   <div class='ocr_carea' id='block_1_2' title="bbox 1057 422 2615 488">
    <p class='ocr_par' dir='ltr' id='par_1_2' title="bbox 1057 422 2615 488">
     <span class='ocr_line' id='line_1_2' title="bbox 1057 422 2615 488; baseline 0.003 -6"><span class='ocrx_word' id='word_1_2' title='bbox 1057 422 1652 482; x_wconf 79' lang='lat' dir='ltr'><strong>CONSTITUTIONES</strong></span> <span class='ocrx_word' id='word_1_3' title='bbox 1700 426 2178 488; x_wconf 70' lang='lat' dir='ltr'><strong>APOSTOLICAS.</strong></span> <span class='ocrx_word' id='word_1_4' title='bbox 2214 464 2282 473; x_wconf 90' lang='lat'><strong>--</strong></span> <span class='ocrx_word' id='word_1_5' title='bbox 2313 432 2441 487; x_wconf 86' lang='lat' dir='ltr'><strong>LIB.</strong></span> <span class='ocrx_word' id='word_1_6' title='bbox 2481 431 2615 488; x_wconf 79' lang='lat' dir='ltr'><strong>VIII.</strong></span> 
     </span>
    </p>
   </div>
   <div class='ocr_carea' id='block_1_3' title="bbox 3292 434 3434 491">
    <p class='ocr_par' dir='ltr' id='par_1_3' title="bbox 3292 434 3434 491">
     <span class='ocr_line' id='line_1_3' title="bbox 3292 434 3434 491; baseline 0.014 -2"><span class='ocrx_word' id='word_1_7' title='bbox 3292 434 3434 491; x_wconf 70' lang='lat' dir='ltr'><strong>i006</strong></span> 
     </span>
    </p>
   </div>
   <div class='ocr_carea' id='block_1_4' title="bbox 188 539 1764 616">
    <p class='ocr_par' dir='ltr' id='par_1_4' title="bbox 188 539 1755 614">
     <span class='ocr_line' id='line_1_4' title="bbox 188 539 1755 614; baseline 0 -19"><span class='ocrx_word' id='word_1_8' title='bbox 188 540 399 600; x_wconf 75' lang='grc' dir='ltr'>κακίαν,</span> <span class='ocrx_word' id='word_1_9' title='bbox 435 539 467 611; x_wconf 71' lang='grc' dir='ltr'>ἦ</span> <span class='ocrx_word' id='word_1_10' title='bbox 495 540 821 612; x_wconf 78' lang='grc' dir='ltr'>ἐγκράτειαν</span> <span class='ocrx_word' id='word_1_11' title='bbox 850 539 1090 610; x_wconf 73' lang='grc' dir='ltr'>ἔννομον.</span> <span class='ocrx_word' id='word_1_12' title='bbox 1121 542 1232 595; x_wconf 78' lang='lat' dir='ltr'><strong>Kal.</strong></span> <span class='ocrx_word' id='word_1_13' title='bbox 1257 542 1365 614; x_wconf 83' lang='grc' dir='ltr'>γὰρ</span> <span class='ocrx_word' id='word_1_14' title='bbox 1395 543 1489 595; x_wconf 71' lang='grc' dir='ltr'>καὶ</span> <span class='ocrx_word' id='word_1_15' title='bbox 1514 544 1755 613; x_wconf 78' lang='grc' dir='ltr'><strong>Μωυσῆς</strong></span> 
     </span>
    </p>
   </div>
   <div class='ocr_carea' id='block_1_5' title="bbox 1849 539 3433 616">
    <p class='ocr_par' dir='ltr' id='par_1_5' title="bbox 1856 546 3433 616">
     <span class='ocr_line' id='line_1_5' title="bbox 1856 546 3433 616; baseline 0.004 -18"><span class='ocrx_word' id='word_1_16' title='bbox 1856 546 2091 616; x_wconf 68' lang='grc' dir='ltr'>ιιίεηιῑεε,</span> <span class='ocrx_word' id='word_1_17' title='bbox 2123 548 2206 602; x_wconf 78' lang='lat' dir='ltr'><strong>vel</strong></span> <span class='ocrx_word' id='word_1_18' title='bbox 2237 548 2481 603; x_wconf 69' lang='lat' dir='ltr'><strong>scientiae</strong></span> <span class='ocrx_word' id='word_1_19' title='bbox 2509 549 2551 612; x_wconf 87' lang='grc'>¹,</span> <span class='ocrx_word' id='word_1_20' title='bbox 2584 555 2680 602; x_wconf 83' lang='lat' dir='ltr'><strong>aut</strong></span> <span class='ocrx_word' id='word_1_21' title='bbox 2732 547 2999 604; x_wconf 88' lang='lat' dir='ltr'><strong>rationem</strong></span> <span class='ocrx_word' id='word_1_22' title='bbox 3040 549 3433 606; x_wconf 80' lang='lat' dir='ltr'><strong>discernenda-</strong></span> 
     </span>
    </p>
   </div>
   <div class='ocr_carea' id='block_1_6' title="bbox 186 630 1756 706">
    <p class='ocr_par' dir='ltr' id='par_1_6' title="bbox 186 630 1756 706">
     <span class='ocr_line' id='line_1_6' title="bbox 186 630 1756 706; baseline 0.001 -22"><span class='ocrx_word' id='word_1_23' title='bbox 186 633 216 684; x_wconf 86' lang='grc' dir='ltr'>ὁ</span> <span class='ocrx_word' id='word_1_24' title='bbox 248 630 334 684; x_wconf 81' lang='grc' dir='ltr'><strong>τοῦ</strong></span> <span class='ocrx_word' id='word_1_25' title='bbox 367 631 500 683; x_wconf 84' lang='grc' dir='ltr'>Θεοῦ</span> <span class='ocrx_word' id='word_1_26' title='bbox 526 632 840 703; x_wconf 79' lang='grc' dir='ltr'>ἄνθρωπος,</span> <span class='ocrx_word' id='word_1_27' title='bbox 872 633 930 685; x_wconf 83' lang='grc' dir='ltr'><strong>ἐν</strong></span> <span class='ocrx_word' id='word_1_28' title='bbox 968 632 1225 703; x_wconf 81' lang='grc' dir='ltr'>Αἰγύπτῳ</span> <span class='ocrx_word' id='word_1_29' title='bbox 1284 634 1541 685; x_wconf 74' lang='grc' dir='ltr'><strong>ἐπιτελῶν</strong></span> <span class='ocrx_word' id='word_1_30' title='bbox 1573 634 1639 687; x_wconf 82' lang='grc' dir='ltr'>τὰ</span> <span class='ocrx_word' id='word_1_31' title='bbox 1661 652 1756 706; x_wconf 88' lang='grc' dir='ltr'>ση-</span> 
     </span>
    </p>
   </div>
   <div class='ocr_carea' id='block_1_7' title="bbox 192 720 1752 798">
    <p class='ocr_par' dir='ltr' id='par_1_7' title="bbox 192 720 1752 798">
     <span class='ocr_line' id='line_1_7' title="bbox 192 720 1752 798; baseline 0.001 -21"><span class='ocrx_word' id='word_1_32' title='bbox 192 729 331 794; x_wconf 79' lang='grc' dir='ltr'>μεῖα,</span> <span class='ocrx_word' id='word_1_33' title='bbox 360 725 421 776; x_wconf 84' lang='grc' dir='ltr'><strong>οὑ</strong></span> <span class='ocrx_word' id='word_1_34' title='bbox 443 724 757 796; x_wconf 85' lang='grc' dir='ltr'>κατεπήρθη</span> <span class='ocrx_word' id='word_1_35' title='bbox 790 726 897 777; x_wconf 88' lang='grc' dir='ltr'><strong>τῶν</strong></span> <span class='ocrx_word' id='word_1_36' title='bbox 918 726 1220 796; x_wconf 73' lang='grc' dir='ltr'>όροφύλωψ</span> <span class='ocrx_word' id='word_1_37' title='bbox 1246 728 1337 779; x_wconf 78' lang='grc' dir='ltr'>καὶ</span> <span class='ocrx_word' id='word_1_38' title='bbox 1364 720 1487 789; x_wconf 52' lang='grc' dir='ltr'>’θεὸς</span> <span class='ocrx_word' id='word_1_39' title='bbox 1515 727 1752 798; x_wconf 74' lang='grc' dir='ltr'>κληθεὶς,</span> 
     </span>
    </p>
   </div>
   <div class='ocr_carea' id='block_1_8' title="bbox 186 817 1749 891">
    <p class='ocr_par' dir='ltr' id='par_1_8' title="bbox 186 817 1749 891">
     <span class='ocr_line' id='line_1_8' title="bbox 186 817 1749 891; baseline 0.002 -23"><span class='ocrx_word' id='word_1_40' title='bbox 186 819 283 870; x_wconf 70' lang='grc' dir='ltr'>οὐκ</span> <span class='ocrx_word' id='word_1_41' title='bbox 312 818 702 886; x_wconf 76' lang='grc' dir='ltr'>ήλαζονεύσατο</span> <span class='ocrx_word' id='word_1_42' title='bbox 738 818 873 889; x_wconf 85' lang='grc' dir='ltr'>μετὰ</span> <span class='ocrx_word' id='word_1_43' title='bbox 900 817 993 870; x_wconf 88' lang='grc' dir='ltr'><strong>τοῦ</strong></span> <span class='ocrx_word' id='word_1_44' title='bbox 1031 818 1158 869; x_wconf 80' lang='grc' dir='ltr'>ἰδίου</span> <span class='ocrx_word' id='word_1_45' title='bbox 1202 821 1480 889; x_wconf 81' lang='grc' dir='ltr'><strong>προφήτου</strong></span> <span class='ocrx_word' id='word_1_46' title='bbox 1522 820 1749 891; x_wconf 82' lang='grc' dir='ltr'>Ἀαρών.</span> 
     </span>
    </p>
   </div>
   <div class='ocr_carea' id='block_1_9' title="bbox 205 908 1753 981">
    <p class='ocr_par' dir='ltr' id='par_1_9' title="bbox 205 908 1753 981">
     <span class='ocr_line' id='line_1_9' title="bbox 205 908 1753 981; baseline 0.002 -22"><span class='ocrx_word' id='word_1_47' title='bbox 205 908 474 961; x_wconf 74' lang='grc' dir='ltr'>’Λλλ⁴οὑτε</span> <span class='ocrx_word' id='word_1_48' title='bbox 531 911 559 960; x_wconf 86' lang='grc' dir='ltr'>ὁ</span> <span class='ocrx_word' id='word_1_49' title='bbox 593 908 687 962; x_wconf 87' lang='grc' dir='ltr'><strong>τοῦ</strong></span> <span class='ocrx_word' id='word_1_50' title='bbox 744 910 899 978; x_wconf 79' lang='grc' dir='ltr'>Ναυῆ</span> <span class='ocrx_word' id='word_1_51' title='bbox 944 908 1175 980; x_wconf 82' lang='grc' dir='ltr'>Ἰησοῦς,</span> <span class='ocrx_word' id='word_1_52' title='bbox 1233 909 1583 980; x_wconf 78' lang='grc' dir='ltr'><strong>ἡγησάμενος</strong></span> <span class='ocrx_word' id='word_1_53' title='bbox 1638 912 1753 981; x_wconf 83' lang='grc' dir='ltr'>μετ’</span> 
     </span>
    </p>
   </div>
   <div class='ocr_carea' id='block_1_10' title="bbox 186 1000 1755 1071">
    <p class='ocr_par' dir='ltr' id='par_1_10' title="bbox 186 1000 1755 1071">
     <span class='ocr_line' id='line_1_10' title="bbox 186 1000 1755 1071; baseline -0.001 -18"><span class='ocrx_word' id='word_1_54' title='bbox 186 1002 343 1053; x_wconf 75' lang='grc' dir='ltr'>αὑτὸν</span> <span class='ocrx_word' id='word_1_55' title='bbox 374 1001 467 1053; x_wconf 90' lang='grc' dir='ltr'><strong>τοῦ</strong></span> <span class='ocrx_word' id='word_1_56' title='bbox 496 1000 646 1063; x_wconf 85' lang='grc' dir='ltr'>λαοῦ,</span> <span class='ocrx_word' id='word_1_57' title='bbox 677 1001 778 1055; x_wconf 71' lang='grc' dir='ltr'><strong>κᾶν</strong></span> <span class='ocrx_word' id='word_1_58' title='bbox 808 1001 885 1071; x_wconf 81' lang='grc' dir='ltr'><strong>τῷ</strong></span> <span class='ocrx_word' id='word_1_59' title='bbox 914 1002 1047 1071; x_wconf 82' lang='grc' dir='ltr'>πρὸς</span> <span class='ocrx_word' id='word_1_60' title='bbox 1076 1002 1203 1063; x_wconf 72' lang='grc' dir='ltr'>τοὺς</span> <span class='ocrx_word' id='word_1_61' title='bbox 1248 1000 1565 1064; x_wconf 84' lang='grc' dir='ltr'>’ῐεϐουσίους</span> <span class='ocrx_word' id='word_1_62' title='bbox 1597 1000 1755 1055; x_wconf 81' lang='grc' dir='ltr'>πολέ-</span> 
     </span>
    </p>
   </div>
   <div class='ocr_carea' id='block_1_11' title="bbox 190 1072 1753 1165">
    <p class='ocr_par' dir='ltr' id='par_1_11' title="bbox 190 1072 1753 1165">
     <span class='ocr_line' id='line_1_11' title="bbox 190 1072 1753 1165; baseline -0.001 -19"><span class='ocrx_word' id='word_1_63' title='bbox 190 1112 273 1163; x_wconf 86' lang='grc' dir='ltr'>μῳ</span> <span class='ocrx_word' id='word_1_64' title='bbox 303 1094 503 1163; x_wconf 85' lang='grc' dir='ltr'>στήσας</span> <span class='ocrx_word' id='word_1_65' title='bbox 522 1094 613 1147; x_wconf 83' lang='grc' dir='ltr'><strong>τὸν</strong></span> <span class='ocrx_word' id='word_1_66' title='bbox 644 1093 792 1165; x_wconf 79' lang='grc' dir='ltr'>ἥλιον</span> <span class='ocrx_word' id='word_1_67' title='bbox 827 1093 966 1145; x_wconf 82' lang='grc' dir='ltr'>κατὰ</span> <span class='ocrx_word' id='word_1_68' title='bbox 994 1093 1220 1146; x_wconf 84' lang='grc' dir='ltr'>Γαϐαὼν</span> <span class='ocrx_word' id='word_1_69' title='bbox 1241 1132 1255 1156; x_wconf 92' lang='grc'><strong>,</strong></span> <span class='ocrx_word' id='word_1_70' title='bbox 1287 1094 1379 1146; x_wconf 86' lang='grc' dir='ltr'><strong>καί</strong></span> <span class='ocrx_word' id='word_1_71' title='bbox 1399 1093 1495 1164; x_wconf 80' lang='grc' dir='ltr'>τὴν</span> <span class='ocrx_word' id='word_1_72' title='bbox 1526 1072 1753 1164; x_wconf 78' lang='grc' dir='ltr'>σελήνην</span> 
     </span>
    </p>
   </div>
   <div class='ocr_carea' id='block_1_12' title="bbox 186 1184 1752 1259">
    <p class='ocr_par' dir='ltr' id='par_1_12' title="bbox 186 1184 1752 1259">
     <span class='ocr_line' id='line_1_12' title="bbox 186 1184 1752 1259; baseline 0.001 -22"><span class='ocrx_word' id='word_1_73' title='bbox 186 1186 321 1238; x_wconf 78' lang='grc' dir='ltr'>κατὰ</span> <span class='ocrx_word' id='word_1_74' title='bbox 353 1189 611 1259; x_wconf 71' lang='grc' dir='ltr'>φάραγγα</span> <span class='ocrx_word' id='word_1_75' title='bbox 644 1184 837 1247; x_wconf 78' lang='grc' dir='ltr'>Ᾱίλὼν,</span> <span class='ocrx_word' id='word_1_76' title='bbox 869 1186 954 1238; x_wconf 72' lang='grc' dir='ltr'>διὰ</span> <span class='ocrx_word' id='word_1_77' title='bbox 984 1186 1043 1238; x_wconf 86' lang='grc' dir='ltr'><strong>τὸ</strong></span> <span class='ocrx_word' id='word_1_78' title='bbox 1068 1185 1141 1255; x_wconf 71' lang='grc' dir='ltr'><strong>μή</strong></span> <span class='ocrx_word' id='word_1_79' title='bbox 1168 1186 1460 1255; x_wconf 78' lang='grc' dir='ltr'>αὐταρκεῖν</span> <span class='ocrx_word' id='word_1_80' title='bbox 1487 1184 1624 1255; x_wconf 78' lang='grc' dir='ltr'>πρὸς</span> <span class='ocrx_word' id='word_1_81' title='bbox 1654 1184 1752 1255; x_wconf 78' lang='grc' dir='ltr'><strong>τὴν</strong></span> 
     </span>
    </p>
   </div>
   <div class='ocr_carea' id='block_1_13' title="bbox 185 1277 1750 1349">
    <p class='ocr_par' dir='ltr' id='par_1_13' title="bbox 185 1277 1750 1349">
     <span class='ocr_line' id='line_1_13' title="bbox 185 1277 1750 1349; baseline -0.001 -19"><span class='ocrx_word' id='word_1_82' title='bbox 185 1278 338 1349; x_wconf 86' lang='grc' dir='ltr'>νίκην</span> <span class='ocrx_word' id='word_1_83' title='bbox 367 1285 465 1349; x_wconf 86' lang='grc' dir='ltr'>τὴν</span> <span class='ocrx_word' id='word_1_84' title='bbox 498 1278 729 1349; x_wconf 77' lang='grc' dir='ltr'>ἡμέραν,</span> <span class='ocrx_word' id='word_1_85' title='bbox 789 1277 1002 1349; x_wconf 82' lang='grc' dir='ltr'>ἐπήρθη</span> <span class='ocrx_word' id='word_1_86' title='bbox 1042 1278 1182 1330; x_wconf 77' lang='grc' dir='ltr'>κατὰ</span> <span class='ocrx_word' id='word_1_87' title='bbox 1214 1277 1309 1329; x_wconf 90' lang='grc' dir='ltr'><strong>τοῦ</strong></span> <span class='ocrx_word' id='word_1_88' title='bbox 1356 1278 1558 1339; x_wconf 82' lang='grc' dir='ltr'>Φινεὲς,</span> <span class='ocrx_word' id='word_1_89' title='bbox 1589 1277 1622 1348; x_wconf 85' lang='grc' dir='ltr'>ἢ</span> <span class='ocrx_word' id='word_1_90' title='bbox 1656 1277 1750 1329; x_wconf 88' lang='grc' dir='ltr'><strong>τοῦ</strong></span> 
     </span>
    </p>
   </div>
   <div class='ocr_carea' id='block_1_14' title="bbox 182 1368 1748 1441">
    <p class='ocr_par' dir='ltr' id='par_1_14' title="bbox 182 1368 1748 1441">
     <span class='ocr_line' id='line_1_14' title="bbox 182 1368 1748 1441; baseline 0.001 -19"><span class='ocrx_word' id='word_1_91' title='bbox 182 1370 378 1422; x_wconf 76' lang='grc' dir='ltr'>Χαλὲΰ.</span> <span class='ocrx_word' id='word_1_92' title='bbox 410 1369 546 1423; x_wconf 75' lang='grc' dir='ltr'>οὗτε</span> <span class='ocrx_word' id='word_1_93' title='bbox 598 1368 867 1439; x_wconf 76' lang='grc' dir='ltr'><strong>Σαμουὴλ,</strong></span> <span class='ocrx_word' id='word_1_94' title='bbox 899 1368 1136 1422; x_wconf 85' lang='grc' dir='ltr'>τοσαῦτα</span> <span class='ocrx_word' id='word_1_95' title='bbox 1189 1369 1465 1440; x_wconf 80' lang='grc' dir='ltr'>παράδοξα</span> <span class='ocrx_word' id='word_1_96' title='bbox 1497 1371 1748 1441; x_wconf 84' lang='grc' dir='ltr'>ποιήσας,</span> 
     </span>
    </p>
   </div>
   <div class='ocr_carea' id='block_1_15' title="bbox 184 1461 1749 1533">
    <p class='ocr_par' dir='ltr' id='par_1_15' title="bbox 184 1461 1749 1533">
     <span class='ocr_line' id='line_1_15' title="bbox 184 1461 1749 1533; baseline 0 -18"><span class='ocrx_word' id='word_1_97' title='bbox 184 1466 312 1533; x_wconf 84' lang='grc' dir='ltr'>παρ’</span> <span class='ocrx_word' id='word_1_98' title='bbox 343 1464 493 1515; x_wconf 77' lang='grc' dir='ltr'>οὐδὲν</span> <span class='ocrx_word' id='word_1_99' title='bbox 514 1464 757 1533; x_wconf 82' lang='grc' dir='ltr'>ἡγήσατο</span> <span class='ocrx_word' id='word_1_100' title='bbox 785 1461 876 1514; x_wconf 84' lang='grc' dir='ltr'><strong>τὸν</strong></span> <span class='ocrx_word' id='word_1_101' title='bbox 909 1461 1130 1531; x_wconf 75' lang='grc' dir='ltr'>θεοφιλῆ</span> <span class='ocrx_word' id='word_1_102' title='bbox 1175 1462 1355 1514; x_wconf 80' lang='grc' dir='ltr'>Δαϐίδ’</span> <span class='ocrx_word' id='word_1_103' title='bbox 1405 1463 1498 1515; x_wconf 86' lang='grc' dir='ltr'><strong>καί</strong></span> <span class='ocrx_word' id='word_1_104' title='bbox 1530 1480 1610 1515; x_wconf 91' lang='grc' dir='ltr'><strong>τοι</strong></span> <span class='ocrx_word' id='word_1_105' title='bbox 1644 1464 1749 1532; x_wconf 83' lang='grc' dir='ltr'><strong>ἀμ-</strong></span> 
     </span>
    </p>
   </div>
   <div class='ocr_carea' id='block_1_16' title="bbox 184 1551 1746 1625">
    <p class='ocr_par' dir='ltr' id='par_1_16' title="bbox 184 1551 1746 1625">
     <span class='ocr_line' id='line_1_16' title="bbox 184 1551 1746 1625; baseline -0.001 -19"><span class='ocrx_word' id='word_1_106' title='bbox 184 1555 396 1624; x_wconf 86' lang='grc' dir='ltr'>φότεροι</span> <span class='ocrx_word' id='word_1_107' title='bbox 428 1554 721 1625; x_wconf 75' lang='grc' dir='ltr'>προφῆται·</span> <span class='ocrx_word' id='word_1_108' title='bbox 783 1554 875 1605; x_wconf 76' lang='grc' dir='ltr'><strong>καὶ</strong></span> <span class='ocrx_word' id='word_1_109' title='bbox 907 1551 936 1601; x_wconf 77' lang='grc' dir='ltr'><strong>ὁ</strong></span> <span class='ocrx_word' id='word_1_110' title='bbox 968 1555 1063 1623; x_wconf 79' lang='grc' dir='ltr'><strong>μὲν</strong></span> <span class='ocrx_word' id='word_1_111' title='bbox 1084 1594 1098 1615; x_wconf 92' lang='grc'><strong>,</strong></span> <span class='ocrx_word' id='word_1_112' title='bbox 1129 1554 1417 1624; x_wconf 79' lang='grc' dir='ltr'>ἀρχιερεὺς</span> <span class='ocrx_word' id='word_1_113' title='bbox 1445 1553 1577 1625; x_wconf 86' lang='grc'>(78),</span> <span class='ocrx_word' id='word_1_114' title='bbox 1602 1555 1630 1605; x_wconf 83' lang='grc' dir='ltr'>ὁ</span> <span class='ocrx_word' id='word_1_115' title='bbox 1671 1554 1746 1616; x_wconf 83' lang='grc' dir='ltr'>δὲ,</span> 
     </span>
    </p>
   </div>
   <div class='ocr_carea' id='block_1_17' title="bbox 182 1644 1750 1717">
    <p class='ocr_par' dir='ltr' id='par_1_17' title="bbox 182 1644 1750 1717">
     <span class='ocr_line' id='line_1_17' title="bbox 182 1644 1750 1717; baseline 0.001 -20"><span class='ocrx_word' id='word_1_116' title='bbox 182 1646 451 1715; x_wconf 80' lang='grc' dir='ltr'>βασιλεύς.</span> <span class='ocrx_word' id='word_1_117' title='bbox 488 1646 596 1698; x_wconf 76' lang='grc' dir='ltr'><strong>Καὶ</strong></span> <span class='ocrx_word' id='word_1_118' title='bbox 620 1644 757 1697; x_wconf 75' lang='grc' dir='ltr'>ἑπτὰ</span> <span class='ocrx_word' id='word_1_119' title='bbox 784 1645 1034 1714; x_wconf 80' lang='grc' dir='ltr'>χιλιάδων</span> <span class='ocrx_word' id='word_1_120' title='bbox 1067 1646 1424 1717; x_wconf 76' lang='grc' dir='ltr'>ὑπαρχουσῶν</span> <span class='ocrx_word' id='word_1_121' title='bbox 1460 1648 1516 1699; x_wconf 87' lang='grc' dir='ltr'><strong>ἐν</strong></span> <span class='ocrx_word' id='word_1_122' title='bbox 1536 1646 1750 1717; x_wconf 76' lang='grc' dir='ltr'>Ἰσραὴλ</span> 
     </span>
    </p>
   </div>
   <div class='ocr_carea' id='block_1_18' title="bbox 182 1736 1750 1808">
    <p class='ocr_par' dir='ltr' id='par_1_18' title="bbox 182 1736 1750 1808">
     <span class='ocr_line' id='line_1_18' title="bbox 182 1736 1750 1808; baseline -0.001 -18"><span class='ocrx_word' id='word_1_123' title='bbox 182 1738 371 1805; x_wconf 84' lang='grc' dir='ltr'>ἁγίων,</span> <span class='ocrx_word' id='word_1_124' title='bbox 417 1738 524 1789; x_wconf 89' lang='grc' dir='ltr'><strong>τῶν</strong></span> <span class='ocrx_word' id='word_1_125' title='bbox 560 1736 633 1807; x_wconf 81' lang='grc' dir='ltr'>μὴ</span> <span class='ocrx_word' id='word_1_126' title='bbox 674 1738 1005 1807; x_wconf 62' lang='grc' dir='ltr'>καμψὰντων</span> <span class='ocrx_word' id='word_1_127' title='bbox 1064 1737 1191 1804; x_wconf 84' lang='grc' dir='ltr'>γόνυ</span> <span class='ocrx_word' id='word_1_128' title='bbox 1248 1740 1313 1808; x_wconf 82' lang='grc' dir='ltr'>τῇ</span> <span class='ocrx_word' id='word_1_129' title='bbox 1378 1736 1541 1800; x_wconf 82' lang='grc' dir='ltr'>Βάαλ,</span> <span class='ocrx_word' id='word_1_130' title='bbox 1592 1738 1750 1808; x_wconf 84' lang='grc' dir='ltr'>μόνος</span> 
     </span>
    </p>
   </div>
   <div class='ocr_carea' id='block_1_19' title="bbox 196 1823 1779 1900">
    <p class='ocr_par' dir='ltr' id='par_1_19' title="bbox 196 1823 1779 1900">
     <span class='ocr_line' id='line_1_19' title="bbox 196 1823 1779 1900; baseline -0.001 -17"><span class='ocrx_word' id='word_1_131' title='bbox 196 1831 376 1893; x_wconf 83' lang='grc' dir='ltr'>Ἠλίας</span> <span class='ocrx_word' id='word_1_132' title='bbox 431 1832 490 1882; x_wconf 84' lang='grc' dir='ltr'><strong>ἐν</strong></span> <span class='ocrx_word' id='word_1_133' title='bbox 545 1831 760 1893; x_wconf 83' lang='grc' dir='ltr'>αὐτοῖς,</span> <span class='ocrx_word' id='word_1_134' title='bbox 808 1830 901 1882; x_wconf 76' lang='grc' dir='ltr'>καὶ</span> <span class='ocrx_word' id='word_1_135' title='bbox 956 1831 983 1881; x_wconf 86' lang='grc' dir='ltr'>ὁ</span> <span class='ocrx_word' id='word_1_136' title='bbox 1028 1830 1217 1882; x_wconf 85' lang='grc' dir='ltr'>τούτου</span> <span class='ocrx_word' id='word_1_137' title='bbox 1276 1830 1521 1900; x_wconf 84' lang='grc' dir='ltr'>μαθητὴς</span> <span class='ocrx_word' id='word_1_138' title='bbox 1572 1823 1779 1900; x_wconf 60' lang='grc' dir='ltr'>Ἐλισοε</span> 
     </span>
    </p>
   </div>
   <div class='ocr_carea' id='block_1_20' title="bbox 1856 640 3433 713">
    <p class='ocr_par' dir='ltr' id='par_1_20' title="bbox 1856 640 3433 713">
     <span class='ocr_line' id='line_1_20' title="bbox 1856 640 3433 713; baseline 0.005 -24"><span class='ocrx_word' id='word_1_139' title='bbox 1856 654 1977 692; x_wconf 86' lang='lat' dir='ltr'><strong>rum</strong></span> <span class='ocrx_word' id='word_1_140' title='bbox 2014 640 2329 710; x_wconf 84' lang='lat' dir='ltr'><strong>Spirituum,</strong></span> <span class='ocrx_word' id='word_1_141' title='bbox 2347 649 2442 695; x_wconf 88' lang='lat' dir='ltr'><strong>aut</strong></span> <span class='ocrx_word' id='word_1_142' title='bbox 2469 640 2950 713; x_wconf 71' lang='lat' dir='ltr'><strong>prazcognitionem</strong></span> <span class='ocrx_word' id='word_1_143' title='bbox 2980 642 3310 705; x_wconf 71' lang='lat' dir='ltr'><strong>fulturarum,</strong></span> <span class='ocrx_word' id='word_1_144' title='bbox 3337 651 3433 698; x_wconf 87' lang='lat' dir='ltr'><strong>aut</strong></span> 
     </span>
    </p>
   </div>
   <div class='ocr_carea' id='block_1_21' title="bbox 1856 733 3434 804">
    <p class='ocr_par' dir='ltr' id='par_1_21' title="bbox 1856 733 3434 804">
     <span class='ocr_line' id='line_1_21' title="bbox 1856 733 3434 804; baseline 0.004 -19"><span class='ocrx_word' id='word_1_145' title='bbox 1856 746 2163 787; x_wconf 83' lang='lat' dir='ltr'><strong>sermonem</strong></span> <span class='ocrx_word' id='word_1_146' title='bbox 2190 741 2373 800; x_wconf 83' lang='lat' dir='ltr'><strong>aptum</strong></span> <span class='ocrx_word' id='word_1_147' title='bbox 2402 733 2468 787; x_wconf 91' lang='lat' dir='ltr'><strong>ad</strong></span> <span class='ocrx_word' id='word_1_148' title='bbox 2497 734 2825 797; x_wconf 91' lang='lat' dir='ltr'><strong>docendum,</strong></span> <span class='ocrx_word' id='word_1_149' title='bbox 2854 743 2947 787; x_wconf 89' lang='lat' dir='ltr'><strong>aut</strong></span> <span class='ocrx_word' id='word_1_150' title='bbox 2977 736 3312 804; x_wconf 87' lang='lat' dir='ltr'><strong>patientiam.</strong></span> <span class='ocrx_word' id='word_1_151' title='bbox 3337 743 3434 793; x_wconf 78' lang='lat' dir='ltr'><strong>aut</strong></span> 
     </span>
    </p>
   </div>
   <div class='ocr_carea' id='block_1_22' title="bbox 1856 823 3427 898">
    <p class='ocr_par' dir='ltr' id='par_1_22' title="bbox 1856 823 3427 898">
     <span class='ocr_line' id='line_1_22' title="bbox 1856 823 3427 898; baseline 0.004 -22"><span class='ocrx_word' id='word_1_152' title='bbox 1856 823 2247 878; x_wconf 76' lang='lat' dir='ltr'><strong>continentiam</strong></span> <span class='ocrx_word' id='word_1_153' title='bbox 2277 825 2595 895; x_wconf 76' lang='lat' dir='ltr'><strong>legitimam.</strong></span> <span class='ocrx_word' id='word_1_154' title='bbox 2647 825 2858 881; x_wconf 84' lang='lat' dir='ltr'><strong>Etenim</strong></span> <span class='ocrx_word' id='word_1_155' title='bbox 2888 826 3101 898; x_wconf 79' lang='lat' dir='ltr'><strong>Moyses</strong></span> <span class='ocrx_word' id='word_1_156' title='bbox 3130 830 3291 883; x_wconf 82' lang='lat' dir='ltr'><strong>homo</strong></span> <span class='ocrx_word' id='word_1_157' title='bbox 3311 828 3427 897; x_wconf 97' lang='lat' dir='ltr'><strong>Dei,</strong></span> 
     </span>
    </p>
   </div>
   <div class='ocr_carea' id='block_1_23' title="bbox 1855 915 3430 992">
    <p class='ocr_par' dir='ltr' id='par_1_23' title="bbox 1855 915 3430 992">
     <span class='ocr_line' id='line_1_23' title="bbox 1855 915 3430 992; baseline 0.005 -24"><span class='ocrx_word' id='word_1_158' title='bbox 1855 930 1980 969; x_wconf 90' lang='lat' dir='ltr'><strong>cum</strong></span> <span class='ocrx_word' id='word_1_159' title='bbox 2006 916 2061 970; x_wconf 93' lang='lat' dir='ltr'><strong>in</strong></span> <span class='ocrx_word' id='word_1_160' title='bbox 2097 915 2334 988; x_wconf 64' lang='lat' dir='ltr'><strong>Egypto</strong></span> <span class='ocrx_word' id='word_1_161' title='bbox 2379 918 2531 989; x_wconf 78' lang='lat' dir='ltr'><strong>signa</strong></span> <span class='ocrx_word' id='word_1_162' title='bbox 2565 918 2869 988; x_wconf 78' lang='lat' dir='ltr'><strong>perﬁceret,</strong></span> <span class='ocrx_word' id='word_1_163' title='bbox 2901 936 3009 974; x_wconf 91' lang='lat' dir='ltr'><strong>non</strong></span> <span class='ocrx_word' id='word_1_164' title='bbox 3049 936 3108 975; x_wconf 90' lang='lat' dir='ltr'><strong>se</strong></span> <span class='ocrx_word' id='word_1_165' title='bbox 3158 922 3211 975; x_wconf 91' lang='lat' dir='ltr'><strong>in</strong></span> <span class='ocrx_word' id='word_1_166' title='bbox 3257 938 3430 992; x_wconf 89' lang='lat' dir='ltr'><strong>popu-</strong></span> 
     </span>
    </p>
   </div>
   <div class='ocr_carea' id='block_1_24' title="bbox 1854 1010 3426 1082">
    <p class='ocr_par' dir='ltr' id='par_1_24' title="bbox 1854 1010 3426 1082">
     <span class='ocr_line' id='line_1_24' title="bbox 1854 1010 3426 1082; baseline 0.003 -21"><span class='ocrx_word' id='word_1_167' title='bbox 1854 1010 1997 1065; x_wconf 81' lang='lat' dir='ltr'><strong>lares</strong></span> <span class='ocrx_word' id='word_1_168' title='bbox 2030 1026 2159 1065; x_wconf 90' lang='lat' dir='ltr'><strong>suos</strong></span> <span class='ocrx_word' id='word_1_169' title='bbox 2189 1010 2412 1076; x_wconf 81' lang='lat' dir='ltr'><strong>extulit;</strong></span> <span class='ocrx_word' id='word_1_170' title='bbox 2438 1025 2669 1081; x_wconf 81' lang='lat' dir='ltr'><strong>cumque</strong></span> <span class='ocrx_word' id='word_1_171' title='bbox 2699 1011 2835 1066; x_wconf 90' lang='lat' dir='ltr'><strong>deus</strong></span> <span class='ocrx_word' id='word_1_172' title='bbox 2866 1012 3167 1082; x_wconf 86' lang='lat' dir='ltr'><strong>appellatus</strong></span> <span class='ocrx_word' id='word_1_173' title='bbox 3198 1012 3426 1081; x_wconf 67' lang='lat' dir='ltr'><strong>fuisset;</strong></span> 
     </span>
    </p>
   </div>
   <div class='ocr_carea' id='block_1_25' title="bbox 1854 1094 3429 1174">
    <p class='ocr_par' dir='ltr' id='par_1_25' title="bbox 1854 1094 3429 1174">
     <span class='ocr_line' id='line_1_25' title="bbox 1854 1094 3429 1174; baseline 0.004 -18"><span class='ocrx_word' id='word_1_174' title='bbox 1854 1118 1964 1156; x_wconf 91' lang='lat' dir='ltr'><strong>non</strong></span> <span class='ocrx_word' id='word_1_175' title='bbox 1993 1101 2296 1172; x_wconf 87' lang='lat' dir='ltr'><strong>superbivit</strong></span> <span class='ocrx_word' id='word_1_176' title='bbox 2320 1102 2373 1156; x_wconf 90' lang='lat' dir='ltr'><strong>in</strong></span> <span class='ocrx_word' id='word_1_177' title='bbox 2409 1094 2569 1158; x_wconf 83' lang='lat' dir='ltr'><strong>suum</strong></span> <span class='ocrx_word' id='word_1_178' title='bbox 2600 1103 2923 1174; x_wconf 83' lang='lat' dir='ltr'><strong>prophetam</strong></span> <span class='ocrx_word' id='word_1_179' title='bbox 2946 1105 3219 1161; x_wconf 82' lang='lat' dir='ltr'><strong>Aaronem</strong></span> <span class='ocrx_word' id='word_1_180' title='bbox 3244 1104 3285 1159; x_wconf 91' lang='grc'><strong>³.</strong></span> <span class='ocrx_word' id='word_1_181' title='bbox 3320 1104 3429 1162; x_wconf 77' lang='lat' dir='ltr'><strong>Sed</strong></span> 
     </span>
    </p>
   </div>
   <div class='ocr_carea' id='block_1_26' title="bbox 1853 1192 3429 1266">
    <p class='ocr_par' dir='ltr' id='par_1_26' title="bbox 1853 1192 3429 1266">
     <span class='ocr_line' id='line_1_26' title="bbox 1853 1192 3429 1266; baseline 0.003 -18"><span class='ocrx_word' id='word_1_182' title='bbox 1853 1202 1907 1248; x_wconf 89' lang='lat' dir='ltr'><strong>et</strong></span> <span class='ocrx_word' id='word_1_183' title='bbox 1926 1193 2088 1249; x_wconf 84' lang='lat' dir='ltr'><strong>Jesus</strong></span> <span class='ocrx_word' id='word_1_184' title='bbox 2117 1192 2279 1249; x_wconf 64' lang='lat' dir='ltr'><strong>Navm</strong></span> <span class='ocrx_word' id='word_1_185' title='bbox 2309 1194 2473 1257; x_wconf 83' lang='lat' dir='ltr'><strong>filius,</strong></span> <span class='ocrx_word' id='word_1_186' title='bbox 2506 1196 2600 1265; x_wconf 89' lang='lat' dir='ltr'><strong>qui</strong></span> <span class='ocrx_word' id='word_1_187' title='bbox 2646 1202 2768 1265; x_wconf 88' lang='lat' dir='ltr'><strong>post</strong></span> <span class='ocrx_word' id='word_1_188' title='bbox 2801 1196 3039 1266; x_wconf 85' lang='lat' dir='ltr'><strong>Moysem</strong></span> <span class='ocrx_word' id='word_1_189' title='bbox 3071 1196 3269 1250; x_wconf 88' lang='lat' dir='ltr'><strong>ductor</strong></span> <span class='ocrx_word' id='word_1_190' title='bbox 3325 1194 3429 1252; x_wconf 85' lang='lat' dir='ltr'><strong>luit</strong></span> 
     </span>
    </p>
   </div>
   <div class='ocr_carea' id='block_1_27' title="bbox 1854 1273 3446 1359">
    <p class='ocr_par' dir='ltr' id='par_1_27' title="bbox 1854 1273 3446 1359">
     <span class='ocr_line' id='line_1_27' title="bbox 1854 1273 3446 1359; baseline 0.005 -22"><span class='ocrx_word' id='word_1_191' title='bbox 1854 1286 2061 1354; x_wconf 82' lang='lat' dir='ltr'><strong>populi,</strong></span> <span class='ocrx_word' id='word_1_192' title='bbox 2088 1287 2341 1356; x_wconf 79' lang='lat' dir='ltr'><strong>quamvis</strong></span> <span class='ocrx_word' id='word_1_193' title='bbox 2365 1287 2419 1341; x_wconf 89' lang='lat' dir='ltr'><strong>in</strong></span> <span class='ocrx_word' id='word_1_194' title='bbox 2451 1288 2596 1342; x_wconf 87' lang='lat' dir='ltr'><strong>bello</strong></span> <span class='ocrx_word' id='word_1_195' title='bbox 2638 1286 2927 1342; x_wconf 87' lang='lat' dir='ltr'><strong>adversum</strong></span> <span class='ocrx_word' id='word_1_196' title='bbox 2955 1288 3255 1351; x_wconf 72' lang='lat' dir='ltr'><strong>Jebuszcos,</strong></span> <span class='ocrx_word' id='word_1_197' title='bbox 3281 1273 3446 1359; x_wconf 41' lang='lat' dir='ltr'><strong>quod.</strong></span> 
     </span>
    </p>
   </div>
   <div class='ocr_carea' id='block_1_28' title="bbox 1852 1378 3425 1443">
    <p class='ocr_par' dir='ltr' id='par_1_28' title="bbox 1852 1378 3425 1443">
     <span class='ocr_line' id='line_1_28' title="bbox 1852 1378 3425 1443; baseline 0.002 -11"><span class='ocrx_word' id='word_1_198' title='bbox 1852 1394 1961 1432; x_wconf 90' lang='lat' dir='ltr'><strong>non</strong></span> <span class='ocrx_word' id='word_1_199' title='bbox 1991 1379 2264 1435; x_wconf 83' lang='lat' dir='ltr'><strong>sulliceret</strong></span> <span class='ocrx_word' id='word_1_200' title='bbox 2290 1378 2409 1435; x_wconf 88' lang='lat' dir='ltr'><strong>dies</strong></span> <span class='ocrx_word' id='word_1_201' title='bbox 2435 1378 2499 1433; x_wconf 85' lang='lat' dir='ltr'><strong>ad</strong></span> <span class='ocrx_word' id='word_1_202' title='bbox 2529 1380 2837 1443; x_wconf 84' lang='lat' dir='ltr'><strong>victoriam,</strong></span> <span class='ocrx_word' id='word_1_203' title='bbox 2895 1381 3064 1434; x_wconf 88' lang='lat' dir='ltr'><strong>solem</strong></span> <span class='ocrx_word' id='word_1_204' title='bbox 3097 1382 3329 1435; x_wconf 79' lang='lat' dir='ltr'><strong>stitisset</strong></span> <span class='ocrx_word' id='word_1_205' title='bbox 3357 1382 3425 1435; x_wconf 88' lang='lat' dir='ltr'><strong>ad</strong></span> 
     </span>
    </p>
   </div>
   <div class='ocr_carea' id='block_1_29' title="bbox 1851 1470 3428 1539">
    <p class='ocr_par' dir='ltr' id='par_1_29' title="bbox 1851 1470 3428 1539">
     <span class='ocr_line' id='line_1_29' title="bbox 1851 1470 3428 1539; baseline 0.003 -16"><span class='ocrx_word' id='word_1_206' title='bbox 1851 1470 2188 1533; x_wconf 78' lang='lat' dir='ltr'><strong>Gabaonem,</strong></span> <span class='ocrx_word' id='word_1_207' title='bbox 2218 1479 2273 1527; x_wconf 89' lang='lat' dir='ltr'><strong>et</strong></span> <span class='ocrx_word' id='word_1_208' title='bbox 2304 1472 2488 1526; x_wconf 85' lang='lat' dir='ltr'><strong>lunam</strong></span> <span class='ocrx_word' id='word_1_209' title='bbox 2512 1471 2580 1525; x_wconf 90' lang='lat' dir='ltr'><strong>ad</strong></span> <span class='ocrx_word' id='word_1_210' title='bbox 2602 1473 2795 1527; x_wconf 80' lang='lat' dir='ltr'><strong>vallem</strong></span> <span class='ocrx_word' id='word_1_211' title='bbox 2828 1472 3107 1527; x_wconf 86' lang='lat' dir='ltr'><strong>Aialonem</strong></span> <span class='ocrx_word' id='word_1_212' title='bbox 3135 1493 3148 1539; x_wconf 90' lang='lat'><strong>;</strong></span> <span class='ocrx_word' id='word_1_213' title='bbox 3185 1489 3290 1527; x_wconf 89' lang='lat' dir='ltr'><strong>non</strong></span> <span class='ocrx_word' id='word_1_214' title='bbox 3344 1484 3428 1527; x_wconf 79' lang='lat' dir='ltr'><strong>ta-</strong></span> 
     </span>
    </p>
   </div>
   <div class='ocr_carea' id='block_1_30' title="bbox 1852 1563 3427 1637">
    <p class='ocr_par' dir='ltr' id='par_1_30' title="bbox 1852 1563 3427 1637">
     <span class='ocr_line' id='line_1_30' title="bbox 1852 1563 3427 1637; baseline 0.003 -21"><span class='ocrx_word' id='word_1_215' title='bbox 1852 1580 1973 1617; x_wconf 89' lang='lat' dir='ltr'><strong>men</strong></span> <span class='ocrx_word' id='word_1_216' title='bbox 2010 1564 2067 1618; x_wconf 89' lang='lat' dir='ltr'><strong>in</strong></span> <span class='ocrx_word' id='word_1_217' title='bbox 2094 1563 2482 1637; x_wconf 58' lang='lat' dir='ltr'><strong>Phineeniaut</strong></span> <span class='ocrx_word' id='word_1_218' title='bbox 2530 1564 2829 1619; x_wconf 87' lang='lat' dir='ltr'><strong>Chalebum</strong></span> <span class='ocrx_word' id='word_1_219' title='bbox 2886 1566 3195 1635; x_wconf 79' lang='lat' dir='ltr'><strong>arrogantia</strong></span> <span class='ocrx_word' id='word_1_220' title='bbox 3250 1568 3427 1621; x_wconf 84' lang='lat' dir='ltr'><strong>elatus</strong></span> 
     </span>
    </p>
   </div>
   <div class='ocr_carea' id='block_1_31' title="bbox 1850 1656 3425 1727">
    <p class='ocr_par' dir='ltr' id='par_1_31' title="bbox 1850 1656 3425 1727">
     <span class='ocr_line' id='line_1_31' title="bbox 1850 1656 3425 1727; baseline 0.001 -18"><span class='ocrx_word' id='word_1_221' title='bbox 1850 1666 1932 1710; x_wconf 90' lang='lat' dir='ltr'><strong>est</strong></span> <span class='ocrx_word' id='word_1_222' title='bbox 1947 1656 1985 1710; x_wconf 70' lang='grc'><strong>⁸.</strong></span> <span class='ocrx_word' id='word_1_223' title='bbox 2014 1656 2200 1727; x_wconf 88' lang='lat' dir='ltr'><strong>Neque</strong></span> <span class='ocrx_word' id='word_1_224' title='bbox 2232 1656 2471 1722; x_wconf 80' lang='lat' dir='ltr'><strong>Samuel,</strong></span> <span class='ocrx_word' id='word_1_225' title='bbox 2500 1658 2590 1726; x_wconf 92' lang='lat' dir='ltr'><strong>qui</strong></span> <span class='ocrx_word' id='word_1_226' title='bbox 2617 1664 2694 1710; x_wconf 92' lang='lat' dir='ltr'><strong>tot</strong></span> <span class='ocrx_word' id='word_1_227' title='bbox 2719 1657 2854 1709; x_wconf 87' lang='lat' dir='ltr'><strong>mira</strong></span> <span class='ocrx_word' id='word_1_228' title='bbox 2886 1665 2940 1710; x_wconf 85' lang='lat' dir='ltr'><strong>et</strong></span> <span class='ocrx_word' id='word_1_229' title='bbox 2976 1657 3251 1726; x_wconf 85' lang='lat' dir='ltr'><strong>inopinata</strong></span> <span class='ocrx_word' id='word_1_230' title='bbox 3275 1658 3425 1720; x_wconf 75' lang='lat' dir='ltr'><strong>fecit,</strong></span> 
     </span>
    </p>
   </div>
   <div class='ocr_carea' id='block_1_32' title="bbox 1850 1748 3423 1819">
    <p class='ocr_par' dir='ltr' id='par_1_32' title="bbox 1850 1748 3423 1819">
     <span class='ocr_line' id='line_1_32' title="bbox 1850 1748 3423 1819; baseline 0.008 -24"><span class='ocrx_word' id='word_1_231' title='bbox 1850 1748 1999 1817; x_wconf 80' lang='lat' dir='ltr'><strong>pium</strong></span> <span class='ocrx_word' id='word_1_232' title='bbox 2044 1764 2107 1802; x_wconf 90' lang='lat' dir='ltr'><strong>ac</strong></span> <span class='ocrx_word' id='word_1_233' title='bbox 2140 1748 2250 1803; x_wconf 91' lang='lat' dir='ltr'><strong>Deo</strong></span> <span class='ocrx_word' id='word_1_234' title='bbox 2307 1749 2535 1819; x_wconf 87' lang='lat' dir='ltr'><strong>charum</strong></span> <span class='ocrx_word' id='word_1_235' title='bbox 2594 1748 2853 1803; x_wconf 88' lang='lat' dir='ltr'><strong>Davidem</strong></span> <span class='ocrx_word' id='word_1_236' title='bbox 2898 1750 3054 1803; x_wconf 84' lang='lat' dir='ltr'><strong>nihili</strong></span> <span class='ocrx_word' id='word_1_237' title='bbox 3092 1752 3287 1805; x_wconf 78' lang='lat' dir='ltr'><strong>duxit:</strong></span> <span class='ocrx_word' id='word_1_238' title='bbox 3331 1753 3423 1807; x_wconf 88' lang='lat' dir='ltr'><strong>scd</strong></span> 
     </span>
    </p>
   </div>
   <div class='ocr_carea' id='block_1_33' title="bbox 1850 1840 3427 1911">
    <p class='ocr_par' dir='ltr' id='par_1_33' title="bbox 1850 1840 3427 1911">
     <span class='ocr_line' id='line_1_33' title="bbox 1850 1840 3427 1911; baseline 0.004 -19"><span class='ocrx_word' id='word_1_239' title='bbox 1850 1840 2011 1893; x_wconf 88' lang='lat' dir='ltr'><strong>ambo</strong></span> <span class='ocrx_word' id='word_1_240' title='bbox 2036 1849 2191 1895; x_wconf 88' lang='lat' dir='ltr'><strong>erant</strong></span> <span class='ocrx_word' id='word_1_241' title='bbox 2225 1841 2501 1910; x_wconf 69' lang='lat' dir='ltr'><strong>prephetaa</strong></span> <span class='ocrx_word' id='word_1_242' title='bbox 2529 1858 2543 1907; x_wconf 92' lang='lat'><strong>;</strong></span> <span class='ocrx_word' id='word_1_243' title='bbox 2576 1849 2627 1894; x_wconf 91' lang='lat' dir='ltr'><strong>et</strong></span> <span class='ocrx_word' id='word_1_244' title='bbox 2656 1842 2745 1895; x_wconf 90' lang='lat' dir='ltr'><strong>ille</strong></span> <span class='ocrx_word' id='word_1_245' title='bbox 2779 1842 2997 1911; x_wconf 83' lang='lat' dir='ltr'><strong>quidem</strong></span> <span class='ocrx_word' id='word_1_246' title='bbox 3032 1844 3297 1911; x_wconf 73' lang='lat' dir='ltr'><strong>pontifex,</strong></span> <span class='ocrx_word' id='word_1_247' title='bbox 3336 1845 3427 1899; x_wconf 87' lang='lat' dir='ltr'><strong>hic</strong></span> 
     </span>
    </p>
   </div>
   <div class='ocr_carea' id='block_1_34' title="bbox 180 1898 1764 2003">
    <p class='ocr_par' dir='ltr' id='par_1_34' title="bbox 180 1898 1743 1992">
     <span class='ocr_line' id='line_1_34' title="bbox 180 1898 1743 1992; baseline -0.001 -18"><span class='ocrx_word' id='word_1_248' title='bbox 180 1926 331 1985; x_wconf 85' lang='grc' dir='ltr'>σαῖος</span> <span class='ocrx_word' id='word_1_249' title='bbox 394 1921 788 1991; x_wconf 78' lang='grc' dir='ltr'>θαυματοποιοὶ</span> <span class='ocrx_word' id='word_1_250' title='bbox 835 1921 1171 1992; x_wconf 80' lang='grc' dir='ltr'>γεγένηνται“</span> <span class='ocrx_word' id='word_1_251' title='bbox 1206 1898 1318 1973; x_wconf 82' lang='grc' dir='ltr'>ἀλλ’</span> <span class='ocrx_word' id='word_1_252' title='bbox 1376 1898 1499 1973; x_wconf 73' lang='grc' dir='ltr'><strong>οῦτέ</strong></span> <span class='ocrx_word' id='word_1_253' title='bbox 1560 1921 1743 1985; x_wconf 84' lang='grc' dir='ltr'>Ἠλίας</span> 
     </span>
    </p>
   </div>
   <div class='ocr_carea' id='block_1_35' title="bbox 1849 1898 3424 2003">
    <p class='ocr_par' dir='ltr' id='par_1_35' title="bbox 1851 1931 3424 2003">
     <span class='ocr_line' id='line_1_35' title="bbox 1851 1931 3424 2003; baseline 0.003 -18"><span class='ocrx_word' id='word_1_254' title='bbox 1851 1948 1979 1988; x_wconf 85' lang='lat' dir='ltr'><strong>vero</strong></span> <span class='ocrx_word' id='word_1_255' title='bbox 2014 1950 2133 1989; x_wconf 80' lang='lat' dir='ltr'><strong>rex.</strong></span> <span class='ocrx_word' id='word_1_256' title='bbox 2190 1933 2401 1988; x_wconf 86' lang='lat' dir='ltr'><strong>Etcum</strong></span> <span class='ocrx_word' id='word_1_257' title='bbox 2443 1933 2499 1988; x_wconf 89' lang='lat' dir='ltr'><strong>in</strong></span> <span class='ocrx_word' id='word_1_258' title='bbox 2538 1931 2737 1987; x_wconf 86' lang='lat' dir='ltr'><strong>lsraele</strong></span> <span class='ocrx_word' id='word_1_259' title='bbox 2785 1944 2967 1988; x_wconf 86' lang='lat' dir='ltr'><strong>essent</strong></span> <span class='ocrx_word' id='word_1_260' title='bbox 3010 1943 3217 2003; x_wconf 87' lang='lat' dir='ltr'><strong>septem</strong></span> <span class='ocrx_word' id='word_1_261' title='bbox 3250 1938 3424 1989; x_wconf 79' lang='lat' dir='ltr'><strong>millia</strong></span> 
     </span>
    </p>
   </div>
   <div class='ocr_carea' id='block_1_36' title="bbox 176 2011 1745 2083">
    <p class='ocr_par' dir='ltr' id='par_1_36' title="bbox 176 2011 1745 2083">
     <span class='ocr_line' id='line_1_36' title="bbox 176 2011 1745 2083; baseline 0 -18"><span class='ocrx_word' id='word_1_262' title='bbox 176 2014 270 2067; x_wconf 74' lang='grc' dir='ltr'>’τὸν</span> <span class='ocrx_word' id='word_1_263' title='bbox 331 2012 616 2082; x_wconf 79' lang='grc' dir='ltr'>οἰκονόμον</span> <span class='ocrx_word' id='word_1_264' title='bbox 682 2011 888 2066; x_wconf 81' lang='grc' dir='ltr'>’Λϐδιοὺ</span> <span class='ocrx_word' id='word_1_265' title='bbox 968 2012 1367 2083; x_wconf 78' lang='grc' dir='ltr'>ἐξεμυκτήρισε</span> <span class='ocrx_word' id='word_1_266' title='bbox 1399 2051 1414 2075; x_wconf 94' lang='grc'><strong>,</strong></span> <span class='ocrx_word' id='word_1_267' title='bbox 1474 2011 1745 2083; x_wconf 79' lang='grc' dir='ltr'>φοϐούμε-</span> 
     </span>
    </p>
   </div>
   <div class='ocr_carea' id='block_1_37' title="bbox 173 2102 1746 2176">
    <p class='ocr_par' dir='ltr' id='par_1_37' title="bbox 173 2102 1746 2176">
     <span class='ocr_line' id='line_1_37' title="bbox 173 2102 1746 2176; baseline -0.002 -17"><span class='ocrx_word' id='word_1_268' title='bbox 173 2124 268 2159; x_wconf 75' lang='grc' dir='ltr'><strong>νον</strong></span> <span class='ocrx_word' id='word_1_269' title='bbox 315 2107 409 2176; x_wconf 84' lang='grc' dir='ltr'>μὲν</span> <span class='ocrx_word' id='word_1_270' title='bbox 463 2105 552 2157; x_wconf 79' lang='grc' dir='ltr'><strong>τὸν</strong></span> <span class='ocrx_word' id='word_1_271' title='bbox 604 2102 770 2165; x_wconf 77' lang='grc' dir='ltr'>θεὸν,</span> <span class='ocrx_word' id='word_1_272' title='bbox 830 2102 891 2155; x_wconf 85' lang='grc' dir='ltr'><strong>οὑ</strong></span> <span class='ocrx_word' id='word_1_273' title='bbox 928 2103 1183 2155; x_wconf 83' lang='grc' dir='ltr'>ποιοῦντα</span> <span class='ocrx_word' id='word_1_274' title='bbox 1240 2102 1293 2155; x_wconf 81' lang='grc' dir='ltr'><strong>δὲ</strong></span> <span class='ocrx_word' id='word_1_275' title='bbox 1350 2106 1566 2172; x_wconf 86' lang='grc' dir='ltr'>σημεῖα·</span> <span class='ocrx_word' id='word_1_276' title='bbox 1622 2102 1746 2156; x_wconf 71' lang='grc' dir='ltr'>οὗτε</span> 
     </span>
    </p>
   </div>
   <div class='ocr_carea' id='block_1_38' title="bbox 196 2193 1748 2266">
    <p class='ocr_par' dir='ltr' id='par_1_38' title="bbox 196 2193 1748 2266">
     <span class='ocr_line' id='line_1_38' title="bbox 196 2193 1748 2266; baseline -0.003 -14"><span class='ocrx_word' id='word_1_277' title='bbox 196 2198 483 2259; x_wconf 81' lang='grc' dir='ltr'>Ἐλισσαῖος</span> <span class='ocrx_word' id='word_1_278' title='bbox 509 2196 599 2249; x_wconf 78' lang='grc' dir='ltr'><strong>τὸν</strong></span> <span class='ocrx_word' id='word_1_279' title='bbox 631 2193 826 2248; x_wconf 74' lang='grc' dir='ltr'>ἑαυτοῦ</span> <span class='ocrx_word' id='word_1_280' title='bbox 865 2194 1110 2265; x_wconf 81' lang='grc' dir='ltr'>μαθητὴν</span> <span class='ocrx_word' id='word_1_281' title='bbox 1158 2195 1447 2266; x_wconf 80' lang='grc' dir='ltr'>φρίττοντα</span> <span class='ocrx_word' id='word_1_282' title='bbox 1470 2197 1597 2259; x_wconf 83' lang='grc' dir='ltr'>τοὺς</span> <span class='ocrx_word' id='word_1_283' title='bbox 1650 2209 1748 2248; x_wconf 82' lang='grc' dir='ltr'>πο-</span> 
     </span>
    </p>
   </div>
   <div class='ocr_carea' id='block_1_39' title="bbox 174 2286 1748 2360">
    <p class='ocr_par' dir='ltr' id='par_1_39' title="bbox 174 2286 1748 2360">
     <span class='ocr_line' id='line_1_39' title="bbox 174 2286 1748 2360; baseline 0 -19"><span class='ocrx_word' id='word_1_284' title='bbox 174 2288 391 2360; x_wconf 75' lang='grc' dir='ltr'>λεμίους</span> <span class='ocrx_word' id='word_1_285' title='bbox 452 2288 748 2360; x_wconf 82' lang='grc' dir='ltr'>ὑπερεῖδεν.</span> <span class='ocrx_word' id='word_1_286' title='bbox 816 2288 974 2341; x_wconf 78' lang='grc' dir='ltr'>Ἀλλὰ</span> <span class='ocrx_word' id='word_1_287' title='bbox 1024 2288 1134 2359; x_wconf 81' lang='grc' dir='ltr'>γὰρ</span> <span class='ocrx_word' id='word_1_288' title='bbox 1181 2286 1303 2340; x_wconf 75' lang='grc' dir='ltr'>οὔτε</span> <span class='ocrx_word' id='word_1_289' title='bbox 1354 2286 1550 2357; x_wconf 79' lang='grc' dir='ltr'>Δανιὴλ</span> <span class='ocrx_word' id='word_1_290' title='bbox 1591 2289 1625 2340; x_wconf 82' lang='grc' dir='ltr'>ὁ</span> <span class='ocrx_word' id='word_1_291' title='bbox 1668 2307 1748 2341; x_wconf 85' lang='grc' dir='ltr'>σο-</span> 
     </span>
    </p>
   </div>
   <div class='ocr_carea' id='block_1_40' title="bbox 171 2379 1745 2452">
    <p class='ocr_par' dir='ltr' id='par_1_40' title="bbox 171 2379 1745 2452">
     <span class='ocr_line' id='line_1_40' title="bbox 171 2379 1745 2452; baseline -0.001 -18"><span class='ocrx_word' id='word_1_292' title='bbox 171 2381 311 2451; x_wconf 81' lang='grc' dir='ltr'>φὸς,</span> <span class='ocrx_word' id='word_1_293' title='bbox 356 2379 569 2452; x_wconf 75' lang='grc' dir='ltr'>ρυσθεὶς</span> <span class='ocrx_word' id='word_1_294' title='bbox 612 2380 861 2451; x_wconf 87' lang='grc' dir='ltr'>δεύτερον</span> <span class='ocrx_word' id='word_1_295' title='bbox 910 2382 973 2432; x_wconf 83' lang='grc' dir='ltr'><strong>ἐκ</strong></span> <span class='ocrx_word' id='word_1_296' title='bbox 1008 2380 1275 2450; x_wconf 78' lang='grc' dir='ltr'>στόματος</span> <span class='ocrx_word' id='word_1_297' title='bbox 1327 2380 1576 2444; x_wconf 78' lang='grc' dir='ltr'>λεόντων,</span> <span class='ocrx_word' id='word_1_298' title='bbox 1621 2380 1745 2434; x_wconf 75' lang='grc' dir='ltr'>οὔτε</span> 
     </span>
    </p>
   </div>
   <div class='ocr_carea' id='block_1_41' title="bbox 167 2472 1747 2545">
    <p class='ocr_par' dir='ltr' id='par_1_41' title="bbox 167 2472 1747 2545">
     <span class='ocr_line' id='line_1_41' title="bbox 167 2472 1747 2545; baseline 0.001 -18"><span class='ocrx_word' id='word_1_299' title='bbox 167 2475 224 2527; x_wconf 77' lang='lat' dir='ltr'><strong>oi</strong></span> <span class='ocrx_word' id='word_1_300' title='bbox 249 2477 394 2545; x_wconf 86' lang='grc' dir='ltr'>τρεῖς</span> <span class='ocrx_word' id='word_1_301' title='bbox 422 2474 607 2535; x_wconf 83' lang='grc' dir='ltr'>παῖδες</span> <span class='ocrx_word' id='word_1_302' title='bbox 636 2474 700 2525; x_wconf 85' lang='grc' dir='ltr'><strong>ἐκ</strong></span> <span class='ocrx_word' id='word_1_303' title='bbox 728 2474 959 2543; x_wconf 83' lang='grc' dir='ltr'>καμίνου</span> <span class='ocrx_word' id='word_1_304' title='bbox 1004 2472 1173 2543; x_wconf 76' lang='grc' dir='ltr'>πυρὸς</span> <span class='ocrx_word' id='word_1_305' title='bbox 1191 2511 1205 2533; x_wconf 91' lang='grc'><strong>,</strong></span> <span class='ocrx_word' id='word_1_306' title='bbox 1237 2472 1597 2536; x_wconf 79' lang='grc' dir='ltr'>ἐξουδένωσαν</span> <span class='ocrx_word' id='word_1_307' title='bbox 1620 2476 1747 2539; x_wconf 78' lang='grc' dir='ltr'>τοὺς</span> 
     </span>
    </p>
   </div>
   <div class='ocr_carea' id='block_1_42' title="bbox 166 2564 1747 2649">
    <p class='ocr_par' dir='ltr' id='par_1_42' title="bbox 166 2564 1747 2649">
     <span class='ocr_line' id='line_1_42' title="bbox 166 2564 1747 2649; baseline -0.001 -30"><span class='ocrx_word' id='word_1_308' title='bbox 166 2567 388 2629; x_wconf 78' lang='grc' dir='ltr'>λοιποὺς</span> <span class='ocrx_word' id='word_1_309' title='bbox 414 2566 521 2618; x_wconf 88' lang='grc' dir='ltr'><strong>τῶν</strong></span> <span class='ocrx_word' id='word_1_310' title='bbox 553 2564 855 2635; x_wconf 79' lang='grc' dir='ltr'>ὁμοφύλων.</span> <span class='ocrx_word' id='word_1_311' title='bbox 929 2564 1251 2618; x_wconf 81' lang='grc' dir='ltr'>Ἡπίσταντο</span> <span class='ocrx_word' id='word_1_312' title='bbox 1294 2566 1400 2637; x_wconf 84' lang='grc' dir='ltr'>γὰρ</span> <span class='ocrx_word' id='word_1_313' title='bbox 1445 2567 1527 2618; x_wconf 79' lang='grc' dir='ltr'><strong>ὅτι</strong></span> <span class='ocrx_word' id='word_1_314' title='bbox 1572 2566 1633 2619; x_wconf 89' lang='grc' dir='ltr'><strong>ού</strong></span> <span class='ocrx_word' id='word_1_315' title='bbox 1677 2569 1747 2649; x_wconf 66' lang='grc' dir='ltr'>τῇ</span> 
     </span>
    </p>
   </div>
   <div class='ocr_carea' id='block_1_43' title="bbox 165 2655 1745 2729">
    <p class='ocr_par' dir='ltr' id='par_1_43' title="bbox 165 2655 1745 2729">
     <span class='ocr_line' id='line_1_43' title="bbox 165 2655 1745 2729; baseline -0.001 -18"><span class='ocrx_word' id='word_1_316' title='bbox 165 2658 344 2729; x_wconf 78' lang='grc' dir='ltr'>οἰκείᾳ</span> <span class='ocrx_word' id='word_1_317' title='bbox 363 2656 591 2727; x_wconf 84' lang='grc' dir='ltr'>δυνάμει</span> <span class='ocrx_word' id='word_1_318' title='bbox 628 2658 1000 2728; x_wconf 77' lang='grc' dir='ltr'>περιεγένοντο</span> <span class='ocrx_word' id='word_1_319' title='bbox 1028 2656 1133 2709; x_wconf 89' lang='grc' dir='ltr'><strong>τῶν</strong></span> <span class='ocrx_word' id='word_1_320' title='bbox 1166 2657 1371 2719; x_wconf 83' lang='grc' dir='ltr'>δεινῶν,</span> <span class='ocrx_word' id='word_1_321' title='bbox 1397 2656 1533 2711; x_wconf 81' lang='grc' dir='ltr'>ἀλλὰ</span> <span class='ocrx_word' id='word_1_322' title='bbox 1556 2661 1624 2729; x_wconf 83' lang='grc' dir='ltr'>τῇ</span> <span class='ocrx_word' id='word_1_323' title='bbox 1652 2655 1745 2709; x_wconf 87' lang='grc' dir='ltr'><strong>τοῦ</strong></span> 
     </span>
    </p>
   </div>
   <div class='ocr_carea' id='block_1_44' title="bbox 168 2747 1745 2819">
    <p class='ocr_par' dir='ltr' id='par_1_44' title="bbox 168 2747 1745 2819">
     <span class='ocr_line' id='line_1_44' title="bbox 168 2747 1745 2819; baseline -0.001 -17"><span class='ocrx_word' id='word_1_324' title='bbox 168 2748 309 2806; x_wconf 82' lang='grc' dir='ltr'>Θεοῦ</span> <span class='ocrx_word' id='word_1_325' title='bbox 340 2748 508 2817; x_wconf 85' lang='grc' dir='ltr'>ίσχύῖ,</span> <span class='ocrx_word' id='word_1_326' title='bbox 543 2749 635 2801; x_wconf 81' lang='grc' dir='ltr'><strong>καὶ</strong></span> <span class='ocrx_word' id='word_1_327' title='bbox 687 2750 887 2818; x_wconf 85' lang='grc' dir='ltr'>σημεῖα</span> <span class='ocrx_word' id='word_1_328' title='bbox 936 2747 1241 2811; x_wconf 81' lang='grc' dir='ltr'>ἐπετέλουν,</span> <span class='ocrx_word' id='word_1_329' title='bbox 1281 2748 1374 2801; x_wconf 71' lang='grc' dir='ltr'>καὶ</span> <span class='ocrx_word' id='word_1_330' title='bbox 1404 2748 1511 2801; x_wconf 88' lang='grc' dir='ltr'><strong>τῶν</strong></span> <span class='ocrx_word' id='word_1_331' title='bbox 1554 2749 1745 2819; x_wconf 82' lang='grc' dir='ltr'>δυσχε-</span> 
     </span>
    </p>
   </div>
   <div class='ocr_carea' id='block_1_45' title="bbox 166 2838 1747 2913">
    <p class='ocr_par' dir='ltr' id='par_1_45' title="bbox 166 2838 1747 2913">
     <span class='ocr_line' id='line_1_45' title="bbox 166 2838 1747 2913; baseline 0 -21"><span class='ocrx_word' id='word_1_332' title='bbox 166 2840 281 2913; x_wconf 84' lang='grc' dir='ltr'><strong>ρῶν</strong></span> <span class='ocrx_word' id='word_1_333' title='bbox 330 2840 754 2909; x_wconf 82' lang='grc' dir='ltr'>ἀπηλλάττοντο.</span> <span class='ocrx_word' id='word_1_334' title='bbox 790 2838 994 2892; x_wconf 82' lang='grc' dir='ltr'>Οὑκοῦν</span> <span class='ocrx_word' id='word_1_335' title='bbox 1029 2840 1215 2909; x_wconf 72' lang='grc' dir='ltr'>μηδεὶς</span> <span class='ocrx_word' id='word_1_336' title='bbox 1257 2840 1409 2909; x_wconf 87' lang='grc' dir='ltr'>ὑμῶν</span> <span class='ocrx_word' id='word_1_337' title='bbox 1441 2840 1747 2911; x_wconf 82' lang='grc' dir='ltr'>ἐπαιρέσθω</span> 
     </span>
    </p>
   </div>
   <div class='ocr_carea' id='block_1_46' title="bbox 162 2928 1744 3005">
    <p class='ocr_par' dir='ltr' id='par_1_46' title="bbox 162 2928 1744 3005">
     <span class='ocr_line' id='line_1_46' title="bbox 162 2928 1744 3005; baseline 0.001 -21"><span class='ocrx_word' id='word_1_338' title='bbox 162 2932 309 2985; x_wconf 72' lang='grc' dir='ltr'>κατὰ</span> <span class='ocrx_word' id='word_1_339' title='bbox 350 2932 445 2984; x_wconf 89' lang='grc' dir='ltr'><strong>τοῦ</strong></span> <span class='ocrx_word' id='word_1_340' title='bbox 490 2931 752 3001; x_wconf 79' lang='grc' dir='ltr'>ἀδελφοῦ,</span> <span class='ocrx_word' id='word_1_341' title='bbox 787 2932 889 2984; x_wconf 69' lang='grc' dir='ltr'>κᾶν</span> <span class='ocrx_word' id='word_1_342' title='bbox 916 2933 1199 3002; x_wconf 74' lang='grc' dir='ltr'>προφήτης</span> <span class='ocrx_word' id='word_1_343' title='bbox 1231 2928 1299 3005; x_wconf 77' lang='grc' dir='ltr'>ᾗ,</span> <span class='ocrx_word' id='word_1_344' title='bbox 1332 2932 1436 2985; x_wconf 70' lang='grc' dir='ltr'>κᾶν</span> <span class='ocrx_word' id='word_1_345' title='bbox 1470 2932 1744 3002; x_wconf 85' lang='grc' dir='ltr'>θαυματο-</span> 
     </span>
    </p>
   </div>
   <div class='ocr_carea' id='block_1_47' title="bbox 161 3018 1745 3095">
    <p class='ocr_par' dir='ltr' id='par_1_47' title="bbox 161 3018 1745 3095">
     <span class='ocr_line' id='line_1_47' title="bbox 161 3018 1745 3095; baseline 0.001 -20"><span class='ocrx_word' id='word_1_346' title='bbox 161 3023 338 3086; x_wconf 79' lang='grc' dir='ltr'>ποιός.</span> <span class='ocrx_word' id='word_1_347' title='bbox 387 3024 449 3076; x_wconf 81' lang='lat' dir='ltr'><strong>El</strong></span> <span class='ocrx_word' id='word_1_348' title='bbox 481 3023 589 3095; x_wconf 79' lang='grc' dir='ltr'>γὰρ</span> <span class='ocrx_word' id='word_1_349' title='bbox 618 3024 744 3093; x_wconf 81' lang='grc' dir='ltr'>δοθῇ</span> <span class='ocrx_word' id='word_1_350' title='bbox 790 3023 984 3093; x_wconf 82' lang='grc' dir='ltr'>μηκέτι</span> <span class='ocrx_word' id='word_1_351' title='bbox 1031 3018 1169 3075; x_wconf 83' lang='grc' dir='ltr'>εἷναί</span> <span class='ocrx_word' id='word_1_352' title='bbox 1213 3041 1311 3076; x_wconf 84' lang='grc' dir='ltr'><strong>που</strong></span> <span class='ocrx_word' id='word_1_353' title='bbox 1357 3027 1603 3085; x_wconf 81' lang='grc' dir='ltr'>ἄπιστον,</span> <span class='ocrx_word' id='word_1_354' title='bbox 1648 3040 1745 3076; x_wconf 85' lang='grc' dir='ltr'>πε-</span> 
     </span>
    </p>
   </div>
   <div class='ocr_carea' id='block_1_48' title="bbox 160 3114 1747 3186">
    <p class='ocr_par' dir='ltr' id='par_1_48' title="bbox 160 3114 1747 3186">
     <span class='ocr_line' id='line_1_48' title="bbox 160 3114 1747 3186; baseline -0.001 -19"><span class='ocrx_word' id='word_1_355' title='bbox 160 3115 326 3186; x_wconf 77' lang='grc' dir='ltr'>ριττή</span> <span class='ocrx_word' id='word_1_356' title='bbox 364 3114 549 3167; x_wconf 75' lang='grc' dir='ltr'>λοιπον</span> <span class='ocrx_word' id='word_1_357' title='bbox 582 3115 731 3167; x_wconf 81' lang='grc' dir='ltr'>ἔσται</span> <span class='ocrx_word' id='word_1_358' title='bbox 764 3116 915 3167; x_wconf 74' lang='grc' dir='ltr'>πᾶσα</span> <span class='ocrx_word' id='word_1_359' title='bbox 963 3115 1204 3184; x_wconf 72' lang='grc' dir='ltr'>σημείων</span> <span class='ocrx_word' id='word_1_360' title='bbox 1251 3114 1515 3185; x_wconf 77' lang='grc' dir='ltr'>ἐνέργεια.</span> <span class='ocrx_word' id='word_1_361' title='bbox 1547 3114 1620 3166; x_wconf 68' lang='lat' dir='ltr'><strong>To</strong></span> <span class='ocrx_word' id='word_1_362' title='bbox 1648 3114 1747 3185; x_wconf 79' lang='grc' dir='ltr'><strong>μὲν</strong></span> 
     </span>
    </p>
   </div>
   <div class='ocr_carea' id='block_1_49' title="bbox 155 3202 1746 3279">
    <p class='ocr_par' dir='ltr' id='par_1_49' title="bbox 155 3202 1746 3279">
     <span class='ocr_line' id='line_1_49' title="bbox 155 3202 1746 3279; baseline -0.002 -18"><span class='ocrx_word' id='word_1_363' title='bbox 155 3208 275 3279; x_wconf 76' lang='grc' dir='ltr'>γὰρ</span> <span class='ocrx_word' id='word_1_364' title='bbox 300 3202 437 3260; x_wconf 79' lang='grc' dir='ltr'>εἶναι</span> <span class='ocrx_word' id='word_1_365' title='bbox 472 3207 688 3279; x_wconf 79' lang='grc' dir='ltr'>εύσεϐἧ,</span> <span class='ocrx_word' id='word_1_366' title='bbox 714 3208 777 3261; x_wconf 82' lang='grc' dir='ltr'><strong>ἐκ</strong></span> <span class='ocrx_word' id='word_1_367' title='bbox 794 3208 892 3278; x_wconf 81' lang='grc' dir='ltr'>τῆς</span> <span class='ocrx_word' id='word_1_368' title='bbox 910 3206 1003 3259; x_wconf 87' lang='grc' dir='ltr'><strong>τοῦ</strong></span> <span class='ocrx_word' id='word_1_369' title='bbox 1026 3226 1169 3270; x_wconf 87' lang='grc' dir='ltr'>τινος</span> <span class='ocrx_word' id='word_1_370' title='bbox 1193 3208 1400 3270; x_wconf 83' lang='grc' dir='ltr'>εὐνοίας</span> <span class='ocrx_word' id='word_1_371' title='bbox 1424 3224 1438 3237; x_wconf 90' lang='grc'><strong>·</strong></span> <span class='ocrx_word' id='word_1_372' title='bbox 1468 3207 1527 3259; x_wconf 74' lang='grc' dir='ltr'>τὸ</span> <span class='ocrx_word' id='word_1_373' title='bbox 1540 3208 1596 3261; x_wconf 76' lang='grc' dir='ltr'><strong>δὲ</strong></span> <span class='ocrx_word' id='word_1_374' title='bbox 1617 3208 1746 3259; x_wconf 84' lang='grc' dir='ltr'>θαυ-</span> 
     </span>
    </p>
   </div>
   <div class='ocr_carea' id='block_1_50' title="bbox 161 3288 1744 3372">
    <p class='ocr_par' dir='ltr' id='par_1_50' title="bbox 161 3288 1744 3372">
     <span class='ocr_line' id='line_1_50' title="bbox 161 3288 1744 3372; baseline -0.003 -19"><span class='ocrx_word' id='word_1_375' title='bbox 161 3303 498 3372; x_wconf 79' lang='grc' dir='ltr'>ματοποιεῖν,</span> <span class='ocrx_word' id='word_1_376' title='bbox 529 3302 591 3352; x_wconf 79' lang='grc' dir='ltr'><strong>ἐκ</strong></span> <span class='ocrx_word' id='word_1_377' title='bbox 621 3301 719 3371; x_wconf 82' lang='grc' dir='ltr'>τῆς</span> <span class='ocrx_word' id='word_1_378' title='bbox 761 3299 853 3353; x_wconf 85' lang='grc' dir='ltr'><strong>τοῦ</strong></span> <span class='ocrx_word' id='word_1_379' title='bbox 896 3300 1244 3372; x_wconf 73' lang='grc' dir='ltr'>ἐνεργοῦντος</span> <span class='ocrx_word' id='word_1_380' title='bbox 1283 3299 1599 3370; x_wconf 82' lang='grc' dir='ltr'>δυνάμεως·</span> <span class='ocrx_word' id='word_1_381' title='bbox 1668 3288 1744 3349; x_wconf 82' lang='grc' dir='ltr'><strong>ὧν</strong></span> 
     </span>
    </p>
   </div>
   <div class='ocr_carea' id='block_1_51' title="bbox 163 3390 1747 3464">
    <p class='ocr_par' dir='ltr' id='par_1_51' title="bbox 163 3390 1747 3464">
     <span class='ocr_line' id='line_1_51' title="bbox 163 3390 1747 3464; baseline -0.001 -17"><span class='ocrx_word' id='word_1_382' title='bbox 163 3394 225 3447; x_wconf 74' lang='grc' dir='ltr'>εδ</span> <span class='ocrx_word' id='word_1_383' title='bbox 251 3394 593 3464; x_wconf 68' lang='grc' dir='ltr'>μὲνοπρῶτον</span> <span class='ocrx_word' id='word_1_384' title='bbox 616 3394 769 3463; x_wconf 43' lang='grc' dir='ltr'>’ἡμᾶς</span> <span class='ocrx_word' id='word_1_385' title='bbox 797 3394 993 3456; x_wconf 77' lang='grc' dir='ltr'>αὑτοὺς</span> <span class='ocrx_word' id='word_1_386' title='bbox 1016 3394 1138 3464; x_wconf 79' lang='grc' dir='ltr'>ὁρᾷ,</span> <span class='ocrx_word' id='word_1_387' title='bbox 1163 3392 1224 3445; x_wconf 72' lang='grc' dir='ltr'>τὸ</span> <span class='ocrx_word' id='word_1_388' title='bbox 1255 3392 1311 3445; x_wconf 78' lang='grc' dir='ltr'><strong>δὲ</strong></span> <span class='ocrx_word' id='word_1_389' title='bbox 1346 3392 1595 3462; x_wconf 82' lang='grc' dir='ltr'>δεύτερον</span> <span class='ocrx_word' id='word_1_390' title='bbox 1613 3390 1747 3445; x_wconf 78' lang='grc' dir='ltr'>Θεὸν</span> 
     </span>
    </p>
   </div>
   <div class='ocr_carea' id='block_1_52' title="bbox 160 3478 1739 3556">
    <p class='ocr_par' dir='ltr' id='par_1_52' title="bbox 160 3478 1739 3556">
     <span class='ocr_line' id='line_1_52' title="bbox 160 3478 1739 3556; baseline -0.001 -19"><span class='ocrx_word' id='word_1_391' title='bbox 160 3484 256 3537; x_wconf 76' lang='grc' dir='ltr'><strong>τὸν</strong></span> <span class='ocrx_word' id='word_1_392' title='bbox 297 3481 657 3556; x_wconf 82' lang='grc' dir='ltr'>ἐνεργοῦντα,</span> <span class='ocrx_word' id='word_1_393' title='bbox 715 3484 784 3536; x_wconf 76' lang='grc' dir='ltr'><strong>δι’</strong></span> <span class='ocrx_word' id='word_1_394' title='bbox 828 3484 895 3546; x_wconf 75' lang='grc' dir='ltr'>ἃς</span> <span class='ocrx_word' id='word_1_395' title='bbox 926 3483 1258 3554; x_wconf 80' lang='grc' dir='ltr'>προείπομεν</span> <span class='ocrx_word' id='word_1_396' title='bbox 1298 3482 1494 3546; x_wconf 87' lang='grc' dir='ltr'>αίτίας.</span> <span class='ocrx_word' id='word_1_397' title='bbox 1539 3478 1739 3536; x_wconf 71' lang='grc' dir='ltr'>Οὑκοῦι</span> 
     </span>
    </p>
   </div>
   <div class='ocr_carea' id='block_1_53' title="bbox 158 3576 1748 3649">
    <p class='ocr_par' dir='ltr' id='par_1_53' title="bbox 158 3576 1748 3649">
     <span class='ocr_line' id='line_1_53' title="bbox 158 3576 1748 3649; baseline -0.001 -19"><span class='ocrx_word' id='word_1_398' title='bbox 158 3578 306 3649; x_wconf 78' lang='grc' dir='ltr'>μήτε</span> <span class='ocrx_word' id='word_1_399' title='bbox 339 3577 590 3648; x_wconf 76' lang='grc' dir='ltr'>βασιλεὺς</span> <span class='ocrx_word' id='word_1_400' title='bbox 626 3576 974 3643; x_wconf 77' lang='grc' dir='ltr'>ἐξουθενείτω</span> <span class='ocrx_word' id='word_1_401' title='bbox 1011 3578 1137 3637; x_wconf 82' lang='grc' dir='ltr'>τοὺς</span> <span class='ocrx_word' id='word_1_402' title='bbox 1180 3577 1286 3629; x_wconf 83' lang='grc' dir='ltr'>ὑπ’</span> <span class='ocrx_word' id='word_1_403' title='bbox 1319 3576 1478 3629; x_wconf 79' lang='grc' dir='ltr'>αὑτὸν</span> <span class='ocrx_word' id='word_1_404' title='bbox 1523 3593 1748 3647; x_wconf 80' lang='grc' dir='ltr'>στρατη-</span> 
     </span>
    </p>
   </div>
   <div class='ocr_carea' id='block_1_54' title="bbox 152 3668 1747 3742">
    <p class='ocr_par' dir='ltr' id='par_1_54' title="bbox 152 3668 1747 3742">
     <span class='ocr_line' id='line_1_54' title="bbox 152 3668 1747 3742; baseline 0 -20"><span class='ocrx_word' id='word_1_405' title='bbox 152 3670 326 3741; x_wconf 82' lang='grc' dir='ltr'>γούς·</span> <span class='ocrx_word' id='word_1_406' title='bbox 374 3672 509 3742; x_wconf 89' lang='grc' dir='ltr'>μήτε</span> <span class='ocrx_word' id='word_1_407' title='bbox 535 3671 795 3742; x_wconf 76' lang='grc' dir='ltr'>ἄρχοντες</span> <span class='ocrx_word' id='word_1_408' title='bbox 822 3669 947 3731; x_wconf 79' lang='grc' dir='ltr'>τοὺς</span> <span class='ocrx_word' id='word_1_409' title='bbox 978 3668 1271 3739; x_wconf 81' lang='grc' dir='ltr'>ὑπηκόους.</span> <span class='ocrx_word' id='word_1_410' title='bbox 1302 3668 1393 3739; x_wconf 82' lang='grc' dir='ltr'><strong>Μὴ</strong></span> <span class='ocrx_word' id='word_1_411' title='bbox 1434 3668 1601 3721; x_wconf 67' lang='grc' dir='ltr'>ὄντων</span> <span class='ocrx_word' id='word_1_412' title='bbox 1638 3670 1747 3741; x_wconf 81' lang='grc' dir='ltr'>γὰρ</span> 
     </span>
    </p>
   </div>
   <div class='ocr_carea' id='block_1_55' title="bbox 150 3761 1747 3833">
    <p class='ocr_par' dir='ltr' id='par_1_55' title="bbox 150 3761 1747 3833">
     <span class='ocr_line' id='line_1_55' title="bbox 150 3761 1747 3833; baseline -0.001 -18"><span class='ocrx_word' id='word_1_413' title='bbox 150 3762 270 3815; x_wconf 81' lang='grc' dir='ltr'><strong>τῶν</strong></span> <span class='ocrx_word' id='word_1_414' title='bbox 303 3762 639 3833; x_wconf 83' lang='grc' dir='ltr'>ἀρχομένων,</span> <span class='ocrx_word' id='word_1_415' title='bbox 675 3761 920 3832; x_wconf 72' lang='grc' dir='ltr'>περιττοὶ</span> <span class='ocrx_word' id='word_1_416' title='bbox 944 3762 991 3813; x_wconf 82' lang='grc' dir='ltr'><strong>οί</strong></span> <span class='ocrx_word' id='word_1_417' title='bbox 1010 3761 1269 3831; x_wconf 81' lang='grc' dir='ltr'>ἄρχοντές</span> <span class='ocrx_word' id='word_1_418' title='bbox 1293 3778 1305 3791; x_wconf 75' lang='grc'><em>’</em></span> <span class='ocrx_word' id='word_1_419' title='bbox 1349 3762 1540 3832; x_wconf 76' lang='grc' dir='ltr'>καὶμὴ</span> <span class='ocrx_word' id='word_1_420' title='bbox 1578 3762 1747 3815; x_wconf 73' lang='grc' dir='ltr'>όντων</span> 
     </span>
    </p>
   </div>
   <div class='ocr_carea' id='block_1_56' title="bbox 154 3850 1747 3925">
    <p class='ocr_par' dir='ltr' id='par_1_56' title="bbox 154 3850 1747 3925">
     <span class='ocr_line' id='line_1_56' title="bbox 154 3850 1747 3925; baseline -0.001 -18"><span class='ocrx_word' id='word_1_421' title='bbox 154 3854 507 3925; x_wconf 85' lang='grc' dir='ltr'>στρατηγῶν,</span> <span class='ocrx_word' id='word_1_422' title='bbox 550 3853 611 3906; x_wconf 87' lang='grc' dir='ltr'><strong>οὑ</strong></span> <span class='ocrx_word' id='word_1_423' title='bbox 658 3855 912 3923; x_wconf 84' lang='grc' dir='ltr'>στήσεται</span> <span class='ocrx_word' id='word_1_424' title='bbox 950 3850 1213 3919; x_wconf 81' lang='grc' dir='ltr'>βασιλεία.</span> <span class='ocrx_word' id='word_1_425' title='bbox 1250 3851 1409 3903; x_wconf 76' lang='grc' dir='ltr'>Ἀλλὰ</span> <span class='ocrx_word' id='word_1_426' title='bbox 1454 3853 1587 3923; x_wconf 77' lang='grc' dir='ltr'>μηδὲ</span> <span class='ocrx_word' id='word_1_427' title='bbox 1630 3854 1747 3906; x_wconf 84' lang='grc' dir='ltr'>ἐπί-</span> 
     </span>
    </p>
   </div>
   <div class='ocr_carea' id='block_1_57' title="bbox 152 3943 1749 4016">
    <p class='ocr_par' dir='ltr' id='par_1_57' title="bbox 152 3943 1749 4016">
     <span class='ocr_line' id='line_1_57' title="bbox 152 3943 1749 4016; baseline -0.002 -18"><span class='ocrx_word' id='word_1_428' title='bbox 152 3962 369 4007; x_wconf 83' lang='grc' dir='ltr'>σκοπος</span> <span class='ocrx_word' id='word_1_429' title='bbox 401 3944 712 4016; x_wconf 80' lang='grc' dir='ltr'>ὲπαιρέσθω</span> <span class='ocrx_word' id='word_1_430' title='bbox 746 3943 885 3997; x_wconf 75' lang='grc' dir='ltr'>κατὰ</span> <span class='ocrx_word' id='word_1_431' title='bbox 914 3944 1021 3995; x_wconf 88' lang='grc' dir='ltr'><strong>τῶν</strong></span> <span class='ocrx_word' id='word_1_432' title='bbox 1062 3944 1327 3996; x_wconf 80' lang='grc' dir='ltr'>διακόνων</span> <span class='ocrx_word' id='word_1_433' title='bbox 1353 3983 1367 4005; x_wconf 89' lang='grc'><strong>,</strong></span> <span class='ocrx_word' id='word_1_434' title='bbox 1415 3944 1447 4012; x_wconf 81' lang='grc' dir='ltr'><strong>ἦ</strong></span> <span class='ocrx_word' id='word_1_435' title='bbox 1477 3944 1583 3995; x_wconf 85' lang='grc' dir='ltr'><strong>τῶν</strong></span> <span class='ocrx_word' id='word_1_436' title='bbox 1618 3961 1749 4014; x_wconf 84' lang='grc' dir='ltr'>πρε-</span> 
     </span>
    </p>
   </div>
   <div class='ocr_carea' id='block_1_58' title="bbox 153 4024 1744 4107">
    <p class='ocr_par' dir='ltr' id='par_1_58' title="bbox 153 4024 1744 4107">
     <span class='ocr_line' id='line_1_58' title="bbox 153 4024 1744 4107; baseline 0.001 -18"><span class='ocrx_word' id='word_1_437' title='bbox 153 4037 473 4107; x_wconf 81' lang='grc' dir='ltr'>σϐυτέρων·</span> <span class='ocrx_word' id='word_1_438' title='bbox 516 4038 647 4107; x_wconf 81' lang='grc' dir='ltr'>μήτε</span> <span class='ocrx_word' id='word_1_439' title='bbox 681 4036 786 4107; x_wconf 74' lang='grc' dir='ltr'>μὴν</span> <span class='ocrx_word' id='word_1_440' title='bbox 826 4037 876 4088; x_wconf 79' lang='grc' dir='ltr'>οἱ</span> <span class='ocrx_word' id='word_1_441' title='bbox 906 4036 1263 4107; x_wconf 81' lang='grc' dir='ltr'>πρεσϐύτεροι</span> <span class='ocrx_word' id='word_1_442' title='bbox 1294 4036 1431 4089; x_wconf 78' lang='grc' dir='ltr'>κατὰ</span> <span class='ocrx_word' id='word_1_443' title='bbox 1457 4024 1549 4090; x_wconf 75' lang='grc' dir='ltr'><strong>τοῦ</strong></span> <span class='ocrx_word' id='word_1_444' title='bbox 1576 4037 1704 4091; x_wconf 88' lang='grc' dir='ltr'>λαοῦ</span> <span class='ocrx_word' id='word_1_445' title='bbox 1728 4055 1744 4068; x_wconf 71' lang='grc'><strong><em>⁸</em></strong></span> 
     </span>
    </p>
   </div>
   <div class='ocr_carea' id='block_1_59' title="bbox 152 4127 1747 4200">
    <p class='ocr_par' dir='ltr' id='par_1_59' title="bbox 152 4127 1747 4200">
     <span class='ocr_line' id='line_1_59' title="bbox 152 4127 1747 4200; baseline -0.001 -18"><span class='ocrx_word' id='word_1_446' title='bbox 152 4129 221 4195; x_wconf 78' lang='grc' dir='ltr'><strong>ἐξ</strong></span> <span class='ocrx_word' id='word_1_447' title='bbox 254 4129 499 4199; x_wconf 79' lang='grc' dir='ltr'>ἀλλήλων</span> <span class='ocrx_word' id='word_1_448' title='bbox 529 4129 636 4200; x_wconf 85' lang='grc' dir='ltr'>γάρ</span> <span class='ocrx_word' id='word_1_449' title='bbox 664 4129 811 4181; x_wconf 84' lang='grc' dir='ltr'>ἐστιν</span> <span class='ocrx_word' id='word_1_450' title='bbox 850 4130 883 4198; x_wconf 88' lang='grc' dir='ltr'><strong>ή</strong></span> <span class='ocrx_word' id='word_1_451' title='bbox 927 4128 1183 4186; x_wconf 85' lang='grc' dir='ltr'>σύστασις</span> <span class='ocrx_word' id='word_1_452' title='bbox 1221 4127 1314 4181; x_wconf 84' lang='grc' dir='ltr'><strong>τοῦ</strong></span> <span class='ocrx_word' id='word_1_453' title='bbox 1356 4128 1747 4200; x_wconf 85' lang='grc' dir='ltr'>συναθροίσμα-</span> 
     </span>
    </p>
   </div>
   <div class='ocr_carea' id='block_1_60' title="bbox 150 4220 1748 4292">
    <p class='ocr_par' dir='ltr' id='par_1_60' title="bbox 150 4220 1748 4292">
     <span class='ocr_line' id='line_1_60' title="bbox 150 4220 1748 4292; baseline -0.001 -17"><span class='ocrx_word' id='word_1_454' title='bbox 150 4240 273 4285; x_wconf 83' lang='grc' dir='ltr'>τος.</span> <span class='ocrx_word' id='word_1_455' title='bbox 310 4221 378 4275; x_wconf 81' lang='grc' dir='ltr'><strong>Οἵ</strong></span> <span class='ocrx_word' id='word_1_456' title='bbox 400 4238 459 4273; x_wconf 89' lang='grc' dir='ltr'><strong>τε</strong></span> <span class='ocrx_word' id='word_1_457' title='bbox 494 4224 600 4292; x_wconf 84' lang='grc' dir='ltr'>γὰρ</span> <span class='ocrx_word' id='word_1_458' title='bbox 632 4221 939 4283; x_wconf 85' lang='grc' dir='ltr'>ἐπίσκοποι,</span> <span class='ocrx_word' id='word_1_459' title='bbox 970 4221 1061 4273; x_wconf 74' lang='grc' dir='ltr'>καὶ</span> <span class='ocrx_word' id='word_1_460' title='bbox 1092 4220 1141 4273; x_wconf 76' lang='lat' dir='ltr'><strong>oi</strong></span> <span class='ocrx_word' id='word_1_461' title='bbox 1183 4220 1557 4291; x_wconf 87' lang='grc' dir='ltr'>πρεσϐύτεροι,</span> <span class='ocrx_word' id='word_1_462' title='bbox 1588 4220 1748 4273; x_wconf 85' lang='grc' dir='ltr'>τινῶν</span> 
     </span>
    </p>
   </div>
   <div class='ocr_carea' id='block_1_61' title="bbox 150 4311 1748 4385">
    <p class='ocr_par' dir='ltr' id='par_1_61' title="bbox 150 4311 1748 4385">
     <span class='ocr_line' id='line_1_61' title="bbox 150 4311 1748 4385; baseline -0.001 -18"><span class='ocrx_word' id='word_1_463' title='bbox 150 4314 302 4367; x_wconf 81' lang='grc' dir='ltr'>εἶσιν</span> <span class='ocrx_word' id='word_1_464' title='bbox 338 4314 504 4385; x_wconf 76' lang='grc' dir='ltr'>ἱερεῖς</span> <span class='ocrx_word' id='word_1_465' title='bbox 535 4330 546 4343; x_wconf 93' lang='grc'><strong>·</strong></span> <span class='ocrx_word' id='word_1_466' title='bbox 583 4314 676 4365; x_wconf 76' lang='grc' dir='ltr'>καὶ</span> <span class='ocrx_word' id='word_1_467' title='bbox 720 4314 769 4365; x_wconf 80' lang='grc' dir='ltr'><strong>οί</strong></span> <span class='ocrx_word' id='word_1_468' title='bbox 808 4313 1005 4375; x_wconf 70' lang='grc' dir='ltr'>λαῖκοὶ,</span> <span class='ocrx_word' id='word_1_469' title='bbox 1045 4311 1207 4366; x_wconf 86' lang='grc' dir='ltr'>τινῶν</span> <span class='ocrx_word' id='word_1_470' title='bbox 1256 4314 1359 4367; x_wconf 80' lang='grc' dir='ltr'>εἰσι</span> <span class='ocrx_word' id='word_1_471' title='bbox 1404 4312 1579 4365; x_wconf 85' lang='grc' dir='ltr'>λαῖκοί</span> <span class='ocrx_word' id='word_1_472' title='bbox 1606 4330 1619 4341; x_wconf 91' lang='grc'><strong>·</strong></span> <span class='ocrx_word' id='word_1_473' title='bbox 1656 4313 1748 4366; x_wconf 72' lang='grc' dir='ltr'>καὶ</span> 
     </span>
    </p>
   </div>
   <div class='ocr_carea' id='block_1_62' title="bbox 148 4386 1743 4475">
    <p class='ocr_par' dir='ltr' id='par_1_62' title="bbox 148 4386 1743 4475">
     <span class='ocr_line' id='line_1_62' title="bbox 148 4386 1743 4475; baseline -0.003 -18"><span class='ocrx_word' id='word_1_474' title='bbox 148 4405 220 4457; x_wconf 79' lang='grc' dir='ltr'>τὸ</span> <span class='ocrx_word' id='word_1_475' title='bbox 253 4386 355 4475; x_wconf 83' lang='grc' dir='ltr'><strong>μέν</strong></span> <span class='ocrx_word' id='word_1_476' title='bbox 384 4400 524 4457; x_wconf 77' lang='grc' dir='ltr'>εἶναι</span> <span class='ocrx_word' id='word_1_477' title='bbox 554 4405 901 4474; x_wconf 81' lang='grc' dir='ltr'>Χριστιανὸν,</span> <span class='ocrx_word' id='word_1_478' title='bbox 932 4405 1027 4472; x_wconf 78' lang='grc' dir='ltr'><strong>ἐφ’</strong></span> <span class='ocrx_word' id='word_1_479' title='bbox 1064 4404 1221 4475; x_wconf 76' lang='grc' dir='ltr'>ἡμῖν·</span> <span class='ocrx_word' id='word_1_480' title='bbox 1262 4404 1323 4455; x_wconf 84' lang='grc' dir='ltr'><strong>τὸ</strong></span> <span class='ocrx_word' id='word_1_481' title='bbox 1350 4404 1406 4456; x_wconf 80' lang='grc' dir='ltr'><strong>δὲ</strong></span> <span class='ocrx_word' id='word_1_482' title='bbox 1430 4402 1743 4465; x_wconf 76' lang='grc' dir='ltr'>ἀπόστολον,</span> 
     </span>
    </p>
   </div>
   <div class='ocr_carea' id='block_1_63' title="bbox 148 4493 1746 4567">
    <p class='ocr_par' dir='ltr' id='par_1_63' title="bbox 148 4493 1746 4567">
     <span class='ocr_line' id='line_1_63' title="bbox 148 4493 1746 4567; baseline -0.002 -18"><span class='ocrx_word' id='word_1_483' title='bbox 148 4496 191 4567; x_wconf 71' lang='grc' dir='ltr'>ἦ</span> <span class='ocrx_word' id='word_1_484' title='bbox 206 4497 533 4558; x_wconf 79' lang='grc' dir='ltr'>ἐπίσκοπον,</span> <span class='ocrx_word' id='word_1_485' title='bbox 554 4496 727 4565; x_wconf 76' lang='grc' dir='ltr'>ἢᾶλλο</span> <span class='ocrx_word' id='word_1_486' title='bbox 745 4513 818 4557; x_wconf 89' lang='grc' dir='ltr'><strong>τι,</strong></span> <span class='ocrx_word' id='word_1_487' title='bbox 831 4496 928 4549; x_wconf 84' lang='grc' dir='ltr'><strong>οὑκ</strong></span> <span class='ocrx_word' id='word_1_488' title='bbox 944 4496 1027 4564; x_wconf 76' lang='grc' dir='ltr'><strong>ἐφ’</strong></span> <span class='ocrx_word' id='word_1_489' title='bbox 1051 4496 1199 4565; x_wconf 72' lang='grc' dir='ltr'>ἡμῖν,</span> <span class='ocrx_word' id='word_1_490' title='bbox 1214 4494 1327 4547; x_wconf 76' lang='grc' dir='ltr'>ἀλλ’</span> <span class='ocrx_word' id='word_1_491' title='bbox 1344 4494 1435 4546; x_wconf 74' lang='grc' dir='ltr'>ἐπὶ</span> <span class='ocrx_word' id='word_1_492' title='bbox 1458 4494 1534 4563; x_wconf 83' lang='grc' dir='ltr'>τῷ</span> <span class='ocrx_word' id='word_1_493' title='bbox 1554 4493 1746 4546; x_wconf 81' lang='grc' dir='ltr'>διδόντι</span> 
     </span>
    </p>
   </div>
   <div class='ocr_carea' id='block_1_64' title="bbox 1849 2026 3423 2096">
    <p class='ocr_par' dir='ltr' id='par_1_64' title="bbox 1849 2026 3423 2096">
     <span class='ocr_line' id='line_1_64' title="bbox 1849 2026 3423 2096; baseline 0.001 -17"><span class='ocrx_word' id='word_1_494' title='bbox 1849 2033 2183 2089; x_wconf 85' lang='lat' dir='ltr'><strong>sanctorum,</strong></span> <span class='ocrx_word' id='word_1_495' title='bbox 2223 2026 2316 2096; x_wconf 91' lang='lat' dir='ltr'><strong>qui</strong></span> <span class='ocrx_word' id='word_1_496' title='bbox 2342 2042 2450 2081; x_wconf 90' lang='lat' dir='ltr'><strong>non</strong></span> <span class='ocrx_word' id='word_1_497' title='bbox 2480 2034 2841 2080; x_wconf 76' lang='lat' dir='ltr'><strong>curvaverant</strong></span> <span class='ocrx_word' id='word_1_498' title='bbox 2877 2041 3012 2095; x_wconf 70' lang='lat' dir='ltr'><strong>genu</strong></span> <span class='ocrx_word' id='word_1_499' title='bbox 3048 2026 3192 2079; x_wconf 75' lang='lat' dir='ltr'><strong>Baali</strong></span> <span class='ocrx_word' id='word_1_500' title='bbox 3223 2026 3327 2087; x_wconf 74' lang='lat' dir='ltr'><strong>ll-‘;</strong></span> <span class='ocrx_word' id='word_1_501' title='bbox 3357 2044 3423 2083; x_wconf 74' lang='lat' dir='ltr'><strong>ex</strong></span> 
     </span>
    </p>
   </div>
   <div class='ocr_carea' id='block_1_65' title="bbox 1848 2116 3423 2189">
    <p class='ocr_par' dir='ltr' id='par_1_65' title="bbox 1848 2116 3423 2189">
     <span class='ocr_line' id='line_1_65' title="bbox 1848 2116 3423 2189; baseline 0.001 -18"><span class='ocrx_word' id='word_1_502' title='bbox 1848 2116 1983 2187; x_wconf 88' lang='lat' dir='ltr'><strong>ipsis</strong></span> <span class='ocrx_word' id='word_1_503' title='bbox 2016 2120 2166 2173; x_wconf 83' lang='lat' dir='ltr'><strong>solus</strong></span> <span class='ocrx_word' id='word_1_504' title='bbox 2189 2117 2354 2181; x_wconf 84' lang='lat' dir='ltr'><strong>Elias,</strong></span> <span class='ocrx_word' id='word_1_505' title='bbox 2396 2118 2625 2189; x_wconf 78' lang='lat' dir='ltr'><strong>ejusque</strong></span> <span class='ocrx_word' id='word_1_506' title='bbox 2666 2119 2969 2187; x_wconf 85' lang='lat' dir='ltr'><strong>discipulus</strong></span> <span class='ocrx_word' id='word_1_507' title='bbox 2998 2117 3226 2175; x_wconf 72' lang='lat' dir='ltr'><strong>Elisazus</strong></span> <span class='ocrx_word' id='word_1_508' title='bbox 3254 2121 3423 2172; x_wconf 87' lang='lat' dir='ltr'><strong>mira-</strong></span> 
     </span>
    </p>
   </div>
   <div class='ocr_carea' id='block_1_66' title="bbox 1847 2210 3419 2267">
    <p class='ocr_par' dir='ltr' id='par_1_66' title="bbox 1847 2210 3419 2267">
     <span class='ocr_line' id='line_1_66' title="bbox 1847 2210 3419 2267; baseline 0.002 -4"><span class='ocrx_word' id='word_1_509' title='bbox 1847 2211 2097 2264; x_wconf 90' lang='lat' dir='ltr'><strong>culorum</strong></span> <span class='ocrx_word' id='word_1_510' title='bbox 2138 2210 2422 2267; x_wconf 72' lang='lat' dir='ltr'><strong>effectores</strong></span> <span class='ocrx_word' id='word_1_511' title='bbox 2480 2211 2703 2266; x_wconf 83' lang='lat' dir='ltr'><strong>luerunt</strong></span> <span class='ocrx_word' id='word_1_512' title='bbox 2741 2231 2752 2264; x_wconf 92' lang='lat'><strong>:</strong></span> <span class='ocrx_word' id='word_1_513' title='bbox 2788 2225 2897 2265; x_wconf 89' lang='lat' dir='ltr'><strong>non</strong></span> <span class='ocrx_word' id='word_1_514' title='bbox 2931 2219 3109 2265; x_wconf 88' lang='lat' dir='ltr'><strong>tamen</strong></span> <span class='ocrx_word' id='word_1_515' title='bbox 3141 2210 3287 2265; x_wconf 84' lang='lat' dir='ltr'><strong>Elias</strong></span> <span class='ocrx_word' id='word_1_516' title='bbox 3328 2211 3419 2266; x_wconf 86' lang='lat' dir='ltr'><strong>de-</strong></span> 
     </span>
    </p>
   </div>
   <div class='ocr_carea' id='block_1_67' title="bbox 1848 2301 3421 2373">
    <p class='ocr_par' dir='ltr' id='par_1_67' title="bbox 1848 2301 3421 2373">
     <span class='ocr_line' id='line_1_67' title="bbox 1848 2301 3421 2373; baseline 0.003 -18"><span class='ocrx_word' id='word_1_517' title='bbox 1848 2301 1972 2356; x_wconf 84' lang='lat' dir='ltr'><strong>risit</strong></span> <span class='ocrx_word' id='word_1_518' title='bbox 2016 2302 2244 2356; x_wconf 83' lang='lat' dir='ltr'><strong>Abdiam</strong></span> <span class='ocrx_word' id='word_1_519' title='bbox 2274 2318 2641 2368; x_wconf 80' lang='lat' dir='ltr'><strong>(economum,</strong></span> <span class='ocrx_word' id='word_1_520' title='bbox 2676 2304 2954 2358; x_wconf 76' lang='lat' dir='ltr'><strong>timentem</strong></span> <span class='ocrx_word' id='word_1_521' title='bbox 2985 2304 3203 2373; x_wconf 87' lang='lat' dir='ltr'><strong>quidem</strong></span> <span class='ocrx_word' id='word_1_522' title='bbox 3230 2303 3421 2369; x_wconf 87' lang='lat' dir='ltr'><strong>Deum,</strong></span> 
     </span>
    </p>
   </div>
   <div class='ocr_carea' id='block_1_68' title="bbox 1848 2394 3422 2471">
    <p class='ocr_par' dir='ltr' id='par_1_68' title="bbox 1848 2394 3422 2471">
     <span class='ocr_line' id='line_1_68' title="bbox 1848 2394 3422 2471; baseline 0.003 -26"><span class='ocrx_word' id='word_1_523' title='bbox 1848 2402 1903 2447; x_wconf 90' lang='lat' dir='ltr'><strong>at</strong></span> <span class='ocrx_word' id='word_1_524' title='bbox 1934 2394 2088 2463; x_wconf 81' lang='lat' dir='ltr'><strong>signa</strong></span> <span class='ocrx_word' id='word_1_525' title='bbox 2122 2410 2231 2449; x_wconf 86' lang='lat' dir='ltr'><strong>non</strong></span> <span class='ocrx_word' id='word_1_526' title='bbox 2269 2394 2597 2464; x_wconf 81' lang='lat' dir='ltr'><strong>facientem;</strong></span> <span class='ocrx_word' id='word_1_527' title='bbox 2633 2412 2808 2466; x_wconf 83' lang='lat' dir='ltr'><strong>neque</strong></span> <span class='ocrx_word' id='word_1_528' title='bbox 2836 2395 3061 2471; x_wconf 73' lang='lat' dir='ltr'><strong>Elisams</strong></span> <span class='ocrx_word' id='word_1_529' title='bbox 3095 2396 3422 2464; x_wconf 85' lang='lat' dir='ltr'><strong>discipulum</strong></span> 
     </span>
    </p>
   </div>
   <div class='ocr_carea' id='block_1_69' title="bbox 1849 2486 3422 2560">
    <p class='ocr_par' dir='ltr' id='par_1_69' title="bbox 1849 2486 3422 2560">
     <span class='ocr_line' id='line_1_69' title="bbox 1849 2486 3422 2560; baseline 0.002 -20"><span class='ocrx_word' id='word_1_530' title='bbox 1849 2502 2007 2541; x_wconf 89' lang='lat' dir='ltr'><strong>suum</strong></span> <span class='ocrx_word' id='word_1_531' title='bbox 2038 2486 2225 2544; x_wconf 87' lang='lat' dir='ltr'><strong>hostes</strong></span> <span class='ocrx_word' id='word_1_532' title='bbox 2246 2490 2751 2560; x_wconf 83' lang='lat' dir='ltr'><strong>perhorrescentem</strong></span> <span class='ocrx_word' id='word_1_533' title='bbox 2778 2490 3025 2559; x_wconf 76' lang='lat' dir='ltr'><strong>deSpexit</strong></span> <span class='ocrx_word' id='word_1_534' title='bbox 3044 2489 3063 2519; x_wconf 83' lang='grc'><strong>⁷</strong></span> <span class='ocrx_word' id='word_1_535' title='bbox 3147 2488 3251 2542; x_wconf 80' lang='lat' dir='ltr'><strong>Sed</strong></span> <span class='ocrx_word' id='word_1_536' title='bbox 3276 2490 3422 2543; x_wconf 87' lang='lat' dir='ltr'><strong>enim</strong></span> 
     </span>
    </p>
   </div>
   <div class='ocr_carea' id='block_1_70' title="bbox 1849 2580 3421 2651">
    <p class='ocr_par' dir='ltr' id='par_1_70' title="bbox 1849 2580 3421 2651">
     <span class='ocr_line' id='line_1_70' title="bbox 1849 2580 3421 2651; baseline 0.001 -19"><span class='ocrx_word' id='word_1_537' title='bbox 1849 2594 2026 2649; x_wconf 87' lang='lat' dir='ltr'><strong>neque</strong></span> <span class='ocrx_word' id='word_1_538' title='bbox 2057 2581 2275 2651; x_wconf 86' lang='lat' dir='ltr'><strong>sapiens</strong></span> <span class='ocrx_word' id='word_1_539' title='bbox 2303 2580 2514 2646; x_wconf 80' lang='lat' dir='ltr'><strong>Daniel,</strong></span> <span class='ocrx_word' id='word_1_540' title='bbox 2566 2582 2651 2636; x_wconf 89' lang='lat' dir='ltr'><strong>bis</strong></span> <span class='ocrx_word' id='word_1_541' title='bbox 2680 2598 2747 2637; x_wconf 84' lang='lat' dir='ltr'><strong>ex</strong></span> <span class='ocrx_word' id='word_1_542' title='bbox 2789 2597 2883 2635; x_wconf 83' lang='lat' dir='ltr'><strong>ore</strong></span> <span class='ocrx_word' id='word_1_543' title='bbox 2918 2582 3134 2635; x_wconf 88' lang='lat' dir='ltr'><strong>leonum</strong></span> <span class='ocrx_word' id='word_1_544' title='bbox 3182 2586 3421 2649; x_wconf 85' lang='lat' dir='ltr'><strong>ereptus,</strong></span> 
     </span>
    </p>
   </div>
   <div class='ocr_carea' id='block_1_71' title="bbox 1847 2674 3415 2745">
    <p class='ocr_par' dir='ltr' id='par_1_71' title="bbox 1847 2674 3415 2745">
     <span class='ocr_line' id='line_1_71' title="bbox 1847 2674 3415 2745; baseline 0.003 -20"><span class='ocrx_word' id='word_1_545' title='bbox 1847 2686 2026 2741; x_wconf 85' lang='lat' dir='ltr'><strong>neque</strong></span> <span class='ocrx_word' id='word_1_546' title='bbox 2066 2680 2179 2728; x_wconf 89' lang='lat' dir='ltr'><strong>tres</strong></span> <span class='ocrx_word' id='word_1_547' title='bbox 2223 2674 2377 2742; x_wconf 87' lang='lat' dir='ltr'><strong>pueri</strong></span> <span class='ocrx_word' id='word_1_548' title='bbox 2412 2691 2478 2729; x_wconf 79' lang='lat' dir='ltr'><strong>ex</strong></span> <span class='ocrx_word' id='word_1_549' title='bbox 2510 2675 2653 2745; x_wconf 84' lang='lat' dir='ltr'><strong>ignis</strong></span> <span class='ocrx_word' id='word_1_550' title='bbox 2691 2674 2915 2730; x_wconf 87' lang='lat' dir='ltr'><strong>fornace</strong></span> <span class='ocrx_word' id='word_1_551' title='bbox 2956 2675 3223 2732; x_wconf 64' lang='lat' dir='ltr'><strong>liberati“.</strong></span> <span class='ocrx_word' id='word_1_552' title='bbox 3260 2676 3415 2729; x_wconf 85' lang='lat' dir='ltr'><strong>nihili</strong></span> 
     </span>
    </p>
   </div>
   <div class='ocr_carea' id='block_1_72' title="bbox 1847 2761 3420 2836">
    <p class='ocr_par' dir='ltr' id='par_1_72' title="bbox 1847 2761 3420 2836">
     <span class='ocr_line' id='line_1_72' title="bbox 1847 2761 3420 2836; baseline 0.001 -20"><span class='ocrx_word' id='word_1_553' title='bbox 1847 2761 2092 2817; x_wconf 85' lang='lat' dir='ltr'><strong>fecerunt</strong></span> <span class='ocrx_word' id='word_1_554' title='bbox 2112 2765 2349 2835; x_wconf 84' lang='lat' dir='ltr'><strong>reliquos</strong></span> <span class='ocrx_word' id='word_1_555' title='bbox 2373 2782 2484 2820; x_wconf 71' lang='lat' dir='ltr'><strong>sua:</strong></span> <span class='ocrx_word' id='word_1_556' title='bbox 2501 2767 2677 2836; x_wconf 81' lang='lat' dir='ltr'><strong>gentis</strong></span> <span class='ocrx_word' id='word_1_557' title='bbox 2702 2765 2970 2821; x_wconf 88' lang='lat' dir='ltr'><strong>homines.</strong></span> <span class='ocrx_word' id='word_1_558' title='bbox 2992 2765 3249 2821; x_wconf 87' lang='lat' dir='ltr'><strong>Sciebant</strong></span> <span class='ocrx_word' id='word_1_559' title='bbox 3269 2767 3420 2820; x_wconf 87' lang='lat' dir='ltr'><strong>enim</strong></span> 
     </span>
    </p>
   </div>
   <div class='ocr_carea' id='block_1_73' title="bbox 1848 2855 3420 2927">
    <p class='ocr_par' dir='ltr' id='par_1_73' title="bbox 1848 2855 3420 2927">
     <span class='ocr_line' id='line_1_73' title="bbox 1848 2855 3420 2927; baseline 0 -18"><span class='ocrx_word' id='word_1_560' title='bbox 1848 2870 1907 2909; x_wconf 86' lang='lat' dir='ltr'><strong>se</strong></span> <span class='ocrx_word' id='word_1_561' title='bbox 1936 2871 2046 2909; x_wconf 84' lang='lat' dir='ltr'><strong>non</strong></span> <span class='ocrx_word' id='word_1_562' title='bbox 2085 2855 2201 2911; x_wconf 88' lang='lat' dir='ltr'><strong>suis</strong></span> <span class='ocrx_word' id='word_1_563' title='bbox 2230 2857 2440 2913; x_wconf 78' lang='lat' dir='ltr'><strong>viribus</strong></span> <span class='ocrx_word' id='word_1_564' title='bbox 2480 2859 2723 2927; x_wconf 86' lang='lat' dir='ltr'><strong>pericula</strong></span> <span class='ocrx_word' id='word_1_565' title='bbox 2767 2858 3028 2919; x_wconf 81' lang='lat' dir='ltr'><strong>evasisse,</strong></span> <span class='ocrx_word' id='word_1_566' title='bbox 3058 2857 3153 2913; x_wconf 87' lang='lat' dir='ltr'><strong>sed</strong></span> <span class='ocrx_word' id='word_1_567' title='bbox 3185 2856 3282 2911; x_wconf 87' lang='lat' dir='ltr'><strong>Dei</strong></span> <span class='ocrx_word' id='word_1_568' title='bbox 3306 2857 3420 2910; x_wconf 80' lang='lat' dir='ltr'><strong>vir-</strong></span> 
     </span>
    </p>
   </div>
   <div class='ocr_carea' id='block_1_74' title="bbox 1848 2948 3423 3019">
    <p class='ocr_par' dir='ltr' id='par_1_74' title="bbox 1848 2948 3423 3019">
     <span class='ocr_line' id='line_1_74' title="bbox 1848 2948 3423 3019; baseline 0.003 -20"><span class='ocrx_word' id='word_1_569' title='bbox 1848 2954 1961 3001; x_wconf 90' lang='lat' dir='ltr'><strong>tute</strong></span> <span class='ocrx_word' id='word_1_570' title='bbox 1984 2963 2109 3001; x_wconf 91' lang='lat' dir='ltr'><strong>cum</strong></span> <span class='ocrx_word' id='word_1_571' title='bbox 2139 2948 2294 3017; x_wconf 78' lang='lat' dir='ltr'><strong>signa</strong></span> <span class='ocrx_word' id='word_1_572' title='bbox 2331 2950 2607 3019; x_wconf 77' lang='lat' dir='ltr'><strong>peregisse</strong></span> <span class='ocrx_word' id='word_1_573' title='bbox 2628 2990 2642 3013; x_wconf 92' lang='lat'><strong>,</strong></span> <span class='ocrx_word' id='word_1_574' title='bbox 2676 2956 2789 3002; x_wconf 89' lang='lat' dir='ltr'><strong>tum</strong></span> <span class='ocrx_word' id='word_1_575' title='bbox 2838 2950 2905 3003; x_wconf 88' lang='lat' dir='ltr'><strong>ab</strong></span> <span class='ocrx_word' id='word_1_576' title='bbox 2938 2948 3207 3019; x_wconf 79' lang='lat' dir='ltr'><strong>angustiis</strong></span> <span class='ocrx_word' id='word_1_577' title='bbox 3250 2948 3423 3003; x_wconf 81' lang='lat' dir='ltr'><strong>fuisse</strong></span> 
     </span>
    </p>
   </div>
   <div class='ocr_carea' id='block_1_75' title="bbox 1848 3039 3422 3111">
    <p class='ocr_par' dir='ltr' id='par_1_75' title="bbox 1848 3039 3422 3111">
     <span class='ocr_line' id='line_1_75' title="bbox 1848 3039 3422 3111; baseline 0.001 -19"><span class='ocrx_word' id='word_1_578' title='bbox 1848 3046 2115 3095; x_wconf 83' lang='lat' dir='ltr'><strong>servatos.</strong></span> <span class='ocrx_word' id='word_1_579' title='bbox 2146 3039 2333 3108; x_wconf 84' lang='lat' dir='ltr'><strong>Itaque</strong></span> <span class='ocrx_word' id='word_1_580' title='bbox 2363 3056 2522 3094; x_wconf 85' lang='lat' dir='ltr'><strong>nemo</strong></span> <span class='ocrx_word' id='word_1_581' title='bbox 2568 3048 2842 3104; x_wconf 71' lang='lat' dir='ltr'><strong>vestrum,</strong></span> <span class='ocrx_word' id='word_1_582' title='bbox 2873 3041 2996 3096; x_wconf 88' lang='lat' dir='ltr'><strong>licet</strong></span> <span class='ocrx_word' id='word_1_583' title='bbox 3024 3042 3095 3095; x_wconf 87' lang='lat' dir='ltr'><strong>sit</strong></span> <span class='ocrx_word' id='word_1_584' title='bbox 3134 3042 3422 3111; x_wconf 82' lang='lat' dir='ltr'><strong>propheta,</strong></span> 
     </span>
    </p>
   </div>
   <div class='ocr_carea' id='block_1_76' title="bbox 1848 3130 3422 3201">
    <p class='ocr_par' dir='ltr' id='par_1_76' title="bbox 1848 3130 3422 3201">
     <span class='ocr_line' id='line_1_76' title="bbox 1848 3130 3422 3201; baseline 0.001 -18"><span class='ocrx_word' id='word_1_585' title='bbox 1848 3130 1974 3184; x_wconf 89' lang='lat' dir='ltr'><strong>licet</strong></span> <span class='ocrx_word' id='word_1_586' title='bbox 2030 3131 2424 3185; x_wconf 86' lang='lat' dir='ltr'><strong>miraculorum</strong></span> <span class='ocrx_word' id='word_1_587' title='bbox 2465 3140 2758 3201; x_wconf 84' lang='lat' dir='ltr'><strong>cperator,</strong></span> <span class='ocrx_word' id='word_1_588' title='bbox 2789 3149 2847 3188; x_wconf 82' lang='lat' dir='ltr'><strong>se</strong></span> <span class='ocrx_word' id='word_1_589' title='bbox 2887 3133 3150 3187; x_wconf 89' lang='lat' dir='ltr'><strong>adversus</strong></span> <span class='ocrx_word' id='word_1_590' title='bbox 3198 3132 3422 3187; x_wconf 87' lang='lat' dir='ltr'><strong>fratrem</strong></span> 
     </span>
    </p>
   </div>
   <div class='ocr_carea' id='block_1_77' title="bbox 1771 3222 3422 3295">
    <p class='ocr_par' dir='ltr' id='par_1_77' title="bbox 1771 3222 3422 3295">
     <span class='ocr_line' id='line_1_77' title="bbox 1771 3222 3422 3295; baseline -0.001 -19"><span class='ocrx_word' id='word_1_591' title='bbox 1771 3239 1813 3295; x_wconf 71' lang='grc' dir='ltr'>ε</span> <span class='ocrx_word' id='word_1_592' title='bbox 1848 3222 2092 3276; x_wconf 76' lang='lat' dir='ltr'><strong>extollat.</strong></span> <span class='ocrx_word' id='word_1_593' title='bbox 2125 3222 2181 3275; x_wconf 88' lang='lat' dir='ltr'><strong>Si</strong></span> <span class='ocrx_word' id='word_1_594' title='bbox 2205 3223 2350 3276; x_wconf 89' lang='lat' dir='ltr'><strong>enim</strong></span> <span class='ocrx_word' id='word_1_595' title='bbox 2384 3223 2433 3276; x_wconf 89' lang='lat' dir='ltr'><strong>id</strong></span> <span class='ocrx_word' id='word_1_596' title='bbox 2459 3222 2638 3287; x_wconf 86' lang='lat' dir='ltr'><strong>detur,</strong></span> <span class='ocrx_word' id='word_1_597' title='bbox 2666 3232 2724 3277; x_wconf 90' lang='lat' dir='ltr'><strong>ut</strong></span> <span class='ocrx_word' id='word_1_598' title='bbox 2753 3224 2937 3278; x_wconf 86' lang='lat' dir='ltr'><strong>nullus</strong></span> <span class='ocrx_word' id='word_1_599' title='bbox 2968 3224 3203 3292; x_wconf 83' lang='lat' dir='ltr'><strong>amplius</strong></span> <span class='ocrx_word' id='word_1_600' title='bbox 3234 3224 3305 3277; x_wconf 85' lang='lat' dir='ltr'><strong>sit</strong></span> <span class='ocrx_word' id='word_1_601' title='bbox 3337 3224 3422 3276; x_wconf 87' lang='lat' dir='ltr'><strong>in-</strong></span> 
     </span>
    </p>
   </div>
   <div class='ocr_carea' id='block_1_78' title="bbox 1854 3313 3413 3385">
    <p class='ocr_par' dir='ltr' id='par_1_78' title="bbox 1854 3313 3413 3385">
     <span class='ocr_line' id='line_1_78' title="bbox 1854 3313 3413 3385; baseline 0 -18"><span class='ocrx_word' id='word_1_602' title='bbox 1854 3313 2047 3377; x_wconf 80' lang='lat' dir='ltr'><strong>ﬁdelis,</strong></span> <span class='ocrx_word' id='word_1_603' title='bbox 2071 3314 2344 3383; x_wconf 82' lang='lat' dir='ltr'><strong>superﬂua</strong></span> <span class='ocrx_word' id='word_1_604' title='bbox 2367 3314 2629 3385; x_wconf 85' lang='lat' dir='ltr'><strong>deinceps</strong></span> <span class='ocrx_word' id='word_1_605' title='bbox 2651 3316 2757 3370; x_wconf 86' lang='lat' dir='ltr'><strong>erit</strong></span> <span class='ocrx_word' id='word_1_606' title='bbox 2781 3316 2959 3370; x_wconf 87' lang='lat' dir='ltr'><strong>omnis</strong></span> <span class='ocrx_word' id='word_1_607' title='bbox 2987 3314 3268 3385; x_wconf 80' lang='lat' dir='ltr'><strong>signorum</strong></span> <span class='ocrx_word' id='word_1_608' title='bbox 3292 3330 3413 3383; x_wconf 87' lang='lat' dir='ltr'><strong>ope-</strong></span> 
     </span>
    </p>
   </div>
   <div class='ocr_carea' id='block_1_79' title="bbox 1852 3406 3414 3477">
    <p class='ocr_par' dir='ltr' id='par_1_79' title="bbox 1852 3406 3414 3477">
     <span class='ocr_line' id='line_1_79' title="bbox 1852 3406 3414 3477; baseline -0.002 -16"><span class='ocrx_word' id='word_1_609' title='bbox 1852 3407 2010 3463; x_wconf 87' lang='lat' dir='ltr'><strong>ratio.</strong></span> <span class='ocrx_word' id='word_1_610' title='bbox 2035 3406 2244 3461; x_wconf 75' lang='lat' dir='ltr'><strong>Etenim</strong></span> <span class='ocrx_word' id='word_1_611' title='bbox 2276 3422 2400 3461; x_wconf 87' lang='lat' dir='ltr'><strong>esse</strong></span> <span class='ocrx_word' id='word_1_612' title='bbox 2431 3409 2603 3477; x_wconf 86' lang='lat' dir='ltr'><strong>pium,</strong></span> <span class='ocrx_word' id='word_1_613' title='bbox 2627 3422 2696 3461; x_wconf 79' lang='lat' dir='ltr'><strong>ex</strong></span> <span class='ocrx_word' id='word_1_614' title='bbox 2722 3407 2865 3461; x_wconf 86' lang='lat' dir='ltr'><strong>bona</strong></span> <span class='ocrx_word' id='word_1_615' title='bbox 2888 3406 3196 3475; x_wconf 84' lang='lat' dir='ltr'><strong>cujuspiam</strong></span> <span class='ocrx_word' id='word_1_616' title='bbox 3227 3406 3414 3459; x_wconf 82' lang='lat' dir='ltr'><strong>volun-</strong></span> 
     </span>
    </p>
   </div>
   <div class='ocr_carea' id='block_1_80' title="bbox 1848 3498 3423 3567">
    <p class='ocr_par' dir='ltr' id='par_1_80' title="bbox 1848 3498 3423 3567">
     <span class='ocr_line' id='line_1_80' title="bbox 1848 3498 3423 3567; baseline 0.003 -18"><span class='ocrx_word' id='word_1_617' title='bbox 1848 3503 1959 3550; x_wconf 87' lang='lat' dir='ltr'><strong>tate</strong></span> <span class='ocrx_word' id='word_1_618' title='bbox 1998 3498 2207 3563; x_wconf 87' lang='lat' dir='ltr'><strong>oritur;</strong></span> <span class='ocrx_word' id='word_1_619' title='bbox 2249 3504 2304 3550; x_wconf 87' lang='lat' dir='ltr'><strong>at</strong></span> <span class='ocrx_word' id='word_1_620' title='bbox 2351 3499 2613 3551; x_wconf 83' lang='lat' dir='ltr'><strong>miracula</strong></span> <span class='ocrx_word' id='word_1_621' title='bbox 2660 3506 2901 3567; x_wconf 80' lang='lat' dir='ltr'><strong>patrare,</strong></span> <span class='ocrx_word' id='word_1_622' title='bbox 2944 3512 3011 3552; x_wconf 78' lang='lat' dir='ltr'><strong>ex</strong></span> <span class='ocrx_word' id='word_1_623' title='bbox 3046 3498 3246 3552; x_wconf 89' lang='lat' dir='ltr'><strong>virtute</strong></span> <span class='ocrx_word' id='word_1_624' title='bbox 3276 3498 3423 3554; x_wconf 74' lang='lat' dir='ltr'><strong>illius</strong></span> 
     </span>
    </p>
   </div>
   <div class='ocr_carea' id='block_1_81' title="bbox 1848 3570 3421 3658">
    <p class='ocr_par' dir='ltr' id='par_1_81' title="bbox 1848 3570 3421 3658">
     <span class='ocr_line' id='line_1_81' title="bbox 1848 3570 3421 3658; baseline 0.001 -18"><span class='ocrx_word' id='word_1_625' title='bbox 1848 3586 1942 3656; x_wconf 88' lang='lat' dir='ltr'><strong>qui</strong></span> <span class='ocrx_word' id='word_1_626' title='bbox 1984 3596 2241 3644; x_wconf 78' lang='lat' dir='ltr'><strong>oneratur</strong></span> <span class='ocrx_word' id='word_1_627' title='bbox 2276 3608 2288 3642; x_wconf 92' lang='lat'>:</span> <span class='ocrx_word' id='word_1_628' title='bbox 2325 3602 2557 3656; x_wconf 89' lang='lat' dir='ltr'><strong>quorum</strong></span> <span class='ocrx_word' id='word_1_629' title='bbox 2606 3588 2841 3657; x_wconf 89' lang='lat' dir='ltr'><strong>primum</strong></span> <span class='ocrx_word' id='word_1_630' title='bbox 2874 3570 3093 3657; x_wconf 68' lang='lat' dir='ltr'><strong>quidem</strong></span> <span class='ocrx_word' id='word_1_631' title='bbox 3126 3604 3227 3642; x_wconf 84' lang='lat' dir='ltr'><strong>nos</strong></span> <span class='ocrx_word' id='word_1_632' title='bbox 3272 3589 3421 3658; x_wconf 86' lang='lat' dir='ltr'><strong>ipsos</strong></span> 
     </span>
    </p>
   </div>
   <div class='ocr_carea' id='block_1_82' title="bbox 1849 3677 3420 3747">
    <p class='ocr_par' dir='ltr' id='par_1_82' title="bbox 1849 3677 3420 3747">
     <span class='ocr_line' id='line_1_82' title="bbox 1849 3677 3420 3747; baseline -0.001 -17"><span class='ocrx_word' id='word_1_633' title='bbox 1849 3678 2090 3746; x_wconf 83' lang='lat' dir='ltr'><strong>respicit,</strong></span> <span class='ocrx_word' id='word_1_634' title='bbox 2116 3678 2413 3732; x_wconf 82' lang='lat' dir='ltr'><strong>secundum</strong></span> <span class='ocrx_word' id='word_1_635' title='bbox 2439 3692 2568 3733; x_wconf 80' lang='lat' dir='ltr'><strong>vero</strong></span> <span class='ocrx_word' id='word_1_636' title='bbox 2599 3677 2789 3741; x_wconf 92' lang='lat' dir='ltr'><strong>Deum,</strong></span> <span class='ocrx_word' id='word_1_637' title='bbox 2817 3678 2888 3731; x_wconf 87' lang='lat' dir='ltr'><strong>ob</strong></span> <span class='ocrx_word' id='word_1_638' title='bbox 2917 3693 3112 3733; x_wconf 86' lang='lat' dir='ltr'><strong>causas</strong></span> <span class='ocrx_word' id='word_1_639' title='bbox 3145 3693 3309 3747; x_wconf 64' lang='lat' dir='ltr'><strong>supra</strong></span> <span class='ocrx_word' id='word_1_640' title='bbox 3338 3678 3420 3729; x_wconf 54' lang='lat' dir='ltr'><strong>die</strong></span> 
     </span>
    </p>
   </div>
   <div class='ocr_carea' id='block_1_83' title="bbox 1848 3769 3418 3840">
    <p class='ocr_par' dir='ltr' id='par_1_83' title="bbox 1848 3769 3418 3840">
     <span class='ocr_line' id='line_1_83' title="bbox 1848 3769 3418 3840; baseline -0.001 -19"><span class='ocrx_word' id='word_1_641' title='bbox 1848 3776 1965 3821; x_wconf 87' lang='lat' dir='ltr'><strong>etas</strong></span> <span class='ocrx_word' id='word_1_642' title='bbox 1987 3776 2326 3836; x_wconf 79' lang='lat' dir='ltr'><strong>operantem.</strong></span> <span class='ocrx_word' id='word_1_643' title='bbox 2358 3769 2527 3838; x_wconf 80' lang='lat' dir='ltr'><strong>igitur</strong></span> <span class='ocrx_word' id='word_1_644' title='bbox 2556 3784 2733 3840; x_wconf 85' lang='lat' dir='ltr'><strong>neque</strong></span> <span class='ocrx_word' id='word_1_645' title='bbox 2762 3770 3059 3838; x_wconf 88' lang='lat' dir='ltr'><strong>imperator</strong></span> <span class='ocrx_word' id='word_1_646' title='bbox 3088 3770 3243 3823; x_wconf 87' lang='lat' dir='ltr'><strong>mhili</strong></span> <span class='ocrx_word' id='word_1_647' title='bbox 3282 3785 3418 3837; x_wconf 83' lang='lat' dir='ltr'><strong>pen—</strong></span> 
     </span>
    </p>
   </div>
   <div class='ocr_carea' id='block_1_84' title="bbox 1848 3852 3417 3928">
    <p class='ocr_par' dir='ltr' id='par_1_84' title="bbox 1848 3852 3417 3928">
     <span class='ocr_line' id='line_1_84' title="bbox 1848 3852 3417 3928; baseline 0.003 -24"><span class='ocrx_word' id='word_1_648' title='bbox 1848 3852 1941 3905; x_wconf 86' lang='lat' dir='ltr'><strong>dat</strong></span> <span class='ocrx_word' id='word_1_649' title='bbox 1967 3857 2242 3909; x_wconf 78' lang='lat' dir='ltr'><strong>exercitus</strong></span> <span class='ocrx_word' id='word_1_650' title='bbox 2269 3855 2437 3910; x_wconf 89' lang='lat' dir='ltr'><strong>duces</strong></span> <span class='ocrx_word' id='word_1_651' title='bbox 2464 3858 2557 3927; x_wconf 89' lang='lat' dir='ltr'><strong>qui</strong></span> <span class='ocrx_word' id='word_1_652' title='bbox 2592 3859 2695 3911; x_wconf 88' lang='lat' dir='ltr'><strong>sub</strong></span> <span class='ocrx_word' id='word_1_653' title='bbox 2721 3859 2841 3928; x_wconf 85' lang='lat' dir='ltr'><strong>ipse</strong></span> <span class='ocrx_word' id='word_1_654' title='bbox 2878 3866 3043 3924; x_wconf 85' lang='lat' dir='ltr'><strong>sunt;</strong></span> <span class='ocrx_word' id='word_1_655' title='bbox 3073 3874 3250 3927; x_wconf 88' lang='lat' dir='ltr'><strong>neque</strong></span> <span class='ocrx_word' id='word_1_656' title='bbox 3284 3875 3417 3926; x_wconf 77' lang='lat' dir='ltr'><strong>pra:-</strong></span> 
     </span>
    </p>
   </div>
   <div class='ocr_carea' id='block_1_85' title="bbox 1850 3945 3417 4017">
    <p class='ocr_par' dir='ltr' id='par_1_85' title="bbox 1850 3945 3417 4017">
     <span class='ocr_line' id='line_1_85' title="bbox 1850 3945 3417 4017; baseline 0.002 -19"><span class='ocrx_word' id='word_1_657' title='bbox 1850 3945 1975 3999; x_wconf 87' lang='lat' dir='ltr'><strong>fecti</strong></span> <span class='ocrx_word' id='word_1_658' title='bbox 2003 3962 2098 3999; x_wconf 87' lang='lat' dir='ltr'><strong>eos</strong></span> <span class='ocrx_word' id='word_1_659' title='bbox 2133 3946 2223 4015; x_wconf 89' lang='lat' dir='ltr'><strong>qui</strong></span> <span class='ocrx_word' id='word_1_660' title='bbox 2253 3947 2385 4016; x_wconf 87' lang='lat' dir='ltr'><strong>ipsis</strong></span> <span class='ocrx_word' id='word_1_661' title='bbox 2418 3958 2629 4017; x_wconf 82' lang='lat' dir='ltr'><strong>parent.</strong></span> <span class='ocrx_word' id='word_1_662' title='bbox 2664 3948 2799 4001; x_wconf 87' lang='lat' dir='ltr'><strong>Nam</strong></span> <span class='ocrx_word' id='word_1_663' title='bbox 2830 3949 2875 4004; x_wconf 91' lang='lat' dir='ltr'><strong>si</strong></span> <span class='ocrx_word' id='word_1_664' title='bbox 2921 3965 3027 4002; x_wconf 88' lang='lat' dir='ltr'><strong>non</strong></span> <span class='ocrx_word' id='word_1_665' title='bbox 3060 3950 3171 4003; x_wconf 88' lang='lat' dir='ltr'><strong>sint</strong></span> <span class='ocrx_word' id='word_1_666' title='bbox 3221 3952 3417 4016; x_wconf 70' lang='lat' dir='ltr'><strong>quibus</strong></span> 
     </span>
    </p>
   </div>
   <div class='ocr_carea' id='block_1_86' title="bbox 1846 4036 3407 4109">
    <p class='ocr_par' dir='ltr' id='par_1_86' title="bbox 1846 4036 3407 4109">
     <span class='ocr_line' id='line_1_86' title="bbox 1846 4036 3407 4109; baseline -0.004 -16"><span class='ocrx_word' id='word_1_667' title='bbox 1846 4040 2230 4109; x_wconf 70' lang='lat' dir='ltr'><strong>przeliciantur&#39;,</strong></span> <span class='ocrx_word' id='word_1_668' title='bbox 2263 4038 2587 4107; x_wconf 82' lang='lat' dir='ltr'><strong>supervacui</strong></span> <span class='ocrx_word' id='word_1_669' title='bbox 2628 4044 2789 4091; x_wconf 80' lang='lat' dir='ltr'><strong>erant</strong></span> <span class='ocrx_word' id='word_1_670' title='bbox 2823 4036 3094 4106; x_wconf 65' lang='lat' dir='ltr'><strong>praefecti;</strong></span> <span class='ocrx_word' id='word_1_671' title='bbox 3132 4045 3187 4091; x_wconf 84' lang='lat' dir='ltr'><strong>et</strong></span> <span class='ocrx_word' id='word_1_672' title='bbox 3221 4040 3263 4089; x_wconf 74' lang='lat' dir='ltr'><strong>si</strong></span> <span class='ocrx_word' id='word_1_673' title='bbox 3304 4054 3407 4097; x_wconf 70' lang='lat' dir='ltr'><strong>non</strong></span> 
     </span>
    </p>
   </div>
   <div class='ocr_carea' id='block_1_87' title="bbox 1848 4130 3409 4199">
    <p class='ocr_par' dir='ltr' id='par_1_87' title="bbox 1848 4130 3409 4199">
     <span class='ocr_line' id='line_1_87' title="bbox 1848 4130 3409 4199; baseline -0.003 -15"><span class='ocrx_word' id='word_1_674' title='bbox 1848 4132 1957 4185; x_wconf 90' lang='lat' dir='ltr'><strong>sint</strong></span> <span class='ocrx_word' id='word_1_675' title='bbox 2002 4131 2170 4185; x_wconf 86' lang='lat' dir='ltr'><strong>duces</strong></span> <span class='ocrx_word' id='word_1_676' title='bbox 2212 4131 2506 4193; x_wconf 71' lang='lat' dir='ltr'><strong>exercitus,</strong></span> <span class='ocrx_word' id='word_1_677' title='bbox 2540 4146 2646 4183; x_wconf 90' lang='lat' dir='ltr'><strong>non</strong></span> <span class='ocrx_word' id='word_1_678' title='bbox 2694 4130 2859 4184; x_wconf 87' lang='lat' dir='ltr'><strong>stabit</strong></span> <span class='ocrx_word' id='word_1_679' title='bbox 2912 4130 3221 4199; x_wconf 82' lang='lat' dir='ltr'><strong>imperium.</strong></span> <span class='ocrx_word' id='word_1_680' title='bbox 3270 4130 3409 4194; x_wconf 70' lang='lat' dir='ltr'><strong>Quin</strong></span> 
     </span>
    </p>
   </div>
   <div class='ocr_carea' id='block_1_88' title="bbox 1849 4221 3412 4292">
    <p class='ocr_par' dir='ltr' id='par_1_88' title="bbox 1849 4221 3412 4292">
     <span class='ocr_line' id='line_1_88' title="bbox 1849 4221 3412 4292; baseline -0.001 -17"><span class='ocrx_word' id='word_1_681' title='bbox 1849 4223 2008 4276; x_wconf 90' lang='lat' dir='ltr'><strong>etiam</strong></span> <span class='ocrx_word' id='word_1_682' title='bbox 2045 4238 2143 4277; x_wconf 88' lang='lat' dir='ltr'><strong>nec</strong></span> <span class='ocrx_word' id='word_1_683' title='bbox 2186 4223 2473 4292; x_wconf 79' lang='lat' dir='ltr'><strong>episcOpus</strong></span> <span class='ocrx_word' id='word_1_684' title='bbox 2521 4222 2575 4274; x_wconf 90' lang='lat' dir='ltr'><strong>in</strong></span> <span class='ocrx_word' id='word_1_685' title='bbox 2625 4222 2883 4276; x_wconf 87' lang='lat' dir='ltr'><strong>diaconos</strong></span> <span class='ocrx_word' id='word_1_686' title='bbox 2926 4221 3007 4274; x_wconf 81' lang='lat' dir='ltr'><strong>vel</strong></span> <span class='ocrx_word' id='word_1_687' title='bbox 3068 4222 3412 4289; x_wconf 63' lang='lat' dir='ltr'><strong>presbyteros</strong></span> 
     </span>
    </p>
   </div>
   <div class='ocr_carea' id='block_1_89' title="bbox 1849 4312 3411 4384">
    <p class='ocr_par' dir='ltr' id='par_1_89' title="bbox 1849 4312 3411 4384">
     <span class='ocr_line' id='line_1_89' title="bbox 1849 4312 3411 4384; baseline -0.002 -16"><span class='ocrx_word' id='word_1_688' title='bbox 1849 4316 2069 4369; x_wconf 81' lang='lat' dir='ltr'><strong>extollat</strong></span> <span class='ocrx_word' id='word_1_689' title='bbox 2086 4330 2176 4380; x_wconf 90' lang='lat' dir='ltr'><strong>se,</strong></span> <span class='ocrx_word' id='word_1_690' title='bbox 2210 4330 2306 4369; x_wconf 89' lang='lat' dir='ltr'><strong>nec</strong></span> <span class='ocrx_word' id='word_1_691' title='bbox 2327 4315 2626 4384; x_wconf 82' lang='lat' dir='ltr'><strong>presbyteri</strong></span> <span class='ocrx_word' id='word_1_692' title='bbox 2651 4312 2703 4368; x_wconf 88' lang='lat' dir='ltr'><strong>in</strong></span> <span class='ocrx_word' id='word_1_693' title='bbox 2737 4314 2943 4382; x_wconf 90' lang='lat' dir='ltr'><strong>plebem</strong></span> <span class='ocrx_word' id='word_1_694' title='bbox 2976 4332 2989 4367; x_wconf 89' lang='lat'><strong>:</strong></span> <span class='ocrx_word' id='word_1_695' title='bbox 3028 4330 3091 4367; x_wconf 74' lang='lat' dir='ltr'><strong>ex</strong></span> <span class='ocrx_word' id='word_1_696' title='bbox 3165 4315 3411 4382; x_wconf 80' lang='lat' dir='ltr'><strong>utrisque</strong></span> 
     </span>
    </p>
   </div>
   <div class='ocr_carea' id='block_1_90' title="bbox 1848 4402 3409 4473">
    <p class='ocr_par' dir='ltr' id='par_1_90' title="bbox 1848 4402 3409 4473">
     <span class='ocr_line' id='line_1_90' title="bbox 1848 4402 3409 4473; baseline -0.003 -16"><span class='ocrx_word' id='word_1_697' title='bbox 1848 4405 1991 4457; x_wconf 88' lang='lat' dir='ltr'><strong>enim</strong></span> <span class='ocrx_word' id='word_1_698' title='bbox 2028 4414 2199 4458; x_wconf 80' lang='lat' dir='ltr'><strong>ccetus</strong></span> <span class='ocrx_word' id='word_1_699' title='bbox 2240 4403 2562 4471; x_wconf 88' lang='lat' dir='ltr'><strong>compositio</strong></span> <span class='ocrx_word' id='word_1_700' title='bbox 2603 4414 2796 4457; x_wconf 83' lang='lat' dir='ltr'><strong>exstat.</strong></span> <span class='ocrx_word' id='word_1_701' title='bbox 2835 4402 3083 4473; x_wconf 78' lang='lat' dir='ltr'><strong>Episcopi</strong></span> <span class='ocrx_word' id='word_1_702' title='bbox 3115 4404 3313 4472; x_wconf 85' lang='lat' dir='ltr'><strong>quippe</strong></span> <span class='ocrx_word' id='word_1_703' title='bbox 3347 4417 3409 4453; x_wconf 84' lang='lat' dir='ltr'><strong>ac</strong></span> 
     </span>
    </p>
   </div>
   <div class='ocr_carea' id='block_1_91' title="bbox 1848 4494 3407 4567">
    <p class='ocr_par' dir='ltr' id='par_1_91' title="bbox 1848 4494 3407 4567">
     <span class='ocr_line' id='line_1_91' title="bbox 1848 4494 3407 4567; baseline -0.003 -18"><span class='ocrx_word' id='word_1_704' title='bbox 1848 4495 2166 4567; x_wconf 66' lang='lat' dir='ltr'><strong>presbyteri,</strong></span> <span class='ocrx_word' id='word_1_705' title='bbox 2215 4494 2577 4565; x_wconf 86' lang='lat' dir='ltr'><strong>quorumdam</strong></span> <span class='ocrx_word' id='word_1_706' title='bbox 2625 4504 2755 4549; x_wconf 87' lang='lat' dir='ltr'><strong>sunt</strong></span> <span class='ocrx_word' id='word_1_707' title='bbox 2797 4496 3125 4558; x_wconf 73' lang='lat' dir='ltr'><strong>sacerdotes,</strong></span> <span class='ocrx_word' id='word_1_708' title='bbox 3176 4504 3229 4548; x_wconf 87' lang='lat' dir='ltr'><strong>et</strong></span> <span class='ocrx_word' id='word_1_709' title='bbox 3268 4494 3407 4555; x_wconf 78' lang='lat' dir='ltr'><strong>laici,</strong></span> 
     </span>
    </p>
   </div>
   <div class='ocr_carea' id='block_1_92' title="bbox 146 4572 1764 4659">
    <p class='ocr_par' dir='ltr' id='par_1_92' title="bbox 146 4584 1742 4659">
     <span class='ocr_line' id='line_1_92' title="bbox 146 4584 1742 4659; baseline 0.001 -19"><span class='ocrx_word' id='word_1_710' title='bbox 146 4587 283 4659; x_wconf 83' lang='grc' dir='ltr'>Θεῷ</span> <span class='ocrx_word' id='word_1_711' title='bbox 305 4588 375 4639; x_wconf 75' lang='grc' dir='ltr'>τὰ</span> <span class='ocrx_word' id='word_1_712' title='bbox 401 4587 735 4659; x_wconf 85' lang='grc' dir='ltr'>χαρίσματα.</span> <span class='ocrx_word' id='word_1_713' title='bbox 765 4584 951 4639; x_wconf 88' lang='grc' dir='ltr'>Ταῦτα</span> <span class='ocrx_word' id='word_1_714' title='bbox 985 4588 1080 4657; x_wconf 72' lang='grc' dir='ltr'><strong>μὲν</strong></span> <span class='ocrx_word' id='word_1_715' title='bbox 1132 4584 1224 4640; x_wconf 84' lang='grc' dir='ltr'><strong>οῦν</strong></span> <span class='ocrx_word' id='word_1_716' title='bbox 1264 4588 1354 4639; x_wconf 75' lang='grc' dir='ltr'><strong>ἐπὶ</strong></span> <span class='ocrx_word' id='word_1_717' title='bbox 1388 4587 1634 4639; x_wconf 84' lang='grc' dir='ltr'>τοσοῦτον</span> <span class='ocrx_word' id='word_1_718' title='bbox 1666 4589 1742 4641; x_wconf 83' lang='grc' dir='ltr'>εί-</span> 
     </span>
    </p>
   </div>
   <div class='ocr_carea' id='block_1_93' title="bbox 1849 4572 3409 4659">
    <p class='ocr_par' dir='ltr' id='par_1_93' title="bbox 1849 4588 3409 4657">
     <span class='ocr_line' id='line_1_93' title="bbox 1849 4588 3409 4657; baseline -0.003 -16"><span class='ocrx_word' id='word_1_719' title='bbox 1849 4590 2207 4653; x_wconf 84' lang='lat' dir='ltr'><strong>quorumdam</strong></span> <span class='ocrx_word' id='word_1_720' title='bbox 2229 4598 2355 4642; x_wconf 89' lang='lat' dir='ltr'><strong>sunt</strong></span> <span class='ocrx_word' id='word_1_721' title='bbox 2373 4589 2497 4645; x_wconf 87' lang='lat' dir='ltr'><strong>laici</strong></span> <span class='ocrx_word' id='word_1_722' title='bbox 2515 4605 2529 4653; x_wconf 90' lang='lat'><strong>;</strong></span> <span class='ocrx_word' id='word_1_723' title='bbox 2550 4603 2612 4643; x_wconf 86' lang='lat' dir='ltr'><strong>ac</strong></span> <span class='ocrx_word' id='word_1_724' title='bbox 2638 4603 2757 4642; x_wconf 88' lang='lat' dir='ltr'><strong>esse</strong></span> <span class='ocrx_word' id='word_1_725' title='bbox 2776 4588 2993 4657; x_wconf 85' lang='lat' dir='ltr'><strong>quidem</strong></span> <span class='ocrx_word' id='word_1_726' title='bbox 3019 4588 3409 4645; x_wconf 78' lang='lat' dir='ltr'><strong>Christianum,</strong></span> 
     </span>
    </p>
   </div>
   <div class='ocr_carea' id='block_1_94' title="bbox 148 4679 1737 4752">
    <p class='ocr_par' dir='ltr' id='par_1_94' title="bbox 148 4679 1737 4752">
     <span class='ocr_line' id='line_1_94' title="bbox 148 4679 1737 4752; baseline 0.001 -21"><span class='ocrx_word' id='word_1_727' title='bbox 148 4680 352 4752; x_wconf 85' lang='grc' dir='ltr'>ρήσθω</span> <span class='ocrx_word' id='word_1_728' title='bbox 374 4680 461 4732; x_wconf 82' lang='grc' dir='ltr'><strong>διὰ</strong></span> <span class='ocrx_word' id='word_1_729' title='bbox 479 4679 604 4742; x_wconf 74' lang='grc' dir='ltr'>τοὺς</span> <span class='ocrx_word' id='word_1_730' title='bbox 633 4679 963 4744; x_wconf 76' lang='grc' dir='ltr'>ἀξιωθέντας</span> <span class='ocrx_word' id='word_1_731' title='bbox 982 4679 1377 4750; x_wconf 84' lang='grc' dir='ltr'>χαρισμάτωνῆ</span> <span class='ocrx_word' id='word_1_732' title='bbox 1394 4679 1737 4749; x_wconf 73' lang='grc' dir='ltr'>ἀξιωμάτων.</span> 
     </span>
    </p>
   </div>
   <div class='ocr_carea' id='block_1_95' title="bbox 1846 4670 3411 4744">
    <p class='ocr_par' dir='ltr' id='par_1_95' title="bbox 1846 4670 3411 4744">
     <span class='ocr_line' id='line_1_95' title="bbox 1846 4670 3411 4744; baseline -0.007 -11"><span class='ocrx_word' id='word_1_733' title='bbox 1846 4680 1900 4733; x_wconf 88' lang='lat' dir='ltr'><strong>in</strong></span> <span class='ocrx_word' id='word_1_734' title='bbox 1942 4686 2127 4733; x_wconf 89' lang='lat' dir='ltr'><strong>nostra</strong></span> <span class='ocrx_word' id='word_1_735' title='bbox 2174 4678 2429 4731; x_wconf 82' lang='lat' dir='ltr'><strong>consistit</strong></span> <span class='ocrx_word' id='word_1_736' title='bbox 2469 4682 2775 4744; x_wconf 84' lang='lat' dir='ltr'><strong>potestate;</strong></span> <span class='ocrx_word' id='word_1_737' title='bbox 2827 4680 2882 4726; x_wconf 87' lang='lat' dir='ltr'><strong>at</strong></span> <span class='ocrx_word' id='word_1_738' title='bbox 2913 4688 3036 4727; x_wconf 80' lang='lat' dir='ltr'><strong>esse</strong></span> <span class='ocrx_word' id='word_1_739' title='bbox 3067 4670 3411 4740; x_wconf 74' lang='lat' dir='ltr'><strong>apostolum,</strong></span> 
     </span>
    </p>
   </div>
   <div class='ocr_carea' id='block_1_96' title="bbox 144 4764 3415 4841">
    <p class='ocr_par' dir='ltr' id='par_1_96' title="bbox 144 4764 3415 4841">
     <span class='ocr_line' id='line_1_96' title="bbox 144 4764 3415 4841; baseline -0.004 -16"><span class='ocrx_word' id='word_1_740' title='bbox 144 4780 254 4826; x_wconf 86' lang='lat' dir='ltr'><strong>aut</strong></span> <span class='ocrx_word' id='word_1_741' title='bbox 285 4772 626 4841; x_wconf 90' lang='lat' dir='ltr'><strong>episcopum,</strong></span> <span class='ocrx_word' id='word_1_742' title='bbox 683 4780 775 4825; x_wconf 88' lang='lat' dir='ltr'><strong>aut</strong></span> <span class='ocrx_word' id='word_1_743' title='bbox 804 4771 935 4840; x_wconf 85' lang='lat' dir='ltr'><strong>quid</strong></span> <span class='ocrx_word' id='word_1_744' title='bbox 962 4771 1159 4833; x_wconf 88' lang='lat' dir='ltr'><strong>simile,</strong></span> <span class='ocrx_word' id='word_1_745' title='bbox 1210 4780 1412 4825; x_wconf 62' lang='lat' dir='ltr'><strong>nostra:</strong></span> <span class='ocrx_word' id='word_1_746' title='bbox 1470 4787 1577 4825; x_wconf 90' lang='lat' dir='ltr'><strong>non</strong></span> <span class='ocrx_word' id='word_1_747' title='bbox 1626 4779 1711 4825; x_wconf 86' lang='lat' dir='ltr'><strong>est</strong></span> <span class='ocrx_word' id='word_1_748' title='bbox 1755 4771 2065 4841; x_wconf 82' lang='lat' dir='ltr'><strong>potestatis,</strong></span> <span class='ocrx_word' id='word_1_749' title='bbox 2106 4784 2296 4825; x_wconf 87' lang='lat' dir='ltr'><strong>verum</strong></span> <span class='ocrx_word' id='word_1_750' title='bbox 2340 4767 2406 4821; x_wconf 87' lang='lat' dir='ltr'><strong>ad</strong></span> <span class='ocrx_word' id='word_1_751' title='bbox 2446 4768 2615 4821; x_wconf 88' lang='lat' dir='ltr'><strong>Deum</strong></span> <span class='ocrx_word' id='word_1_752' title='bbox 2656 4766 2969 4835; x_wconf 78' lang='lat' dir='ltr'><strong>largitorem</strong></span> <span class='ocrx_word' id='word_1_753' title='bbox 3020 4764 3415 4817; x_wconf 83' lang='lat' dir='ltr'><strong>charismatum</strong></span> 
     </span>
    </p>
   </div>
   <div class='ocr_carea' id='block_1_97' title="bbox 140 4856 3416 4935">
    <p class='ocr_par' dir='ltr' id='par_1_97' title="bbox 140 4856 3416 4935">
     <span class='ocr_line' id='line_1_97' title="bbox 140 4856 3416 4935; baseline -0.004 -17"><span class='ocrx_word' id='word_1_754' title='bbox 140 4856 413 4935; x_wconf 75' lang='lat' dir='ltr'><strong>pertinet.</strong></span> <span class='ocrx_word' id='word_1_755' title='bbox 441 4862 564 4916; x_wconf 79' lang='lat' dir='ltr'><strong>Haec</strong></span> <span class='ocrx_word' id='word_1_756' title='bbox 583 4862 745 4932; x_wconf 83' lang='lat' dir='ltr'><strong>igitur</strong></span> <span class='ocrx_word' id='word_1_757' title='bbox 764 4863 1027 4917; x_wconf 89' lang='lat' dir='ltr'><strong>hactenus</strong></span> <span class='ocrx_word' id='word_1_758' title='bbox 1057 4863 1202 4917; x_wconf 90' lang='lat' dir='ltr'><strong>dicta</strong></span> <span class='ocrx_word' id='word_1_759' title='bbox 1256 4863 1388 4923; x_wconf 89' lang='lat' dir='ltr'><strong>sint,</strong></span> <span class='ocrx_word' id='word_1_760' title='bbox 1434 4870 1653 4932; x_wconf 83' lang='lat' dir='ltr'><strong>prepter</strong></span> <span class='ocrx_word' id='word_1_761' title='bbox 1702 4878 1795 4919; x_wconf 87' lang='lat' dir='ltr'><strong>eos</strong></span> <span class='ocrx_word' id='word_1_762' title='bbox 1846 4865 1938 4934; x_wconf 91' lang='lat' dir='ltr'><strong>qui</strong></span> <span class='ocrx_word' id='word_1_763' title='bbox 1970 4862 2120 4933; x_wconf 81' lang='lat' dir='ltr'><strong>digni</strong></span> <span class='ocrx_word' id='word_1_764' title='bbox 2160 4859 2331 4915; x_wconf 86' lang='lat' dir='ltr'><strong>habiti</strong></span> <span class='ocrx_word' id='word_1_765' title='bbox 2363 4867 2491 4914; x_wconf 87' lang='lat' dir='ltr'><strong>sunt</strong></span> <span class='ocrx_word' id='word_1_766' title='bbox 2544 4866 2603 4911; x_wconf 89' lang='lat' dir='ltr'><strong>ut</strong></span> <span class='ocrx_word' id='word_1_767' title='bbox 2656 4856 2987 4911; x_wconf 78' lang='lat' dir='ltr'><strong>charismata</strong></span> <span class='ocrx_word' id='word_1_768' title='bbox 3013 4856 3099 4910; x_wconf 87' lang='lat' dir='ltr'><strong>vel</strong></span> <span class='ocrx_word' id='word_1_769' title='bbox 3128 4856 3416 4924; x_wconf 78' lang='lat' dir='ltr'><strong>dignitates</strong></span> 
     </span>
    </p>
   </div>
   <div class='ocr_carea' id='block_1_98' title="bbox 138 4955 495 5025">
    <p class='ocr_par' dir='ltr' id='par_1_98' title="bbox 138 4955 495 5025">
     <span class='ocr_line' id='line_1_98' title="bbox 138 4955 495 5025; baseline -0.008 -16"><span class='ocrx_word' id='word_1_770' title='bbox 138 4955 495 5025; x_wconf 86' lang='lat' dir='ltr'><strong>acciperent.</strong></span> 
     </span>
    </p>
   </div>
   <div class='ocr_carea' id='block_1_99' title="bbox 693 5043 1202 5097">
    <p class='ocr_par' dir='ltr' id='par_1_99' title="bbox 693 5043 1202 5097">
     <span class='ocr_line' id='line_1_99' title="bbox 693 5043 1202 5097; baseline -0.008 0"><span class='ocrx_word' id='word_1_771' title='bbox 693 5043 1089 5097; x_wconf 77' lang='grc' dir='ltr'><strong>ΚΕΦΑΛΑῙΟΝ</strong></span> <span class='ocrx_word' id='word_1_772' title='bbox 1130 5043 1202 5094; x_wconf 88' lang='lat' dir='ltr'><strong>B&#39;.</strong></span> 
     </span>
    </p>
   </div>
   <div class='ocr_carea' id='block_1_100' title="bbox 320 5134 1572 5203">
    <p class='ocr_par' dir='ltr' id='par_1_100' title="bbox 320 5134 1572 5203">
     <span class='ocr_line' id='line_1_100' title="bbox 320 5134 1572 5203; baseline -0.002 -14"><span class='ocrx_word' id='word_1_773' title='bbox 320 5134 465 5203; x_wconf 78' lang='grc' dir='ltr'>Περὶ</span> <span class='ocrx_word' id='word_1_774' title='bbox 498 5135 615 5188; x_wconf 79' lang='grc' dir='ltr'><strong>τῶν</strong></span> <span class='ocrx_word' id='word_1_775' title='bbox 645 5135 990 5187; x_wconf 73' lang='grc' dir='ltr'>ἐπισκόπων</span> <span class='ocrx_word' id='word_1_776' title='bbox 1022 5135 1118 5186; x_wconf 77' lang='grc' dir='ltr'><strong>καὶ</strong></span> <span class='ocrx_word' id='word_1_777' title='bbox 1158 5134 1572 5202; x_wconf 74' lang='grc' dir='ltr'>πρεσϐυτέρων</span> 
     </span>
    </p>
   </div>
   <div class='ocr_carea' id='block_1_101' title="bbox 740 5205 1161 5275">
    <p class='ocr_par' dir='ltr' id='par_1_101' title="bbox 740 5205 1161 5275">
     <span class='ocr_line' id='line_1_101' title="bbox 740 5205 1161 5275; baseline -0.005 -17"><span class='ocrx_word' id='word_1_778' title='bbox 740 5205 1004 5267; x_wconf 75' lang='grc' dir='ltr'>ἀναξίων</span> <span class='ocrx_word' id='word_1_779' title='bbox 1033 5205 1161 5275; x_wconf 83' lang='lat'><strong>(79).</strong></span> 
     </span>
    </p>
   </div>
   <div class='ocr_carea' id='block_1_102' title="bbox 143 5294 1731 5369">
    <p class='ocr_par' dir='ltr' id='par_1_102' title="bbox 143 5294 1731 5369">
     <span class='ocr_line' id='line_1_102' title="bbox 143 5294 1731 5369; baseline -0.003 -15"><span class='ocrx_word' id='word_1_780' title='bbox 143 5302 379 5355; x_wconf 82' lang='grc' dir='ltr'>Ἐκεῖνο</span> <span class='ocrx_word' id='word_1_781' title='bbox 398 5299 457 5351; x_wconf 80' lang='grc' dir='ltr'><strong>δὲ</strong></span> <span class='ocrx_word' id='word_1_782' title='bbox 485 5297 845 5369; x_wconf 84' lang='grc' dir='ltr'>προστίθεμεν</span> <span class='ocrx_word' id='word_1_783' title='bbox 874 5296 951 5365; x_wconf 85' lang='grc' dir='ltr'>τῷ</span> <span class='ocrx_word' id='word_1_784' title='bbox 976 5294 1136 5367; x_wconf 76' lang='grc' dir='ltr'>λόγῳ,</span> <span class='ocrx_word' id='word_1_785' title='bbox 1158 5297 1239 5350; x_wconf 74' lang='grc' dir='ltr'><strong>ὅτι</strong></span> <span class='ocrx_word' id='word_1_786' title='bbox 1270 5295 1393 5349; x_wconf 70' lang='grc' dir='ltr'>οὔτε</span> <span class='ocrx_word' id='word_1_787' title='bbox 1417 5299 1525 5360; x_wconf 75' lang='grc' dir='ltr'>πᾶς</span> <span class='ocrx_word' id='word_1_788' title='bbox 1549 5299 1578 5351; x_wconf 85' lang='grc' dir='ltr'>ὁ</span> <span class='ocrx_word' id='word_1_789' title='bbox 1596 5314 1731 5368; x_wconf 89' lang='grc' dir='ltr'>προ-</span> 
     </span>
    </p>
   </div>
   <div class='ocr_carea' id='block_1_103' title="bbox 222 5409 1147 5480">
    <p class='ocr_par' dir='ltr' id='par_1_103' title="bbox 222 5409 1147 5480">
     <span class='ocr_line' id='line_1_103' title="bbox 222 5409 1147 5480; baseline -0.003 -15"><span class='ocrx_word' id='word_1_790' title='bbox 222 5416 244 5445; x_wconf 77' lang='grc'>¹</span> <span class='ocrx_word' id='word_1_791' title='bbox 282 5412 452 5467; x_wconf 87' lang='lat' dir='ltr'><strong>lCor.</strong></span> <span class='ocrx_word' id='word_1_792' title='bbox 478 5413 647 5480; x_wconf 77' lang='lat' dir='ltr'><strong>xu,8.</strong></span> <span class='ocrx_word' id='word_1_793' title='bbox 724 5411 745 5441; x_wconf 90' lang='grc'><em>³</em></span> <span class='ocrx_word' id='word_1_794' title='bbox 774 5409 948 5464; x_wconf 80' lang='lat' dir='ltr'><strong>Exod.</strong></span> <span class='ocrx_word' id='word_1_795' title='bbox 984 5412 1147 5473; x_wconf 80' lang='lat' dir='ltr'><strong>vu,l.</strong></span> 
     </span>
    </p>
   </div>
   <div class='ocr_carea' id='block_1_104' title="bbox 130 5499 399 5547">
    <p class='ocr_par' dir='ltr' id='par_1_104' title="bbox 130 5499 399 5547">
     <span class='ocr_line' id='line_1_104' title="bbox 130 5499 399 5547; baseline 0.004 -8"><span class='ocrx_word' id='word_1_796' title='bbox 130 5501 270 5547; x_wconf 76' lang='lat' dir='ltr'><strong>xuv,</strong></span> <span class='ocrx_word' id='word_1_797' title='bbox 310 5499 399 5540; x_wconf 87' lang='grc' dir='ltr'>ιιι.</span> 
     </span>
    </p>
   </div>
   <div class='ocr_carea' id='block_1_105' title="bbox 1224 5410 1466 5466">
    <p class='ocr_par' dir='ltr' id='par_1_105' title="bbox 1224 5410 1466 5466">
     <span class='ocr_line' id='line_1_105' title="bbox 1224 5410 1466 5466; baseline 0.012 -4"><span class='ocrx_word' id='word_1_798' title='bbox 1224 5410 1376 5466; x_wconf 70' lang='lat' dir='ltr'><strong>‘Jos.</strong></span> <span class='ocrx_word' id='word_1_799' title='bbox 1412 5426 1466 5465; x_wconf 71' lang='grc' dir='ltr'>ι.</span> 
     </span>
    </p>
   </div>
   <div class='ocr_carea' id='block_1_106' title="bbox 1553 5404 2531 5479">
    <p class='ocr_par' dir='ltr' id='par_1_106' title="bbox 1553 5404 2531 5479">
     <span class='ocr_line' id='line_1_106' title="bbox 1553 5404 2531 5479; baseline 0.019 -38"><span class='ocrx_word' id='word_1_800' title='bbox 1553 5410 1623 5445; x_wconf 68' lang='grc' dir='ltr'><strong>.-ι</strong></span> <span class='ocrx_word' id='word_1_801' title='bbox 1642 5409 1707 5462; x_wconf 85' lang='grc' dir='ltr'><strong>ιιι</strong></span> <span class='ocrx_word' id='word_1_802' title='bbox 1736 5407 1867 5479; x_wconf 72' lang='lat' dir='ltr'><strong>Reg.</strong></span> <span class='ocrx_word' id='word_1_803' title='bbox 1898 5423 2013 5469; x_wconf 74' lang='grc' dir='ltr'>ιιι,</span> <span class='ocrx_word' id='word_1_804' title='bbox 2042 5408 2139 5471; x_wconf 78' lang='lat' dir='ltr'><strong>l8;</strong></span> <span class='ocrx_word' id='word_1_805' title='bbox 2194 5404 2351 5461; x_wconf 83' lang='lat' dir='ltr'><strong>Rom.</strong></span> <span class='ocrx_word' id='word_1_806' title='bbox 2376 5420 2453 5469; x_wconf 75' lang='grc' dir='ltr'>ιι,</span> <span class='ocrx_word' id='word_1_807' title='bbox 2479 5404 2531 5460; x_wconf 71' lang='grc' dir='ltr'><strong>ι.</strong></span> 
     </span>
    </p>
   </div>
   <div class='ocr_carea' id='block_1_107' title="bbox 2446 5036 2797 5093">
    <p class='ocr_par' dir='ltr' id='par_1_107' title="bbox 2446 5036 2797 5093">
     <span class='ocr_line' id='line_1_107' title="bbox 2446 5036 2797 5093; baseline -0.003 0"><span class='ocrx_word' id='word_1_808' title='bbox 2446 5038 2678 5093; x_wconf 78' lang='lat' dir='ltr'><strong>CAPUT</strong></span> <span class='ocrx_word' id='word_1_809' title='bbox 2734 5036 2797 5092; x_wconf 86' lang='lat' dir='ltr'><strong>ll.</strong></span> 
     </span>
    </p>
   </div>
   <div class='ocr_carea' id='block_1_108' title="bbox 2100 5126 3131 5200">
    <p class='ocr_par' dir='ltr' id='par_1_108' title="bbox 2100 5126 3131 5200">
     <span class='ocr_line' id='line_1_108' title="bbox 2100 5126 3131 5200; baseline -0.006 -15"><span class='ocrx_word' id='word_1_810' title='bbox 2100 5132 2175 5187; x_wconf 87' lang='lat' dir='ltr'><strong>De</strong></span> <span class='ocrx_word' id='word_1_811' title='bbox 2196 5132 2451 5200; x_wconf 79' lang='lat' dir='ltr'><strong>episcopis</strong></span> <span class='ocrx_word' id='word_1_812' title='bbox 2483 5140 2531 5184; x_wconf 81' lang='lat' dir='ltr'><strong>et</strong></span> <span class='ocrx_word' id='word_1_813' title='bbox 2554 5130 2872 5200; x_wconf 75' lang='lat' dir='ltr'><strong>presbyteris</strong></span> <span class='ocrx_word' id='word_1_814' title='bbox 2904 5126 3131 5197; x_wconf 70' lang='lat' dir='ltr'><strong>indignis</strong></span> 
     </span>
    </p>
   </div>
   <div class='ocr_carea' id='block_1_109' title="bbox 1906 5287 3414 5359">
    <p class='ocr_par' dir='ltr' id='par_1_109' title="bbox 1906 5287 3414 5359">
     <span class='ocr_line' id='line_1_109' title="bbox 1906 5287 3414 5359; baseline -0.003 -13"><span class='ocrx_word' id='word_1_815' title='bbox 1906 5291 2041 5346; x_wconf 83' lang='lat' dir='ltr'><strong>Illud</strong></span> <span class='ocrx_word' id='word_1_816' title='bbox 2059 5308 2187 5346; x_wconf 88' lang='lat' dir='ltr'><strong>vero</strong></span> <span class='ocrx_word' id='word_1_817' title='bbox 2212 5290 2450 5346; x_wconf 85' lang='lat' dir='ltr'><strong>sermoni</strong></span> <span class='ocrx_word' id='word_1_818' title='bbox 2474 5289 2912 5359; x_wconf 84' lang='lat' dir='ltr'><strong>addimus;quod</strong></span> <span class='ocrx_word' id='word_1_819' title='bbox 2944 5304 3041 5344; x_wconf 88' lang='lat' dir='ltr'><strong>nec</strong></span> <span class='ocrx_word' id='word_1_820' title='bbox 3065 5290 3242 5345; x_wconf 88' lang='lat' dir='ltr'><strong>omnis</strong></span> <span class='ocrx_word' id='word_1_821' title='bbox 3302 5287 3414 5357; x_wconf 84' lang='lat' dir='ltr'><strong>qui.</strong></span> 
     </span>
    </p>
   </div>
   <div class='ocr_carea' id='block_1_110' title="bbox 2634 5402 3413 5474">
    <p class='ocr_par' dir='ltr' id='par_1_110' title="bbox 2634 5402 3413 5474">
     <span class='ocr_line' id='line_1_110' title="bbox 2634 5402 3413 5474; baseline 0 -16"><span class='ocrx_word' id='word_1_822' title='bbox 2634 5402 2739 5458; x_wconf 73' lang='grc' dir='ltr'><strong>’Π</strong></span> <span class='ocrx_word' id='word_1_823' title='bbox 2774 5404 2906 5474; x_wconf 78' lang='lat' dir='ltr'><strong>Reg.</strong></span> <span class='ocrx_word' id='word_1_824' title='bbox 2936 5419 3005 5459; x_wconf 80' lang='lat' dir='ltr'><strong>vt.</strong></span> <span class='ocrx_word' id='word_1_825' title='bbox 3114 5407 3135 5435; x_wconf 77' lang='grc'><strong>⁸</strong></span> <span class='ocrx_word' id='word_1_826' title='bbox 3172 5404 3307 5459; x_wconf 89' lang='lat' dir='ltr'><strong>Dan.</strong></span> <span class='ocrx_word' id='word_1_827' title='bbox 3341 5420 3413 5469; x_wconf 76' lang='lat' dir='ltr'><strong>Vt,</strong></span> 
     </span>
    </p>
   </div>
   <div class='ocr_carea' id='block_1_111' title="bbox 1464 5592 2090 5647">
    <p class='ocr_par' dir='ltr' id='par_1_111' title="bbox 1464 5592 2090 5647">
     <span class='ocr_line' id='line_1_111' title="bbox 1464 5592 2090 5647; baseline 0.002 -3"><span class='ocrx_word' id='word_1_828' title='bbox 1464 5592 1825 5647; x_wconf 67' lang='lat' dir='ltr'><strong>VARIORUM</strong></span> <span class='ocrx_word' id='word_1_829' title='bbox 1862 5592 2090 5646; x_wconf 69' lang='lat' dir='ltr'><strong>NOTAE.</strong></span> 
     </span>
    </p>
   </div>
   <div class='ocr_carea' id='block_1_112' title="bbox 218 5686 1735 5755">
    <p class='ocr_par' dir='ltr' id='par_1_112' title="bbox 218 5686 1735 5755">
     <span class='ocr_line' id='line_1_112' title="bbox 218 5686 1735 5755; baseline 0.001 -15"><span class='ocrx_word' id='word_1_830' title='bbox 218 5686 342 5753; x_wconf 78' lang='lat'><strong>(78)</strong></span> <span class='ocrx_word' id='word_1_831' title='bbox 376 5686 486 5741; x_wconf 70' lang='grc' dir='ltr'><strong>Καὶ</strong></span> <span class='ocrx_word' id='word_1_832' title='bbox 518 5689 549 5739; x_wconf 81' lang='grc' dir='ltr'><strong>ό</strong></span> <span class='ocrx_word' id='word_1_833' title='bbox 575 5686 709 5755; x_wconf 77' lang='grc' dir='ltr'>μὲν.</span> <span class='ocrx_word' id='word_1_834' title='bbox 740 5686 1066 5755; x_wconf 76' lang='grc' dir='ltr'>ἀρχιερεύς.</span> <span class='ocrx_word' id='word_1_835' title='bbox 1132 5686 1306 5755; x_wconf 88' lang='lat' dir='ltr'><strong>Super</strong></span> <span class='ocrx_word' id='word_1_836' title='bbox 1344 5687 1544 5742; x_wconf 80' lang='lat' dir='ltr'><strong>celebri</strong></span> <span class='ocrx_word' id='word_1_837' title='bbox 1586 5704 1735 5755; x_wconf 68' lang='lat' dir='ltr'><strong>qure-</strong></span> 
     </span>
    </p>
   </div>
   <div class='ocr_carea' id='block_1_113' title="bbox 135 5756 1733 5826">
    <p class='ocr_par' dir='ltr' id='par_1_113' title="bbox 135 5756 1733 5826">
     <span class='ocr_line' id='line_1_113' title="bbox 135 5756 1733 5826; baseline -0.001 -14"><span class='ocrx_word' id='word_1_838' title='bbox 135 5763 363 5818; x_wconf 80' lang='lat' dir='ltr'><strong>stione,</strong></span> <span class='ocrx_word' id='word_1_839' title='bbox 404 5756 640 5810; x_wconf 81' lang='lat' dir='ltr'><strong>fueritne</strong></span> <span class='ocrx_word' id='word_1_840' title='bbox 684 5757 901 5811; x_wconf 83' lang='lat' dir='ltr'><strong>Samuel</strong></span> <span class='ocrx_word' id='word_1_841' title='bbox 942 5774 1189 5811; x_wconf 80' lang='lat' dir='ltr'><strong>summus</strong></span> <span class='ocrx_word' id='word_1_842' title='bbox 1246 5761 1505 5826; x_wconf 76' lang='lat' dir='ltr'><strong>pontifex.</strong></span> <span class='ocrx_word' id='word_1_843' title='bbox 1552 5774 1733 5811; x_wconf 61' lang='lat' dir='ltr'><strong>sat-cro</strong></span> 
     </span>
    </p>
   </div>
   <div class='ocr_carea' id='block_1_114' title="bbox 134 5828 1733 5889">
    <p class='ocr_par' dir='ltr' id='par_1_114' title="bbox 134 5828 1733 5889">
     <span class='ocr_line' id='line_1_114' title="bbox 134 5828 1733 5889; baseline 0.003 -11"><span class='ocrx_word' id='word_1_844' title='bbox 134 5830 256 5883; x_wconf 67' lang='lat'><strong>.105</strong></span> <span class='ocrx_word' id='word_1_845' title='bbox 295 5836 530 5881; x_wconf 83' lang='lat' dir='ltr'><strong>tantum.</strong></span> <span class='ocrx_word' id='word_1_846' title='bbox 576 5843 641 5879; x_wconf 88' lang='lat' dir='ltr'><strong>an</strong></span> <span class='ocrx_word' id='word_1_847' title='bbox 682 5828 843 5879; x_wconf 79' lang='lat' dir='ltr'><strong>levita</strong></span> <span class='ocrx_word' id='word_1_848' title='bbox 886 5844 1093 5889; x_wconf 84' lang='lat' dir='ltr'><strong>merus,</strong></span> <span class='ocrx_word' id='word_1_849' title='bbox 1130 5831 1295 5882; x_wconf 84' lang='lat' dir='ltr'><strong>multa</strong></span> <span class='ocrx_word' id='word_1_850' title='bbox 1327 5847 1354 5881; x_wconf 89' lang='lat' dir='ltr'><strong>a</strong></span> <span class='ocrx_word' id='word_1_851' title='bbox 1390 5832 1573 5881; x_wconf 75' lang='lat' dir='ltr'><strong>inultis</strong></span> <span class='ocrx_word' id='word_1_852' title='bbox 1598 5832 1733 5883; x_wconf 86' lang='lat' dir='ltr'><strong>scri—</strong></span> 
     </span>
    </p>
   </div>
   <div class='ocr_carea' id='block_1_115' title="bbox 131 5898 1572 5965">
    <p class='ocr_par' dir='ltr' id='par_1_115' title="bbox 131 5898 1572 5965">
     <span class='ocr_line' id='line_1_115' title="bbox 131 5898 1572 5965; baseline -0.001 -9"><span class='ocrx_word' id='word_1_853' title='bbox 131 5920 193 5956; x_wconf 81' lang='lat' dir='ltr'><strong>ta</strong></span> <span class='ocrx_word' id='word_1_854' title='bbox 275 5910 426 5961; x_wconf 89' lang='lat' dir='ltr'><strong>sunt,</strong></span> <span class='ocrx_word' id='word_1_855' title='bbox 460 5915 579 5965; x_wconf 69' lang='lat' dir='ltr'><strong>quae</strong></span> <span class='ocrx_word' id='word_1_856' title='bbox 620 5898 861 5965; x_wconf 86' lang='lat' dir='ltr'><strong>proferre</strong></span> <span class='ocrx_word' id='word_1_857' title='bbox 890 5898 1021 5951; x_wconf 79' lang='lat' dir='ltr'><strong>nihil</strong></span> <span class='ocrx_word' id='word_1_858' title='bbox 1053 5908 1133 5952; x_wconf 85' lang='lat' dir='ltr'><strong>est</strong></span> <span class='ocrx_word' id='word_1_859' title='bbox 1158 5915 1399 5955; x_wconf 83' lang='lat' dir='ltr'><strong>necesse.</strong></span> <span class='ocrx_word' id='word_1_860' title='bbox 1438 5903 1572 5954; x_wconf 71' lang='lat' dir='ltr'><strong>(Zor.</strong></span> 
     </span>
    </p>
   </div>
   <div class='ocr_carea' id='block_1_116' title="bbox 486 5995 1016 6052">
    <p class='ocr_par' dir='ltr' id='par_1_116' title="bbox 486 5995 1016 6052">
     <span class='ocr_line' id='line_1_116' title="bbox 486 5995 1016 6052; baseline -0.002 -2"><span class='ocrx_word' id='word_1_861' title='bbox 486 5998 761 6051; x_wconf 62' lang='lat' dir='ltr'><strong>Parnm.</strong></span> <span class='ocrx_word' id='word_1_862' title='bbox 810 5995 925 6052; x_wconf 76' lang='lat' dir='ltr'><strong>(in.</strong></span> <span class='ocrx_word' id='word_1_863' title='bbox 972 5996 1016 6049; x_wconf 89' lang='grc'>1.</span> 
     </span>
    </p>
   </div>
   <div class='ocr_carea' id='block_1_117' title="bbox 3174 5684 3414 5738">
    <p class='ocr_par' dir='ltr' id='par_1_117' title="bbox 3174 5684 3414 5738">
     <span class='ocr_line' id='line_1_117' title="bbox 3174 5684 3414 5738; baseline 0.004 -1"><span class='ocrx_word' id='word_1_864' title='bbox 3174 5684 3414 5738; x_wconf 65' lang='grc' dir='ltr'><strong>;”Οτιῦὖ</strong></span> 
     </span>
    </p>
   </div>
   <div class='ocr_carea' id='block_1_118' title="bbox 3359 5755 3419 5806">
    <p class='ocr_par' dir='ltr' id='par_1_118' title="bbox 3359 5755 3419 5806">
     <span class='ocr_line' id='line_1_118' title="bbox 3359 5755 3419 5806; baseline 0 -11"><span class='ocrx_word' id='word_1_865' title='bbox 3359 5755 3419 5806; x_wconf 63' lang='lat'><strong>5..</strong></span> 
     </span>
    </p>
   </div>
   <div class='ocr_carea' id='block_1_119' title="bbox 1920 5682 3137 5756">
    <p class='ocr_par' dir='ltr' id='par_1_119' title="bbox 1920 5682 3137 5756">
     <span class='ocr_line' id='line_1_119' title="bbox 1920 5682 3137 5756; baseline -0.004 -16"><span class='ocrx_word' id='word_1_866' title='bbox 1920 5684 2031 5756; x_wconf 83' lang='lat'><strong>(79)</strong></span> <span class='ocrx_word' id='word_1_867' title='bbox 2049 5685 2187 5753; x_wconf 75' lang='grc' dir='ltr'>Περὶ</span> <span class='ocrx_word' id='word_1_868' title='bbox 2215 5683 2352 5745; x_wconf 81' lang='grc' dir='ltr'>τῶν,</span> <span class='ocrx_word' id='word_1_869' title='bbox 2374 5693 2479 5740; x_wconf 86' lang='lat' dir='ltr'><strong>etc.</strong></span> <span class='ocrx_word' id='word_1_870' title='bbox 2505 5682 2746 5756; x_wconf 82' lang='lat' dir='ltr'><strong>Uterque</strong></span> <span class='ocrx_word' id='word_1_871' title='bbox 2770 5682 2932 5739; x_wconf 82' lang='lat' dir='ltr'><strong>Vind.</strong></span> <span class='ocrx_word' id='word_1_872' title='bbox 2968 5684 3137 5756; x_wconf 78' lang='lat' dir='ltr'><strong>codex</strong></span> 
     </span>
    </p>
   </div>
   <div class='ocr_carea' id='block_1_120' title="bbox 1844 5754 3349 5890">
    <p class='ocr_par' dir='ltr' id='par_1_120' title="bbox 1844 5754 3349 5890">
     <span class='ocr_line' id='line_1_120' title="bbox 1845 5754 3349 5883; baseline -0.003 -74"><span class='ocrx_word' id='word_1_873' title='bbox 1845 5754 2199 5883; x_wconf 50' lang='grc' dir='ltr'>πὲἱνξωςρπᾶς</span> <span class='ocrx_word' id='word_1_874' title='bbox 2223 5759 2250 5809; x_wconf 83' lang='grc' dir='ltr'><strong>ό</strong></span> <span class='ocrx_word' id='word_1_875' title='bbox 2281 5756 2637 5827; x_wconf 74' lang='grc' dir='ltr'>προφητεύων</span> <span class='ocrx_word' id='word_1_876' title='bbox 2666 5755 2698 5827; x_wconf 84' lang='grc' dir='ltr'>ἢ</span> <span class='ocrx_word' id='word_1_877' title='bbox 2734 5755 2990 5825; x_wconf 76' lang='grc' dir='ltr'>δαίμονας</span> <span class='ocrx_word' id='word_1_878' title='bbox 3019 5754 3291 5811; x_wconf 71' lang='grc' dir='ltr'>ἐκϐάλλων</span> <span class='ocrx_word' id='word_1_879' title='bbox 3330 5774 3349 5805; x_wconf 74' lang='grc' dir='ltr'><strong>ε</strong></span> 
     </span>
     <span class='ocr_line' id='line_1_121' title="bbox 1844 5844 2227 5890; baseline -0.005 -9"><span class='ocrx_word' id='word_1_880' title='bbox 1844 5846 1936 5881; x_wconf 53' lang='grc' dir='ltr'><strong>σευ</strong></span> <span class='ocrx_word' id='word_1_881' title='bbox 1965 5846 2024 5890; x_wconf 88' lang='grc' dir='ltr'><strong>.ς.</strong></span> <span class='ocrx_word' id='word_1_882' title='bbox 2106 5844 2227 5881; x_wconf 71' lang='lat' dir='ltr'><strong>LER.</strong></span> 
     </span>
    </p>
   </div>
   <div class='ocr_carea' id='block_1_121' title="bbox 3006 5985 3080 6043">
    <p class='ocr_par' dir='ltr' id='par_1_121' title="bbox 3006 5985 3080 6043">
     <span class='ocr_line' id='line_1_122' title="bbox 3006 5985 3080 6043; baseline -0.027 0"><span class='ocrx_word' id='word_1_883' title='bbox 3006 5985 3080 6043; x_wconf 66' lang='grc' dir='ltr'>ἷίί</span> 
     </span>
    </p>
   </div>
  </div>
