4022 6338
192 405 332 467 1073

728 521 1124 579 ΚΕΦΔΛΛΙΟΝ
1165 525 1241 578 Ε’.

345 614 701 682 Ἐπίὶιλησις
728 614 829 669 ἐπὶ
857 616 1223 684 χειροτονίας
1257 616 1622 672 ἐπισκόπων.

275 699 335 761 Ὀ
362 705 460 771 ὢν,
493 705 768 770 Δέσποτα,
802 705 996 779 Κύριε,
1030 710 1058 762 6
1102 708 1264 773 Θεὸς,
1297 711 1325 764 6
1353 710 1771 783 παντοκράτωρ,

187 800 219 853 ό
249 798 407 869 μόνος
436 797 759 869 ἀγέννητος,
818 800 912 854 καὶ
951 799 1321 865 ἀϐασίλευτος·
1360 803 1389 856 6
1418 801 1505 855 ἀεὶ
1538 800 1645 866 ὢν,
1678 804 1775 857 καὶ

192 889 302 962 πρὸ
331 888 439 943 τῶν
467 887 677 944 αίώνων
703 890 983 963 ὑπάρχων·
1017 893 1045 946 6
1084 892 1245 947 παντὶ
1267 893 1311 926 υ
1361 893 1613 965 ἀνενδεὴς
1633 934 1647 957 ,
1679 896 1776 949 καὶ

193 982 379 1053 πάσης
402 982 582 1047 αίτίας
611 983 705 1037 καὶ
731 984 999 1054 γενέσεως
1042 984 1329 1057 κρείττων·
1377 986 1406 1040 6
1450 986 1609 1058 μόνος
1642 986 1777 1059 ἀλη-

193 1073 370 1138 Θινὸς,
389 1074 418 1128 ό
441 1073 602 1145 μόνος
621 1074 803 1145 σοφός·
828 1078 856 1130 6
880 1074 955 1129 ὣν
976 1076 1136 1147 μόνος
1169 1077 1449 1147 Ὕψιστος·
1470 1080 1499 1133 6
1517 1081 1585 1152 τῇ
1614 1080 1774 1151 φύσει

193 1162 443 1237 ἀόρατος·
473 1156 535 1217 οῦ
565 1165 823 1237 ήγνῶσις
866 1166 1119 1241 ἄναρχος·
1160 1170 1189 1224 6
1227 1170 1386 1241 μόνος
1420 1170 1652 1240 ἀγαθὸς,
1683 1174 1777 1228 καὶ

196 1256 559 1330 ἀσύγκριτος,
591 1262 619 1314 6
656 1258 724 1313 τά
776 1260 954 1315 πάντα
1000 1262 1157 1326 εἰδὼς
1188 1264 1317 1335 πρὶν
1363 1263 1630 1334 γενέσεως
1676 1266 1777 1321 αύ-

193 1349 368 1404 τῶν·ό
394 1352 502 1405 τῶν
532 1352 790 1425 κρυπτῶν
812 1354 1078 1427 γνώστης·
1100 1359 1128 1413 6
1148 1358 1459 1429 ἀπρόσιτος·
1485 1361 1515 1413 ό
1544 1359 1777 1414 ἀδέσπο-

193 1458 308 1506 τος·
365 1444 393 1496 6
423 1442 555 1507 Θεὸς
605 1445 700 1497 καὶ
755 1446 941 1519 Πατὴρ
988 1448 1084 1503 τοῦ
1126 1450 1445 1521 μονογενοῦς
1479 1450 1609 1505 Υίοῦ
1658 1469 1774 1519 σου,

196 1532 296 1588 τοῦ
327 1534 460 1588 Θεοῦ
491 1535 584 1588 καὶ
611 1536 864 1608 Σωτῆρος
890 1539 1068 1610 ἡμῶν·
1100 1543 1127 1595 6
1159 1540 1488 1613 δημιουργὸς
1504 1542 1612 1598 τῶν
1640 1544 1777 1599 ὅλων

195 1626 266 1681 δι’
300 1625 487 1680 αὐτοῦ·
544 1628 573 1681 6
634 1630 961 1702 προνοητὴς,
1004 1633 1032 1685 6
1066 1632 1340 1705 κηδεμών·
1373 1635 1402 1689 6
1432 1635 1629 1709 Har-hy
1668 1637 1777 1693 τῶν

196 1717 526 1789 οἰκτιρμῶν,
558 1721 653 1773 καὶ
674 1719 807 1785 Θεὸς
828 1721 1009 1796 πάσης
1042 1726 1456 1797 παρακλήσεως·
1488 1730 1518 1782 ὁ
1549 1728 1607 1781 ὲν
1639 1728 1779 1801 ὑψη-

195 1810 312 1874 λοῖς
343 1812 641 1877 κατοικῶν,
673 1815 767 1867 καὶ
802 1814 870 1869 τά
918 1817 1147 1872 ταπεινά
1194 1819 1424 1891 ἐφορῶν.
1461 1821 1533 1874 Σὺ
1584 1822 1614 1875 6
1655 1821 1780 1887 δοὺς

196 1902 361 1974 ὄρους
404 1904 757 1976 Ἐκκλησίας,
788 1906 876 1961 διά
905 1908 1003 1980 τῆς
1032 1910 1299 1982 ὲνσάρκου
1346 1912 1649 1989 παρουσίας
1685 1914 1779 1967 τοῦ

196 1996 439 2070 Χριστοῦ
484 2014 577 2051 σου
595 2037 609 2063 ,
638 1999 743 2053 ὑπὸ
778 2000 1015 2074 μάρτυρι
1043 2003 1121 2074 τῷ
1150 2004 1492 2077 Παρακλήτῳ
1511 2045 1525 2071 ,
1559 2005 1648 2059 διὰ
1672 2007 1780 2061 τῶν

199 2089 311 2147 σῶν
334 2091 643 2146 ἀποστόλων
667 2133 681 2158 ,
710 2094 803 2147 καὶ
842 2094 998 2166 ἡμῶν
1032 2095 1141 2149 τῶν
1174 2097 1357 2169 χάριτι
1400 2100 1466 2170 σῇ
1495 2098 1781 2171 παρεστώ-

195 2197 310 2237 των
358 2184 694 2240 ἐπισκόπων·
752 2188 781 2241 6
820 2187 1122 2265 προορίσας
1151 2188 1211 2256 ἐξ
1255 2189 1430 2261 ἀρχῆς
1481 2190 1647 2263 ἱερεῖς
1702 2192 1782 2254 είς

196 2275 523 2331 ἐπιστασίαν
554 2275 683 2331 λαοῦ
718 2294 844 2344 σου,
892 2279 1056 2333 Ἅϐελ
1098 2280 1155 2335 ὲν
1188 2279 1461 2353 πρώτοις,
1506 2281 1645 2353 Σὴθ,
1689 2283 1783 2343 καὶ

212 2365 379 2431 Ἐνὼς
398 2408 413 2434 ,
454 2368 549 2422 καὶ
606 2368 806 2447 Ἑνὼχ,
841 2372 935 2426 καὶΙ
962 2372 1084 2426 Νῶε
1104 2412 1121 2442 ι
1152 2374 1247 2428 καὶ
1292 2374 1629 2448 Μελχισεδὲκ
1648 2414 1664 2441 ,
1689 2376 1784 2436 καὶ

211 2458 355 2514 Ἱώϐ·
386 2462 414 2515 6
439 2461 725 2528 ἀναδείξας
794 2463 1043 2537 Ἀϐραάμ
1087 2464 1182 2521 καὶ
1232 2467 1359 2533 τοὺς
1414 2469 1635 2533 λοιποὺς
1680 2486 1786 2522 πα-

195 2553 469 2627 τριάρχας
511 2554 607 2610 σὺν
651 2558 765 2621 τοῖς
810 2561 1022 2622 πιστοῖς
1059 2576 1153 2614 σου
1198 2560 1527 2630 θεράπουσιν
1558 2562 1788 2617 Μωῦσεῐ

197 2648 297 2702 καὶ
336 2647 574 2720 Ἀαρὼν,
610 2650 704 2704 καὶ
757 2650 1064 2724 Ἐλεαζάρῳ
1107 2654 1201 2708 καὶ
1229 2654 1434 2717 Φινεές·
1460 2656 1489 2708 6
1515 2652 1574 2722 ὲξ
1606 2652 1787 2713 αὐτῶν

198 2740 693 2813 προχειρισάμενος
733 2743 1029 2815 ἄρχοντας,
1061 2745 1156 2799 καλ⁵
1190 2747 1351 2817 ἱερεῖς
1395 2747 1452 2800 ὲν
1494 2747 1561 2819 τῇ
1611 2748 1784 2819 σκηνῇ

196 2831 297 2886 τοῦ
326 2833 649 2906 μαρτυρίου·
677 2836 707 2890 6
737 2835 828 2889 τὸν
858 2836 1112 2909 Σαμουὴλ
1140 2838 1499 2911 ἐκλεξάμενος
1527 2842 1607 2905 είς
1636 2841 1787 2913 ἱερέα

199 2925 299 2980 καὶ
350 2926 655 2998 προφήτην·
696 2925 775 2997 τῷ
821 2926 1185 3001 ἀγιάσματίυ
1226 2945 1319 2984 σου
1369 2930 1787 3003 ἀλειτούργητον

201 3016 283 3090 μὴ
315 3016 715 3087 ἐγκαταλιπών·
745 3020 775 3073 6
800 3019 1100 3093 εὐδοκήσας
1130 3022 1189 3075 ὲν
1225 3017 1308 3085 οἷς
1345 3021 1591 3095 ῄρετίσω
1634 3022 1790 3091 δοξα-

202 3109 425 3181 σοῆναι.
459 3110 631 3175 Αὐτὸς
657 3111 752 3166 καὶ
794 3112 890 3167 νῦν
945 3114 1192 3187 μεσιτείᾳ
1232 3114 1326 3169 τοῦ
1370 3117 1608 3189 Χριστοῦ
1660 3133 1785 3183 σου,

1040 404 1641 464 CONSTLTUTlONES
1685 401 2161 461 APOSTOLICIE.
2198 434 2265 443 —
2299 400 2425 456 LIB.
2466 398 2603 456 Vill.

1803 540 1851 588 A

3318 403 3457 461 1074

2496 518 2727 577 CAPUT
2769 520 2837 579 VT.

2094 613 2364 669 [avocatio
2400 614 2452 667 in
2484 614 2818 667 ordinatione
2847 614 3237 683 episcoporum.

1947 705 2050 772 Qui
2082 721 2161 771 es,
2199 704 2329 761 here
2378 704 2630 770 Domine,
2676 704 2843 769 Deus,
2882 706 3255 777 omnipotens,
3296 708 3456 765 solus

1879 796 2159 867 ingenitus
2185 812 2250 851 ac
2279 798 2462 868 regem
2494 812 2606 854 non
2636 796 2881 863 habens;
2916 799 3008 869 qui
3041 814 3259 871 semper
3288 817 3377 865 es,
3403 811 3459 859 et

1878 898 2007 945 ante
2030 890 2230 945 saacula
2259 889 2510 958 exsistis;
2540 888 2636 959 qui
2664 888 2818 945 nullo
2859 889 3093 961 indiges,
3128 907 3458 965 omnemque

1878 996 2104 1038 causam
2137 990 2303 1053 atque
2348 989 2531 1037 ortum
2570 996 2833 1051 superas;
2883 983 3035 1039 solus
3080 1000 3265 1041 verus.
3304 988 3459 1045 solus

1878 1074 2133 1146 sapiens;
2157 1074 2248 1147 qui
2281 1074 2433 1131 solus
2455 1074 2771 1131 Altissimus
2794 1091 2874 1139 es,
2902 1085 3101 1132 natura
3128 1078 3457 1150 invisibilis;

1878 1169 2036 1238 cujus
2069 1167 2338 1239 cognitio,
2386 1182 2582 1239 expers
2628 1167 2921 1238 principii;
2958 1170 3112 1225 solus
3144 1171 3351 1237 bonus,
3396 1188 3461 1233 ac

1879 1261 2327 1331 incomparabilis
2349 1278 2363 1327 ;
2387 1261 2481 1331 qui
2506 1259 2693 1315 omnia
2714 1261 2860 1316 nosti
2892 1270 3021 1318 ante
3066 1278 3229 1334 quam
3255 1266 3460 1334 ﬁant“;

1878 1353 2221 1407 occultorum
2252 1344 2523 1423 cognitor,
2565 1352 2920 1421 inaccessus;
2967 1356 3193 1412 domino
3222 1374 3457 1425 carens;

1880 1445 2025 1501 Deus
2048 1454 2101 1501 et
2121 1445 2284 1501 Pater
2315 1446 2579 1517 unigeniti
2602 1445 2722 1502 Filii
2763 1450 2864 1514 tui,
2917 1448 3014 1505 Dei
3052 1465 3116 1506 ac
3146 1451 3458 1513 Servatoris

1880 1540 2089 1606 nostri;
2119 1538 2375 1595 conditor
2405 1539 2787 1595 universorum
2807 1555 2903 1612 per
2936 1542 3113 1613 ipsum
3138 1586 3150 1606 ,
3181 1546 3459 1613 provisor,

1883 1640 2055 1699 tutor;
2089 1631 2251 1686 Pater
2275 1630 2800 1696 misericordiarum,
2834 1640 2888 1687 ut
2936 1635 3082 1690 Deus
3114 1636 3284 1691 totius
3329 1650 3463 1693 cou-

1884 1724 2378 1794 solationis";qui
2427 1724 2482 1778 in
2544 1724 2668 1779 altis
2719 1724 2956 1793 habitas,
3010 1734 3063 1781 et
3115 1726 3343 1781 humilia
3378 1744 3465 1783 re-

1885 1817 2132 1887 spicis".
2166 1814 2249 1869 Tu
2277 1815 2370 1886 qui
2399 1814 2601 1870 dedisti
2644 1817 2792 1886 leges
2824 1832 2889 1872 ac
2934 1819 3151 1890 regulas
3183 1820 3466 1891 Ecclesiae,

1882 1926 1978 1982 per
2004 1909 2211 1971 Christi
2240 1910 2319 1963 tui
2346 1913 2639 1963 adventum
2683 1909 2739 1963 in
2762 1923 2949 1972 carne,
2982 1911 3087 1966 sub
3118 1919 3258 1967 teste
3292 1911 3462 1967 Para-

1884 2004 2047 2069 cleto,
2081 2018 2177 2074 per
2206 2002 2487 2074 apostolos
2521 2011 2666 2069 tuos,
2718 2017 2784 2057 ac
2824 2019 2927 2057 nos
2957 2004 3130 2074 gratia
3159 2012 3252 2058 tua
3281 2014 3466 2061 astan-

1882 2103 1967 2153 tes
1999 2098 2317 2169 episcopos;
2348 2095 2442 2167 qui
2473 2095 2543 2151 ab
2575 2095 2733 2151 initio
2780 2096 3095 2167 prtestitisti
3140 2098 3459 2155 sacerdotes

1884 2189 1939 2245 in
1966 2188 2150 2261 populi
2189 2189 2270 2244 tui
2318 2170 2687 2245 curationem.
2733 2188 2959 2244 Abelem
3012 2189 3067 2244 in
3117 2189 3332 2260 primis,
3366 2188 3467 2246 So—

1886 2283 2063 2347 thum,
2091 2282 2358 2347 Enosum,
2400 2280 2745 2345 Henochum,
2779 2278 2974 2345 Noam,
3005 2281 3465 2345 Melchisedecum

1884 2385 1939 2433 et
1965 2375 2162 2431 Jobum
2184 2394 2198 2443 ;
2229 2376 2322 2446 qui
2360 2375 2697 2429 constituisti
2736 2372 3111 2431 Abrahamum
3154 2386 3209 2432 et
3239 2386 3467 2433 caeteros

1885 2467 2253 2538 patriarchas,
2286 2482 2412 2521 cum
2442 2465 2693 2520 ﬁdelibus
2716 2465 2824 2520 tuis
2855 2465 3096 2534 famulis,
3122 2467 3328 2541 Moyse,
3364 2470 3467 2532 Aa-

1888 2574 2041 2624 rone,
2096 2557 2378 2623 Eleazaro,
2421 2556 2656 2625 Phineo;
2691 2557 2785 2628 qui
2830 2557 2886 2613 in
2933 2560 3070 2630 ipsis
3110 2560 3469 2632 desumpsisti

1888 2651 2191 2722 principes,
2218 2659 2272 2705 ct
2304 2648 2623 2706 sacerdotes
2652 2649 2709 2703 in
2738 2650 3097 2707 tabernaculo
3127 2653 3466 2722 testimonii;

1888 2744 1980 2813 qui
2006 2740 2313 2798 samuelem
2334 2741 2544 2812 elegisti
2568 2743 2619 2795 in
2649 2741 2993 2797 sacerdotem
3024 2758 3087 2799 ac
3112 2746 3465 2815 prophetam;

1890 2835 1985 2906 qui
2007 2834 2381 2899 sanctuarjum
2408 2840 2561 2888 tuum
2580 2833 2699 2889 sine
2718 2834 2991 2891 ministris
3020 2851 3131 2890 non
3156 2837 3465 2906 reliquisti;

1888 2928 1981 2997 qui
2022 2924 2398 2981 benevolentia
2430 2932 2759 2995 prosecutus
2806 2941 2866 2983 es
2894 2942 2991 2983 eos
3048 2927 3105 2982 in
3134 2928 3336 2999 quibus
3373 2945 3483 2983 vu-.

1892 3020 2048 3076 luisti
2115 3018 2406 3075 celebrari.
2463 3017 2585 3088 Ipse
2638 3032 2785 3072 nunc
2860 3032 3105 3089 quoque,
3158 3020 3470 3075 intercessu

1890 3111 2094 3169 Christi
2118 3110 2219 3174 tui,
2255 3125 2351 3181 per
2372 3124 2475 3165 nos
2505 3108 2732 3165 infunde
2760 3110 3017 3166 virtutem
3042 3112 3365 3187 principalis
3392 3112 3471 3168 tui

198 3200 271 3257 δι’
304 3202 463 3274 ἡμῶν
498 3203 684 3275 ἐπίχει
732 3205 833 3277 τὴν
882 3204 1109 3277 δύναμίν
1156 3207 1250 3263 τοῦ
1305 3208 1636 3281 ἡγεμονικοῦ
1692 3227 1785 3263 σου

1893 3203 2151 3277 Spiritus,
2179 3203 2273 3274 qui
2323 3202 2779 3260 subministratur
2825 3218 2921 3273 per
2963 3204 3227 3259 dilectum
3270 3204 3472 3261 Filium

199 3295 547 3367 Πνεύματος,
601 3299 741 3370 ὅπερ
795 3298 1123 3355 διακονεῖται
1186 3301 1265 3373 τῷ
1304 3302 1651 3375 ἠγαπημένῳ
1692 3320 1787 3357 σου

200 3389 363 3443 Παιδί
404 3388 577 3460 Ἰησοῦ
626 3389 881 3464 Χριστῷ,
933 3393 1071 3467 ὅπερ
1117 3394 1430 3468 ἐδωρήσατο
1458 3395 1651 3468 γνώμῃ
1695 3414 1788 3451 σου

199 3481 320 3544 τοῖς
361 3480 536 3549 ἁγίοις
568 3482 888 3549 ἀποστόλοις
942 3500 1036 3538 σου
1091 3485 1185 3539 τοῦ
1215 3488 1433 3541 αἰωνίου
1497 3487 1655 3542 Θεοῦ.
1690 3490 1790 3554 Δὸς

201 3574 263 3625 ὲν
294 3572 373 3644 τῷ
389 3572 620 3643 κόνόματί
656 3590 782 3640 σου,
814 3574 1227 3647 καρδιογνῶστα
1259 3578 1392 3644 Θεὲ,
1425 3580 1520 3634 ἐπὶ
1547 3580 1639 3635 τὸν
1670 3581 1791 3636 δοῦ-

200 3663 297 3717 λόν
332 3680 425 3717 σου
452 3664 603 3719 τόνδε
624 3705 639 3731 ,
660 3665 719 3720 ὃν
746 3666 975 3735 ἐξελέξω
1002 3669 1083 3733 είς
1115 3669 1447 3737 ἐπίσκοπον,
1478 3672 1791 3744 ποιμαίνειν

199 3756 307 3827 τὴν
355 3755 513 3825 ἀγίαν
571 3774 666 3812 σου
728 3760 996 3833 ποίμνην,
1044 3763 1140 3816 καὶ
1196 3763 1615 3837 ἀρχιερατεύειν
1668 3784 1788 3834 σοι,

200 3850 514 3922 ἀμέμπτως
560 3851 977 3926 λειτουργοῦντα
1025 3853 1218 3919 νυκτὸς
1262 3856 1356 3912 καὶ
1408 3856 1624 3931 ἡμέρας
1645 3898 1662 3924 ,
1696 3860 1792 3913 καὶ

201 3942 621 4016 ὲξιλασκόμενόν
664 3960 759 3998 σου
788 3944 848 3998 τὸ
891 3946 1183 4020 πρόσωπον
1202 3986 1217 4013 ,
1246 3948 1674 4022 ἐπισυναγαγεῖν
1699 3951 1794 4007 τὸν

202 4033 440 4106 ἀριθμὸν
484 4035 592 4089 τῶν
644 4036 1007 4109 σωζομένων,
1068 4039 1163 4093 καὶ⁵
1216 4041 1552 4113 προσφέρειν
1604 4060 1687 4097 σοι
1720 4044 1794 4099 τά

202 4126 354 4199 δῶρα
377 4127 475 4198 τῆς
506 4128 668 4198 ἁγίας
699 4146 792 4183 σου
814 4130 1182 4203 .Ἐκκλησίας.
1217 4132 1317 4198 Δὸς
1345 4133 1514 4205 αύτῷ,
1546 4130 1801 4191 Δέσποτα

204 4218 617 4293 παντόκρατορ,
671 4219 761 4276 διὰ
810 4220 905 4276 τοῦ
938 4223 1178 4295 Χριστοῦ
1213 4241 1307 4278 σου
1329 4263 1345 4290 ,
1372 4226 1473 4297 τὴν
1503 4228 1793 4297 μετουσίαν

202 4310 305 4366 τοῦ
337 4312 493 4382 ἀγίου
543 4312 883 4386 Πνεύματος·
932 4315 1074 4371 ὥστε
1114 4316 1258 4389 ἔχειν
1300 4318 1548 4384 ἐξουσίαν
1578 4321 1794 4391 ἀφιέναι

205 4404 486 4479 ἁμαρτίας
513 4404 768 4479 κατάτὴν
794 4407 1014 4480 ἐντολήν
1045 4426 1162 4474 σου,
1202 4410 1400 4464 διδόναι
1429 4411 1661 4485 κλήρους
1680 4414 1793 4487 (95)

205 4496 356 4553 κατά
368 4497 429 4550 τὸ
447 4499 693 4569 πρόσταγ
701 4500 778 4572 μά
791 4517 882 4555 σου
892 4500 1059 4566 ,λύειν
1075 4503 1133 4557 δὲ
1147 4502 1326 4557 πάντα
1344 4503 1641 4577 σύνδεσμον
1653 4505 1793 4560 κατά

1890 3306 2046 3353 tuum
2075 3295 2262 3352 Jesum
2290 3295 2597 3360 Christum,
2629 3310 2902 3366 quemque
2937 3296 3224 3351 voluntate
3253 3305 3347 3351 tua
3373 3298 3470 3353 do-

1890 3389 2040 3445 navit
2066 3387 2277 3445 sanctis
2307 3386 2571 3458 apostolis
2604 3387 2671 3442 ad
2701 3394 2753 3442 te
2794 3396 3061 3443 aeternum
3091 3388 3263 3443 Deum
3296 3389 3476 3460 perti-

1890 3484 2171 3539 nentibus.
2194 3480 2271 3535 Da
2302 3481 2359 3535 in
2388 3480 2611 3536 nomine
2638 3488 2756 3546 tuo,
2788 3479 2933 3535 Deus
2969 3480 3223 3552 cognitor
3263 3479 3470 3545 cordis,

1891 3578 2021 3633 huic
2051 3591 2211 3635 servo
2235 3582 2352 3641 tuo,
2384 3574 2563 3630 electo
2610 3589 2642 3629 a
2674 3582 2727 3630 te
2774 3574 2831 3629 in
2860 3574 3205 3646 episcopum,
3248 3589 3474 3645 pascere
3570 3568 3577 3578 “

1892 3678 2145 3727 sanctum
2168 3677 2325 3724 tuum
2349 3682 2590 3739 gregem,
2642 3675 2697 3722 et
2725 3666 3041 3737 pontiﬁcem
3081 3675 3238 3721 tuum
3290 3681 3473 3737 agere,

1892 3764 2175 3834 inculpate
2231 3760 2641 3830 ministrantem
2671 3768 2835 3815 nocte
2882 3773 2947 3813 ac
2977 3758 3095 3827 die;
3127 3768 3181 3815 et
3210 3758 3475 3829 placando

1895 3855 2087 3911 faciem
2118 3862 2292 3919 tuam,
2324 3866 2655 3923 congregare
2682 3866 2973 3906 numerum
3002 3867 3194 3907 eorum
3216 3851 3309 3923 qui
3339 3850 3477 3906 salvi

1895 3948 2054 4009 ﬁunt,
2093 3959 2157 4013 ac
2180 3944 2376 4001 otl‘erre
2410 3944 2507 3999 tibi
2538 3944 2682 3999 dona
2711 3951 2921 3999 sancta:
2950 3953 3058 3999 tuae
3086 3943 3364 3999 Ecclesiae.
3395 3941 3473 3996 Da

1894 4039 1995 4103 illi,
2026 4038 2251 4093 Domine
2293 4037 2668 4107 omnipotens,
2709 4050 2806 4107 per
2837 4034 3121 4091 Christum
3156 4045 3311 4089 tuum
3348 4049 3475 4105 par-

1895 4131 2271 4201 ticipationem
2301 4129 2480 4187 sancti
2514 4128 2792 4199 Spiritus;
2823 4124 2884 4182 ut
2924 4128 3119 4182 habeat
3146 4136 3475 4197 potestatem

1894 4223 2209 4281 remittendi
2264 4230 2489 4295 peccata
2541 4222 2847 4278 secundum
2919 4220 3240 4275 mandatum
3299 4230 3475 4285 tuum,

1894 4318 2061 4375 dandi
2103 4317 2281 4373 cteros
2331 4332 2427 4373 seu
2456 4314 2677 4371 ordines
2699 4312 3107 4369 ecclesiasticos
3152 4312 3308 4381 juxta
3340 4328 3479 4386 prae-

1896 4419 2115 4482 ceptum
2164 4416 2341 4475 tuum,
2386 4419 2443 4464 et
2487 4407 2733 4462 solvendi
2782 4422 2944 4461 oume
2974 4406 3480 4466 vinculumqsecun-

1899 4507 2032 4562 dum
2063 4511 2390 4577 potestatem
2426 4515 2591 4573 quam
2622 4499 2862 4555 tribuisti
2900 4498 3162 4568 apostolis
3179 4499 3275 4563 “';
3312 4508 3485 4569 utque.

207 4589 311 4660 τὴν
326 4588 571 4671 ἐξουσίαν
593 4591 658 4663 ἣν
680 4590 889 4657 ἔδωκας
910 4596 1024 4659 τοῖς
1045 4596 1380 4672 ἀποστόλοις·
1409 4600 1720 4672 εὐαρεστεῖν
1739 4600 1797 4654 δέ

1905 4598 2003 4655 tibi
2056 4600 2266 4669 placeat
2330 4597 2384 4651 in
2438 4592 2883 4656 mansuetudine,
2938 4600 2992 4647 et
3035 4592 3239 4646 mundo
3288 4592 3475 4655 corde,

210 4697 299 4735 σοι
315 4682 371 4733 ὲν
394 4668 685 4753 πραότητι,
712 4684 806 4737 καὶ
818 4685 1038 4759 καθαρᾷ
1054 4668 1273 4761 καρδίᾳ,
1292 4668 1599 4763 ἀτρέπτως,
1621 4692 1796 4763 ἀμέμ-

208 4790 383 4838 πτως,
398 4773 766 4846 ἀνεγκλήτως,
782 4794 822 4829 π
828 4778 993 4848 ροσφέ
1000 4780 1163 4851 ροντά
1174 4798 1255 4835 σοι
1270 4781 1414 4836 καθα
1422 4781 1518 4853 ράν
1531 4783 1627 4838 καὶ
1638 4786 1739 4841 ἀνα
1747 4784 1793 4837 ίο

213 4880 423 4937 μακτον
451 4866 673 4933 θυσίαν,
699 4868 765 4940 ἢν
798 4868 886 4925 διὰ
908 4870 1146 4943 Χριστοῦ
1164 4872 1395 4941 διετάξω
1413 4875 1474 4929 τὸ
1496 4877 1795 4948 μυστήριον

207 4958 309 5030 τῆς
320 4959 521 5032 Καινῆς
534 4960 826 5034 Διαθήκης,
851 4962 930 5026 είς
943 4963 1118 5035 ὀσμὴν
1137 4965 1494 5031 εὐωδίας,διά
1510 4967 1605 5021 τοῦ
1635 4968 1794 5037 ἁγίου

210 5052 414 5118 Παιδός
446 5070 542 5109 σου
589 5054 761 5127 Ἰησοῦ
789 5056 1025 5130 Χριστοῦ
1073 5057 1166 5112 τοῦ
1214 5058 1351 5113 Θεοῦ
1401 5061 1496 5114 καὶ
1543 5050 1797 5133 Σωτῆρος

288 5238 337 5309 ”_
354 5236 411 5309 _l'.
445 5236 645 5309 πάντη.

212 5310 282 5343 ⁵³·
323 5306 514 5363 Matth.
547 5306 703 5372 xviii,
735 5306 824 5362 18.

1899 4698 2238 4753 constanter,
2294 4688 2571 4757 inculpate
2620 4700 2685 4740 ac
2734 4684 3290 4755 irrcprehensibiliter
3345 4683 3480 4745 oﬂce

1899 4784 2071 4840 rendo
2094 4784 2192 4838 tibi
2222 4796 2420 4853 purum
2454 4788 2508 4835 et
2556 4780 2900 4837 incruentum
2932 4775 3289 4842 sacriﬁcium,
3332 4778 3479 4846 quod

1902 4892 1997 4948 per
2025 4876 2311 4937 Christum
2343 4870 2686 4928 constituisti
2736 4868 3058 4941 mysterium
3098 4867 3237 4922 Novi
3284 4866 3479 4923 Testa-

1902 4968 2092 5033 menti,
2124 4968 2179 5021 in
2222 4965 2447 5021 odorem
2478 4961 2800 5027 suavitatis;
2834 4976 2931 5031 per
2974 4968 3227 5016 sanctum
3280 4958 3479 5017 Filium
3573 5034 3577 5039 _

1904 5070 2057 5115 tuum
2087 5058 2277 5115 Iesum
2340 5056 2642 5118 Christum,
2690 5054 2859 5109 Deum
2904 5067 2969 5106 ac
3016 5050 3482 5108 Salvatoremnos

743 5235 790 5269 “
829 5234 963 5293 Dan.
997 5252 1119 5304 xm,
1140 5237 1235 5296 42.
1312 5237 1368 5272 -“
1404 5235 1448 5291 11
1475 5237 1603 5295 Cor.
1636 5253 1675 5305 ι,
1699 5238 1767 5299 5,

1914 5237 2058 5295 Psal.
2092 5252 2227 5303 ειη,
2253 5237 2307 5293 5.
2404 5235 2451 5267 ”
2485 5231 2523 5288 Γ.
2558 5231 2618 5284 τὸ
2648 5230 2912 5301 ἀγίασμα.
2947 5228 3039 5286 Sic
3067 5238 3122 5286 et
3148 5230 3285 5285 alter
3311 5226 3473 5293 Vind,

1498 5480 1867 5539 VARIORUM
1905 5480 2139 5537 NOT/E.

289 5662 403 5734 (93)
444 5661 677 5717 Διδόναι
709 5660 989 5734 κλήρους.
1026 5660 1289 5717 Primitus
1312 5676 1380 5716 ae
1407 5667 1651 5734 _sorteac
1678 5673 1790 5713 sor-

216 5730 413 5808 titione
440 5742 703 5808 usurpata
738 5730 839 5787 vox
872 5731 1100 5808 κλῆρος,
1124 5741 1316 5808 postea
1355 5732 1420 5785 ad
1471 5730 1640 5784 multa
1669 5745 1791 5808 qua:

215 5807 415 5873 sortito
436 5800 822 5873 obtingebant,
852 5800 1300 5873 signiﬁcationem
1324 5816 1481 5873 suam
1518 5800 1788 5865 extendit;

219 5871 289 5946 ad
320 5871 673 5950 dignitatem,
727 5871 943 5938 locum,
987 5889 1305 5941 numerum,
1349 5871 1633 5937 ordinem,
1665 5886 1792 5943 pos-

1898 5656 2239 5717 sessionem,
2272 5650 2535 5719 aliaque.
2590 5646 2767 5719 Atque
2809 5643 3135 5719 hiexlﬁpot
3188 5647 3336 5719 sunt,
3396 5644 3481 5697 vel

1900 5726 2185 5797 Speciatim
2210 5715 2443 5778 Ordines
2463 5728 2519 5797 et
2548 5716 2751 5787 gradus
2786 5716 3155 5797 ’clericorum;
3196 5715 3279 5797 vel
3314 5728 3479 5793 gene-

1899 5784 2061 5852 ratim
2121 5797 2238 5849 loca
2268 5784 2925 5866 Christian_brutn,_i_nter
2964 5784 3218 5866 clericos,
3266 5784 3439 5839 laicos
3460 5800 3499 5857 εχ

1899 5876 2131 5932 stantes,
2166 5866 2385 5934 lapsos;
2424 5862 2685 5933 virgines,
2720 5857 2933 5913 viduas.
2971 5867 3073 5913 etc.
3114 5857 3261 5910 Cor.
