4022 6338
182 401 324 459 10⁸17

1066 393 1664 452 CONSTITUTIONES
1706 392 2180 452 APOSTOLICE.
2216 426 2285 436 -—
2319 395 2447 450 LIB.
2487 395 2619 452 VIII.

3316 399 3461 460 1οη

178 514 324 572 κατά
345 512 581 568 διάνοιαν
604 511 743 582 ὐπέρ
763 510 940 563 αὐτῶν
971 510 1478 580 προσευχέσθωσαν,
1501 509 1764 577 λέγοντεςο

1875 509 2174 564 attentione
2202 517 2360 564 orent
2388 509 2634 566 dicentes
2667 529 2679 564 :
2710 508 2872 582 Iiyrie
2897 509 3124 565 eleison.
3182 509 3457 570 Diaconus

177 607 352 678 Κύριε
399 606 636 677 ἐλέησον.
669 602 997 656 Διακονείτω
1041 602 1098 654 δὲ
1146 602 1288 672 ὑπὲρ
1333 601 1531 662 αὐτῶν,
1573 600 1763 668 λέγων·

189 700 365 770 ’Υπὲρ
390 700 497 752 τῶν
529 698 950 770 κατηχουμένων
980 696 1179 757 πάντες
1199 694 1275 763 (5)
1305 695 1395 747 τὸν
1426 693 1557 746 Θεὸν
1585 710 1768 764 παρα-

175 791 514 861 καλέσωμεν,
537 791 623 844 Eva
650 790 678 842 ὁ
707 788 928 856 ἀγαθὸς,
963 786 1366 858 φιλάνθρωπος,
1391 785 1634 857 εὐμενῶς
1653 789 1768 839 είσ-

173 883 387 954 ἀκούσῃ
423 881 531 934 τῶν
570 881 807 952 δεήσεων
846 879 1026 933 αὐτῶν
1075 879 1168 932 καὶ
1211 879 1319 931 τῶν
1347 879 1764 950 παρακλήσεων,

171 976 274 1029 καὶ
316 973 749 1045 προσδεξάμενος
790 972 968 1026 αὐτῶν
1013 971 1112 1043 τὴν
1161 971 1366 1024 ἱκεσίαν
1415 970 1766 1041 ἀντιλάϐηται

170 1067 379 1128 αὐτῶν,
411 1066 506 1120 καὶ
546 1065 621 1136 δῷ
661 1067 844 1128 αὐτοῖς
873 1063 944 1117 τά
968 1065 1244 1134 αἰτήματα
1273 1062 1380 1116 τῶν
1408 1061 1644 1134 καρδιῶν
1671 1063 1768 1116 αὐ-

169 1159 284 1212 τῶν
317 1159 458 1229 πρὸς
497 1158 559 1212 τὸ
608 1156 904 1228 συμφέρον,
934 1154 1260 1226 ἀποκαλύψῃ
1289 1156 1474 1217 αὐτοῖς
1497 1154 1558 1206 τὸ
1586 1155 1766 1223 Εὐαγ-

170 1251 355 1320 γέλιον
389 1249 484 1304 τοῦ
522 1248 758 1322 Χριστοῦ
790 1248 978 1310 αὐτοῦ,
1013 1246 1224 1319 φωτίσῃ
1260 1247 1456 1308 αὐτοὺς
1486 1247 1581 1300 καὶ
1611 1264 1764 1299 συνε-

168 1343 320 1415 τίσῃ,
343 1343 605 1414 παιδεύσῃ
635 1342 833 1404 αὐτοὺς
860 1342 961 1412 τὴν
983 1339 1334 1407 θεογνωσίαν,
1355 1337 1537 1408 διδάξῃ
1567 1338 1766 1402 αὐτοὺς

167 1436 245 1490 τά
289 1435 686 1508 προστάγματα
723 1433 888 1488 αὐτοῦ
920 1433 1012 1486 καὶ
1039 1433 1108 1484 τά
1134 1430 1498 1501 δικαιώματα,
1530 1433 1766 1500 ἐγκατα-

171 1529 419 1600 φυτεύσῃ
449 1528 507 1580 ἐν
535 1528 719 1590 αὐτοῖς
748 1526 838 1579 τὸν
868 1525 1031 1594 ἁγνὸν
1061 1523 1231 1578 αὑτοῦ
1261 1524 1356 1577 καὶ
1385 1524 1651 1595 σωτήριον
1673 1521 1767 1592 φό-

169 1622 292 1685 σον,
324 1621 562 1692 διανοίξῃ
590 1619 660 1673 τά
686 1614 800 1674 ὦτα
827 1618 936 1672 τῶν
965 1618 1203 1689 καρδιῶν
1233 1616 1410 1670 αὐτῶν
1439 1616 1577 1686 πρὸς
1614 1615 1674 1668 τὸ
1709 1616 1766 1669 ἐν

167 1713 254 1784 τῷ
281 1714 430 1785 νόμῳ
461 1713 626 1766 αὐτοῦ
656 1710 1044 1779 καταγίνεσθαι
1072 1709 1287 1780 ἡμέρας
1319 1709 1414 1762 κα)⁸
1440 1708 1653 1770 νυκτὸς,
1676 1707 1765 1778 βε-

168 1803 387 1876 ϐαιώσῃ
413 1806 469 1857 δὲ
496 1806 692 1867 αὐτοὺς
719 1805 777 1856 ἐν
804 1805 870 1873 τῇ
900 1802 1170 1874 εὐσεϐείᾳ,
1198 1802 1372 1874 ἐνώσῃ
1404 1803 1498 1855 καὶ
1531 1803 1766 1870 ἐγκατα-

169 1875 418 1968 ριθμήσῃ
441 1897 639 1959 αὐτοὺς
657 1895 738 1966 τῷ
767 1895 909 1966 ἁγίῳ
938 1893 1106 1948 αὐτοῦ
1133 1894 1390 1966 ποιμνίῳ,
1422 1893 1764 1958 καταξιώσας
1801 1875 1840 1929 Β

165 1990 374 2053 αὐτοὺς
416 1987 512 2041 τοῦ
543 1987 770 2060 λουτροῦ
802 1988 902 2058 τῆς
931 1986 1375 2055 παλιγγενεσίας,
1405 1986 1499 2038 τοῦ
1529 1985 1649 2038 ἐνδύ
1659 2003 1764 2056 μα-

164 2098 267 2145 τος
306 2081 407 2150 τῆς
443 2079 753 2152 ἀφθαρσίας
783 2079 881 2152 (4),
911 2080 1013 2150 τῆς
1043 2079 1212 2142 ὅντως
1245 2078 1412 2148 ζωῆς,
1445 2078 1672 2150 ῥύσηται
1707 2076 1764 2130 δὲ

166 2173 372 2236 αὐτοὺς
401 2173 510 2227 ἀπὸ
539 2173 720 2242 πάσης
746 2171 1026 2236 ἀσεϐείας,
1048 2173 1144 2225 καὶ⁸
1175 2172 1250 2243 μὴ
1280 2170 1357 2240 δῷ
1383 2171 1546 2223 τόπον
1575 2169 1652 2239 τῷ
1679 2170 1766 2223 ἀλ-

166 2263 372 2336 λοτρίῳ
399 2267 518 2318 κατ’
548 2264 748 2331 αὐτῶν,
779 2265 1051 2336 καθαρίσῃ
1097 2264 1156 2317 δέ
1200 2264 1397 2326 αὐτοὺς
1423 2263 1532 2317 ἀπὸ
1565 2264 1766 2326 παντὸς

170 2357 457 2430 μολυσμοῦ
489 2357 692 2428 σαρκὸς
719 2358 814 2411 καὶ
842 2357 1171 2426 πνεύματος,
1200 2357 1453 2426 ἐνοικήσῃ
1482 2373 1542 2408 τε
1576 2356 1634 2408 ἐν
1667 2356 1766 2408 αὐ-

163 2452 290 2511 τοῖς
322 2450 416 2502 καὶ
442 2451 864 2521 ἐμπεριπατήσῃ
892 2449 979 2502 διὰ
1010 2449 1104 2502 τοῦ
1129 2448 1366 2520 Χριστοῦ
1398 2447 1583 2511 αὐτοῦ,
1614 2447 1766 2500 εὐλο-

165 2541 319 2612 τήσῃ
366 2539 465 2605 τὰς
496 2540 733 2604 είσόδους
779 2541 956 2595 αὐτῶν
989 2541 1084 2594 κα)⁵
1115 2541 1214 2603 τάς
1244 2539 1474 2604 ἐξόδους,
1506 2539 1602 2593 καὶ
1634 2555 1766 2592 κατ-

166 2633 374 2706 ευθύνῃ
412 2634 596 2698 αὐτοῖς
625 2633 695 2687 τά
741 2635 1078 2706 προκείμενα
1122 2636 1202 2697 είς
1234 2634 1294 2686 τὸ
1329 2633 1622 2704 συμφέρον.
1647 2634 1766 2685 Ἔτι

166 2725 411 2790 ἐκτενῶς
448 2727 590 2798 ὑπὲρ
627 2727 806 2780 αὐτῶν
853 2727 1240 2797 ίκετεύσωμεν,
1272 2727 1359 2778 ἵνα
1393 2725 1642 2794 ἀφέσεως
1670 2743 1765 2777 τυ-

167 2819 361 2892 χόντες
386 2818 495 2872 τῶν
529 2819 1019 2889 πλημμελημάτων
1052 2818 1138 2872 διά
1165 2817 1266 2888 τῆς
1300 2817 1572 2889 μυήσεως,
1607 2816 1768 2880 ἀξιω-

138 2965 144 2969 .
168 2910 312 2964 θῶσι
330 2905 440 2964 τῶν
459 2911 631 2979 ἁγίων
658 2911 997 2982 μυστηρίων,
1037 2911 1132 2963 καὶ
1157 2909 1258 2978 τῆς
1293 2909 1430 2980 μετά
1457 2908 1565 2961 τῶν
1597 2909 1766 2976 ἁγίων

165 3002 806 3075 διαμονῆς.Ἐγείρεσθε,
841 3003 890 3055 οἱ
935 3002 1350 3072 κατηχοῦμενοι.
1387 3001 1498 3072 Τὴν
1547 3001 1767 3072 εἰρήνην

165 3096 270 3151 ⁸τοῦ
301 3095 437 3149 Θεοῦ
468 3094 560 3148 διά
584 3094 678 3147 τοῦ
719 3092 958 3165 Χριστοῦ
1002 3092 1167 3147 αὐτοῦ
1207 3091 1526 3163 αἰτήσασθε,
1565 3093 1767 3163 εἰρηνι-

168 3188 280 3260 κὴν
311 3186 388 3260 (5)
417 3189 629 3260 ἡμέραν
659 3187 752 3241 καὶ
785 3186 1168 3258 ἀναμάρτητον
1200 3186 1294 3238 καὶ
1323 3185 1500 3238 πάντα
1526 3183 1767 3282 τὸνῴχρό-
1793 3224 1834 3282 C

167 3301 265 3339 νον
292 3283 393 3353 τῆς
423 3283 568 3352 ζωῆς
597 3281 772 3352 ὑμῶν,
807 3279 1092 3351 χριστιανά
1134 3278 1287 3348 ὐμῶν
1322 3277 1569 3347 τά¹τέλη,
1606 3273 1762 3330 ἵλεων

167 3376 271 3431 καὶ
313 3375 522 3446 εὐμενῆ
555 3375 648 3429 τὸν
679 3373 830 3442 Θεὸν,
872 3372 1064 3440 ἄφεσιν
1096 3369 1603 3441 πλημμελημάτων,
1635 3371 1763 3424 ἐαυ-

165 3468 300 3530 τούς
336 3466 417 3537 τῷ
460 3467 606 3538 μόνῳ
633 3466 912 3536 ἀγεννήτῳ
944 3462 1062 3533 Θεῷ
1088 3463 1176 3516 διὰ
1209 3463 1303 3516 τοῦ
1329 3461 1565 3532 Χριστοῦ
1599 3461 1761 3514 αὐτοῦ

167 3558 504 3630 παράθεσθε.
540 3558 793 3624 Κλίνατε,
828 3557 924 3611 καὶ
957 3554 1284 3624 εὐλογεῖσθε.
1320 3556 1435 3624 Ἐφ’
1467 3553 1681 3625 ἑκάστῳ
1703 3553 1760 3606 δὲ

166 3651 380 3706 τούτων
405 3643 482 3708 ὧν
509 3652 538 3705 ὁ
560 3651 808 3713 διάκονος
837 3649 1167 3720 προσφωνεῖ,
1191 3648 1267 3711 ὡς
1301 3648 1655 3718 προείπομεν,
1679 3647 1764 3699 λε-

167 3743 318 3814 γέτω
343 3743 532 3806 ὁλαός’
556 3743 750 3815 Κύριε,
772 3741 1013 3812 ἐλέησον·
1047 3741 1142 3794 καὶ
1163 3740 1270 3811 πρὸ
1300 3741 1518 3794 πάντων
1536 3740 1604 3792 τά
1632 3756 1761 3791 παι-

1873 618 2003 657 vero
2056 619 2155 672 pro
2203 603 2283 657 eis
2323 612 2596 673 precetur,
2629 604 2818 660 dicens
2855 623 2868 659 ε
2903 602 3011 658 Pro
3048 605 3456 662 catechumenis

1869 709 2061 750 omnes
2112 695 2283 751 Deum
2324 683 2677 764 invocemus;
2710 705 2789 762 ut,
2819 698 2912 768 qui
2963 698 3141 754 bonus
3185 713 3248 753 ac
3280 701 3448 754 homi-

1869 802 2001 840 num
2053 803 2246 842 amans
2290 797 2395 854 est,
2427 789 2658 860 benigne
2683 790 2938 844 exaudiat
2967 805 3156 845 eorum
3200 793 3458 846 obsecra-

1871 880 2045 934 tiones
2072 895 2135 933 ac
2165 895 2392 950 preces;
2418 890 2493 945 et,
2529 892 2783 951 suscepta
2812 896 3003 937 eorum
3031 883 3454 953 supplicatione,

1869 986 2026 1041 opem
2061 972 2168 1027 illis
2202 971 2362 1036 ferat,
2395 972 2596 1044 detque
2639 974 2928 1044 petitiones
2959 975 3144 1031 cordis
3185 975 3452 1046 ipsorum,

1869 1071 2031 1133 prout
2085 1065 2165 1121 eis
2223 1064 2484 1136 expedit;
2537 1067 2738 1122 revelet
2810 1066 3020 1122 eisdem
3095 1067 3452 1138 Evangelium

1866 1154 2076 1212 Christi
2127 1156 2246 1224 sui;
2289 1158 2561 1213 illuminet
2586 1173 2683 1214 eos
2709 1172 2772 1214 ac
2802 1159 3088 1226 instituat;
3115 1160 3328 1214 erudiat
3359 1175 3451 1214 co.

1867 1248 2112 1319 gnitione
2164 1265 2231 1304 ac
2274 1250 2537 1320 religione
2583 1252 2802 1318 divina;
2835 1252 3029 1307 doceat
3059 1252 3316 1306 mandata
3354 1268 3452 1308 sua

1866 1347 1922 1395 ct
1945 1341 2402 1410 justiﬁcationes;
2449 1343 2654 1398 inserat
2699 1343 2754 1397 in
2788 1344 2868 1398 eis
2913 1351 3124 1398 castum
3153 1359 3217 1399 ac
3249 1346 3453 1400 saluta-

1869 1449 1984 1490 rem
2015 1436 2270 1490 timorem
2302 1451 2497 1503 suum;
2546 1435 2757 1506 aperiat
2803 1451 2966 1490 aures
3014 1436 3199 1491 cordis
3238 1453 3449 1504 eorum,

1869 1532 1928 1580 ut
1958 1526 2014 1580 in
2045 1526 2166 1596 ejus
2210 1526 2327 1598 lege
2358 1526 2446 1581 die
2482 1541 2544 1581 ac
2577 1533 2738 1583 nocte
2775 1537 3141 1599 occupentur;
3169 1537 3223 1585 et
3253 1533 3453 1586 confir-

1870 1624 1980 1673 met
2027 1631 2124 1673 eos
2170 1617 2226 1672 in
2282 1619 2516 1688 pietate;
2562 1620 2766 1675 adunet
2812 1629 2976 1691 atque
3002 1632 3326 1678 annumeret
3358 1637 3452 1681 eos

1869 1717 2063 1764 sancto
2108 1725 2210 1764 suo
2241 1710 2412 1780 gregi,
2455 1710 2675 1766 donatis
2724 1712 2792 1766 iis
2832 1713 3051 1768 lavacro
3081 1717 3453 1785 regeneratio‘

1869 1801 1978 1863 nis,
2009 1801 2329 1856 indumento
2365 1803 2811 1870 immortalitatis,
2855 1820 2982 1860 vera
3027 1807 3164 1872 vita;
3195 1808 3454 1864 “liberet

1868 1909 1997 1948 vero
2027 1895 2150 1949 illos
2178 1895 2247 1949 ab
2276 1896 2426 1949 omni
2473 1895 2770 1966 impietate,
2805 1905 2858 1953 et
2889 1913 2996 1952 non
3024 1898 3114 1953 det
3142 1900 3322 1954 locum
3355 1902 3453 1955 ad-

1867 1987 2114 2042 versario
2145 1996 2336 2042 contra
2368 1989 2526 2056 illos;
2560 1990 2784 2045 mundet
2813 2000 2992 2045 autem
3020 1993 3170 2062 ipsos
3201 1995 3270 2048 ab
3301 1996 3453 2050 omni

1867 2077 2280 2149 inquinamento
2329 2082 2513 2135 carnis
2542 2090 2596 2137 et
2626 2079 2854 2156 spiritus
2871 2083 2948 2148 ”;
2981 2067 3358 2155 inhabitetque
3396 2087 3451 2142 in

1866 2171 1946 2226 eis
1987 2186 2051 2226 ac
2097 2172 2416 2232 inambulet.
2448 2189 2544 2243 per
2575 2173 2853 2229 Christum
2888 2176 3134 2242 suum“;
3161 2178 3452 2233 benedicat

1867 2263 2123 2318 introitus
2154 2279 2217 2318 ac
2245 2267 2425 2320 exitus
2449 2267 2721 2332 eorum",
2761 2275 2924 2337 atque
2958 2268 3234 2337 proposita
3264 2270 3452 2324 mode-

1868 2363 2020 2411 retur
2070 2355 2138 2412 iis
2188 2357 2256 2411 ad
2306 2355 2674 2413 commodum.
2726 2360 2920 2414 Adhuc
2973 2363 3178 2416 intente
3209 2377 3307 2431 pro
3343 2364 3451 2418 illis

1869 2449 2264 2519 supplicemus,
2299 2457 2379 2514 ut,
2405 2451 2786 2507 remissionem
2819 2452 3142 2507 delictorum
3172 2456 3451 2509 consecuti

1869 2556 1966 2610 per
1996 2541 2255 2610 baptismi
2289 2541 2675 2607 initiationem,
2711 2542 2860 2614 digni
2907 2544 3039 2598 ﬁant
3086 2547 3291 2603 sanctis
3334 2563 3452 2620 my-

1870 2632 2076 2699 steriis,
2108 2639 2162 2687 et
2194 2634 2578 2718 permansione
2616 2650 2740 2688 cum
2774 2639 3001 2690 sanctis.
3040 2635 3278 2708 Surgite,
3301 2647 3452 2694 catc-

1869 2723 2146 2777 chumeni.
2200 2723 2396 2780 Pacem
2448 2724 2562 2780 Dei.
2615 2742 2709 2794 per
2757 2727 3039 2782 Christum
3085 2729 3206 2798 ejus
3253 2732 3450 2799 petite;

1869 2815 2010 2869 diem
2045 2816 2314 2883 quietum,
2352 2831 2416 2871 ac
2460 2819 2580 2873 sine
2608 2826 2855 2888 peccato,
2895 2821 3081 2874 itidem
3115 2837 3275 2877 omne
3311 2832 3450 2879 tem-

1869 2922 1971 2977 pus
2001 2907 2127 2961 vita‘,
2158 2916 2389 2974 vestrae;
2441 2916 2672 2963 mortem
2707 2909 3112 2978 Christianam;
3157 2915 3452 2984 propitium

1869 3014 1934 3054 ac
1964 3000 2289 3055 benevolum
2324 3000 2522 3067 Deum;
2559 3003 2771 3056 veniam
2804 3003 3268 3061 delictorum.Vos
3304 3008 3452 3077 ipsos

1869 3091 1970 3145 soli
2001 3091 2247 3162 lngenito
2281 3091 2412 3154 Deo,
2450 3107 2546 3160 per
2574 3092 2852 3148 Christum
2885 3095 3028 3164 ejus,
3055 3101 3449 3153 commendate.

1870 3183 2153 3250 Inclinate,
2178 3192 2232 3240 et
2263 3184 2493 3253 accipite
2528 3185 2981 3241 benedictionem.
3017 3187 3214 3256 Porro,
3251 3191 3307 3244 in
3339 3192 3453 3246 sin-

1867 3278 2010 3348 gulis
2068 3277 2263 3333 horum
2323 3291 2442 3346 quae
2509 3277 2776 3333 diaconus
2825 3279 3190 3349 proloquitur,
3238 3289 3295 3334 ut
3338 3283 3452 3352 jam

1865 3371 2128 3435 diximus,
2169 3370 2404 3440 populus
2437 3370 2768 3438 respondeat
2809 3389 2821 3424 :
2875 3369 3063 3441 Kyrie,
3110 3374 3357 3444 eleison;
3399 3383 3455 3431 et

1867 3469 1992 3516 ante
2022 3469 2252 3517 cunctos
2286 3462 2464 3532 pueri.
2498 3451 2920 3517 Catechumenis
2951 3471 3129 3518 autem
3161 3466 3339 3535 capita
3371 3467 3455 3521 iu-

1867 3553 2220 3616 clinantibus,
2245 3555 2536 3624 episcopus
2558 3554 2846 3609 ordinatus
2872 3554 3158 3610 benedicat
3181 3557 3262 3612 eis
3291 3557 3456 3614 bene.

1867 3645 2109 3702 dictione
2159 3645 2476 3716 hujusmodi
2515 3665 2528 3699 :
2563 3644 2708 3700 Deus
2755 3647 3124 3714 omnipotens,
3175 3648 3453 3719 ingenitus

1867 3750 1923 3792 et
1982 3739 2324 3804 inaccessus,
2377 3739 2528 3794 solus
2581 3753 2746 3793 verus
2783 3737 2952 3802 Deus,
2999 3737 3141 3795 Dens
3191 3747 3243 3794 et
3292 3740 3454 3796 Pater

168 3836 262 3893 δια
297 3837 391 3910 (6).
414 3839 718 3892 Κλινόντων
749 3837 806 3892 δὲ
839 3834 1018 3890 αὐτῶν
1049 3833 1148 3898 τάς
1180 3834 1443 3904 κεφαλὰς,
1478 3832 1770 3900 εὐλογείτω

1878 3830 2086 3887 Christi
2123 3832 2205 3888 tui
2248 3830 2524 3906 .unigeniti
2575 3829 2710 3886 Filii
2742 3831 2848 3894 tui,
2888 3829 3032 3887 Deus
3065 3830 3352 3895 Paracleti.
3388 3849 3454 3891 ac

245 3971 294 4006 ⁸⁵
325 3970 471 4028 Citat
492 3970 710 4028 Nicetas
741 3967 1057 4026 Serronius.
1094 3967 1228 4022 Vide
1260 3967 1379 4023 Vet.
1434 3977 1564 4023 test.
1639 3967 1684 3999 “
1716 3964 1895 4022 IlCor.
1933 3983 2028 4031 vn,
2059 3965 2109 4022 1.
2184 3967 2228 3999 ⁸⁸
2268 3965 2311 4021 Il
2339 3965 2466 4021 Cor.
2501 3981 2576 4031 vt,
2612 3965 2698 4022 16.
2772 3965 2816 3998 ⁸⁷
2850 3964 2998 4022 Psal.
3031 3979 3159 4029 cu,
3187 3966 3236 4022 8.

1461 4148 1825 4205 VARIORUM
1864 4147 2098 4206 NOTAE.

168 4269 341 4327 missa
367 4281 386 4320 :
409 4266 600 4320 Πολλοὶ
637 4267 733 4338 μέν
763 4285 908 4331 τινες
954 4269 1048 4321 καὶ
1089 4267 1238 4321 ἄλλοι
1270 4266 1377 4320 τῶν
1424 4268 1551 4338 τούς
1585 4269 1763 4338 ἱεροὺς

165 4338 500 4419 ἀτωσὶτόλφς
516 4337 1073 4419 διαδεξαμένωνηθεῖοι
1103 4338 1361 4419 ποιμένες
1381 4338 1489 4390 καῖ’
1503 4337 1761 4419 διδάσκα-

165 4411 253 4464 λοι
269 4410 368 4479 τῆς
401 4406 808 4478 Ἐκκλησίας,“τ“
831 4426 858 4460 ν
880 4410 978 4479 τῆς
997 4406 1263 4479 μυστικ”’ς
1295 4408 1636 4478 λειτουργίας
1669 4409 1764 4461 ἐκ·

166 4481 320 4530 ϐεσιν
354 4478 645 4530 ἐγγράφως
678 4427 1083 4530 κατάλιπόντες.
1103 4481 1167 4530 τῆ
1199 4426 1495 4530 ἰἹΞῐκκλινισία.
1525 4479 1762 4530 παραδε-

166 4478 332 4563 gem
354 4478 645 4563 ἐγγράφέυς
661 4478 1083 4563 ᾑκαταλιπόντες,
1103 4481 1169 4549 τῇ
1200 4478 1495 4563 ’ξέκὶιλησία
1525 4479 1762 4550 παραδε-

1868 4269 1937 4322 ἐν
1968 4267 2027 4335 ᾖ.
2063 4265 2268 4322 Desunt
2300 4266 2415 4321 [nec
2439 4269 2492 4320 in
2523 4268 2647 4322 cod.
2683 4266 2839 4322 Vind.
2869 4267 3040 4321 Cum.

1937 4339 2013 4405 (5)
2054 4337 2301 4402 Πάντες.
2335 4336 2500 4391 Addit
2528 4341 2652 4394 cod.
2687 4336 2848 4390 Vind.
2876 4336 3127 4400 ἐκτενῶς.
3163 4335 3230 4398 In,

1937 4341 1992 4405 (5
2054 4341 2301 4402 Πάντες.
2335 4341 2500 4391 Addit
2528 4341 2652 4394 cod.
2688 4341 2848 4390 Vind.
2876 4341 3127 4400 ἐκτενῶς.
3164 4341 3230 4398 In,

1937 4341 2014 4478 (4)
2041 4408 2170 4479 ᾼΤοῦ
2197 4407 2526 4476 ἐνδύματος
2555 4407 2664 4474 τῆς
2691 4407 3048 4479 ἀφθαρσίας.
3084 4406 3221 4462 Hinc
3248 4407 3450 4479 Grego-

1864 4479 2006 4552 rium
2037 4477 2443 4552 Nazianzenum
2481 4479 2759 4552 accepisse
2801 4493 2962 4552 suum
3004 4478 3208 4548 ἔνδυμα
3238 4477 3451 4552 ἀφθαρ-

164 4545 441 4628 δῴκασινί
460 4545 522 4628 ἐξ
546 4545 626 4603 ὧν
657 4549 713 4602 δὲ
733 4549 965 4628 ,πρῶτος
981 4545 1127 4628 οῦτοι
1143 4545 1254 4601 ⁷καὶ
1276 4545 1760 4628 empticium:—

1869 4548 1993 4628 σίας
2010 4556 2162 4628 orat.
2194 4547 2439 4628 βιρδς..
2471 4545 2855 4628 δᾷδίειιίηοξσι
2876 4546 3102 4628 ¹Ιξξὶςςξ-ιιιε,
3135 4545 3252 4628 Euan
3287 4545 3446 4628 'vcr'e2

166 4620 486 4692 χάνουσιν,ὃ
515 4636 574 4673 τε
604 4617 871 4689 μακάριος
898 4619 1150 4742 Κλὲμτς,
1168 4618 1303 4672 ότοῦ
1334 4617 1629 4701 κορυςζαίου
1653 4619 1760 4701 τῷν

166 4690 484 4742 ἀποστόλων
546 4688 791 4742 μαθητὴς
838 4689 931 4741 καὶ
1020 4665 1246 4742 ιάδογος.
1281 4690 1426 4742 αὐτω
1454 4707 1561 4741 των
1596 4691 1757 4742 ίεοων

1868 4619 2058 4673 dubito
2092 4638 2103 4672 :
2141 4617 2488 4689 potuit'enim
2521 4618 2719 4673 habere
2743 4617 2813 4671 ab
2839 4618 2960 4672 aliis
2993 4619 3259 4688 Iiturgiis;
3295 4621 3448 4675 verbi

1868 4690 2035 4742 gratia
2071 4689 2140 4742 ab
2191 4688 2284 4742 illa
2315 4689 2457 4742 anud
2489 4687 2942 4742 Chrvsostomum
2981 4689 3170 4742 homil.
3211 4689 3265 4742 ‘2.
3297 4691 3350 4742 in
3383 4689 3447 4742 II

165 4665 484 4777 magis;
526 4665 1429 4777 ’ξιατόἶιέἧέ’ξαῖἏᾶὲξῆίᾷςζξξιιὸᾖῷ
1443 4665 1757 4777 EE};

164 4760 484 4830 ἀποστόλων
510 4759 1050 4830 Αὐπαγορευσάντων,
1081 4759 1206 4830 etc.
1243 4759 1407 4814 Multi
1449 4759 1660 4830 quidem
1704 4771 1754 4814 et

166 4830 269 4885 alii
300 4829 463 4884 divini
503 4828 752 4883 Ecclesia:
780 4839 1035 4900 pastores
1085 4840 1134 4884 et
1174 4829 1411 4885 doctores
1461 4828 1551 4900 qui
1586 4832 1752 4884 sacris

163 4910 531 4970 successerunt
578 4899 855 4970 apostolis,
901 4901 1136 4969 mystica:
1167 4903 1342 4954 missa:
1378 4899 1754 4970 expositionem

166 4971 387 5038 scriptis
418 4969 794 5024 demandantes
826 4970 1164 5024 tradiderunt
1195 4969 1450 5026 Ecclesia!
1480 4985 1500 5024 .‘
1529 4988 1750 5040 quorum

162 5041 330 5109 primi
357 5042 495 5110 iique
521 5040 920 5106 prat'clarissimi
968 5050 1090 5094 sunt
1120 5043 1173 5093 Izi
1202 5057 1220 5095 :
1248 5042 1428 5096 beatus
1503 5041 1752 5094 nimirum

166 5110 438 5174 Clemens,
465 5110 716 5179 principis
747 5111 1109 5179 apostolorum
1139 5113 1427 5176 discipulus
1471 5121 1519 5164 et
1545 5115 1752 5166 succes-

164 5197 281 5244 sor,
311 5183 400 5247 qui
439 5181 606 5234 sacris
638 5181 891 5247 apostolis
921 5183 970 5234 ei
993 5181 1337 5245 distantibus,
1372 5184 1520 5235 illam
1562 5182 1748 5246 edidit,

165 5257 278 5306 etc.
319 5251 639 5320 Similiaque
667 5249 930 5304 Nicolaus
955 5251 1346 5307 Methonensis.
1396 5254 1464 5305 At
1492 5253 1748 5306 cardina-

167 5320 240 5375 Iis
273 5321 584 5385 Bessarion,
633 5321 882 5376 scribens
910 5323 978 5375 de
1009 5331 1354 5378 sacramento
1381 5323 1747 5386 eucharistiaz,

165 5392 457 5462 proﬁtetur
515 5391 802 5464 'iiturgiam
856 5391 1193 5464 _Clementisf
1239 5394 1748 5464 interrapocrypha

164 5460 588 5532 commemorari
613 5463 814 5532 solere.
854 5460 921 5532 Et
949 5477 1078 5518 vero
1107 5463 1233 5532 quia
1271 5460 1540 5519 monito—re
1589 5460 1750 5518 nemo

165 5531 376 5604 indiget
405 5529 843 5604 de-conl'erendis
869 5531 1010 5586 inter
1039 5549 1097 5588 se
1121 5529 1291 5589 variis
1331 5535 1746 5604 liturgiis,sua-

165 5601 311 5655 debo
341 5608 665 5674 tantnm_ut_
695 5602 756 5674 in
780 5602 903 5674 ‘hoc
936 5603 1114 5674 capite
1145 5604 1373 5660 adeatur
1413 5601 1748 5674 Chrysosto-

166 5687 294 5743 tuus
325 5674 515 5726 homil.
559 5671 616 5732 2.
648 5672 702 5725 in
732 5671 796 5736 II
825 5673 894 5726 ad
927 5671 1252 5739 Corinthios,
1285 5691 1408 5728 cum
1442 5671 1747 5743 Augustino

164 5742 329 5814 epist.
369 5743 470 5797 107
500 5750 564 5814 et
587 5743 708 5809 119,
732 5759 944 5797 necnon
977 5743 1214 5800 Basilius
1239 5761 1324 5814 ep.
1358 5746 1486 5806 2M,
1521 5742 1613 5798 ubi
1645 5761 1746 5812 κη-

169 5811 424 5885 ρῦγματα
453 5812 880 5885 ἐκκλησιαστικά
907 5824 1206 5885 nuncupat,
1255 5811 1377 5885 qua:
1420 5816 1508 5868 hic
1537 5823 1590 5869 ct
1618 5811 1745 5868 alibi

170 5880 429 5940 dicuntur
457 5880 889 5956 προσφωνήσας.
919 5880 1206 5943 ϐοτη-ΖΗ
1241 5880 1369 5942 θεία
1411 5886 1745 5955 λειτουργία

1861 4690 2035 4759 gratia
2071 4687 2155 4744 ab'
2191 4688 2284 4742 illa
2315 4689 2457 4758 apud
2489 4687 2942 4759 Chrysostomum
2981 4687 3170 4742 homil.
3211 4689 3265 4749 ‘2,
3297 4691 3350 4743 in
3383 4689 3447 4744 ΙΙ

1860 4760 1930 4830 ad
1962 4758 2384 4830 Corinthios.En
2416 4758 2621 4830 Grazca'
2640 4758 2843 4830 Niceta:
2869 4773 2900 4813 e
2928 4759 3210 4830 codicibus
3224 4758 3406 4830 Regiis
3433 4782 3445 4816 :

1858 4829 2126 4899 Εῖληπται
2159 4830 2215 4882 δέ
2247 4829 2308 4881 τὸ
2336 4828 2575 4899 ,ἔνδυμα
2594 4828 2705 4897 τῆς
2720 4829 3076 4899 ἀφθαρσίας,
3093 4829 3199 4881 ἀπὸ
3221 4828 3322 4898 τῆς
3357 4833 3450 4884 ὁκ-

1854 4898 2110 4980 ταϐίξλου
2142 4898 2359 4980 τῆςβιά
2373 4899 2833 4980 Κλήμεντος-Ἵνα
2859 4898 2988 4970 γὰρ,
3006 4899 3161 4980 (ρησὶ,
3181 4899 3449 4980 καταξιιῖρ-

1857 4987 1924 5041 σῃ
1955 4971 2152 5033 αὐτοὺς
2171 4968 2280 5041 τοῦ,
2295 4968 2522 5041 λουτροῦ
2546 4971 2655 5041 -τῆς
2687 4968 3124 5041 παλιγγενεσίας,
3163 4970 3257 5022 τοῦ
3293 4970 3447 5024 ἐνδύ-

1857 5038 2026 5110 ματος
2056 5041 2156 5110 τῆς
2182 5038 2509 5111 ἀφθαρσίας.
2546 5038 2690 5094 Idem
2723 5038 2984 5111 Theologi
3025 5041 3347 5111 explanator
3376 5041 3451 5096 ad

1854 5109 1996 5195 Orat.
2033 5109 2124 5195 49,
2153 5127 2206 5195 n;
2236 5111 2290 5170 4,
2321 5109 2409 5195 sic
2457 5111 2697 5195 loquitur
2720 5109 3104 5195 ':-'Ac96apula;~
3131 5109 3187 5162 δὲ
3221 5109 3445 5195 ἔνδυμα,

1855 5182 1996 5234 κατά
2037 5182 2136 5244 τὰς
2184 5180 2548 5243 ἀποστολικάς
2581 5180 2887 5251 διατάξεις,
2926 5180 3002 5251 ὡς
3044 5181 3154 5251 τῆς
3182 5181 3446 5251 αίσχύνης

1856 5253 2243 5324 συγκάλυμμα.
2274 5251 2700 5324 ΣυγκαλᾼύπτωνΔ
2726 5250 2834 5324 γὰρ
2875 5249 3120 5324 ταύτηνί
3136 5249 3447 5324 ἀφθαρσίας

1852 5319 2046 5387 ἐνδύει,
2081 5319 2170 5374 διὰ
2199 5323 2260 5386 τὸ
2291 5321 2613 5391 ἀποφαίνειν
2651 5321 2750 5390 τὴν
2799 5319 2976 5391 ψυχὴν
3021 5319 3296 5391 ἄφθαρτον
3335 5321 3446 5375 ἀπὸ

1853 5392 2148 5464 ἁμαρτίας,
2183 5393 2277 5444 καὶ
2311 5389 2558 5464 καθαρὰν
2589 5392 2666 5454 ὡς
2691 5389 2752 5464 τὸ
2780 5389 3054 5464 ἀπαρχῆς.
3086 5389 3218 5446 Cor.

1923 5460 2000 5532 (5')
2040 5461 2383 5530 Εἰρηνικήν.
2419 5460 2582 5515 Addit
2609 5461 2732 5516 cod.
2781 5460 2944 5516 Vind.
2980 5460 3102 5529 τήν,
3137 5479 3243 5515 non
3277 5463 3435 5517 male.

1850 5531 2018 5588 CLEII.

1923 5604 2000 5674 (6)
2046 5605 2121 5657 Τὰ
2148 5603 2371 5657 παιδία.
2405 5602 2500 5657 Vel
2532 5603 2682 5674 pueri
2709 5619 2903 5657 omnes
2934 5621 2947 5659 :
2976 5603 3436 5673 quemadmodum
3481 5669 3488 5674 l

1852 5673 1993 5742 apud
2018 5674 2541 5735 Basiliumﬂomilia
2565 5675 2621 5726 in
2651 5673 2846 5742 famem
2868 5683 2917 5728 et
2941 5675 3255 5734 siccitatem,
3279 5673 3439 5728 item-

1851 5761 1955 5812 que
2005 5745 2461 5814 Chrysostomum
2518 5745 2706 5799 homil.
2765 5745 2832 5797 72
2881 5747 2935 5797 in
2989 5745 3438 5808 Matt/urude

1853 5816 2005 5884 pueri
2054 5832 2222 5896 sacra:
2266 5815 2646 5899 symphonia};
2679 5815 2988 5899 dq_qu‘ibus
3023 5816 3208 5899 inulli‘
3235 5815 3439 5895 durue-

1854 5893 2002 5952 ruut,
2036 5885 2235 5958 quique
2271 5886 2326 5941 in
2357 5885 2681 5958 Euchelogio
2732 5886 2796 5942 Il.
2833 5886 2894 5943 I‘.
2936 5886 3145 5956 virique
3179 5885 3435 5941 (ιω-[ὅςεί-
