4070 6330
640 358 780 413 1οἹ9

1555 358 1612 414 S.
1645 354 2037 411 CLEMENTIS
2076 356 2094 408 l
2131 353 2297 410 ΗΘΜ.
2336 353 2538 410 PONT.
2575 352 2800 408 OPERA
2837 352 3058 410 DUBIA.

3792 359 3925 413 1080

636 472 880 527 onmium
929 471 1223 540 Dominus;
1273 473 1366 543 qui
1397 487 1492 542 per
1522 473 1804 529 Christum
1832 473 2131 544 discipulos
2157 473 2198 528 ir

2315 472 2512 532 αὐτοὺς
2531 471 2559 521 6
2574 469 2970 540 χειροτονηθεὶς
2994 469 3294 534 ἐπίσκοπος
3311 470 3565 538 εὐλογίαν
3591 472 3830 526 τοιάνδε·
3866 477 3922 528 ὐ

636 565 892 618 doctores
933 559 1295 629 constituisti,
1331 565 1399 618 ad
1431 566 1648 633 pietatis
1684 565 2030 633 disciplinam
2060 583 2074 619 :
2106 565 2221 635 ipse

635 667 690 710 et
719 673 864 710 nunc
901 659 1108 723 respice
1140 675 1304 729 super
1349 674 1537 713 servos
1586 665 1731 721 tuos,
1757 658 2121 713 catechizatos
2163 659 2220 712 in

632 748 836 802 Christi
871 750 948 803 tui
982 750 1302 821 Evangelio;
1349 760 1403 806 et
1432 751 1501 804 da
1529 753 1610 806 eis
1649 765 1744 804 cor
1772 765 1994 814 novum,
2029 757 2081 805 et
2107 750 2221 820 spi-

633 841 797 893 ritum
833 849 1041 896 rectum
1076 842 1272 895 innova
1308 843 1363 896 in
1397 843 1694 897 visceribus
1724 855 1912 895 eorum
1933 841 2003 904 ⁸⁸,
2038 849 2096 894 ut
2117 857 2215 895 co-

631 942 899 1002 gnoscant
932 948 995 986 ac
1024 931 1226 987 faciant
1262 934 1593 988 voluntatem
1621 941 1793 995 tuam,
1829 932 1884 986 in
1902 931 2076 986 corde
2098 933 2216 1002 'ple-

630 1040 704 1078 no
733 1032 787 1078 et
812 1026 992 1078 anima
1025 1025 1240 1080 volente
1275 1044 1287 1080 :
1322 1025 1545 1095 dignare
1589 1025 1711 1078 illos
1755 1025 2062 1078 initiatione
2088 1039 2217 1079 san-

632 1123 718 1169 cta
749 1134 764 1181 ;
800 1127 854 1171 et
890 1117 1065 1169 sduna
1102 1117 1223 1170 illos
1252 1117 1318 1170 ad
1348 1125 1589 1172 sanctam
1634 1115 1932 1170 Ecclesiam
1960 1123 2131 1180 tuam,
2161 1124 2216 1170 et

633 1207 719 1260 fac
766 1210 1058 1277 participes
1089 1209 1398 1264 divinorum
1434 1210 1856 1278 mysteriorum;
1907 1224 2021 1279 per-
2055 1208 2213 1264 Chri-

630 1307 800 1364 stum,
836 1316 984 1370 spem
1036 1311 1300 1365 nostram,
1334 1302 1426 1372 qui
1477 1315 1577 1368 pro
1622 1303 1756 1371 ipsis
1805 1309 2055 1356 mortuus
2091 1309 2209 1368 est;

629 1407 726 1460 per
756 1407 916 1460 quem
951 1393 1047 1446 tibi
1073 1392 1244 1462 gloria
1289 1400 1346 1446 et
1371 1392 1639 1457 adoratio,
1669 1395 1723 1447 in
1752 1402 1944 1450 sancto
1975 1393 2208 1463 Spiritu,

626 1483 683 1537 in
717 1484 932 1538 saecula.
954 1486 1145 1539 Amen.
1167 1484 1228 1536 Et
1254 1492 1378 1554 post
1404 1485 1503 1538 hoc
1534 1484 1802 1539 diaconus
1827 1485 1974 1539 dicat
1995 1503 2008 1539 :
2029 1484 2208 1550 Exite,

624 1576 1021 1638 catechumeni,
1076 1576 1131 1629 in
1180 1591 1329 1644 pace.
1368 1575 1616 1644 Cumque
1659 1577 1695 1629 ii
1727 1577 1979 1640 exierint,
2008 1577 2155 1632 dicat
2191 1596 2205 1631 :

623 1664 807 1730 Orate,
843 1669 1194 1737 energumeni
1221 1675 1276 1721 et
1303 1668 1480 1722 vexati
1521 1683 1550 1720 a
1580 1668 1861 1737 spiritibus
1887 1668 2203 1724 immundis.

621 1758 830 1813 lntente
879 1760 1062 1814 cuncti
1119 1775 1218 1828 pro
1253 1761 1384 1830 ipsis
1416 1759 1810 1830 deprecemur;
1848 1768 1908 1813 ut
1938 1761 2207 1829 benignus

2323 563 2454 625 Θεὸς
2483 562 2560 634 (7)
2593 563 2621 614 6
2653 561 3070 631 παντοκράτωρ,
3099 563 3126 613 6
3154 562 3443 632 άγέννητος
3472 565 3568 616 καὶ
3591 564 3918 636 ἀπρόσιτος,

2320 657 2349 708 6
2381 657 2541 726 μόνος
2581 655 2834 724 ἀληθινὸς
2865 655 3015 719 Θεὸς,
3049 655 3077 705 6
3113 655 3244 718 Θεὸς
3283 658 3376 709 καὶ
3413 657 3606 728 Πατὴρ
3650 658 3751 710 τοῦ
3787 660 3918 729 Χρι-

2323 747 2449 799 στοῦ
2484 764 2578 799 σου
2611 746 2705 799 τοῦ
2740 746 3062 817 μονογενοῦς
3093 746 3222 798 Υἱοῦ
3256 764 3370 812 σου,
3392 751 3420 800 6
3448 749 3578 811 Θεὸς
3609 749 3706 802 τοῦ
3733 751 3916 822 Παρα-

2321 838 2522 909 κλήτου
2553 839 2653 910 (8),
2685 839 2780 892 καὶ
2811 839 2920 891 τῶν
2953 839 3090 891 ὅλων
3129 839 3350 910 Κύριος·
3387 842 3528 894 ό.διά
3558 843 3813 911 Χριστοῦ
3842 844 3914 895 δι-

2317 930 2617 993 δασκάλους
2640 931 2767 993 τοὺς
2788 927 3034 1000 μαθητὰς
3057 931 3358 1002 ἐπιστήσας
3389 934 3525 1004 πρὸς
3552 933 3804 1004 μάθησιν

2317 1021 2619 1084 εὐσεϐείας·
2642 1021 2805 1084 αὐτὸς
2837 1023 2929 1075 καὶ
2961 1020 3054 1074 νῦν
3090 1021 3237 1076 ἔπιδε
3267 1023 3359 1075 ἐπὶ
3391 1027 3515 1087 τοὺς
3531 1025 3762 1088 δούλους
3803 1044 3914 1092 σου,

2315 1112 2442 1175 τοὺς
2473 1113 2913 1184 κατηχουμένους
2944 1113 3004 1166 τὸ
3033 1114 3362 1183 Εὐαγγέλιον
3391 1115 3484 1168 τοῦ
3509 1118 3759 1187 Χριστοῦ
3801 1135 3912 1171 σου·

2316 1205 2409 1258 καὶ
2441 1206 2529 1268 δὸς
2549 1205 2732 1268 αὐτοῖς
2765 1205 2991 1276 καρδίαν
3029 1207 3241 1276 καινὴν,
3273 1191 3366 1260 καὶ
3381 1208 3607 1278 Πνεῦμα
3635 1211 3801 1273 εὑθὲς
3823 1213 3914 1277 ὲγ-

2315 1297 2556 1350 καίνισον
2588 1300 2646 1351 ὲν
2677 1300 2790 1363 τοῖς
2817 1298 3070 1366 ὲγκάτοις
3099 1299 3298 1365 αὐτῶν,
3331 1302 3464 1370 πρὸς
3498 1301 3558 1353 τὸ
3587 1303 3798 1355 είδέναι
3824 1306 3914 1356 καὶ

2313 1392 2487 1443 ποιεῖν
2509 1389 2570 1446 τὸ
2593 1390 2804 1460 θέλημά
2834 1406 2950 1455 σου,
2971 1391 3029 1443 ὲν
3066 1390 3263 1461 καρδίᾳ⁴
3291 1392 3484 1462 πλήρει
3516 1394 3608 1445 καὶ
3641 1395 3797 1465 ψυχῇ
3827 1395 3912 1460 θε-

2310 1481 2497 1553 λούσῃ·
2534 1482 2865 1546 καταξίωσον
2898 1483 3096 1546 αὐτοὺς
3144 1485 3242 1553 τῆς
3288 1485 3448 1552 ἁγίας
3498 1489 3782 1556 μυήσεως,
3818 1491 3914 1540 καὶ

2311 1575 2510 1627 ένωσον
2546 1576 2741 1639 αὐτοὺς
2773 1579 2839 1647 τῇ
2875 1577 3007 1648 ἁγίᾳ
3043 1593 3137 1629 σου
3165 1578 3478 1649 Ἐκκλησία,
3518 1580 3611 1632 καὶ
3641 1581 3911 1648 μετόχους

2311 1666 2537 1738 ποίησον
2577 1667 2685 1720 τῶν
2722 1668 2882 1722 θείων
2920 1670 3253 1740 μυστηρίων,
3276 1669 3366 1722 διὰ
3398 1670 3657 1741 Χριστοῦ,
3692 1671 3797 1740 τῆς
3825 1672 3908 1723 ἐλ-

2310 1759 2463 1821 πίδος
2493 1760 2670 1830 ἡμῶν,
2705 1760 2800 1813 τοῦ
2822 1761 2962 1832 ὑπὲρ
2992 1762 3169 1815 αὐτῶν
3201 1761 3585 1824 ἀποθανόντος·
3623 1764 3693 1815 δι’
3723 1755 3791 1814 οὗ
3827 1779 3907 1815 σοι

620 1849 788 1914 Deus,
829 1868 925 1921 per
956 1853 1232 1908 Christum
1277 1854 1520 1923 increpet
1573 1853 1884 1908 immundos
1930 1868 1996 1907 ac
2032 1854 2198 1909 malos

2308 1853 2434 1916 δόξα
2588 1854 2650 1906 τὸ
2694 1853 2876 1920 σέῦας,
2911 1827 2971 1906 έν
3006 1855 3147 1924 ἁγίῳ
3176 1853 3472 1924 Πνεῦματι,
3505 1857 3584 1917 είς
3613 1857 3745 1918 τοὺς
3774 1857 3906 1908 αἰῶ-

618 1945 864 2013 spiritus,
898 1953 952 1999 et
1002 1946 1194 1999 liberet
1244 1946 1517 2014 supplices
1553 1961 1682 2000 suos
1735 1946 1805 2000 ab
1847 1945 2198 2015 oppressione

2310 1961 2424 2006 νας.
2443 1943 2635 2015 Ἀμήν.
2658 1945 2769 1998 Καὶ
2799 1944 2939 2016 μετὰ
2962 1945 3119 1999 τοῦτο
3138 1949 3166 1999 6
3184 1946 3426 2009 διάκονος
3450 1947 3674 2016 λεγέτω·
3698 1949 3906 2018 Προέλ-

618 2052 682 2090 ac
729 2038 1015 2106 tyrannide
1063 2037 1363 2092 adversarii
1400 2056 1410 2092 :
1446 2038 1538 2108 qui
1597 2037 1899 2107 increpavit
1933 2038 2198 2109 legionem

2310 2036 2452 2104 θετε,
2483 2039 2532 2090 οί
2568 2038 2989 2110 κατηχούμενοι,
3021 2042 3078 2095 ὲν
3109 2041 3319 2113 εἰρήνῃ·
3361 2041 3453 2094 καὶ
3489 2041 3632 2112 μετά
3662 2043 3723 2094 τὺ
3761 2043 3909 2107 ἐξελ-

616 2130 924 2183 ιΙαιιηοηυηι
941 2130 1006 2196 ⁸⁵,
1041 2136 1093 2184 et
1143 2130 1407 2199 originem
1454 2129 1580 2182 mali
1613 2129 1928 2195 diabolum;
1960 2129 2198 2200 increpet

2309 2128 2420 2181 θεῖν
2461 2129 2677 2198 αὐτοὺς,
2727 2129 2953 2198 λεγέτω·
2989 2131 3062 2202 (9)
3111 2131 3371 2197 Εὖξασθε,
3421 2134 3470 2185 οι
3517 2134 3907 2204 ἐνεργούμενα

614 2223 732 2292 ipse
786 2237 932 2276 nunc
981 2237 1197 2292 quoque
1245 2227 1527 2290 apostatas
1569 2219 1785 2289 pietatis
1806 2220 1875 2284 ἀ,
1909 2227 1962 2274 et
2010 2219 2198 2278 liberet

2309 2220 2419 2274 ὑπὸ
2459 2222 2786 2292 πνευμάτων
2835 2223 3183 2294 ἀκαθάρτων.
3204 2225 3468 2287 Ἑκτενῶς
3507 2225 3710 2288 πάντες
3767 2226 3909 2295 ὑπὲρ

613 2323 900 2370 creaturas
929 2330 1060 2370 suas
1106 2329 1136 2366 a
1177 2312 1380 2368 diaboli
1410 2313 1717 2376 vexatione,
1749 2320 1805 2368 et
1833 2314 2059 2368 mundet
2082 2328 2198 2381 eas,

2306 2312 2485 2365 αὐτῶν
2539 2313 2851 2384 δεηθῶμεν·
2903 2315 3052 2378 ὅπως
3101 2318 3128 2370 6
3177 2317 3554 2387 φιλάνθρωπος
3609 2317 3770 2383 Θεὸς,
3823 2318 3908 2372 διὰ

613 2424 751 2476 quas
780 2423 975 2479 magna
1003 2421 1127 2462 cum
1155 2405 1420 2475 sapientia
1448 2404 1772 2459 condidit".
1806 2403 2000 2459 Adhuc
2026 2405 2198 2460 inten-

2303 2403 2541 2476 Χριστοῦ
2592 2407 2896 2478 ἐπιτιμήσῃ
2954 2410 3068 2470 τοῖς
3125 2408 3455 2479 ἀκαθάρτοις
3501 2409 3595 2461 καὶ
3645 2413 3907 2479 πονηροξς

613 2510 666 2555 te
689 2516 785 2571 pro
816 2500 949 2571 ipsis
979 2514 1284 2569 precemur.
1315 2495 1483 2552 Serva
1515 2508 1570 2551 et
1599 2497 1748 2566 erige
1775 2497 1918 2562 illos,
1943 2495 2108 2561 Deus,
2141 2498 2197 2552 in

2303 2497 2600 2568 πνεύμασι,
2631 2498 2727 2550 καὶ
2757 2499 2990 2570 ρύσηται
3033 2500 3160 2563 τοὺς
3204 2501 3370 2554 αὑτοῦ
3425 2501 3606 2563 ίκέτας
3643 2501 3757 2570 (10)
3800 2502 3906 2554 ἀπὸ

612 2594 810 2646 virtute
870 2601 983 2645 tua.
1023 2589 1308 2657 lnclinate,
1353 2589 1729 2659 energumeni,
1777 2598 1941 2659 atque
1971 2589 2195 2644 benedi-

2303 2591 2400 2661 τῆς
2426 2590 2520 2642 τοῦ
2564 2589 2844 2660 ἀλλοτρίου
2879 2591 3356 2653 καταδυναστείας·
3392 2594 3419 2647 ὁ
3458 2594 3801 2662 ἐπιτιμήσας
3833 2594 3906 2662 τῷ

610 2686 845 2739 ctionem
878 2685 1126 2753 accipite.
1161 2681 1226 2737 Et
1265 2681 1556 2752 episcopus
1588 2680 1931 2750 deprecetur,
1965 2681 2190 2738 dicens:

2303 2681 2525 2750 λεγεῶνι
2571 2681 2680 2733 τῶν
2725 2681 3015 2752 δαιμόνων,
3051 2684 3144 2735 καὶ
3189 2683 3265 2753 τῷ
3309 2683 3604 2753 ἀρχεκάκῳ
3647 2683 3903 2752 διαϐόλῳ,

608 2777 906 2847 ἐπιτιμήσῃ
952 2775 1112 2838 αὐτὸς
1164 2773 1278 2826 καῖ’
1313 2771 1407 2828 νῦν
1443 2774 1554 2834 τοῖς
1610 2772 1945 2836 ἀποστάταις
1998 2773 2097 2843 τῆς
2151 2773 2450 2841 εὐσεϐείας,
2501 2773 2593 2825 καὶ
2642 2772 2873 2844 ρύσηται
2928 2773 2998 2825 τά
3047 2774 3239 2826 ἑαυτοῦ
3291 2775 3584 2844 πλάσματα
3632 2774 3742 2826 ἀπὸ
3805 2776 3904 2845 τῆς

609 2869 888 2941 ἐνεργείας
917 2866 1101 2932 αὑτοῦ,
1133 2866 1224 2918 καὶ
1250 2863 1520 2935 καθαρίσῃ
1552 2863 1690 2922 αὑτά
1731 2865 1768 2918 ἃ.
1812 2865 1949 2936 μετά
1994 2866 2194 2937 πολλῆς
2253 2867 2443 2936 σοφίας
2475 2867 2880 2938 ὲποίησεν.”Ετι
2903 2865 3138 2928 ἐκτενῶς
3186 2867 3328 2936 ὑπὲρ
3358 2866 3538 2919 αὐτῶν
3592 2867 3900 2938 δεηθῶμεν.

607 2966 790 3021 Σῶσον
824 2961 918 3015 καὶ
949 2959 1253 3030 ἀνάστησον
1289 2957 1489 3021 αὐτοὺς
1521 2959 1550 3012 6
1580 2957 1732 3025 Θεὸς,
1764 2959 1821 3013 ὲν
1859 2961 1929 3030 τῇ
1974 2950 2203 3030 δυνάμει
2253 2976 2372 3016 σου.
2403 2959 2660 3029 Κλίνατε,
2691 2960 2742 3015 οι
2773 2959 3178 3032 ὲνεργούμενοι,
3228 2960 3321 3014 καὶ
3368 2960 3700 3028 εὐλογεῖσθε.
3735 2964 3851 3016 Καὶ
3880 2963 3908 3016 ὁ

609 3058 907 3117 ἐπίσκοπος
931 3049 1263 3122 ὲπευχέσθω,
1289 3048 1485 3119 λέγων·

1221 3165 1452 3222 CAPUT
1490 3165 1603 3221 VII.

1036 3259 1225 3318 Oratio
1261 3275 1357 3329 pro
1386 3258 1770 3330 energumenis.

680 3355 781 3424 Qui
829 3352 1025 3408 fortem
1072 3351 1276 3423 ligasti,
1306 3359 1362 3408 et
1403 3360 1602 3406 cuncta
1634 3365 1764 3406 vasa
1814 3348 1934 3418 ejus
1963 3345 2196 3417 diripui-

537 3505 543 3512 ,
606 3448 774 3514 sti";
806 3445 900 3516 qui
943 3443 1142 3500 dedisti
1187 3445 1346 3502 nobis
1394 3449 1718 3514 potestatem
1749 3439 1997 3497 calcandi
2027 3453 2194 3509 supra

607 3549 888 3611 serpentes
915 3545 969 3594 et
1001 3538 1346 3609 scorpiones,
1375 3545 1430 3592 et
1476 3551 1642 3609 super
1679 3550 1898 3590 omnem
1934 3533 2191 3587 virtutem

605 3633 904 3697 inimici”;
933 3632 1025 3703 qui
1054 3630 1384 3685 hcmicidam
1427 3636 1732 3698 serpentem
1764 3627 2002 3682 vinctum
2024 3621 2196 3676 tradi-

605 3727 734 3780 disti
765 3725 942 3787 nobis,
973 3724 1117 3779 sicut
1146 3737 1424 3792 passerem
1474 3720 1748 3790 pueris“;
1800 3733 1962 3788 quem
2006 3714 2192 3770 omnia

606 3819 853 3882 horrent,
893 3833 956 3871 ac
1014 3822 1254 3870 tremunt
1309 3830 1339 3868 a
1396 3813 1537 3868 facie
1586 3811 1874 3883 potestatis
1906 3820 2041 3874 tuae;
2095 3807 2189 3875 qui

602 3911 850 3968 eumdem
882 3927 913 3966 e
939 3910 1080 3965 caelo
1110 3909 1165 3963 in
1197 3917 1399 3964 terram
1425 3908 1569 3962 sicut
1603 3906 1785 3976 fulgur
1822 3901 2079 3957 decidere
2109 3899 2190 3954 fe-

603 4005 725 4059 cisti
748 4005 815 4069 δδ.
848 4020 957 4058 non
988 4018 1118 4057 casu
1152 4001 1393 4065 locali“,
1428 4001 1521 4056 sed
1573 4000 1642 4054 ab
1693 3999 1900 4052 honore
1943 3995 1998 4049 in
2037 3994 2191 4063 igno-

603 4097 848 4161 miniam,
890 4104 1114 4166 propter
1146 4093 1509 4149 voluntariam
1542 4090 1717 4160 ipsius
1749 4087 2046 4152 malitiam;
2092 4099 2190 4139 cu-

596 4189 690 4258 jus
739 4196 994 4258 aspectus
1045 4187 1289 4242 exsiccat
1327 4184 1649 4255 abyssos";
1682 4192 1735 4238 et
1770 4181 1928 4235 minae
1958 4175 2190 4249 liquefa-

599 4282 754 4335 ciunt
791 4279 1089 4343 montes”,
1124 4286 1179 4333 et
1224 4277 1428 4333 veritas
1481 4285 1664 4330 manet
1719 4275 1775 4328 in
1823 4270 2186 4336 aeternum”;

599 4390 761 4445 quem
796 4372 1018 4426 laudant
1045 4370 1302 4432 infantes,
1332 4379 1386 4424 et
1424 4357 1756 4424 benedicunt
1809 4367 2076 4421 lactentes
2099 4363 2186 4430 '°;

599 4482 762 4537 quem
802 4467 1080 4521 celebrant
1111 4472 1274 4534 atque
1307 4462 1536 4518 adorant
1565 4460 1840 4534 angeli“;
1870 4459 1967 4530 qui
2014 4455 2190 4526 respi—

2770 3166 3166 3221 ΚΕΦΑΛΑῙΟΝ
3205 3171 3260 3221 Z’
3299 3168 3431 3239 (Η),

2699 3257 2868 3326 ’Υπὲρ
2897 3257 3017 3312 τῶν
3042 3258 3509 3330 ἐνεργουμένων.

2381 3347 2440 3401 '0
2471 3347 2563 3401 τὸν
2597 3348 2815 3421 ἰσχυρὸν
2856 3350 3054 3421 δήσας,
3087 3353 3179 3406 καὶ
3218 3352 3396 3406 πάντα
3425 3353 3495 3406 τά
3526 3355 3700 3427 σκεύη
3733 3358 3906 3414 αὑτοῦ

2295 3439 2620 3511 διαρπάσας·
2667 3445 2696 3497 6
2739 3443 2864 3508 δοὺς
2909 3444 3040 3514 ἡμῖν
3079 3445 3329 3511 ἐξουσίαν
3372 3447 3558 3500 ἐπάνω
3591 3448 3774 3518 ὄφεων
3812 3455 3908 3508 καὶ

2299 3534 2578 3604 σκορπίων
2617 3539 2828 3601 πατεῖν,
2859 3535 2952 3589 καὶ
3003 3536 3096 3590 ἐπὶ
3143 3540 3321 3591 πᾶσαν
3369 3540 3468 3610 τήν
3521 3539 3758 3612 δύναμιν
3807 3545 3903 3598 τοῦ

2295 3625 2511 3696 ἐχθροῦ·
2545 3627 2572 3678 6
2604 3627 2697 3680 τὸν
2737 3627 3181 3698 ἀνθρωποκτόνον
3219 3631 3364 3698 ὅφιν,
3392 3631 3679 3704 δεσμώτην
3717 3654 3904 3707 παρα-

2294 3717 2418 3781 δοὺς
2446 3719 2597 3789 ἡμῖν,
2631 3718 2707 3780 ὡς
2742 3719 3020 3783 στρουθίον
3067 3721 3320 3784 παιδίοις·
3367 3723 3425 3774 ὃν
3466 3724 3644 3776 πάντα
3683 3729 3900 3797 φρίττει

2294 3811 2386 3862 καὶ
2416 3811 2630 3881 τρέμει,
2684 3811 2792 3864 ἀπὸ
2848 3810 3141 3892 προσωπου
3172 3813 3458 3883 δυνάμεώς
3507 3833 3622 3869 σου·
3668 3821 3698 3870 6
3726 3819 3902 3890 ῥήξας

2292 3901 2454 3957 αὑτὸν
2504 3903 2579 3966 ὼς
2616 3903 2906 3975 ἀστραπήν
2941 3904 3001 3968 ἐξ
3031 3905 3262 3978 οὐρανοῦ
3293 3909 3371 3970 εἰς
3403 3909 3527 3978 γῆν,
3567 3910 3627 3962 οὐ
3683 3898 3902 3983 τοπικῷ

2296 3996 2561 4065 ρήγματι,
2576 3992 2711 4046 ἀλλά
2723 3993 2832 4046 ἀπὸ
2847 3995 3012 4064 τιμῆς
3024 3997 3103 4058 εἰς
3118 3997 3360 4067 ἀτιμίαν,
3379 3999 3444 4050 δι’
3461 4001 3713 4054 ἑκούσιον
3726 4003 3900 4057 αὑτοῦ

2293 4085 2614 4140 κακόνοιαν·
2651 4078 2711 4138 οῦ
2759 4087 2818 4138 τὸ
2871 4086 3089 4158 βλέμμα
3127 4088 3368 4161 ξηραίνει
3403 4091 3699 4160 ἀὸὑσσους,
3733 4097 3832 4148 καὶ
3865 4099 3896 4169 ή

2290 4178 2487 4249 ἀπειλὴ
2515 4180 2671 4250 τήκει
2697 4177 2820 4250 ὅρη,
2845 4179 2937 4235 καὶ
2967 4180 3000 4250 ή
3027 4180 3249 4252 ἀλήθεια
3272 4183 3424 4252 μένει
3459 4186 3539 4247 είς
3565 4185 3660 4237 τὸν
3693 4188 3891 4240 αἰῶνα·

2290 4270 2348 4323 ὃν
2376 4273 2517 4325 αἰνεῖ
2543 4270 2611 4322 τὰ
2642 4271 2830 4340 νήπια,
2875 4272 2967 4328 καὶ
2999 4257 3209 4340 εὐλογεῖ
3238 4275 3306 4327 τὰ
3337 4274 3659 4346 θηλάζοντα·
3698 4280 3755 4331 ὃν
3787 4280 3892 4350 ὑμ-

2289 4361 2440 4414 νοῦσι
2469 4363 2562 4414 καὶ
2594 4361 2990 4432 προσκυνοῦσιν
3020 4365 3264 4432 ἄγγελοι·
3289 4369 3317 4419 6
3338 4367 3649 4423 ἐπιϐλέπων
3683 4373 3776 4424 ἐπὶ
3795 4375 3892 4444 τήν

2290 4455 2412 4523 γῆν,
2435 4454 2527 4506 καὶ
2557 4452 2724 4506 ποιῶν
2743 4453 2912 4525 αὐτὴν
2931 4455 3174 4526 τρέμειν·
3196 4459 3224 4509 6
3245 4459 3551 4530 ἁπτόμενος
3568 4462 3676 4514 τῶν
3693 4465 3888 4535 ὁρέων,

601 4561 683 4614 cis
711 4573 876 4630 super
906 4566 1129 4621 terram,
1157 4565 1212 4611 et
1241 4556 1376 4610 facis
1421 4571 1542 4610 eam
1577 4563 1844 4619 tremere;
1876 4553 1968 4622 qui
2002 4549 2181 4619 tangis

2303 4547 2382 4599 ιαὶ
2410 4545 2780 4609 καπνίζονται·
2814 4550 2842 4601 6
2875 4549 3114 4602 ἀπειλῶν
3155 4550 3450 4619 θάλασσαν,
3483 4556 3575 4608 καί
3615 4555 3677 4626 Er,
3690 4558 3891 4628 ραίνων

602 4660 836 4715 montes,
883 4657 936 4705 et
968 4648 1273 4715 fumant“;
1306 4648 1402 4718 qui
1429 4647 1682 4718 inerepas
1714 4661 1885 4710 mare,
1919 4653 1973 4700 et
2001 4643 2183 4699 exsic-

2287 4635 2481 4710 αὐτὴν,
2514 4640 2607 4693 καὶ
2635 4639 2844 4704 πάντας
2871 4643 3000 4705 τοὺς
3029 4647 3309 4715 ποταμοὺς
3340 4647 3536 4710 αὐτοὺς
3559 4650 3669 4719 (l2)
3697 4651 3888 4723 ἐξερή-

673 4765 717 4796 δδ
759 4763 905 4817 Psal.
936 4779 987 4825 ι,
1017 4763 1106 4816 12.
1179 4762 1226 4792 δ’
1252 4763 1420 4817 Marc.
1459 4779 1512 4824 v,
1543 4761 1599 4816 9.
1674 4759 1912 4815 “Zacb.
1954 4772 2038 4815 Ill,
2069 4756 2123 4810 2.
2199 4751 2257 4827 '_‘_
2287 4752 2325 4827 l_.
2375 4751 2876 4827 lgnat.__interpol_.
2929 4755 3020 4827 ad
3053 4753 3273 4827 smyrn.
3312 4759 3361 4811 7.
3441 4761 3486 4789 ⁵³
3531 4760 3727 4818 Matth.
3783 4781 3884 4822 xu.

601 4836 690 4891 ‘29.
789 4835 837 4865 ³³
877 4833 1008 4888 Luc.
1052 4850 1104 4895 x,
1138 4833 1226 4887 19.
1326 4833 1372 4864 ⁸⁵
1409 4832 1512 4887 Job
1538 4847 1630 4895 ιι,
1661 4831 1731 4885 24
1761 4831 1905 4899 apud
1944 4827 2108 4899 LXX.

602 4908 656 4972 9;
689 4921 764 4968 ιι,
799 4921 896 4958 xu.

598 4971 649 5034 ὅ.
751 4977 793 5006 ⁸⁸
835 4972 981 5029 Psal.
1013 4989 1158 5039 xcvi,
1191 4976 1245 5030 8.
1342 4976 1400 5046 “ﬂ
1425 4972 1571 5030 Psal.
1602 4987 1722 5038 cm,
1756 4971 1844 5027 52.

1052 4850 1104 4895 x,
1138 4833 1226 4887 19.
1326 4833 1372 4864 ⁵⁵
1409 4821 1512 4887 Job
1538 4847 1630 4895 ιι,
1661 4831 1731 4885 24
1761 4831 1905 4899 apud
1944 4827 2108 4880 LXX.
2211 4823 2258 4855 "
2300 4821 2431 4875 Luc.
2463 4840 2516 4882 x,
2553 4821 2641 4877 18.
2755 4823 2802 4853 ⁵⁸
2842 4821 3268 4896 Pseudo-lghat.
3335 4831 3402 4882 ad
3467 4831 3706 4902 Philipp.
3742 4852 3796 4896 χ,
3831 4821 3884 4898 ι,

1010 4903 1052 4934 ⁵⁷
1093 4902 1239 4958 Psal.
1270 4920 1358 4966 cv,
1398 4905 1465 4968 9;
1498 4902 1604 4956 lsa.
1644 4918 1718 4966 ιι,
1756 4902 1844 4955 10.
1922 4900 1966 4930 ⁵⁸
2006 4896 2153 4952 Psal.
2188 4909 2334 4957 xcw,
2369 4894 2435 4961 5;
2475 4893 2576 4946 lsa.
2606 4907 2753 4958 ulv,
2788 4894 2841 4948 l.
2917 4895 2964 4928 ³⁸
3003 4893 3149 4953 Psal.
3181 4913 3330 4963 cxvx,
3357 4900 3410 4955 2.
3493 4903 3537 4933 ιο
3578 4902 3730 4959 p531.
3762 4923 3884 4970 Vl”,

2755 4823 2806 4902 ει
2842 4822 3268 4902 psgpilo-l_ghat.
3335 4831 3402 4902 a_d
3467 4831 3706 4902 Philipp.
3742 4852 3796 4896 x,
3831 4837 3884 4898 4,

1907 5079 2211 5139 VARJORU
2223 5078 2270 5134 Μ
2309 5075 2546 5133 ΝΟΤᾹΣ.

599 5209 672 5262 mi
704 5207 892 5262 Jacobi
923 5206 1114 5271 Goar.,
1142 5223 1195 5279 p.
1226 5206 1353 5270 359,
1384 5209 1733 5279 appellantur
1760 5205 2021 5279 ὀρφανοί,
2056 5217 2187 5273 pro-

599 5279 688 5332 θυι
717 5280 885 5332 dubio
914 5281 1059 5348 quod
1091 5295 1122 5333 e
1146 5277 1370 5348 pupillis
1400 5277 1464 5333 ac
1494 5278 1772 5334 destitutis
1796 5277 2184 5348 ’Ecclesiaaque

599 5347 945 5418 eleemosyna
963 5347 1568 5419 indigentibus‘assumi
1601 5350 1863 5404 solerent.
1899 5347 2036 5401 Cor.

675 5419 774 5500 (7)“
802 5411 864 5500 '0_
886 5421 1046 5500 Θετίς.
1079 5411 1152 5474 in
1201 5419 1322 5473 cod.
1344 5417 1509 5500 Yind.
1545 5419 1841 5500 prmiigitur
1878 5438 1890 5471 :
1923 5411 2180 5500 Κεφ-ς’,

599 5489 902 5558 χειροθεσία
931 5492 1039 5544 τῶν
1073 5489 1512 5560 κατηχουμένων,
1548 5490 1877 5569 additurque
1922 5491 2181 5543 minutio-

600 5561 752 5613 ribus
807 5561 1002 5615 litteris
1033 5581 1046 5616 :
1083 5561 1181 5623 τῆς
1215 5560 1372 5623 ἁγίας
1405 5561 1678 5623 ἀναφορᾶς
1708 5577 1802 5612 του
1853 5559 2009 5623 ἀγίου
2043 5560 2181 5611 ἀπο-

600 5577 752 5613 rmns
807 5577 1002 5615 litteris
1033 5581 1046 5616 :
1083 5577 1181 5630 της
1215 5577 1372 5628 αγιας
1405 5577 1678 5632 αναφορας
1708 5577 1802 5612 του
1853 5577 1912 5626 ατ

600 5630 787 5681 στόλου
824 5631 1093 5702 Ἀνδρέου.
1126 5631 1296 5702 Οιειι.
1379 5699 1388 5702 _
1431 5700 1439 5702 Α
1472 5700 1497 5702 η
1631 5701 1636 5702 γ
1799 5701 1807 5702 7
1866 5699 1908 5702 __

664 5701 746 5771 (8)7
785 5703 892 5754 Τοῦ
920 5699 1330 5769 Παρακλήτου.
1362 5699 1595 5771 Additur
1626 5701 1680 5754 in
1709 5701 1829 5754 cod.
1865 5699 2025 5754 Vind.
2049 5718 2181 5771 προ-

597 5769 784 5831 ϐολεύς
803 5779 854 5823 et
884 5772 1151 5826 omittitur
1179 5771 1339 5832 Θεόςι
1366 5787 1490 5823 nam
1525 5770 1693 5824 Filius
1713 5783 1764 5826 ct
1784 5773 2022 5840 Spiritus
2053 5769 2181 5825 san-

600 5850 724 5896 ctus
751 5842 1077 5898 dicebantur
1111 5842 1371 5912 προϐολαὶ
1405 5842 1636 5913 Πατρός.
1673 5841 1804 5898 Vide
1836 5843 1992 5899 Dion.
2022 5842 2179 5899 Peta-

2291 5195 2364 5251 vii
2392 5211 2531 5272 opu_s
2557 5193 2632 5272 ρο
2652 5194 2936 5272 Τνίηὶιᾳιε,
2967 5205 3099 5272 tom.
3125 5198 3189 5265 ll;
3211 5199 3399 5269 Dogm.
3451 5201 3638 5268 theol.,
3684 5204 3784 5260 lib.
3817 5205 3879 5272 V,

2289 5280 2449 5333 c.vu,
2481 5266 2533 5331 7,
2564 5267 2619 5329 8,
2652 5266 2722 5334 9;
2753 5274 2809 5322 et
2844 5269 2938 5323 lib.
2974 5266 3112 5331 Vlll,
3147 5286 3195 5324 c.
3231 5266 3377 5333 x,_5.

2361 5359 2438 5440 (9-)
2481 5357 2730 5440 Additus
2750 5359 2837 5413 hic
2863 5361 2916 5414 in
2944 5362 3235 5440 c0_d.Vint_l.
3273 5368 3412 5436 Κεφ.
3439 5367 3501 5432 ξ’.
3541 5370 3879 5440 Προσφώνη·

2286 5423 3337 5515 atq-61:6”:erévs‘p_~{oupévcov.CLen.
3368 5423 3382 5436 ⁸
3447 5423 3465 5432 ⁷
3597 5423 3607 5440 ’
3708 5423 3718 5438 ’
3838 5423 3848 5442 ’

2356 5500 2467 5621 (illi)
2520 5500 2751 5564 Ἱκέτας.
2786 5500 3092 5558 Λιιοιίοοιι.
3133 5507 3371 5574 οἰκέτας,
3406 5525 3581 5564 servos
3620 5512 3880 5567 domesti-

2356 5587 2389 5621 ς.
2441 5588 2493 5621 υ.

2283 5587 2389 5622 COS.
2419 5587 2493 5624 ιυ.

2357 5642 2402 5716 il
2423 5643 2468 5716 ll
2510 5641 2565 5716 In
2602 5651 2833 5716 utroque
2860 5644 3048 5700 codice
3072 5648 3174 5702 hoc
3205 5657 3369 5716 caput
3401 5651 3729 5708 inscribitur
3754 5657 3880 5711 Χει-

2292 5710 2506 5786 ροθεσία
2537 5713 2628 5763 ἐπὶ
2661 5710 2766 5765 τῶν
2797 5716 3221 5786 ἐνεργουμένων.
3257 5710 3330 5771 ib.

2361 5782 2470 5852 (l2)
2512 5784 2761 5850 Αὑτούς.
2796 5782 2958 5842 Deest
2993 5782 3046 5841 in
3078 5791 3197 5842 cod.
3242 5789 3398 5846 Vind.
3431 5792 3510 5849 lo.
