4070 6330
184 418 324 477 1089

1056 421 1659 482 CONSTITUTIONES
1697 419 2375 493 APOSTOLICA‘I.~LIB.
2414 420 2549 480 Vill.

3301 424 3325 483 ἱ
3336 425 3444 483 090

176 535 365 605 οικῶν,
384 536 505 608 ἀγιε
536 538 596 593 ἑν
624 536 801 609 ἁγίοις
828 538 1469 611 ἀναπαυόμενε,ἀναρχε,
1495 537 1746 611 μόναρχε

1866 534 2029 599 bitas,
2064 540 2285 602 sancte,
2318 536 2409 605 qui
2472 536 2527 589 in
2575 536 2784 593 sanctis
2834 535 3157 607 requiescis,
3214 539 3445 611 originis

172 642 211 684 ο
259 630 348 685 διὰ
395 631 633 704 Χριστοῦ
695 634 957 705 κήρυγμα
1026 630 1280 701 γνώσεως
1321 632 1444 696 δοὺς
1498 631 1629 702 ἡμῖν
1681 630 1761 694 είς

176 723 476 793 ἐπίγνωσιν
502 726 601 797 τῆς
631 724 731 797 σῆς
770 724 931 797 δόξης
963 724 1060 779 καὶ
1104 723 1198 778 τοῦ
1242 722 1504 796 ὀνόματός
1550 740 1665 787 σου,
1698 715 1759 775 οὗ

175 816 526 889 ἐφανέρωσεν
584 820 717 890 ἡμῖν
780 820 861 884 είς
919 816 1280 891 κατάληῲιψ¹
1330 816 1492 879 αὐτὸς
1523 818 1615 871 καὶ
1665 816 1759 870 νῦν

170 906 326 963 ἔπιδε
358 910 426 964 δι’
457 909 621 964 αὐτοῦ
674 910 766 965 ἐπὶ
793 911 854 965 τὸ
900 911 1149 984 ποίμνιόν
1192 926 1284 963 σου
1318 908 1505 963 τοῦτο’
1546 909 1637 962 καὶ
1663 907 1758 960 λύ-

170 1017 382 1074 τρωσαι
418 1002 549 1055 αὐτὸ
584 1003 763 1074 πάσης
788 1002 1033 1073 ἀγνοίας,
1072 1002 1169 1058 καὶ
1197 1002 1441 1074 πονηρᾶς
1468 997 1718 1073 πράξεως
1740 1017 1754 1032 ⁸

172 1095 269 1148 καὶ
297 1096 385 1157 δὸς
416 1094 565 1166 φόϐῳ
595 1094 877 1165 φοϐεῖσθαί
906 1113 985 1161 σε,
1021 1096 1114 1150 καὶ
1165 1094 1353 1166 ἀγάπῃ
1386 1093 1605 1163 ἀγαπᾷν
1664 1108 1755 1157 σε,

171 1187 270 1239 καὶ
302 1186 616 1240 στέλλεσθαι
664 1188 771 1241 ἀπὸ
802 1185 1095 1261 προσώπου
1142 1184 1297 1258 δόξης
1330 1200 1423 1238 σου
1446 1200 1461 1218 ·
1521 1184 1758 1255 εὐμενὴς

171 1278 358 1343 αὐτοῖς
386 1279 570 1349 γενοῦ,
602 1282 698 1335 καὶ
730 1281 907 1347 ἵλεως,
942 1280 1039 1335 καὶ
1067 1280 1300 1353 ἐπήκοος
1346 1279 1403 1332 ὲν
1434 1278 1553 1342 ταῖς
1584 1293 1756 1349 προσ-

170 1373 362 1440 ευχαῖς
416 1371 634 1426 αὐτῶνο
695 1374 787 1427 καὶ
853 1371 1088 1442 φύλαξον
1163 1370 1361 1435 αὐτοὺς
1412 1369 1753 1442 ἀτρέπτους,

166 1460 525 1535 ἀμέμπτους,
579 1464 985 1537 ἀνεγκλήτους·
1033 1466 1122 1520 ἵνα
1162 1457 1295 1517 ὦσιν
1350 1461 1494 1532 ἅγιοι
1543 1460 1754 1533 σώματι

169 1554 270 1607 καὶ
301 1554 465 1628 ψυχῇ,
520 1557 594 1630 μή
636 1557 852 1628 ἔχοντες
914 1557 1100 1619 σπῖλον
1153 1556 1187 1629 ἢ
1235 1555 1425 1629 ῥυτίδα
1473 1555 1505 1625 ἡ
1550 1571 1601 1616 τι
1645 1551 1755 1607 τῶν

164 1646 426 1701 τοιούτων
453 1666 465 1679 ι
491 1649 605 1702 ἀλλ’
638 1650 724 1703 ἵνα
757 1644 888 1704 ὦσιν
920 1650 1119 1721 ἄρτιοι,
1152 1650 1245 1701 καὶ
1269 1646 1456 1719 μηδεὶς
1482 1648 1541 1699 ὲν
1574 1645 1755 1709 αὐτοῖς

164 1734 200 1813 ᾖ
243 1738 463 1804 κολοϐὸς
480 1742 512 1813 ἢ
532 1741 745 1815 ἀτελής.
773 1741 999 1816 Ἀρωγζ
1021 1740 1234 1804 δυνατὲ,
1252 1730 1751 1813 ἀπροσωπόληπτε,

162 1831 327 1899 γενοῦ
360 1833 707 1909 ἀντιλήπτωρ
735 1834 831 1889 τοῦ
860 1834 988 1889 λαοῦ
1032 1851 1124 1889 σου
1155 1833 1367 1898 τούτου,
1398 1832 1458 1887 ὃν
1491 1832 1753 1905 ἐξηγόρα-

165 1940 269 1987 σας
292 1924 402 1998 (50)
429 1925 505 1998 τῷ
536 1928 703 1999 τιμίῳ
729 1926 824 1982 τοῦ
846 1926 1083 2000 Χριστοῦ
1117 1943 1210 1981 σου
1254 1927 1466 1999 αἵματι.
1500 1924 1746 2000 Προστά-

160 2033 284 2089 της,
318 2020 625 2092 ἐπίκουρος,
650 2021 870 2091 ταμίας,
913 2020 1107 2091 φύλαξ,
1162 2022 1339 2092 τεῖχος
1365 2018 1747 2091 ἐρυμνότατον,

160 2112 447 2183 φραγμὺς,
507 2113 775 2183 ἀσφάλεια
830 2112 983 2184 (51),
1036 2113 1117 2165 ὅτι
1168 2112 1232 2165 ἐκ
1273 2112 1371 2181 τῆς
1418 2110 1519 2180 σῆς
1568 2109 1750 2182 χειρὸς

156 2205 339 2268 οὐδεὶς
372 2205 619 2276 ἁρπάσαι
669 2204 890 2259 δύναται
913 2222 929 2237 ·
975 2205 1097 2259 οὐδὲ
1124 2205 1233 2277 γάρ
1261 2205 1375 2258 ἐστι
1402 2204 1532 2268 Θεὸς
1560 2203 1751 2278 ὥσπερ

160 2298 232 2351 σὺ
263 2299 450 2368 ἕτερος
474 2316 487 2330 ο
521 2298 604 2351 ὅτι
634 2299 692 2352 ὲν
728 2299 813 2352 σοὶ
866 2300 900 2369 ἡ
934 2298 1180 2370 ὑπομονὴ
1213 2298 1388 2369 ήμῶν.
1426 2317 1446 2347 ι
1495 2298 1747 2366 Ἀγίασον

155 2391 361 2454 αὐτοὺς
390 2392 446 2444 ὲν
480 2394 546 2463 τῇ
580 2390 804 2462 ἀληθείᾳ
837 2407 953 2455 σου,
986 2390 1119 2444 ὃτιὸ
1152 2390 1306 2459 λόγος
1334 2392 1361 2444 6
1394 2388 1493 2459 σὸς
1522 2388 1751 2461 ἀλήθειά

155 2483 327 2535 ἐστιν.
346 2502 364 2534 ι
416 2483 868 2556 ’Δπροσχάριστε,
890 2482 1293 2555 ἀπαραλόγιστε
1315 2498 1330 2515 ’
1365 2482 1522 2554 ῥῦσαι
1552 2483 1749 2547 αὐτοὺς

156 2575 345 2645 πάσης
374 2575 659 2648 νόσουᾲκαὶ
688 2575 869 2647 πάσης
902 2576 1193 2647 μαλακίας,
1216 2575 1416 2639 παντὸς
1447 2577 1749 2648 παραπτώ-

157 2684 356 2737 ματος,
421 2646 603 2740 πάσῆς
666 2646 931 2741 ἐπηρείας
986 2669 1077 2722 καὶ
1140 2668 1376 2741 ἀπάτης,
1428 2646 1540 2723 ἀπό
1581 2669 1745 2740 φόϐου

155 2758 381 2831 ἐχθροῦ,
409 2759 517 2813 ἀπὸ
548 2759 737 2830 βέλους
766 2760 1066 2831 πετομένου
1092 2760 1325 2832 ἡμέρας,
1358 2759 1467 2815 ἀπὸ
1490 2762 1750 2833 πράγμα-

152 2868 252 2914 τος
311 2851 369 2905 ὲν
436 2852 618 2906 σκότει
674 2852 1134 2924 διαπορευομένου
1180 2870 1192 2885 ·
1266 2856 1359 2908 καὶ
1412 2853 1747 2920 καταξίωσον

152 2945 360 3009 αὐτοὺς
389 2945 489 3017 τῆς
530 2945 749 2999 αἰωνίου
781 2945 945 3016 ζωῆς,
984 2946 1084 3016 τῆς
1142 2947 1200 3000 ὲν
1246 2946 1467 3018 Χριστῷ
1520 2946 1597 3019 τῷ
1631 2947 1747 3020 Υίῷ

154 3052 256 3089 σου
288 3036 367 3107 τῷ
405 3039 699 3108 μονογενεῖ,
743 3036 821 3108 τῷ
852 3036 971 3107 Θεῷ
1003 3040 1095 3091 καὶ
1127 3038 1337 3109 Σωτῆρι
1365 3037 1521 3109 ἡμῶν
1540 3053 1555 3070 ·
1590 3038 1655 3093 δι’
1684 3033 1746 3093 οἶ)

156 3145 243 3183 σοι
271 3129 398 3197 δόξα
427 3130 522 3184 καὶ
560 3129 741 3193 σέϐας,
776 3130 834 3183 ὲν
868 3129 1007 3201 ἁγίῳ
1039 3130 1340 3201 Πνεύματι,
1369 3130 1483 3195 νῦν,
1515 3132 1608 3185 καὶ
1634 3132 1742 3198 ἀεὶ,

1860 642 2079 697 expers,
2111 628 2442 691 monarcha;
2474 628 2568 699 qui
2601 643 2697 699 per
2720 628 3000 685 Christum
3028 631 3228 686 dedisti
3282 632 3443 688 nobis

1860 720 2194 790 cognitionis
2242 719 2685 791 praedicationem
2746 723 2801 778 ln
2862 722 3193 793 agnitionem
3256 725 3445 795 gloriae

1858 818 1966 867 tua}
2007 826 2070 867 ac
2120 813 2361 869 nominis
2418 814 2521 881 tui,
2570 812 2717 884 quod
2772 814 3143 871 manifestavit
3174 817 3332 871 nobis
3375 816 3443 871 ad

1858 905 2404 977 comprehensionem
2452 926 2464 961 :
2508 906 2626 978 ipse
2655 921 2804 961 nunc
2840 922 3059 979 quoque.
3094 911 3307 979 respice
3348 924 3445 978 per

1858 997 2038 1067 ipsum
2064 999 2116 1052 in
2142 1000 2242 1053 hoc
2265 999 2408 1055 ovile
2444 1006 2597 1054 tuum
2621 1008 2710 1066 ;et
2743 1000 2914 1055 libera
2949 999 3080 1054 illud
3114 1002 3256 1055 omni
3293 1002 3444 1071 igno—

1858 1091 2057 1153 rantia.
2084 1100 2139 1147 et
2177 1107 2343 1162 prava
2384 1093 2627 1158 actione;
2653 1099 2707 1147 et
2730 1092 2798 1147 da
2833 1101 2889 1147 ut
2920 1104 2972 1149 te
3004 1094 3197 1149 timore
3228 1097 3439 1159 timeat,

1858 1200 1922 1240 ac
1954 1184 2248 1241 dilectione
2272 1192 2325 1240 te
2356 1184 2568 1257 diligat,
2592 1194 2649 1240 et
2669 1186 3062 1243 contremiscat
3096 1203 3125 1241 a
3156 1184 3443 1257 facie‘gloe

1857 1278 1954 1333 riae
1983 1286 2129 1333 tuae:
2168 1278 2358 1334 sis-eis
2390 1278 2654 1347 clemens,
2712 1280 3005 1350 propitius,
3044 1295 3106 1335 ac
3153 1281 3444 1337 exauditur

1858 1369 1913 1424 in
1949 1370 2208 1441 precibus
2232 1386 2422 1426 eorum
2451 1388 2465 1438 ;
2515 1378 2568 1426 et
2602 1372 2817 1427 custodi
2849 1373 2994 1429 cillos
3045 1372 3439 1437 immutabiles,

1858 1462 2294 1534 irreprehensos,
2325 1464 2633 1534 inculpatos
2662 1484 2675 1520 :
2734 1474 2794 1519 ut
2833 1466 2945 1520 sint
2978 1469 3153 1521 sancti
3208 1482 3443 1537 corpore

1856 1568 2016 1629 atque
2052 1558 2253 1620 anima,
2287 1572 2393 1612 non
2429 1558 2695 1614 habentes
2724 1560 3018 1623 maculam,
3073 1568 3167 1614 aut
3225 1575 3437 1631 rugam,

1854 1664 1945 1707 aut
1976 1650 2178 1721 aliquid
2210 1650 2680 1719 hujusmodi;sed
2708 1659 2767 1706 ut
2816 1653 2925 1709 sint
2968 1653 3186 1724 integri,
3228 1656 3440 1708 nullus-

1854 1760 1961 1815 que
1988 1742 2131 1799 inter
2159 1757 2253 1799 eos
2292 1744 2362 1799 sit
2395 1744 2657 1810 mutilus,
2689 1745 2773 1801 vel
2819 1744 3197 1817 imperfectus.
3242 1745 3441 1803 Defen-

1856 1852 1967 1902 sor,
1996 1843 2213 1907 potens,
2248 1848 2606 1905 personarum
2640 1850 2749 1891 non
2780 1847 3065 1908 acceptor;
3096 1838 3173 1895 sis
3208 1839 3441 1897 auxilia-

1856 1937 1945 1983 tor
1973 1930 2162 1999 populi
2195 1929 2272 1985 tul
2308 1930 2493 2000 hujus,
2520 1945 2682 2000 quem
2704 1928 2985 1985 redemisti
3017 1932 3265 2001 pretioso
3279 1929 3441 1986 Chri-

1854 2020 1924 2076 sti
1948 2022 2027 2075 tui
2059 2022 2325 2093 sanguine
2354 2041 2365 2077 :
2425 2028 2713 2093 patronus,
2756 2021 3009 2091 adiutor,
3042 2029 3437 2093 propugnator,

1852 2121 2065 2179 custos,
2099 2128 2291 2169 murus
2322 2115 2657 2177 tutissimus,
2707 2114 2931 2177 vallum,
2994 2114 3206 2167 firmum
3250 2116 3441 2184 prasi-

1850 2204 2022 2270 dium,
2053 2208 2306 2277 quoniam
2331 2222 2395 2263 ex
2426 2222 2587 2260 manu
2619 2214 2712 2259 tua
2742 2218 2905 2261 nemo
2934 2213 3109 2275 potest
3140 2221 3329 2275 rapere
3355 2192 3434 2259 ’δε

1853 2316 1962 2355 non
1991 2301 2137 2356 enim
2170 2309 2255 2357 est
2308 2301 2448 2355 alius
2497 2298 2642 2355 Deus
2693 2300 2836 2355 sicut
2869 2308 2948 2365 tu,
2975 2299 3102 2368 quia
3144 2299 3199 2354 in
3253 2306 3305 2355 te
3354 2308 3439 2353 est

1852 2402 2043 2449 nostra
2066 2394 2426 2465 exspectatio.
2461 2410 2479 2443 ‹
2512 2390 2805 2447 Sanctifica
2829 2407 2923 2447 eos
2951 2392 3006 2446 in
3048 2392 3273 2447 veritate
3304 2398 3433 2459 tua;

1851 2488 2110 2557 quoniam
2146 2502 2327 2542 sermo
2376 2492 2507 2541 tuus
2558 2485 2763 2541 veritas
2820 2492 2905 2539 est
2936 2484 3035 2539 ⁸ο.»
3089 2482 3190 2549 Qui
3248 2484 3437 2554 gratia:

1850 2601 2017 2643 causa
2062 2586 2197 2641 nihil
2248 2587 2384 2659 agis,
2426 2584 2517 2655 qui
2550 2584 2727 2653 decipi
2758 2598 2866 2638 non
2898 2589 3090 2652 potes;
3144 2581 3311 2635 libera
3339 2598 3436 2635 eos

1850 2680 1999 2734 omni
2029 2680 2221 2734 morbo
2244 2678 2461 2734 etomni
2491 2676 2833 2739 infirmitate,
2854 2674 3001 2730 omni
3028 2672 3250 2735 delicto,
3286 2674 3433 2726 omni

1850 2771 2051 2842 injuria
2111 2778 2165 2827 et
2226 2770 2440 2836 fraude,
2496 2785 2526 2824 a
2566 2770 2764 2823 timore
2816 2766 3022 2823 inimici
3069 2766 3137 2831 Μ,
3171 2780 3199 2818 a
3235 2765 3433 2834 sagitta

1849 2866 2069 2920 volante
2096 2882 2192 2936 per
2222 2864 2384 2930 diem,
2417 2880 2445 2918 a
2477 2862 2699 2934 negotio
2746 2863 2801 2916 in
2850 2861 3091 2916 tenebris
3138 2860 3432 2930 perambu—

1849 2953 1998 3008 lante
2028 2953 2107 3019 9';
2141 2960 2197 3007 et
2226 2953 2453 3023 dignare
2490 2952 2612 3007 illos
2639 2961 2841 3007 {eterna
2874 2954 3003 3015 vita,
3036 2966 3157 3023 quae
3189 2950 3243 3004 in
3271 2950 3435 3004 Chri-

1850 3054 1936 3101 sto
1963 3044 2103 3100 Filio
2131 3053 2227 3100 tuo
2278 3046 2581 3117 unigenito,
2616 3043 2725 3101 Deo
2777 3060 2841 3100 ac
2892 3045 3175 3099 Salvatore
3208 3054 3431 3111 nostro;

1849 3155 1946 3211 per
1967 3154 2129 3211 quem
2161 3139 2256 3193 tibi
2293 3138 2467 3208 gloria
2522 3148 2577 3195 et
2608 3138 2814 3201 cultus,
2855 3137 2910 3190 in
2966 3145 3158 3192 sancto
3199 3134 3429 3206 Spiritu,

156 3222 254 3274 καὶ
282 3224 362 3285 είς
392 3222 519 3285 τοὺς
550 3222 751 3285 αίῶνας
772 3221 880 3275 τῶν
923 3223 1153 3276 αἰώνων.
1221 3222 1409 3294 Ἀμήν.
1448 3224 1559 3277 Καὶ
1608 3214 1743 3296 μετά

1850 3244 2018 3295 nunc,
2044 3238 2098 3285 et
2126 3246 2365 3301 semper,
2399 3240 2453 3285 et
2498 3235 2555 3285 in
2588 3229 2787 3286 saecula
2840 3230 3185 3284 saeculorum.
3234 3230 3429 3283 Arnen.

152 3314 317 3367 τοῦτο
345 3315 549 3383 λεγέτω
579 3316 607 3367 6
638 3314 883 3379 διάκονος
908 3333 921 3346 ·
978 3315 1331 3387 Πρόσχωμεν.
1396 3317 1505 3371 Καὶ
1562 3318 1741 3372 ἀσπα-

155 3408 334 3472 ζὲσθω
364 3410 391 3461 6
424 3408 719 3473 ἐπίσκοπος
776 3409 874 3478 τὴν
910 3409 1225 3479 ἐκκλησίαν,
1267 3410 1363 3464 καὶ
1390 3409 1594 3479 λεγέτω
1616 3428 1629 3443 ·
1679 3413 1743 3467 Ἦ

155 3501 349 3571 εἰρήνη
379 3501 473 3554 τοῦ
532 3501 665 3555 Θεοῦ
728 3502 865 3573 μετά
921 3502 1134 3555 πάντων
1189 3502 1342 3573 ὑμῶν
1368 3520 1381 3533 ·
1418 3503 1512 3556 ml.
1542 3507 1570 3558 6
1618 3504 1745 3573 λαὸς

153 3593 576 3664 ἁποκρινάσθω·
631 3595 742 3648 Καὶ
779 3597 915 3668 μετά
942 3596 1035 3650 τοῦ
1090 3596 1398 3670 πνεύματός
1430 3616 1541 3651 σου.
1578 3599 1688 3653 Καὶ
1715 3601 1744 3655 6

152 3684 402 3750 διάκονος
458 3686 667 3742 εἰπάτω
724 3689 919 3742 πᾶσιν·
992 3689 1335 3744 Ἀσπάσασθε
1391 3690 1652 3763 ἀλλήλους
1686 3693 1743 3747 ὲν

153 3776 422 3847 φιλήματι
482 3779 641 3849 ἁγίῳ.
691 3780 801 3833 Καὶ
855 3780 1284 3845 ἀσπαζέσθωσαν
1329 3782 1378 3835 οἱ
1406 3783 1498 3837 τοῦ
1540 3784 1741 3857 κλήρου

151 3868 246 3919 τὸν
277 3869 577 3924 ἐπίσκοπον
608 3870 741 3943 (52),
770 3872 819 3925 οί
872 3871 1050 3927 λαῖκοὶ
1104 3873 1295 3946 ἄνδρες
1341 3874 1467 3939 τοὺς
1498 3875 1741 3942 λαῖκοὺς,

152 3962 214 4014 at
252 3966 510 4030 γυναῖκες
536 3963 634 4028 τάς
664 3966 946 4033 γυναῖκας.
995 3964 1075 4018 Τὰ
1105 3967 1287 4021 παιδία
1314 3966 1371 4020 δὲ
1395 3970 1742 4040 στηκέτωσαν

154 4053 295 4124 πρὸς
325 4055 402 4125 τῷ
433 4054 654 4127 βήματι,
721 4056 815 4110 καὶ
866 4057 1109 4123 διάκονοι,
1142 4059 1326 4125 αὐτοῖς
1368 4061 1552 4131 ἕτερος
1604 4062 1743 4115 ἔστω

150 4146 419 4215 ἐφεστὼς,
444 4149 591 4212 ὅπως
623 4148 696 4221 μὴ
726 4149 1021 4204 ἀτακτῶσι.
1056 4152 1166 4206 Kal.
1190 4152 1339 4207 ἄλλοι
1370 4153 1607 4208 διάκονοι
1642 4173 1743 4209 πε-

153 4239 579 4310 ριπατείτωσαν,
603 4243 696 4295 καὶ
726 4242 1098 4297 σκοπείτωσαν
1146 4245 1272 4309 τοὺς
1298 4246 1495 4318 ἄνδρας
1521 4248 1613 4301 καὶ
1645 4247 1743 4312 τάς

150 4332 441 4399 γυναῖκας,
472 4332 620 4396 ὅπως
656 4333 731 4405 μὴ
790 4333 1017 4406 θόρυϐός
1074 4352 1161 4401 τις
1220 4338 1333 4411 (55)
1368 4339 1611 4409 γένηται,
1648 4342 1743 4397 καὶ

154 4423 338 4496 μήτις
370 4422 554 4497 νεύσῃ,
583 4424 616 4496 ἦ
650 4424 930 4497 ψιθυρίσῃ,
965 4426 998 4497 ἢ
1036 4428 1294 4502 νυστάξῃ.
1332 4433 1395 4483 Oi
1418 4432 1481 4511 δὲ’
1506 4432 1741 4489 διάκονοι

1847 3320 2045 3380 Postea
2100 3321 2366 3377 diaconus
2416 3322 2564 3375 dicat
2610 3320 3040 3376 :Attenilamus.
3111 3317 3174 3371 Et
3231 3320 3433 3373 salutet

1845 3418 2139 3486 episcopus
2173 3416 2506 3478 ecclesiam,
2534 3428 2597 3469 ac
2628 3414 2809 3469 dicat:
2876 3414 2979 3466 Pax
3014 3412 3127 3475 Dei.
3155 3430 3277 3466 cum
3312 3428 3432 3466 om-

1846 3510 2011 3567 nibus
2055 3510 2230 3565 vobis.
2276 3506 2341 3560 Et
2394 3508 2630 3579 populus
2666 3508 3031 3577 respondeat:
3068 3505 3133 3558 Et
3164 3522 3285 3560 cum
3317 3505 3432 3576 Spi—

1848 3600 1956 3656 ritu
1987 3608 2103 3655 tuo.
2138 3598 2415 3654 Diaconos
2451 3614 2580 3653 vero
2639 3598 2786 3653 dicat
2838 3596 3097 3651 omnibus
3127 3614 3139 3649 :
3184 3594 3431 3649 Salutate

1846 3708 1946 3748 vos
1977 3694 2208 3748 invicem
2238 3694 2292 3745 in
2324 3690 2517 3745 osculo
2541 3697 2735 3745 sancto
2762 3709 2775 3745 :
2808 3697 2861 3744 et
2891 3689 3075 3743 clerici
3110 3688 3431 3741 osculantur

1846 3788 2185 3857 episcopum,
2220 3786 2342 3840 laici
2378 3783 2479 3838 viri
2510 3783 2703 3849 laicos,
2745 3782 2957 3835 femina:
2990 3780 3239 3835 feminas.
3266 3777 3427 3833 Pueri

1848 3886 2031 3933 autem
2065 3886 2213 3933 stent
2251 3876 2317 3931 ad
2347 3885 2684 3947 suggestum.
2712 3875 2788 3927 Ac
2822 3874 3087 3926 diaconus
3113 3874 3253 3925 alius
3294 3871 3427 3939 ipsis

1848 3970 2053 4041 praesit,
2086 3984 2153 4023 ne
2179 3967 2489 4022 inordinate
2515 3980 2573 4019 se
2617 3974 2823 4035 gerant.
2853 3963 2919 4015 At
2952 3962 3041 4015 alii
3078 3961 3293 4017 diaconi
3334 3964 3427 4017 de-

1846 4058 2720 4130 ambulent,inspiciantqueviros
2746 4072 2808 4111 ac
2837 4056 3115 4120 mulieres,
3134 4072 3199 4109 ne
3230 4058 3429 4124 strepi-

1846 4164 1937 4211 tus
1973 4155 2174 4225 aliquis
2204 4155 2435 4219 oriatur,
2489 4159 2543 4205 ct
2588 4166 2656 4204 ne
2702 4148 2827 4219 quis
2883 4158 3077 4202 nutum
3126 4147 3311 4209 faciat,
3344 4149 3427 4203 vel

1847 4254 2121 4311 susurret,
2154 4245 2237 4301 vel
2261 4242 2539 4298 dormitet.
2572 4240 2797 4295 Diaconi
2822 4254 2949 4294 vero
2974 4247 3115 4294 stent
3140 4240 3207 4293 ad
3230 4241 3429 4309 jannas
3485 4315 3490 4319 _

1844 4340 2110 4397 virorum,
2147 4344 2201 4393 et
2262 4334 2584 4391 subdiaconi
2618 4332 2686 4386 ad
2740 4334 2941 4402 januas
2987 4331 3315 4397 mulierum;
3370 4338 3427 4386 ut

1846 4446 2007 4486 nemo
2060 4428 2394 4500 egrediatur,
2446 4440 2581 4481 neve
2636 4425 2910 4495 aperiatur
2958 4422 3125 4492 janua
3188 4434 3429 4492 tempore

153 4516 497 4571 ἱστάσθωσαν
546 4518 627 4582 είς
678 4517 775 4583 τάς
807 4518 917 4572 τῶν
967 4520 1176 4593 ἀνδρῶν
1209 4522 1397 4597 θύρας,
1422 4526 1515 4579 καὶ
1543 4529 1592 4580 οἱ
1620 4528 1743 4582 ὑπο-

1850 4523 2165 4587 oblationis,
2198 4522 2326 4575 licet
2380 4517 2637 4574 adveniat
2686 4516 2957 4587 quispiam
3015 4515 3231 4569 fidelisa
3275 4514 3428 4569 Unus

148 4609 392 4665 διάκονοι
425 4612 501 4675 ιείι⁵
536 4611 633 4677 τὰς
658 4612 767 4665 τῶν
798 4592 1090 4682 γυναικῶν·
1129 4592 1290 4680 ὅπως*
1310 4618 1471 4689 μήτις
1514 4618 1738 4688 ἐξέλθοι,

1850 4626 2029 4672 autem
2062 4613 2433 4670 subdiaconus
2464 4609 2554 4664 det
2584 4608 2962 4665 sacerdotibus
2996 4622 3214 4677 aquam,
3250 4605 3315 4659 ad
3354 4607 3428 4657 ln-

154 4702 297 4775 μήτε
344 4703 562 4775 ἀνοιχθῇ
594 4706 627 4775 ή
658 4703 819 4777 θύρα,
850 4705 953 4759 κᾶν
1002 4708 1193 4772 πιστός
1224 4726 1309 4775 τις
1351 4706 1407 4783 ᾖ,
1463 4713 1606 4767 κατὰ
1648 4714 1741 4770 τὸν

150 4794 345 4865 καιρὸν
395 4794 494 4867 τῆς
554 4797 851 4869 ἀναφορᾶς.
898 4793 992 4863 Εἷς
1052 4798 1109 4853 δὲ
1168 4800 1518 4869 ύποδιάκονος
1556 4806 1741 4861 διδότω

1850 4711 2088 4781 vandum
2114 4722 2309 4762 manus
2334 4723 2348 4771 ;
2386 4719 2507 4775 qua:
2550 4720 2639 4759 res
2667 4703 2884 4774 signum
2908 4708 2992 4755 est
3022 4700 3277 4771 puritatis
3305 4699 3425 4752 ani-

1849 4817 2064 4859 marum
2097 4799 2208 4853 Deo
2243 4804 2709 4853 consecratarum.

148 4886 411 4959 ἀπόνιψιν
453 4891 652 4963 χειρῶν
688 4894 803 4957 τοῖς
854 4892 1060 4966 ἱερεῦσι
1100 4893 1234 4967 (54),
1276 4896 1543 4968 σύμϐολον
1577 4900 1943 4974 καθαρότητος
1976 4893 2164 4969 ψυχῶν
2192 4892 2310 4964 Θεῷ
2340 4889 2732 4961 ἀνακειμένωνι

230 5055 278 5086 ⁷⁸
316 5053 476 5111 Joan.
511 5072 566 5121 x,
595 5055 686 5111 29.
754 5094 757 5095 ν
790 5056 835 5089 θ’
876 5055 1041 5114 Joan.
1076 5074 1212 5123 xvn,
1245 5060 1330 5116 17.
1409 5061 1453 5093 ⁸⁸
1493 5060 1638 5119 Psal.
1673 5082 1737 5120 ιχ

1861 5064 1917 5120 '2.
1993 5062 2036 5093 "
2076 5059 2221 5114 Psal.
2262 5072 2347 5120 xc,
2379 5055 2432 5111 5.

1476 5224 1840 5284 VARIORUM
1881 5219 2117 5282 ΝΟΤᾹΞ.

226 5358 339 5431 (50)
389 5359 813 5485 Ἐξητῗκασας.
847 5357 1008 5431 Vind;
1060 5360 1319 5417 codices:
1385 5362 1482 5416 Ὃν
1509 5363 1735 5431 ἐξελέξω

255 5430 545 5485 μυριάδων.
628 5444 747 5485 LER.

148 5432 217 5485 ὲκ
255 5430 545 5501 μυριάδων.
581 5430 747 5501 CLER.

249 5448 545 5554 ἓυριαοων.
581 5448 747 5485 ιιιειι.

225 5501 244 5582 ς
292 5501 339 5571 l)
381 5500 669 5582 Φραγμὸς,
705 5500 1021 5582 ᾁσξάξεια.
1057 5499 1202 5557 Idem
1234 5522 1247 5558 :
1283 5504 1537 5575 φραγμῦς
1560 5508 1737 5579 ἀσφα-

146 5570 322 5639 λείας,
342 5572 515 5639 paries
546 5572 864 5625 securitatis.
895 5570 965 5626 In.

228 5638 351 5711 (32)
395 5639 893 5711 ’Λσπαζέσθωσὰν
942 5644 996 5695 ol
1044 5642 1149 5697 τοῦ
1196 5642 1422 5711 κλήρου
1473 5642 1579 5695 τόν
1607 5638 1735 5695 ἑπι-

150 5709 686 5784 σκοπονκϐοιιοηε
742 5709 1053 5768 Laodiceno
1109 5713 1224 5769 19:
1277 5709 1375 5769 εἶθ’
1421 5712 1731 5784 οὕτωςτήν

148 5783 375 5863 αἱρήνην
402 5781 659 5863 δίδοσθαι3
694 5784 957 5863 καὶ-μετά
1009 5784 1068 5839 τὸ
1100 5784 1512 5863 ⁵πρεσίπιξυιιέρους
1544 5781 1730 5863 δοῦναι

150 5852 230 5920 τῷ
266 5852 547 5923 ὲπισκόπῳ
609 5853 707 5923 τὴν.
761 5856 806 5905 εἰ
850 5854 1003 5923 ήνην.
1054 5852 1173 5905 τότε
1207 5857 1332 5918 τοὺς
1384 5852 1604 5916 λαϊκοὺς
1631 5854 1730 5923 τὴν

152 5924 378 5976 είιοήνην
409 5922 627 5976 διδόναι.
682 5870 845 5976 (modp
878 5934 1213 5976 oostremum
1277 5924 1518 5976 Zonaras
1560 5926 1729 5976 inter-

152 5924 378 5992 είρήνην
409 5922 627 5981 διδόναι,
666 5922 826 5992 quod
872 5922 1213 5992 postremum
1277 5924 1518 5986 Zonaras
1560 5922 1729 5978 inter-

155 6000 403 6060 prelatur
435 5992 507 6045 De
535 5994 856 6047 salutatione
903 5994 1234 6048 sacerdotum
1266 6012 1296 6049 α
1329 5996 1504 6063 laicis,
1530 5994 1726 6065 Dionyo

1846 5366 1963 5422 sius
2027 5362 2270 5434 Exiguus
2334 5359 2411 5417 De
2453 5360 3090 5434 salutationelaicornm
3148 5362 3282 5414 inter
3334 5376 3421 5423 se;

1847 5432 2151 5505 utrumque
2208 5441 2388 5487 autem
2465 5433 2670 5487 factum
2739 5432 2908 5487 fuisse
2977 5432 3111 5486 satis
3183 5442 3420 5487 constat.

1842 5507 1979 5561 Cor.

1915 5576 2027 5721 ἕέἰῗῖ

1913 5648 2002 5715 (δι

1842 5715 2149 5787 symbolum
2188 5715 2627 5787 traditCyrillus
2681 5715 3209 5784 Hierosolymitanns
3266 5716 3423 5768 initio

1842 5784 2046 5842 ultimae
2100 5784 2463 5857 Catechcseos
2522 5784 2936 5857 Mystagogiczc;
2987 5786 3079 5839 sed
3110 5789 3422 5838 ininistrnm

1840 5857 1969 5911 facit
1999 5860 2311 5913 diaconum.
2346 5855 2410 5909 Ut
2462 5855 2667 5917 autem,
2710 5860 2781 5907 ait
2814 5865 3009 5909 auctor
3057 5858 3422 5921 Qnmslionum

1850 5928 2043 5982 Veteris
2070 5938 2117 5981 et
2146 5928 2282 5981 Νοιὶ
2314 5928 2652 5988 Tcstamenli,
2682 5936 2811 5980 tom.
2849 5928 2907 5978 IV
2956 5926 3190 5997 Operam
3226 5927 3277 5979 S.
3324 5928 3422 5978 Au-

1839 6000 2064 6067 gustini,
2092 5999 2388 6069 quastione
2422 5999 2507 6052 iOl
2536 6038 2549 6064 ,
2586 6016 2685 6052 non
2720 6000 2897 6051 omnia
2946 6028 2953 6050 ,ι
2984 5999 3237 6052 initiari“
3272 5998 3421 6053 obu-

2073 5578 2187 5641 Τίς.
2221 5574 2378 5629 Deest
2411 5574 2463 5628 in
2498 5572 2622 5629 cod.
2654 5571 2813 5629 Vind.
2846 5572 3013 5629 Cum.

2061 5650 2163 5711 Εἷς
2188 5646 2255 5697 δὲ
2284 5644 2703 5709 ὺποὸιάκονος,
2735 5652 2840 5699 etc.
2872 5643 3028 5705 Rem,
3062 5643 3312 5715 idemque
3346 5645 3423 5700 rei
