4022 6338
149 427 280 482 1097

981 426 1574 487 CONSTITUTIONES
1616 424 2090 486 ρροετοιιωε.
2127 462 2196 472 -—
2228 433 2353 488 LIB.
2393 435 2524 492 γιιι.

3231 441 3252 493 1
3268 440 3367 496 098

141 541 268 593 ποτε
297 539 352 592 δὲ
383 539 703 613 στρωννύων
743 541 911 614 αὐτὴν
940 547 1019 608 είς
1051 543 1162 617 (51)
1192 544 1388 610 πεδίον,
1444 545 1540 598 καί
1579 542 1708 595 ποτὲ

1811 559 1932 598 sum
1964 545 2292 623 facientibus
2319 551 2391 607 sit
2416 552 2485 607 ad
2514 551 2912 623 navigationem
2935 553 3134 614 facilis.
3185 554 3238 608 in
3289 555 3366 609 lc-

145 636 246 706 μέν
279 636 548 705 ἐκμαίνων
579 636 825 707 χειμῶνι,
861 636 990 689 ποτὲ
1011 638 1068 690 δὲ
1096 640 1350 709 πραΰνων
1382 639 1608 712 γαλήνῃ,
1636 641 1713 701 ὼς

140 727 486 798 ναυσιπόροις
524 729 834 799 πλωτῆρσιν
873 727 1090 782 εῦκολον
1123 725 1261 782 εἶναι
1295 729 1431 802 πρὸς
1464 730 1708 802 πορείαν

136 818 168 869 ὁ
208 822 468 890 ποταμοῖς
506 818 771 884 διαζώσας
807 820 897 873 τὸν
947 821 1054 874 ἀπὸ
1091 820 1186 874 σοῦ
1224 821 1311 875 διὰ
1349 822 1581 892 Χριστοῦ
1619 838 1712 890 γε-

136 910 358 980 νόμενον
409 911 649 981 κόσμον,
707 912 800 965 καὶ
853 913 1172 985 χειμάρροις
1226 913 1556 978 ἐπικλύσας,
1614 916 1708 967 καὶ

136 1001 342 1069 πηγαῖς
370 1000 612 1063 ἀεννάοις
647 1001 902 1072 μεθύσας,
929 1003 1080 1074 ίΒρεσι
1124 1004 1181 1056 δὲ
1237 1005 1598 1075 περισφίγξας
1625 1009 1705 1070 είς

136 1093 297 1163 ῑδραν
330 1096 539 1166 ἀτρεμῆ
594 1096 698 1167 γῆς
726 1097 1156 1170 ἀσφαλεστάτην.
1201 1099 1551 1172 Ἐπλήρωσας
1595 1104 1704 1176 γάρ

136 1204 234 1240 σου
266 1190 355 1242 τὸν
386 1191 611 1262 κόσμον,
644 1192 737 1245 καὶ
764 1191 1129 1268 διεκόσμησας
1157 1197 1317 1249 αὑτὸν
1347 1198 1596 1268 βοτάναις
1623 1198 1704 1251 εύ-

135 1283 322 1353 όσμοις
353 1287 444 1338 καὶ
473 1287 726 1357 ίασίμοις·
787 1289 944 1354 ζώοις
989 1291 1201 1356 πολλοῖς
1257 1294 1351 1346 καὶ
1405 1293 1699 1364 διαφόροις,

132 1375 387 1447 ἀλκίμοις
415 1377 952 1453 καὶάσθενεστέροις,
1004 1387 1286 1456 ἐδωδίμοις
1315 1389 1408 1439 καὶ
1437 1389 1698 1458 ἐνεργοῖς,

126 1470 358 1540 ἡμέροις
386 1475 477 1526 καὶ
505 1475 833 1539 ἀτιθάσσοις’
867 1479 1107 1550 ἑρπετῶν
1146 1484 1448 1552 σῦριγμοῖς,
1484 1483 1701 1552 πτηνῶν

125 1566 387 1619 ποικίλων
417 1566 698 1636 κλαγγαῖς·
758 1571 1018 1624 ἐνιαυτῶν
1075 1573 1312 1635 κύκλοις,
1378 1574 1559 1644 μηνῶν
1607 1574 1701 1627 καὶ

124 1659 351 1730 ἡμερῶν
380 1661 649 1732 ἀριθμοῖς,
680 1664 897 1734 τροπῶν
940 1665 1146 1729 τάξεσι⁸
1206 1665 1384 1735 νεφῶν
1438 1666 1700 1740 ὀμϐροτό-

124 1770 242 1805 κων
269 1754 599 1826 διαδρομαῖς,
631 1758 710 1820 εἰς
739 1758 964 1828 καρπῶν
1018 1757 1199 1826 γονὰς,
1259 1758 1353 1812 καὶ
1397 1757 1549 1823 ζώων
1606 1758 1698 1812 σύ-

1807 638 2029 694 nitatem
2059 643 2372 699 serenitatis
2401 645 2556 701 ducis
2586 664 2600 700 :
2630 647 2722 716 qui
2758 649 3018 702 mundum
3066 655 3307 702 creatum
3339 659 3369 699 a

1807 737 1860 784 te
1884 745 1979 801 per
2005 729 2307 799 Christum,
2341 733 2519 790 ﬂuviis
2556 735 2801 800 cinxisti,
2852 738 3191 792 torrentibus
3241 751 3368 804 pro-

1807 822 1979 888 lulsti,
2009 826 2340 895 perennibus
2372 825 2613 882 fontibus
2644 827 2953 898 perfudisti,
2980 836 3053 890 et,
3100 826 3166 880 ad
3209 833 3368 880 terrae

1805 914 2188 971 inconcussam
2213 932 2277 971 ac
2309 918 2674 974 firmissimam
2705 919 2908 982 sedem,
2942 918 3215 972 montibus
3232 931 3366 970 con-

1805 1007 2416 1078 strinxisti.lmplevisti
2457 1011 2718 1064 mundum
2773 1019 2923 1064 tuum
2974 1025 3038 1063 ac
3090 1005 3364 1063 exornain

1805 1095 1991 1152 herbis
2012 1097 2260 1154 odoratis
2289 1109 2342 1154 et
2377 1101 2716 1167 salubribus;
2743 1102 2925 1156 multis
2950 1100 3224 1170 variisque
3248 1099 3365 1152 ani-

1802 1189 2101 1254 mantibus,
2135 1192 2380 1249 robustis
2418 1208 2481 1247 ac
2527 1193 2941 1257 infirmioribus,
2974 1191 3271 1247 esculentis
3303 1205 3368 1244 ac

1802 1273 2089 1353 operariis,
2115 1287 2389 1361 cicuribus
2425 1303 2487 1342 ac
2512 1286 2671 1354 feris;
2702 1296 2753 1341 et
2794 1293 3110 1357 serpentum
3165 1285 3364 1349 sibilis,

1803 1386 1965 1448 atque
1989 1380 2325 1435 diversarum
2351 1383 2631 1435 volucrum
2680 1381 3060 1450 clangoribus;
3098 1392 3366 1433 annorum

1801 1470 2046 1534 circulis,
2091 1473 2360 1528 mensium
2398 1487 2462 1527 ac
2501 1473 2711 1528 dierum
2756 1472 3020 1534 numeris,
3070 1476 3365 1539 tempesta-

1801 1569 1915 1615 tum
1973 1563 2146 1630 serie;
2195 1564 2421 1619 nubium
2503 1565 2704 1619 imbres
2759 1563 3161 1634 procreantium
3194 1561 3368 1616 cursi-

1801 1654 1926 1719 bus,
1964 1656 2031 1709 ad
2065 1655 2338 1712 fructuum
2381 1657 2526 1712 fetus
2551 1698 2566 1720 ,
2612 1656 2679 1710 ad
2721 1656 3036 1710 animalium
3071 1667 3365 1709 conserva-

1801 1747 2025 1811 tionem,
2053 1737 2434 1804 libramentum
2471 1757 2756 1804 ventorum
2785 1746 3026 1801 ﬂantium
3069 1762 3192 1803 cum
3236 1760 3265 1798 a
3311 1751 3366 1798 te

125 1865 358 1912 στασιν,
416 1849 652 1919 σταθμὸν
708 1848 924 1920 ἀνέμων
977 1849 1337 1904 διαπνεόντων
1388 1853 1476 1904 ὅτε
1526 1870 1696 1924 προσ-

1796 1840 2060 1909 jubentur
2094 1842 2162 1905 θ’,
2191 1841 2595 1898 multitudinem
2641 1842 2890 1911 stirpium
2940 1856 3002 1894 ac
3049 1839 3362 1894 herbarum.

119 1941 365 2011 ταχθῶσι
396 1943 546 2014 παρά
580 1943 693 2005 σοῦ,
724 1943 832 1996 τῶν
863 1943 1046 2013 φυτῶν
1076 1945 1167 1998 καὶ
1203 1944 1311 1997 τῶν
1345 1944 1582 2015 βοτανῶν
1635 1944 1697 1998 τὸ

121 2034 348 2104 πλῆθος.
405 2037 514 2088 Καὶ
542 2036 601 2088 ού
644 2037 802 2107 μόνον
856 2037 948 2089 τὸν
987 2037 1189 2107 κόσμον
1237 2037 1692 2108 ἐδημιούργησας

120 2126 261 2178 ἀλλά
290 2127 383 2180 καί¹
427 2127 518 2179 τὸν
573 2128 970 2199 κοσμοπολίτην
1021 2129 1305 2200 ἄνθρωπον
1358 2130 1415 2181 ἐν
1465 2129 1614 2199 αύτῴ
1642 2133 1698 2182 ἐ-

122 2218 376 2288 ποίησας,
408 2219 610 2290 κόσμου
641 2220 842 2290 κόσμον
874 2220 1032 2273 αὐτὸν
1065 2221 1175 2292 (52)
1196 2222 1496 2289 ἀναδείξας.
1517 2215 1697 2286 Εἷπας

117 2310 234 2381 γάρ
261 2313 326 2381 τῇ
359 2314 422 2380 σῇ
452 2312 639 2381 Σοφίᾳ·
671 2332 688 2362 ι
727 2314 1050 2384 Ποιήσωμεν
1079 2314 1364 2386 ἄνθρωπον
1403 2317 1520 2367 κατ’
1553 2315 1697 2367 είκὸ-

121 2419 190 2455 να
239 2404 532 2474 ἡμετέραν,
573 2405 667 2457 καὶ
722 2404 842 2457 καθ’
897 2404 1174 2476 ὁμοίωσιν*
1232 2407 1325 2458 καὶ
1380 2406 1694 2477 ἀρχέτωσαν

115 2495 232 2548 τῶν
263 2496 458 2564 ἰχθύων
490 2498 588 2567 τῆς
641 2497 934 2568 Θαλάσσης,
984 2499 1076 2551 καὶ
1125 2498 1231 2551 τῶν
1289 2497 1547 2550 πετεινῶν
1599 2497 1693 2551 τοῦ

115 2587 372 2658 ούρανοῦ.
405 2607 422 2638 ι
458 2589 547 2640 Διὸ
574 2589 665 2641 καὶ
697 2589 1004 2661 πεποίηκας
1032 2572 1193 2644 αὐτόν
1222 2590 1286 2643 ἐκ
1331 2585 1506 2659 ψυχῆς
1561 2589 1694 2641 ἀθα-

115 2682 283 2733 νάτου
339 2682 433 2734 καὶ
477 2680 725 2753 σώματος
783 2683 1095 2735 σκεδαστοῦ·
1129 2683 1226 2754 τῆς
1274 2682 1371 2752 μὲν
1400 2683 1463 2734 ἐκ
1490 2680 1583 2734 τοῦ
1617 2683 1691 2754 μὴ

115 2774 292 2836 ὄντος,
326 2774 416 2826 τοῦ
446 2774 502 2826 δὲ
532 2776 594 2826 ἐκ
621 2773 729 2826 τῶν
781 2775 1062 2846 τεσσάρων
1119 2774 1414 2844 στοιχείων·
1461 2775 1555 2828 καὶ
1608 2775 1693 2828 δέ-

113 2865 302 2927 δωκας
351 2864 536 2931 αὐτῷ,
596 2865 734 2918 κατά
793 2865 890 2936 μέν
938 2867 1037 2936 τὴν
1093 2867 1308 2938 ψυχὴν,
1383 2867 1480 2937 τὴν
1543 2867 1691 2935 λογι-

115 2958 225 3028 κὴν
254 2957 578 3024 διάγνωσιν,
626 2957 904 3021 εὐσεϐείας
949 2958 1042 3012 καὶ
1095 2959 1346 3022 ἀσεϐείας
1395 2960 1688 3030 διάκρισιν,

113 3049 326 3102 δικαίου
356 3051 449 3104 καὶ
478 3051 658 3104 ἀδίκου
714 3053 1120 3122 παρατήρησιν
1167 3051 1307 3104 κατά
1333 3052 1387 3104 δὲ
1422 3051 1484 3104 zz.
1532 3051 1689 3122 σῶμα

111 3143 222 3214 τὴν
274 3142 564 3195 πένταθλον
621 3142 859 3212 ἐχαρίσω
902 3142 1169 3212 αἴσθησιν,
1223 3143 1315 3195 καὶ
1369 3143 1469 3214 τὴν
1525 3160 1688 3213 μετα-

1798 1929 1984 2001 Neque
2013 1932 2191 1986 solum
2222 1931 2516 1986 condidisti
2543 1932 2830 1995 mundum,
2859 1930 2952 1988 sed
3001 1943 3054 1985 et
3113 1929 3168 1982 in
3225 1929 3365 1998 ipso,

1798 2024 1983 2077 mundi
2025 2024 2200 2078 civem
2253 2023 2530 2079 hominem
2584 2023 2832 2087 effecisti,
2889 2037 2954 2077 ac
3003 2037 3127 2077 eum
3177 2019 3367 2075 mundi

1796 2117 2082 2180 mundum,
2137 2132 2232 2170 seu
2281 2123 2510 2172 ornatus
2553 2123 2804 2170 ornatum
2872 2112 3229 2169 constituisti.
3274 2111 3368 2164 Dio

1795 2206 1921 2261 xisti
1954 2207 2098 2261 enim
2124 2206 2415 2278 Sapientia:
2446 2216 2551 2261 tua:
2591 2226 2604 2260 :
2635 2227 2651 2259 ι
2684 2200 2971 2262 Faciamus
3003 2205 3275 2259 hominem
3301 2201 3368 2255 ad

1795 2293 2083 2364 imaginem
2108 2303 2374 2361 nostram,
2411 2304 2465 2351 et
2508 2295 2574 2350 ad
2610 2295 3022 2351 similitudinem
3058 2312 3070 2348 :
3112 2301 3164 2348 et
3195 2291 3368 2346 domi-

1794 2398 1995 2442 nentur
2011 2390 2256 2458 piscibus
2271 2390 2463 2454 maris,
2482 2398 2535 2444 et
2551 2389 2865 2444 volatilibus
2880 2388 3004 2442 cmli
3023 2386 3092 2441 ”.
3121 2406 3139 2438 ι
3160 2387 3205 2417 ’δ
3221 2385 3368 2440 Ideo-

1799 2496 1906 2550 que
1930 2481 2103 2536 fecisti
2137 2499 2260 2538 eum
2292 2499 2359 2538 ex
2394 2483 2574 2537 anima
2603 2482 2897 2536 immortali
2928 2489 2980 2536 et
3013 2495 3239 2550 corpore
3261 2479 3369 2535 dis-

1793 2573 2031 2644 sipahili;
2066 2575 2157 2628 illa
2187 2575 2404 2645 quidem
2447 2591 2513 2630 ex
2546 2576 2717 2629 nihilo
2747 2574 2959 2638 ellecta,
2991 2573 3094 2628 hoc
3134 2588 3264 2629 vero
3293 2589 3360 2629 ex

1791 2674 2027 2736 quatuor
2054 2668 2361 2730 elementis,
2396 2674 2450 2723 et
2476 2666 2673 2722 dedisti
2705 2667 2775 2730 ei,
2809 2667 2862 2720 in
2909 2666 3089 2720 anima
3145 2665 3363 2735 quidem

1792 2759 2111 2813 rationalem
2174 2758 2639 2829 dijudicationem,
2691 2757 2911 2829 pietatis
2955 2773 3016 2813 ac
3067 2757 3364 2828 impietatis

1791 2849 2199 2913 discretionem,
2227 2850 2362 2919 justi
2386 2866 2449 2904 ac
2481 2850 2670 2919 injusti
2706 2850 3257 2916 animadversionem;
3304 2849 3360 2903 in

1790 2956 2019 3011 corpore
2047 2949 2229 2997 autem
2258 2943 2472 2997 donasti
2517 2943 2926 3014 quinquertium
2960 2959 3220 2998 sensuum
3279 2954 3366 2996 at-

1788 3049 1894 3104 que
1930 3043 2133 3088 motum
2171 3036 2599 3106 progressivum.
2639 3034 2722 3090 Tu
2762 3051 3018 3105 namque,
3064 3034 3206 3090 Deus
3247 3049 3364 3090 om-

1791 3126 2080 3194 nipotens,
2135 3142 2232 3196 per
2281 3128 2598 3193 Christum,
2638 3128 2695 3183 in
2757 3129 2938 3184 Edene
2981 3127 3046 3182 ad
3097 3131 3362 3183 orientem

112 3235 350 3307 6ατικὴν
409 3235 638 3304 κίνησιν.
693 3232 765 3287 Σὺ
812 3235 948 3305 γὰρ,
999 3234 1098 3287 Θεέ
1148 3235 1552 3306 παντόκρατορ,
1600 3232 1688 3288 διὰ

1792 3219 2046 3287 plantasti
2084 3219 2397 3290 paradisum
2418 3220 2486 3286 ",
2518 3225 2666 3277 omni
2715 3238 2912 3293 genere
2955 3222 3360 3278 esculentarum

112 3327 354 3400 Χριστοῦ
388 3327 710 3399 παράδεισον
739 3327 797 3379 ἐν
831 3327 987 3398 Ἐδὲμ
1017 3328 1154 3380 κατά
1183 3328 1441 3392 ἀνατολὰς
1470 3327 1687 3397 ἐφύτευ-

113 3437 240 3483 σας,
284 3420 549 3472 παντοίων
591 3419 862 3489 ἐδωδίμων
911 3419 1122 3490 κόσμῳ,
1165 3421 1259 3473 καὶ
1312 3422 1370 3473 ἐν
1418 3420 1566 3492 αὐτῷ
1609 3420 1687 3484 ὡς

109 3513 182 3567 ἂν
232 3514 288 3566 ἐν
337 3513 489 3583 ἑστίᾳ.
543 3512 821 3564 πολυτελεῖ
875 3514 1164 3583 εἰσήγαγες
1211 3511 1389 3565 αὑτόν·
1446 3514 1551 3569 κάν
1607 3512 1686 3585 τῷ

106 3607 288 3657 ποιεῖν
316 3605 478 3676 νόμον
514 3603 750 3666 δέδωκας
790 3604 939 3675 αὐτῷ
984 3604 1243 3674 ἔμφυτον,
1281 3604 1428 3668 ὅπως
1476 3605 1684 3658 οἴκοθεν

105 3698 206 3750 καὶ
237 3699 362 3766 παρ’
394 3695 584 3749 ἐαυτοῦ
619 3695 730 3766 ἔχοι
758 3696 826 3748 τά
870 3696 1159 3768 σπέρματα
1204 3698 1302 3768 τῆς
1336 3697 1678 3766 θεογνωσίας.

101 3787 431 3856 Εἰσαγαγὼν
460 3788 516 3841 δέ
547 3790 624 3851 εἰς
658 3790 749 3842 τὸν
779 3789 877 3859 τῆς
914 3789 1122 3860 τρυφῆς
1160 3789 1510 3860 παράδεισον,
1542 3790 1681 3843 πάν-

97 3896 216 3933 των
258 3882 354 3950 μὲν
397 3881 603 3952 ἀνῆκας
640 3881 788 3951 αὐτῷ
831 3882 930 3953 τὴν
969 3863 1212 3945 ἐξουσίαν
1255 3882 1393 3953 πρὸς
1441 3882 1679 3953 μετάλη-

95 3970 223 4040 ψιν,
255 3972 373 4033 ἐνὸς
408 3973 464 4026 δὲ
503 3972 664 4044 μόνου
701 3973 800 4044 τὴν
850 3972 1037 4042 γεῦσιν
1077 3974 1317 4037 ἀπεῖπας
1365 3974 1452 4026 ἐπ’
1506 3973 1680 4028 ἐλπίδι

96 4063 466 4135 κρειττόνων,
512 4065 620 4130 ἵνα,
647 4065 740 4118 ἐὰν
793 4065 999 4137 φυλάξῃ
1045 4066 1144 4136 τὴν
1188 4065 1437 4136 ἐντολὴν,
1484 4065 1679 4136 μισθὸν

95 4155 310 4224 ταύτης
357 4157 456 4229 τὴν
495 4156 790 4210 ἀθανασίαν
839 4157 1147 4228 κομίσηται.
1205 4158 1573 4229 Ἀμελήσαντα
1621 4157 1678 4210 δὲ

92 4248 205 4318 τῆς
239 4247 475 4319 ἐντολῆς,
501 4247 594 4301 καὶ
624 4248 954 4320 γευσάμενον
983 4250 1428 4321 ἀπηγορευμένον
1460 4249 1675 4323 καρποῦ

89 4339 286 4411 ἀπάτῃ
333 4340 508 4409 ὄφεως
540 4343 632 4395 καὶ
663 4343 958 4414 συμϐουλία
1002 4345 1279 4413 γυναικὸς,
1311 4343 1405 4398 τοῦ
1445 4347 1541 4416 μὲν
1571 4364 1676 4399 πα-

93 4433 348 4504 ραδείσου
373 4433 595 4498 δικαίως
621 4434 825 4499 ἐξωσας
855 4436 1036 4500 αὑτὸν,
1073 4436 1368 4509 ἀγαθὸτητι
1398 4437 1462 4490 ’δὲ
1505 4440 1586 4502 εἰς
1612 4439 1674 4491 τὺ

1789 3311 2102 3381 plantarum
2146 3322 2431 3380 ornatum,
2469 3322 2523 3370 et
2557 3317 2610 3370 in
2640 3331 2762 3372 eum
2793 3324 3050 3386 tanquam
3087 3317 3141 3370 in
3172 3316 3363 3385 epipa-

1787 3419 1905 3459 ram
1949 3406 2169 3460 domum
2205 3406 2467 3462 induxisti
2503 3408 2804 3476 hominem;
2848 3425 3036 3479 quem,
3070 3424 3193 3463 cum
3243 3409 3360 3464 elli-

1786 3514 1963 3564 ceres,
2008 3500 2126 3570 lege
2182 3502 2422 3556 naturali
2453 3516 2516 3557 ac
2561 3503 2724 3557 insita
2773 3502 3013 3567 donasti,
3055 3518 3163 3573 quo
3210 3502 3358 3558 intus

1785 3607 1849 3648 ac
1876 3609 1942 3648 ex
1975 3609 2034 3649 se
2078 3595 2302 3651 haberet
2333 3595 2662 3668 cognitionis
2693 3596 2787 3651 Dei
2831 3597 3061 3652 semina.
3092 3596 3356 3653 Introdu-

1783 3703 1913 3743 cens
1946 3696 2127 3744 autem
2155 3706 2281 3745 eum
2311 3690 2366 3744 in
2397 3690 2711 3761 paradisum
2738 3685 3080 3757 deliciarum,
3115 3700 3356 3762 potesta-

1781 3794 1891 3841 tem
1919 3785 2139 3856 quidem
2170 3785 2414 3841 omnium
2441 3784 2510 3838 ad
2543 3785 2980 3855 participandum
3007 3787 3350 3852 concessisti,

1782 3878 1946 3932 unius
1980 3894 2111 3932 vero
2142 3878 2314 3934 solius
2351 3885 2625 3948 gustatum
2659 3877 2715 3931 in
2749 3893 2899 3948 spem
2948 3877 3234 3932 meliorum
3265 3893 3351 3933 re-

1779 3986 1900 4025 rum
1928 3970 2282 4035 interdixisti,
2314 3978 2375 4024 ut
2405 3970 2451 4026 si
2484 3968 2801 4024 mandatum
2846 3969 3168 4032 custodiret,
3202 3970 3349 4026 illius

1779 4064 1979 4119 servati
2015 4064 2319 4119 mercedem
2355 4062 2521 4120 ferret
2560 4063 3043 4117 immortalitatem.
3075 4061 3213 4117 Cum
3253 4077 3353 4116 au-

1778 4164 1885 4212 tem
1920 4157 2236 4212 mandatum
2267 4157 2527 4228 neglexit,
2571 4165 2626 4211 et
2665 4155 2860 4212 fraude
2888 4157 3180 4226 serpentis,
3225 4172 3347 4210 mu-

1775 4249 2036 4321 lierisque
2066 4251 2318 4314 consilio,
2348 4251 2591 4321 gustavit
2620 4249 2954 4319 prohibitum
2983 4247 3246 4314 (ructum;
3280 4263 3346 4302 ex

1775 4343 2029 4414 paradiso
2056 4343 2281 4414 quidem
2321 4343 2472 4413 juste
2523 4343 2676 4396 illum
2707 4341 2966 4412 expulisti
2991 4341 3058 4405 ",
3103 4340 3347 4396 bonitate

1772 4431 1902 4491 vero
1929 4443 2044 4497 tua,
2078 4434 2330 4492 funditus
2360 4442 2679 4506 pereuntem
2710 4450 2820 4491 non
2861 4432 3158 4503 despexisti
3183 4452 3197 4488 :
3228 4441 3345 4487 erat

87 4525 357 4619 παντελὲς
384 4527 748 4618 ἀπολλύμενον
775 4529 873 4599 οὐχ
903 4530 1197 4601 ὑπερεῖδες
1234 4529 1322 4584 σὺν
1350 4531 1456 4603 γάρ
1483 4528 1552 4603 ἧν
1577 4531 1669 4602 δη·
1698 4563 1712 4619 1

1792 4530 1917 4583 :nim
1943 4527 2224 4598 opiﬁcium
2250 4536 2438 4594 tuum;
2464 4525 2559 4582 sed
2588 4525 2682 4596 qui
2712 4525 2761 4581 ei
2790 4525 3104 4596 subjeceras
3127 4534 3343 4580 creatu-

89 4616 434 4689 μιούργημα·
479 4615 613 4674 ἀλλά
652 4621 1026 4686 καθυποτάξας
1049 4622 1196 4699 αὐτῷ
1228 4622 1329 4694 τὴν
1359 4624 1551 4688 κτίσιν,
1584 4625 1669 4678 δέ-
1698 4615 1712 4619 “

1792 4635 1919 4684 'am,
1962 4619 2161 4675 dedisti
2210 4619 2268 4674 tit
2315 4620 2432 4674 suis
2485 4615 2780 4674 sudoribus
2815 4632 2878 4672 ac
2926 4617 3204 4673 laboribus
3234 4617 3339 4672 sibi

81 4710 273 4773 δωκας
303 4713 448 4784 αὐτῷ
474 4713 691 4776 οἰκείοις
727 4714 911 4786 ίδρῶσι
941 4717 1035 4768 καὶ
1062 4716 1242 4779 πόνοις
1269 4716 1510 4788 πορίζειν
1539 4721 1668 4772 ἐαυ-

1792 4721 1987 4768 ιοταιει
2013 4713 2248 4780 victum,
2294 4722 2348 4768 te
2391 4713 2573 4769 omnia
2607 4711 2962 4783 producente,
3013 4717 3244 4780 augente
3275 4725 3339 4764 ac

76 4803 167 4874 τῷ
216 4802 315 4874 τὴν
360 4805 584 4876 τροφὴν,
625 4805 717 4858 σοῦ
763 4807 940 4861 πάντα
995 4807 1219 4877 φύοντος
1271 4809 1366 4864 καὶ
1414 4808 1666 4875 αὔξοντος

1792 4812 2114 4860 naturante:
2147 4814 2309 4876 atque
2349 4818 2472 4859 eum
2516 4805 2667 4878 brevi
2702 4819 2894 4860 somno
2927 4804 3202 4868 affectum,
3240 4820 3338 4874 per

79 4895 186 4950 καὶ
231 4897 600 4962 πεπαίνοντοςυ
632 4900 807 4971 χρόνῳ
845 4900 902 4954 δὲ
942 4900 1079 4973 πρὸς
1116 4901 1294 4970 ὀλίγον
1340 4903 1500 4956 αὐτὸν
1551 4896 1666 4955 κοι-

1792 4897 2145 4967 usjurandum
2186 4897 2252 4952 ad
2293 4889 2762 4968 regenerationem
2814 4897 3059 4963 vocasti;
3115 4896 3335 4950 decreto

82 4987 276 5058 μίσας,
309 4989 456 5060 ὅρκῳ
504 4993 583 5054 είς
619 4991 1034 5061 παλιγγενεσίαν
1077 4993 1357 5058 ἐκάλεσας⁸
1398 4994 1523 5065 ὅρον
1562 4994 1658 5048 θα-

1792 4991 1960 5046 nortis
1990 4991 2193 5054 soluto,
2221 4991 2386 5044 vitam
2411 5005 2478 5045 ex
2511 4990 2912 5046 resurrectione
2940 4989 3241 5060 promisisti
3263 4990 3329 5046 θ’.

77 5079 247 5134 νάτου
291 5080 477 5146 λύσας,
518 5081 662 5155 ζωὴν
687 5084 748 5149 ἐξ
787 5086 1136 5150 ἀναστάσεως
1185 5085 1519 5158 ἐπηγγείλωο
1571 5089 1664 5151 καὶ

1792 5085 1952 5155 leque
1978 5085 2081 5140 hoc
2108 5085 2318 5151 solum;
2352 5099 2543 5158 verum
2573 5084 2737 5138 etiam
2766 5099 2832 5139 ex
2869 5084 3102 5154 posteris
3134 5083 3274 5152 ejus,
3300 5098 3330 5137 a

74 5174 142 5226 ού
174 5174 335 5226 τοῦτο
368 5176 547 5245 μόνον,
577 5177 712 5231 ἀλλά
742 5179 837 5232 καὶ
868 5181 995 5242 τοὺς
1031 5179 1091 5243 ἐξ
1125 5177 1290 5232 αὑτοῦ
1334 5182 1414 5242 εἰς
1454 5179 1661 5252 πλῆθος

1792 5195 1815 5234 e
1844 5180 1898 5232 in
1933 5178 2333 5233 multitudinem
2362 5177 2814 5246 innumerabilem
2862 5176 3071 5242 effusis,
3099 5192 3195 5232 eos
3234 5177 3327 5246 qui

70 5265 387 5338 ἀνάριθμον
593 5271 750 5342 χέας,
791 5272 918 5335 τοὺς
954 5270 1316 5342 ὲμμείναντάς
1362 5287 1442 5324 σοι
1480 5270 1661 5337 ἐδόξα-

1792 5273 1863 5328 ibi
1893 5271 2262 5336 adhaeserunt,
2291 5271 2630 5343 gloriﬁcasti,
2662 5285 2758 5326 eos
2785 5287 2914 5326 vero
2943 5272 3035 5341 qui
3079 5285 3108 5325 a
3147 5277 3202 5325 te
3231 5269 3327 5324 deo

820 5410 868 5442 ”
905 5409 1038 5466 Gen.
1062 5424 1100 5473 1,
1131 5407 1221 5463 26.
1346 5409 1395 5442 ’δ
1432 5412 1712 5473 pseudo-la

1798 5422 1837 5468 t.
1869 5451 1886 5473 ,
1940 5413 2007 5468 ad
2071 5411 2354 5467 Herem}.
2485 5411 2530 5443 "
2567 5409 2700 5467 Gen.
2756 5426 2816 5469 ιι.
2965 5409 3010 5442 ⁹⁶
3049 5406 3184 5464 Gen.
3237 5423 3320 5465 ιιι.

149 5405 200 5439 ’⁸
236 5404 338 5462 Job
386 5423 576 5474 xxvnl,
628 5408 720 5463 25.
820 5410 868 5442 ”
905 5409 1038 5466 Gen.
1062 5424 1100 5473 1,
1131 5407 1221 5463 26.
1346 5409 1395 5442 ’δ
1432 5412 1712 5474 pseudo-lg

1798 5422 1837 5468 t.
1869 5451 1886 5474 ,
1940 5413 2007 5468 ad
2071 5411 2354 5467 Herem}.
2485 5411 2530 5443 "
2567 5409 2700 5467 Gen.
2756 5426 2816 5469 ιι.

1346 5409 1395 5442 ’⁸
1431 5412 1837 5485 pseudo-lgnat.
1869 5451 1886 5482 ,
1940 5413 2007 5468 ad
2071 5411 2273 5467 Heron.
2302 5413 2354 5466 4.

67 5477 116 5509 ’τ
165 5475 336 5532 Hebr.
376 5491 448 5533 vr.

1378 5631 1744 5689 VARIORUM
1782 5633 2014 5692 NOTIE.

151 5787 266 5859 (51)
299 5793 422 5857 Εἰς.
456 5794 716 5859 Quamvis
745 5797 969 5853 minime
997 5796 1180 5868 inepta
1210 5797 1281 5852 sit
1315 5797 1428 5854 haec
1462 5798 1644 5860 lectio,
1819 5799 1930 5868 (52)
1971 5799 2184 5853 Αὐτόν.
2217 5797 2496 5854 Omittitur
2517 5800 2572 5854 in
2621 5799 2742 5855 cod.
2776 5797 3033 5862 Vindob.,
3064 5798 3158 5853 sed
3197 5803 3321 5859 Per-

69 5867 320 5938 ?ttamen
367 5879 706 5934 nequaquam
756 5869 1061 5938 spernenda
1124 5879 1206 5923 est
1257 5868 1376 5924 cod.
1411 5868 1645 5925 Vindob.
1747 5870 1874 5925 inde
1911 5878 2016 5924 est.
2047 5867 2123 5924 In.

69 5928 250 5985 lectio
279 5931 371 5996 ὡς,
409 5928 642 5989 sternens
674 5947 730 5989 ut
759 5928 1053 6007 planitiem.
1090 5941 1256 5997 Cum.

1821 5940 1934 6008 (55)
1985 5939 2353 6010 Ἀνὰριθμον.
2387 5939 2546 5997 Vind.
2572 5943 2694 5999 (od.
2721 5940 3102 6012 ἀναρίθμητον.
3137 5942 3187 5987 In

274 6027 544 6092 ΡΑτιιοι..
591 6030 702 6091 Gn.
739 6032 785 6092 Ι.

2893 6038 2960 6095 3:.
