4066 6334
637 554 913 613 fecerunt,
949 543 1239 618 punivisti;
1284 538 1524 596 admisso
1548 533 1767 605 quidem
1798 528 1985 584 Abelis
2026 523 2197 581 sacri-
2226 526 2272 582 Α

639 647 784 709 flcio,
819 652 877 699 ut
906 639 1212 695 innocentis
1233 636 1310 702 ⁹⁸;
1344 628 1638 687 fratricida;
1676 632 1855 680 autem
1890 620 2045 676 Caini
2075 632 2196 672 mu-

638 756 789 803 nere,
833 745 893 793 ut
934 729 1262 793 detestandi,
1295 723 1557 781 fastidito.
1599 719 1666 774 Et
1713 716 1781 771 ad
1824 715 1939 770 haec
1971 711 2196 767 Setbum

637 848 703 889 ac
746 830 984 886 Enosum
1016 821 1333 893 suscepisti,
1380 824 1543 886 atque
1593 808 1909 867 Henochum
1954 813 2199 860 transtu-

636 924 751 981 listi
775 922 845 978 ".
875 918 959 975 Tu
992 919 1136 975 enim
1164 930 1225 971 es
1256 909 1433 982 opifex
1468 905 1769 965 hominum,
1793 901 1919 955 vitae
1947 898 2194 966 largitor,

636 1013 950 1085 indigentia:
985 1008 1257 1079 expletor;
1302 1004 1480 1072 legum
1524 997 1699 1058 dator,
1742 1007 1943 1064 easque
1973 1003 2197 1045 servan-

636 1082 781 1163 tiunt
823 1108 1221 1164 remunerator,
1270 1092 1783 1166 transgredientium
1836 1084 2057 1141 vindex.
2091 1082 2196 1149 Qui

635 1199 900 1256 diluvium
948 1197 1139 1267 ingens
1181 1190 1386 1263 mundo
1446 1195 1662 1259 propter
1701 1182 1864 1252 impie
1898 1177 2197 1233 viventium

638 1289 1038 1347 multitudinem
1056 1282 1308 1347 intulisti,
1330 1288 1458 1336 eteo
1480 1296 1545 1334 ex
1559 1275 1763 1331 diluvio
1788 1273 1841 1328 in
1859 1286 1983 1325 arca
2003 1268 2199 1338 eripui-

636 1382 704 1440 sti
734 1395 843 1436 una
888 1393 1012 1434 cum
1038 1385 1162 1432 octo
1184 1373 1469 1429 animabus
1493 1370 1702 1441 justum
1724 1365 1895 1420 Noam
1922 1362 2011 1427 η’,
2036 1360 2197 1416 ﬁnem

633 1474 851 1547 quidem
906 1484 1097 1528 eorum
1147 1468 1240 1539 qui
1290 1465 1695 1537 praeterieram,
1748 1456 2013 1528 originem
2070 1468 2197 1508 vero

634 1546 1105 1623 successurorum.
1151 1560 1254 1627 Qui
1299 1555 1631 1612 horrendum
1693 1552 1873 1621 ignem
1935 1546 2197 1601 adilersus

635 1655 1045 1723 Sodomitanam
1094 1650 1425 1721 pentapolim
1492 1644 1780 1702 concitasti
1806 1644 1846 1721 ',
1888 1650 1943 1696 et
1994 1648 2197 1695 terram

635 1748 951 1819 frugiferam
980 1745 1035 1799 in
1059 1742 1386 1812 salsuginem
1412 1741 1454 1802 ',
1482 1744 1704 1808 propter
1733 1733 2028 1805 nequitiam
2050 1731 2198 1787 illius

634 1840 961 1900 incolarum,
1015 1833 1292 1905 redegisti,
1337 1846 1402 1885 ac
1451 1837 1698 1885 sanctum
1751 1826 1947 1880 Lotum
1993 1840 2061 1880 ex
2112 1823 2199 1877 in-

633 1930 830 1987 eendio
872 1928 1063 1983 eruisti
1087 1926 1127 1981 ⁸.
1159 1923 1241 1980 Tu
1286 1939 1346 1980 es
1390 1923 1482 1993 qui
1535 1919 1907 1975 Abrahamum
1955 1916 2195 1971 liberasti

634 2021 779 2075 avita
828 2020 1122 2090 impietate,
1163 2025 1219 2073 et
1266 2015 1455 2072 mundi
1507 2011 1776 2068 haeredem
1826 2007 2192 2071 constituisti,

634 2114 851 2185 ipsique
878 2111 1157 2168 Christum
1192 2119 1343 2164 tuum
1395 2120 1656 2178 apparere
1684 2103 1886 2160 fecisti.
1917 2100 2021 2169 Qui
2067 2099 2200 2165 Mel:-

632 2206 977 2263 chisedecum
1010 2202 1312 2275 pontificem
1336 2200 1506 2257 divini
1534 2199 1716 2254 cultus
1740 2194 2061 2267 designasti.
2093 2191 2196 2259 Qui

632 2299 804 2353 multa
858 2312 1079 2368 passum
1145 2295 1403 2349 famulum
1452 2300 1605 2347 tuum
1664 2289 1889 2354 Jobum,
1935 2288 2196 2341 victorem

634 2393 928 2463 serpentis,
962 2389 1190 2461 originis
1218 2388 1506 2448 malorum,
1533 2380 1826 2439 declarasti
1850 2381 1891 2434 ‘.
1925 2376 2028 2444 Qui
2058 2375 2201 2430 Isaa-

634 2499 759 2539 cum
810 2481 1038 2539 effecisti
1102 2480 1272 2557 illium
1324 2474 1729 2549 promissionis.
1783 2471 1886 2538 Qui
1934 2468 2197 2525 Jacobum

635 2575 921 2630 duodecim
966 2572 1201 2628 filiorum
1243 2578 1473 2642 patrem,
1520 2567 1748 2637 ejusque
1784 2569 2092 2634 postremos
2142 2558 2200 2613 in

636 2666 1038 2723 multitudinem
1073 2662 1403 2735 prepagasti,
1453 2667 1508 2716 et
1550 2658 1618 2713 ad
1669 2654 1963 2727 Egyptum
2010 2654 2066 2707 in
2113 2667 2202 2709 se-

636 2759 917 2831 ptuaginta
960 2757 1199 2827 quinque
1252 2752 1539 2809 animabus
1601 2746 2016 2804 introduxisti'.
2080 2744 2197 2811 Tu,

637 2850 895 2916 Domine,
940 2866 1048 2905 non
1090 2847 1388 2919 despexisti
1439 2844 1764 2912 Josephum;
1812 2840 1906 2898 sed
1948 2839 2058 2903 illi,
2102 2852 2201 2908 pro

638 2944 888 3000 mercede
940 2943 1211 2998 castitatis
1250 2949 1342 2994 tua
1382 2952 1547 2992 causa
1600 2942 1854 2997 servatae,
1902 2930 2099 2986 dedisti
2144 2936 2202 2983 ut

638 3036 909 3108 Egyptiis
937 3042 1210 3105 praeesset.
1236 3031 1339 3100 Tu,
1371 3028 1619 3091 Domine,
1649 3025 1904 3081 Hebraeos
1936 3025 2004 3077 ab
2033 3021 2204 3093 Egy-

640 3128 770 3199 ptiis
800 3142 1112 3198 oppressos,
1137 3125 1207 3179 ob
1237 3123 1506 3193 promissa
1534 3120 1781 3192 patribus
1816 3134 2003 3173 eorum
2037 3115 2199 3181 facta,

642 3235 749 3274 non
781 3218 1095 3290 neglexisti;
1126 3231 1333 3279 verum,
1360 3212 1625 3285 Egyptiis
1649 3211 1880 3282 punitis,
1907 3209 2198 3263 liberasti'.
2230 3210 2271 3267 C

640 3331 886 3403 Cumque
912 3331 1155 3387 homines
1189 3330 1360 3400 legem
1390 3326 1696 3382 naturalem
1726 3323 2121 3393 corrupissent,
2150 3332 2204 3378 et

642 3433 975 3486 creaturam,
1003 3420 1165 3477 modo
1202 3421 1421 3492 quidem
1447 3419 1725 3474 fortuitam
1778 3417 2199 3482 arbitrarentur,

642 3514 807 3572 modo
834 3524 1012 3569 autem
1054 3515 1339 3584 plusquam
1369 3518 1581 3582 oportet
1613 3510 1968 3573 honorarent,
1999 3524 2061 3563 ac
2102 3509 2202 3562 tibi

644 3608 885 3661 omnium
918 3604 1025 3661 Deo
1056 3612 1458 3676 compararent;
1487 3617 1595 3657 non
1622 3602 1799 3658 sivisti
1826 3616 2013 3655 errore
2040 3600 2198 3667 duci;

644 3702 776 3770 quin
812 3700 990 3769 potius
1035 3698 1182 3753 edito
1225 3706 1414 3753 sancto
1444 3696 1669 3750 famulo
1714 3705 1807 3748 tuo
1858 3693 2060 3765 Moyse,
2108 3709 2204 3762 per

644 3807 769 3847 eum
813 3792 982 3862 legem
1013 3791 1269 3860 scriptam
1313 3791 1367 3843 in
1418 3789 1684 3844 naturalis
1738 3787 2069 3856 adjutorium
2104 3785 2203 3837 tri-

646 3884 892 3951 buisti';
929 3891 983 3939 et
1027 3892 1305 3937 creaturas
1352 3880 1638 3937 ostendisti
1681 3894 1819 3949 Opus
1868 3885 2021 3931 tuum
2058 3892 2200 3938 esse,

638 3990 887 4055 errorem
916 3990 1043 4029 vero
1069 3974 1136 4028 de
1167 3973 1509 4027 multitudine
1539 3972 1783 4036 deorum,
1807 3967 2201 4023 exterminasti.

649 4067 921 4122 Aaronem
963 4074 1017 4121 et
1066 4072 1313 4136 posteros
1349 4066 1468 4132 ejus
1497 4064 1704 4117 honore
1743 4060 2066 4116 sacerdotali
2110 4058 2206 4113 de-

649 4172 850 4226 corasti
876 4190 890 4225 :
925 4169 1199 4234 Hebraeos,
1225 4184 1348 4223 cum
1372 4173 1657 4237 peccarent
1679 4205 1694 4229 ,
1721 4164 2036 4234 castigasti;
2079 4177 2204 4216 cum

648 4272 1071 4326 reverterentur,
1112 4262 1435 4331 suscepisti:
1486 4258 1769 4329 Egyptios
1798 4258 1984 4312 decem
2033 4255 2205 4326 plagis

652 4358 798 4411 ultus
832 4372 891 4411 es
930 4376 942 4410 :
976 4357 1111 4410 mari
1154 4354 1327 4432 diviso
1376 4352 1639 4422 trajecisti
1693 4350 1965 4405 lsraelitas
2008 4368 2019 4401 :
2056 4349 2203 4403 inse-

650 4458 810 4504 cutos
840 4448 1120 4520 Egyptios
1150 4447 1391 4502 delevisti
1426 4445 1800 4502 submersione
1829 4462 1842 4497 :
1878 4444 2025 4512 ligno
2065 4457 2207 4496 ama-

642 4530 769 4596 ram
828 4556 1023 4611 aquam
1074 4541 1385 4596 dulcescere
1443 4539 1617 4595 fecisti
1674 4558 1685 4591 :

652 4648 845 4702 aquam
877 4631 1162 4703 profudisti
1192 4652 1202 4686 :
1233 4648 1261 4687 e
1285 4634 1421 4687 cmlo
1460 4645 1712 4684 mannam
1749 4628 2000 4697 depluisti
2029 4648 2039 4680 :
2072 4642 2209 4696 prae-

653 4726 820 4781 buisti
867 4741 931 4780 ex
977 4740 1099 4779 aere
1128 4740 1327 4791 escam,
1375 4730 1833 4793 ortygmnetram:
1875 4719 2207 4773 constituisti

653 4826 813 4874 nocte
840 4819 1146 4872 columnam
1181 4816 1320 4887 ignis
1350 4815 1416 4868 ad
1448 4814 1885 4875 illustrationem,
1913 4820 1966 4865 et
1995 4812 2083 4865 die
2115 4827 2208 4865 co-

644 4910 894 4993 lumnam
929 4909 1087 4963 nubis
1116 4909 1181 4962 ad
1212 4906 1584 4961 umbraculum
1617 4906 1671 4957 in
1698 4912 1851 4958 aestu.
1891 4901 1993 4957 Per
2022 4902 2206 4957 Jesum

654 5000 847 5055 ducem
900 5001 1171 5054 exercitus
1198 5016 1225 5053 a
1271 5007 1323 5053 te
1363 4998 1719 5059 declaratum,
1768 5003 1971 5063 septem
2023 5003 2210 5063 gentes

652 5092 1083 5149 Cbananteorum
1114 5092 1396 5159 evertisti‘,
1416 5087 1704 5141 Jordanem
1736 5086 2013 5154 dirupisti,
2105 5086 2200 5138 llu-

725 5230 772 5261 ”
810 5228 943 5283 Gen.
976 5243 1049 5281 tv.
1127 5226 1169 5259 ”
1210 5225 1372 5279 Eccli.
1400 5240 1545 5286 xm,
1578 5224 1664 5289 19;
1689 5222 1822 5277 Gen.
1870 5239 1943 5284 tv,
1985 5239 2035 5277 v.
2110 5223 2175 5253 ¹⁰⁰

2301 5239 2347 5276 n.
2379 5237 2454 5284 vr,
2480 5236 2584 5285 vn;
2617 5217 2633 5269 Ι
2667 5214 2822 5289 ῐδεξινἑ
2852 5227 2964 5289 m,_
2991 5210 3079 5289 20:
3123 5209 3173 5289 δ’
3203 5205 3337 5260 Gen.
3374 5220 3533 5289 xrxn;_
3562 5201 3670 5271 Sap

654 5302 675 5332 ¹
717 5298 861 5353 l‘sal.
891 5314 999 5362 ενι,
1022 5298 1109 5352 3i.
1188 5296 1207 5326 ³
1229 5294 1360 5350 Gen.
1394 5312 1491 5357 xu,
1524 5307 1629 5348 cte.
1708 5296 1725 5325 ⁵
1768 5295 1803 5346 l.
1838 5292 2005 5362 Ignat.
2034 5293 2283 5361 interpol.

1465 422 1522 479 S.
1563 411 1952 476 CLEMENTIS
1988 410 2010 465 l
2047 405 2213 465 ROM.
2252 399 2453 459 ΙὊΝΤ.
2496 394 2725 455 OPERA
2761 390 2989 450 DUBIA.

3742 383 3892 440 1100

2301 534 2418 579 σας,
2450 514 2575 576 τοὺς
2602 512 2658 565 δὲ
2698 507 3038 571 ἀποστάντας
3086 521 3177 557 σου
3217 501 3494 562 ἐκόλασας’
3529 497 3625 550 καὶ
3650 494 3747 547 τοῦ
3784 497 3891 565 μὲν

2310 604 2483 669 Ἀϐἐλ,
2514 605 2590 666 ὡς
2637 602 2781 656 ὁσίου
2821 596 3250 671 προσδεξάμενος
3290 593 3389 664 τὴν
3434 589 3646 651 θυσίαν,
3694 586 3789 640 τοῦ
3827 586 3891 638 δὲ

2296 696 2679 766 ἀδελφοκτόνον
2721 692 2861 747 Κάῖν
2906 687 3274 759 ἀποστραφεὶς
3311 684 3372 737 τὸ
3407 682 3598 752 δῶρον,
3638 680 3713 742 ὡς
3754 680 3884 730 ἐνα-

2296 790 2443 858 γοῦς.
2474 789 2583 842 Καὶ
2612 786 2747 856 πρὸς
2771 783 2981 845 τούτοις
3000 780 3090 832 τὸν
3122 776 3365 849 Σὴθ,ικα“ι
3390 774 3481 827 τὸν
3521 770 3687 833 Ἐνὼς
3713 785 3889 841 προσ-

2294 856 2523 942 ελάϐου,
2565 878 2660 932 καὶ
2702 877 2795 929 τὸν
2836 872 3012 942 Ἑνὼχ
3061 867 3465 942 μετατέθεικας.
3502 866 3574 917 Σὺ
3617 861 3729 933 γὰρ
3765 856 3816 913 εἷ
3853 861 3885 912 ὁ

2295 970 2623 1043 δημιουργὸς
2664 967 2773 1020 τῶν
2811 963 3147 1035 ἀνθρώπων,
3186 960 3279 1013 καὶ
3316 959 3415 1028 τῆς
3446 955 3592 1026 ζωῆς
3619 951 3884 1024 χορηγὸς,

2297 1063 2388 1116 κα)⁵
2424 1064 2523 1133 τῆς
2565 1059 2771 1121 ἐνδείας
2810 1055 3125 1127 πληρωτὴς·
3166 1052 3260 1105 καὶ
3301 1049 3411 1101 τῶν
3465 1047 3648 1118 νόμων
3692 1043 3881 1114 δοτὴρ,

2296 1154 2389 1207 καὶ
2417 1154 2527 1206 τῶν
2557 1145 3160 1221 φυλαττόντωνναῦτοὺς
3192 1139 3611 1213 μισθαποδότης,
3647 1135 3743 1188 καὶ
3769 1133 3884 1185 τῶν

2296 1244 2741 1317 παραϐαινόντων
2784 1241 2983 1302 αὐτοὺς
3013 1236 3242 1298 ἔκδικος.
3289 1235 3346 1286 Ὀ
3381 1232 3467 1284 τὸν
3508 1230 3681 1301 μέγαν
3711 1241 3885 1279 καταο

2296 1316 2533 1408 κλυσμὺν
2586 1330 2878 1402 ἐπαγαγὼν
2917 1329 2995 1400 τῷ
3044 1326 3233 1397 κόσμῳ
3277 1324 3364 1379 διὰ
3406 1322 3469 1376 τὸ
3520 1319 3725 1389 πλῆθος
3770 1316 3884 1368 τῶν

2296 1405 2697 1499 ἀσεϐησάντων,
2726 1424 2821 1478 καὶ
2848 1422 2943 1475 τὸν
2970 1421 3177 1474 δίκαιον
3207 1416 3329 1470 Νῶε
3368 1412 3668 1485 ῥυσάμενος
3694 1411 3760 1461 ἐκ
3782 1405 3881 1460 τοῦ

2298 1515 2678 1589 κατακλυσμοῦ
2710 1517 2766 1568 ἐν
2792 1513 3020 1585 λάρνακι
3047 1512 3143 1564 σὺν
3178 1505 3319 1562 ὀκτὼ
3346 1506 3563 1575 ψυχαῖς,
3595 1500 3749 1562 τέλος
3782 1498 3883 1568 μὲν

2296 1611 2405 1664 τῶν
2448 1608 2875 1681 παρῳχηκότων,
2909 1603 3083 1676 ἀρχὴν
3112 1601 3168 1653 δὲ
3214 1600 3321 1655 τῶν
3357 1596 3654 1668 μελλόντων
3699 1591 3883 1657 ἐπιγί-

2297 1699 2501 1754 νεσθαι.
2544 1701 2601 1753 ’0
2631 1698 2692 1751 τὸ
2720 1696 2948 1767 φοϐερὸν
2979 1693 3091 1765 πῦρ
3120 1691 3260 1745 κατά
3288 1691 3385 1761 τῆς
3413 1685 3721 1758 Σοδομηνῆς
3756 1700 3885 1736 πεν-

2298 1792 2572 1854 ταπόλεως
2618 1789 2848 1858 ἐξάψας,
2889 1788 2984 1840 καὶ
3028 1786 3131 1856 γῆν
3183 1781 3526 1854 καρποφόρον
3577 1781 3656 1841 εἰς
3701 1777 3885 1847 ἅλμην

2228 1881 2271 1935 Β
2299 1886 2523 1955 θέμενος
2561 1882 2669 1936 ἀπὸ
2697 1880 2895 1943 κακίας
2921 1880 3028 1931 τῶν
3077 1875 3470 1930 κατοικούντων
3507 1875 3564 1925 ἐν
3595 1872 3756 1940 αὐτῇ,
3787 1870 3885 1921 καὶ

2294 1977 2385 2030 τὸν
2415 1976 2558 2028 ὅσιον
2595 1971 2717 2026 Λὼτ
2751 1970 3063 2042 ἐξαρπάσας
3106 1967 3199 2020 τοῦ
3251 1962 3598 2037 ἐμπρησμοῦ.
3640 1962 3713 2014 Σὺ
3756 1955 3809 2012 εἴ
3853 1961 3885 2011 ό

2294 2068 2384 2120 τὸν
2440 2064 2691 2136 Ἀϐραάμ
2742 2063 3040 2134 ῥυσάμενος
3090 2059 3420 2131 προγονικῆς
3472 2054 3749 2115 ἀσεϐείας,
3786 2052 3884 2103 καὶ⁵

2296 2156 2625 2229 κληρονόμον
2652 2154 2746 2207 τοῦ
2780 2154 2984 2225 κόσμου
3013 2151 3386 2221 καταστήσας,
3436 2147 3527 2202 καὶ
3577 2139 3883 2215 ἐμφανίσας

2297 2250 2444 2321 αὐτῷ
2472 2249 2559 2301 τὸν
2602 2245 2831 2319 Χριστόν
2863 2262 2975 2298 σου.
3015 2242 3078 2295 '0
3107 2243 3197 2295 τὸν
3241 2237 3594 2309 Μελχισεδὲκ,
3623 2234 3886 2310 ἀρχιερέα

2296 2342 2395 2413 τῆς
2431 2338 2684 2411 λατρείας
2707 2328 3289 2409 προχειρισάμενος.’0
3308 2332 3398 2385 τὸν
3430 2328 3766 2383 πολύτλαντα
3796 2325 3886 2378 θε-

2300 2432 2542 2506 ράποντά
2568 2448 2661 2485 σου
2701 2429 2821 2483 Ἰὼϐ
2848 2428 3073 2499 νικητὴν
3094 2424 3189 2477 τοῦ
3219 2421 3527 2495 ἀρχεκάκου
3556 2419 3732 2487 ὄφεως
3759 2417 3886 2470 ἀνα-

2297 2504 2490 2590 δείξας.
2536 2524 2594 2577 ὐ
2629 2523 2719 2575 τὸν
2764 2518 2949 2573 Ἰσαάκ
2981 2516 3318 2585 ἐπαγγελίας
3348 2514 3461 2567 υἱὸν
3486 2504 3880 2581 ’ποιησάμενος

2297 2620 2328 2671 ό
2350 2618 2442 2670 τὸν
2475 2613 2667 2668 Ἰακὼϐ
2697 2612 2906 2683 πατέρα
2940 2608 3145 2662 δώδεκα
3171 2606 3396 2669 παίδων,
3428 2605 3523 2658 καὶ
3552 2604 3679 2665 τοὺς
3707 2600 3767 2665 ἐξ
3793 2602 3885 2653 αό-

2298 2706 2392 2761 τοῦ
2420 2709 2500 2771 είς
2528 2704 2730 2777 πλῆθος
2758 2703 2908 2774 χέας,
2940 2701 3034 2753 καὶ
3063 2696 3370 2767 εἰσαγαγὼν
3402 2698 3482 2758 εἰς
3513 2694 3786 2761 Αἴγυπτον
3824 2692 3885 2742 ὲν

2301 2798 2665 2869 ἐϐδομήκοντα
2707 2794 2868 2847 πέντε
2909 2790 3124 2861 ψυχαῖς.
3165 2790 3237 2841 Σὺ
3272 2786 3468 2858 Κύριε,
3522 2782 3721 2854 Ἰωσὴφ
3769 2780 3884 2853 (54)

2300 2891 2397 2960 οὐχ
2427 2887 2723 2959 ὑπερεῖδες*
2757 2884 2890 2937 ἀλλὰ
2928 2881 3116 2953 μισθὸν
3146 2881 3246 2950 τῆς
3288 2877 3375 2930 διὰ
3424 2877 3483 2929 σὲ
3532 2874 3887 2947 σωφροσύνης
3924 2926 3939 2938 ,

2301 2980 2503 3041 ἔδωκας
2543 2976 2689 3047 αὐτῷ
2725 2976 2785 3028 τὸ
2813 2974 2920 3027 τῶν
2958 2970 3269 3040 Αἰγυπτίων
3313 2969 3520 3039 ἄρχειν.
3563 2967 3635 3019 Σὺ
3686 2964 3883 3034 Κύριε,

2314 3070 2593 3142 Ἐϐραίους
2637 3068 2741 3121 ὑπὸ
2790 3064 3104 3133 Αἰγυπτίων
3142 3058 3643 3128 καταπονουμένους
3681 3056 3742 3108 οὐ
3784 3071 3886 3106 πε-

2307 3161 2525 3234 ριεῖδες,
2562 3159 2650 3212 διὰ
2676 3159 2775 3220 τὰς
2814 3156 2951 3227 πρὸς
2988 3155 3114 3216 τοὺς
3155 3152 3397 3222 πατέρας
3430 3148 3608 3202 αὐτῶν
3646 3150 3887 3214 ἐπαγγε-

2303 3253 2437 3318 λίας·
2481 3252 2593 3306 ἀλλ’
2624 3250 2859 3323 ἐρῤῦσω,
2905 3245 3138 3309 κολάσας
3189 3242 3534 3312 Αἰγυπτίους.
3568 3236 3899 3310 Παραφθει-“

2306 3347 2515 3420 ράντων
2554 3344 2611 3398 δὲ
2648 3342 2756 3396 τῶν
2801 3337 3102 3410 ἀνθρώπων
3143 3335 3233 3388 τὸν
3278 3331 3502 3402 φυσικὸν
3545 3329 3742 3399 νόμον,
3790 3328 3891 3380 καὶ

2302 3440 2401 3511 τὴν
2445 3436 2641 3499 κτίσιν,
2689 3432 2818 3486 ποτὲ
2870 3431 2965 3501 μὲν
2996 3426 3301 3497 αὐτόματον
3348 3420 3712 3492 νομισάντων,
3755 3418 3889 3471 ποτέ

2303 3507 2369 3583 δέ-
2403 3528 2583 3583 πλεῖον
2618 3525 2652 3596 ἢ
2691 3523 2770 3576 δεῖ
2819 3507 3184 3592 τιμησάντων,
3218 3515 3312 3568 καὶ
3363 3514 3449 3566 σοὶ
3485 3511 3567 3581 τῷ
3606 3509 3726 3580 Θεῷ
3770 3507 3889 3562 τῶν

2306 3621 2518 3675 πάντων
2551 3612 2965 3669 συνταττόντωψ
2998 3610 3099 3661 οὐκ
3129 3608 3313 3667 εἴασας
3359 3602 3693 3667 πλανᾶσθαι⁴,
3748 3598 3891 3653 ἀλλά

2304 3708 2579 3774 ἀναδείξας
2607 3705 2696 3759 τὸν
2726 3703 2877 3772 ἆγιόν
2902 3718 2991 3753 σου
3017 3698 3319 3769 θεράποντα
3348 3695 3605 3763 Μωῦσῆν,
3627 3692 3694 3745 δι’
3719 3690 3887 3771 αὐτοῦ

2306 3803 2441 3875 πρὸς
2475 3769 2723 3871 βοήθειαν
2750 3769 2844 3847 τοῦ
2876 3791 3105 3862 φυσικοῦ
3140 3790 3229 3842 τὸν
3264 3786 3505 3859 γραπτὸν
3535 3784 3696 3854 νόμον
3730 3769 3889 3834 δέδω-

2306 3914 2427 3960 κας,
2460 3894 2553 3946 καὶ
2583 3891 2680 3962 τὴν
2724 3888 2900 3942 κτίσιν
2941 3883 3144 3949 maga;
3187 3881 3276 3933 σὸν
3308 3880 3465 3950 ἔργον
3512 3871 3669 3939 εἶναι,
3695 3873 3793 3943 τὴν
3827 3872 3888 3924 δὲ

2308 3986 2563 4041 πολύθεον
2593 3982 2796 4049 πλάνην
2843 3976 3128 4048 ἐξώρισας.
3168 3972 3270 4025 Τὸν
3319 3966 3524 4039 Ἀαρὼν
3555 3966 3797 4026 καὶτοὺς
3825 3961 3891 4030 ἐξ

2307 4077 2469 4132 αὑτοῦ
2503 4074 2748 4147 ίερατικῇ
2792 4072 2927 4139 τιμῇ
2969 4066 3244 4129 ὲδόξασας·
3285 4060 3569 4131 Ἑϐραίους
3618 4054 3891 4125 ἁμαρτόν-

2305 4188 2403 4233 τας
2443 4168 2735 4230 έκόλασας,
2782 4159 3204 4231 ἐπιστρέφοντας
3267 4152 3458 4217 ἐδέξω·
3511 4150 3634 4210 τοὺς
3673 4148 3884 4213 Αἰγυπ-

2305 4265 2451 4325 τίους
2481 4258 2805 4327 δεκαπλήγῳ
2843 4251 3188 4322 ἐτιμωρήσω·
3226 4245 3496 4299 θάλασσαν
3532 4238 3739 4303 διελὼν,
3784 4238 3893 4290 Ἰα-

2311 4354 2564 4427 ραηλίτας
2606 4346 2933 4407 διεϐίϐασας
2970 4340 3294 4411 Αἰγυπτίους
3334 4333 3719 4399 ἐπιδιώξαντας
3751 4331 3890 4383 ὑπο-

2307 4420 2559 4517 ϐρῦχίους
2598 4439 2883 4499 ἀπώλεσας
3108 4431 3246 4500 ξύλῳ
3307 4426 3499 4504 πικρὸν
3542 4424 3684 4492 ῦδωρ
3725 4420 3889 4488 ἐγλὺ-

1738 4554 1798 4591 ex
1863 4545 2013 4607 petra
2070 4535 2203 4589 dura

2310 4552 2495 4599 κανας·
2537 4537 2600 4587 ἐκ
2636 4532 2837 4600 πέτρας
2876 4525 3179 4597 ἀκροτόμου
3226 4520 3370 4591 ὕδωρ
3406 4518 3650 4585 άνέχεας·
3692 4512 3890 4576 eti-0'3-

2313 4626 2469 4700 ρανοῦ
2506 4625 2564 4677 τὸ
2612 4624 2783 4693 μάννα
2817 4617 2973 4681 ῦςας·
3016 4616 3219 4687 τροφὴν
3264 4612 3321 4677 ἐξ
3364 4610 3524 4681 ἀέρος
3576 4607 3892 4677 ὀρτυγομή-

2309 4737 2460 4791 τραν·
2500 4716 2685 4769 στῦλον
2730 4712 2898 4782 πυρὸς
2928 4710 3026 4779 τὴν
3058 4708 3227 4760 νύκτα
3277 4704 3411 4775 πρὸς
3458 4698 3755 4769 φωτισμὸν,
3791 4698 3895 4749 καὶ

2310 4812 2496 4865 στῦλον
2521 4808 2744 4877 νεφέλης
2774 4804 2985 4875 ἡμέραν
3012 4801 3146 4872 πρὸς
3189 4795 3454 4865 σκιασμὸν
3487 4792 3744 4853 θάλπους.
3781 4788 3895 4841 Τῦν

2323 4902 2523 4972 Ἰησοῦν
2566 4898 2863 4970 στρατηγὸν
2907 4892 3204 4955 ἀναδείξας,
3237 4888 3375 4941 ἑπτά
3412 4886 3538 4955 ἔθνη
3566 4880 3896 4936 Χαναναίων

2309 4996 2371 5049 δι’
2404 4993 2565 5047 αὑτοῦ
2600 4990 2867 5051 καθεῖλες,
2912 4985 3178 5055 Ἰορδάνην
3222 4977 3529 5052 διέρῤηξας,
3560 4977 3687 5037 τοὺς
3719 4989 3895 5024 ποτα-

2308 5089 2439 5157 μοὺς
2482 5084 2659 5154 Ἰἰθάμ
2698 5081 2992 5150 ἐξήρανας,
3040 5075 3193 5143 τείχη
3229 5070 3560 5141 κατέρριψας
3608 5065 3719 5135 (56)
3760 5064 3894 5117 ἀνευ

3677 5199 3869 5259 .x,6

2304 5239 2347 5276 ιι.
2379 5239 2454 5284 Vl,
2480 5239 2584 5285 VII;
2617 5239 2631 5269 I
2669 5239 2815 5270 rcu'.
2853 5239 2936 5275 ιιι,
2994 5239 3077 5264 zu.
3203 5239 3337 5260 υυιι.
3376 5239 3460 5257 Αιλ
3496 5247 3510 5268 ,
3562 5239 3689 5271 νην.
3726 5239 3777 5259 ..,
3834 5239 3893 5252 ν.

2304 5294 2371 5348 ad
2403 5291 2574 5345 Trall.
2598 5290 2665 5340 lt)
2692 5286 2757 5339 ad
2792 5283 2905 5337 Sm.
2934 5282 2984 5333 7.
3062 5281 3082 5310 ⁵
3118 5278 3254 5332 Gen.
3292 5291 3436 5335 xLVI,
3464 5274 3533 5326 Ξῖ
3557 5272 3701 5342 apud
3724 5268 3891 5322 LXX.

652 5369 675 5401 ⁸
719 5368 887 5422 Exod.
916 5384 951 5431 I,
974 5376 1077 5421 etc.
1153 5367 1171 5396 τ
1202 5366 1235 5417 l.
1259 5365 1356 5418 lsa.
1389 5381 1483 5419 vni
1519 5364 1588 5417 20
1618 5367 1669 5417 in
1701 5363 1857 5416 LXX.
1933 5362 2084 5416 “los.
2116 5378 2196 5424 ιιι,
2223 5364 2308 5417 10.

1941 5536 2302 5593 VARIORUM
2346 5533 2580 5592 ΝΟΤᾹΣ.

736 5683 841 5754 ιδι)
895 5679 1133 5748 Ἰωσήφ.
1166 5679 1353 5733 Melius
1394 5678 1484 5729 τὸν
1531 5676 1746 5744 Ἰωσήφ,
1790 5675 1842 5727 in
1900 5671 2021 5727 cod.
2054 5669 2212 5725 Vind.

651 5753 823 5809 Cum.

731 5825 841 5889 (55)
894 5821 1251 5883 'Arrullwaq.
1310 5818 1618 5878 Ἐκόλασας,
1651 5814 1711 5889 CA.
1841 5813 2028 5889 minus
2063 5812 2217 5889 bene,

650 5882 781 5967 tum
806 5882 1043 5967 ﬁgyptii
1076 5908 1183 5946 non
1216 5882 1399 5959 pcenas
1431 5897 1639 5942 tantum
1670 5885 1935 5950 dederint,
1957 5882 2098 5953 quod
2130 5898 2219 5936 su—

2324 5667 2640 5740 perstitibus
2689 5661 2864 5732 potuit
2908 5657 3243 5724 contingere,
3286 5655 3379 5709 sed
3433 5650 3678 5705 funditus
3710 5649 3902 5720 peric-

2326 5738 2925 5871 Γηῖἒϋζῃίὶατέρῤιῖῖτις.
2953 5797 3114 5852 Recte
3143 5795 3380 5871 quidem:
3407 5792 3499 5847 sed
3532 5807 3629 5847 nec
3660 5792 3802 5846 male
3837 5792 3901 5850 in

2327 5864 2444 5935 eod.
2476 5864 2630 5931 Vind.
2661 5864 3002 5944 ιίᾱτξρρήξας
3028 5864 3327 5936 perrupisti.
3360 5864 3430 5918 In.
