4070 6330
79 449 225 503 lit)!

942 445 1538 505 CONSTITUTIONES
1571 443 2119 500 APOSTOL'CIEu'"
2153 441 2279 498 LIB.
2321 444 2456 500 Vill.

3211 442 3344 500 1109

75 562 498 634 μηχανημάτων
536 564 629 618 καὶ
661 563 836 636 χειρὸς
874 557 1234 636 ἀνθρωπίνης.
1283 563 1449 633 ’Υπὲρ
1491 562 1663 614 ἁπάν-

1769 560 1886 613 vios
1910 558 2083 612 Etlian
2115 560 2392 624 siccasti’;
2422 575 2605 614 muros
2636 559 2979 630 prostravisti
2999 561 3204 631 absque
3237 578 3345 615 mae

65 672 199 710 των
231 673 311 710 σοι
352 658 384 726 ἠ
425 656 568 722 δόξα,
613 658 852 711 Δέσποτα
897 657 1291 728 παντόκρατορ.
1326 656 1672 726 Σὲεπροσκυ-

67 749 271 802 νοῦσιν
315 748 604 820 ἀνάριθμοι
655 750 905 821 στρατιαὶ
955 749 1235 818 ἀγγέλων,
1292 748 1667 820 ἀρχαγγέλων,

68 839 323 911 θρόνων,
377 842 730 912 κυριοτήτων,
783 840 988 912 ἀρχῶν,
1037 839 1314 906 ἐξουσιῶν,
1365 839 1667 910 δυνάμεων,

69 932 375 1003 στρατιῶν,
408 931 637 986 αἰώνωνο
669 932 738 986 τὰ
769 933 1054 1005 χερου6¹ιμ,
1088 933 1182 985 καὶ
1214 932 1282 985 τὰ
1327 930 1671 1002 ἐξα-πτέρυγα

70 1025 351 1096 σεραφὶμ,
379 1027 495 1087 ταῖς
538 1025 633 1094 μὲν
662 1024 781 1076 δυσὶ
811 1024 1292 1078 κατακαλύπτοντα
1318 1024 1444 1086 τούς
1481 1023 1666 1088 πόδας,

65 1119 206 1179 ταῖς
233 1115 289 1168 δὲ
313 1116 430 1167 δυσὶ
462 1111 559 1179 τὰς
588 1115 846 1184 κεφαλὰς,
868 1119 984 1178 ταῖς
1008 1116 1064 1168 δὲ
1091 1115 1211 1168 δυσὶ
1245 1115 1540 1185 πετόμενα,
1576 1114 1671 1168 xui.

67 1205 331 1274 λέγοντα,
366 1207 482 1277 ἅμα
517 1207 715 1277 χιλίαις
757 1207 991 1277 χιλιάσιν
1030 1206 1404 1279 ἀρχαγγέλων,
1450 1206 1544 1259 καὶ
1578 1223 1672 1276 μυ.

71 1301 233 1370 ρίαις
282 1300 537 1370 μυριάσιν
574 1298 840 1368 ἀγγέλων,
872 1298 1309 1360 ἀκαταπαύστως
1341 1297 1434 1350 καὶ
1470 1297 1669 1368 ἀσιγη-

67 1410 197 1455 τως
231 1390 482 1461 βοώσαις⁸
515 1392 607 1444 καὶ
647 1393 754 1454 πᾶς
785 1393 813 1443 6
840 1391 968 1453 λαὸς
999 1390 1114 1461 ἅμα
1144 1389 1370 1443 είπάτωο
1407 1409 1425 1442 ι
1459 1390 1666 1458 Ἄγιος,

67 1484 260 1552 ἅγιος,
288 1482 463 1552 ἆγιος,
496 1484 698 1555 Κύριος
736 1482 982 1536 Σαϐαὼθ
1020 1483 1230 1555 πλήρης
1259 1484 1288 1535 6
1318 1480 1547 1554 οὐρανὸς
1576 1483 1670 1535 καὶ

68 1578 107 1646 ἡ
142 1577 220 1647 γῆ
253 1577 351 1646 τῆς
392 1574 550 1646 δόξης
587 1574 774 1628 αὐτοῦ·
817 1575 1108 1646 εὐλογητὸς
1148 1576 1229 1638 είς
1272 1575 1398 1638 τούς
1443 1574 1664 1638 αἰῶνας.

83 1668 290 1740 Ἀμήν.
315 1689 332 1720 ι
351 1669 478 1730 ,Καὶ
504 1671 532 1723 6
564 1669 848 1740 ἀρχιερεὺς
878 1668 1005 1738 ἑξῆς
1029 1667 1250 1735 λεγέτω·
1281 1667 1468 1736 ’Ἄγιος
1487 1667 1596 1740 γὰρ
1621 1665 1670 1720 εἴ

65 1761 156 1824 ὡς
208 1760 453 1832 ἀληθῶς,
492 1762 584 1813 καὶ
628 1761 918 1828 πανάγιος,
965 1758 1184 1828 ὕψιστος
1226 1759 1318 1812 κα)⁵
1361 1759 1667 1830 ὐπερυψού-

68 1869 245 1922 μενος
275 1855 352 1915 είς
383 1854 508 1916 τοὺς
529 1853 745 1916 αἰῶνας.
772 1852 956 1921 ’Ἄγιος
986 1851 1042 1904 δὲ
1071 1852 1164 1904 καὶ
1190 1853 1218 1904 6
1251 1852 1542 1922 μονογενής
1575 1868 1665 1904 σου

56 1947 201 2009 Υἱὸς
225 1948 252 1999 6
281 1946 480 2018 Κύριος
513 1945 670 2017 ἡμῶν
710 1947 802 1999 καὶ
842 1946 975 2010 Θεὸς
1014 1944 1222 2016 Ἰησοῦς
1252 1948 1279 1998 6
1311 1945 1565 2017 Χριστόςδ
1606 1945 1666 2008 δς

64 2041 160 2102 είς
190 2039 378 2092 ,πάντα
432 2039 916 2111 ὐπηρετησάμενός
962 2055 1044 2092 σοι
1095 2038 1173 2108 τῷ
1225 2036 1343 2109 Θεῷ
1376 2037 1539 2090 αὐτοῦ
1571 2038 1665 2091 καὶ

64 2131 278 2201 Πατρὶ,
295 2130 443 2197 είςλτε
465 2131 820 2202 δημιουργίαν
848 2131 1121 2202 διάφορον,
1147 2130 1240 2185 καὶ
1266 2129 1516 2201 πρόνοιαν
1545 2147 1665 2184 κατ-

63 2221 335 2292 άλληλον,
363 2222 424 2274 οὐ
458 2223 690 2294 περιεῖδε
725 2223 786 2275 τὸ
811 2223 967 2292 γένος
1009 2223 1116 2276 τῶν
1158 2222 1458 2295 ἀνθρώπων
1495 2224 1663 2277 ἀπολ-

62 2314 329 2385 λύμενον,
375 2314 509 2366 ἀλλὰ
563 2312 701 2385 μετὰ
749 2313 976 2383 φυσικὸν
1017 2314 1209 2385 νόμον,
1243 2314 1382 2385 μετὰ
1433 2315 1664 2386 νομικὴν

62 2405 422 2478 παραίνεσιν,
471 2404 608 2475 μετὰ
667 2407 1036 2476 προφητικούς
1082 2405 1368 2477 ἐλέγχους,
1421 2409 1516 2460 καὶ
1565 2408 1664 2473 τὰς

60 2498 185 2551 τῶν
255 2497 501 2565 ἀγγέλων
561 2496 896 2562 ἐπιστασίας,
936 2497 1414 2569 παραφθειρόντων
1451 2501 1546 2554 σὺν
1585 2500 1663 2572 τῷ

63 2588 221 2659 Θετῷ
267 2589 486 2642 καὶτὸν
518 2589 744 2656 φυσικὸν
787 2590 978 2659 νόμον,
1025 2591 1118 2642 καὶ
1157 2590 1259 2660 τῆς
1311 2591 1528 2662 μνήμης
1571 2593 1663 2644 ὲκ-

63 2681 384 2735 6αλλόντων
429 2682 520 2734 τὸν
575 2680 973 2752 κατακλυσμὸν,
1013 2684 1114 2753 τὴν
1168 2683 1513 2753 ἐκπύρωσιν,
1563 2684 1662 2747 τὰς

63 2777 200 2829 κατ’
225 2772 537 2842 Αἰγυπτίων
567 2772 797 2844 πληγὰς,
828 2774 924 2837 τὰς
955 2774 1095 2828 κατὰ
1125 2773 1510 2845 Παλαιστηνῶν
1536 2794 1663 2846 σφα-

63 2866 212 2936 γὰς,
248 2865 342 2917 καὶ
380 2864 676 2935 μελλόντων
725 2867 846 2919 ὅσον
883 2867 1093 2920 οὐδέπω
1145 2867 1476 2922 ἀπόλλυσθαι
1523 2868 1659 2922 πάν-

64 2975 207 3021 των,
254 2957 541 3026 εὐδόκησεν
588 2958 746 3020 αὐτὸς
785 2956 977 3029 γνώμῃ
1020 2961 1085 3030 σῇ
1122 2961 1149 3012 6
1187 2959 1519 3030 δημιουργὸς
1568 2962 1662 3015 ἀν-

67 3047 320 3121 θρώπου,
367 3048 647 3119 ἄνθρωπος
697 3049 975 3119 γενέσθαι,
1012 3052 1039 3104 6
1080 3051 1376 3122 νομοθέτης
1421 3053 1525 3106 ὐπὸ
1573 3055 1658 3108 v5-

71 3157 237 3211 μους,
280 3142 307 3193 ὁ
338 3140 624 3210 ἀρχιερεύς
674 3141 884 3211 ίερεῖον,
920 3143 948 3194 6
988 3143 1189 3213 ποιμὴν
1234 3144 1522 3214 πρόϐατον,
1565 3146 1660 3199 καὶ

1774 651 1953 704 cliinis
1994 658 2047 705 et
2095 651 2301 720 absque
2347 666 2511 705 manu
2565 651 2800 705 humana
2828 653 2890 708 '°.
2927 651 3034 706 Pro
3085 653 3344 709 omnibus

1770 743 1868 795 tibi
1899 743 2092 812 gloria,
2124 741 2350 798 Domine
2383 744 2749 814 omnipotens.
2774 745 2812 776 ¹¹
2848 743 2924 800 Te
2977 745 3210 800 adorant
3259 747 3344 801 in-

1771 835 2133 890 numerabiles
2196 836 2364 904 copiae
2436 837 2786 906 angelorum,
2843 837 3340 908 archangelorum,

1770 930 2126 992 thronorum,
2177 927 2643 995 dominationum,
2695 931 3131 1000 principatuum,
3187 938 3345 1000 pote-

1772 1027 2009 1084 statum,
2059 1019 2358 1084 virtutum,
2413 1020 2787 1086 exercituum,
2854 1021 3176 1077 seculorum
3247 1036 3344 1075 seu

1768 1121 2132 1179 aeternorum;
2184 1121 2238 1166 et
2287 1112 2617 1179 cbcrubini;
2674 1114 2801 1168 item
2864 1115 3144 1183 seraphini
3196 1113 3346 1168 senis
3379 1167 3391 1176 ,

1770 1207 1872 1262 alis
1922 1203 2165 1276 praediti,
2216 1205 2360 1260 binis
2405 1206 2623 1275 quidem
2674 1207 2916 1262 velantes
2970 1206 3133 1277 pedes
3181 1221 3342 1270 suos,

1769 1299 1914 1354 binis
1949 1313 2079 1352 vero
2123 1284 2338 1367 capita,
2385 1305 2436 1353 et
2481 1299 2694 1354 duabus
2739 1300 2860 1352 aliis
2905 1301 3154 1354 volantes
3184 1299 3248 1364 ¹²,
3282 1314 3347 1353 ac

1768 1391 2015 1446 dicentes
2047 1405 2151 1443 una
2183 1405 2307 1444 cum
2345 1391 2489 1444 mille
2524 1391 2765 1445 millibus
2811 1390 3260 1460 archangelorum
3293 1400 3346 1446 et

1769 1482 1926 1538 denis
1959 1482 2202 1537 millibus
2229 1480 2428 1537 denum
2465 1483 2698 1536 millium
2739 1484 3057 1554 angelorum
3088 1484 3151 1547 ",
3195 1485 3348 1538 inde-

1770 1575 2012 1632 sinenter
2050 1591 2113 1630 ac
2171 1575 2290 1630 sine
2329 1575 2482 1630 vocis
2533 1574 2939 1630 intermissione
2979 1575 3348 1631 clamantibus

1770 1670 1847 1739 (et
1875 1671 2054 1726 omnis
2083 1669 2315 1740 populus
2341 1668 2502 1724 simul
2525 1667 2691 1736 dicat)
2719 1687 2731 1720 :
2771 1687 2787 1718 ι
2816 1666 3073 1730 Sanctus,
3102 1679 3346 1731 sanctus,

1770 1771 2027 1826 sanctus,
2083 1759 2347 1815 Dominus
2405 1758 2692 1814 Sabaoth:
2740 1759 2883 1828 pleni
2937 1767 3066 1814 sunt
3116 1761 3240 1816 coeli
3295 1768 3350 1816 et

1772 1861 1916 1908 terra
1946 1853 2118 1924 gloria
2153 1853 2272 1921 ejus
2300 1870 2313 1906 ι
2347 1850 2676 1906 Benedictus
2707 1850 2762 1904 in
2795 1852 3013 1906 saecula.
3039 1851 3210 1905 Amen
3237 1853 3300 1906 “.
3324 1872 3341 1903 ι

1698 1923 1739 1976 Β
1769 1946 1834 2000 Et
1864 1923 2106 2016 pontifex
2135 1954 2325 2014 postea
2357 1944 2504 2000 dicat
2532 1962 2544 1998 :
2583 1943 2820 1998 Sanctus
2843 1945 2989 1997 enim
3016 1959 3140 1998 vere
3169 1960 3251 2009 es,
3285 1959 3350 1998 ac

1768 2039 2172 2103 sanctissimus,
2213 2037 2516 2093 altissimus
2561 2045 2614 2091 et
2650 2037 3089 2106 superexaltatus
3142 2035 3196 2089 in
3247 2050 3349 2089 εει»-

1766 2133 1908 2188 cula.
1945 2131 2182 2187 Sanctus
2228 2145 2448 2200 quoque
2501 2129 2818 2198 unigenitus
2850 2135 2977 2182 tuus
3011 2127 3204 2192 Filius,
3241 2127 3349 2182 Do-

1765 2224 1948 2280 minus
1981 2233 2167 2279 noster
2195 2231 2248 2278 et
2280 2222 2441 2283 Deus,
2474 2219 2636 2276 Jesus
2673 2210 2971 2286 Christus;
3004 2220 3097 2290 qui
3133 2221 3199 2274 ad
3229 2235 3348 2274 om-

1765 2291 1994 2370 nia’tibi
2024 2315 2134 2370 Deo
2168 2331 2268 2371 suo
2299 2322 2354 2369 et
2391 2312 2577 2378 Patri,
2618 2321 2733 2366 tuin
2779 2311 2835 2366 in
2865 2311 3017 2365 varia
3048 2311 3343 2376 creatione,

1764 2415 1879 2461 tum
1930 2408 1986 2461 in
2035 2405 2379 2476 providentia
2431 2404 2817 2467 convcnienli,
2859 2403 3202 2467 ministrans,
3238 2419 3344 2457 non

1763 2500 2012 2570 despexit
2046 2514 2218 2570 genus
2262 2500 2561 2552 humanum
2603 2497 2747 2568 quod
2799 2495 3050 2566 peribat:
3087 2496 3183 2551 sed
3227 2503 3350 2566 post

1763 2593 2070 2649 naturalem
2102 2593 2296 2663 legem,
2325 2601 2449 2663 post
2473 2591 2700 2661 legalem
2734 2591 3188 2656 admonitionem,
3217 2597 3344 2659 post

1762 2685 2108 2756 propheticas
2163 2683 2651 2754 reprehensiones,
2689 2690 2744 2738 et
2791 2683 3106 2753 angelorum
3156 2681 3350 2752 praefe-

1761 2791 1984 2846 cturas;
2016 2793 2141 2833 cum
2175 2778 2345 2848 legem
2376 2777 2679 2832 naturalem
2717 2790 2823 2830 una
2852 2791 2977 2830 cum
3009 2775 3123 2845 lege
3146 2775 3349 2844 scripta

1763 2886 1859 2926 seu
1909 2872 2086 2943 posita
2135 2872 2440 2934 violarent,
2488 2877 2651 2940 atque
2682 2884 2712 2923 e
2742 2868 3004 2922 memoria
3043 2868 3345 2953 abjicerent

1763 2967 2062 3030 diluvium,
2111 2963 2592 3034 conﬂagrationem
2667 2959 3094 3023 Sodomiticam,
3157 2959 3348 3028 plagas

1764 3057 2052 3128 Egyptiis,
2095 3065 2150 3111 et
2178 3056 2355 3110 caedes
2389 3053 2694 3109 Palaestinis
2729 3053 2928 3115 illatas,
2986 3066 3222 3120 cumque
3273 3050 3341 3101 il-

1763 3150 1870 3204 lico
1919 3149 2147 3219 perituri
2180 3157 2364 3204 essent
2411 3163 2632 3215 omnes;
2680 3163 2744 3201 ex
2794 3145 3061 3201 sententia
3095 3152 3184 3196 tua
3235 3143 3351 3212 ipse

67 3231 462 3301 ὲξευμενίσατό
484 3249 540 3284 σε
571 3231 658 3284 τὸν
689 3233 880 3285 ἑαυτοῦ
908 3233 1038 3286 Θεὸν
1066 3235 1159 3286 καὶ
1185 3235 1425 3307 Πατέρα,
1457 3239 1552 3291 καὶ
1579 3237 1656 3309 τῷ

1767 3241 1944 3311 elegit,
1974 3249 2192 3295 creator
2225 3240 2488 3306 hominis,
2523 3241 2688 3293 homo
2719 3239 2865 3305 ﬁeri;
2913 3239 3214 3309 legislator,
3249 3238 3350 3291 sub

71 3324 272 3394 κόσμῳ
314 3323 631 3396 κατήλλαξε,
681 3325 774 3378 καὶ
809 3326 905 3396 τῆς
946 3327 1294 3399 ἐπικειμένης
1333 3329 1500 3400 ὀργῆς
1536 3331 1662 3392 τοὺς

72 3417 293 3479 πάντας
329 3416 685 3490 ἠλευθέρωσε,
736 3419 1022 3488 γενόμενος
1069 3420 1132 3472 ὲκ
1166 3421 1465 3492 παρθένου,
1512 3422 1664 3490 γενό-

77 3526 245 3581 μενος
286 3510 342 3561 ὲν
388 3511 566 3580 σαρκὶ,
600 3512 628 3562 6
663 3511 792 3573 Θεὸς
825 3511 1011 3579 Λόγος,
1058 3515 1084 3564 6
1118 3513 1398 3582 ἀγαπητὸς
1439 3514 1586 3579 Υἱὸς,
1635 3516 1664 3566 6

74 3600 428 3670 πρωτότοκος
474 3601 652 3670 πάσης
703 3602 948 3665 κτίσεως,
997 3603 1135 3656 κατὰ
1175 3604 1272 3668 τὰς
1321 3605 1448 3676 περὶ
1499 3607 1661 3660 αὐτοῦ

75 3695 172 3746 ὑπ’
217 3691 382 3744 αὐτοῦ
424 3692 822 3763 προρρηθείσας
866 3695 1201 3766 προφητείας
1248 3697 1311 3749 ὲκ
1353 3697 1664 3768 σπέρματος

72 3783 262 3847 Δαὸὶδ,
295 3785 386 3836 καὶ
426 3783 694 3854 Ἀὖραὰμ,
743 3785 912 3856 φυλῆς
975 3787 1159 3840 Ἰούδα·
1212 3791 1306 3842 καὶ
1337 3790 1558 3858 γέγονεν
1607 3791 1663 3842 ὲν

79 3880 269 3948 μήτρᾳ
310 3876 572 3946 παρθένου
614 3879 640 3930 6
683 3877 1024 3932 διαπλάσσων
1063 3881 1268 3944 πάντας
1308 3885 1433 3946 τοὺς
1462 3900 1662 3951 γεννω-

79 3969 302 4039 μένους,
328 3969 417 4022 καὶ
445 3968 833 4040 ὲνεσαρκώθηό
855 3972 1114 4042 ἄσαρκος,
1143 3975 1170 4026 6
1202 3974 1446 4046 ἀχρόνως
1475 3993 1665 4047 γεννη-

78 4062 196 4124 θεὶς
236 4063 295 4112 ὲν
332 4062 506 4132 χρόνῳ
536 4062 844 4131 γεγένηταιο
892 4064 1342 4136 πολιτευσάμενος
1379 4069 1538 4132 ὁσίως
1573 4073 1665 4123 καὶ⁴

79 4153 383 4216 παιδεύσας
425 4153 718 4223 ὲνθέσμως,
755 4157 933 4210 πᾶσαν
965 4158 1115 4211 νόσον
1159 4160 1252 4212 καὶ
1285 4162 1462 4247 πᾶσαν
1496 4162 1666 4232 μαλα-

80 4247 208 4300 κίαν
239 4245 301 4309 ἐξ
330 4245 627 4316 ἀνθρώπων
675 4240 968 4314 ἀπελάσας,
1011 4252 1211 4320 σημεῖά
1243 4269 1300 4305 τε
1342 4240 1436 4306 καῖ
1465 4256 1667 4326 τέρατα

81 4341 139 4392 ὲν
169 4338 248 4409 τῷ
279 4339 390 4408 λαῷ
422 4341 670 4411 ποιησαςο
706 4343 909 4413 τροιρῆς
940 4346 1033 4396 καὶ
1061 4344 1225 4397 ποτοῦ
1259 4347 1350 4398 καὶ
1377 4346 1545 4401 ὕπνου
1581 4366 1668 4420 με·

80 4430 356 4496 ταλαϐὼν,
389 4434 416 4485 6
449 4433 663 4504 τρέφων
703 4434 909 4498 πάντας
948 4440 1074 4500 τοὺς
1103 4439 1405 4508 χρῄζοντας
1437 4443 1663 4513 τροφῆς,

84 4526 180 4577 καὶ
203 4525 542 4594 ὲμπιμπλῶν
573 4527 679 4579 πᾶν
726 4526 863 4591 ζῶον
908 4529 1170 4592 εὐδοκίας
1213 4532 1519 4604 ἐφανέρωσέ
1571 4550 1664 4586 σου

1765 3333 2012 3404 legibus;
2044 3332 2310 3403 pontifex,
2343 3333 2556 3398 hostia;
2591 3340 2798 3402 pastor,
2829 3333 2987 3396 ovis;
3022 3341 3074 3385 et
3105 3339 3156 3386 te
3190 3346 3348 3384 suum

1765 3425 1933 3479 Deum
1986 3441 2050 3479 ac
2097 3423 2314 3480 Patrem
2374 3425 2612 3495 placavit
2667 3432 2831 3494 atque
2865 3424 3070 3478 mundo
3104 3425 3352 3477 reconci—

1765 3518 1937 3584 liavit,
1970 3528 2308 3589 cunctosque
2345 3519 2412 3572 ab
2453 3519 2771 3572 imminente
2815 3519 2894 3572 ira
2946 3516 3221 3577 liberavit,
3273 3514 3352 3566 fac

1764 3619 1886 3664 ctus
1935 3626 2000 3664 ex
2036 3610 2266 3681 virgine,
2316 3609 2493 3664 factus
2545 3610 2600 3663 in
2648 3625 2836 3675 carne,
2896 3608 3036 3664 Deus
3077 3607 3348 3667 Verbum,

1765 3703 1996 3758 dilectus
2049 3702 2256 3766 Filius,
2299 3703 2696 3774 primogenitus
2744 3703 2924 3754 oumis
2966 3708 3254 3758 creaturis,
3299 3705 3353 3750 et

1766 3797 2066 3851 secundum
2104 3797 2419 3866 prophetias
2463 3797 2530 3849 ab
2579 3795 2699 3865 ipso
2744 3795 2810 3848 de
2845 3811 2901 3849 se
2933 3792 3221 3864 przedictas
3262 3804 3352 3842 or-

1766 3895 1854 3940 tus
1899 3903 1961 3942 ex
2010 3887 2216 3942 semine
2269 3887 2488 3942 Davidis
2532 3895 2586 3941 ct
2635 3887 2931 3940 Abralianii
2983 3901 3046 3938 ac
3094 3884 3160 3937 de
3206 3881 3353 3936 tribu

1765 3978 1917 4036 ludar
1945 3999 1956 4033 :
1990 3979 2032 4009 ¹⁵
2064 3989 2117 4034 et
2151 3979 2326 4036 [actus
2367 3990 2450 4034 est
2496 3982 2550 4033 in
2595 3988 2752 4034 utero
2785 3978 3046 4045 Virginis,
3090 3977 3355 4030 formator

1766 4076 2010 4129 omnium
2051 4075 2144 4145 qui
2175 4073 2502 4145 gignuntur;
2535 4073 2854 4125 incarnatus
2881 4079 2986 4132 est,
3034 4070 3125 4138 qui
3170 4066 3354 4121 carnis

1766 4182 1992 4237 expers;
2048 4169 2140 4238 qui
2201 4169 2320 4223 sine
2378 4179 2622 4238 tempore
2685 4168 2937 4238 genitus,
2995 4164 3048 4216 in
3113 4173 3356 4229 tempore

1766 4269 1928 4315 natus
1953 4269 2037 4314 est
2064 4279 2077 4315 :
2109 4270 2296 4316 sancte
2331 4262 2485 4324 vixit,
2531 4271 2584 4314 et
2616 4261 2853 4330 legitime
2887 4257 3102 4324 docuit;
3136 4266 3353 4306 munem

1768 4352 2017 4406 morbum
2079 4359 2134 4406 et
2201 4368 2417 4407 omnem
2479 4353 2852 4406 infirmitatem
2912 4353 2979 4406 ab
3038 4345 3356 4404 lioiiiiiiiiitls

1767 4445 2010 4513 expulit;
2081 4445 2235 4515 signa
2303 4453 2356 4500 et
2420 4447 2667 4515 prodigia
2738 4446 2792 4498 in
2863 4445 3063 4514 populo
3129 4442 3350 4495 edidit:

1769 4535 1980 4601 cibum,
2039 4547 2255 4605 polum,
2312 4553 2564 4591 somnum
2641 4539 2786 4606 cepit
2841 4537 2918 4598 is,
2975 4537 3065 4604 qui
3123 4541 3354 4586 cunctos

82 4618 143 4668 τὸ
190 4617 365 4685 δνομα
405 4621 517 4680 τοῖς
560 4619 842 4686 ἀγνοοῦσιν
873 4623 1021 4688 αὐτὸ,
1056 4624 1154 4693 τὴν
1198 4626 1418 4693 ἄγνοιαν
1465 4627 1666 4695 ἐφυγά-

1771 4631 2028 4684 alimeuto
2082 4630 2386 4700 indigentes
2438 4632 2644 4692 nutrit,
2688 4645 2957 4697 omneque
3008 4627 3209 4680 animal
3249 4626 3355 4676 im-

84 4711 264 4774 δευσε,
298 4711 394 4780 τὴν
435 4710 712 4765 εὐσέϐειαν
759 4714 1182 4787 ἀνεζωπὺρωσε,
1217 4719 1277 4770 τὸ
1317 4718 1526 4790 θέλημά
1574 4737 1666 4773 σου

87 4803 396 4882 ἐπλήρωσε,
437 4803 497 4855 τὸ
529 4803 685 4873 ἔργον
718 4805 744 4857 ὃ
789 4806 992 4870 ἔδωκας
1026 4810 1170 4880 αὐτῷ
1217 4811 1517 4865 ἐτελείωσε.
1560 4814 1668 4867 Καὶ

88 4894 262 4947 ταῦτα
293 4895 466 4949 πάντα
495 4897 863 4968 κατορθώσας,
911 4903 1096 4971 χερσὶν
1143 4903 1355 4973 ἀνόμων
1400 4922 1668 4975 κατασχε-

92 4987 226 5051 θείς,
284 4988 471 5057 ἱερέων
513 4992 604 5042 καὶ
645 4992 945 5062 ἀρχιερέων
983 4994 1350 5065 ψευδωνύμων
1396 4996 1489 5049 καὶ
1541 4997 1669 5050 λαοῦ

95 5078 434 5150 παρανόμου,
461 5081 716 5152 προδοσία
743 5082 834 5135 τοῦ
867 5085 964 5155 τὴν
988 5086 1182 5138 κακίαν
1211 5089 1553 5159 νοσήσαντος,
1580 5092 1672 5142 καὶ

96 5172 269 5224 πολλὰ
306 5172 491 5225 παθὼν
530 5177 618 5226 ὐπ’
639 5176 833 5238 αὐτῶν,
861 5179 954 5230 καὶ
983 5180 1159 5231 πᾶσαν
1194 5180 1413 5250 ἀτιμίαν
1438 5182 1675 5245 ὐποστὰς

101 5271 159 5336 σῇ
187 5269 552 5338 συγχωρήσει,
582 5267 903 5337 παραδοθεὶς
934 5270 1147 5340 Πιλάτῳ
1176 5272 1252 5341 τῷ
1295 5273 1552 5342 ἡγεμόνι,
1582 5276 1674 5327 καὶ

99 5361 304 5429 κριθεὶς
330 5362 356 5412 6
381 5363 592 5436 κριτὴς.
632 5364 722 5415 καὶ
759 5364 1109 5434 κατακριθεὶς
1134 5365 1160 5416 6
1195 5367 1415 5437 Σωτὴρ,
1458 5368 1675 5439 σταυρῷ

99 5451 469 5531 προσηλωθηρ
491 5454 724 5526 ἀπαθὴς,
750 5457 838 5508 καὶ
864 5457 1129 5510 ἀπέθανεν
1158 5458 1184 5509 ὁ
1214 5461 1278 5529 τῇ
1307 5458 1678 5529 φύσειάθάνα-

158 5713 177 5740 ⁸
210 5710 598 5771 Ρεοικιῃιιι,
651 5714 731 5768 15.
848 5718 889 5749 ¹⁰
937 5718 1050 5774 Jos.
1101 5736 1172 5773 vi.

1289 5723 1330 5795 ’ἦ
1370 5721 1538 5792 lgnat.
1586 5725 1838 5795 interpol.
1875 5729 1940 5784 ad
1971 5729 2136 5786 Trall.
2186 5733 2237 5785 ὅ.

1772 4722 1882 4791 plet
1932 4723 2269 4788 beneplacito
2302 4724 2342 4753 ¹⁶
2378 4739 2389 4776 ;
2434 4721 2801 4776 manifestavit
2843 4737 3039 4774 nomen
3085 4730 3234 4772 tuum
3289 4717 3356 4769 iis

1774 4815 1868 4883 qui
1921 4814 2054 4868 illud
2116 4816 2475 4884 ignorabant;
2538 4814 2746 4884 fugavit
2803 4814 3202 4883 ignorantiam;
3242 4809 3357 4878 pie-

1776 4915 1941 4962 tatem
2009 4909 2400 4975 exsuscitavit;
2460 4909 2796 4962 voluntatem
2862 4915 3008 4958 tuam
3073 4902 3355 4971 implevit;

1777 5015 1916 5071 opus
1955 5003 2099 5079 quod
2139 5003 2187 5056 ei
2228 5001 2456 5063 dedisti,
2501 5001 2903 5054 consummavit
2943 4986 3026 5052 ‘7':
3071 5007 3233 5066 atque
3272 4995 3358 5050 liis

1779 5094 2036 5147 omnibus
2063 5089 2303 5147 feliciter
2335 5094 2526 5163 gestis,
2560 5110 2653 5162 per
2682 5094 3047 5162 proditionem
3093 5090 3242 5142 illius
3264 5089 3356 5156 qui

1782 5186 2002 5238 malitia:
2032 5186 2222 5239 morbo
2255 5187 2564 5256 languebat,
2596 5187 3025 5254 comprehensus
3069 5193 3152 5236 est
3186 5182 3358 5233 mani-

1782 5277 1882 5331 bus
1913 5277 2330 5346 ﬂagitiosorum,
2360 5293 2551 5348 nempe
2587 5277 2726 5331 falso
2759 5280 2978 5330 nomine
3007 5275 3355 5345 gaudentium

1782 5371 2125 5424 sacerdotum
2159 5386 2220 5423 ac
2254 5371 2592 5438 pontilicum,
2624 5380 2675 5423 et
2707 5371 2894 5439 populi
2930 5370 3101 5437 iniqui
3129 5383 3145 5428 ;
3189 5381 3216 5417 a
3239 5367 3355 5432 qui-

1782 5463 1884 5518 bus
1907 5463 2077 5518 multa
2108 5470 2303 5534 passas
2339 5471 2442 5528 est,
2473 5472 2524 5518 et
2553 5481 2769 5518 omnem
2795 5465 2834 5496 ¹⁸
2866 5462 3217 5534 ignominiam
3238 5474 3356 5512 sus-

2355 5733 2394 5764 ”
2430 5730 2509 5785 lsa
2573 5748 2647 5794 γι,
2691 5733 2745 5786 Ξ.
2863 5734 2902 5764 ¹³
2942 5732 3071 5785 Dan.
3106 5746 3212 5792 vn,
3267 5728 3356 5782 10.

98 5781 137 5873 1:
172 5781 594 5873 lia.‘d\‘i,_i"i,_u”
632 5783 1080 5873 lgnat.”iiiterpol.
1116 5793 1179 5850 ad
1209 5781 1507 5862 Trall."10;
1543 5798 1608 5850 ad
1648 5781 1762 5853 Sui.
1802 5781 1958 5866 1,511
1982 5781 2158 5873 litigi}.
2190 5781 2273 5856 ll.
2357 5805 2396 5834 ¹⁶
2425 5781 2772 5871 ἰῖδὶιιζᾴζιῖζ,
2808 5806 2888 5858 lli.
2943 5781 3356 5856 liloatn'xiii.

101 5850 137 5879 ³⁸
173 5857 337 5921 lgnat.
374 5857 568 5920 iutcrp.
601 5850 668 5907 ad.
695 5855 858 5910 'l'rall.
889 5862 969 5914 l0.
