4066 6334
695 427 837 484 “05

1526 425 1583 479 S.
1622 422 2020 479 CLEMENTIS
2050 423 2067 477 I
2107 422 2276 483 ROM.
2313 422 2512 482 PONT.
2554 421 2781 479 OPERA
2817 423 3044 481 DUBIA.

3807 428 3947 483 ιιοε

686 544 875 606 tinuit,
906 540 1181 609 permissu
1238 549 1366 607 tuo;
1398 540 1636 599 traditus
1665 548 1750 596 est
1795 539 1971 596 Pilato
1998 540 2214 611 praesidi
2246 558 2256 608 ;

2366 542 2475 605 τος,
2504 541 2600 594 καὶ
2624 532 2795 613 ὲτάφη
2824 541 2855 593 ό
2892 537 3172 605 ζωοποιδς,
3207 539 3293 592 ἵνα
3324 538 3527 604 πάθους
3556 538 3691 612 λύσῃ
3720 542 3818 595 καὶ
3845 541 3946 595 θα-

682 633 962 701 judicatus
1006 640 1111 698 est,
1150 631 1352 703 judex;
1383 632 1779 688 condemnatus
1808 639 1914 697 est,
1960 632 2211 687 Salvator
2242 650 2257 699 ;

686 726 839 779 cruci
868 724 1060 779 allixus
1079 732 1188 791 est,
1218 725 1311 795 qui
1343 726 1451 795 pati
1490 741 1600 780 non
1631 731 1843 795 potest;
1877 737 2125 780 mortuus
2154 733 2258 789 est,

688 823 892 870 natura
923 816 1280 883 immortalis;
1324 818 1571 887 sepultus
1602 824 1707 880 est,
1749 818 1875 871 vita:
1904 817 2168 884 effector;
2200 824 2259 871 ut

687 907 814 962 illos
840 917 1066 978 propter
1104 924 1244 979 quos
1296 910 1611 970 advenerat.
1644 923 1673 962 a
1714 910 1974 978 passione
2004 908 2258 974 solveret,

687 1005 743 1048 et
765 1007 794 1049 ε
821 1006 995 1052 morte
1018 994 1269 1067 eriperet,
1299 1006 1360 1052 ut
1382 997 1585 1054 diaboli
1617 998 1831 1053 vincula
1864 1008 2157 1066 rumperet,
2188 995 2258 1049 il-

689 1087 904 1157 liusque
934 1102 1001 1142 ex
1039 1086 1250 1143 fallacia
1280 1088 1536 1146 liberaret
1564 1088 1813 1145 homines
1840 1107 1853 1144 :
1901 1088 2199 1144 resurrexit
2226 1101 2260 1143 e

688 1181 919 1236 mortuis
941 1180 1101 1235 tertia
1131 1182 1219 1237 die
1249 1200 1262 1236 :
1289 1181 1649 1252 quadraginta
1668 1179 1870 1237 diebus
1890 1190 2261 1239 commoratus

687 1287 812 1327 cum
834 1272 1140 1343 discipulis.
1164 1282 1477 1344 assumptus
1503 1283 1586 1328 est
1606 1272 1663 1328 in
1683 1274 1887 1341 caelos;
1910 1282 1965 1330 et
1990 1274 2057 1330 ad
2073 1274 2261 1330 dexte-

689 1381 807 1420 ram
839 1366 1044 1422 assidet
1068 1366 1185 1432 tibi,
1221 1364 1330 1420 Deo
1359 1380 1423 1420 ac
1468 1363 1617 1419 Patri
1645 1380 1766 1420 suo.
1794 1365 1835 1397 ¹⁹
1863 1364 2129 1421 Memores
2158 1367 2261 1436 igi-

691 1466 780 1513 tur
810 1474 998 1514 eorum
1033 1467 1397 1529 quapropter
1425 1473 1526 1513 nos
1554 1458 1797 1528 pertulit,
1820 1458 2023 1530 gratias
2040 1459 2259 1527 agimus

688 1550 811 1614 tibi,
849 1548 992 1605 Deus
1026 1550 1399 1619 omnipotens,
1431 1565 1541 1605 non
1592 1558 1857 1620 quantum
1888 1549 2169 1615 debemus,
2204 1557 2259 1605 at

688 1648 953 1712 quantum
980 1656 1307 1712 possumus;
1346 1649 1401 1698 et
1429 1643 1878 1698 constitutionem
1910 1642 2030 1713 ejus
2068 1641 2260 1713 imple-

688 1748 831 1788 mus.
858 1732 915 1786 In
940 1748 1048 1803 qua
1078 1734 1223 1789 enim
1248 1742 1411 1790 nocte
1435 1735 1775 1799 tradebatur,
1808 1750 1948 1806 pane
1969 1736 2175 1792 sanctis
2194 1749 2259 1791 ac

690 1824 1054 1881 immaculatis
1089 1828 1343 1881 manibus
1372 1827 1487 1883 suis
1511 1836 1755 1898 accepto,
1789 1835 1843 1883 et
1877 1828 2101 1884 elevatis
2126 1844 2258 1883 ocu-

688 1914 757 1970 lis
787 1916 853 1970 ad
878 1924 932 1971 te
956 1916 1125 1973 Deum
1158 1934 1318 1974 suum
1350 1932 1415 1973 ac
1439 1893 1680 1983 Patrem,
1714 1919 1894 1990 fregit,
1922 1929 1975 1975 et
1997 1919 2147 1976 dedit
2174 1919 2258 1975 di-
2291 1893 2330 1949 δ

689 2007 938 2077 scipulis,
962 2008 1150 2065 dicens
1175 2024 1189 2062 :
1222 2028 1240 2060 ι
1291 2008 1404 2065 Hoc
1433 2019 1518 2066 est
1548 2013 1871 2081 mysterium
1897 2012 2035 2066 Novi
2066 2010 2258 2068 Testa-

688 2100 882 2164 menti,
924 2102 1155 2171 accipite
1181 2118 1247 2157 ex
1271 2118 1359 2167 eo,
1409 2103 1740 2159 manducate
1768 2122 1782 2158 :
1812 2104 1914 2159 hoe
1938 2111 2020 2160 est
2056 2119 2257 2175 corpus

686 2206 891 2256 meum,
921 2192 1065 2262 quod
1105 2208 1203 2263 pro
1246 2194 1434 2251 multis
1474 2193 1767 2265 frangitur,
1794 2195 1849 2249 in
1880 2172 2258 2251 remissionem

686 2293 1057 2351 peccatorum.
1094 2283 1359 2341 Similiter
1394 2284 1624 2341 calicem
1657 2287 1877 2342 miscuit
1914 2302 1981 2343 ex
2027 2286 2156 2341 vino
2204 2294 2260 2342 et

683 2387 847 2443 aqua,
882 2376 1266 2440 sanetilicavit,
1294 2391 1358 2431 ac
1382 2376 1532 2432 dedit
1566 2377 1781 2445 iisdem,
1824 2378 2053 2433 dicens:
2082 2377 2259 2433 Bibite

683 2482 749 2520 ex
777 2482 843 2521 eo
871 2483 1063 2523 omnes
1090 2487 1101 2523 :
1137 2468 1227 2523 hic
1256 2476 1340 2524 est
1372 2470 1598 2541 sanguis
1627 2484 1804 2535 meus,
1828 2471 1919 2541 qui
1948 2485 2046 2541 pro
2072 2471 2257 2526 multis

682 2558 980 2622 effunditur
1000 2561 1053 2615 in
1074 2561 1457 2617 remissionem
1479 2569 1849 2633 peccatorum.
1877 2561 1991 2617 Hoc
2014 2561 2175 2617 facite
2201 2562 2256 2617 in

682 2667 861 2706 meam
933 2656 1529 2710 commemorationem.
1590 2654 2039 2725 Quotiescunque
2106 2655 2255 2711 enim

683 2746 1088 2801 manducabitis
1120 2762 1312 2817 panem
1342 2748 1510 2812 hunc,
1528 2756 1582 2803 et
1607 2747 1803 2804 bibetis
1831 2748 1978 2803 hunc
2004 2748 2254 2813 calicem,

681 2845 913 2893 mortem
947 2853 1123 2894 meam
1178 2840 1599 2904 annuntiabitis,
1650 2840 1825 2895 donec
1879 2840 2091 2895 veniam
2128 2839 2195 2895 ".
2231 2858 2250 2892 ι

682 2930 725 2960 ’⁸
758 2928 948 3001 itaque
979 2946 1249 2987 memores
1300 2932 1574 3003 passionis
1614 2934 1757 3001 ejus,
1802 2941 1857 2988 et
1897 2932 2110 2998 mortis,
2143 2939 2196 2987 et
2221 2947 2253 2985 a

681 3023 913 3078 mortuis
958 3025 1402 3088 resurrectionis,
1452 3034 1617 3097 atque
1652 3024 1708 3079 in
1739 3025 1943 3084 cmlum
1990 3025 2250 3094 reditus;

682 3129 897 3169 necnon
923 3115 1151 3170 secundi
1181 3116 1469 3182 adventus,
1502 3133 1664 3189 quem
1690 3116 1834 3173 idem
1866 3116 2110 3173 facturus
2138 3124 2251 3182 est,

2362 639 2523 690 νάτου
2554 635 2799 705 ὲξέληται
2828 634 3047 697 τούτους
3070 634 3198 697 τοὺς
3230 633 3342 706 (57)
3372 634 3439 688 δι’
3458 635 3550 699 οὓς
3576 636 3943 706 παρεγένετο,

2362 728 2456 782 καὶ
2484 726 2620 799 ρήξῃ
2648 727 2719 791 τά
2761 726 2936 798 δεσμὰ
2979 726 3074 779 τοῦ
3118 725 3384 790 διαϐόλου,
3428 727 3520 781 καὶ
3545 726 3781 799 ρὗηται
3815 731 3946 793 τοὺς

2361 819 2679 892 ἀνθρώπους
2722 821 2787 874 εκ
2828 818 2927 891 τῆς
2975 819 3190 891 ἀπάτης
3229 818 3431 873 αὐτοῦ·
3485 821 3579 873 καὶ
3627 820 3828 892 ἀνέστη
3879 823 3944 874 εκ

2360 914 2568 985 νεκρῶν
2603 916 2672 984 τῇ
2716 913 2873 984 τρίτη
2909 911 3093 984 ἡμέρα
3114 926 3129 943 θ
3163 910 3257 964 καὶ⁵
3280 912 3684 983 τεσσαράκοντα
3722 912 3947 983 ἡμέρας

2362 1004 2706 1076 ὶνδιατρίψας
2746 1003 2859 1074 (58)
2887 1006 3001 1067 τοῖς
3042 1001 3332 1074 μαθηταῖς,
3366 1002 3639 1074 ἀνελήφθη
3686 1005 3769 1066 είς
3812 1004 3945 1067 τοὺς

2358 1096 2639 1167 οὐρανοὺς,
2671 1094 2765 1149 καὶ
2808 1094 3077 1165 ἐκαθέσθη
3099 1095 3163 1148 εκ
3206 1091 3397 1158 δεξιῶν
3432 1102 3531 1147 σου
3556 1094 3648 1148 τοῦ
3676 1092 3813 1147 Θεοῦ
3845 1097 3947 1149 καὶ

2360 1186 2570 1258 [ἰατρὸς
2591 1184 2775 1240 αὑτοῦ.
2800 1182 3155 1256 Μεμνημένοι
3172 1182 3265 1239 οὖν
3284 1178 3359 1238 ὧν
3378 1183 3444 1238 δι’
3462 1186 3610 1256 ἡμὰς
3645 1184 3910 1256 ὑπέμεινε
3928 1226 3941 1248 ,

2360 1276 2785 1349 εὐχαριστοῦμέν
2816 1293 2918 1339 σοι,
2946 1275 3049 1329 Θεε
3084 1277 3489 1349 παντόκρατορ,
3514 1278 3610 1348 οὐχ
3636 1279 3758 1332 ὅσον
3789 1280 3946 1349 ὀφεί-

2358 1365 2542 1439 λομεν,
2586 1367 2703 1422 ἁλλ’
2724 1368 2846 1420 ὅσον
2892 1354 3207 1439 δυνάμεθα,
3234 1368 3329 1421 καὶ
3363 1369 3463 1439 τὴν
3498 1368 3739 1435 διάταξιν
3770 1370 3943 1424 αὑτοῦ

2358 1457 2686 1530 πληροῦμεν.
2730 1457 2816 1513 Ἐν
2907 1457 3015 1530 γὰρ
3039 1460 3192 1512 νυκτὶ
3210 1458 3541 1531 παρεδίδοτο,
3572 1458 3752 1515 λαϐὼν
3774 1462 3944 1535 ἁρτον

2357 1552 2475 1613 ταῖς
2508 1550 2690 1618 ἁγίαις
2715 1551 2809 1604 καὶ
2829 1548 3080 1622 ἁμῶμοις
3100 1549 3265 1603 αὑτοῦ
3287 1551 3462 1624 χερσὶ,
3504 1551 3597 1605 καὶ
3626 1551 3943 1623 ἀναϐλέψας

2358 1640 2495 1713 πρὸς
2530 1640 2587 1694 σε
2620 1640 2713 1694 τὸν
2756 1641 2889 1695 Θεὸν
2933 1641 3097 1696 αὑτοῦ
3147 1642 3241 1696 καὶ
3286 1642 3525 1715 Πατέρα,
3571 1644 3665 1697 καὶ
3706 1645 3941 1709 κλάσας,

2358 1731 2525 1787 ἔδωκε
2560 1736 2672 1797 τοῖς
2708 1733 2977 1805 μαθηταῖς
3016 1731 3222 1787 εἰπών’
3258 1752 3276 1785 ι
3314 1720 3484 1788 Τοῦτο
3527 1735 3586 1789 τὸ
3635 1739 3944 1809 μυστήριον

2357 1823 2667 1895 τῆςΚαινῆς
2678 1825 2947 1896 Διαθήκης
2967 1842 2979 1855 ·
3003 1824 3195 1880 λάϐετε
3215 1824 3272 1893 ιε
3292 1825 3477 1889 αὑτοῦ,
3505 1826 3704 1897 φάγετε
3728 1845 3741 1859 ·
3774 1830 3944 1884 τοῦτό

2357 1916 2471 1969 εστι
2500 1913 2561 1969 τὸ
2587 1915 2747 1987 σῶμά
2781 1934 2904 1988 μου,
2938 1918 2998 1970 τὸ
3026 1918 3154 1989 περὶ
3191 1916 3403 1971 πολλῶν
3446 1917 3819 1990 θρυπτόμενον
3859 1922 3943 1985 είς

2356 2006 2547 2076 ἁφεσιν
2578 2008 2890 2079 ἁμαρτιῶν·
2924 2008 3183 2072 ὡσαύτως
3202 2009 3296 2062 καὶ
3314 2010 3375 2063 τὸ
3406 2011 3660 2082 ποτήριον
3691 2011 3943 2082 κεράσας

2357 2097 2415 2166 ἐξ
2439 2101 2583 2153 οἴνου
2622 2102 2715 2154 καὶ
2755 2100 2946 2165 ὓδατος
2979 2101 3120 2172 (59),
3160 2100 3255 2154 καὶ
3289 2101 3539 2170 ἁγιάσας,
3571 2102 3846 2179 ιπέδωκςν
3868 2104 3941 2134 η.

2358 2191 2557 2256 αὐτοῖς,
2590 2192 2790 2261 λέγων’
2810 2194 2969 2246 Πίετε
2995 2194 3053 2261 εξ
3082 2192 3244 2247 αὑτοῦ
3277 2194 3476 2257 πάντες
3500 2209 3513 2225 ⁸
3544 2193 3700 2247 τοῦτό
3728 2196 3848 2249 ἔστι
3878 2196 3943 2249 τὸ

2356 2276 2496 2353 αἷμά
2538 2301 2670 2355 μου,
2708 2285 2768 2337 τὸ
2804 2286 2931 2356 περὶ⁵
2966 2285 3174 2339 πολλῶν
3211 2286 3567 2357 ἐκχυνόμενον
3614 2290 3693 2352 είς
3738 2290 3943 2358 ἁφεσιν

2357 2375 2657 2447 ἁμαρτιῶν.
2702 2376 2870 2430 Τοῦτο
2912 2379 3117 2430 ποιεῖτε
3158 2379 3237 2441 είς
3278 2379 3377 2447 τὴν
3427 2379 3566 2451 ἐμὴν
3599 2371 3937 2451 ἀνάμνησιν.

2368 2464 2585 2530 Ὁσάκις
2616 2466 2724 2539 γὰρ
2767 2467 2860 2521 ὶὰν
2891 2467 3105 2539 ἐσθίητε
3142 2469 3234 2522 τὸν
3277 2469 3439 2541 ἁρτον
3457 2469 3672 2534 τοῦτον,
3714 2474 3809 2525 καὶ
3847 2474 3943 2525 πί-

2356 2575 2484 2631 νητε
2534 2559 2597 2612 τὸ
2654 2560 2910 2631 ποτήριον
2962 2560 3155 2623 τοῦτο,
3222 2560 3311 2613 τὸν
3356 2560 3584 2615 θάνατον
3640 2562 3734 2616 τὸν
3799 2564 3941 2635 ἐμὸν

2356 2650 2785 2719 καταγγέλλετε,
2836 2652 2992 2724 ἄχρις
3037 2652 3103 2706 ἂν
3149 2651 3308 2706 ἔλθω.
3345 2670 3363 2705 ι
3413 2654 3771 2725 Μεμνημένοι
3819 2657 3939 2709 τοί-

2355 2746 2450 2797 νυν
2486 2742 2579 2797 τοῦ
2628 2744 2835 2807 πάθους
2877 2744 3061 2809 αὑτοῦ,
3106 2746 3197 2799 καὶ
3219 2744 3310 2798 τοῦ
3342 2745 3593 2809 θανάτου,
3622 2747 3844 2818 καὶτῆς
3874 2750 3942 2803 ἐκ

2354 2834 2562 2906 νεκρῶν
2601 2835 2979 2901 ἀναστάσεως,
3022 2838 3115 2892 καὶ
3163 2838 3261 2910 τῆς
3304 2841 3384 2903 είς
3433 2840 3694 2912 οὐρανοὺς
3734 2843 3946 2897 ἐπανό-

2353 2924 2465 2989 δου,
2506 2927 2726 2998 καὶτῆς
2757 2927 3052 2999 μελλούσης
3088 2928 3250 2983 αὐτοῦ
3286 2930 3547 3002 δευτέρας
3588 2934 3937 3004 παρουσίας,

2355 3013 2468 3093 ὲνῇ
2497 3018 2715 3091 ἔρχεται
2734 3020 2890 3091 νμετὰ
2916 3020 3071 3093 δόξης
3098 3022 3491 3094 καὶδυνάμεως
3514 3027 3695 3097 κρῖναι
3725 3024 3943 3093 ζῶντας

2356 3111 2448 3165 καὶ
2492 3113 2740 3183 νεκροὺς,
2794 3113 2889 3167 καὶ⁸
2931 3113 3221 3167 ἁποδοῦναι
3256 3114 3469 3185 δκὰστῳ
3512 3116 3654 3170 κατὰ
3688 3117 3759 3172 τὰ
3796 3118 3942 3189 ἔργα

682 3192 739 3258 in
758 3220 867 3277 quo
885 3222 1010 3262 cum
1032 3208 1202 3279 gloria
1233 3216 1285 3264 et
1312 3216 1582 3282 potestate
1617 3210 1798 3265 veniet
1821 3209 2069 3279 judicare
2103 3209 2255 3265 vivos

2358 3203 2543 3269 αὑτοῦ,
2594 3205 2975 3277 προσφέρομεν
3006 3223 3085 3259 σοι
3116 3205 3194 3277 τῷ
3218 3205 3424 3277 βασιλεῖ
3470 3209 3563 3261 καὶ
3604 3206 3751 3281 Θεῷ,
3790 3210 3939 3263 κατὰ

683 3306 739 3352 et
768 3309 1017 3355 mortuos
1044 3302 1111 3364 ",
1143 3309 1197 3356 et
1242 3301 1469 3359 reddere
1501 3302 1733 3371 singulis
1756 3303 1915 3373 juxta
1958 3316 2126 3374 opera
2156 3316 2251 3357 eo-

683 3404 807 3443 rum
832 3392 912 3458 ";
960 3393 1061 3449 tibi
1110 3393 1224 3466 regi
1257 3408 1322 3449 ac
1366 3393 1478 3450 Deo
1509 3407 1701 3466 panem
1734 3395 1880 3449 hunc
1932 3402 1987 3451 et
2027 3394 2253 3450 calicem

682 3482 830 3537 hunc
886 3484 1191 3550 oﬂerimus,
1244 3486 1546 3543 secundum
1606 3487 2054 3543 constitutionem
2110 3486 2252 3556 ejus,

680 3578 886 3649 gratias
918 3580 1014 3633 tibi
1058 3594 1155 3650 per
1182 3595 1307 3635 eum
1348 3586 1599 3652 agentes,
1644 3581 1771 3650 quia
1802 3594 1904 3635 nos
1934 3578 2127 3650 dignos
2159 3581 2256 3631 ha-

684 3670 877 3735 buisti,
910 3672 1007 3742 qui
1042 3680 1317 3728 staremus
1346 3687 1531 3727 coram
1564 3680 1640 3737 te,
1678 3687 1743 3726 ac
1774 3672 2083 3728 sacerdotio
2130 3670 2255 3725 fun-

682 3777 935 3831 geremur
956 3764 1052 3818 tibi
1077 3782 1091 3831 ;
1115 3772 1167 3819 et
1192 3765 1478 3834 poscimus
1501 3772 1575 3827 te,
1603 3772 1661 3818 ut
1695 3779 1859 3833 super
1888 3762 2002 3818 hac
2032 3763 2175 3818 dona
2199 3763 2252 3816 in

682 3865 980 3927 conspectu
1027 3867 1122 3911 tuo
1169 3858 1449 3928 proposita
1482 3857 1694 3927 placate
1723 3856 2011 3926 respicias,
2062 3862 2121 3909 tu
2159 3854 2255 3924 qui

681 3948 889 4005 nullius
919 3947 1132 4020 indiges
1170 3948 1333 4015 Deus,
1372 3957 1426 4004 et
1456 3949 1816 4019 beneplaceas
1851 3949 1906 4002 in
1952 3948 2033 4003 eis
2058 3945 2125 4000 ad
2156 3946 2256 4000 ho-

682 4053 871 4093 norem
907 4038 1116 4095 Christi
1164 4040 1268 4104 tui,
1320 4049 1484 4111 atque
1532 4054 1700 4110 supra
1757 4039 1863 4093 hoc
1917 4036 2253 4095 sacriﬁcium

684 4131 869 4186 mittas
912 4140 1161 4187 sanetum
1192 4139 1347 4187 tuum
1378 4125 1665 4203 Spiritum,
1712 4138 1903 4185 testem
1936 4128 2255 4200 passionum

682 4220 897 4277 Domini
924 4220 1077 4287 Jesu,
1112 4232 1173 4279 ut
1200 4223 1449 4280 exhibeat
1482 4239 1679 4293 panem
1709 4222 1855 4277 hunc
1876 4236 2076 4293 corpus
2097 4220 2255 4277 Chri-

684 4313 756 4369 sti
776 4315 877 4377 tui,
909 4322 963 4370 et
993 4315 1221 4372 calicem
1244 4296 1397 4371 hunc
1425 4315 1749 4385 sanguinem
1780 4312 1987 4369 Christi
2021 4312 2124 4377 tui,
2145 4326 2255 4383 quo

682 4408 979 4478 participes
1009 4409 1183 4473 illius,
1215 4410 1283 4464 ad
1328 4409 1584 4480 pietatem
1612 4405 2029 4469 confirmentur,
2056 4406 2251 4462 remis-

684 4498 896 4553 sionem
939 4511 1290 4569 peccatorum
1318 4507 1755 4571 consequantur,
1785 4497 2001 4554 diabolo
2024 4497 2253 4569 ejusque

2356 3298 2455 3369 τὴν
2471 3297 2631 3351 αὐτοῦ
2658 3296 2919 3364 διάταξιν,
2945 3296 3052 3352 τὸν.
3066 3299 3226 3371 ἄρτον
3245 3298 3455 3363 τοῦτον,
3476 3299 3569 3353 καὶ
3590 3300 3651 3354 τὸ
3672 3303 3941 3373 ποτήριον

2353 3389 2532 3454 τοῦτο,
2559 3390 3006 3461 εὐχαριστοῦντές
3032 3408 3113 3445 σοι
3134 3391 3199 3445 δι’
3222 3391 3408 3456 αὐτοῦ,
3443 3394 3527 3463 ἐφ’
3547 3388 3629 3458 οἷς
3655 3395 3941 3466 κατηξίω-

2356 3499 2457 3546 σας
2494 3474 2641 3552 ἡμᾶς
2682 3482 2901 3535 ἑστάναι
2931 3482 3159 3537 ἐνώπιόν
3188 3502 3303 3549 σου,
3337 3485 3432 3539 καὶ
3479 3486 3774 3559 ἱερατεύειν
3826 3506 3940 3553 σοι,

2356 3577 2451 3630 καὶ
2488 3574 2744 3646 ἀξιοῦμέν
2785 3591 2866 3638 σε,
2911 3576 3059 3640 δπως
3102 3578 3344 3649 εὐμενῶς
3391 3579 3686 3652 έπιϐλέψῃς
3730 3582 3827 3635 επὶ
3865 3585 3944 3637 τὰ

2354 3667 2688 3739 προκείμενα
2722 3667 2869 3739 δῶρα
2896 3668 3066 3721 ταῦτα
3096 3666 3324 3731 ἐνώπιόν
3354 3687 3473 3735 σου,
3504 3672 3569 3726 σὺ
3607 3674 3635 3724 ὁ
3675 3674 3943 3746 ἀνενδεὴς

2352 3758 2505 3822 Θεὸς,
2536 3758 2629 3812 καὶ
2652 3758 2949 3830 εὐδοκήσῃς
2978 3761 3063 3812 ἐπ’
3082 3761 3263 3825 αὐτοῖς
3283 3763 3361 3826 είς
3388 3762 3554 3834 τιμὴν
3581 3762 3675 3817 τοῦ
3690 3764 3939 3836 Χριστοῦ

2356 3865 2469 3913 σου,
2519 3851 2612 3903 καὶ
2650 3850 3013 3922 καταπέμψῃς
3041 3852 3101 3905 τὸ
3129 3852 3281 3922 ἅγιόν
3313 3869 3404 3905 σου
3453 3854 3677 3926 Πνεῦμα
3706 3857 3801 3910 ἐπὶ
3830 3858 3939 3927 τὴν

2355 3941 2539 3995 θυσίαν
2568 3942 2789 4015 ταύτην,
2818 3943 2909 3996 τὸν
2934 3943 3183 4016 μάρτυρα
3208 3944 3316 3999 τῶν
3337 3944 3672 4017 παθημάτων
3698 3948 3793 4001 τοῦ
3820 3951 3939 4003 Κυ-

2355 4032 2471 4105 ρίου
2516 4034 2711 4108 Ἰησοῧ,
2734 4035 2879 4099 ὅπως
2898 4036 3146 4108 ἀποφήνῃ
3166 4036 3258 4090 τὸν
3272 4038 3433 4109 ἁρτον
3449 4038 3639 4092 τοῦτον
3661 4039 3819 4111 σῶμα
3833 4042 3937 4095 τοῦ

2352 4125 2589 4199 Χριστοῆ
2634 4143 2752 4188 σου,
2779 4126 2965 4182 καὶτὸ
3007 4129 3262 4200 ποτήριον
3306 4127 3466 4183 τοῦτο
3493 4123 3631 4203 αἷμα
3652 4130 3751 4204 ’τοῦ
3788 4131 3938 4203 Χρι-

2354 4218 2480 4274 στοῦ
2534 4236 2649 4283 σου,
2698 4219 2785 4273 ῐνα
2826 4220 2877 4273 ol
2924 4218 3318 4291 μεταλαϐόντες
3366 4220 3553 4287 αὐτοε,
3588 4221 3940 4293 βεϐαιωθῶσι

2352 4312 2491 4385 πρὸς
2518 4311 2821 4376 εὐσέϐειαν,
2864 4312 3112 4381 ἀφέσεως
3136 4314 3551 4386 ἁμαρτημάτων
3576 4314 3803 4385 τύχωσι,
3832 4317 3941 4371 τοῦ

2351 4394 2597 4459 διαϐόλου
2634 4405 2727 4459 καὶ
2754 4404 2859 4475 τῆς
2884 4404 3092 4477 πλάνης
3118 4404 3282 4459 αὐτοῦ
3316 4404 3575 4478 ῥυσθῶσι,
3610 4406 3941 4478 Πνεύματης

2356 4496 2510 4565 ἁγίου
2548 4496 2925 4568 πληρωθῶσιν,
2948 4496 3090 4564 ἁξιοι
3114 4497 3205 4551 τοῦ
3233 4496 3469 4570 Χριστοῦ
3495 4481 3588 4552 σου
3619 4498 3886 4567 γένωνται
3918 4541 3936 4564 ,

681 4606 869 4647 errore
918 4593 1237 4660 liberentur,
1268 4593 1475 4665 Spiritu
1510 4600 1705 4649 sancto
1734 4592 2067 4665 repleantur,
2100 4591 2251 4664 digni

2356 4588 2503 4659 ζωῆς
2554 4590 2768 4643 αἰωνίου
2820 4590 3045 4660 τύχωσι,
3102 4588 3197 4643 σοῦ
3242 4588 3670 4660 καταλλαγέντος
3719 4591 3934 4656 αὐτοῖς,

682 4682 901 4741 Christo
923 4694 1018 4739 tuo
1042 4687 1193 4751 llant,
1216 4686 1386 4743 vitam
1414 4687 1799 4757 sempiternam
1838 4686 2152 4755 impetrent,
2198 4693 2252 4741 te

681 4778 792 4833 illis
819 4781 1193 4847 reoonciliato,
1233 4777 1463 4836 Domine
1498 4778 1865 4851 omnipotens.
1896 4776 2090 4832 Adhuc
2124 4790 2251 4831 ora-

2354 4681 2598 4736 Δέσποτα
2630 4681 3028 4754 παντόκρατορ.
3061 4680 3182 4735 Ἔτι
3207 4681 3441 4753 δεόμεθὰ
3467 4699 3582 4747 σου,
3603 4683 3799 4755 Κύριε,
3830 4688 3937 4740 καὶ

2356 4774 2495 4846 ὑπὲρ
2532 4771 2633 4844 τῆς
2668 4773 2826 4843 ἁγίας
2870 4790 2963 4827 σου
3021 4773 3345 4846 Ἐκκλησίας
3388 4775 3488 4846 τῆς
3523 4774 3631 4829 ἁπδ
3669 4777 3938 4848 περάτων

755 4917 1013 5001 "mliieol.
1036 4918 1395 5001 gblethonxDe
1414 4937 1631 5001 corpore
1658 4938 1707 4981 et
1738 4930 1992 5001 sanguine
2021 4904 2240 5001 Christi.
2317 4928 2362 4959 ”
2393 4926 2716 5001 _I_Cor._xt;_
2738 4923 2926 4981 Matth.
2984 4939 3110 5001 xx_v_i
3138 4920 3385 5001 λέξῃ-ο.
3440 4938 3552 5001 xtv_;
3598 4922 3729 5001 Luc.
3760 4940 3929 5001 _xxtt.

678 4988 910 5115 rsum.
948 4990 1183 5047 Hetbon.
1216 4994 1367 5063 ἡμῖν.

1508 4996 1553 5027 "
1595 4997 1765 5069 lguat.
1799 4996 2053 5070 interpol.
2078 5000 2144 5053 ad
2176 4999 2353 5069 Magn.
2384 4998 2471 5053 ll.

2585 4997 2629 5028 "
2668 4991 2835 5052 Marc.
2869 5010 2987 5061 xm,
3037 4994 3129 5063 ‘16;
3164 4991 3207 5049 Il
3237 4992 3375 5049 Tim.
3413 5008 3486 5059 tv,
3520 4994 3569 5051 l.
3676 4996 3719 5028 ³⁸
3758 4993 3930 5054 Rom.

2023 5182 2381 5240 VARIORUM
2414 5180 2641 5240 ΝΟΤᾸΞ.

754 5312 867 5453 (57;
907 5314 1072 5384 Τούς.
1101 5313 1263 5373 Deest
1290 5319 1497 5374 rectius
1518 5319 1575 5374 in
1600 5318 1728 5373 cod.
1758 5319 2109 5380 Vindan.

754 5382 842 5452 (58
916 5383 1341 5453 Ένόιατρίψας.
1385 5391 1777 5453 Συνδιατρίῲας
1805 5393 2000 5450 melius
2030 5394 2086 5448 in

682 5382 1341 5508 “ﬁumirmptw'
1385 5391 1777 5462 Συνδιατριψας
1805 5393 2000 5450 melius
2030 5394 2086 5448 in
2125 5392 2249 5450 cod.

730 5468 916 5509 ιΜοσ).
940 5468 1015 5508 ID.

751 5523 859 5593 (59)
904 5525 971 5599 Τὸ
1002 5526 1284 5599 ποτήριον
1310 5530 1571 5598 κεράσας
1591 5530 1660 5596 ἐξ
1694 5532 1860 5586 οινου
1890 5532 1987 5587 καὶ
2015 5532 2249 5599 ὕδατος.

679 5592 881 5675 contra
909 5595 1048 5651 duas
1070 5592 1307 5675 haereses
1336 5592 1404 5675 ex
1435 5592 1669 5675 adverso
1699 5611 2039 5673 pugnantes;
2067 5592 2253 5658 Mono—

681 5665 1027 5744 physitarum
1058 5675 1114 5721 et
1142 5668 1523 5744 Armeniorum
1578 5665 1855 5727 solo'vi'uo
1887 5675 1940 5727 in
1972 5665 2251 5744 mysteriis

683 5735 976 5815 utentium,
1008 5745 1170 5807 atque
1202 5741 1557 5815 aquariorum
1607 5744 1723 5815 sive
1772 5735 2252 5815 hydroparastata-

688 5818 820 5874 rum_
841 5807 955 5859 sola
997 5822 1158 5874 aqua.
1202 5806 1275 5864 De
1314 5811 1398 5864 his
1426 5813 1780 5869 observabilis
1812 5806 1869 5867 'et
1915 5806 2063 5868 varia
2094 5817 2252 5869 lectio

689 5876 758 5929 ad
790 5871 913 5947 ιτς.
944 5871 1149 5934 Non)“.
1183 5877 1473 5937 Theodosii
1499 5885 1582 5937 tit.
1618 5884 1650 5938 3
1676 5880 1750 5939 De
1775 5883 2000 5952 Juda‘is,
2040 5884 2248 5957 Hydro-

2352 5329 2679 5394 parastatgs,
2696 5329 2746 5375 et
2766 5318 3177 5394 Hydrapltobos:
3196 5320 3371 5394 prima
3384 5320 3442 5394 in
3462 5317 3723 5394 Nescitis;
3746 5319 3933 5394 altera

2353 5387 2559 5449 citante
2584 5387 2920 5476 flabano'vel
2946 5387 3054 5476 alio
3080 5387 3318 5476 cap-dy,
3342 5392 3437 5476 lib.
3467 5400 3648 5476 contra
3663 5387 3887 5476 {signa
3910 5409 3932 5446 :

2354 5479 2475 5535 quae
2502 5463 2764 5535 explicari
2795 5470 2975 5532 potest
3004 5477 3100 5533 per
3129 5457 3491 5535 Epiphanium
3539 5461 3630 5514 ubi
3662 5461 3727 5535 d_e
3753 5457 3935 5535 Ebio—

2354 5528 2486 5589 natis
2510 5549 2523 5585 :
2549 5528 2707 5587 docet
2735 5528 2878 5587 enim
2901 5528 3308 5587 eos—haereticos
3330 5546 3525 5602 aquam
3557 5528 3936 5602 pro.Deo'ba-

2355 5605 2560 5664 iniisse,
2589 5604 2846 5673 illamque
2874 5617 3079 5657 meram
3106 5604 3160 5655 in
3194 5601 3451 5673 sanctum
3483 5601 3704 5673 calicem
3724 5601 3934 5673 immi-

2355 5677 2515 5731 sisse.
2541 5673 2711 5727 Erunt
2740 5671 2921 5742 itaque
2946 5673 3311 5743 hydrophobas
3332 5673 3411 5743 vel
3441 5671 3799 5743 hydrophobi,
3824 5676 3934 5741 qui

2352 5759 2562 5816 aquam_
2580 5751 2915 5816 reverentur.
2943 5742 3325 5816 Hydrotheitas
3352 5742 3519 5816 habes
3543 5742 3681 5816 apud
3711 5755 3936 5816 anony-

2354 5811 2499 5869 tn'um
2531 5814 2607 5867 De
2634 5813 2914 5867 hwresibus
2939 5811 3258 5882 scriptorem
3286 5811 3637 5869 aSirmondo
3659 5813 3713 5867 iu
3741 5811 3934 5870 lucelli

2350 5886 2635 5952 emissum,
2666 5885 2855 5941 haeresi
2892 5885 2972 5939 75.
2992 5882 3127 5938 Cor.
