4066 6334
159 394 293 452 “05

1023 385 1618 445 CON'STITL'TIONES
1649 383 2193 444 APOSTOLICE.-—
2214 387 2342 444 LIB.
2381 386 2516 445 VIII.

3268 392 3407 454 “06

151 512 255 576 ῑως
283 507 644 584 περάτων,ῆν
681 505 1049 580 περιεποιήσω
1093 503 1170 578 τῷ
1198 505 1364 575 τιμίῳ
1404 504 1596 575 αἵματι
1623 503 1701 556 τοὶ

1821 518 1946 558 mus
1971 511 2044 569 te,
2080 501 2332 570 Domine,
2379 521 2481 576 pro
2531 516 2724 562 sancta
2767 505 3012 563 Ecclesia
3043 515 3160 571 tua,
3199 523 3322 578 qua:
3375 525 3404 562 a

148 602 383 676 Χριστοῦ
418 619 534 664 σου,
581 603 727 664 ὅπως
771 599 938 670 αὐτὴν
973 597 1306 668 διαφυλάξῃς
1338 597 1586 652 ἄσειστον
1623 598 1718 664 καὶ

149 694 564 758 ἀκλυδώνιστον,
594 693 723 765 ἄχρι
746 693 848 763 τῆς
893 689 1198 755 συντελείας
1230 688 1324 744 τοῦ
1363 690 1556 753 αίῶνος
1580 707 1592 720 ·
1622 690 1716 744 καὶ

148 790 285 861 ὑπὲρ
315 789 498 860 πάσης
534 785 836 856 ἐπισκοπῆς
862 783 963 855 τῆς
1010 781 1405 856 ὀρθοτομούσης
1441 781 1532 835 τὸν
1561 780 1716 856 λύγον

146 885 239 955 τῆς
277 881 553 954 ἀληθείας.
604 880 723 933 Ἔτι
758 875 1178 950 παρακαλοῦμέν
1210 890 1268 927 σε
1316 874 1408 928 καὶ⁵
1445 872 1584 946 ὑπὲρ
1613 873 1714 944 τῆς

145 975 278 1047 ὶμῆς
314 974 408 1028 τοῦ
442 970 839 1044 προσφέροντος
863 985 942 1023 σοι
969 966 1232 1030 ούδενίας,
1268 966 1360 1019 καὶ⁸
1403 965 1543 1036 ὑπὲρ
1574 975 1712 1018 πανέ

144 1069 230 1133 τὸς
253 1067 346 1122 τοῦ
379 1063 795 1139 πρεσϐυτερίου,
827 1061 967 1132 ὑπὲρ
1003 1059 1112 1114 τῶν
1149 1059 1409 1113 διακόνων
1439 1059 1532 1111 κα)⁵
1573 1074 1710 1111 παν-

143 1162 228 1226 τὸς
256 1159 347 1214 τοῦ
370 1159 597 1230 κλήρου,
626 1155 714 1210 ῐνα
725 1154 930 1217 πάντας
952 1151 1195 1222 σοφίσας,
1225 1150 1534 1221 Πνεύματος
1555 1150 1709 1219 ἀγίου

145 1250 452 1325 πληρώσης.
490 1250 609 1303 Ἔτι
636 1243 1060 1320 παρακαλοῦμέν
1101 1261 1188 1308 σε,
1212 1243 1404 1314 Κύριε,
1446 1242 1584 1315 ὑπὲρ
1612 1241 1709 1296 τοῦ

143 1343 417 1415 βασιλέως,
449 1342 543 1396 καὶ
576 1340 685 1395 τῶν
712 1341 770 1393 έν
794 1338 1034 1410 ὑπεροχῇ
1066 1337 1161 1391 καὶ
1199 1335 1401 1399 παντὸς
1422 1333 1516 1388 τοῦ
1541 1349 1706 1406 στρα-

139 1434 380 1498 τοπέδου,
415 1435 504 1488 ῐνα
536 1431 920 1505 είρηνεύωνται
949 1429 1017 1484 τὰ
1059 1429 1198 1502 πρὸς
1238 1430 1408 1502 ἡμᾶς,
1458 1429 1606 1492 ὅπως
1649 1429 1708 1483 ὲν

139 1527 330 1601 ἡσυχίᾳ
365 1526 463 1581 καὶ
491 1525 712 1597 ὁμονοίᾳ
737 1523 1014 1592 διάγοντες
1048 1522 1140 1575 τὸν
1183 1521 1360 1575 πάντα
1395 1521 1582 1592 χρόνον
1607 1521 1709 1592 τῆς

140 1620 277 1690 ζωῆς
311 1617 496 1691 ἡμῶν,
531 1615 839 1688 δοξάζωμέν
880 1632 940 1669 σε
981 1613 1070 1670 διὰ
1115 1613 1288 1687 Ἰησοῦ
1325 1613 1562 1687 Χριστοῦ
1605 1614 1706 1686 τῆς

138 1711 341 1774 ιλπίδος
377 1712 410 1780 ἡ
421 1709 560 1782 μῶν.
595 1707 715 1763 Ἔτι
744 1706 1121 1780 προσφέρομέν
1158 1723 1238 1761 σοι
1268 1706 1361 1760 καὶ
1391 1707 1531 1778 ὑπὲρ
1565 1706 1702 1760 πάν-

135 1820 236 1858 των
261 1803 372 1858 τῶν
401 1803 498 1858 ἀπ’
523 1801 715 1864 αἰῶνος
740 1798 1224 1872 εὐαρεστησάντων
1253 1815 1334 1853 σοι
1373 1798 1564 1869 ἁγίων,
1599 1815 1704 1852 πα-

134 1896 423 1970 τριαρχῶν,
472 1893 793 1969 προφητῶν,
826 1892 1072 1958 δικαίων,
1105 1891 1444 1956 ἀποστόλων,
1471 1924 1474 1926 ~
1499 1891 1704 1965 μαρτύ-

137 2005 257 2062 ρων,
289 1987 661 2060 ὀμολογητῶν,
699 1984 1043 2062 επισκόπων,
1075 1983 1487 2058 πρεσϐυτέρων,
1519 1983 1702 2039 διακό-

134 2058 251 2150 νων,
279 2058 668 2145 ὑποδιακύνων,
697 2058 1088 2150 ἀναγνωστῶν,
1111 2076 1352 2149 ψαλτῶν,
1381 2076 1664 2149 παρθένων
1686 2116 1702 2142 ,

133 2149 330 2245 χηρῶν,
360 2171 597 2236 λαῖκῶν,
633 2171 728 2226 καὶ
767 2149 984 2226 πάντων
1007 2162 1086 2225 ’ὧν
1120 2169 1282 2234 αὐτὸς
1311 2169 1597 2224 ὶπίστασαι
1633 2168 1704 2223 τά

132 2265 380 2337 ὀνόματα.
406 2266 529 2320 Ἔτι
558 2263 933 2337 προσφέρομέν
954 2278 1034 2317 σοι
1065 2262 1206 2336 ὑπὲρ
1226 2261 1318 2317 τοῦ
1342 2261 1470 2316 λαοῦ
1490 2262 1699 2326 τούτου,

133 2347 214 2411 ινα
233 2356 519 2429 ἀναδείξῃς
547 2357 704 2412 αὑτὸν
723 2358 802 2421 εἰς
823 2354 1045 2410 έπαινον
1063 2353 1155 2409 τοῦ
1175 2354 1412 2427 Χριστοῦ
1430 2372 1523 2408 σου
1547 2353 1701 2424 βασί-

1821 593 2021 651 ﬁnibus
2047 596 2114 651 ad
2135 595 2270 653 flues
2291 597 2626 662 extenditur,
2650 613 2816 668 quam
2842 599 3128 669 acquisisti
3158 599 3407 669 pretioso

1816 687 2085 758 sanguine
2114 686 2325 748 Christi
2369 690 2484 758 tui;
2515 698 2577 745 ut
2610 704 2735 746 eam
2774 689 3171 746 inconcussam
3203 706 3270 745 ac
3298 691 3404 744 mi-

1817 781 1962 836 nime
2010 779 2364 840 fluctuantem
2409 796 2706 838 conserves
2734 797 2911 854 usque
2937 781 2994 838 in
3036 783 3223 837 saeculi
3270 797 3404 837 con-

1815 873 2232 928 summationem
2268 873 2430 930 :item
2461 888 2564 945 pro
2585 874 2852 930 universo
2872 875 3220 945 episcOpatu,
3255 884 3406 930 recte

1812 963 2040 1019 verbum
2069 965 2320 1022 veritatis
2350 973 2622 1021 tractante
2661 981 2726 1022 ac
2769 966 3161 1032 distribuenle.
3204 965 3404 1022 Adhuc

1812 1069 2068 1126 rogamus
2097 1064 2151 1111 te
2194 1064 2298 1127 pro
2323 1071 2409 1112 me
2431 1058 2638 1112 nullius
2670 1058 2835 1130 pretii
2882 1057 3128 1123 homine,
3164 1059 3263 1130 qui
3294 1058 3397 1114 tibi

1809 1147 2016 1215 oﬂ‘ero;
2060 1156 2115 1204 et
2145 1164 2246 1220 pro
2291 1150 2439 1204 omni
2465 1150 2828 1222 presbyterio,
2856 1165 2958 1222 pro
2999 1151 3276 1217 diaconis,
3330 1166 3398 1208 ac

1808 1239 2066 1296 universo
2109 1240 2296 1308 clero;
2342 1247 2402 1296 ut
2430 1257 2624 1298 omnes
2653 1243 2978 1312 sapientiam
3009 1258 3039 1298 a
3064 1251 3119 1299 te
3145 1241 3394 1313 eductos,

1811 1331 2014 1404 Spiritu
2044 1341 2238 1390 sancto
2259 1333 2508 1405 impleas.
2533 1333 2729 1389 Adhuc
2747 1349 3010 1406 rogamus
3029 1342 3107 1402 te,
3138 1334 3394 1400 Domine,

1807 1439 1909 1495 pro
1949 1439 2096 1495 rege,
2129 1435 2184 1480 et
2211 1425 2279 1480 iis
2322 1425 2414 1497 qui
2463 1427 2520 1481 in
2568 1420 2912 1483 sublimitate
2941 1435 3071 1484 sunt
3107 1429 3173 1493 ",
3207 1437 3262 1483 et
3295 1444 3396 1499 pro

1807 1525 2006 1574 cuncto
2034 1519 2312 1585 exercitu;
2344 1527 2404 1573 ut
2433 1533 2522 1575 res
2559 1527 2764 1576 nostra;
2794 1520 2850 1575 in
2880 1534 3018 1590 pace
3047 1529 3341 1577 versentur
3373 1540 3391 1590 ;

1806 1626 1916 1682 quo
1945 1617 2121 1665 totum
2144 1611 2270 1667 vita:
2300 1620 2510 1668 nostra;
2539 1621 2756 1685 tempus
2786 1613 2840 1668 in
2871 1613 3054 1686 quiete
3083 1607 3402 1671 etconcor-

1805 1703 1895 1758 dia
1924 1702 2286 1773 trajicientes,
2326 1711 2381 1760 te
2401 1720 2503 1776 per
2532 1702 2721 1761 Iesum
2751 1705 3035 1762 Christum
3083 1722 3234 1779 spem
3285 1723 3394 1763 no-

1806 1801 1975 1850 stram
2005 1795 2180 1865 gloria
2210 1793 2533 1853 afficiamus.
2585 1795 2781 1852 Adhuc
2819 1796 3102 1855 offerimus
3150 1798 3254 1854 tibi
3289 1814 3405 1870 pro

1806 1888 2060 1945 omnibus
2091 1889 2322 1949 sanctis.
2356 1890 2450 1960 qui
2487 1903 2518 1943 a
2550 1889 2757 1945 saeculo”
2784 1888 3112 1961 placuerunt
3140 1890 3266 1955 tibi,
3291 1904 3392 1961 pa-

1804 1981 2082 2046 triarchis,
2118 1981 2423 2052 prophetis,
2465 1980 2657 2052 justis,
2707 1981 2998 2052 apostolis,
3027 1982 3388 2054 martyribus,

1803 2074 2234 2139 con’lessoribus,
2286 2073 2586 2146 episcopis,
2651 2074 3039 2146 presbyteris,
3093 2074 3388 2140 diaconis,

1803 2167 2178 2235 subdiaconis,
2211 2167 2529 2232 lectoribus,
2574 2167 2918 2234 cantoribus,
2943 2167 3274 2244 virginibus,
3304 2168 3391 2223 vi-

1801 2259 1948 2324 duis,
1995 2259 2236 2316 laicis'et
2280 2259 2540 2316 omnibus
2571 2273 2808 2330 quorum
2858 2266 2916 2314 tu
2969 2261 3111 2315 nosti
3140 2261 3385 2318 nomina.

1800 2353 1993 2409 Adhuc
2039 2352 2321 2409 oderimus
2359 2351 2458 2408 tibi
2509 2367 2611 2424 pro
2657 2352 2861 2424 populo
2892 2352 3035 2420 hoc;
3087 2361 3148 2407 ut
3175 2368 3301 2409 eum
3331 2354 3391 2410 in

142 2446 276 2500 λειον
310 2437 633 2519 ἱεράτευμα,
665 2447 815 2513 ιθνος
845 2448 1018 2518 ἀγιον·
1044 2449 1185 2521 ὑπὲρ
1215 2449 1326 2505 τῶν
1365 2453 1422 2506 tv
1446 2447 1701 2523 παρθενίᾳ

1802 2444 2017 2501 laudem
2058 2443 2263 2501 Christi
2292 2445 2372 2500 tui
2424 2445 2686 2502 exhibeas
2738 2444 2924 2516 regale
2977 2445 3385 2514 sacerdotium,

140 2537 233 2590 ut
262 2537 481 2610 ἁγνείᾳ,
508 2538 649 2612 ὑπὲρ
686 2539 796 2593 τῶν
824 2539 1008 2612 χηρῶν
1043 2541 1143 2613 τῆς
1191 2541 1536 2614 Ἐκκλησίας,
1568 2540 1701 2614 ὑπὲρ

1802 2545 2012 2610 gentem
2035 2544 2284 2594 sanctam
2317 2557 2330 2593 :
2363 2552 2465 2610 pro
2500 2537 2572 2595 iis
2601 2538 2694 2609 qui
2723 2539 2779 2593 in
2805 2538 3125 2609 virginitate
3144 2545 3198 2593 et
3218 2541 3391 2596 casti-

138 2627 242 2683 τῶν
263 2631 322 2684 tv
345 2633 567 2702 σεμνοῖς
589 2631 784 2703 γάμοις
805 2633 899 2686 καὶ⁸
921 2633 1310 2703 τεκνογονίαις,
1338 2633 1478 2707 ύπὶρ
1496 2633 1603 2686 τῶν
1625 2649 1701 2704 νη·

1802 2637 1911 2686 tate
1956 2630 2185 2698 vivunt;
2229 2645 2332 2701 pro
2374 2629 2558 2686 viduis
2607 2629 2900 2697 Ecclesiae;
2933 2644 3035 2702 pro
3065 2630 3134 2685 iis
3179 2629 3274 2700 qui
3327 2631 3384 2687 in

138 2720 272 2776 πίων
286 2722 381 2777 τοῦ
403 2723 536 2777 λαοῦ
560 2740 675 2788 σου,
690 2725 836 2788 ὅπως
854 2725 1058 2798 μηδένα
1075 2728 1108 2798 ἡ
1118 2725 1232 2797 μῶν
1247 2725 1550 2797 ἀπόϐλητον
1562 2741 1701 2797 ποιη‹

1802 2721 2004 2793 nuptiis
2043 2721 2312 2783 honestis,
2359 2736 2425 2777 ac
2475 2721 2530 2776 in
2577 2722 3034 2794 progeneratione
3083 2721 3386 2778 liberorum

139 2814 382 2885 σῃς.Ἐτι
404 2814 664 2887 ἀξιοῦμέν
689 2831 747 2870 σε
773 2817 868 2870 καὶ
895 2815 1036 2889 ὑπὲρ
1058 2817 1155 2886 τῆς
1178 2815 1382 2880 πόλεως
1397 2815 1598 2886 ταύτης
1614 2814 1701 2868 καὶ

1802 2812 2036 2885 degunt;
2068 2825 2168 2884 pro
2199 2812 2503 2869 infantibus
2534 2813 2711 2884 plebis
2743 2823 2869 2878 tute,
2903 2813 2983 2869 uti
3009 2821 3260 2868 nostrum
3291 2829 3388 2870 ne-

130 2907 231 2962 τῶν
253 2906 625 2977 ἐνοικούντων,
653 2905 796 2978 ὑπὲρ
819 2905 929 2960 τῶν
960 2907 1017 2960 tv
1035 2905 1386 2980 ἀρρωστίαις,
1410 2907 1550 2980 ὑπὲρ
1586 2908 1699 2963 τῶν

1802 2907 1998 2960 minem
2029 2905 2385 2977 reﬁciendum
2410 2904 2636 2961 habeas.
2665 2905 2858 2962 Adhuc
2889 2906 3171 2978 poscimus
3211 2914 3264 2963 te
3285 2923 3386 2978 pro

131 2999 183 3052 tv
213 3000 386 3072 πικρᾷ
409 2997 643 3070 δουλείᾳ,
674 2997 816 3070 ὑπὲρ
842 2995 950 3051 τῶν
976 2999 1032 3051 ὲν
1061 2998 1312 3070 ὲξορίαις,
1346 2999 1486 3072 ὑπὲρ
1509 2999 1617 3054 τῶν
1638 3003 1696 3055 έν

1802 2996 1932 3053 urbe
1975 2997 2100 3063 hac,
2133 3006 2187 3054 et
2231 2997 2608 3055 habitantibus
2636 2997 2694 3053 in
2731 3012 2833 3066 ea;
2878 3013 2976 3070 pro
3010 3000 3252 3070 aegrotis,
3283 3015 3386 3070 pro

129 3091 402 3164 δημεύσει,
435 3091 574 3162 ὑπὲρ
613 3089 881 3144 πλεόντων
924 3091 1019 3144 καὶ
1058 3091 1478 3163 ὁδοιπορούντων
1500 3109 1513 3124 ο
1547 3093 1696 3160 ὅπως

1802 3087 1938 3144 dura
1959 3089 2223 3146 servitute
2247 3089 2497 3158 afﬂictis;
2524 3106 2625 3162 pro
2654 3091 2970 3159 exsulibus;
3004 3106 3106 3164 pro
3135 3093 3384 3163 proscri-

131 3183 410 3255 ὶπίκουρος
441 3182 552 3254 (60)
579 3182 709 3255 γένῃ
752 3182 970 3237 πάντων
997 3182 1188 3255 βοηθὸς
1209 3185 1302 3238 καὶ⁷
1322 3185 1690 3261 ἀντιλήπτωρ.

1802 3181 1943 3252 ptis;
1979 3195 2077 3253 pro
2103 3182 2511 3252 navigantibus,
2543 3190 2599 3238 et
2639 3184 2745 3240 iter
2787 3183 3160 3254 facientibus;
3210 3196 3271 3242 ut
3303 3189 3385 3245 sis

133 3274 244 3328 Ἔτι
273 3273 698 3346 παρακαλοῦμέν
730 3291 787 3328 σε
822 3273 913 3328 καὶ
932 3274 1072 3346 ὑπὲρ
1089 3276 1196 3329 τῶν
1231 3277 1526 3347 μισούντων
1548 3280 1697 3351 ἡμᾶς

1802 3273 2108 3336 auxiliator,
2145 3275 2390 3328 omnium
2419 3274 2642 3345 adjutor
2665 3291 2731 3331 ac
2753 3276 3032 3333 defensor.
3063 3277 3258 3333 Adhuc
3289 3294 3384 3333 ro-

129 3366 216 3418 καὶ
242 3366 542 3421 διωκόντων
575 3367 720 3437 ἡμᾶς
740 3366 828 3421 διὰ
855 3367 914 3421 τι
937 3367 1107 3440 ϐνομά
1141 3384 1255 3432 σου,
1286 3351 1426 3441 ὑπὲρ
1444 3370 1552 3425 τῶν
1591 3371 1696 3439 rem

1802 3383 1989 3438 gamus
2009 3375 2063 3423 te
2093 3382 2191 3439 pro
2212 3367 2280 3424 iis
2325 3367 2419 3438 qui
2448 3368 2682 3423 oderunt
2703 3384 2829 3435 nos,
2851 3381 2906 3426 et
2934 3377 3156 3442 propter
3179 3385 3383 3430 nomen

127 3455 286 3512 ὅντων
325 3459 421 3514 καὶ
455 3457 911 3530 πεπλανημένων,
947 3460 1094 3524 ὅπως
1136 3443 1466 3533 ὲπιᾶτρέψῃς
1502 3462 1696 3528 αὐτοὺς

1802 3466 1948 3514 ιιιυω
1981 3475 2080 3515 nos
2103 3469 2541 3531 persequuntur;
2571 3477 2670 3532 pro
2701 3462 2774 3516 iis
2821 3463 2915 3534 qui
2961 3462 3096 3520 foris
3125 3473 3281 3530 sunt,
3315 3481 3384 3523 ac

127 3553 202 3614 είς
236 3553 458 3621 ἀγαθὸν,
496 3553 588 3606 καὶ
618 3552 707 3604 τὸν
730 3551 898 3624 θυμὸν
936 3552 1115 3607 αὐτῶν
1139 3551 1404 3625 πραύνης.
1439 3554 1559 3607 Ἔτι
1587 3572 1693 3609 πα-

1802 3558 1982 3607 errant
2008 3571 2022 3606 :
2045 3561 2104 3606 ut
2131 3552 2373 3608 adducas
2393 3569 2488 3610 eos
2512 3553 2580 3609 ad
2602 3554 2829 3618 bonum,
2854 3564 2907 3610 et
2925 3555 3163 3610 furorem
3187 3572 3381 3612 eorum

127 3644 355 3715 ρακαλοῦ
365 3644 463 3715 μέν
496 3661 554 3697 σε
577 3644 670 3698 καὶ
699 3643 838 3715 ὑπὲρ
867 3642 974 3698 τῶν
1000 3646 1418 3718 κατηχουμένων
1441 3647 1540 3718 τῆς
1581 3648 1695 3702 Ἐκ-

125 3735 365 3807 κλησίας,
407 3736 501 3789 καὶ
530 3736 671 3809 ὑπὲρ
701 3735 809 3790 τῶν
838 3735 1247 3808 χειμαζομένων
1275 3738 1378 3792 ύπὸ
1411 3738 1506 3792 τοῦ
1536 3740 1690 3793 ἀλλο-

124 3830 266 3901 τρίου
295 3830 428 3902 (61),
458 3831 551 3884 xci.
575 3829 712 3902 ὑπὲρ
731 3829 837 3884 τῶν
868 3831 924 3883 ὲν
957 3831 1212 3902 μετανοίᾳ
1232 3829 1475 3900 ἀδελφῶν
1502 3831 1690 3902 ἡμῶνο

1795 3645 2030 3714 mitiges.
2062 3643 2261 3700 lterum
2304 3661 2564 3716 rogamus
2594 3655 2650 3702 te
2689 3662 2789 3718 pro
2827 3646 3086 3704 Ecclesiae
3117 3649 3382 3706 catechu-

1793 3737 1968 3792 menis
1993 3754 2007 3804 ;
2037 3744 2090 3792 et
2119 3752 2219 3809 pro
2250 3737 2318 3792 iis
2363 3738 2456 3809 qui
2486 3738 2557 3794 ab
2610 3739 2930 3795 adversario
2972 3741 3286 3812 jactantur;
3323 3751 3381 3800 et

1795 3844 1895 3900 pro
1939 3830 2316 3900 paenitentiam
2354 3831 2639 3901 agentibus
2698 3830 2966 3889 fratribus
3022 3835 3231 3890 nostris
3267 3854 3280 3890 :
3319 3843 3378 3891 ut

1795 3923 2001 3991 primos
2027 3922 2524 3994 quidem'perﬂcias
2565 3923 2620 3978 in
2653 3923 2794 3990 fide;
2827 3925 3029 3981 alteros
3060 3941 3191 3981 vero
3215 3942 3379 3982 mun-

1793 4014 1890 4069 des
1907 4028 1935 4067 a
1960 4015 2246 4071 vexatione
2274 4017 2438 4083 mali;
2470 4018 2758 4072 tertiorum
2783 4025 2964 4074 autem
2998 4019 3376 4088 pmnitentiam

123 3921 263 3985 ὅπως
283 3923 409 3986 τοὺς
443 3921 538 3993 μὲν
559 3920 846 3994 τελειώσης
873 3921 930 3974 ὲν
955 3924 1021 3993 τῇ
1053 3923 1250 3986 πίστει,
1283 3923 1408 3986 τοὺς
1437 3922 1493 3975 δὲ
1525 3923 1692 3977 καθα-

128 4013 270 4084 ρίσης
307 4015 370 4066 ἐκ
391 4013 492 4084 τῆς
513 4013 792 4084 ἐνεργείας
823 4012 916 4068 τοῦ
940 4014 1200 4084 πονηροῦ,
1227 4014 1335 4067 τῶν
1366 4015 1424 4068 δὲ
1465 4016 1565 4086 τὴν
1590 4032 1686 4086 με-

121 4103 333 4158 τάνοιαν
361 4102 657 4177 προσδέξη,
715 4107 808 4160 καὶ
845 4108 1204 4178 συγχωρήσῃς
1241 4106 1335 4160 καὶ
1376 4107 1557 4171 αὐτοῖς
1597 4109 1693 4162 καὶ

1802 4109 2087 4178 suscipias,
2113 4109 2498 4180 condonesque
2525 4124 2650 4164 cum
2679 4109 2769 4173 iis,
2805 4119 2918 4164 tum
2951 4110 3110 4166 nobis
3131 4127 3252 4181 qua:
3280 4112 3378 4167 de-

120 4197 243 4266 ἡμῖν
267 4196 336 4252 τὰ
368 4197 788 4270 παραπτώματα
823 4199 1001 4271 ὴμῶν.
1048 4200 1166 4252 Ἔτι
1198 4199 1576 4272 προσφέρομέν
1608 4218 1689 4254 σοι

1802 4201 2073 4270 liquimus.
2099 4200 2390 4257 Oﬂ‘erimus
2421 4217 2638 4272 quoque
2665 4201 2767 4256 tibi
2807 4217 2907 4272 pro
2938 4203 3082 4257 aeris
3112 4210 3378 4273 tempera-

123 4290 210 4342 καὶ
237 4290 378 4361 ύπὲρ
407 4290 507 4360 τῆς
545 4291 835 4362 εὐκρασίας
863 4291 956 4344 τοῦ
989 4291 1151 4364 ἀέρος
1182 4292 1275 4344 καὶ
1304 4292 1403 4362 τῆς
1419 4292 1690 4364 ·εὐφορίας

1802 4301 1938 4360 lura,
1970 4306 2022 4351 et
2047 4294 2260 4366 frugum
2289 4295 2568 4362 ubertate;
2607 4301 2664 4350 ut
2688 4294 3060 4351 indesinenter
3093 4296 3236 4351 bona
3270 4303 3377 4352 ate

121 4380 224 4433 τῶν
251 4381 481 4455 καρπῶν
503 4400 515 4412 ·
548 4382 693 4447 ὅπως
719 4382 1014 4448 ἀνελλιταῖις
1064 4369 1689 4456 μεταλαμϐάνοήεςτῶν

1802 4387 1988 4442 collata
2011 4387 2397 4458 percipientes,
2427 4387 2651 4442 assidue
2681 4387 2966 4442 laudemus
3000 4395 3078 4451 te,
3123 4388 3217 4457 qui
3273 4387 3381 4443 das

121 4474 261 4545 παρὰ
293 4475 385 4528 σοῦ
415 4474 652 4543 ἀγαθῶν,
677 4475 912 4547 αίνῶμέν
943 4493 1000 4530 σε
1030 4475 1336 4541 ἀπαύστως,
1363 4476 1454 4530 τὸν
1481 4476 1688 4531 διδόντα

1802 4493 1973 4534 escam
1997 4479 2144 4534 omni
2167 4480 2340 4534 carni.
2376 4478 2550 4532 Etiam
2575 4495 2830 4550 rogamus
2860 4487 2912 4534 te
2934 4495 3033 4549 pro
3062 4479 3151 4543 iis,
3188 4479 3280 4550 qui
3303 4481 3382 4534 ob

118 4569 316 4639 τροφὴν
342 4568 491 4639 πάσῃ
522 4568 702 4640 σαρκί.
740 4569 859 4622 Ἔτι
883 4568 1308 4642 παρακαλοῦμέν
1340 4586 1399 4636 σε
1430 4570 1522 4623 καὶ
1545 4568 1684 4642 ὑπὲρ

1802 4587 2012 4627 causam
2046 4571 2383 4642 probabilem
2414 4573 2670 4626 absentes
2699 4582 2826 4626 sunt
2853 4591 2864 4626 :
2893 4580 2952 4624 ut
2977 4587 3169 4627 omnes
3191 4587 3292 4627 nos
3317 4572 3374 4628 in

118 4661 219 4714 τῶν
247 4663 312 4716 δι’
334 4661 552 4743 εὔλογον
574 4663 750 4716 αἰτίαν
780 4663 1027 4716 ἀπόντων
1050 4679 1064 4693 ·
1096 4663 1241 4726 ὅπως
1272 4662 1517 4727 ἅπαντας
1541 4665 1687 4735 ἡμᾶς

1802 4665 1987 4734 pietate
2016 4672 2368 4719 conservatos
2399 4679 2428 4718 a
2457 4671 2530 4727 te,
2551 4664 2604 4717 in
2635 4663 2840 4718 Christi
2867 4664 2967 4728 tui,
2991 4663 3084 4718 Dei
3105 4664 3374 4718 universa:

118 4753 442 4829 διατηρήσας
479 4758 536 4809 ὲν
567 4759 631 4827 τῇ
663 4754 934 4828 εὐσεϐείᾳ,
967 4756 1374 4827 ὲπισυναγάγῃς
1401 4757 1457 4810 ὲν
1486 4759 1551 4827 τῇ
1587 4756 1684 4826 βα-

1807 4765 1996 4812 natura:
2020 4758 2123 4814 sub
2159 4772 2381 4812 sensum
2407 4767 2459 4811 et
2504 4757 2920 4827 intelligentiam
2974 4757 3244 4820 cadentis,
3279 4772 3371 4811 re-

121 4848 287 4922 σιλείᾳ
314 4849 407 4903 τοῦ
438 4849 670 4920 Χριστοῦ
711 4866 833 4911 σου,
879 4848 972 4902 τοῦ
1018 4848 1152 4902 Θεοῦ
1199 4849 1379 4920 πάσης
1425 4833 1685 4920 αἰσθητῆς

1802 4852 1977 4921 iisque
2009 4851 2180 4905 nostri
2212 4865 2382 4920 regno
2413 4864 2737 4919 congreges,
2771 4848 3165 4912 immutabiles,
3200 4849 3373 4902 incul-

118 4941 206 4993 καὶ
226 4943 422 5014 νοητῆς
453 4943 684 5012 φύσεως,
722 4941 816 4995 τοῦ
856 4941 1116 5012 βασιλέως
1137 4943 1316 5014 ἡμῶν,
1349 4945 1680 5014 ἀτρέπτους,

1802 4950 1965 5005 )atos,
1997 4941 2410 5012 irreprehensos
2457 4957 2469 4992 :
2523 4941 2780 5011 quoniam
2815 4940 2912 4995 tibi
2952 4941 3132 4994 omnis
3162 4939 3368 5010 gloria,

116 5032 454 5103 ἀμέμπτους,
501 5033 863 5104 ἀνεγκλήτους
884 5051 898 5066 ·
932 5035 1013 5088 ὃτι
1048 5053 1128 5092 σοι
1168 5037 1313 5089 πᾶσα
1340 5036 1484 5102 δόξα,
1517 5036 1680 5101 σέϐας

1802 5035 2097 5098 veneratio,
2132 5035 2432 5105 gratiarum
2464 5033 2632 5098 actio,
2665 5033 2864 5098 honor,
2890 5032 3161 5094 adoratio,
3193 5030 3366 5093 Patri,

121 5123 208 5175 καὶ
259 5123 576 5194 εὐχαριστία
597 5163 612 5188 ,
668 5123 799 5196 τιμὴ
826 5126 918 5179 καὶ
949 5125 1338 5198 προσκύνησις,
1369 5126 1448 5200 τῷ
1477 5127 1675 5200 Πατρὶ,

1802 5125 2032 5192 :tFilio,
2075 5134 2129 5181 et
2163 5124 2390 5197 Spiritui
2421 5135 2640 5192 sancto,
2669 5142 2836 5192 nunc,
2879 5135 2933 5182 et
2956 5141 3193 5196 semper,
3223 5133 3278 5180 et
3309 5124 3366 5179 in

325 5282 371 5314 “
410 5283 430 5338 ι
461 5281 602 5339 Tim.
633 5301 695 5350 ιι,
723 5282 780 5338 2.

1444 5466 1800 5524 VAIlIORUM
1837 5467 2057 5525 ΝΟΤᾸΞ.

1785 5635 2368 5690 εἱίιειίεωίιὶενανείιίαι.
2425 5635 2843 5706 Χειμαζόμενοι
2880 5633 2986 5706 ὑπὸ
3036 5633 3364 5706 πνευμάτων

1784 5706 2129 5778 ἀκαθάρτων,
2151 5715 2243 5761 aut
2272 5707 2375 5760 ὑπὸ
2390 5704 2697 5777 πνεύματος
2718 5705 3048 5778 ἀκαθάρτου,
3077 5707 3130 5759 in
3155 5704 3365 5778 Eucha-

1783 5775 1981 5848 logiisJ
1999 5776 2088 5848 Sic
2113 5779 2332 5834 eosdem
2365 5775 2764 5848 energumeuos
2795 5775 3038 5848 invenies
3061 5775 3362 5848 appellatos

1778 5843 2192 5972 ἐνοχλουμένους
2215 5850 2267 5904 et
2288 5847 2393 5902 ὑπὸ
2421 5843 2743 5920 πνέυμάτων
2771 5843 3363 5918 ἀκαθάρτωνὲνοχλω-

1779 5935 1988 5972 μενους.
2069 5935 2160 5972 υτ.

1778 5935 1988 5986 μενους.
2022 5935 2160 5973 C01.

185 5631 290 5709 (60';
342 5633 704 5709 Ἐπίκουρος.
722 5634 1316 5709 ⁸ῐῙάντωνᾼέπίκουρος,
1355 5637 1406 5690 in
1437 5634 1673 5691 Vindob.

117 5703 230 5756 cod.
263 5714 320 5758 ut
343 5705 395 5759 in
441 5707 692 5762 versione
722 5704 931 5762 Latina.
962 5706 1128 5762 CLsn.

182 5773 760 5875 )zfiqrafogérwr
783 5777 898 5858 ὐξτὸ
931 5777 1390 5875 ςοῆθάλνίίξτριόξῖ.
1422 5775 1670 5875 Qui.cap.

116 5839 347 5900 35'et'57
379 5839 770 5917 Χειμαζόμενοι
804 5848 1124 5915 simpliciter
1172 5839 1466 5911 dicuntur,
1492 5854 1550 5917 ut
1579 5839 1668 5900 (ἐι-

115 5927 249 5971 mue
283 5915 575 5990 Ancyrauo
606 5915 690 5982 l7,
724 5926 775 5973 cl
802 5934 831 5974 ιι
863 5917 1094 5976 Maximo
1118 5922 1183 5976 ad
1209 5929 1368 5990 caput
1398 5936 1446 5974 γι
1487 5915 1668 5972 [ἔσεισι
