4070 6330
692 372 827 428 ΗΙΠ

1570 369 1625 425 S.
1663 366 2060 425 CLEMENTIS
2093 368 2115 423 ι
2149 368 2317 426 ΒΟΜ.
2356 367 2560 427 ΡΟΝΤ.
2596 368 2825 427 OPERA
2858 370 3087 429 DUBIA.

3808 364 3955 422 “08

686 485 899 541 inﬁnita
946 500 1009 540 ac
1057 485 1391 557 sempiterna
1438 486 1639 540 saecula
1693 484 2045 540 saeculorum.
2097 482 2259 553 Atqut

2396 485 2585 557 καὶτῷ
2610 486 2743 557 Υίῷ,
2771 488 2863 541 καὶ
2885 489 2962 561 τῷ
2980 487 3120 559 ἁγίῳ
3145 488 3437 559 Πνεύματι,
3466 487 3557 540 καὶ
3579 486 3695 553 νῦν,
3721 488 3825 540 καὶ
3846 487 3953 545 ἀεὶ,

685 578 867 631 omnis
905 578 1140 646 populus
1207 579 1377 632 Anien
1410 577 1758 661 respondeat.
1785 575 1852 630 Et
1874 575 2023 630 dicat
2058 576 2272 646 episco—

693 682 841 739 pus:
876 667 987 721 Pax
1014 668 1108 723 Dei
1135 669 1206 724 sit
1246 684 1369 724 cum
1409 670 1667 723 omnibus
1690 659 1883 724 ‘vobis.
1916 659 2275 737 Cunctusque

690 760 926 830 populus
978 760 1349 831 respondeat:
1392 760 1458 815 Et
1495 777 1619 817 cum
1665 760 1857 832 spiritu
1890 769 2006 817 tuo.
2045 762 2124 816 Ac
2149 761 2271 817 dia-

687 865 860 909 conus
881 853 1075 907 itcrum
1106 853 1361 924 prmdicet
1385 873 1397 908 :

1281 1080 1511 1138 CAPUT
1544 1080 1685 1137 XIII.

799 1196 981 1253 Oratio
1003 1212 1097 1265 pro
1117 1196 1359 1267 fidelibus
1390 1206 1507 1266 post
1534 1197 1768 1251 divinam
1794 1195 2143 1253 oblationem.

760 1355 953 1409 Adhuc
1004 1362 1165 1424 atque
1221 1353 1401 1408 adhuc
1451 1369 1674 1408 oremus
1725 1352 1895 1409 Deum
1959 1368 2054 1424 per
2106 1352 2271 1409 Chri-

690 1457 833 1507 stum
881 1448 1023 1518 ejus,
1074 1464 1174 1517 pro
1206 1463 1450 1505 munere.
1503 1448 1644 1517 quod
1695 1447 1927 1502 Domino
1958 1446 2068 1503 Deo
2115 1448 2269 1502 obla-

689 1549 802 1594 tum
832 1550 915 1595 est
945 1560 959 1608 ;
996 1549 1053 1593 ut
1086 1539 1250 1605 Deus,
1302 1542 1396 1609 qui
1447 1540 1624 1595 bonus
1661 1548 1766 1604 est,
1804 1539 1960 1604 illud,
1996 1538 2269 1595 mediante

689 1633 910 1688 Christo
952 1648 1073 1694 suo,
1121 1632 1352 1702 recipiat
1409 1632 1463 1686 in
1495 1633 1720 1687 caeleste
1751 1647 1909 1687 suum
1956 1631 2147 1695 altare,
2198 1631 2266 1686 ad

688 1724 910 1779 odorem
964 1725 1269 1779 suavitatis.
1327 1722 1433 1777 Pro
1481 1723 1725 1780 Ecclesia
1778 1724 1900 1787 hac,
1958 1731 2013 1779 et
2066 1723 2268 1794 populo

687 1832 947 1883 oremus;
1007 1832 1106 1885 pro
1164 1818 1421 1871 universo
1477 1819 1833 1887 episeopatu,
1897 1815 2049 1871 omni
2103 1830 2259 1885 pres-

687 1910 924 1981 byterio,
952 1917 1153 1963 cuncto
1175 1908 1376 1964 Christi
1408 1908 1656 1963 diaconio
1671 1924 1732 1963 ac
1758 1908 2082 1970 ministerio,
2107 1906 2257 1962 omni

693 2002 953 2072 Ecclesiae
984 2010 1127 2055 cmtu
1153 2017 1408 2065 cremus;
1442 2013 1501 2056 ιιι
1530 2001 1791 2057 Dominus
1815 2002 2103 2059 universos
2131 2016 2265 2056 con-

689 2086 869 2149 servet
898 2102 1059 2163 atque
1087 2094 1380 2148 custodiat.
1416 2091 1521 2148 Pro
1553 2095 1774 2165 regibus
1797 2135 1812 2154 .
1847 2101 1901 2149 et
1941 2094 1995 2148 in
2042 2095 2263 2151 sublimi

693 2203 959 2264 potestate
1000 2194 1311 2250 constitutis
1353 2209 1605 2259 oremus;
1647 2199 1704 2248 ut
1748 2209 1832 2248 res
1871 2200 2071 2247 nostra:
2104 2191 2252 2263 paci-

692 2289 807 2340 tico:
836 2287 977 2349 sint;
1021 2301 1130 2354 quo
1161 2286 1321 2339 vitam
1354 2284 1589 2353 quietam
1619 2292 1671 2338 et
1707 2282 2048 2351 tranquillam
2081 2286 2249 2347 nacti,

692 2379 746 2432 in
793 2379 939 2432 omni
989 2380 1184 2447 pietate
1234 2392 1296 2431 ac
1344 2392 1555 2430 morum
1601 2375 1849 2429 castitate
1890 2374 2148 2443 degamus
2180 2375 2246 2428 ”.

694 2468 1010 2523 Sanctorum
1044 2448 1339 2537 martyrum
1373 2480 1639 2520 memores
1664 2466 1867 2524 simus.
1898 2472 1955 2517 ut
1984 2464 2131 2533 digni
2160 2465 2252 2520 ha-

691 2560 917 2614 beamur
959 2559 1245 2628 participes
1288 2557 1401 2611 ﬁeri
1449 2572 1636 2611 eorum
1681 2556 2013 2611 certaminis.
2045 2554 2150 2611 Pro
2184 2556 2251 2613 iis

691 2652 783 2719 qui
821 2650 872 2703 in
909 2652 1009 2703 title
1052 2651 1431 2718 requievernnt
1463 2663 1700 2702 oremus.
1730 2646 1833 2701 Pro
1875 2647 1998 2702 caali
2046 2655 2252 2717 tempe~

689 2745 875 2791 ratura
909 2748 961 2791 et
986 2736 1207 2807 frugum
1250 2738 1559 2791 maturitate
1600 2752 1838 2791 oremus.
1872 2735 1973 2790 Pro
2004 2747 2251 2792 recenter

690 2829 960 2898 baptismo
980 2830 1294 2885 illuminatis
1312 2845 1552 2893 oremus,
1573 2828 2102 2884 utcontirmenturin
2125 2829 2248 2897 tide;

689 2934 901 2985 omnes,
936 2920 1028 2973 alii
1064 2919 1130 2972 ab
1173 2919 1295 2974 aliis
1334 2920 1647 2974 incitentur.
1676 2918 1887 2973 Suscita
1920 2934 2050 2983 nos,
2086 2917 2248 2982 Deus,

689 3011 744 3065 in
770 3011 943 3080 gratia
975 3019 1088 3066 tua.
1120 3008 1403 3073 Suscitati,
1431 3026 1531 3065 nos
1560 3011 1706 3081 ipsos
1728 3008 1837 3065 Deo
1861 3026 1956 3080 per
1972 3010 2255 3066 Christum

688 3102 810 3171 ejus
833 3103 1296 3158 commendemus.
1330 3102 1395 3156 Et
1418 3103 1712 3173 episcopus
1741 3102 1889 3157 dicat
1916 3121 1929 3157 :
1962 3100 2129 3167 Deus,
2162 3105 2255 3175 qui

689 3210 920 3264 magnus
958 3202 1011 3249 et
1054 3196 1233 3263 magni
1276 3195 1516 3249 nominis
1547 3209 1628 3255 es.
1675 3210 1901 3264 magnus
1934 3198 2164 3251 consilio
2189 3197 2257 3261 ³⁸,

689 3293 743 3340 et
769 3296 962 3355 potens
994 3286 1294 3356 operibus;
1347 3284 1492 3343 Deus
1533 3295 1587 3340 et
1627 3284 1789 3342 Pater
1824 3288 1998 3342 sancti
2030 3287 2149 3342 Filii
2182 3290 2260 3344 tui

689 3376 819 3433 Jesn
856 3377 1158 3433 Snivaloris
1191 3380 1401 3442 nostri,
1435 3380 1649 3449 respice
1677 3394 1844 3450 super
1867 3395 1966 3435 nos
1994 3396 2056 3433 ac
2099 3398 2263 3453 super

690 3487 904 3541 gregem
948 3481 1099 3526 tuum
1183 3472 1353 3534 hunc,
1391 3488 1552 3541 quem
1604 3488 1699 3542 per
1737 3488 1861 3527 eum
1912 3473 2160 3544 delegisti
2194 3476 2261 3531 ad

689 3564 930 3617 nominis
949 3564 1027 3617 tui
1047 3562 1305 3634 gloriam;
1332 3570 1386 3619 et
1416 3564 1770 3619 sanctiﬁcans
1791 3580 1989 3635 corpus
2012 3574 2261 3622 nostrum

690 3663 747 3710 et
780 3656 1021 3725 animam
1049 3664 1337 3720 nostram,
1381 3655 1659 3719 concede,
1708 3663 1767 3710 ut
1796 3658 1975 3712 eii'ecti
2021 3660 2145 3729 puri
2193 3660 2265 3715 ab

691 3747 841 3801 omni
879 3747 1289 3816 inquinamento
1320 3750 1504 3803 carnis
1535 3764 1598 3803 ac
1630 3750 1859 3820 spiritus
1882 3752 1949 3816 "',
1984 3755 2263 3824 proposita

686 3842 833 3893 bona
884 3854 1326 3909 consequamur;
1371 3840 1756 3911 neminemque
1807 3852 2056 3899 nostrum
2116 3846 2262 3901 indi-

690 3946 855 4001 gnum
876 3932 1112 4001 judices,
1140 3948 1324 3988 verum
1360 3934 1437 3988 sis
1463 3940 1651 3987 noster
1677 3934 1915 4005 adjutor,
1944 3938 2259 4008 opitulator,

690 4032 1098 4093 pmpugnator,
1154 4040 1249 4094 per
1282 4025 1561 4081 Christum
1615 4036 1802 4095 tuum;
1851 4045 2117 4102 cumquo
2167 4030 2263 4087 tibi

690 4115 891 4185 gloria.
926 4115 1133 4180 honor,
1174 4117 1324 4181 laus,
1368 4117 1694 4187 gloriﬁcatio
1720 4159 1734 4183 ,
1767 4123 2063 4190 gratiarum
2095 4123 2260 4189 actio,

690 4214 744 4261 ct
773 4214 962 4263 sancto
990 4208 1252 4279 Spiritui,
1293 4210 1349 4264 in
1386 4210 1604 4265 saecula.
1636 4211 1822 4267 Amen.
1857 4212 1922 4267 Et
1973 4200 2261 4285 postquam

691 4315 883 4355 omnes
912 4300 1182 4365 dixerint,
1218 4299 1424 4368 Amen;
1475 4302 1744 4358 diaconus
1786 4304 1969 4360 dicat:
2003 4306 2262 4362 Attenda-

690 4408 833 4447 mus.
870 4392 946 4447 Ac
978 4394 1272 4465 episcopus
1312 4395 1387 4449 ita
1436 4396 1502 4449 ad
1554 4398 1811 4468 p0puium
1859 4399 2258 4470 proloqnatur:

693 4484 891 4539 Sancta
964 4488 1194 4542 sanctis.
1259 4486 1614 4559 Populusquc
1666 4490 1993 4559 respondeat
2042 4510 2055 4546 :
2112 4492 2262 4550 Unus

2393 576 2485 628 καὶ
2516 578 2596 641 εἰς
2627 578 2753 643 τοὺς
2775 579 3077 643 ἀνελλιπεῖς
3099 579 3194 632 καὶ
3211 580 3589 652 ἀτελευτήτους
3610 578 3824 642 αἰῶνας
3854 576 3962 628 τῶν

2390 665 2615 721 αἰώνων.
2659 670 2769 722 Καὶ
2812 673 2919 734 πᾶς
2946 671 2974 723 6
3004 671 3129 734 λαὸς
3155 669 3376 739 λεγέτω·
3425 672 3616 743 Ἀμήν.
3644 670 3757 723 Καὶ
3788 672 3819 723 6
3848 667 3961 721 ὲπί-

2393 776 2589 823 σκοπος
2616 761 2844 815 εἰπάτω·
2881 762 2947 816 Ἠ
2970 763 3158 834 εἰρήνη
3186 761 3280 815 τοῦ
3304 762 3437 816 Θεοῦ
3463 764 3546 832 εἴη
3573 762 3711 834 μετά
3739 762 3961 815 πάντων

2388 848 2563 919 ὑμῶν.
2602 850 2712 904 Καὶ
2746 852 2854 915 πᾶς
2885 852 2912 905 6
2944 852 3072 916 λαὸς
3098 852 3319 921 λεγέτω·
3356 854 3466 906 Καὶ
3509 853 3643 925 μετά
3668 836 3771 905 τόδ
3802 851 3960 905 πνεύ-

2390 932 2559 1009 ματός
2590 959 2705 997 σου.
2739 944 2850 999 Καὶ
2879 946 2907 997 6
2926 944 3169 1008 διάκονος
3193 945 3720 1017 κηρυσσέτωεπάλινο

2896 1082 3295 1139 ΚΕΦΑΛΑΙΟΝ
3327 1082 3423 1137 ll".

2368 1193 2808 1265 Προσφώνησις
2827 1193 2926 1246 ἐπὶ
2954 1192 3071 1248 τῶν
3086 1192 3314 1280 πιστῶν
3326 1193 3475 1263 μετὰ
3496 1191 3607 1263 τὴν
3625 1194 3805 1249 θείαν
3823 1195 3964 1249 dra-

3055 1281 3269 1333 φοραν.

2442 1360 2563 1411 Ἔτι
2604 1347 2698 1412 ita).
2727 1357 2805 1411 ἔτι
2835 1357 3116 1430 δεηθῶμεν
3156 1356 3247 1409 τοῦ
3279 1356 3413 1410 Θεοῦ
3451 1356 3539 1410 διά
3588 1355 3685 1410 τοῦ
3715 1356 3964 1429 Χριστοῦ

2368 1450 2555 1514 αὑτοῦ,
2588 1452 2728 1524 ὑπὲρ
2763 1450 2857 1503 τοῦ
2899 1449 3072 1522 δώρου
3098 1449 3191 1504 τοῦ
3228 1449 3718 1521 προσκομισθέντος
3770 1452 3967 1521 Κυρίῳ

2366 1541 2448 1614 τῷ
2478 1542 2618 1614 Θεῷ,
2652 1543 2799 1607 ὅπως
2841 1543 2869 1594 ὁ
2904 1542 3107 1611 ἀγαθὸς
3145 1541 3277 1605 Θεὸς
3314 1540 3679 1613 προσδέξηται
3708 1541 3853 1595 αὐτὸ
3882 1542 3968 1595 διὰ

2365 1634 2466 1704 τῆς
2506 1635 2783 1706 μεσιτείας
2812 1633 2906 1688 τοῦ
2948 1633 3184 1706 Χριστοῦ
3216 1632 3380 1687 αὑτοῦ
3412 1636 3493 1697 εἰς
3529 1633 3589 1686 τὸ
3634 1635 3967 1706 ἐπουράνιον

2367 1724 2531 1779 αὐτοῦ
2578 1725 2982 1797 θυσιαστήριον,
3018 1726 3096 1788 είς
3126 1724 3301 1795 ὀσμὴν
3346 1724 3593 1788 εὐωδίας.
3640 1725 3825 1796 ’Υττέρ
3865 1726 3969 1794 τῆς

2384 1817 2707 1890 Ἐκκλησίας
2728 1808 2930 1887 ταύτης
2952 1816 3155 1872 καὶτοῦ
3187 1816 3314 1870 λαοῦ
3335 1803 3637 1889 δεηθιῖψεν,
3670 1817 3824 1889 ὑπὲρ
3856 1819 3965 1872 πά-

2362 1927 2463 1983 σης
2490 1911 2828 1981 ἐπισκοπῆς,
2852 1910 3051 1973 παντὸς
3080 1904 3469 1982 πρεσϐυτερίου
3489 1952 3504 1976 ,
3544 1910 3728 1980 πάσης
3762 1911 3870 1980 τῆς
3908 1913 3968 1964 ὲν

2364 2003 2589 2076 Χριστῷ
2633 2003 2904 2066 διακονίας
2952 2003 3046 2056 καὶ
3091 2002 3394 2073 ὑπηρεσίας
3421 2000 3554 2072 (62),
3604 2002 3820 2065 παντὸς
3866 2001 3962 2056 τοῦ

2366 2096 2731 2169 πληρώματος
2752 2096 2857 2166 τῆς
2897 2094 3222 2165 Ἐκκλησίας
3244 2094 3524 2165 δεηθῶμεν
3549 2112 3561 2125 ·
3588 2095 3742 2158 ὅπως
3782 2096 3813 2148 6
3854 2095 3964 2149 Κύ-

2370 2205 2482 2262 ριος
2513 2189 2721 2251 πάντας
2764 2188 3063 2259 διατηρήσῃ
3106 2188 3200 2241 καὶ
3229 2185 3552 2258 διαφυλάξῃ.
3592 2187 3774 2259 ’Υπὲρ
3808 2187 3960 2256 βασι-

2367 2282 2502 2335 λέων
2531 2281 2628 2335 καὶ
2659 2281 2768 2334 τῶν
2814 2282 2872 2333 έν
2905 2282 3147 2351 ὑπεροχῇ
3175 2278 3475 2350 ἄηθῶμενο
3507 2279 3595 2332 ἵνα
3624 2281 3962 2351 εἰρηνεύων-

2364 2391 2456 2428 ται
2497 2374 2565 2433 τὰ
2603 2373 2740 2446 πρὸς
2770 2372 2940 2444 ἡμᾶς,
2989 2374 3139 2436 ὅπως
3187 2369 3394 2445 ἤρεμον
3436 2372 3530 2425 καὶ
3576 2372 3811 2443 ἡσύχιον
3850 2373 3963 2443 βίον

2367 2465 2599 2536 ἔχοντες,
2632 2465 2906 2537 διάγωμεν
2934 2466 2992 2517 ὲν
3039 2464 3188 2536 πάσῃ
3220 2464 3470 2537 εὐσεϐείᾳ
3518 2466 3610 2518 καὶ
3639 2465 3956 2536 σεμνότητι.

2366 2560 2488 2614 Τῶν
2512 2560 2680 2629 ἁγίων
2712 2559 3004 2631 μαρτύρων
3028 2557 3507 2630 μνημονεύσωμεν·
3530 2560 3683 2621 ὅπως
3711 2560 3960 2613 κοινωνοὶ

2367 2651 2621 2721 γενέσθαι
2649 2652 2749 2721 τῆς
2776 2650 3058 2722 ἀθλήσεως
3088 2650 3267 2704 αὑτῶν
3298 2649 3747 2721 καταξιωθῶμεν.
3788 2651 3959 2722 Ὑπὲρ

2364 2744 2476 2798 τῶν
2502 2745 2560 2798 έν
2595 2744 2775 2797 πίστει
2804 2743 3276 2814 ἀναπαυσαμένων
3311 2742 3609 2813 δεηθῶμεν.
3650 2743 3833 2815 ’Υπὲρ
3860 2744 3960 2811 τῆς

2365 2835 2662 2908 εὐκρασίας
2694 2836 2801 2889 τῶν
2831 2836 3008 2906 ἀέρων
3054 2838 3148 2889 καὶ
3184 2835 3539 2909 τελεσφορίας
3570 2835 3681 2890 τῶν
3724 2837 3961 2908 καρπῶν

2363 2927 2661 3000 δεηοῶμεν.
2705 2927 2878 2999 ’Υπὲρ
2912 2928 3021 2981 τῶν
3067 2928 3439 2998 νεοφωτίστων
3473 2928 3778 2999 δεηθειμεν·
3810 2930 3961 2991 ὅπως

2366 3018 2734 3089 βεϐαιωθῶσιν
2763 3021 2821 3073 ὲν
2848 3022 2914 3091 τῇ
2948 3019 3161 3085 πίστει,
3195 3020 3394 3083 πάντες
3431 3020 3520 3073 ὑπ’
3554 3019 3731 3074 ἀλλων
3774 3037 3959 3090 παρα-

2364 3113 2713 3167 καλέσθωσαν
2756 3113 2886 3184 (65).
2942 3112 3270 3183 Ἀνάστησον
3322 3114 3472 3185 ἡμᾶς
3514 3114 3543 3166 6
3592 3112 3729 3175 Θεὸς
3773 3116 3836 3167 ὲν
3889 3117 3958 3184 τῇ

2365 3204 2546 3277 χάριτί
2602 3222 2717 3259 eoo“
2767 3206 3103 3271 ἀναστάντες
3154 3207 3379 3270 ἑαυτοὺς
3425 3205 3503 3277 τῷ
3545 3205 3666 3277 Θεῷ
3721 3207 3816 3261 διὰ
3861 3208 3959 3260 τοῦ

2363 3296 2600 3369 Χριστοῦ
2632 3297 2797 3351 αὑτοῦ
2828 3297 3221 3371 παραθὼμεθα.
3259 3299 3371 3352 Καὶ
3398 3299 3426 3352 6
3464 3297 3762 3363 ἐπίσκοπος
3804 3298 3959 3367 λεγέ-

2362 3408 2441 3443 τω
2462 3407 2475 3421 °
2521 3392 2576 3444 '0
2606 3389 2735 3454 Θεὸς
2761 3392 2789 3443 6
2824 3391 2996 3462 μέγας
3025 3393 3117 3444 καὶ
3146 3391 3553 3463 μεγαλώνυμος,
3592 3391 3621 3443 6
3668 3392 3846 3461 μέγας
3889 3394 3957 3463 τῇ

2368 3482 2552 3555 βουλῇ,
2579 3484 2671 3537 καὶ
2708 3484 2967 3554 κραταιὸς
3011 3488 3124 3547 τοῖς
3153 3483 3362 3555 ἔργοις,
3396 3484 3424 3535 ὀ
3453 3484 3585 3547 Θεὸς
3616 3485 3712 3537 καὶ
3760 3484 3957 3556 Πατὴρ

2362 3574 2457 3629 τοῦ
2514 3575 2671 3645 άγίου
2725 3575 2924 3638 Παιδός
2957 3592 3050 3629 σου
3106 3575 3278 3645 Ἰησοῦ
3317 3574 3412 3629 τοῦ
3457 3576 3711 3647 Σωτῆρος
3767 3578 3951 3646 ἡμῶν,

2365 3667 2652 3739 ὲπίὸλεψον
2681 3670 2767 3739 ἐφ’
2796 3670 2945 3741 ἡμᾶς
2975 3669 3068 3722 καὶ
3112 3670 3205 3721 ἐπὶ
3234 3669 3295 3721 τὸ
3340 3668 3592 3741 ποίμνιον
3628 3686 3719 3721 σου
3769 3669 3950 3726 τοῦτο.

2365 3760 2393 3813 6
2420 3760 2487 3813 δι’
2516 3760 2683 3815 αὑτοῦ
2714 3760 2941 3826 ἐξελέξω
2985 3762 3079 3839 aii
3093 3760 3250 3825 δόξαν
3278 3760 3371 3814 τοῦ
3401 3760 3663 3832 ὀνόματός
3698 3777 3826 3825 σου,
3856 3763 3951 3814 καὶ

2366 3852 2598 3921 ἁγιάσας
2626 3852 2785 3924 ἡμῶν
2807 3853 2868 3905 τὸ
2898 3852 3055 3924 σῶμα
3077 3852 3185 3923 (64)
3223 3854 3316 3906 καὶ
3344 3851 3441 3925 τὴν
3469 3852 3647 3923 ψυχὴν
3680 3852 3949 3917 καταξέω-

2367 3962 2456 3999 σον
2486 3944 2762 4017 καθαροὺς
2790 3945 3111 4016 γενομένους
3135 3944 3243 3998 ἀπὸ
3273 3945 3473 4008 παντὸς
3504 3944 3784 4015 μολυσμοῦ
3819 3962 3949 4017 σαρ-

2365 4039 2458 4103 κὸς
2486 4039 2579 4092 καὶ
2611 4037 2935 4108 πνεύματος,
2966 4041 3147 4109 τυχεῖν
3167 4037 3275 4091 τῶν
3297 4038 3673 4109 προκειμένων
3704 4037 3945 4105 ἀγαθῶν.

2365 4131 2461 4183 καὶ
2491 4130 2694 4201 μηδένα
2720 4133 2753 4201 ἡ
2764 4130 2880 4201 μῶν
2908 4128 3123 4195 ἀνάξιον
3161 4130 3371 4202 κρίνῃς,
3401 4128 3538 4182 ἀλλά
3567 4128 3761 4200 βοηθὸς
3790 4129 3947 4201 ἡμῶν

2363 4223 2551 4293 γενοῦ,
2578 4223 2955 4295 ἀντιλήπτωρ,
2988 4222 3419 4294 ὑπερασπιστὴς,
3450 4221 3537 4274 διὰ
3580 4221 3675 4274 τοῦ
3708 4220 3948 4292 Χριστοῦ

2365 4334 2458 4370 σου
2482 4334 2496 4347 ·
2536 4316 2652 4390 μεθ’
2686 4309 2747 4370 οὗ
2784 4333 2865 4370 σοι
2897 4317 3044 4383 δόξα,
3076 4315 3231 4387 τιμὴ,
3260 4310 3425 4379 αἶνος,
3456 4313 3759 4383 δοξολογία,
3786 4315 3951 4384 εὐχα-

2366 4411 2582 4484 ριστία,
2620 4410 2825 4482 καὶτῷ
2876 4411 3015 4481 ἁγίῳ
3057 4407 3363 4479 Πνεύματι,
3414 4409 3493 4469 εἰς
3540 4408 3668 4470 τοὺς
3722 4405 3945 4468 αἰῶνας.

2378 4504 2567 4575 Ἀμήν.
2603 4504 2713 4557 Καὶ
2749 4502 2886 4575 μετὰ
2916 4503 2976 4555 τὸ
3028 4502 3234 4564 πάντας
3269 4502 3443 4553 εἰπεῖν
3468 4539 3483 4563 ,
3525 4499 3714 4569 Ἀμήν·
3768 4499 3798 4550 6
3833 4498 3950 4551 διά-

690 4584 953 4643 sanctus,
988 4595 1130 4635 unus
1167 4578 1432 4635 Dominus
1454 4620 1469 4643 ,
1502 4598 1645 4637 unus
1675 4579 1835 4638 Jesus
1865 4583 2123 4639 Christus
2144 4626 2157 4647 ,
2204 4586 2258 4641 in

2368 4612 2519 4659 κονος
2566 4595 2787 4665 λεγέτω·
2824 4595 3179 4667 Πρόσχωμεν.
3234 4594 3344 4645 Καὶ
3377 4594 3404 4645 6
3436 4591 3736 4654 ἐπίσκοπος
3780 4605 3949 4662 προσ-

688 4669 915 4739 gloriam
950 4668 1043 4725 Dei
1075 4670 1287 4735 Patris.
1335 4672 1657 4728 benedictus
1709 4674 1763 4728 in
1814 4676 2034 4731 saecula.
2066 4676 2257 4735 Amen.

695 4776 717 4816 ι
755 4759 937 4816 Gloria
970 4764 1024 4818 in
1065 4764 1350 4820 altissimis
1383 4763 1516 4829 Deo,
1549 4778 1603 4821 et
1634 4768 1686 4821 in
1718 4774 1863 4823 terra
1904 4784 2004 4839 pax
2026 4810 2042 4835 ,
2075 4770 2130 4824 in
2163 4770 2256 4825 ho-

762 4919 832 4973 *δι
857 4919 1063 4985 Tim.lt.
1098 4924 1153 4977 2.

1231 4924 1278 4955 “
1298 4922 1410 4981 Jer.
1444 4942 1615 4984 xxxu.
1649 4926 1735 4982 19.
1814 4930 1858 4961 ³⁷
1890 4928 1934 4983 ll
1965 4930 2093 4986 Cor.
2125 4946 2221 4997 vn,
2256 4934 2307 4989 1.

2365 4688 2670 4757 φωνησάτω
2715 4687 2794 4758 τῷ
2838 4687 2952 4757 λαῷ
2979 4686 3141 4740 οῦτω’
3180 4684 3261 4738 Ta
3290 4684 3419 4754 ἅγια
3460 4687 3573 4748 τοῖς
3604 4685 3803 4752 ἁγίοις.
3841 4683 3949 4735 Kal.

2363 4778 2393 4829 6
2423 4778 2549 4844 λαὸς
2596 4780 2932 4836 ὑπακουέτω·
2981 4779 3094 4852 (65)
3126 4775 3222 4844 Εἷς
3274 4777 3456 4848 ἅγιος,
3488 4773 3569 4842 εἷς
3600 4777 3837 4849 Κύριος,
3870 4770 3948 4837 εἷς

2015 5129 2150 5186 νΑιι
2163 5129 2321 5188 IORU
2330 5132 2378 5187 Μ
2410 5131 2637 5190 NOTAE.

761 5308 1021 5381 (6‘2)Kai
1066 5312 1418 5379 ὑπηρεσίας.
1470 5310 1676 5367 Desunt
1724 5312 1779 5367 in
1826 5314 1950 5369 cod.
1990 5313 2152 5371 Vind.
2203 5331 2267 5371 ac

692 5380 1045 5452 sane_abesse_
1069 5381 1196 5452 hinc
1218 5389 1468 5452 possunt.
1500 5382 1672 5437 Cum.

762 5450 871 5520 (65)
922 5450 1050 5503 ’Υπ’
1092 5450 1298 5521 ἀλλων
1332 5450 1911 5521 ’παρακαλέσθωσαν.
1963 5455 2020 5509 In
2075 5454 2266 5510 eodem

689 5521 877 5595 codice
900 5521 1040 5595 ὑπὲρ
1070 5520 1311 5595 ἀλλήλων
1338 5520 1825 5595 παρακαλέσωμεν.
1850 5524 2003 5590 Quod
2032 5528 2259 5589 rectius,

689 5591 738 5647 si
765 5590 914 5663 legas
951 5590 1040 5663 ὑπ’
1075 5590 1338 5663 ἀλλήλων.
1374 5590 1449 5663 lii.

919 5661 995 5783 1"?)
1020 5658 1210 5732 σῶμαζ
1239 5662 1322 5715 Τὰ
1350 5662 1575 5734 σώματα
1611 5680 1666 5719 ιιι
1691 5666 1812 5721 cod.
1849 5664 2258 5737 V’indob.,quod

691 5745 909 5786 πιθιιιιε.
944 5745 995 5785 ID

718 5868 730 5881 .
762 5799 872 5882 (65)
916 5802 1309 5882 'I‘zgmovérca.
1342 5802 1730 5882 Dixhignonnihil
1766 5823 1953 5882 supra.
1985 5806 2139 5882 Nunc
2164 5808 2258 5882 ad:

690 5867 823 5939 ﬁcio
849 5867 1283 5930 emendationem
1332 5890 1384 5929 tn
1430 5870 1486 5929 S.
1518 5867 1851 5937 Athanasio:
1884 5878 2135 5947 Apologia
2189 5879 2258 5933 ad

2371 5316 3033 5396 Constantiurnitnperat._.
3072 5334 3137 5396 p.
3350 5320 3460 5396 Ποῦ
3498 5319 3710 5396 πρέπον
3737 5320 3807 5396 ἦν
3855 5326 3943 5378 καὶ

2369 5389 2514 5442 ὅσιον
2543 5388 2849 5443 ὑπακοῦσαι
2882 5390 2973 5442 τὸν
3002 5390 3128 5464 λαὸν
3166 5389 3230 5445 τὸ
3255 5391 3457 5464 Ἀμήν-ς
3494 5388 3595 5444 Ubi
3634 5388 3942 5449 conveniens

2369 5470 2486 5532 erat
2514 5470 2559 5532 et
2592 5469 2850 5523 sanctum,
2879 5470 2934 5532 ut
2960 5460 3182 5531 populus
3214 5460 3545 5532 responderet
3608 5464 3777 5518 Amen
3796 5468 3944 5519 Pnon

2368 5530 2687 5606 ἐπακοῦσαι,
2712 5539 2769 5583 ut
2812 5530 3040 5606 audiret.
3091 5532 3259 5606 Patet;
3285 5530 3352 5606 ex
3398 5549 3466 5588 eo
3506 5534 3656 5606 quod
3697 5538 3945 5606 sequitur

2367 5601 2552 5676 eadem
2604 5618 2762 5676 pag._:
2808 5601 3230 5676 ιῐίάνμιτοσοὺιιτων⁸
3250 5604 3391 5676 λαῶν
3437 5601 3802 5676 συνελθόντων
3849 5607 3943 5676 μία

2365 5671 2587 5746 γένηται
2615 5673 2785 5745 φωνὴ,
2808 5672 3070 5746 λεγόντων
3096 5673 3175 5744 τῷ
3203 5674 3321 5746 Θεῷ
3346 5674 3407 5727 τὸ
3438 5674 3637 5745 Ἀμήν·
3669 5676 3760 5728 ubi
3784 5671 3862 5730 η’
3875 5686 3946 5730 tot

2367 5743 2657 5813 tantisque
2675 5743 2881 5810 populis
2930 5745 2983 5797 in
3038 5743 3201 5797 unum
3264 5743 3635 5813 congregatis,
3691 5764 3803 5801 una
3852 5764 3945 5803 τρε

2367 5811 2593 5880 oriatur,
2625 5811 2909 5868 dicentium
2946 5814 3087 5868 Deo:
3120 5817 3305 5871 Amen.
3338 5811 3475 5872 Cor.
