4066 6334
681 328 813 389 Il“
857 367 866 375 .
1562 332 1619 387 S.
1655 333 2045 390 CLEMENTIS
2077 336 2096 390 1
2132 336 2296 396 ROM.
2337 339 2536 397 PONT.
2575 341 2799 397 OPERA
2834 341 3056 397 DUBIA.
3783 349 3908 408 HI!

679 447 779 510 ris,
805 446 858 499 in
898 441 1201 499 custodiam
1235 431 1490 513 pietatis,
1533 444 1591 497 in
1622 446 2002 502 remissionem
2045 463 2217 517 pecca

2340 452 2637 516 εὐσεϐείας,
2656 456 2734 518 είς
2747 456 2938 525 ἄφεσιν
2955 456 3253 527 ἁμαρτιῶν,
3269 460 3348 522 είς
3366 459 3510 532 ζωὴν
3523 459 3616 513 τοῦ
3634 462 3909 533 μέλλοντος

677 543 878 600 torum,
911 536 966 589 in
994 536 1157 590 vitam
1191 535 1357 590 l'uturi
1390 536 1571 591 smculi
1596 537 1661 591 ³⁸.
1694 536 2014 607 Surgamus.
2039 539 2096 595 lu
2119 557 2217 612 grai

2343 544 2552 606 αίῷνος.
2598 546 2985 619 Ἑγειρὼμεθα.
3021 549 3107 602 Ἐν
3126 551 3305 622 χάριτι
3325 551 3555 624 Χριστοῦ
3585 555 3810 618 ἑαυτοὺς
3835 557 3909 627 τῷ

675 631 750 683 tia
783 629 1010 703 Christi,
1072 644 1176 685 nos
1224 629 1372 700 ipsos
1405 627 1541 691 Deo,
1571 629 1672 684 soli
1721 631 1962 699 ingenito
2007 632 2114 688 Deo
2138 674 2152 697 ,
2187 652 2216 690 e

2341 636 2459 706 Θεῷ
2485 639 2615 708 (70),
2648 639 2725 710 τῷ
2773 641 2919 711 μόνῳ
2950 641 3228 712 ἀγεννήτῳ
3265 643 3412 712 Θεῷ,
3447 645 3538 698 καὶ
3576 645 3657 717 τῷ
3691 647 3908 718 Χριστῷ

675 721 900 776 Christo
942 720 1063 790 ejus
1093 721 1558 776 commendemus.
1589 721 1764 792 Atque
1799 725 2091 795 episcopus
2117 743 2217 798 grai

2339 728 2502 781 αὐτοῦ
2534 730 2920 802 παραθώμεθα.
2956 734 3062 786 Καὶ
3093 736 3121 787 6
3152 733 3447 799 ἐπίσκοπος
3493 737 3906 808 εὐχαριστείτω.

674 812 874 866 tiarum
898 813 1168 868 actionem
1199 811 1440 882 proferat
1467 829 1481 867 :

1261 924 1490 982 CAPUT
1531 925 1648 981 XV.-

991 1041 1258 1095 Iuvocatio
1315 1052 1431 1109 post
1480 1044 1920 1097 communionem.

2859 936 3250 990 ΚΕΦΑΛΑΙΟΝ
3276 937 3376 990 lE'.

2596 1047 2943 1117 Ἐπίκλησις
2980 1049 3131 1119 μετὰ
3163 1049 3277 1119 τὴν
3296 1046 3658 1122 μετάληψιν.

741 1155 966 1211 Domine
999 1155 1141 1211 Deus
1173 1156 1539 1226 omnipotens,
1571 1155 1735 1211 Pater
1763 1154 1967 1211 Christi
2002 1157 2103 1223 tui,
2138 1158 2217 1213 be-

2406 1161 2647 1216 Δέσποτα
2677 1165 2705 1216 6
2736 1163 2865 1225 Θεὸς
2886 1165 2913 1216 6
2939 1164 3351 1235 παντοκράτωρ,
3381 1162 3410 1214 6
3434 1161 3623 1233 Πατὴρ
3647 1161 3740 1215 τοῦ
3762 1163 3900 1234 Χρι-

670 1251 871 1306 ncdicti
908 1248 1066 1318 Filii;
1117 1249 1403 1304 exauditor
1441 1264 1631 1304 eorum
1660 1251 1753 1320 qui
1789 1256 1936 1304 recte
1981 1249 2211 1305 iuvocau

2342 1251 2468 1306 στοῦ
2492 1270 2584 1306 σου
2606 1254 2698 1307 τοῦ
2722 1254 3009 1325 εὐλογητοῦ
3037 1254 3251 1320 Παιδὸς,
3274 1256 3303 1306 6
3326 1253 3432 1306 τῶν
3459 1255 3572 1324 μετ’
3607 1254 3900 1324 εὐθύτητος

669 1348 743 1407 te,
774 1343 1022 1414 cognitor
1051 1358 1274 1414 precum
1304 1342 1463 1397 etiam
1497 1357 1685 1396 eorum
1729 1343 1820 1412 qui
1862 1351 2076 1410 tacent;
2111 1358 2217 1414 gra-

2337 1343 2776 1414 ἐπικαλουμένων
2800 1362 2858 1398 σε
2880 1347 3130 1416 ἐπήκοος,
3154 1349 3181 1399 6
3200 1345 3292 1398 καὶ
3313 1345 3422 1398 τῶν
3445 1343 3771 1399 σιωπώντων
3791 1349 3902 1399 ἐπι-

667 1436 774 1490 tias
827 1435 1036 1505 agimus
1067 1434 1201 1494 tibi,
1254 1434 1397 1504 quod
1436 1448 1537 1488 nos
1588 1433 1783 1503 dignos
1839 1434 2102 1490 censuisti
2140 1451 2210 1506 qu

2338 1431 2598 1504 στάμενος
2619 1421 2714 1498 τὰς
2743 1436 3025 1502 ἐντεύξεις·
3062 1436 3486 1507 εὐχαριστοῦμεν
3503 1451 3604 1499 σοι,
3634 1437 3716 1488 ὅτι
3740 1453 3903 1507 κατη-

669 1527 1122 1597 participaremus
1149 1535 1338 1580 sancta
1372 1535 1464 1579 tua
1493 1525 1774 1596 mysteria,
1807 1541 1927 1595 quae
1956 1526 2217 1596 praebuist

2338 1523 2532 1590 ξίωσας
2560 1530 2703 1599 ἡμᾶς
2731 1529 3047 1599 μεταλαϐεῖν
3066 1530 3170 1582 τῶν
3194 1528 3360 1597 ἁγίων
3384 1544 3474 1580 σου
3502 1528 3840 1599 μυστηρίων,
3865 1530 3902 1584 ἀ

666 1619 826 1674 nobis
881 1619 949 1673 ad
1002 1618 1217 1688 plenam
1275 1630 1466 1672 eorum
1521 1632 1643 1687 quae
1694 1616 1833 1671 bene
1877 1618 2217 1687 cognovimus

2336 1619 2607 1688 παρέσχου
2634 1623 2782 1691 ἡμῖν,
2803 1621 3169 1690 πληροφορίαν
3188 1621 3293 1675 τῶν
3315 1620 3495 1684 καλῶς
3517 1623 3898 1694 ἐγνωσμένων,

667 1711 1100 1782 persuasionem,
1131 1710 1196 1765 ad
1230 1709 1530 1766 custodiam
1561 1709 1814 1779 pietatis,
1848 1709 1916 1763 ad
1949 1711 2217 1767 remissio

2331 1715 2410 1776 είς
2439 1713 2680 1784 φυλακὴν
2708 1715 2806 1784 τῆς
2831 1714 3129 1778 εὐσεϐείας,
3162 1717 3239 1778 είς
3267 1715 3458 1783 ἄφεσιν
3491 1715 3903 1787 πλημμελημά-

667 1819 792 1858 nem
821 1804 1142 1857 delictorum
1171 1820 1185 1870 ;
1216 1802 1471 1872 quoniam
1503 1817 1701 1856 nomen
1732 1800 1936 1857 Christi
1970 1804 2046 1857 tui
2076 1805 2217 1858 invo-

2329 1821 2456 1858 των·
2489 1805 2568 1857 ὅτι
2612 1806 2673 1858 τὸ
2700 1804 2869 1876 δνομα
2899 1805 2993 1857 τοῦ
3031 1805 3266 1875 Χριστοῦ
3303 1823 3394 1858 σου
3429 1808 3789 1877 ἐπικέκληται
3815 1809 3903 1878 ἐφ’

667 1906 848 1951 catum
884 1903 969 1951 est
1011 1911 1176 1966 super
1209 1911 1330 1958 nos,
1362 1903 1416 1950 et
1456 1895 1554 1949 tibi
1597 1894 1836 1963 adiuncti
1877 1911 2086 1950 sumus.
2124 1895 2217 1961 Qui

2329 1898 2497 1967 ἡμᾶς,
2524 1895 2619 1949 καὶ
2648 1895 2733 1949 σοὶ
2760 1895 3237 1968 προσῳκειώμεθα.
3272 1897 3329 1950 Ὀ
3355 1899 3592 1970 χωρίσας
3619 1900 3771 1968 ἠμῖς
3804 1901 3904 1970 τῆς

668 1989 964 2058 segregasti
1008 2002 1110 2041 nos
1151 1987 1218 2041 ab
1253 1986 1543 2057 impiorum
1582 1985 2002 2050 communione,
2051 1986 2228 2042 aduna

667 2095 792 2135 cum
821 2081 888 2135 iis
913 2079 1010 2150 qui
1042 2079 1138 2134 tibi
1171 2086 1300 2133 sunt
1331 2078 1658 2139 consecrati,
1691 2077 1843 2137 ﬁrma
1873 2092 1974 2133 nos
1999 2077 2055 2132 iu
2087 2079 2229 2133 veri-

668 2181 780 2229 tate
810 2181 906 2244 per
937 2173 1112 2229 sancti
1145 2169 1384 2242 Spiritus
1415 2171 1732 2236 adventum,
1759 2187 1879 2241 qua:
1913 2170 2228 2242 ignoramus

667 2267 866 2331 revela,
898 2282 1017 2335 quae
1048 2265 1309 2321 deﬁciunt
1342 2266 1554 2335 supple,
1585 2280 1706 2334 quae
1751 2264 2005 2319 novimus
2039 2280 2229 2320 corro-

667 2358 819 2414 bora.
858 2357 1180 2414 Sacerdotes
1212 2357 1518 2427 inculpatos
1544 2370 1804 2410 conserva
1835 2356 1889 2409 in
1919 2357 2065 2411 cultu
2092 2366 2222 2412 tuo:

665 2465 823 2521 reges
851 2459 1004 2505 tuere
1033 2451 1086 2504 in
1113 2465 1245 2520 pace
1269 2467 1284 2515 ;
1319 2450 1671 2520 magistratus
1701 2449 1754 2501 in
1774 2447 1984 2516 justitia
2006 2467 2022 2516 ;
2046 2464 2224 2505 aerem

665 2541 1036 2611 intemperie;
1070 2541 1253 2611 fruges
1286 2541 1339 2594 in
1373 2539 1654 2605 ubertate;
1686 2540 1946 2594 mundum
1969 2541 2026 2595 in
2051 2542 2226 2595 omni—

665 2641 884 2704 potente
909 2634 1269 2706 provideutia.
1295 2631 1495 2688 Gentes
1527 2633 1817 2688 bellicosas
1841 2632 1968 2687 seda
1994 2652 2006 2687 :
2035 2648 2225 2688 erran-

666 2733 750 2780 tes
787 2734 1080 2781 converte:
1118 2725 1374 2796 populum
1425 2731 1578 2778 tuum
1626 2725 1907 2780 sanctiﬁca
1940 2745 1953 2780 :
1985 2727 2223 2798 virgines

661 2818 1245 2888 conserva:conjuges
1270 2816 1488 2872 custodi
1509 2817 1562 2869 in
1587 2815 1728 2871 ﬁde:
1765 2825 1949 2873 castos
1984 2820 2218 2878 robora:

662 2908 902 2966 infantes
926 2911 990 2965 ad
1025 2917 1296 2964 maturam
1326 2917 1539 2964 aetatem
1568 2908 1809 2978 perduc:
1841 2925 2016 2979 nuper
2039 2911 2220 2965 initia-

661 3009 748 3056 tos
793 3001 944 3054 Iirma
976 3020 990 3056 :
1034 3002 1454 3057 catechumenos
1489 3001 1667 3064 crudi,
1702 3015 1765 3054 ac
1796 3000 1990 3071 dignos
2031 3003 2216 3057 initia-

663 3093 809 3147 tione
853 3091 1060 3148 redde:
1109 3107 1316 3162 nosque
1348 3089 1536 3145 omnes
1578 3106 1843 3162 congrega
1893 3093 1946 3146 in
1993 3109 2214 3164 regnum

661 3188 947 3249 cmlorum,
983 3187 1036 3242 in
1088 3185 1310 3242 Christo
1361 3184 1490 3241 Jesu
1527 3182 1756 3241 Domino
1813 3196 2040 3255 nostro;
2089 3203 2214 3243 eum

659 3296 770 3349 quo
792 3281 889 3334 tibi
932 3279 1123 3350 gloria,
1153 3278 1328 3339 honor
1364 3292 1427 3331 ac
1460 3279 1758 3340 veneratio,
1791 3286 1844 3332 et
1877 3286 2065 3333 sancto
2096 3277 2218 3349 8ρί-

659 3372 812 3435 ritui,
841 3373 894 3426 in
919 3372 1135 3426 sarcula.
1166 3371 1358 3425 Amen.
1388 3369 1451 3422 Et
1474 3369 1738 3425 diaconus
1771 3369 1915 3424 dicat
1941 3390 1954 3424 :
1992 3369 2101 3425 Deo
2124 3387 2220 3441 per

659 3465 936 3518 Christum
977 3464 1098 3532 ejus
1123 3461 1399 3524 inclinate,
1425 3469 1479 3515 et
1509 3461 1734 3530 accipite
1761 3461 2214 3517 benedictionem.

660 3552 797 3608 Tum
834 3555 1118 3623 episcopus
1173 3561 1442 3623 precetur,
1486 3551 1572 3607 bis
1613 3551 1826 3606 verbis:
1861 3551 2003 3608 Deus
2042 3553 2218 3607 omni-

660 3655 884 3717 potens,
922 3661 1088 3699 verax
1129 3654 1182 3700 et
1228 3645 1701 3715 incomparabilis,
1738 3643 1830 3714 qui
1883 3645 2084 3714 ubique
2123 3661 2218 3700 ex-

661 3730 843 3802 sistis,
885 3755 947 3792 ac
985 3738 1236 3792 omnibus
1279 3752 1518 3808 praasens
1549 3753 1640 3800 es,
1672 3745 1725 3792 et
1758 3737 1812 3791 in
1861 3736 2007 3790 nullo
2047 3737 2219 3792 instar

601 3815 606 3818 I
659 3846 847 3885 eorum
869 3845 988 3899 qua:
1008 3811 1194 3884 insunt
1224 3829 1546 3884 contineris:
1575 3830 1665 3898 qui
1695 3829 1827 3883 locis
1848 3843 1955 3882 non
1983 3827 2216 3890 circum-

661 3922 938 3986 scriberis,
969 3920 1302 3990 temporibus
1331 3935 1437 3974 non
1486 3918 1825 3982 vetustescis,
1863 3919 2076 3990 szeculis
2107 3936 2215 3974 non

660 4014 990 4076 terminaris,
1024 4013 1204 4067 verbis
1240 4028 1346 4066 non
1375 4011 1687 4076 scduceris;
1718 4012 1809 4082 qui
1839 4011 1980 4064 ortui
2013 4025 2121 4065 non
2155 4027 2216 4067 es

662 4107 961 4175 subjectus,
986 4112 1039 4159 et
1067 4103 1312 4159 custodia
1343 4118 1450 4157 non
1482 4101 1714 4172 indiges,
1747 4109 1801 4156 et
1831 4117 1994 4172 supra
2029 4112 2211 4158 extra-

659 4215 764 4269 que
790 4198 1065 4252 interitum
1096 4213 1176 4260 es.
1200 4212 1262 4250 ac
1293 4196 1704 4250 conversionem
1729 4195 1968 4264 recipere
1997 4195 2212 4264 nequis,

662 4299 823 4360 atque
866 4297 1060 4343 natura
1102 4304 1163 4343 es
1211 4287 1604 4352 immutabilis;
1637 4285 1730 4355 qui
1775 4286 1948 4340 lucem
2004 4286 2216 4341 habitas

662 4383 994 4436 inaccessam
1021 4381 1085 4443 ",
1115 4388 1168 4433 et
1219 4387 1414 4433 natura
1453 4378 1740 4431 invisibilis
1787 4392 1882 4442 es;
1913 4377 2004 4446 qui
2040 4378 2217 4432 omni-

2325 1987 2436 2041 τῶν
2464 1987 2670 2041 ἀσεϐῶν
2708 1988 3016 2051 κοινωνίας,
3045 1989 3242 2042 ἓνωσον
3282 1992 3430 2060 ἡμᾶς
3460 1991 3597 2062 μετά
3624 1992 3732 2045 τῶν
3765 1994 3904 2046 καθ-

2325 2079 2655 2150 ωσιωμὲνων
2701 2097 2819 2143 σοι,
2865 2079 3113 2151 στήριξον
3155 2082 3304 2150 ἡμᾶς
3351 2082 3410 2133 ὲν
3456 2085 3522 2153 τῇ
3559 2083 3785 2156 ἀληθείᾳ
3831 2087 3899 2156 τῇ

2325 2171 2420 2224 τοῦ
2467 2172 2621 2240 ἁγίου
2666 2172 2977 2242 Πνεύματος
3025 2173 3360 2242 ἐπιφοιτήσει
3386 2211 3402 2235 ,
3441 2172 3512 2224 τά
3560 2175 3902 2248 ἀγνοούμενα

2326 2263 2694 2333 ἀποκάλυψον,
2727 2265 2794 2317 τά
2821 2264 3076 2317 λείποντα
3101 2265 3211 2334 (71)
3244 2264 3800 2336 προσαναπλήρωσον,
3829 2269 3901 2321 τά

2326 2355 2640 2425 ἐγνωσμένα
2666 2357 2951 2425 κράτυνον.
2983 2357 3122 2419 Τοὺς
3152 2357 3320 2428 ίερεῖς
3351 2356 3612 2428 ἀμώμους
3639 2361 3902 2429 διαφύλα-

2327 2443 2415 2507 ξον
2462 2447 2518 2496 ὲν
2549 2449 2616 2515 τῇ
2650 2446 2870 2516 λατρεία
2893 2448 3019 2498 σου·
3049 2448 3175 2510 τοὺς
3209 2448 3446 2517 βασιλεῖς
3483 2449 3810 2522 διατήρησον
3839 2457 3901 2508 ὲν

2324 2538 2536 2608 εἰρήνῃ,
2567 2539 2690 2601 τοὺς
2718 2539 2980 2608 ἄρχοντας
3012 2539 3069 2593 ὲν
3108 2539 3443 2611 δικαιοσύνη,
3475 2544 3603 2605 τοὺς
3639 2543 3812 2614 ἀέρας
3839 2547 3900 2598 ὲν

2322 2629 2608 2701 εὐκρασίᾳ,
2641 2633 2768 2694 τοὺς
2814 2633 3060 2702 καρποὺς
3092 2634 3150 2685 ὲν
3183 2633 3432 2705 εὐφορίᾳ,
3464 2635 3555 2686 τὸν
3599 2635 3808 2706 κόσμον
3838 2640 3900 2690 ὲν

2323 2720 2582 2772 παναλκεῖ
2601 2721 2710 2791 (7‘2)
2733 2723 2975 2793 προνοίᾳ.
2999 2722 3079 2775 Τά
3095 2711 3219 2794 ἔθνη
3242 2723 3310 2775 τὰ
3341 2724 3607 2795 πολεμικά
3629 2727 3897 2797 πράῦνον·

2318 2811 2389 2865 τὰ
2422 2812 2805 2883 πεπλανημένα
2835 2813 3176 2884 ὲπίστρεψον·
3209 2815 3300 2867 τὸν
3329 2815 3453 2868 λαόν
3503 2833 3596 2870 σου
3647 2819 3898 2886 ἁγίασον·

2317 2907 2442 2967 τοὺς
2458 2908 2514 2957 ἐν
2525 2905 2786 2976 παρθενίᾳ
2797 2905 3133 2978 διατήρησον·
3154 2907 3280 2970 τοὺς
3296 2908 3354 2959 ἐν
3375 2908 3536 2979 γάμῳ
3571 2908 3901 2978 διαψύλαξον

2317 2997 2373 3049 ὲν
2393 2997 2589 3050 πίστει·
2618 2998 2743 3060 τοὺς
2759 2999 2816 3051 ὲν
2836 2999 3022 3069 ἁγνείᾳ.
3043 2998 3430 3068 ὲνδυνάμωσον·
3445 3000 3513 3052 τά
3541 3002 3708 3073 νήπια
3731 3002 3902 3074 ἄδρυ-

2315 3104 2422 3140 νον·
2443 3089 2566 3154 τοὺς
2585 3089 2840 3153 νεοτελεῖς
2869 3089 3180 3160 βεϐαίωσον·
3206 3090 3330 3154 τοὺς
3356 3091 3412 3142 ὲν
3449 3095 3747 3165 κατηχήσει
3769 3096 3900 3148 παίρ

2315 3183 2531 3245 δευσον,
2571 3184 2662 3235 καὶ
2689 3183 2785 3254 τῆς
2818 3184 3067 3252 μυήσεως
3094 3180 3276 3247 ἀξίους
3299 3182 3593 3246 ἀνάδειξον·
3622 3186 3716 3239 καὶ
3756 3188 3902 3240 πάνυ

2313 3293 2411 3338 τας
2432 3276 2579 3344 ἡμᾶς
2607 3275 2970 3342 ὲπισυνάγαγε
2990 3275 3068 3337 είς
3084 3275 3182 3344 τὴν
3202 3275 3308 3327 τῶν
3325 3274 3566 3346 οὐρανῶν
3591 3275 3896 3346 βασιλείαν,

2316 3369 2372 3420 ὲν
2401 3367 2619 3438 Χριστῷ
2650 3367 2820 3438 Ἰησοῦ
2850 3367 2927 3437 τῷ
2959 3367 3146 3438 Κυρίῳ
3170 3367 3346 3437 ἡμῶν·
3381 3368 3496 3438 μεθ’
3528 3362 3589 3422 οὗ
3621 3387 3702 3422 σοι
3736 3371 3893 3438 δόξα,

2315 3461 2446 3531 τιμὴ
2468 3461 2562 3512 καὶ
2591 3459 2770 3523 σέϐας,
2793 3460 2887 3512 καὶ
2912 3458 2991 3530 τῷ
3018 3460 3156 3529 ἁγίῳ
3179 3460 3475 3530 Πνεύματι,
3503 3463 3580 3524 είς
3607 3464 3738 3526 τοὺς
3753 3464 3894 3516 αἰῶ-

2314 3571 2428 3616 νας.
2474 3554 2661 3624 Ἀμήν.
2700 3554 2852 3606 Καὶό
2871 3552 3113 3615 διάκονος
3144 3551 3365 3620 λεγέτω·
3389 3553 3479 3623 Τῷ
3511 3554 3629 3623 Θεῷ
3661 3554 3750 3606 διὰ
3788 3556 3895 3608 τοῦ

2315 3647 2548 3718 Χριστοῦ
2591 3646 2751 3699 αὐτοῦ
2779 3645 3025 3707 κλίνατε,
3059 3647 3152 3697 καὶ
3196 3645 3520 3712 εὐλογεῖσθε.
3556 3647 3668 3698 Καὶ
3705 3651 3735 3700 6
3764 3649 3894 3701 ἐπί-

2319 3756 2514 3802 σκοπος
2544 3737 2872 3807 ὲπευχέσθω,
2910 3737 3101 3806 λέγων·
3142 3737 3198 3791 ’0
3224 3737 3356 3800 Θεὸς
3380 3738 3489 3807 (75)
3517 3739 3546 3791 6
3579 3741 3895 3811 παντοκρά-

2315 3848 2448 3904 τωρ,
2482 3833 2510 3884 6
2540 3829 2788 3901 ἀληθινὸς
2815 3830 2909 3881 καὶ
2935 3821 3283 3900 ἀσύγκριτος,
3318 3830 3346 3881 6
3377 3829 3654 3898 πανταχοῦ
3683 3829 3761 3882 ὦν
3789 3833 3894 3884 καὶ

2313 3927 2427 3987 τοῖς
2454 3923 2584 3975 πᾶσι
2610 3920 2797 3992 παρὼν
2823 3921 2918 3974 καὶ
2942 3923 2999 3974 ὲν
3030 3921 3206 3974 οὐδενὶ
3233 3921 3308 3984 ὼς
3340 3921 3458 3973 ἐνόν
3470 3921 3825 3992 τιὺπάρχων,
3862 3927 3893 3978 6

2314 4016 2498 4077 τόποις
2528 4015 2602 4085 μὴ
2634 4013 3124 4084 περιγραφόμενος,
3147 4015 3175 4067 6
3203 4013 3417 4084 χρόνοις
3446 4015 3520 4085 μὴ
3550 4014 3779 4068 παλαιού
3789 4031 3893 4085 με-

2315 4124 2433 4170 νος,
2466 4109 2494 4159 ὀ
2520 4105 2678 4158 αίῶσι
2712 4106 2785 4176 μὴ
2815 4105 3236 4175 περατούμενος,
3267 4107 3296 4157 6
3325 4103 3502 4172 λόγοις
3533 4105 3605 4176 μὴ
3642 4107 3894 4176 παραγό-

2319 4216 2495 4270 μενος,
2530 4200 2558 4250 6
2586 4197 2794 4266 γενέσει
2823 4198 2897 4268 μὴ
2932 4193 3307 4267 ὑποκείμενος,
3330 4197 3359 4249 6
3390 4195 3633 4266 φυλακῆς
3669 4199 3742 4268 μὴ
3772 4198 3894 4251 δεό-

2320 4307 2496 4361 μενος,
2526 4292 2554 4342 6
2601 4289 2802 4360 φθορᾶς
2830 4288 3098 4359 ἀνώτερος
3119 4329 3134 4351 ,
3161 4290 3190 4340 6
3219 4287 3426 4359 τροπῆς
3455 4288 3827 4350 ἀνεπίδεκτος,
3862 4291 3895 4341 6

2316 4383 2471 4451 φύσει
2493 4381 2864 4443 ἀναλλοίωτος,
2890 4383 2918 4433 6
2938 4380 3050 4448 φῶς
3078 4380 3240 4432 οίκῷν
3259 4378 3567 4450 ἀπρόσιτον,
3590 4379 3620 4430 6
3637 4381 3705 4449 τῇ
3729 4379 3894 4447 φύσει

660 4473 765 4528 bus
795 4475 1006 4526 naturis
1037 4471 1394 4525 rationalibus
1428 4478 1481 4524 te
1515 4470 1773 4524 benevole
1815 4469 2213 4538 requirentibus

2317 4474 2559 4544 ἀόρατος,
2607 4475 2633 4525 6
2661 4471 2900 4540 γνωστὸς
2930 4472 3127 4534 πάσαις
3168 4473 3286 4534 ταῖς
3327 4472 3441 4542 μετ’
3467 4470 3679 4532 εὐνοίας
3719 4471 3894 4542 ἐκζη-

662 4573 825 4618 notus
871 4580 950 4623 cs.
997 4571 1051 4617 et
1093 4562 1512 4633 deprehenderis
1547 4562 1615 4616 ab
1645 4561 1712 4616 iis
1755 4561 1847 4630 Qui
1891 4562 1943 4614 in
1981 4562 2214 4616 benevo-

662 4656 823 4709 lentia
852 4657 1121 4725 vestigant
1151 4663 1202 4709 te
1229 4673 1241 4708 :
1276 4653 1417 4708 Deus
1449 4652 1683 4716 lsraelis,
1715 4668 1840 4706 vere
1870 4653 2125 4714 videntis,
2158 4655 2212 4709 in

663 4745 936 4801 Christum
986 4746 1257 4800 credentis
1304 4744 1487 4817 populi
1536 4744 1614 4796 tui
1653 4763 1664 4796 :
1698 4742 1964 4812 propitius
2015 4743 2210 4809 factus,

801 4883 847 4914 ⁸⁸
879 4883 897 4936 ι
926 4881 1049 4937 Cor.
1075 4898 1150 4947 xl,
1181 4881 1270 4936 29.
1349 4881 1389 4913 ³⁸
1429 4880 1446 4934 Ι
1477 4881 1616 4936 Tim.
1643 4897 1720 4948 vi,
1748 4883 1838 4936 l6.

2315 4564 2530 4627 τούσαις
2572 4582 2631 4617 σε
2662 4565 2904 4631 λογικαῖς
2951 4562 3212 4632 φύσεσιν,
3257 4564 3286 4615 6
3337 4561 3894 4631 καταλαμϐανόμενος

2319 4656 2421 4709 ὑπὸ
2444 4656 2550 4708 τῶν
2579 4659 2637 4709 ὲν
2676 4656 2855 4725 εὐνοίᾳ
2884 4653 3279 4724 ἐπιζητούντων
3307 4669 3386 4706 σε·
3413 4655 3441 4705 6
3478 4653 3613 4715 Θεὸς
3646 4653 3889 4723 Ἰσραὴλ,

2319 4747 2411 4800 τοῦ
2442 4747 2706 4820 ἀληθινῶς
2738 4746 2989 4818 ὁρῶντος,
3012 4746 3104 4800 τοῦ
3133 4749 3208 4810 εἰς
3230 4747 3461 4818 Χριστὸν
3491 4746 3886 4809 πιστεύσαντος

1983 5072 2334 5131 VABIORUM
2367 5073 2592 5129 NOTAE.

730 5253 838 5324 ('70)
883 5254 976 5324 Τῷ
999 5252 1138 5324 Θεῷ,
1193 5250 1661 5324 Rectius_absu_nt
1711 5249 1936 5324 in_cod.
1980 5247 2210 5306 Vindob.

665 5320 832 5380 verba
856 5322 931 5391 τῷ
944 5320 1100 5392 ’μόνῳ
1118 5323 1393 5391 ἀγεννήτῳ
1416 5320 1548 5388 Θεῷ.
1575 5320 1830 5384 Quamvis
1852 5336 1979 5392 cum
1997 5330 2212 5392 recepta

657 5390 920 5449 sententia
961 5390 1082 5445 non
1117 5390 1375 5460 pugnent,
1413 5391 1594 5444 nescio
1637 5390 1910 5460 quomodo
1957 5390 2207 5445 Ariauis-

658 5480 804 5516 mum
841 5463 1119 5525 redolent;
1144 5459 1390 5516 solebant
1411 5462 1553 5513 enim
1579 5460 1762 5513 Ariani
1797 5459 2105 5528 frequenter
2131 5462 2205 5513 ita

657 5535 823 5602 loqui,
861 5542 916 5585 ut
946 5533 1238 5586 discrimen
1279 5540 1596 5585 naturarum
1643 5531 1697 5582 in
1733 5532 1982 5600 personis
2007 5531 2206 5586 divinis

655 5606 960 5658 inuuerent.
991 5603 1155 5656 Cum.

725 5675 833 5744 (7|)
869 5675 1177 5744 Λείπονζα.
1245 5670 1380 5726 Cod.
1413 5670 1570 5726 Vind.
1625 5689 1733 5726 non
1779 5678 1988 5725 mutato
2036 5687 2197 5726 sensu

653 5745 717 5797 τὰ
748 5741 1053 5814 λειπόμενα.
1079 5741 1243 5814 cum.

728 5815 834 5876 (7:!)
874 5810 1182 5868 Πανταίκεί
1222 5812 1312 5865 list
1341 5812 1394 5865 in
1424 5811 1539 5865 «iul.
1577 5810 1732 5867 Vind.
1770 5818 2054 5880 mvzpmi,
2086 5830 2197 5867 om-

2307 5743 2487 5819 addita
2523 5742 3045 5819 hacinscriptjone:
3097 5742 3414 5819 Ἐπίκλησξς
3456 5748 3694 5816 κεφαλοκ

2315 5252 2466 5328 nibus
2513 5249 2812 5320 suﬁicienlc.
2844 5250 2986 5328 {Sihil
3030 5252 3290 5328 interest,
3342 5262 3520 5310 utrum
3551 5271 3874 5328 sequamur.

2318 5321 2612 5395 Utramque
2636 5338 2819 5376 vocem
2854 5323 3011 5395 habet
3056 5323 3273 5386 Suidas.
3316 5336 3370 5379 et
3412 5321 3769 5395 posteriorem
3809 5331 3876 5385 de

2313 5395 2427 5469 sole
2454 5393 2587 5469 dici_
2609 5395 2859 5469 observat
2881 5433 2918 5469 ,‘
2939 5393 3432 5469 i‘uterpretatu‘rqué
3474 5396 3627 5469 ἡλίου
3671 5416 3874 5469 παναρ-

2311 5464 2432 5535 κέος
2452 5502 2466 5523 ,
2497 5461 2589 5515 τοῦ
2623 5463 2863 5535 πανταχῆ
2904 5461 3220 5534 λάμποντος.
3275 5461 3440 5521 Recte
3471 5461 3691 5535 quidem
3713 5509 3727 5528 ,
3778 5461 3870 5523 sed

2309 5533 2486 5609 aptius
2509 5535 2616 5586 vim
2643 5533 2790 5609 vocis
2812 5537 3171 5609 expressisset
3197 5535 3345 5609 πάσῃ
3372 5538 3438 5606 τῇ
3553 5537 3870 5608 ἀρκοῦντος,

2311 5604 2406 5656 loti
2437 5612 2588 5655 terrm
2617 5603 2935 5671 sufﬁcientis.
2973 5603 3048 5658 lo.

2377 5673 2486 5743 (75)
2530 5674 2589 5725 Ὀ
2625 5675 2784 5737 Θεός.
2818 5673 2875 5725 1η
2906 5675 3028 5728 cod.
3063 5673 3224 5729 Vind.
3253 5677 3444 5747 incipit
3469 5677 3595 5731 hinc
3625 5692 3685 5730 ca
3733 5719 3744 5732 .
3778 5676 3867 5740 10,

2379 5744 2487 5794 dita
2523 5742 2621 5795 hac
2655 5742 3045 5800 inscriptione:
3097 5747 3414 5800 Ἐπίκλττσις
3456 5693 3867 5800 κεφαλοκλισίαε

3753 5749 3871 5813 σίας

2308 5812 2508 5867 πιστῶν
2534 5813 2844 5880 ἀπολυτική.
2877 5813 2950 5870 in.
