4050 6336
180 380 315 437 “23

1029 370 1628 445 CONSTITUTIONES
1660 387 2130 447 Aposroucie.
2165 420 2237 432 -
2270 390 2396 446 Lm.
2435 389 2567 445 Vlll.

178 494 606 567 ὑποϐεϐηκότας,
618 497 711 553 ἐὰν
725 492 855 554 ὦσιν
882 500 1173 557 ὑπεύθυνοι
1186 506 1251 575 τῇ
1267 503 1757 576 τοιαύτῃτιμωρίᾳ.

1863 522 1972 560 non
2002 507 2244 576 deponit,
2274 502 2522 576 segregat
2550 513 2728 559 autem
2764 518 2827 559 ac
2864 508 3301 565 excommunicat
3342 514 3430 569 in-

170 589 427 652 Διάκονος
445 590 546 643 οὐκ
566 590 795 661 εύλογεῖ,
818 594 879 646 ού
899 594 1113 648 δίδωσιν
1134 596 1402 665 εὐλογίαν,
1418 596 1679 667 λαμϐάνει
1698 596 1756 649 δὲ

170 678 322 752 παρά
353 680 653 749 ἐπισκόπου
686 684 780 736 καὶ
814 672 1227 757 πρεσϐυτέρου(
1265 688 1344 741 ου’
1367 686 1616 759 βαπτίζει
1647 688 1752 760 (7)’

166 771 231 824 ού
264 772 583 843 προσφέρει,
638 773 734 827 τοῦ
786 773 849 827 δὲ
897 776 1195 829 ἐπισκόπου
1237 778 1754 850 προσενεγκόντοςῆ

165 861 265 916 τοῦ
316 862 710 935 πρεσϐυτέρου,
745 865 906 929 αὐτὸς
951 867 1226 921 ἐπιδίδωσι
1262 868 1341 939 τῷ
1375 868 1509 939 λαῷ,
1552 870 1649 939 οὐχ
1678 868 1758 933 ὡς

170 954 373 1023 ἱεροὺς,
401 953 513 1007 ἀλλ’
543 955 619 1018 ὡς
649 955 1062 1029 διακονούμενος
1098 959 1322 1031 ἱερεῦσι,
1355 960 1473 1013 Τῶν
1503 960 1558 1013 δὲ
1583 961 1755 1015 ἄλλων

169 1044 451 1115 κληρικῶν
479 1046 539 1098 τὸ
566 1046 660 1099 τοῦ
694 1047 940 1101 διακόνου
974 1049 1133 1125 ἔργον
1163 1052 1386 1122 ποιῆσαι
1414 1054 1587 1107 οὐδενὶ
1614 1055 1750 1120 ἐξόν.

166 1136 495 1190 Διακόνισσα
521 1138 621 1192 οὐκ
653 1139 879 1208 εὐλογεῖ·
932 1141 1046 1195 ἀλλ’
1078 1142 1197 1195 οὐδέ
1231 1161 1283 1197 τι
1311 1138 1386 1197 ὧν
1427 1146 1669 1199 ποιοῦσιν
1704 1149 1755 1201 οἱ

167 1228 554 1302 πρεσϐύτεροι,
593 1231 627 1303 ἢ
656 1233 705 1285 ot
733 1231 995 1297 διάκονοι,
1030 1235 1286 1299 ἐπιτελεῖ,
1320 1237 1434 1289 ἀλλ’
1462 1236 1494 1308 ἢ
1527 1238 1621 1291 τοῦ
1653 1256 1755 1308 φυ-

164 1319 381 1374 λάττειν
428 1322 528 1387 τὰς
566 1322 773 1393 θύρας,
826 1327 919 1379 καὶ
963 1326 1416 1398 ὲξυπηρετεῖσθαι
1459 1333 1573 1394 τοῖς
1618 1348 1755 1401 πρε-

166 1410 454 1486 σϐυτέροις
504 1417 563 1469 ὲν
606 1415 684 1487 τῷ
728 1416 1083 1487 βαπτίζεσθαι
1133 1420 1232 1485 τὰς
1262 1424 1549 1490 γυναῖκας,
1580 1423 1669 1477 διὰ
1695 1423 1758 1476 τὸ

163 1503 463 1578 εὐπρεπές.
506 1507 762 1571 Διάκονος
805 1509 1054 1581 ἀφορίζει
1104 1512 1477 1579 ὑποδιάκονον,
1511 1514 1756 1584 ἀναγνώ-

164 1597 937 1669 στην,ψάλτην,διακόνισσαν,
974 1603 1069 1656 ἐὰν
1159 1621 1212 1657 τι
1241 1606 1482 1659 τοιοῦτον
1512 1608 1586 1680 μὴ
1616 1625 1757 1680 παρ⁴

160 1690 323 1755 όντος
363 1692 759 1764 πρεσϐυτέρου.
810 1693 1175 1766 Ὑποδιακόνῳ
1201 1696 1300 1750 οὐκ
1328 1696 1535 1761 ἔξεστιν
1568 1698 1757 1768 ἀφορί-

162 1797 279 1845 σαι,
317 1780 457 1835 οὔτε*
489 1783 595 1855 μὴν
636 1782 711 1855 (8)
761 1784 1134 1859 ἀναγνώστην,
1182 1786 1306 1841 οὔτε
1356 1787 1587 1860 ψάλτην,
1631 1787 1755 1843 οὔτε

1860 598 2085 653 feriores
2108 638 2123 663 ,
2167 598 2212 654 si
2244 613 2361 653 eam
2404 612 2618 667 poenam
2650 608 2978 653 mereantur.
3016 600 3287 659 Diaconus
3322 623 3431 663 non

1858 689 2160 755 benedicit,
2204 705 2310 744 non
2351 690 2445 743 dat
2476 689 2908 745 benedictionem
2934 731 2949 755 ,
2974 694 3179 763 accipit
3205 713 3335 751 vero
3364 701 3434 755 ab

1855 784 2115 854 episcopo
2144 792 2197 839 et
2227 785 2571 854 presbytero;
2624 799 2732 837 non
2764 785 3001 849 baptizat
3034 804 3047 854 ;
3093 803 3201 842 non
3234 791 3431 859 otl‘ert;

1858 874 1975 945 ipse
2005 891 2157 941 vero,
2188 891 2315 930 cum
2346 876 2639 947 episcopus
2668 884 2761 930 aut
2791 878 3071 949 presbyter
3094 881 3311 943 obtulit,
3338 883 3434 938 dat

1856 969 2087 1038 populo,
2132 985 2240 1023 non
2283 978 2540 1039 tanquam
2584 970 2874 1033 sacerdos,
2911 971 3005 1026 sed
3040 981 3296 1043 tanquam
3330 977 3434 1029 mi-

1858 1060 2100 1115 nistrans
2130 1060 2530 1116 sacerdotibus.
2567 1061 2713 1115 Nulli
2751 1070 2928 1115 autem
2962 1079 3026 1117 ex
3059 1058 3285 1135 reliquis
3322 1067 3433 1121 cle-

1856 1152 1986 1208 ricis
2020 1153 2144 1207 licet
2184 1169 2321 1222 opus
2368 1152 2585 1207 diaconi
2628 1154 2893 1210 lacere".
2949 1154 3269 1213 Diaconissa
3320 1174 3431 1213 non

1856 1244 2166 1310 benedicit;
2220 1247 2312 1302 sed
2346 1263 2445 1302 nec
2500 1250 2710 1317 peragit
2742 1249 3037 1318 quidquam
3073 1266 3261 1305 eorum
3311 1267 3432 1320 quae

1856 1337 2159 1407 presbyteri
2208 1346 2302 1392 aut
2351 1339 2567 1395 diaconi
2623 1341 2863 1408 faciunt;
2920 1343 3183 1397 duntaxat
3229 1344 3431 1412 januas

1857 1428 2134 1496 custodit;
2184 1438 2239 1483 et
2286 1432 2644 1503 presbyteris,
2682 1433 2900 1503 quando
2934 1434 3279 1503 baptizantur
3309 1452 3430 1490 mu-

1857 1517 2038 1585 lieres,
2088 1522 2393 1587 ministrat,
2437 1532 2664 1595 propter
2694 1525 2977 1579 decorum.
3010 1524 3283 1581 Diaconus
3334 1543 3431 1582 ex-

1856 1614 2225 1679 communicat
2272 1616 2668 1671 subdiaconum
2696 1656 2711 1681 ,
2762 1617 3017 1671 lectorem
3043 1657 3058 1681 ,
3104 1627 3382 1672 cantorem
3411 1662 3428 1686 ,

1856 1702 2257 1773 diaconissam;
2298 1707 2344 1762 si
2372 1709 2596 1764 absente
2628 1709 2944 1780 presbytero
2972 1725 3059 1765 res
3088 1709 3139 1763 id
3170 1712 3427 1779 postulet.

1859 1795 2208 1853 Subdiacono
2243 1814 2353 1853 non
2403 1800 2529 1855 licet
2569 1816 2885 1871 segregare,
2932 1817 3108 1871 neque
3148 1802 3428 1867 lectorem,

158 1872 505 1928 διακόνισσαν
534 1875 631 1945 (9),
670 1877 733 1929 ού
772 1876 1050 1949 κληρικὺν,
1099 1880 1161 1932 οὐ
1202 1879 1407 1935 λαῖκόν.
1449 1882 1748 1954 ’Υπηρέται

1849 1903 2027 1958 neque
2048 1900 2348 1957 cantorem,
2374 1907 2551 1962 neque
2573 1893 2972 1960 diaconissam;
3010 1910 3116 1948 non
3144 1894 3427 1961 clericum,

159 1964 275 2036 γάρ
307 1967 412 2019 είσι
444 1965 725 2021 διακόνων.

685 2060 1080 2115 ΚΕΦΑΛΑῘΟΝ
1112 2064 1241 2118 ΚΘ.

268 2149 410 2216 Περὶ
436 2152 715 2222 εὐλογίας
750 2154 860 2224 (10)
889 2154 1107 2222 ὕδατος
1138 2157 1257 2210 καὶδ
1274 2157 1505 2221 ἐλαίου,
1534 2159 1639 2214 τοῦ

623 2225 926 2278 Ματθαιου
983 2224 1269 2293 διάταξις.

231 2310 370 2382 Περὶ
395 2312 450 2365 δὲ
477 2312 671 2377 ὓδατος
706 2316 801 2368 καὶ
831 2315 1041 2383 ἐλαίου,
1082 2318 1192 2387 ἐγὼ
1222 2321 1500 2387 Ματθαῖος
1526 2323 1749 2379 διατάσ-

158 2417 348 2473 σομαι.
381 2404 684 2476 Εὐλογείτω
713 2408 742 2461 6
770 2407 1068 2474 ἐπίσκοπος
1097 2412 1158 2465 τὸ
1190 2411 1354 2486 ὓδωρ,
1383 2415 1417 2487 ἢ
1446 2416 1507 2470 τὸ
1550 2416 1746 2472 ἕλαιοψ

155 2493 258 2549 ἐὰν
305 2495 362 2549 δὲ
411 2497 485 2568 μὴ
536 2501 708 2571 παρῇ.
756 2500 1048 2570 εὐλογείτω
1093 2506 1122 2557 6
1162 2506 1547 2580 πρεσϐύτερος,
1577 2528 1751 2583 παρε-

156 2584 368 2650 στῶτος
407 2588 503 2641 τοῦ
533 2588 801 2645 διακόνου.
843 2592 1010 2647 Ἐπάν
1048 2594 1105 2647 δὲ
1149 2598 1177 2649 6
1226 2598 1524 2663 ἐπίσκοπος
1567 2604 1748 2674 παρῇ,

155 2678 518 2748 παριστάσθω
548 2682 577 2734 6
613 2682 981 2756 πρεσϐύτερος
1027 2686 1120 2739 καὶ
1157 2689 1185 2741 6
1231 2688 1495 2754 διάκονος
1546 2691 1751 2760 λεγέτω

154 2766 215 2821 δὲ
256 2767 449 2833 οὕτως’
522 2771 695 2843 Κύριε
744 2774 995 2841 Σαϐαὼθ,
1047 2779 1077 2831 6
1120 2778 1251 2843 Θεὸς
1295 2780 1403 2835 τῶν
1444 2781 1748 2855 δυνάμεων,

152 2859 354 2913 κτίστα
382 2861 493 2914 τῶν
520 2862 727 2918 ὑδάτων
754 2868 847 2920 καὶ
874 2872 1078 2939 χορηγὲ
1109 2871 1203 2924 τοῦ
1231 2873 1435 2938 ἐλαίου,
1464 2879 1748 2949 οἷκτιρμον

154 2953 255 3005 καὶ
289 2953 658 3026 φιλάνθρωπε,
689 2959 718 3010 6
746 2958 872 3022 δοὺς
901 2960 961 3013 τὸ
993 2960 1139 3035 ὕδωρ
1168 2964 1304 3034 πρὸς
1334 2967 1493 3022 πόσιν
1524 2970 1616 3022 καὶ
1645 2970 1747 3024 κά-

154 3042 374 3114 θαρσιν,
408 3046 504 3097 καὶ
536 3045 714 3102 ἔλαιον
742 3049 839 3103 τοῦ
876 3052 1122 3124 ἱλαρῦναι
1156 3057 1446 3127 πρόσωπον
1472 3062 1553 3123 είς
1577 3062 1746 3131 ἀγα).-

154 3135 331 3207 λίαμα
367 3137 723 3212 εὐφροσύνης·
775 3143 936 3208 αὐτὸς
987 3147 1081 3200 καὶ
1110 3147 1204 3201 νῦν
1234 3149 1321 3203 διὰ
1357 3152 1592 3221 Χριστοῦ
1621 3155 1745 3224 ἀγί-

154 3244 296 3282 ασον
342 3229 404 3283 τὸ
456 3228 601 3305 ὕδωρ
650 3234 807 3289 τοῦτο
853 3238 946 3290 καὶ
998 3238 1195 3308 ἔλαιον,
1240 3244 1327 3296 ἐπ’
1376 3245 1599 3315 ὀνόματι
1652 3248 1747 3301 τοῦ
1774 3224 1818 3280 c

155 3323 653 3394 προσκομίσαντος,
683 3326 717 3398 ἢ
746 3329 844 3399 τῆς
868 3334 1336 3405 προσκομισάσης,
1366 3337 1461 3390 καὶ
1482 3339 1569 3403 δὸς
1594 3339 1750 3394 δύνα-

161 3427 261 3482 μιν
301 3412 510 3481 ὑγιείας
528 3416 916 3492 ὲμποιητικὴν,
946 3409 1117 3477 νόσων
1145 3426 1535 3500 ἀπελαστικὴν,
1563 3430 1749 3502 δαιμό-

154 3520 271 3556 νων
308 3507 728 3581 φυγαδευτικὴν,
768 3512 951 3584 πάσης
982 3514 1275 3588 ἐπιϐουλῆς
1313 3519 1625 3593 διωκτικὴν,
1660 3522 1748 3577 διὰ

157 3596 420 3666 χριστοῦ,
472 3600 570 3670 τῆς
611 3600 822 3667 ὲλπῖδος
848 3606 1031 3676 ήμῶψ
1077 3609 1194 3679 μεθ’
1222 3602 1283 3664 οὗ
1322 3629 1404 3664 σοι
1432 3612 1578 3677 δόξα,
1612 3617 1745 3689 τιμὴ

152 3689 253 3742 καὶ
290 3689 474 3755 σέϐας,
505 3693 598 3747 καὶ
624 3695 701 3766 τῷ
730 3696 869 3767 ἁγίῳ
899 3699 1197 3770 Πνεύματι,
1245 3705 1323 3768 είς
1362 3706 1490 3769 τοὺς
1520 3707 1742 3772 αἰῶνας.

166 3780 228 3833 ’Δ
236 3782 359 3854 μήν.

701 3881 1103 3938 ΚΕΦΑΛΑΙΟΝ
1131 3888 1210 3940 A'.

322 3967 433 4023 Τοῦ
458 3969 644 4024 αὐτοῦ
677 3973 813 4042 περὶ
843 3975 1131 4045 ἀπαρχῶν
1161 3978 1259 4031 καὶ
1288 3979 1572 4037 δεκατῶν.

226 4062 354 4155 (il),
385 4064 444 4117 '0
481 4065 669 4131 αὐτὸς,
710 4070 837 4140 περὶ
874 4070 1267 4155 ἀπαρχῶνκκαὶ
1310 4078 1566 4136 δεκατῶν.
1606 4083 1727 4137 Ἔτι

150 4154 497 4223 προστάσσω,
526 4159 703 4212 πᾶσαν
736 4160 987 4233 ἀπαρχὴν
1019 4154 1478 4236 προσκομίζεσθαι
1509 4169 1587 4242 τῷ
1611 4175 1725 4228 ἐπι-

154 4238 347 4310 σκόπῳ
377 4243 470 4295 καὶ
500 4248 613 4307 τοῖς
640 4247 1034 4321 πρεσϐυτέροις
1062 4254 1155 4305 καὶ
1185 4258 1298 4317 τοῖς
1328 4238 1623 4325 διακόνοις,
1664 4263 1744 4325 εἰς

149 4327 448 4404 διατροφὴν
479 4335 679 4389 αὐτῶν·
738 4341 918 4394 πᾶσαν
954 4325 1010 4395 δὲ
1042 4344 1274 4418 δεκάτην
1303 4352 1739 4423 προσφέρεσθαι,

153 4423 238 4485 είς
262 4422 556 4498 διατροφὴν
584 4428 692 4481 τῶν
720 4430 921 4485 λοιπῶν
951 4434 1248 4507 κληρικῶν,
1279 4442 1372 4493 καὶ
1400 4422 1743 4515 τῶνίπαρθέ-

153 4530 284 4579 νων,
316 4516 409 4582 καὶ
436 4517 543 4570 τῶν
572 4520 776 4591 χηρῶν,
802 4524 895 4577 καὶ
922 4525 1031 4579 τῶν
1054 4529 1109 4581 ὲν
1132 4530 1293 4601 πενίᾳ
1316 4531 1737 4604 ἐξεταζομένων.

153 4605 223 4658 Δί
269 4606 378 4678 γάρ
423 4610 669 4681 ἀπαρχαὶ
707 4614 815 4667 τῶν
858 4617 1047 4688 ἱερέων
1091 4622 1213 4682 εἰσὶ,
1262 4625 1353 4676 καὶ
1397 4625 1506 4680 τῶν
1556 4628 1739 4692 αὐτοῖς

154 4692 490 4781 ἐξυπηρετω
499 4703 673 4773 μένων
700 4705 978 4761 διακόνων.

1848 1996 1959 2036 non
1985 1982 2186 2039 laicum
2220 2003 2235 2038 :
2272 1984 2509 2039 ministri
2538 1985 2684 2040 enim
2719 1993 2849 2040 sunt
2875 1986 3255 2043 diacouorum.

2400 2076 2633 2132 CAPUT
2677 2077 2865 2134 XXIX.

1881 2164 1959 2220 De
1992 2166 2344 2231 benedictione
2380 2186 2530 2240 aqure
2560 2178 2607 2224 et
2635 2171 2756 2235 olei,
2789 2169 3033 2225 Matt/imi
3062 2173 3390 2227 constitutio-

1921 2343 1997 2399 De
2032 2361 2172 2416 aqua
2201 2355 2380 2403 autem
2411 2354 2465 2403 et
2495 2348 2647 2411 oleo,
2684 2348 2961 2404 constituo
2989 2364 3088 2420 ego
3119 2348 3426 2405 Matthaeus.

1850 2436 2142 2493 Benedicat
2173 2441 2464 2510 episcopus
2495 2455 2693 2511 aquam
2718 2449 2772 2495 et
2800 2442 3001 2497 oleum.
3038 2441 3135 2495 Sin
3161 2457 3289 2496 vero
3318 2458 3429 2497 non

1851 2528 2027 2591 adsit,
2108 2531 2393 2586 benedicat
2459 2535 2784 2605 presbyter,
2846 2542 3114 2604 praesente
3173 2534 3429 2591 diacono.

1852 2619 2081 2686 Quando
2097 2631 2277 2678 autem
2295 2625 2469 2680 aderit
2489 2627 2781 2696 episcopus
2795 2666 2808 2689 ,
2838 2627 3099 2681 assistant
3122 2628 3427 2698 presbyter,

1850 2721 1903 2767 et
1934 2713 2232 2783 diaconus;
2282 2715 2428 2771 hunc
2474 2732 2602 2772 vero
2630 2718 2686 2771 in
2724 2718 2942 2772 modum
2976 2719 3121 2772 dicat
3153 2736 3169 2775 :
3202 2718 3433 2774 Domine

1853 2796 2116 2870 sabaoth,
2145 2806 2289 2863 Deus
2320 2809 2621 2876 virtutum;
2655 2818 2872 2865 creator
2906 2825 3198 2879 aquarum,
3235 2818 3289 2863 et
3320 2811 3430 2863 lar—

1850 2899 1992 2969 gitor
2019 2900 2156 2967 olei;
2182 2902 2504 2957 misericors
2528 2942 2543 2967 ,
2594 2905 2648 2956 et
2682 2903 2961 2956 hominum
3007 2901 3289 2969 studiose;
3333 2904 3429 2972 qui

1850 2989 2050 3046 dedisti
2076 3006 2272 3062 aquam
2298 2992 2365 3047 ad
2386 3002 2571 3063 potum
2595 3008 2657 3047 ac
2678 2996 3146 3064 expurgationem,
3172 3004 3224 3051 et
3247 2997 3427 3049 oleum

1849 3082 1916 3136 ad
1947 3083 2360 3138 exhilarandum
2395 3086 2603 3141 vultum
2636 3087 2689 3140 in
2720 3088 3143 3142 exsultationem
3186 3088 3425 3142 laetitia:

1852 3175 1968 3244 ipse
2004 3183 2059 3229 et
2098 3191 2245 3230 nunc
2277 3191 2373 3245 per
2401 3175 2676 3231 Christum
2724 3178 3007 3231 sanetitlca
3050 3180 3190 3233 hanc
3231 3193 3427 3249 aquam

1850 3278 2011 3337 atque
2057 3267 2160 3322 hoc
2208 3268 2408 3333 oleum,
2457 3270 2680 3323 nomine
2731 3270 2878 3325 illius
2920 3270 3012 3340 qui
3062 3270 3287 3335 obtulit,
3334 3276 3430 3323 aut

1848 3360 1996 3416 illius
2027 3377 2148 3432 quae
2179 3361 2409 3431 obtulit;
2454 3370 2507 3417 et
2544 3363 2611 3416 da
2643 3363 2751 3416 vim
2784 3362 3111 3419 ell‘ectricem
3148 3362 3424 3428 sanitatis,

1849 3453 2163 3507 morborum
2193 3454 2575 3523 expultricem,
2605 3455 2909 3509 daamonum
2942 3456 3279 3526 fugatricem,
3309 3472 3397 3511 om
3416 3494 3430 3501 —

1848 3543 2000 3598 nium
2032 3545 2351 3601 insidiarum
2376 3545 2818 3617 proﬂigatricem.
2854 3564 2951 3617 per
2971 3548 3248 3603 Christum
3274 3564 3427 3618 spem

1848 3646 2126 3706 nostram;
2159 3654 2282 3694 cum
2306 3656 2416 3711 quo
2441 3641 2538 3695 tibi
2566 3642 2758 3711 gloria,
2803 3642 3000 3705 honor,
3034 3657 3099 3697 ac
3122 3645 3425 3709 veneratio,

1846 3739 1899 3784 et
1931 3739 2122 3786 sancto
2151 3730 2401 3803 Spiritui,
2434 3734 2489 3787 in
2521 3734 2741 3789 saecula.
2770 3734 2961 3789 Amen.

2409 3890 2640 3946 CAPUT
2687 3891 2855 3949 XXX.

2131 3980 2416 4052 Ejusdem,
2448 3984 2512 4038 de
2539 3985 2790 4053 primitiis
2826 3994 2876 4038 et
2907 3985 3143 4040 decimis;

1916 4074 2085 4141 Idem,
2120 4076 2188 4131 de
2215 4077 2474 4147 primitiis
2506 4088 2559 4132 et
2590 4078 2840 4134 decimis.
2872 4078 3063 4132 Adhuc
3095 4078 3339 4149 injungo,
3366 4087 3426 4134 ut

1845 4180 2036 4221 omnes
2067 4169 2317 4237 primitiae
2339 4168 2641 4223 alferantur
2682 4170 2960 4238 episcopo,
2988 4179 3042 4223 et
3067 4170 3423 4240 presbyteris,

1844 4265 1899 4311 et
1944 4258 2233 4328 diaconis,
2287 4260 2355 4314 ad
2392 4276 2580 4315 eorum
2632 4260 2983 4328 alimentum;
3024 4272 3191 4332 utque
3234 4278 3425 4319 omnes

1844 4350 2069 4405 decima:
2097 4351 2419 4417 oﬂerantur,
2457 4352 2523 4406 ad
2561 4352 2785 4408 alendos
2824 4354 3063 4421 reliquos
3092 4353 3343 4417 clericos,
3371 4364 3426 4408 et

1843 4444 2104 4514 virgines,
2143 4459 2206 4498 ac
2226 4444 2442 4509 viduas,
2469 4453 2521 4499 et
2552 4452 2870 4513 paupertate
2896 4445 3143 4501 aﬂlictos.
3162 4445 3426 4502 Primitim

1845 4537 2024 4600 enim,
2074 4538 2421 4591 sacerdotum
2476 4545 2625 4602 sunt,
2674 4545 2835 4607 atque
2883 4537 2949 4593 iis
2994 4538 3422 4593 ministrantium

1846 4628 2223 4685 diaconorum.

215 4850 265 4883 ³⁸
296 4854 441 4913 Citat
484 4854 944 4928 Harmenopulus,
985 4858 1040 4915 in
1080 4858 1223 4929 Ερὶι.
1255 4876 1376 4916 can.
1407 4873 1541 4920 sect.
1570 4865 1623 4929 2,
1657 4867 1740 4921 ιῑι.
1771 4866 1840 4931 4;
1871 4864 1908 4920 l.
1936 4867 2346 4939 pseudo-Iguat.
2382 4870 2450 4925 ad
2476 4870 2728 4924 Antim-h.
2764 4866 2849 4921 £2.

1456 4998 1820 5058 VARIORUM
1879 5003 2111 5061 NOTAE.

223 5141 301 5211 (7)
324 5143 881 5220 Ὀύῼβαξτίζειωιςη
906 5165 1081 5220 usque
1111 5151 1176 5205 ad
1206 5152 1407 5206 οὐδενὶ
1436 5149 1596 5217 ἐξόν.
1638 5155 1728 5211 Ci-

149 5219 299 5265 tatur
324 5214 376 5266 in
406 5212 513 5269 {ine
546 5212 1221 5281 Responsionum'ﬁiceta:
1254 5212 1625 5279 Heracleensis
1656 5228 1724 5281 ad

150 5282 613 5362 interrogationes
638 5282 982 5362 Constantini
1009 5293 1277 5362 episcopi,
1317 5304 1475 5362 prout
1504 5304 1724 5350 exstant

150 5355 206 5429 in
242 5356 674 5429 m_ss.trib_us_ad
705 5360 908 5415 calcem
927 5355 1162 5417 Matihzei
1196 5355 1478 5429 Blastaris,
1509 5366 1725 5423 duobus

150 5422 357 5493 Regiis,
386 5420 547 5481 tertio
576 5425 811 5483 Juliano.
840 5432 975 5487 Cor.

234 5494 309 5569 (8)
341 5494 637 5569 Qﬁtephr
656 5537 677 5569 ,Α
704 5498 795 5550 καὶ
824 5498 893 5551 τὰ
943 5497 1088 5569 ἑξῆς.
1132 5502 1266 5556 Cod.
1296 5500 1529 5559 Vindob.
1568 5505 1727 5558 habet

161 5566 214 5618 in
248 5564 430 5647 dativo
461 5566 792 5647 ’ἀναγνώστῃ
816 5608 839 5647 ..
1081 5580 1134 5625 et
1173 5574 1508 5647 δτιακοείίσσῃ,
1549 5586 1606 5629 ut
1642 5592 1725 5630 res

162 5641 369 5687 vetetur
400 5633 604 5698 lectari,
633 5633 840 5692 cantori
877 5633 929 5693 et
960 5633 1299 5697 diacoms'sze.
1334 5633 1501 5697 cmi;

231 5703 307 5771 (9)
361 5704 799 5779 Ἀνέιγψὼᾳτην,
842 5710 978 5763 οὔτε
1032 5711 1302 5779 ψάλτην,
1344 5714 1481 5767 οὔτε
1530 5715 1723 5769 διακό-

160 5786 404 5848 ξξισοήαν.
428 5773 662 5848 _Silenlio
696 5773 796 5848 tegi
825 5794 929 5833 non
955 5773 1112 5834 debet
1147 5773 1299 5836 varia,
1331 5784 1487 5837 lectio
1519 5788 1723 5840 codicis

161 5842 308 5913 ltegii
349 5844 441 5913 qui
490 5855 707 5901 notatur
750 5842 985 5904 numero
1022 5850 1161 5905 239-2
1205 5875 1215 5908 :
1270 5852 1644 5929 Ἀναγνώστῃ,
1688 5858 1718 5928 ἢ

1829 5159 2037 5235 ψάλτῃ,
2070 5160 2101 5231 ἢ
2132 5161 2465 5235 διακονίσσῃ.
2500 5162 2637 5217 Coc.

1901 5231 2010 5299 (10)
2038 5231 2489 5299 Περὶεὺλογίάζ,
2528 5252 2581 5286 κ.
2608 5251 2658 5285 τ.
2678 5232 2727 5285 λ.
2760 5232 2891 5287 Tota
2925 5233 3209 5304 insl‘riplio
3238 5234 3414 5300 deest,

1827 5301 2055 5370 ejusque
2084 5306 2202 5376 loco
2234 5304 2471 5376 legitur_:
2507 5304 2782 5376 Ματοαῐος
2808 5306 2862 5355 ὲν
2898 5301 3124 5376 Ἰουδαία
3152 5306 3418 5359 διδάσκων

1822 5372 1917 5423 τὸν
1930 5370 2165 5441 Χριστοῦ
2180 5370 2356 5440 λόγον,
2376 5374 2481 5445 τῶν
2496 5374 2862 5445 ἐϐδομήκοντα
2883 5370 3120 5442 γεγονὼς
3141 5377 3415 5445 μαθητῶν,

1823 5441 1850 5491 ὀ
1878 5450 2014 5510 μετα
2042 5444 2139 5513 τὴν
2172 5444 2404 5515 Χριστοῦ
2440 5441 2632 5515 ἄνοδον
2654 5441 3151 5515 συγκατηρίθμητσ
3171 5441 3282 5508 τοῖς
3311 5446 3415 5498 δώ-

1824 5511 1956 5563 δεκα
2004 5511 2344 5575 Ἀποστόλοις
2376 5516 2494 5567 ἀντὶ
2536 5511 2843 5585 Ἰούδαρτοῦ
2885 5511 3175 5584 γενομένου
3226 5516 3417 5585 προδό-

1831 5598 1946 5656 του·
1982 5586 2254 5656 κεῖται-’ὲν
2296 5585 2663 5656 Ἰερουσαλήμ.
2701 5584 2803 5639 Sed
2830 5602 2927 5653 pro
2955 5585 3210 5639 Matt/raso
3237 5586 3416 5655 legen—

1835 5651 1963 5704 dum
1996 5662 2111 5705 erat
2145 5651 2448 5709 Matt/litim.
2480 5651 2746 5709 Ville‘Act.
2785 5651 2841 5717 ιζ
2863 5656 2951 5709 95.
2986 5656 3155 5711 Cum.

1907 5723 2015 5793 (Η)
2070 5726 2129 5776 '0
2158 5726 2359 5798 αύτός,
2395 5736 2499 5779 etc.
2535 5726 2693 5781 Deest
2734 5728 3057 5798 inscriptio,
3102 5726 3260 5795 cujus
3292 5725 3409 5784 loco

1836 5804 1962 5847 sunt
2002 5811 2093 5849 sex
2129 5796 2291 5850 verba
2325 5798 2631 5867 sequentia.

3287 397 3432 454 “9.6
3512 442 3518 447 .
