4050 6336
275 365 408 423 ιιιι

1115 343 1713 406 CONSTITUTIONES
1750 336 2224 397 APOSTOLICJE.
2263 368 2331 377 —
2378 334 2507 390 LIB.
2540 332 2677 395 VIII.

3392 327 3531 385 “ﬂ

264 485 391 545 τοὺς
418 479 512 534 καὶ
541 473 801 548 ἀλλήλους
829 470 906 543 τῷ
932 469 1095 535 ζῶντι
1115 466 1232 537 Θεῷ
1262 464 1352 519 διὰ
1381 462 1475 516 τοῦ
1512 456 1849 527 Μονογενοῢς

1951 454 2269 509 mendemus
2331 468 2428 522 per
2495 447 2848 520 Unigenitum
2913 446 3053 519 ejus.
3108 445 3187 501 Ac
3238 445 3530 517 episcopus

264 574 427 631 αὐτοῦ
459 565 852 639 πασαθώμεθα.
904 563 1015 616 Καὶ
1050 563 1079 615 6
1117 559 1413 619 ἐπίσκοπος
1461 551 1844 622 ἐπευχόμενος,

263 666 487 735 λεγέτω*

771 743 1169 801 ΚΕΦΑΛΑΙΟΝ
1210 743 1342 797 AH'.

728 838 1096 908 Εὐχαριστία
1131 832 1395 904 ὀρθρινή.

347 938 406 991 '0
462 936 597 997 Θεὸς
635 934 665 987 ὀ
701 932 810 985 τῶν
842 928 1165 999 πνευμάτων
1199 926 1293 979 καὶ
1341 923 1521 994 πάσης
1567 922 1787 994 σαρκὸς,
1819 923 1849 975 6

261 1026 589 1099 ἀσύγκριτος
612 1026 704 1079 καὶ
731 1021 1050 1095 ἀπροσδεὴς,
1082 1022 1110 1073 ὀ
1140 1019 1265 1082 δοὺς
1293 1016 1383 1071 τὸν
1407 1015 1557 1088 ἥλιον
1590 1016 1671 1078 εἰς
1700 1013 1850 1079 ἐξου-

265 1121 384 1171 σίαν
412 1119 509 1187 τῆς
541 1116 773 1187 ἡμέρας,
804 1113 903 1178 τὴν
933 1111 992 1166 δὲ
1043 1109 1272 1181 σελήνην
1315 1108 1410 1161 καὶ
1449 1105 1518 1159 τὰ
1557 1106 1734 1177 ἄστρα
1768 1106 1849 1168 είς

264 1208 511 1273 ἐξουσίαν
536 1209 636 1277 τῆς
675 1204 886 1267 νυκτόςο
942 1201 1101 1265 αὐτὸς
1127 1201 1221 1254 καὶ
1254 1200 1349 1253 νῦν
1381 1198 1528 1251 ἔπιδε
1571 1199 1662 1265 ἐφ’
1702 1197 1848 1267 ἡμᾶς

262 1300 545 1371 εὐμενέσιν
607 1298 923 1368 ὀφθαλμοῖς,
980 1297 1072 1350 καὶ
1139 1292 1427 1366 πρόσδεξαι
1468 1291 1567 1354 τὰς
1623 1289 1850 1354 ἑωθινὰς

262 1391 420 1461 ἡμῶν
449 1388 812 1461 εὐχαριστίας,
853 1387 948 1441 καὶ
980 1386 1197 1457 ἐλέησον
1229 1385 1393 1455 ἡμᾶς·
1441 1384 1503 1435 οὐ
1533 1381 1643 1453 γάρ
1667 1382 1847 1435 διεπε-

259 1484 508 1553 τάσαμεν
538 1482 637 1544 τὰς
666 1483 853 1553 χεῖρας
895 1479 1051 1550 ἡμῶν
1093 1468 1228 1549 πρὸς
1273 1476 1392 1531 θεὸν
1436 1474 1733 1546 ἀλλότριον*
1784 1474 1846 1528 οὑ

260 1574 374 1647 γάρ
395 1576 539 1627 ἐστιν
570 1574 629 1626 ἐν
659 1575 789 1647 ἡμῖν
837 1571 957 1635 θεὸς
993 1570 1323 1643 πρόσφατος,
1370 1567 1506 1621 ἀλλὰ
1548 1568 1613 1621 σὺ
1652 1568 1681 1620 6
1721 1563 1849 1619 αίώ-

261 1683 375 1729 νιος
413 1666 505 1719 καὶ
532 1663 903 1735 ἀτελεύτητος.
966 1663 1023 1715 '0
1056 1662 1116 1715 τὸ
1151 1656 1291 1715 εἶναι
1320 1661 1452 1730 ἡμῖν
1494 1658 1585 1713 διὰ
1610 1656 1848 1731 Χριστοῦ

261 1758 694 1829 παρασχόμενος,
730 1756 825 1810 καὶ
853 1754 916 1809 τδ
944 1751 1003 1809 εὖ
1048 1751 1183 1808 εἶναι
1219 1753 1286 1807 δι’
1321 1750 1485 1807 αὑτοῦ
1526 1750 1849 1824 δωρησάμε-

1953 564 2141 610 orans.
2172 546 2317 601 dicat
2347 563 2359 599 :

2455 725 2685 783 CAPUT
2725 722 3011 779 XXXVIII.

2353 819 2661 874 Gratiarum
2687 818 2823 871 actio
2854 815 3137 870 matutina.

2021 913 2320 984 Spirituum
2355 920 2411 968 et
2438 911 2619 967 omnis
2655 909 2840 965 carnis
2870 908 3037 971 Deus,
3080 903 3531 977 incomparabilis

1947 1020 2013 1060 ac
2048 1005 2253 1060 nullius
2280 1004 2359 1058 rei
2387 1003 2633 1075 indigus;
2660 1001 2754 1072 qui
2783 998 2982 1056 dedisti
3022 997 3215 1061 solem,
3242 1004 3302 1051 ut
3336 1011 3531 1068 praees-

1948 1108 2030 1156 set
2054 1098 2198 1166 diei;
2244 1099 2429 1153 lunam
2458 1111 2588 1152 vero
2628 1104 2684 1150 et
2714 1093 2923 1157 stellas,
2954 1099 3014 1146 ut
3036 1097 3334 1162 praeessent
3356 1089 3527 1157 nocti,

1948 1190 2065 1261 ipse
2093 1197 2145 1246 et
2177 1204 2323 1244 nunc
2349 1188 2560 1258 respice
2592 1200 2759 1257 super
2783 1199 2888 1240 nos
2912 1183 3089 1239 oculis
3117 1180 3433 1248 benevolis;
3463 1194 3529 1235 ac

1947 1282 2166 1351 suscipe
2194 1280 2491 1333 matutinas
2532 1285 2759 1333 nostras
2796 1275 3098 1347 gratiarum
3144 1272 3425 1339 actiones;
3472 1278 3531 1325 et

1946 1375 2205 1431 miserere
2228 1374 2403 1429 nostri
2436 1391 2449 1426 :
2494 1389 2606 1428 non
2630 1371 2775 1428 enim
2805 1369 3165 1441 expandimus
3200 1381 3395 1423 manus
3423 1380 3526 1419 no-

1952 1468 2095 1517 stras
2122 1468 2188 1517 ad
2214 1460 2373 1516 deum
2401 1461 2676 1527 alienum;
2715 1458 2982 1530 siquidem
3015 1471 3120 1511 non
3161 1464 3244 1511 est
3277 1458 3331 1509 in
3365 1456 3523 1510 nobis

1952 1556 2088 1614 deus
2113 1570 2303 1612 recens
2328 1556 2394 1622 ⁸⁸,
2426 1553 2521 1609 sed
2555 1561 2613 1608 tu
2658 1562 2896 1608 aeternus
2924 1566 2987 1606 ac
3033 1548 3381 1605 immortalis.
3417 1546 3523 1614 Qui

1953 1649 2115 1705 nobis
2158 1663 2252 1720 per
2281 1647 2557 1702 Christum
2597 1642 2876 1717 praibuisti
2918 1652 2979 1699 ut
3021 1655 3292 1704 essemus,
3327 1641 3527 1709 quippe

1955 1758 2053 1814 per
2100 1741 2350 1797 eumdem
2402 1740 2617 1796 donasti
2660 1748 2721 1795 ut
2764 1738 2899 1793 bene
2945 1750 3222 1801 essemus;
3275 1735 3391 1804 ipse
3427 1747 3528 1788 nos

261 1868 371 1913 νος⁹
426 1851 587 1915 αὐτὸς
614 1851 762 1921 ἡμᾶς
789 1848 856 1901 δι’
886 1845 1416 1921 αὐτοῦικαταξίωσον
1450 1845 1544 1899 καὶ
1586 1844 1684 1916 τῆς
1725 1845 1848 1897 αἰω-

1957 1849 2052 1906 per
2082 1848 2208 1888 eum
2234 1833 2461 1903 dignare
2492 1840 2693 1885 aeterna
2728 1831 2861 1896 vita,
2892 1843 3017 1883 eum
3041 1841 3151 1896 quo
3197 1824 3294 1880 tibi
3333 1822 3528 1893 gloria,

261 1944 375 2015 νίου
420 1942 580 2015 ζωῆς·
627 1941 754 2014 μεθ’
790 1933 852 1994 οὗ
900 1957 983 1993 σοι
1022 1938 1168 2007 δόξα,
1220 1940 1313 1992 καί
1342 1937 1496 2009 τιμὴ,
1528 1936 1623 1990 καὶ
1658 1935 1843 2003 σέϐας,

261 2038 357 2091 καὶ
375 2036 452 2108 τῷ
485 2036 623 2107 ἁγίῳ
656 2034 955 2106 Πνεῦματι,
986 2035 1063 2096 εἰς
1098 2033 1224 2096 τοὺς
1252 2030 1472 2093 αἰῶνας.
1519 2029 1708 2101 Ἀμήν.
1737 2030 1849 2082 Καὶ

259 2133 291 2182 ὁ
339 2130 585 2193 διάκονος
628 2127 851 2196 λεγέτω⁹
903 2125 1139 2180 Κλίνατε
1182 2127 1252 2197 τῇ
1296 2120 1625 2195 χειροθεσίᾳ.
1681 2122 1792 2175 Καὶ
1819 2123 1848 2176 ὀ

252 2224 559 2286 ,ἐπίσκοπος
597 2219 931 2291 ὲπευχέσθω,
962 2218 1156 2287 λέγων’

775 2311 1171 2367 ΚΕΦΑΛΑΙΟΝ
1210 2310 1334 2365 ΛΘ’.

723 2404 1072 2473 Χειροθεσία
1109 2400 1370 2472 όρθρινή.

347 2498 404 2552 '0
425 2498 558 2562 Θεὸς
582 2499 611 2552 ὀ
642 2497 834 2560 πιστὸς
860 2498 956 2551 καὶ
995 2494 1270 2567 ἀληθινὸς,
1304 2498 1333 2549 6
1382 2493 1552 2549 ποιῶν
1590 2492 1735 2557 ἕλεος
1770 2493 1850 2557 είς

259 2590 504 2662 χιλιάδας
532 2591 625 2644 καὶ
654 2589 920 2663 μυριάδας
946 2591 1058 2652 τοῖς
1097 2587 1350 2657 ἀγαπῶσί
1380 2605 1459 2656 σε,
1504 2590 1534 2642 6
1573 2587 1723 2658 φίλος
1755 2605 1850 2641 τα-

257 2682 482 2749 πεινῶν,
513 2682 609 2736 καὶ
640 2682 888 2753 πενήτων
924 2681 1257 2752 προστάτης,
1297 2676 1359 2733 οὒ
1393 2681 1569 2735 πάντα
1601 2681 1658 2733 έν
1690 2679 1849 2751 χρείᾳ

258 2774 619 2845 καθέστηκεν,
654 2774 737 2827 ὅτι
765 2772 835 2826 τὰ
864 2773 1155 2844 σύμπαντα
1200 2770 1366 2825 δοῦλά
1410 2788 1523 2825 σουο
1570 2771 1720 2825 ἔπιδε
1756 2770 1848 2824 τὸν

258 2865 388 2920 λαόν
439 2882 530 2919 σου
580 2864 790 2932 τοῦτον,
834 2866 962 2930 τοὺς
999 2864 1318 2929 κεκλικότας
1363 2883 1446 2919 σοι
1493 2865 1592 2929 τὰς
1640 2866 1847 2920 ἑαυτῶν

260 2957 523 3026 κεφαλάς,
564 2959 658 3011 καὶ
694 2957 986 3028 εὐλόγησον
1022 2958 1221 3021 αὐτοὺς
1263 2956 1510 3027 εὐλογίαν
1548 2975 1847 3030 πνευματι-

260 3050 388 3119 κὴν,
415 3048 646 3119 φύλαξον
668 3050 866 3113 αὐτοὺς
894 3049 970 3113 ὡς
997 3048 1167 3120 κόρην
1195 3049 1493 3121 ὀφθαλμοῦ,
1523 3049 1845 3121 διατήρησον

258 3141 459 3205 αὐτοὺς
498 3143 555 3194 έν
587 3140 837 3211 εὐσεῦείᾳ
881 3142 973 3195 καὶ
998 3140 1333 3212 δικαιοσύνῃ,
1378 3142 1471 3195 καὶ
1512 3140 1845 3208 καταξίωσον

260 3236 461 3298 αὐτοὺς
484 3234 584 3305 τῆς
610 3233 826 3289 αἰωνίου
855 3232 1021 3304 ζωῆς,
1054 3233 1113 3286 έν
1145 3231 1367 3304 Χριστῷ
1412 3232 1585 3304 Ἰησοῦ
1617 3232 1694 3304 τῷ
1720 3234 1851 3303 ἠγα-

259 3330 494 3401 πημένῳ
526 3345 617 3381 σου
657 3327 827 3382 παιδί·
891 3327 1020 3398 μεθ’
1051 3321 1112 3382 οὗ
1145 3343 1227 3380 σοι
1256 3326 1404 3394 δόξα,
1451 3326 1585 3397 τιμὴ
1632 3326 1726 3380 καὶ
1763 3326 1851 3379 σέ-

258 3418 386 3488 ϐας,
425 3421 519 3473 καὶ
572 3419 650 3491 τῷ
691 3418 832 3490 ἁγίῳ
864 3418 1165 3490 Πνεύματι,
1189 3417 1328 3486 ενῦν,
1366 3418 1461 3472 καὶ
1502 3419 1610 3486 ἀεὶ,
1643 3418 1737 3471 καὶ
1771 3419 1851 3483 είς

258 3513 389 3575 τοὺς
419 3510 619 3575 αίῶνας
650 3510 758 3564 τῶν
799 3509 1027 3565 αἰώνων.
1077 3510 1266 3582 Ἀμήν.
1303 3510 1414 3564 Καὶ
1441 3512 1469 3564 ὁ
1494 3509 1737 3574 διάκονος
1763 3509 1852 3563 λε-

260 3603 426 3671 γέτωο
476 3601 770 3673 Προέλθετε
811 3603 870 3656 ὲν
898 3603 1108 3674 εἰρήνῃ.
1157 3602 1279 3656 Ἐπὶ
1310 3602 1366 3656 δὲ
1400 3605 1518 3666 ταῖς
1549 3618 1851 3674 προσφερο-

265 3695 456 3765 μέναις
480 3696 774 3765 ἀπαρχαῖς,
799 3694 969 3758 οὓτως
1000 3696 1367 3766 εὐχαριστείὀ
1395 3695 1713 3760 ἐπίσκοπος.

795 3786 1189 3841 ΚΕΦΛΛΑῙΟΝ
1220 3788 1309 3840 Μ’.

651 3880 999 3947 Ἑπίκλησις
1021 3880 1121 3934 ἐπὶ
1148 3878 1459 3947 ἀπαρχῶν.

333 3972 777 4045 Εὗχαριστοῦμέν
798 3990 903 4036 σοι,
928 3971 1101 4043 Κύριε
1122 3972 1521 4044 παντόκρατορ,
1550 3970 1848 4043 δημιουργὲ

263 4066 372 4119 τῶν
393 4066 529 4121 ὅλων
557 4067 649 4119 καὶ
675 4063 967 4136 προνοητὰ,
997 4062 1085 4117 διὰ
1111 4062 1206 4116 τοῦ
1241 4061 1565 4134 μονογενοῦς
1595 4080 1687 4116 σου
1724 4064 1850 4116 Παι-

262 4157 354 4221 δὸς
390 4156 563 4229 Ἰησοῦ
584 4155 820 4228 Χριστοῦ
849 4154 943 4207 τοῦ
966 4154 1172 4226 Κυρίου
1195 4155 1372 4225 ἡμῶν,
1394 4155 1487 4207 ἐπὶ
1508 4157 1629 4218 ταῖς
1653 4171 1849 4227 προσε-

265 4249 569 4321 νεχθείσαις
592 4265 673 4301 σοι
718 4247 1015 4319 ἀπαρχαῖς,
1061 4249 1161 4317 οὐχ
1203 4248 1328 4300 ὅσον
1377 4245 1685 4316 ὀφείλομεν,
1734 4245 1847 4299 ἀλλ’

265 4343 388 4397 ὅσον
417 4340 709 4412 δυνάμεθα.
741 4339 835 4404 Τίς
862 4339 971 4409 γὰρ
1005 4338 1309 4410 ἀνθρώπων
1345 4338 1585 4403 ἐπαξίως
1621 4339 1844 4410 εὐχαρι-

269 4432 461 4504 στῆσαί
488 4450 569 4486 σοι
592 4432 833 4496 δύναται,
858 4431 999 4503 ὑπὲρ
1016 4424 1089 4485 ὧν
1111 4431 1349 4494 δέδωκας
1380 4432 1562 4493 αὐτοῖς
1583 4431 1662 4493 εἰς
1684 4429 1848 4501 μετά-

1951 1926 2148 1988 honor,
2191 1921 2493 1985 veneratio,
2547 1927 2601 1974 et
2643 1924 2835 1973 sancto
2897 1913 3145 1985 Spiritui,
3197 1913 3255 1968 in
3303 1910 3523 1968 saecula.

1948 2017 2140 2071 Amen.
2178 2013 2316 2068 Tum
2346 2012 2609 2067 diaconus
2644 2010 2793 2065 dicat
2825 2027 2840 2065 :
2892 2008 3157 2063 Inclinate
3204 2005 3273 2061 ad
3327 2018 3527 2060 manus

1949 2107 2376 2179 impositionem.
2401 2105 2479 2183 Ac
2502 2104 2796 2175 episcopus
2829 2110 2968 2167 oret,
2997 2100 3083 2157 his
3118 2099 3301 2156 verbis
3333 2117 3348 2154 :

2480 2282 2710 2341 CAPUT
2748 2279 2991 2337 XXXIX.

2324 2379 2599 2450 Impositio
2632 2392 2821 2432 manus
2854 2372 3135 2427 matutina.

2022 2472 2166 2528 Deus
2189 2472 2362 2527 ﬁdelis
2391 2478 2446 2525 et
2475 2484 2637 2524 verax
2666 2468 2711 2498 ⁸⁷
2735 2506 2753 2533 ,
2791 2466 2883 2536 qui
2916 2464 3053 2519 iacis
3086 2457 3527 2518 misericordiam

1951 2558 2227 2630 in‘millia,
2264 2572 2318 2620 et
2356 2562 2496 2618 dena
2542 2559 2734 2623 millia,
2784 2555 3142 2628 diligentibus
3184 2560 3270 2619 te;
3314 2551 3526 2606 amicus

1952 2658 2261 2721 humilium,
2318 2662 2373 2711 et
2420 2667 2722 2725 pauperum
2758 2647 3050 2712 defensor;
3100 2659 3211 2717 quo
3270 2644 3527 2699 universa

1950 2767 2089 2823 opus
2112 2749 2330 2813 habent,
2362 2763 2489 2818 qma
2508 2752 2707 2801 cuncta
2732 2741 2830 2797 tibi
2856 2756 3013 2797 serva
3046 2746 3175 2795 sunt
3198 2757 3211 2793 :
3234 2736 3449 2806 respice
3470 2734 3529 2790 in

1951 2845 2212 2916 populum
2243 2851 2397 2897 tuum
2431 2840 2601 2903 hunc,
2648 2837 2705 2892 in
2750 2836 2853 2892 hos
2893 2834 2987 2904 qui
3032 2830 3371 2886 inclinarunt
3427 2824 3532 2882 tibi

1954 2937 2135 3001 capita
2181 2946 2301 2999 sua,
2321 2939 2374 2985 ct
2402 2930 2631 2986 benedic
2678 2930 2759 2986 eis
2803 2928 3178 2983 benedictione
3216 2921 3525 2995 spirituali;

1956 3021 2170 3079 custodi
2194 3036 2310 3090 eos,
2343 3031 2404 3077 ut
2424 3022 2686 3092 pupillam
2714 3021 2858 3077 oculi
2880 3020 3035 3084 "-‘9;
3066 3030 3327 3073 conserva
3355 3030 3451 3070 eos
3476 3014 3534 3067 in

1950 3121 2150 3189 pietate
2195 3131 2260 3171 ac
2302 3114 2548 3185 justitia;
2585 3119 2639 3167 et
2677 3125 2774 3166 eos
2810 3108 2919 3163 vita
2950 3114 3154 3163 aeterna
3185 3102 3440 3174 dignare;
3472 3098 3533 3154 in

1875 3188 1919 3249 θ
1952 3188 2175 3268 Christo
2202 3207 2333 3265 Jesu
2377 3206 2579 3261 dilecto
2596 3202 2733 3257 Filio
2754 3208 2882 3266 tuo;
2912 3214 3037 3254 cum
3070 3211 3179 3267 quo
3204 3193 3302 3249 tibi
3331 3190 3528 3263 gloria,

1951 3304 2149 3366 honor,
2192 3308 2355 3371 atque
2397 3298 2600 3358 cultus,
2657 3300 2712 3349 et
2750 3297 2945 3349 sancto
2996 3284 3247 3357 Spiritui,
3279 3297 3447 3345 nunc,
3476 3286 3535 3334 et-

1954 3409 2189 3464 semper,
2237 3398 2292 3446 et
2334 3391 2389 3445 in
2422 3386 2622 3446 secula
2651 3383 3000 3441 seculorum.
3034 3378 3230 3433 Amen.
3253 3374 3318 3428 Et
3344 3372 3533 3428 diaco-

1953 3504 2058 3543 nus
2074 3462 2229 3541 dicat
2261 3501 2275 3539 :
2315 3480 2475 3537 Exite
2518 3479 2574 3535 in
2614 3492 2767 3550 pace.
2816 3474 3087 3531 Caeterum
3122 3482 3223 3541 pro
3270 3462 3531 3537 primitiis

1951 3595 2073 3653 quae
2124 3577 2450 3642 oh‘eruntur,
2499 3571 2795 3644 episcopus
2848 3565 3054 3638 gratias
3105 3561 3217 3633 agit
3269 3559 3419 3614 hunc
3471 3556 3533 3612 in

1950 3674 2171 3733 modum
2199 3691 2213 3728 :

2541 3751 2771 3811 CAPUT
2825 3749 2938 3815 XL.

2483 3848 2753 3906 Invocatio
2775 3862 2870 3915 pro
2894 3842 3171 3914 primitiis.

2020 3953 2237 4009 Gratias
2271 3949 2481 4021 agimus
2513 3944 2632 4009 tibi,
2697 3939 2927 3997 Domine
2977 3935 3351 4005 omnipotens,
3404 3945 3530 3985 omo-

1950 4041 2102 4103 nium
2141 4043 2323 4116 opifex
2350 4056 2415 4095 ac
2458 4036 2729 4109 provisor,
2786 4048 2883 4104 per
2937 4029 3277 4101 unigenitum
3328 4023 3532 4080 Filium

1951 4148 2107 4194 tu-im
2162 4120 2350 4190 Jesum
2403 4124 3026 4187 ChristumDominum
3083 4128 3371 4184 nostrum,
3430 4133 3530 4187 pro

1950 4231 2152 4287 oblatis
2185 4228 2282 4283 tibi
2326 4223 2616 4297 primitiis;
2659 4235 2767 4275 non
2807 4224 3069 4287 quantum
3115 4213 3399 4276 debemus,
3432 4209 3531 4266 sed

1949 4333 2560 4399 quantumppssumus.
2592 4313 2727 4381 Quis
2759 4310 2905 4367 enim
2952 4296 3232 4361 hominum
3260 4303 3530 4374 condigne

1951 4396 2132 4493 potest
2156 4416 2360 4489 gratias
2381 4412 2475 4467 tibi
2508 4423 2687 4480 agere,
2720 4420 2819 4477 pro
2849 4404 2918 4457 iis
2944 4416 3064 4478 quae
3083 4398 3278 4455 dedisti
3306 4396 3441 4467 ipsis
3460 4396 3530 4451 ad

265 4490 462 4596 ληιίιιν;
499 4527 528 4579 6
574 4522 708 4588 Θεὸς
771 4490 1041 4595 ’Ᾰϐραέίμη
1094 4522 1189 4576 καὶ
1230 4490 1435 4586 Ἰσαὰκ,
1472 4490 1575 4575 καλ.
1610 4490 1806 4575 ἰταλιὼὸ
1830 4562 1845 4587 ,

1952 4490 2426 4585 participandum?
2468 4503 2611 4559 Deus
2635 4496 2927 4555 Abrahami
2955 4502 3009 4551 et
3037 4493 3207 4550 Isaaci
3234 4498 3289 4547 et
3313 4490 3526 4554 Jacobi,

384 4584 601 4671 πάντων
636 4584 745 4670 nini
791 4584 1039 4685 ἁγίων-’ὀ
1089 4614 1267 4669 πάντα
1312 4584 1732 4685 τελεσφορήσας,
1762 4584 1851 4668 διά

1952 4584 2307 4672 omniumque
2350 4604 2666 4654 sanctorum
2702 4611 2715 4648 :
2748 4591 2840 4663 qui
2880 4599 3079 4644 cuncta
3125 4586 3192 4641 ad
3233 4584 3529 4656 perfectio-

265 4707 362 4769 τοῦ
388 4708 569 4779 Λόγου
594 4726 710 4774 σου,
741 4709 834 4763 καὶ
861 4706 1124 4772 κελεύσας
1154 4710 1221 4779 τῇ
1244 4708 1313 4779 γῇ
1345 4705 1725 4769 παντοδαποὺς
1752 4707 1849 4759 ὲκ-

267 4801 695 4874 φῦσαικαρποὺς
713 4802 795 4866 εἰς
810 4800 1154 4873 εὐφροσύνην
1175 4800 1269 4853 καὶ
1286 4799 1494 4872 τροφὴν
1505 4797 1798 4871 ἡμετέραν·
1821 4799 1850 4851 ὀ

265 4893 393 4957 δοὺς
413 4897 530 4957 ,τοῖς
556 4893 910 4965 νωθεστέροις
934 4893 1029 4947 καὶ
1059 4891 1358 4964 βληχώδεσι
1396 4890 1576 4961 χειλὸν
1596 4930 1612 4958 ,
1685 4888 1847 4961 χλοη-

269 4986 464 5055 φάγοις
491 4985 672 5056 χλόην,
701 4986 795 5038 καὶ
822 4988 935 5049 τοῖς
969 4983 1070 5056 μὲν
1101 4983 1239 5055 κρέα
1265 5021 1279 5048 ,
1311 4984 1425 5045 τοῖς
1452 4981 1510 5035 δὲ
1538 4980 1849 5053 σπέρματα,

267 5078 401 5149 ἡμῖν
422 5076 479 5129 δὲ
514 5078 657 5130 σῖτον
678 5077 814 5148 πρὸς
844 5077 1050 5149 τροφὴν
1079 5076 1387 5148 πρόσφορον
1434 5072 1529 5127 καὶ
1576 5071 1849 5143 κατάλλη-

268 5166 381 5232 λον,
412 5169 506 5221 καὶ
531 5167 693 5239 ἔτερα
717 5168 968 5240 διάφορα,
1008 5167 1079 5222 τὰ
1115 5168 1214 5239 μὲν
1254 5165 1390 5238 πρὸς
1440 5165 1655 5237 χρῆσιν,
1687 5162 1756 5217 τὰ
1791 5161 1850 5216 δὲ

270 5257 411 5330 πρὸς
436 5259 665 5327 ὑγίειαν,
704 5259 773 5312 τὰ
802 5259 857 5313 δὲ
892 5261 1028 5332 πρὸς
1072 5258 1283 5331 τέρψιν.
1335 5257 1458 5310 Ἐπὶ
1512 5255 1721 5327 τούτοις
1753 5249 1849 5307 οὖν

270 5350 473 5407 ἅπασιν
504 5354 882 5426 ὑπερύμνητος
912 5354 1023 5426 (57)
1047 5352 1347 5421 ὑπάρχεις,
1388 5350 1487 5416 τῆς
1528 5350 1610 5408 είς
1641 5348 1851 5411 πάντας

347 5514 396 5549 ⁸⁸
428 5514 771 5607 Psal.'uxx,
806 5513 892 5569 IO.

1952 4712 2077 4754 nem
2098 4703 2170 4751 ac
2192 4692 2560 4748 maturitatem
2591 4682 2920 4759 perduxisti,
2954 4696 3050 4752 per
3078 4678 3320 4735 Verbum
3344 4684 3524 4741 tuum,

1949 4799 2005 4848 et
2033 4799 2192 4846 terrai
2218 4784 2433 4858 iussisti
2474 4780 2797 4854 progignere
2842 4774 3024 4830 omnis
3054 4771 3271 4843 generis
3313 4768 3397 4823 i‘rr
3436 4775 3526 4825 tus

1951 4885 2018 4940 ad
2045 4882 2286 4938 laetitiam
2316 4885 2371 4935 et
2396 4877 2711 4931 alimoniam
2740 4876 2986 4927 nostram
3022 4885 3035 4921 :
3069 4864 3163 4937 qui
3187 4862 3386 4920 dedisti
3429 4861 3527 4917 he-

1950 4974 2257 5033 betioribus
2292 4986 2357 5025 ac
2395 4964 2796 5039 stupidioribus
2831 4961 3093 5033 pabulum
3144 4956 3297 5023 feni,
3341 4954 3525 5010 herbi-

1950 5068 2098 5124 voris
2121 5065 2346 5129 herbam
2381 5070 2474 5118 :et
2512 5060 2635 5114 aliis
2679 5055 2899 5127 quidem
2947 5065 3165 5115 carnes,
3212 5047 3336 5103 aliis
3394 5061 3523 5101 vero

1953 5160 2183 5223 semina,
2215 5156 2378 5212 nobis
2421 5162 2603 5210 autem
2646 5150 2985 5204 frumentum
3021 5144 3089 5198 ad
3113 5141 3295 5198 cibum
3335 5149 3523 5211 aptum

1951 5266 2016 5307 ac
2057 5249 2518 5306 convenientem:
2564 5244 2695 5299 item
2748 5240 2965 5295 diversa
3012 5236 3141 5301 alia,
3212 5232 3413 5305 partim
3453 5230 3523 5285 ad

1950 5359 2133 5409 usum,
2170 5341 2371 5413 partim
2400 5336 2471 5394 ad
2504 5336 2815 5403 sanitatem,
2856 5328 3055 5405 partim
3095 5326 3163 5385 ad
3200 5324 3521 5383 oblectatio-

993 5512 1037 5545 ⁸⁷
1080 5510 1250 5566 Exod.
1292 5525 1479 5574 xxxw,
1512 5509 1565 5565 6.
1639 5508 1761 5552 ⁸⁸-⁸⁹
1792 5504 1939 5563 Ρεειι
1971 5522 2082 5571 1m,
2112 5504 2167 5560 8.

1570 5665 1932 5727 VABIORUM
1983 5664 2217 5724 NOTAE.

351 5815 459 5891 (5η
510 5816 955 5888 Ὺπερύμνητος.
992 5815 1050 5870 In
1082 5814 1248 5870 altero
1282 5812 1397 5869 cod.
1433 5806 1685 5879 ὑμνητὸς.
1722 5804 1796 5862 In.
