4050 6336
161 391 288 450 1149
979 386 1576 445 CONSTITUTIONES
1607 384 2088 445 APOSTOLICE.
2124 419 2194 430 -—
2227 385 2356 444 LIB.
2391 386 2530 444 VIII.
3266 392 3404 454 I150

155 508 243 561 τὸν
286 502 695 578 παντοκράτορα
735 502 827 557 καὶ
867 503 958 556 τὸν
986 501 1342 574 ἠγαπημένον
1385 499 1551 555 αὑτοῦ
1587 499 1754 562 Υἱὸνη

1819 511 1967 556 etum
2019 499 2246 568 Filium,
2306 511 2435 557 sunt
2464 508 2714 573 potentes
2755 502 3090 577 aC'dynasta:
3119 506 3399 569 Ecclesiae.

154 600 391 653 δυνάσται
417 597 719 668 ὑπάρχουσι
741 598 838 667 τῆς
876 595 1218 666 Ἐκκλησίας.
1245 594 1415 648 Τοῦτο
1433 593 1489 646 δέ
1517 609 1717 665 φαμεν,

1821 591 1936 648 Hoc
1966 601 2146 649 autem
2183 592 2439 658 dicimus,
2475 610 2584 649 non
2617 603 2675 649 ut
2715 595 2902 651 vinum
2934 613 3282 673 nequaquam
3319 605 3407 662 bi-

153 694 246 763 οὑχ
274 694 355 745 ἵνα
395 693 468 764 μὴ
499 693 751 746 πίνωσιν·
776 690 949 753 ἄλλως
979 689 1088 761 γὰρ
1117 689 1212 742 καὶ
1249 689 1363 760 (80)
1396 687 1542 741 ἐστιν
1572 687 1720 758 ὑϐρίο

1819 685 1980 752 bant;
2005 701 2070 741 eo
2107 686 2253 740 enim
2299 686 2462 742 modo
2491 689 2823 744 contumelia
2853 690 3130 748 atiicerent
3171 696 3223 750 id
3254 698 3401 767 quod

155 802 239 838 σαι
259 786 316 838 τὸ
343 787 447 839 ὑπὸ
471 785 605 838 Θεοῦ
634 785 922 855 γενόμενον
946 785 1031 846 είς
1061 781 1430 854 εὐφροσύνην·
1465 780 1602 835 ἀλλὰ
1631 781 1718 833 ἵνα

1822 797 1850 834 a
1869 780 1978 837 Deo
1996 780 2196 835 factum
2210 788 2295 836 est
2316 779 2381 834 ad
2411 780 2652 836 laetitiam
2676 783 2804 849 ;sed
2825 791 2884 838 ut
2908 800 3018 840 non
3037 787 3399 846 inebrientur.

155 880 227 950 μὴ
255 878 562 950 παροινιῖηι.
589 879 664 931 Οὑ
698 878 806 948 γὰρ
843 872 1054 944 εἷπενὴ
1089 875 1302 946 Γραφὴ,
1338 875 1412 944 μὴ
1446 874 1620 926 πίνειν
1641 867 1719 926 οῖ-

1821 874 2106 944 Siquidem
2163 890 2273 927 non
2323 873 2463 929 dixit
2484 872 2793 944 Scriptura,
2841 877 3029 932 vinum
3073 895 3181 935 non
3211 882 3403 938 biben-

151 989 256 1037 vov,
297 970 433 1024 ἀλλὰ
469 969 521 1022 τί
544 987 746 1042 φησιν;
804 988 822 1021 ι
853 969 944 1039 Μὴ
982 973 1108 1025 πῖνε
1153 965 1292 1020 οἶνον
1328 969 1410 1033 είς
1452 966 1622 1038 μέθην
1647 984 1659 998 ·
1692 986 1712 1018 »

1819 964 1983 1033 dum;
2017 965 2114 1022 sed
2152 965 2284 1037 quid
2336 967 2458 1022 ait?
2487 985 2506 1019 ι
2544 965 2623 1022 Ne
2653 967 2780 1024 bibe
2829 970 3018 1025 vinum
3057 972 3124 1026 ad
3164 974 3403 1030 ebrieta-

151 1064 257 1115 Καὶ
284 1062 442 1116 πάλιν
466 1079 480 1093 ο
521 1081 539 1113 ι
565 1061 830 1116 Ἀκανθαι
869 1060 1095 1131 φύονται
1125 1063 1182 1115 ὲν
1214 1062 1359 1133 χειρὶ
1401 1060 1658 1134 μεθύσου.
1692 1080 1711 1114 ι

1819 1058 2011 1124 tem“,
2035 1079 2054 1110 ι
2083 1065 2138 1113 et
2165 1059 2365 1114 iterum
2396 1078 2409 1113 :
2449 1077 2468 1111 ι
2493 1057 2677 1130 Spinae
2713 1071 3020 1117 nascuntur
3047 1064 3102 1117 in
3127 1081 3291 1119 manu
3318 1079 3400 1122 te-

147 1156 309 1210 Τοῦτο
349 1157 407 1210 δὲ
441 1156 502 1209 οὑ
537 1157 664 1228 περὶ
699 1154 808 1209 τῶν
850 1157 908 1209 ὲν
948 1155 1136 1227 κλήρῳ
1164 1156 1323 1227 μόνον
1356 1156 1552 1226 φαμὲν,
1581 1155 1717 1210 ἀλλὰ

1817 1150 2046 1207 mulenti
2078 1151 2142 1207 ".
2176 1171 2194 1204 ›
2231 1150 2290 1206 Id
2329 1167 2463 1207 vero
2506 1169 2616 1207 non
2654 1152 2722 1208 de
2751 1155 2818 1210 iis
2863 1163 3107 1222 tantum,
3145 1160 3236 1228 qui
3267 1169 3401 1216 sunt

146 1251 238 1302 καὶ
268 1250 390 1319 περὶ⁸
421 1250 620 1313 παντὸς
639 1247 825 1302 λαῖκοῦ
851 1247 1196 1320 Χριστιανοῦ,
1228 1249 1311 1317 ἐφ’
1339 1241 1399 1301 οὑ
1423 1248 1715 1320 ἐπικέκλη-

1819 1243 1874 1298 ἰη
1932 1245 2101 1310 clero,
2161 1244 2434 1314 dicimus;
2485 1262 2673 1302 verum
2723 1248 2886 1302 etiam
2939 1250 3009 1305 de
3058 1252 3209 1308 omni
3257 1253 3399 1308 laico

45 1327 54 1336 ’
143 1360 228 1395 τσι
251 1344 306 1395 τὸ
334 1344 503 1414 ὄνομα
531 1343 623 1396 τοῦ
656 1342 859 1412 Κυρίου
902 1342 1058 1413 ἡμῶν
1108 1341 1279 1413 Ἰησοῦ
1320 1342 1585 1413 Χριστοῦ·
1620 1361 1644 1395 κ

1815 1335 2151 1401 Christiano,
2187 1353 2354 1408 super
2381 1354 2546 1408 quem
2575 1338 2892 1395 invocatum
2936 1350 3021 1396 est
3057 1359 3254 1400 nomen
3286 1343 3395 1399 Do-

143 1436 317 1498 αὑτοῖς
351 1436 457 1507 γὰρ
487 1437 718 1506 εἴρηται·
757 1454 774 1486 ι
817 1435 935 1487 Τίνι
967 1433 1125 1500 οὑαί;
1159 1433 1264 1487 τίνι
1311 1433 1537 1506 θόρυϐος
1563 1451 1577 1499 ;
1607 1434 1713 1488 τίνι

1815 1430 1951 1485 mini
1980 1431 2157 1485 nostri
2200 1431 2330 1486 Jesu
2375 1431 2682 1496 Christi”;
2727 1450 2852 1488 nam
2896 1436 3031 1505 ipsis
3064 1452 3284 1508 quoque
3311 1439 3397 1493 di-

138 1527 316 1597 ἀηδίαι
353 1529 446 1580 καὶ
478 1527 702 1596 λέσχαι;
734 1527 876 1590 τίνος
914 1527 1150 1580 πελιδνοὶ
1182 1525 1294 1599 (81)
1326 1528 1375 1579 οι
1407 1525 1710 1597 όφθαλμοίς

1814 1531 1969 1604 ctum
1995 1530 2117 1578 est:
2152 1541 2170 1575 ι
2206 1524 2309 1580 Cui
2348 1526 2458 1579 ι’κῖ
2486 1526 2574 1580 cui
2625 1528 2939 1582 tumultus?
2987 1529 3075 1582 cui
3131 1531 3290 1584 tmdia
3343 1540 3397 1587 et

135 1618 240 1671 τίνι
273 1619 645 1691 συντρίμματα
673 1620 926 1690 διακενῆς
951 1636 964 1684 ;
995 1620 1056 1672 οὑ
1084 1619 1191 1671 τῶν
1214 1618 1634 1691 ὲγχρονιζόντων
1656 1622 1712 1674 ὲν

1813 1615 2147 1685 garrulitas?
2174 1617 2334 1686 cujus
2353 1617 2496 1672 oculi
2529 1617 2676 1671 lividi
2703 1619 2725 1671 ?
2753 1619 2842 1673 cui
2883 1623 3240 1679 contusioncs
3281 1623 3399 1677 fru-

134 1714 280 1782 οῖνῳ,
302 1715 393 1767 καὶ
436 1714 543 1767 τῶν
574 1713 1101 1785 κατασκοπουμένων
1147 1713 1260 1784 (82)
1298 1713 1400 1766 ποῦ
1424 1714 1576 1766 πότοι
1625 1714 1711 1782 γί-

1815 1709 1972 1762 stra?
2026 1708 2218 1765 Nonne
2268 1711 2382 1764 haec
2405 1725 2596 1766 eorum
2639 1719 2789 1775 sunt,
2835 1713 2927 1782 qui
2955 1712 3008 1766 in
3041 1715 3168 1768 vino
3203 1714 3396 1769 immm

134 1822 340 1871 νονται;
381 1826 398 1856 ι
1739 1853 1782 1908 Β
1814 1802 2244 1871 rantur,quique
2259 1803 2563 1872 explorant,
2583 1804 2673 1858 ubi
2699 1804 3390 1876 ﬁantcompotationes“.o

655 1922 1048 1974 ΚΕΦΑΛΑΙΟΝ
1073 1922 1210 1976 ME'.

2379 1916 2611 1971 CAPUT
2653 1916 2815 1974 XLV.

132 2012 271 2082 Περὶ
289 2014 392 2067 τοῦ
427 2014 534 2085 (85)
569 2013 966 2091 ὑποδέχεσθαι
996 2017 1136 2080 τοὺς
1163 2013 1261 2069 διὰ
1291 2015 1550 2083 Χριστὸν
1577 2012 1707 2067 διω-

1811 2009 1889 2065 De
1942 2009 2249 2078 recipiendis
2295 2011 2361 2062 iis
2406 2012 2497 2080 qui
2538 2019 2750 2091 propter
2806 2009 3078 2066 Christum
3114 2015 3393 2083 patiuntur

762 2085 1080 2154 κομένους.
1459 2123 1477 2136 κ

1459 2123 1477 2136 κ
2389 2085 2821 2150 persecutionem.

200 2201 334 2261 Τοὺς
368 2200 728 2271 διωκομένους
752 2198 840 2253 διὰ
871 2200 1074 2263 πίστιν,
1108 2199 1203 2253 καὶ
1227 2201 1306 2263 εἰς
1333 2198 1487 2253 πόλιν
1517 2199 1582 2253 ὲκ
1611 2201 1702 2254 1:6-

1882 2193 1989 2249 Eos
2031 2195 2126 2266 qui
2174 2196 2609 2265 persecutionem
2666 2195 2950 2265 patiuntur
3003 2197 3128 2252 ﬁdei
3177 2213 3391 2266 causa,

129 2294 263 2356 λεως
301 2293 621 2363 φεύγοντας,
681 2292 770 2346 διὰ
817 2293 878 2345 τὸ
928 2291 1234 2363 μεμνῆσθαι
1281 2292 1388 2344 τῶν
1411 2291 1584 2361 λόγων
1612 2292 1705 2345 τοῦ

1809 2298 1863 2343 et
1884 2289 1950 2343 de
1974 2289 2194 2343 civitate
2230 2289 2283 2341 in
2331 2288 2605 2342 civitatem
2636 2289 2912 2358 fugiunt"
2941 2289 3086 2358 quod
3123 2291 3392 2345 memine-

126 2385 354 2457 Κυρίου,
403 2385 907 2458 προσλαμϐάνεσθε.
953 2386 1332 2456 Ἐπιστάμενοι
1364 2383 1492 2455 γὰρ,
1525 2385 1605 2437 ότι
1647 2385 1707 2437 τὸ

1808 2384 1917 2436 rint
1950 2382 2238 2435 verborum
2272 2380 2508 2447 Domini,
2556 2382 2842 2452 suscipite.
2900 2383 3036 2437 Cum
3081 2383 3228 2436 enim
3287 2397 3392 2438 no-

131 2479 227 2548 μὲν
275 2477 488 2548 πνεῦμα
534 2478 836 2549 πρόθυμον,
876 2477 993 2548 ἡδὲ
1044 2479 1179 2549 σὰρξ
1216 2478 1445 2547 ἀσθενὴς
1472 2518 1486 2540 ,
1520 2478 1706 2531 ἀποδι-

1808 2477 1919 2531 rint
1956 2475 2206 2545 spiritum
2237 2474 2454 2544 quidem
2489 2483 2799 2545 promptum
2845 2490 2989 2538 esse,
3013 2492 3234 2531 carnem
3259 2492 3393 2548 vero

121 2570 443 2641 δράσκουσι,
479 2571 572 2624 καὶ
617 2570 716 2642 τὴν
761 2571 1013 2642 ἁρπαγὴν
1044 2569 1151 2622 τῶν
1184 2569 1535 2641 ὑπαρχόντων
1572 2587 1707 2641 προ-

1808 2565 2146 2621 iuiirmam”
2174 2607 2188 2632 ,
2233 2569 2541 2638 aul’ugiunt,
2575 2575 2629 2622 et
2672 2568 2991 2621 facultatum
3036 2583 3258 2623 suarum
3303 2571 3393 2625 di-

116 2664 291 2743 ἲεντμι
306 2662 369 2724 ¹⁷,
387 2662 472 2714 ἵνα
486 2662 848 2734 ἀνεξάρνητον
870 2664 925 2713 εν
943 2663 1158 2724 ἑαυτοῖς
1181 2661 1240 2713 τὸ
1265 2662 1436 2732 ὄνομα
1460 2661 1552 2714 τοῦ
1579 2663 1620 2714 Χ
1630 2680 1706 2733 ρι-

1805 2665 2107 2733 reptionem
2152 2664 2474 2732 permittunt
2523 2677 2586 2716 ac
2635 2661 2954 2731 negligunt,
2994 2669 3052 2714 ut
3096 2661 3152 2713 in
3189 2663 3391 2731 seipsis

122 2754 249 2807 στοῦ
271 2755 688 2828 διατηρήσωσιν.
738 2755 1107 2826 Ἐπικουρεῖτε
1143 2750 1235 2807 οὖν
1267 2754 1449 2816 αὐτοῖς
1468 2754 1536 2806 τὰ
1567 2755 1704 2825 πρὸς

1805 2771 2005 2810 nomen
2034 2756 2240 2809 Christi
2272 2754 2537 2808 illibatum
2562 2762 2616 2807 et
2645 2754 2937 2823 negatione
2969 2768 3078 2806 non
3112 2753 3387 2822 proditum

117 2847 328 2920 χρείαν,
363 2850 579 2922 ἐντολὴν
611 2849 894 2921 Κυριακὴν
928 2848 1283 2919 πληροῦντες.

1805 2855 2152 2904 conservent.
2195 2846 2550 2918 Suppeditate
2576 2861 2708 2915 ergo
2743 2845 2851 2899 illis
2887 2860 3008 2913 qua:
3038 2855 3166 2899 sunt
3195 2861 3389 2901 neces-

1806 2942 1976 3006 saria,
2000 2941 2317 2995 mandatum
2348 2939 2688 2994 Dominicum
2718 2937 3099 3007 adimplentes.

610 3053 1010 3107 ΚΕΦΑΛΑΙΟΝ
1048 3053 1202 3119 Μετ’.

2365 3053 2599 3110 CAPUT
2625 3053 2809 3108 XLVI.

118 3145 253 3198 Ὀτι
279 3144 537 3217 ἕκαστος
562 3146 646 3217 ex
672 3144 719 3210 ᾧ
751 3145 970 3217 ἐτάχθη
1005 3144 1239 3217 κλήρῳ,
1271 3144 1496 3217 ὀφείλει
1523 3143 1699 3217 ἐμμές

1807 3149 1960 3217 Quod
1982 3150 2354 3217 unusquisque,
2395 3149 2448 3201 in
2479 3165 2537 3200 eo
2558 3147 2727 3216 gradu
2755 3147 2904 3209 cieri,
2936 3147 2988 3217 in
3018 3163 3118 3214 quo
3141 3154 3220 3197 est
3257 3160 3382 3197 con-

184 3163 253 3198 m
279 3163 537 3212 εκαστος
562 3163 632 3199 εν
672 3164 719 3210 ῳ
751 3163 854 3200 sta
899 3163 970 3213 οη
1005 3163 1239 3212 κνιιηρῳ,
1271 3163 1496 3213 osseum
1524 3163 1699 3213 εμμε-

184 3233 341 3286 νεῖν,
361 3216 459 3286 καὶ
486 3215 813 3286 φυλάττειν
841 3163 954 3278 τξνν
981 3215 1172 3286 τάξιν,
1207 3216 1367 3269 ἀλλὰ
1399 3214 1478 3282 μὴ
1510 3214 1701 3281 ἐαυτῷ
1729 3185 1774 3250 C

1807 3163 1957 3217 Quoa
1982 3164 2354 3217 unusquisque,
2395 3165 2448 3201 ιη
2479 3165 2537 3200 eo
2558 3163 2727 3216 graau
2755 3163 2904 3209 ueri,
2936 3163 2988 3198 ιη
3018 3163 3118 3214 quo
3141 3163 3220 3197 est
3257 3163 3383 3197 con-

1876 3221 2115 3281 stitutus,
2159 3219 2346 3271 debeat
2394 3235 2728 3286 permanere,
2773 3229 2820 3270 el
2865 3216 3100 3268 ordinem
3140 3231 3384 3279 servare;

184 3284 466 3354 ἁρπάζειν
489 3284 562 3340 τὰ
585 3287 672 3356 μὴ
704 3285 1168 3356 ἐγχειρισθέντα.

1875 3301 1980 3344 non
2012 3305 2128 3343 vero
2161 3288 2229 3341 ad
2258 3305 2313 3343 se
2343 3284 2523 3357 rupere
2546 3305 2661 3358 quae
2685 3289 2968 3341 commissa
2999 3304 3099 3339 non
3130 3296 3271 3339 sunt.

197 3401 405 3454 Ἐκεῖνο
433 3402 488 3454 δὲ
514 3404 666 3474 κοινῇ
692 3402 890 3465 πάντες
923 3401 1032 3473 (84)
1067 3399 1541 3471 παραγγέλλομεν,
1571 3399 1702 3454 ἕκα-

1875 3402 2009 3457 lIlud
2050 3408 2231 3456 autem
2262 3402 2630 3455 communiter
2667 3416 2858 3456 omnes
2900 3400 3293 3470 praecipimus;
3326 3408 3385 3453 ut

111 3510 237 3546 στον
272 3493 382 3564 (85)
416 3494 672 3565 ἐμμένειν
707 3493 857 3560 τάξει
895 3496 962 3564 τῇ
983 3493 1194 3564 δοθείσῃ
1245 3493 1427 3563 αὑτῷ,
1473 3492 1566 3545 καὶ
1624 3494 1698 3564 μὴ

1801 3497 2182 3567 unusquisque
2213 3496 2266 3549 in
2299 3494 2489 3549 ordine
2518 3495 2622 3549 sibi
2654 3493 2783 3548 dato
2812 3501 3131 3563 permaneat
3155 3531 3169 3558 ,
3197 3507 3385 3562 neque

107 3584 459 3655 ὑπερϐαίνειν
489 3586 615 3647 τοὺς
645 3586 830 3657 ὄρους’
862 3585 923 3638 οὑ
953 3586 1060 3656 γάρ
1091 3588 1227 3638 εἰσιν
1263 3585 1538 3654 ἡμέτεροι,
1565 3584 1700 3638 ἀλλὰ

1801 3589 2112 3661 regularum
2135 3589 2400 3642 terminos
2433 3586 2794 3641 transcendat
2828 3605 2840 3641 :
2877 3601 2983 3640 non
3025 3585 3172 3639 enim
3205 3585 3380 3640 nostri

102 3679 203 3731 τοῦ
225 3677 381 3730 Θεοῦ.
421 3697 440 3729 ‹
490 3679 545 3731 Ὀ
571 3678 723 3749 ὑμῶν
769 3677 898 3748 γὰρ,
934 3679 1096 3748 φησιν
1120 3680 1147 3731 ό
1188 3678 1410 3749 Κύριος,
1445 3677 1656 3730 ἀκούων
1681 3717 1696 3741 ,

1802 3691 1952 3743 sunt,
1994 3681 2088 3736 sed
2129 3681 2245 3736 Dei.
2289 3699 2306 3732 ι
2349 3680 2452 3745 Qui
2499 3679 2645 3734 enim
2687 3695 2820 3742 vos,
2866 3680 3043 3749 inquit
3093 3677 3378 3743 Dominus,

104 3770 245 3842 ἐμοῦ
295 3771 509 3824 ἀκούειο
543 3772 636 3824 καὶ
670 3773 698 3823 ό
730 3771 864 3841 ἐμοῦ
912 3771 1144 3833 ἀκούων,
1203 3771 1390 3823 ἀκούει
1427 3769 1520 3822 τοῦ
1560 3771 1697 3822 ἀπο-η

1801 3773 1972 3837 audit,
1999 3788 2084 3827 me
2128 3772 2312 3838 audit;
2366 3779 2420 3826 et
2457 3771 2550 3841 qui
2583 3787 2670 3825 me
2701 3771 2888 3834 audit,
2940 3771 3092 3846 audit
3120 3786 3244 3826 eum
3284 3771 3379 3841 qui

105 3864 421 3925 στείλαντός
450 3880 516 3934 με
541 3880 553 3893 ·
588 3863 684 3915 καὶ
712 3865 740 3915 ό
779 3865 922 3933 ὑμᾶς
945 3863 1172 3930 ἀθετῶν,
1205 3865 1304 3934 ἐμὲ
1339 3863 1522 3916 ἀθετεῖ
1544 3882 1555 3894 ·
1587 3868 1613 3917 ὁ
1639 3864 1696 3916 δὲ

1798 3866 1951 3921 misit
2009 3881 2093 3919 me
2125 3884 2137 3919 :
2173 3873 2226 3918 et
2273 3864 2362 3932 qui
2416 3879 2512 3918 vos
2555 3864 2798 3933 spernit,
2848 3878 2937 3916 me
2990 3863 3233 3932 spernit;
3283 3864 3379 3933 qui

100 3955 206 4026 ἐμὲ
267 3954 495 4018 ἀθετῶν,
545 3955 727 4008 ἀθετεῖ
750 3956 840 4008 τὸν
876 3956 1274 4008 ἀποστείλαντά
1316 3974 1402 4026 με.
1435 3975 1452 4006 ι
1485 3957 1547 4008 EI
1587 3955 1696 4026 γὰρ

1800 3967 1981 4013 autem
2031 3972 2118 4013 me
2177 3955 2405 4026 spernit,
2444 3956 2654 4025 spernit
2686 3971 2811 4010 cum
2840 3955 2933 4025 qui
2963 3956 3114 4009 misit
3146 3971 3232 4010 me
3256 3956 3318 4010 ’⁸.
3354 3975 3371 4007 ι

95 4051 167 4100 τὰ
203 4047 387 4116 ἄψυχα
435 4048 722 4117 γενόμενα,
776 4047 875 4118 τὴν
933 4048 1185 4112 εὐταξίαν
1239 4047 1553 4112 ἀποσώζειο
1586 4043 1694 4103 οἷον

1797 4050 1933 4105 Nam
1995 4050 2039 4106 si
2111 4064 2174 4105 ea
2239 4065 2358 4119 qua:
2423 4049 2667 4102 inanima
2740 4048 2963 4102 condita
3029 4057 3187 4112 sunt,
3260 4049 3378 4118 pul-

94 4139 224 4201 νὺξ.
259 4139 466 4208 ἡμέρα,
500 4139 650 4208 ἥλιος
681 4139 813 4210 (86),
843 4139 1266 4211 σελήνη,ἄστρα,
1298 4147 1693 4215 στοιχεῖα,τρο-

1798 4143 1991 4197 chrum
2024 4143 2270 4196 ordinem
2308 4148 2666 4208 conservant;
2734 4147 2794 4193 ut
2865 4156 3006 4204 nox,
3053 4140 3206 4206 dies,
3253 4142 3371 4207 sol,

93 4231 228 4288 παὶ.
268 4233 454 4301 μῆνες,
489 4231 811 4302 ἑὸδομάδεςξ,
845 4233 1082 4303 ἡμέραι,
1119 4230 1278 4304 ὧραι,
1327 4237 1419 4288 καὶ
1452 4236 1692 4290 δουλεύει

1796 4236 1925 4290 luna
1950 4276 1964 4301 ,
2026 4236 2195 4290 stellae
2216 4274 2232 4300 ,
2291 4236 2560 4289 elementa
2587 4275 2601 4299 ,
2664 4242 3021 4303 tempestates
3046 4274 3060 4294 ,
3119 4250 3334 4289 menses
3357 4275 3371 4301 ,

88 4330 165 4396 τῇ
211 4324 612 4396 διατυπωθείσῃ
652 4324 848 4396 χρείᾳ,
884 4326 1025 4379 κατὰ
1063 4326 1124 4379 τὸ
1169 4329 1460 4398 εἰρημένον
1484 4345 1497 4358 °
1537 4347 1555 4380 ι
1599 4329 1687 4382 "O-

1796 4328 2196 4393 hebdomades,
2229 4327 2368 4391 dies,
2410 4328 2592 4393 hom;
2639 4340 2702 4380 ac
2746 4327 2872 4380 usui
2911 4327 3213 4382 constituto
3258 4345 3376 4382 ser-

94 4435 221 4490 ριον
268 4416 413 4481 ἔθου,
458 4417 487 4470 ὃ
541 4417 602 4469 οὑ
642 4417 1095 4488 ’παρελεύσονται⁸
1139 4438 1156 4470 ι
1205 4420 1298 4473 καὶ
1347 4405 1529 4487 πάλιν,
1563 4420 1693 4491 περὶ

1795 4424 1986 4488 viunt;
2029 4421 2187 4491 juxta
2220 4421 2352 4475 illud
2391 4420 2634 4476 dictum:
2670 4437 2688 4470 ι
2728 4418 3046 4474 Terminum
3102 4423 3373 4491 posuisti,

85 4511 201 4581 τῆς
251 4509 576 4580 Θαλάσσηςι·
609 4527 628 4560 ι
678 4509 910 4580 Ἐθέμην
961 4511 1096 4581 αὐτῇ
1145 4512 1287 4582 ὅρια,
1319 4513 1562 4582 περιθεὶς
1597 4511 1684 4565 καὶ

1795 4531 1957 4587 quem
1973 4531 2080 4569 non
2109 4512 2584 4585 transgredientur
2603 4511 2645 4542 ¹⁹
2672 4529 2686 4578 ;
2716 4529 2733 4562 ›
2772 4522 2824 4566 et
2847 4513 3066 4576 iterum,
3097 4514 3163 4568 de
3191 4516 3368 4570 mari:

86 4600 351 4673 κλεῖθρα,
413 4602 508 4654 καὶ
547 4600 740 4666 πύλαςο
793 4597 922 4656 εἶπα
961 4602 1019 4656 δὲ
1070 4603 1207 4674 αὑτῇ
1229 4620 1242 4634 ·
1278 4604 1455 4674 Μέχρι
1497 4604 1685 4657 τούτου

1800 4628 1818 4661 ι
1851 4608 2014 4664 Posui
2071 4608 2121 4662 ei
2178 4607 2478 4669 terminos,
2527 4613 2583 4660 et
2630 4605 2999 4674 circumposui
3036 4606 3276 4662 claustra
3317 4615 3372 4663 et

85 4694 322 4765 ἐλεύσῃ,
351 4695 446 4748 καὶ
465 4695 562 4765 οὑχ
592 4694 876 4766 ὑπερϐήσῃ
900 4711 914 4726 ο
951 4715 968 4746 ι
997 4695 1148 4767 πόσῳ
1181 4695 1379 4766 μᾶλλον
1409 4697 1566 4766 ὑμεῖς
1598 4698 1684 4750 οὑ-

1791 4701 1931 4755 ostia
1951 4700 2092 4767 ;dixi
2124 4705 2305 4754 autem
2329 4699 2378 4753 ei
2401 4696 2728 4767 :IIucusque
2750 4699 2956 4762 venies,
2983 4707 3037 4752 et
3061 4713 3170 4753 non
3192 4708 3371 4756 trans-

83 4789 183 4842 δὲν
220 4776 469 4856 ὀφείλετε
498 4787 700 4860 τολμᾷν
735 4787 844 4860 (87)
888 4792 1210 4860 παρακινεῖν
1239 4790 1346 4842 τῶν
1383 4789 1512 4860 ὑμῖν
1545 4789 1682 4844 κατὰ

1793 4793 2000 4859 ibis";
2033 4811 2050 4846 ι
2100 4799 2306 4863 quanto
2350 4789 2540 4860 magis
2581 4805 2679 4845 vos
2739 4805 2851 4844 non
2893 4790 3106 4846 debetis
3165 4791 3369 4847 audere

172 4945 783 5019 “Prov.__xxtn;Ecclt.
814 4965 978 5013 xxxx;
1011 4948 1210 5019 Ephcs.
1241 4967 1293 5005 ν.
1373 4951 1588 5006 "Prov.
1627 4969 1775 5014 xxvr,
1809 4951 1862 5007 9.
1942 4953 1984 4984 "
2021 4951 2136 5006 Jac.
2170 4966 2230 5014 ιι,
2261 4952 2311 5006 7.
2386 4951 2428 4985 ⁸⁸
2465 4950 2628 5007 Prov.
2659 4966 2818 5010 xxm,
2849 4949 2937 5004 29.
3003 4949 3047 4982 ¹⁸
3087 4950 3276 5006 Matth.
3307 4967 3363 5018 χ,

80 5021 186 5092 25:
228 5089 240 5092 _
308 5019 349 5050 “
389 5017 760 5092 Matthqgvr.
790 5019 880 5076 41.
957 5021 1000 5052 ⁸⁷
1040 5017 1110 5076 al.
1148 5021 1481 5092 προσίενται.
1563 5024 1604 5054 ³³
1641 5022 1679 5076 L

1770 5065 1774 5076 .
1809 5039 1864 5086 χ,
1893 5023 1991 5089 I6;
2022 5024 2210 5077 Matth.
2242 5040 2297 5090 χ,
2325 5022 2395 5077 40
2415 5022 2598 5091 ;Joau.
2629 5021 2744 5087 xm,
2774 5021 2864 5077 20.
2937 5020 3141 5078 "Psal.
3164 5038 3276 5090 Clll,
3307 5017 3369 5078 υς

83 5090 135 5122 ¹⁹
150 5089 265 5144 Job
321 5104 556 5149 xxxvm.
588 5087 644 5144 II
659 5111 675 5142 .

1402 5207 1762 5265 VARIORUM
1815 5204 2046 5263 NOTAE.

175 5318 292 5391 (80)
321 5319 434 5373 Kal
483 5318 611 5391 Dele
627 5334 750 5391 cum
779 5319 950 5376 altero
967 5317 1089 5391 cod.
1115 5318 1276 5376 Vind.
1305 5321 1474 5377 Cosa.
1792 5324 1944 5391 κοινῇ
1979 5322 2110 5374 πᾶσι
2161 5320 2299 5376 Co'r.

122 5453 132 5461 ι
174 5389 291 5469 (8!)
322 5389 618 5469 Πελιδγοι.
650 5389 710 5443 1η
744 5392 913 5446 altero
957 5390 1079 5446 cod.
1124 5391 1324 5456 πέλιοι,
1350 5392 1496 5463 quod
1539 5393 1681 5448 idem

1610 5407 1681 5447 ξω
2013 5389 2528 5469 Ἑλιαστοῃ-Λιξᾱίι
2563 5391 2699 5469 alter
2727 5389 2850 5444 cod.
2887 5390 3209 5469 Ct“.

75 5460 214 5532 eSt.
238 5460 317 5532 In.
507 5460 517 5469 ⁷
802 5531 810 5532 ί
1367 5460 1383 5463 “

1810 5531 1836 5532 η
1864 5460 1976 5532 (86)
2013 5463 2240 5527 Ἴιλιος.
2275 5460 2528 5516 Scholion
2561 5461 2627 5515 ad
2665 5462 2779 5516 haec
2814 5462 2975 5532 verba
3009 5462 3207 5532 habet:
3237 5462 3360 5516 Ὅτι

165 5531 319 5604 (82)
343 5531 954 5604 Κατασκοπουίιένων.
1004 5535 1096 5586 Sic
1144 5547 1361 5603 quoque
1391 5533 1593 5588 citatur
1625 5549 1681 5587 in

1789 5530 1967 5599 ἥλιος,
1998 5533 2092 5604 καὶ
2133 5532 2359 5604 σελήνη,
2391 5533 2484 5584 καὶ
2510 5533 2714 5604 ἄστρα,
2746 5530 2839 5604 καὶ
2872 5530 2940 5583 τὰ
2967 5531 3130 5584 λοιπά
3157 5532 3359 5603 ἄψυχα.

165 5551 290 5600 (DZ)
343 5551 738 5586 Λατασκοπου
763 5551 954 5586 ιενων.
1004 5551 1096 5586 διο
1144 5551 1361 5603 quoque
1391 5551 1593 5588 Cllallll'
1625 5551 1681 5587 In
1789 5551 1967 5599 ηΛιος,
1998 5551 2092 5586 και
2133 5551 2359 5604 σεληνη,
2391 5551 2484 5584 και
2510 5551 2714 5604 αστρα,
2746 5551 2839 5584 και
2872 5551 2940 5583 τα
2969 5551 3130 5584 Αοιπα
3157 5551 3358 5603 αψυχα.

76 5603 378 5673 Antiocho
409 5602 629 5673 humilia
659 5602 713 5658 5.
737 5551 920 5657 {Itium
958 5605 1235 5673 exemplar
1267 5619 1371 5660 ms.
1405 5621 1676 5658 κατασκο-
1803 5613 1992 5657 contra
2019 5602 2332 5673 Ongcnem.
2370 5604 2462 5671 qui
2496 5610 2643 5673 astra
2682 5603 2918 5673 animata
2958 5617 3081 5673 esse
3110 5605 3358 5673 putabat.

73 5672 416 5738 πευόντωνς
451 5672 618 5734 aliud,
651 5671 1155 5726 καταποποὺντων.
1188 5672 1325 5729 Cor.

1789 5673 1926 5726 Eum
1958 5674 2081 5727 vide
2112 5671 2206 5727 lib.
2227 5691 2259 5728 v
2307 5681 2490 5726 contra
2522 5672 2754 5741 Celsum,
2779 5687 2832 5741 p.
2854 5671 2983 5737 238,
3007 5671 3094 5731 ed.
3119 5672 3356 5732 Cantab.

158 5742 290 5814 (83)
317 5741 458 5807 Περὶ
485 5741 612 5805 τοῦ,
644 5749 747 5798 etc.
775 5743 936 5800 Deest
956 5743 1239 5815 inscriptio
1270 5743 1326 5799 in
1355 5749 1526 5800 altero
1551 5743 1678 5800 cod.
1787 5752 1843 5812 et
1871 5745 2010 5797 libro
2046 5743 2116 5797 De
2145 5746 2401 5815 oratione,
2431 5758 2553 5813 cap.
2580 5743 2672 5797 24.
2707 5740 2785 5797 In.

70 5813 276 5884 Cum.
473 5880 498 5884 _
623 5882 633 5884 ς
1068 5883 1075 5884 ί
1128 5813 1142 5815 ’
1859 5815 1972 5883 (87)
2009 5813 2256 5884 Τοείμᾷν.
2312 5813 2476 5870 Deest
2523 5815 2577 5869 in
2639 5815 2812 5870 altero
2855 5813 3071 5882 codice;
3116 5827 3182 5870 ac
3223 5829 3357 5871 sane

158 5880 498 5951 (Βωκωνῇ
555 5882 790 5950 πάντες.
845 5884 904 5940 1η
951 5883 1164 5941 duobus
1209 5886 1430 5955 scriptis
1475 5885 1676 5954 libris,

556 5882 790 5950 πάντες.
845 5884 904 5940 1η
951 5883 1164 5941 duobus
1209 5886 1430 5955 scriptis
1475 5885 1676 5954 libris,
1787 5880 2047 5941 abundat.
2081 5880 2155 5942 In.
