4066 6334
669 407 800 466 H5!
1507 397 1565 456 S.
1600 394 1992 456 CLEMENTIS
2022 394 2042 446 1
2075 389 2240 448 ROM.
2280 385 2498 473 ΡΟΝΤ.
2519 385 2750 445 OPERA
2784 384 3016 445 DUBIA.
3783 389 3918 448 “52

664 524 966 598 quidquam
996 534 1185 578 eorum
1232 517 1546 582 dimovere,
1579 528 1702 585 quas
1731 510 1886 568 vobis
1925 507 2232 566 secundum
2261 547 2270 566 ι

2336 501 2561 574 γνώμην
2598 499 2733 598 Θεοῦ
2775 503 2906 598 παρ’
2955 501 3113 574 ἡμῶν
3159 487 3524 574 ὀρισθέντωνξ
3568 504 3684 560 ἀλλ’
3728 508 3914 583 ἐπειδὴ

665 593 997 678 voluntatem
1034 613 1129 670 Dei
1167 628 1261 685 per
1281 625 1382 667 nos
1416 607 1641 666 deﬁnita
1672 606 1841 665 sunt?
1868 602 2071 661 Verum
2100 601 2232 674 quia

2334 597 2611 668 πάρεργον
2657 596 2705 649 oi
2753 594 2938 650 nollet
2973 593 3246 650 καὶτοῦτο
3285 597 3558 670 ἡγήσαντο
3591 595 3751 667 εἶναι,
3781 617 3915 670 συγ-

666 711 824 769 multi
855 712 957 765 hoc
986 722 1093 764 non
1141 719 1263 761 esse
1310 700 1679 758 necessarium
1727 703 2090 770 putaverunt;
2124 693 2234 748 imo

2333 690 2478 760 χέειν
2507 689 2564 743 δὲ
2601 687 2698 754 τάς
2735 687 2916 754 τάξεις
2957 689 3052 742 καὶ⁵
3072 688 3171 762 τὴν
3201 689 3286 759 ἐφ’
3320 690 3553 745 ἑκάστου
3583 695 3916 764 χειροτονίαν

654 803 1003 862 confundere
1031 799 1250 856 ordines
1267 836 1282 861 ,
1313 810 1377 850 ac
1405 792 1704 863 unicuique
1732 790 1994 846 tributam
2013 786 2233 843 ordina-

2333 783 2658 852 παρακινεῖν
2704 781 2997 853 τολμῶσιν,
3039 781 3451 854 ὑφαρπάζοντες
3491 785 3703 850 ἑαυτοῖς
3754 785 3918 854 ἀξιώ-

667 899 868 955 tionem
898 893 1227 950 labefactare
1250 888 1472 952 audent,
1497 885 1604 942 sibi
1632 883 1959 955 arripientes
1981 896 2089 936 non
2118 885 2236 933 tra-

2337 889 2482 944 ματα
2509 872 2578 926 τὰ
2613 872 2686 946 μὴ
2716 872 2987 943 διδόμενα,
3007 875 3102 928 καὶ
3141 875 3524 946 ἐπιτρέποντες
3569 877 3782 941 ἐαυτοῖς
3819 895 3906 932 τυ-

666 990 809 1046 ditas
839 987 1154 1060 dignitates,
1179 998 1243 1062 ac
1265 979 1551 1054 tyrannice
1586 976 1962 1048 permittentes
1992 972 2099 1030 sibi
2130 986 2195 1028 ea
2215 1010 2231 1036 ,

2336 963 2599 1036 ραννικῶς
2623 963 2770 1062 aqu,
2806 963 3023 1037 ἐχουσιν
3054 963 3299 1033 ἐξουσίαν
3320 967 3539 1032 διδόναι,
3565 969 3659 1022 καὶ
3685 968 3774 1023 διὰ
3794 967 3920 1022 τοῦ·

663 1055 1231 1156 ιιυοτυωῖἰοηᾰοτυιιι
1260 1079 1586 1146 potestatem
1610 1085 1718 1125 non
1753 1067 1989 1134 habent;
2018 1081 2082 1120 ac
2107 1078 2234 1136 pro-

2331 1075 2393 1156 το
2415 1055 2808 1156 παρορχίζουσι
2835 1059 2932 1129 μὲν
2957 1059 3111 1126 Θεὸν,
3141 1059 3329 1133 ὥσπερ
3361 1061 3410 1114 oi
3441 1061 3699 1132 Κορεῖται
3717 1103 3732 1129 ,
3757 1061 3858 1116 καὶ⁵
3885 1060 3915 1115 ὁ

664 1147 870 1247 pterea,
917 1179 1035 1226 tum
1087 1168 1258 1224 Deum
1301 1165 1551 1229 irritant,
1583 1158 2038 1234 quemadmodum
2077 1154 2235 1212 Cori-

2337 1147 2588 1247 θασιλεὺς
2617 1148 2796 1247 ’ρζίας
2818 1192 2832 1218 ,
2860 1152 2992 1224 παρ’
3015 1150 3172 1220 ἀξίαν
3191 1152 3500 1225 ἐπιθέμενοι
3530 1153 3658 1208 ἀνευ
3683 1151 3821 1206 Θεοῦ
3847 1153 3917 1224 τῇ

663 1239 810 1331 ίω¹¹,
833 1239 888 1321 et
913 1279 1007 1319 rex
1036 1259 1281 1326 Ozias“,
1304 1256 1399 1329 qui
1420 1262 1619 1326 praeter
1637 1251 1956 1325 dignitatem
1978 1289 1993 1316 ,
2023 1263 2087 1306 ac
2113 1248 2234 1304 sine

2333 1239 2739 1314 ἀρχιερωσύνη,
2765 1244 2860 1298 καὶ
2875 1243 3180 1316 γενόμενοι,
3205 1246 3253 1298 oi
3280 1245 3377 1317 μὲν
3404 1245 3779 1318 πυρίφλεκτοι,
3809 1245 3840 1298 ὁ
3859 1243 3918 1297 δέ

662 1357 772 1414 Deo
830 1358 1168 1425 usurparunt
1215 1347 1628 1421 pontiﬁcatum,
1688 1351 1850 1414 atque
1890 1341 1968 1398 illi
2012 1339 2234 1412 quidem

2335 1333 2476 1425 κατά
2511 1334 2603 1388 τοῦ
2646 1334 2898 1408 μετώπου
2925 1335 3142 1407 λεπρὸς·
3176 1335 3536 1408 παροξύνουσι
3591 1336 3648 1392 δὲ
3676 1335 3918 1408 Χριστὸν

664 1449 793 1505 facti
840 1423 1139 1517 suntiiguis
1170 1441 1452 1514 pabulum,
1478 1439 1568 1494 hic
1597 1452 1723 1493 vero
1756 1436 1814 1491 in
1845 1433 2024 1489 fronte
2053 1433 2234 1503 lepro—

2334 1423 2445 1498 (88)
2501 1426 2709 1499 Ἰησοῦν
2757 1427 2848 1483 τὸν
2904 1427 3327 1499 διαταξάμενον,
3355 1429 3676 1490 λυποῦσιδέ
3720 1430 3816 1483 καὶ
3856 1429 3921 1483 τὸ

664 1558 793 1608 sus;
826 1547 938 1594 tum
971 1541 1298 1608 exasperant
1325 1533 1605 1597 Christum
1636 1528 1845 1593 Jesum,
1878 1525 1971 1598 qui
2000 1524 2236 1608 itaocon-

2334 1519 2557 1592 Πνεῦμα
2584 1520 2646 1574 τὸ
2675 1519 2848 1591 ἅγιον,
2884 1520 3210 1593 ἀκυροῦντες
3244 1519 3408 1574 αὑτοῦ
3437 1521 3536 1592 τὴν
3568 1519 3877 1592 μαρτυρίαν
3901 1536 3913 1550 ·

664 1633 843 1690 stituit
870 1649 885 1699 ;
919 1638 1036 1685 tum
1079 1626 1440 1684 constristant
1484 1623 1750 1696 Spiritum
1781 1629 2050 1686 sanctum,
2080 1617 2234 1676 inﬁr-

2334 1609 2576 1678 είκότως,
2598 1613 2688 1666 τὸν
2705 1611 3083 1684 ἐπηρτημένον
3099 1612 3208 1684 (89)
3221 1611 3464 1667 κίνδυνον
3479 1611 3670 1677 τοῖςτά
3689 1611 3921 1667 τοιαῦτα

662 1734 877 1782 mantes
923 1723 1070 1779 illius
1112 1718 1484 1778 testimonium
1523 1735 1536 1771 :
1569 1715 1781 1770 idcirco
1813 1712 1972 1783 jure,
2015 1711 2234 1782 pericu—

2333 1701 2633 1775 πράττουσι
2664 1703 3053 1774 προειδύμενοι,
3092 1704 3186 1758 καὶ
3211 1704 3311 1776 τὴν
3340 1704 3422 1768 είς
3458 1704 3558 1768 τὰς
3599 1703 3788 1768 θυσίας
3823 1703 3923 1756 καὶ.

661 1820 772 1874 lum
798 1818 866 1874 iis
890 1817 983 1888 qui
1017 1815 1132 1871 haec
1154 1813 1444 1885 designant
1467 1808 1789 1882 impendens
1809 1805 2228 1879 prospicientes,
2265 1852 2267 1870 ,

2335 1794 2679 1888 εὐχαριστίας
2711 1795 2990 1866 ἀμέλειαν,
3039 1798 3103 1850 ἐκ
3125 1794 3219 1850 τοῦ
3254 1796 3344 1865 ὑφ’
3368 1789 3442 1851 ὧν
3493 1796 3567 1867 μὴ
3597 1796 3704 1866 χρὴ
3736 1811 3914 1867 προσ-

661 1921 716 1968 et
744 1908 1127 1984 negligentiam
1152 1907 1208 1961 in
1251 1902 1537 1962 sacriﬁciis
1571 1917 1635 1956 ac
1667 1900 1969 1973 gratiarum
2001 1896 2232 1951 actioni-
2261 1897 2267 1911 ‘

2334 1887 2605 1959 αγομένας
2632 1887 2862 1955 ἀσεϐῶς,
2889 1888 3108 1943 παιδιὰν
3130 1889 3444 1960 ἡγουμένων
3472 1888 3570 1958 τὴν
3600 1888 3923 1959 ἀρχιερατι-

662 2007 787 2078 bus,
817 1978 1060 2074 eo'quod
1101 1999 1267 2070 impie
1294 1997 1598 2053 offerantur
1633 1995 1701 2051 ab
1724 1994 1793 2049 iis
1821 2007 1852 2047 a
1881 1990 2084 2062 quibus
2122 2004 2232 2044 non

2333 1980 2456 2078 κὴν,
2486 1980 2609 2052 ἥτις
2653 1979 2884 2053 μίμησιν
2929 1981 3173 2054 περιέχει
3204 1981 3300 2053 τοῦ
3338 1979 3572 2052 μεγάλου
3615 1978 3922 2051 ἀρχιερέως

661 2072 894 2172 oportet,
919 2071 1121 2167 quique
1150 2093 1413 2151 honorem
1441 2086 1808 2160 pontiﬁcalem
1830 2124 1844 2150 ,
1888 2083 2231 2155 complexum

2347 2072 2521 2145 Ἰησοῦ
2549 2072 2785 2146 Χριστοῦ
2818 2072 3080 2144 βασιλέως
3101 2073 3278 2146 ὴμῶν,
3304 2073 3551 2144 ἀνάγκην
3567 2071 3802 2143 ἔσχομεν
3825 2073 3924 2126 καὶ

663 2163 847 2264 magni
879 2163 1152 2260 pontiﬁcis
1181 2183 1312 2241 Jesu
1339 2180 1543 2238 Christi
1570 2178 1718 2250 regis
1754 2176 1930 2234 nostri
1970 2174 2234 2229 imitatio-

2333 2165 2490 2220 τοῦτο
2516 2165 2869 2239 παραινέσαι·
2906 2166 3006 2238 ήδη
3033 2166 3141 2238 γάρ
3171 2183 3312 2230 τινες
3342 2163 3716 2236 ἐξετράπησαν
3744 2165 3924 2219 ὀπίσω

663 2258 810 2346 nem,
838 2258 934 2352 pro
958 2279 1086 2334 ludo
1114 2277 1344 2342 habent;
1371 2272 1515 2338 ideo,
1531 2272 1777 2343 inquam,
1795 2281 2020 2324 necesse
2044 2264 2143 2321 fuit
2166 2265 2234 2323 de

2332 2258 2432 2330 τῆς
2458 2258 2683 2352 ῌέαυτῶν
2719 2259 3105 2332 ματαιότητος·
3163 2259 3392 2332 λέιγομεν
3418 2259 3527 2331 (90)
3573 2259 3648 2322 ὡς
3689 2259 3920 2329 Μωσῆς,

663 2391 729 2431 eo
779 2388 997 2446 quoque
1042 2370 1374 2426 admonere:
1411 2365 1521 2436 jam
1555 2364 1701 2420 enim
1732 2359 1951 2432 quidam
1982 2355 2232 2414 conversi

2334 2352 2362 2405 ὁ
2390 2350 2484 2404 τοῦ
2513 2351 2648 2406 Θεοῦ
2675 2350 2949 2424 θεράπων,
2983 2346 3028 2423 ᾧ
3058 2355 3086 2406 ὀ
3106 2352 3238 2417 Θεὸς
3265 2351 3493 2416 ἐνώπιος
3523 2351 3736 2421 ἐνωπίῳ
3773 2350 3921 2421 ὡμί-

666 2435 964 2524 sunt-retro
993 2472 1115 2535 post
1141 2435 1441 2517 vanitatem
1469 2454 1709 2513 Suam”.
1741 2453 1929 2523 itaque
1961 2450 2196 2506 dicimus
2215 2489 2230 2514 ,

2336 2443 2448 2535 λει,
2480 2446 2555 2509 ὠς
2596 2447 2755 2510 εἴτις
2795 2445 3002 2518 λαλήσῃ
3040 2447 3178 2517 πρὸς
3207 2443 3403 2498 ἐαυτοῦ
3443 2441 3618 2512 φίλον,
3653 2435 3696 2510 ᾧ
3729 2439 3884 2495 εἷπεν
3904 2458 3919 2472 ·

665 2562 810 2633 quod
855 2528 1052 2622 Moses,
1097 2553 1190 2611 Dei
1222 2552 1460 2608 famulus
1480 2589 1496 2614 ,
1539 2563 1666 2604 cum
1697 2560 1806 2617 quo
1838 2543 1980 2603 Deus
2005 2541 2142 2597 facie
2165 2539 2234 2595 ad

2341 2534 2526 2592 ι·Οἶδά
2565 2554 2625 2592 σε
2654 2537 2805 2610 παρά
2831 2538 3040 2601 πάντας
3059 2553 3073 2568 ·
3114 2556 3132 2588 ι
3165 2528 3209 2605 ᾧ
3237 2535 3378 2590 κατά
3413 2535 3702 2607 πρόσωπον
3724 2533 3926 2604 ὡμίλει

665 2627 864 2709 faciem
901 2648 1348 2720 colloquebatur,
1389 2649 1448 2698 ut
1469 2642 1517 2698 si
1545 2641 1669 2712 quis
1697 2640 1950 2710 loquatur
1987 2634 2056 2691 ad
2098 2633 2236 2689 ami-

2337 2630 2507 2684 καὶού
2537 2631 2604 2685 δι’
2622 2630 2969 2720 ἀδήλων²⁶,ἥ
2996 2629 3280 2694 ἐνυπνίων,
3313 2629 3345 2701 ἦ
3382 2627 3646 2698 ἀγγέλων,
3681 2627 3714 2698 ἢ
3741 2629 3922 2694 αἰνιγ-

669 2759 792 2799 cum
824 2757 984 2799 suum
1009 2715 1088 2809 ’δξ
1114 2741 1202 2796 cui
1232 2740 1409 2796 dixit:
1443 2755 1464 2790 ι
1503 2735 1638 2792 Νονί
1670 2745 1720 2790 te
1747 2749 1857 2804 prae
1878 2735 2170 2799 omnibus;
2209 2748 2234 2786 ι

2340 2722 2525 2793 μάτων
2547 2739 2560 2752 ·
2591 2715 2744 2786 οὗτος
2767 2721 2928 2794 ἡνίκα
2957 2722 3055 2792 τὴν
3077 2721 3226 2775 θείαν
3247 2719 3564 2791 νομοθεσίαν
3587 2718 3925 2784 διετάσσετο,

668 2850 793 2890 cum
819 2849 930 2905 quo
953 2835 1019 2889 ad
1052 2848 1114 2889 os
1150 2831 1499 2904 loquebatur,
1528 2837 1582 2884 et
1608 2842 1714 2882 non
1743 2841 1839 2896 per
1869 2825 2121 2890 obscura,
2155 2820 2240 2878 vel

2336 2813 2497 2868 διεῖλε
2528 2813 2648 2867 τίνα
2673 2814 2768 2884 μὲν
2799 2814 2904 2886 χρὴ
2926 2813 3030 2866 ὑπὸ
3052 2811 3158 2866 τῶν
3188 2811 3487 2882 ἀρχιερέων
3517 2808 3927 2876 ἐπιτελεῖσθαι,

669 2900 903 2989 somnia,
925 2926 1009 2981 vel
1032 2900 1275 2995 angelos,
1299 2922 1382 2977 vel
1403 2921 1686 2991 aenigmata
1703 2920 1772 2982 ’³,
1790 2917 1878 2972 hic
1897 2917 2090 2981 Moses,
2114 2927 2239 2970 cum

2335 2906 2457 2960 τίνα
2493 2904 2551 2959 δὲ
2595 2904 2701 2959 ὑπὸ
2740 2904 2849 2958 τῶν
2883 2905 3095 2975 ἱερέων,
3127 2904 3249 2958 τίνα
3278 2903 3335 2957 δέ
3359 2903 3463 2957 ὑπὸ
3502 2900 3610 2956 τῶν
3654 2901 3885 2954 λευιτῶν
3910 2943 3926 2968 ,

669 3019 910 3076 divinam
946 2993 1338 3086 legislationem
1380 3007 1773 3067 constitueret,
1804 3002 2054 3060 distinxit
2088 3015 2237 3072 quae-

2338 2996 2552 3068 ἐκάστῳ
2586 2997 2686 3067 τὴν
2737 2996 2943 3051 οἰκείαν
2994 2997 3090 3052 καὶ
3141 2997 3448 3068 ἀνήκουσαν
3493 2997 3558 3066 τῇ
3610 2993 3933 3067 λειτουργίᾳ

670 3126 798 3167 nam
830 3114 1105 3179 oporteret
1141 3103 1326 3175 peragi
1349 3117 1381 3156 a
1413 3097 1785 3173 pontificibus,
1819 3108 2066 3166 quaenam
2090 3107 2119 3146 a
2147 3106 2238 3147 sa-

2339 3088 2632 3162 θρησκείαν
2661 3091 2983 3162 ἀπονείμας,
3014 3089 3109 3144 καὶ
3154 3088 3298 3161 άπερ
3332 3090 3428 3160 μὲν
3466 3091 3576 3152 τοῖς
3604 3087 3931 3159 ἀρχιερεῦσι

671 3201 1004 3266 cerdotibus,
1037 3208 1285 3268 quanam
1310 3209 1342 3248 a
1371 3191 1550 3249 levitis
1570 3229 1586 3256 ,
1617 3204 1682 3244 ac
1712 3186 1992 3243 distribuit
2019 3185 2236 3241 unicui-
2264 3196 2277 3249 ι

2341 3183 2714 3255 προστέτακτο
2748 3182 3045 3251 ἐπιτελεῖν,
3077 3183 3289 3245 τούτοις
3333 3181 3460 3245 τοὺς
3498 3181 3679 3254 ἱερέας
3725 3181 3788 3235 ού
3839 3181 3936 3234 θερ-

671 3310 778 3368 que
798 3293 1006 3349 cultum
1035 3288 1314 3360 proprium
1339 3299 1549 3356 suoque
1579 3280 1886 3336 ministerio
1914 3277 2241 3335 convenien-

2343 3274 2495 3368 μιτὸν
2527 3270 2594 3347 ἦν
2626 3274 2939 3347 προσιέναι·
2984 3274 3128 3347 άπερ
3171 3273 3228 3327 δέ
3255 3275 3368 3337 τοῖς
3417 3273 3651 3346 ἱερεῦσιν
3680 3271 3883 3344 ὥριστο
3916 3313 3935 3338 ,

673 3365 816 3454 tem;
849 3392 904 3441 et
955 3382 1022 3438 ad
1049 3396 1115 3438 ea
1153 3376 1382 3450 quidem‘
1413 3390 1535 3448 qua:
1565 3372 1732 3444 jussit
1757 3371 2044 3443 pontiﬁces
2073 3367 2238 3440 perﬁ-

2339 3367 2553 3431 τούτοις
2573 3369 2621 3422 oi
2636 3367 2839 3421 λευῖται
2857 3367 2916 3420 οὺ
2939 3367 3256 3440 προσίεσαν·
3278 3366 3391 3420 ἀλλ’
3409 3366 3628 3420 ἔκαστοι
3650 3365 3794 3437 άπερ
3813 3367 3935 3438 (91)

673 3495 816 3543 cere,
853 3476 934 3531 fas
957 3489 1067 3530 non
1098 3478 1215 3528 erat
1252 3475 1314 3524 ut
1353 3465 1679 3522 accederent
1701 3461 2047 3528 sacerdotes;
2084 3458 2151 3514 ad
2173 3473 2238 3515 ea

2341 3459 2766 3532 παρειλήφεισαν
2803 3459 3102 3531 ὑπηρεσίας
3127 3459 3667 3530 περιγεγραμμένας,
3691 3457 3938 3526 ἐφύλατ-

672 3582 802 3627 vero
833 3582 954 3640 qua:
995 3561 1375 3622 sacerdotibus
1416 3557 1642 3614 deﬁnita
1684 3561 1863 3619 erant,
1909 3552 2084 3610 levitas
2126 3564 2239 3606 non

2340 3568 2466 3605 τον·
2511 3553 2561 3606 εἰ
2596 3551 2653 3605 δέ
2695 3568 2777 3615 τις
2831 3551 2974 3623 πέρα
3022 3550 3123 3621 τῆς
3152 3549 3503 3622 παραδόσεως
3550 3550 3838 3620 προσιέναι
3881 3552 3944 3603 ἐ-

674 3659 1132 3722 admittebantur;
1178 3653 1271 3710 sed
1328 3649 1527 3722 singuli
1571 3646 1876 3703 ministeria
1916 3642 2238 3716 praescripta

2341 3644 2581 3712 ϐούλετο,
2615 3643 2843 3709 θάνατος
2866 3645 2976 3716 (92)
3005 3640 3072 3716 ἦν
3097 3644 3158 3698 τὸ
3199 3642 3495 3714 ἐπιτίμιον.
3529 3641 3698 3695 Τοῦτο
3732 3641 3792 3695 δέ
3830 3644 3941 3714 μά-

565 3761 568 3765 ’
672 3769 795 3826 qua:
818 3754 1143 3820 acceperant
1171 3743 1497 3808 servabant;
1527 3740 1574 3796 si
1604 3738 1728 3809 quis
1757 3746 1940 3792 autem
1964 3736 2106 3790 ultra
2133 3735 2171 3791 si

2341 3737 2500 3792 λιστα
2522 3736 2744 3801 διέδειξε
2773 3737 2868 3790 καὶ
2895 3738 2928 3807 ἡ
2963 3734 3104 3790 κατά
3130 3735 3220 3789 τὸν
3247 3734 3419 3788 Σαοὺλ
3439 3737 3603 3806 πεῖρα
3625 3752 3638 3765 ·
3674 3735 3729 3798 ὃς
3758 3734 3936 3788 θῦσαι

674 3845 936 3900 traditum
965 3839 1208 3896 ofﬁcium
1232 3832 1488 3908 progredi
1517 3831 1827 3896 nitebatur,
1862 3836 2036 3885 morte
2054 3828 2241 3884 luebat

2344 3829 2645 3902 νενομικὼς
2659 3830 2783 3900 δίχα
2802 3828 2894 3881 τοῦ
2918 3829 3195 3900 προφήτου
3218 3827 3313 3881 καὶ
3331 3826 3933 3908 ἀρχιερέως-Σαμουὴλ,

675 3935 948 4010 poenas”.
973 3931 1087 3987 Hoc
1114 3903 1251 3986 vero
1267 3903 1541 4000 prascipue
1569 3921 1963 3980 demonstravit
1986 3921 2064 3987 id,
2094 3920 2240 3993 quod

2342 3919 2578 3977 ἔσπασεν
2627 3923 2706 3985 είς
2754 3919 2946 3974 ἐαυτὸν
2991 3919 3266 3991 ἁμαρτίαν
3314 3919 3408 3972 καὶ
3436 3903 3680 3988 κατάραν
3715 3918 3936 3972 ἀναπό-

678 4009 827 4085 Sauli
852 4026 996 4083 conti
1008 4027 1084 4097 2,it
1109 4041 1124 4092 ;
1155 4022 1250 4094 qui
1279 4036 1404 4077 cum
1428 4018 1799 4076 existimasset
1813 4030 1874 4071 se
1893 4015 2100 4086 absque
2115 4029 2243 4085 pro-

2343 4014 2566 4088 ϐλητον·
2594 4015 2689 4069 καὶ
2711 4013 2832 4067 ούδέ
2863 4013 2923 4067 τὸ
2953 4013 3242 4084 κεχρϊσθαι
3271 4013 3360 4065 ὑπ’
3380 4010 3546 4064 αὑτοῦ
3567 4012 3646 4073 είς
3673 4009 3930 4078 βασιλέα,

683 4123 842 4191 pheta
895 4125 951 4171 et
997 4113 1252 4187 pontiﬁce
1299 4109 1552 4166 Samuele
1604 4109 1914 4165 sacriﬁcare
1958 4124 2141 4180 posse,
2183 4107 2253 4163 ad

2342 4107 2433 4160 ἐδυ
2442 4105 2662 4179 σώπησε
2676 4106 2764 4160 τὸν
2784 4107 3092 4178 προφήτην.
3112 4104 3501 4176 Ἑνεργεστέρα
3517 4103 3562 4134 ⁸⁰
3575 4102 3630 4156 δὲ
3643 4104 3707 4172 τῇ
3721 4102 3902 4172 πράξε
3913 4122 3932 4155 ι

683 4227 741 4266 se
769 4217 1050 4280 peccatum
1084 4214 1137 4260 et
1171 4201 1514 4258 maledictum
1564 4217 1842 4272 nunquam
1889 4200 2250 4270 abjiciendum

2341 4195 2591 4265 διέδειξεν
2627 4200 2655 4252 ὁ
2681 4197 2814 4261 Θεὸς
2843 4199 2899 4266 ἐν
2929 4200 3044 4262 τοῖς
3071 4196 3213 4250 κατὰ
3238 4194 3330 4250 τὸν
3374 4195 3574 4259 Ὀζίαν,
3605 4193 3704 4248 ούκ
3735 4193 3796 4245 ἐν
3825 4210 3927 4264 με-

686 4298 942 4365 attraxit;
973 4310 1146 4366 neque
1176 4293 1497 4364 prophetam
1535 4291 1704 4347 movit
1735 4305 1799 4346 ac
1821 4289 1986 4352 ﬁexit,
2012 4289 2155 4361 quod
2186 4291 2255 4344 ab

2342 4292 2520 4365 λισμῷ
2547 4290 2704 4358 "eo;
2724 4291 2816 4345 ἐπὶ
2835 4292 2899 4362 τῇ
2932 4289 3245 4362 παρανομία
3287 4287 3715 4359 είσπράξαμενος
3737 4285 3929 4350 δίκας·

688 4394 806 4462 ipso
834 4389 963 4446 Saul
987 4390 1040 4444 in
1070 4402 1250 4457 regem
1285 4394 1478 4439 unctus
1507 4383 1700 4440 fuisset
1721 4383 1787 4438 ⁸⁸.
1820 4381 1932 4438 Hoc
1954 4382 2118 4438 etiam
2144 4381 2259 4438 evi-

2345 4386 2440 4438 xat
2465 4385 2603 4456 ὁτῆς
2613 4381 3023 4456 ἀρχιερωσύνης
3049 4381 3401 4453 καταμανεὶς,
3421 4379 3514 4432 καὶ
3534 4378 3633 4448 τῆς
3644 4376 3932 4448 βασιλείας

688 4483 923 4539 deutiori
969 4480 1286 4552 operatione
1313 4477 1704 4534 demonstravit
1742 4475 1886 4532 Deus
1921 4490 2015 4546 per
2045 4490 2108 4530 ea
2136 4490 2257 4546 qua:
2275 4527 2294 4583 Ι

2345 4477 2623 4549 ἀλλότριος
2641 4476 2901 4546 κατέστη.
2919 4474 3002 4528 Td
3020 4473 3076 4527 δέ
3101 4474 3183 4543 ἐφ’
3204 4473 3236 4544 ή
3245 4471 3360 4542 μῶν
3386 4472 3515 4533 ῐσως
3532 4469 3630 4523 οὐκ
3651 4469 3929 4536 ἀγνοεῖτε.

689 4569 834 4626 Ozia:
883 4570 1222 4631 acciderunt,
1266 4565 1334 4621 de
1382 4563 1540 4634 cujus
1589 4563 2037 4636 pr'mvaricatione
2080 4559 2295 4636 exegit‘

2353 4571 2497 4623 Ἰστε
2551 4568 2660 4640 γὰρ
2709 4566 2925 4630 πάντως
2966 4565 3298 4629 ἐπισκόπους
3343 4563 3473 4634 παρ’
3520 4560 3677 4632 ἡμῶν
3718 4559 3934 4632 ὀνομα-

690 4675 880 4730 ρωιιοε
915 4659 1120 4728 absque
1150 4672 1334 4723 mora;
1361 4665 1414 4713 et
1439 4655 1534 4727 qui
1560 4661 1750 4711 contra
1776 4654 2150 4725 pontiﬁcatum
2182 4655 2260 4709 in-
2351 4661 2596 4726 σθέντας,
2626 4661 2721 4715 καὶ
2747 4659 3170 4733 πρεσϐυτέρους,
3204 4656 3300 4711 καὶ
3335 4655 3632 4720 διακόνους,
3663 4653 3796 4723 εὐχῇ
3828 4655 3935 4706 καὶ

693 4753 954 4818 sauierat,
976 4764 1145 4821 regno
1170 4763 1390 4820 quoque
1415 4747 1608 4820 pulsus
1641 4756 1725 4803 est
1746 4747 1812 4799 ".
1837 4745 2103 4802 Caeterum
2139 4761 2261 4816 quae

2350 4755 2547 4826 χειρῶν
2575 4751 2835 4818 ἐπιθέσει,
2866 4753 2932 4823 τῇ
2979 4750 3208 4822 διαφορᾷ
3232 4749 3340 4803 τῶν
3370 4745 3645 4818 ὀνομάτων
3679 4745 3776 4798 καὶ
3807 4743 3929 4814 (93)

695 4844 799 4900 sub
832 4843 992 4898 nobis
1040 4851 1161 4898 acta
1201 4842 1331 4908 sint,
1363 4840 1591 4898 forsitan
1623 4854 1732 4894 non
1779 4839 2061 4910 ignoratis.
2099 4838 2261 4896 Scitis

2349 4846 2448 4917 τὴν
2485 4844 2743 4917 διαφορὰν
2772 4843 2880 4897 τῶν
2908 4843 3252 4915 πραγμάτων
3292 4837 3649 4901 δεικνύοντας.
3699 4835 3775 4889 Οὐ
3813 4834 3932 4904 γὰρ

694 4937 839 4994 enim
871 4935 1095 4993 omnino
1136 4935 1443 5007 episcopos,
1469 4933 1818 5006 presbyteros
1856 4941 1910 4989 et
1937 4931 2198 4988 diaconos
2229 4947 2263 4988 ε

2350 4938 2379 4991 ὁ
2409 4936 2728 5009 βουλόμενος
2773 4937 2900 5007 παρ’
2930 4936 3059 5007 ἡμῖν
3099 4933 3336 5005 ἐπλήρου
3379 4931 3478 5003 τὴν
3514 4933 3691 5002 χεῖρα,
3726 4927 3931 4997 ὥσπερ

744 5073 783 5105 ’ί
822 5071 980 5126 Num.
1007 5076 1118 5126 xvi.
1195 5071 1239 5101 "
1277 5070 1318 5124 ll
1350 5069 1527 5126 Paral.
1557 5085 1704 5124 xxvr.
1779 5068 1824 5101 “
1861 5069 1900 5125 l.
1928 5068 1950 5123 ῐ
1979 5067 2120 5126 Tim.
2147 5086 2198 5137 ν,
2232 5072 2318 5128 15.

2317 5116 2318 5122 η
2393 5073 2439 5106 ’δ
2475 5073 2636 5128 Num.
2667 5073 2764 5136 xli,
2789 5077 2844 5136 8;
2904 5068 3074 5124 Exod.
3101 5082 3297 5133 xxxm,
3353 5067 3441 5129 Η,
3501 5063 3592 5121 17.
3635 5059 3923 5137 ⁸ξ”,ῘἺιιῐξι-

686 5158 784 5205 xu,
813 5143 866 5224 8..
941 5143 985 5224 ’ξ
1020 5143 1091 5197 al.
1122 5141 1208 5195 διὰ
1238 5139 1430 5222 δήλων.
1504 5141 1547 5174 ³⁷
1585 5140 1744 5196 Num.
1772 5154 1845 5196 Iv.
1923 5139 1968 5171 ⁸⁸
2004 5130 2284 5215 Ηῖοδίιη

684 5211 894 5285 λησμῳ.
925 5201 1015 5268 Sic
1043 5213 1163 5270 cod.
1188 5209 1350 5267 Vind.

2316 5184 2330 5198 .
2405 5130 2889 5199 "llParalsxx'ﬁ.
2968 5141 3012 5172 ³⁸
3052 5138 3092 5196 f.
3143 5130 3528 5208 ἐναργεστέρᾳ.
3631 5132 3675 5164 ⁸³
3718 5131 3757 5186 f.
3792 5130 3921 5201 μεὶ-

1974 5357 2329 5420 VARIORUM
2378 5361 2608 5420 ΝΟΤᾸΕ.

764 5499 872 5571 (88)
903 5498 1179 5566 Χριστόν.
1216 5497 1273 5572 I_n
1307 5499 1480 5572 altero
1504 5495 1703 5572 καὶτὸν
1732 5495 2001 5572 Χριστόνη
2027 5495 2104 5572 In.
2350 5512 2370 5551 ε

1307 5499 1480 5572 altero
1504 5495 1703 5572 καὶτὸν
1732 5495 2001 5572 Χριστόνη
2027 5495 2104 5572 In.
2350 5497 2418 5553 ad
2454 5499 2778 5572 ύπηρεσίας.
2809 5498 2883 5555 lo.

763 5565 870 5648 (ει)
914 5565 1370 5648 Ἐπηρτημέγον.
1396 5569 1452 5623 In
1484 5569 1652 5648 altero
1673 5565 2044 5648 codl-Viiidob.
2073 5567 2244 5645 ἐπηρ-
2349 5636 2369 5648 ﬁ

2349 5636 2372 5648 Α
2421 5565 2848 5648 (θῆράνατος.
2900 5565 3178 5641 Scriplu‘ra
3233 5566 3483 5622 codicum
3534 5565 3740 5621 unius:
3786 5567 3925 5623 ἀνάρ-

688 5636 968 5711 τισμένον,
1011 5639 1168 5708 quasi
1208 5638 1277 5692 ab
1308 5639 1584 5711 ἐπαρτίζω
1631 5639 1842 5708 perﬁcio
1869 5677 1884 5699 ,
1936 5637 2031 5692 sed
2089 5636 2243 5706 prius

1071 5639 1168 5693 nasi
1208 5638 1277 5692 ab
1308 5639 1584 5711 ἐπαρτίζω
1631 5639 1884 5708 perﬁcio,
1936 5637 2031 5692 sed
2089 5636 2243 5706 prius
2347 5636 2677 5710 Ospa.'Cor.

692 5705 895 5788 malim.
923 5710 1002 5788 in.
1029 5705 1044 5708 ’
1223 5778 1235 5788 ι
1273 5779 1285 5788 ‘
1419 5705 1459 5788 '_
1632 5705 1639 5708 ⁷
1668 5778 1681 5788 _
1725 5705 1794 5788 ’μ
1854 5779 1866 5788 ¹
2090 5705 2099 5706 ί
2342 5705 2687 5788 _._'(9_3)nKal.
2728 5708 2854 5767 Dele
2886 5710 3026 5765 hanc
3055 5708 3300 5769 voculam
3333 5723 3396 5762 cx
3429 5708 3752 5762 auctoritate
3786 5705 3923 5764 cod.

785 5781 870 5849 90)
900 5778 1388 5849 ΛέγομενεΑᾶάὶι.
1413 5779 1555 5849 alter
1583 5778 1703 5833 cod.
1743 5779 1815 5833 δέ.
1854 5779 1925 5832 In.
2039 5848 2049 5849 ί
2342 5779 2382 5832 ν

1227 5778 1388 5832 iddit.
1413 5779 1555 5849 alter
1583 5778 1703 5833 cod.
1743 5779 1815 5833 δέ.
1854 5779 1925 5832 In.
2039 5848 2049 5849 ί
2342 5778 2698 5836 νὶιιάέϐιειι.
2828 5792 2833 5806 ³

785 5794 870 5849 νυ)
900 5794 1178 5848 Λεγομεν.
1209 5794 1388 5832 Aquit.
1413 5794 1549 5833 alter
1583 5794 1703 5833 coo.
1743 5794 1815 5833 οε.
1854 5794 1925 5832 ID.

765 5794 874 5922 ξω)
915 5851 1114 5918 ”Απερ,
1147 5847 1335 5905 Melius
1359 5848 1478 5904 cod.
1516 5848 1745 5906 Vindob.
1786 5848 2234 5918 &;,utrcferatur
