4066 6334
694 382 831 438 1159

758 587 989 655 Quidam
1022 601 1187 658 porro
1226 586 1332 643 alia
1362 586 1523 641 etiam
1558 600 1724 657 opera

695 1040 840 1112 apud
885 1040 1139 1111 antiquos
1184 1038 1334 1094 nulla
1380 1039 1602 1093 omnino
1630 1053 1726 1093 ex-
1800 1041 1987 1112 μνήμη
2018 1056 2101 1102 τις
2132 1039 2285 1111 παρὰ

2368 1039 2429 1102 ιτς
2463 1037 2709 1102 παλαιοῖς
2736 1038 2832 1107 φέ-

695 1140 805 1189 stat
842 1133 1063 1188 mentio.
1092 1129 1277 1203 Neque
1318 1132 1462 1212 enim
1511 1130 1725 1185 sincera
1799 1147 1969 1203 ρεται.
2002 1129 2137 1184 Οὐδὲ
2158 1128 2266 1201 γὰρ
2296 1176 2298 1181 .

2368 1128 2535 1200 θαρδν
2564 1130 2664 1200 τῆς
2690 1130 2830 1183 ἀπο-

695 1230 859 1278 rectz
909 1221 1033 1277 ﬁdei
1082 1220 1151 1276 ab
1203 1221 1463 1291 apostolis
1514 1219 1726 1275 tradita:
1797 1222 2057 1298 arohxﬁ;
2087 1221 2298 1294 ὀρθοδοξ

2368 1238 2395 1287 ς
2431 1220 2702 1287 ἀποσώζει
2739 1221 2832 1277 τὸν

696 1318 825 1366 nota
867 1310 920 1364 in
968 1310 1075 1367 illis
1128 1324 1384 1379 expressa
1430 1309 1719 1381 reperitur.
1794 1312 2138 1386 χαρακτῆρα.

697 1399 830 1471 Lege
866 1400 1082 1485 Maximi
1124 1400 1413 1473 Prologum
1450 1400 1505 1455 in
1550 1398 1723 1471 Opera

697 1490 962 1567 Dionysii.

1501 376 1560 436 Β.
1592 375 1986 435 ειειιεκτιε
2016 378 2039 434 1
2068 378 2237 436 ROM.
2274 377 2479 435 PONT.
2512 376 2742 436 OPERA
2776 377 3000 435 DUBIA.

1837 490 1986 545 idem
2011 490 2293 553 Essemus,
2329 489 2428 545 lib.
2460 478 2545 553 tu,
2571 505 2675 561 cap
2697 490 2791 547 38.

1869 581 2007 654 Ἤδη
2039 582 2097 635 δὲ
2134 582 2227 635 καὶ
2262 581 2427 652 ἔτερα
2457 581 2701 653 πολυεπῆ
2738 583 2833 635 καὶ

691 679 902 751 prolixa
950 685 1005 735 et
1050 680 1272 750 copiosa
1321 678 1424 734 sub
1451 676 1573 748 ejus
1620 692 1724 734 no-
1799 673 1989 746 μακρὰ
2026 673 2298 745 συγγράμι

2368 691 2461 738 τα,
2491 674 2568 739 ὡς
2601 674 2696 728 τοῦ
2729 674 2829 728 αὺ-

692 772 838 826 mine
866 770 981 827 beri
1010 784 1075 826 ac
1108 770 1503 827 nudiustertius
1538 769 1594 824 in
1643 770 1726 825 lu-
1793 765 1911 829 τοῦ,
1930 766 2057 837 χθὲς
2088 767 2180 819 καὶ
2207 782 2298 838 πρ(

2369 782 2397 817 ν
2417 764 2561 829 τινὲς
2587 766 2831 837 προήγα-

692 874 812 915 cem
868 859 1249 930 protulerunt:
1302 866 1432 929 puta
1478 856 1621 913 Petri
1668 864 1724 915 et
1792 876 1908 930 γον,
1937 859 2143 930 Πέτρου
2169 858 2298 931 sim

2368 856 2625 921 Ἀπίωνος
2658 858 2835 912 διαλό-

694 950 923 1020 Apionis
987 948 1432 1021 disputationes;
1467 958 1721 1019 ‘quorum
1792 966 1925 1018 γους
1986 947 2298 1021 περιέχοντα

2390 939 2467 1003 ὧν
2520 947 2637 1001 οὐδ’
2697 946 2833 1010 ὅλως

3798 385 3932 441 “60

3133 491 3211 547 Ea:
3233 492 3453 563 interpr.
3486 492 3688 565 Ruﬁni.

2975 582 3083 640 Sed
3115 591 3169 641 et
3199 586 3305 640 alia
3351 586 3473 655 ejus
3517 586 3781 656 opuscula
3827 604 3931 642 non

2901 676 3126 731 minima
3160 691 3190 730 a
3219 679 3497 733 nonnullis
3527 679 3712 742 haberi
3757 681 3932 749 perhi-

2900 766 3133 834 bentur;
3161 762 3311 822 vel‘ut
3334 766 3480 823 Petri
3497 780 3550 824 et
3572 770 3799 841 Apionis
3821 771 3932 825 dis-

2908 858 3148 929 putatio;
3202 874 3322 929 quae
3352 858 3407 912 iu
3454 874 3558 914 usu
3601 874 3632 934 ξ
3663 859 3930 914 veteribus

2904 949 3090 1004 habita
3137 949 3359 1004 minime
3413 952 3751 1019 reperimus;
3806 952 3930 1021 quia

2902 1058 3003 1098 nec
3029 1057 3165 1113 pura
3205 1043 3261 1097 in
3286 1042 3367 1099 eis
3391 1051 3444 1096 et
3469 1043 3782 1113 incorrupta
3804 1058 3929 1112 apo-

2902 1133 3107 1188 stolicae
3148 1132 3273 1201 ﬁdei
3314 1133 3498 1203 regula
3548 1133 3816 1188 mansisse
3844 1130 3949 1189 den

2901 1225 3277 1295 prehenditur.
3309 1223 3442 1296 Lege
3462 1223 3690 1295 Niceph.
3726 1224 3821 1279 lib.
3852 1238 3928 1289 ut,

2901 1331 3022 1387 cap.
3053 1316 3144 1372 l8.

700 1606 777 1669 De
827 1606 1378 1688 Disputatione_Petrl
1422 1616 1489 1688 et
1520 1606 1918 1688 Apio-n‘istq‘ua:
1943 1607 2160 1688 rigetur
2187 1604 2354 1675 fuisse
2387 1604 2465 1688 uel
2491 1618 2617 1688 pars
2646 1602 2733 1688 Ave!
2781 1600 3052 1688 αρηοπιξὶςε
3387 1592 3850 1688 iiccognitionum
3881 1606 3925 1649 et

1190 1678 1421 1733 Actuum
1453 1669 1595 1733 Petri
1622 1677 1735 1733 ride
1757 1669 1908 1745 infra
1936 1678 1990 1731 in
2011 1669 2363 1746 Hieronymo,
2394 1669 2588 1729 Photio
2611 1680 2665 1729 et
2681 1669 2923 1727 HonOrio
2950 1669 3450 1742 Augustodunensi.

2270 1895 2365 1950 ΙΙΙ.

1643 2054 1704 2111 S.
1736 2053 2109 2117 Autumnus,
2138 2052 2194 2106 in
2221 2049 2453 2121 Synopsi
2480 2065 2650 2104 sacrm
2677 2048 2993 2118 Scriptum.

772 2190 969 2247 lterum
998 2190 1124 2247 libri
1154 2188 1289 2245 Novi
1325 2189 1661 2245 Testamenti
1690 2190 1892 2260 quibus
1923 2189 2257 2245 contradicn-
2285 2212 2298 2249 λ

2428 2186 2541 2255 Τῆς
2585 2185 2731 2249 Νέας
2773 2186 2936 2239 πάλιν
2981 2185 3257 2257 Διαθήκης
3305 2184 3698 2254 ἁντιλεγόμενα
3740 2182 3905 2238 ταῦτα

697 2291 811 2349 tur,
837 2291 964 2338 sunt
995 2303 1007 2338 :
1042 2282 1320 2339 Circuitus
1345 2281 1528 2346 Petri,
1561 2291 1670 2337 etc.
1704 2280 1783 2336 Ex
1808 2281 2010 2351 quibus
2044 2281 2261 2337 veriora

697 2385 753 2430 et
790 2390 819 2428 a
863 2374 973 2430 Deo
1015 2372 1306 2443 inspirata,
1338 2372 1510 2427 electa
1538 2379 1667 2427 sunt
1711 2386 1776 2426 ac
1813 2372 2104 2427 translata.
2136 2370 2261 2427 Haec

697 2474 827 2523 sunt
850 2480 971 2537 qua:
998 2464 1268 2536 leguntur,
1291 2472 1398 2521 etc.

2364 2276 2607 2349 Περίοδοι
2642 2276 2872 2349 Πέτρου,
2901 2285 3009 2332 etc.
3057 2277 3147 2343 Ἐξ
3175 2271 3252 2355 ὧν
3289 2276 3741 2348 μετεφράσθήσαν
3785 2275 3929 2329 ἐκλι-

2368 2370 2532 2439 γέντα
2555 2368 2623 2422 τὰ
2653 2368 2987 2442 ἀληθέστερα
3014 2371 3108 2427 καθ⁵
3126 2368 3478 2423 θεόπνευστα.
3499 2368 3687 2422 Ταῦτα
3704 2368 3774 2421 τὰ
3798 2368 3927 2421 ἀνα-

2367 2461 2759 2531 γινωσκόμενα,
2791 2468 2899 2517 etc.

2274 2659 2363 2718 Ν.

1544 2819 1605 2877 S.
1637 2819 1981 2884 Eplpuamns,
2004 2818 2193 2873 haeresi
2220 2833 2348 2886 xxx,
2381 2816 2775 2884 Ebionaorum,
2806 2835 2960 2876 num.
2992 2820 3078 2877 15.

763 2962 1007 3020 Utuntur
1033 2966 1211 3014 autem
1246 2964 1301 3013 et
1338 2956 1460 3012 aliis
1487 2952 1814 3027 quibusdam
1846 2952 2026 3018 libris,
2064 2966 2260 3021 nempe

702 3056 772 3111 iis
806 3054 900 3126 qui
927 3057 1192 3107 vocantur
1233 3049 1507 3105 Circuitus
1548 3047 1716 3113 Petri,
1748 3061 1778 3100 a
1805 3045 2085 3102 Clemente
2128 3059 2263 3098 con--

699 3146 888 3217 scripti
922 3163 936 3199 :
974 3152 1137 3214 atque
1163 3156 1227 3197 ea
1274 3140 1491 3211 quidem
1522 3155 1643 3211 qua:
1679 3139 1734 3193 in
1774 3138 1881 3193 illis
1911 3137 2264 3192 continentur

698 3240 1083 3305 corruperunt,
1107 3246 1279 3302 pauca
1310 3236 1489 3285 autem
1512 3243 1639 3283 vera
1661 3228 2000 3297 reliquerunt
2033 3244 2047 3279 :
2071 3240 2262 3295 quem-

701 3324 992 3382 admodum
1024 3338 1120 3379 eos
1162 3320 1279 3393 ipse
1312 3319 1564 3375 Clemens
1590 3318 1843 3373 omnibus
1871 3314 2047 3371 modis
2075 3313 2261 3369 redarw

702 3418 835 3489 guit,
866 3430 963 3487 per
981 3412 1242 3485 epistolas
1268 3410 1564 3467 cimulares
1593 3424 1734 3481 quae,
1758 3408 1827 3462 ab
1854 3423 1920 3464 eo
1948 3406 2185 3476 scriptae,
2204 3405 2260 3459 in

2431 2952 2683 3023 Χρῶνται
2705 2953 2764 3007 δὲ
2792 2954 2889 3007 καὶ
2914 2953 3101 3017 ἄλλαις
3126 2955 3237 3008 τισὶ
3261 2952 3479 3025 βίϐλοις,
3504 2956 3663 3028 δῆθεν
3679 2960 3798 3021 ταῖς
3824 2958 3929 3009 Πε-

2364 3042 2558 3115 ριόδοις
2590 3042 2948 3114 καλουμέναις
2962 3046 3191 3117 Πέτρου,
3212 3049 3330 3111 ταῖς
3355 3047 3442 3100 διὰ
3463 3047 3778 3118 Κλήμεντος
3802 3065 3933 3119 γρα-

2364 3134 2579 3204 φείσαις
2602 3152 2615 3162 °
2640 3134 2987 3200 νοθεύσαντες
3010 3138 3112 3208 μὲν
3138 3139 3208 3191 τὰ
3226 3140 3283 3192 ἐν
3308 3140 3517 3203 αὑταῖς,
3547 3139 3701 3209 ὀλίγα
3727 3141 3785 3193 δὲ
3806 3142 3936 3211 άλη-

2363 3226 2488 3283 οινὰ
2514 3228 2800 3290 ἐάσαντες·
2832 3228 2909 3292 ὡς
2935 3230 3096 3293 αὐτὸς
3114 3231 3345 3304 Κλήμης
3363 3233 3559 3296 αὐτοὺς
3590 3234 3734 3287 κατὰ
3758 3234 3937 3288 πάντα

2368 3321 2601 3393 ιλὲγχει,
2634 3322 2710 3390 ἀφ
2728 3322 2743 3342 ’
2774 3314 2849 3374 ὧν
2878 3321 3113 3394 ἔγραψεν
3156 3324 3482 3378 Ἐπιστολῶν
3510 3325 3813 3393 ἐγκυκλίων
3832 3327 3937 3379 τῶν

2367 3415 2427 3467 ὲν
2454 3416 2575 3477 ταῖς
2606 3414 2785 3482 ἁγίαις
2815 3413 3128 3486 ἐκκλησίαις
3156 3416 3700 3489 ἀναγινωσκομένων·
3735 3419 3820 3471 ὅτι
3847 3418 3937 3473 άλ-

703 3510 909 3567 sanctis
940 3507 1187 3570 ecclesiis
1213 3505 1486 3575 leguntur.
1521 3501 1657 3569 Quia
1682 3500 1848 3554 alium
1887 3499 2051 3555 habet
2072 3498 2267 3553 chara-
2297 3553 2298 3558 η

2368 3505 2456 3558 λον
2504 3505 2616 3577 ἔχει
2654 3506 2972 3577 χαρακτῆρα
3014 3508 3049 3578 ή
3090 3507 3283 3561 ἑαυτοῦ
3324 3508 3506 3570 πίστις
3555 3509 3647 3561 καὶ
3690 3512 3721 3562 ὁ
3762 3510 3938 3579 λόγος,

702 3611 905 3656 cterem
930 3598 1063 3655 ﬁdes
1092 3597 1239 3652 illius
1267 3611 1330 3650 ac
1358 3594 1555 3656 oratio,
1578 3593 1647 3647 ab
1678 3593 1747 3648 iis
1776 3608 1896 3662 quae
1924 3591 2027 3647 sub
2044 3590 2265 3645 nomine

702 3693 822 3763 ejus
852 3692 943 3747 isti
964 3691 1019 3744 in
1048 3688 1381 3744 Circuitibus
1409 3690 1836 3757 supposuerunt.
1874 3680 1967 3736 llle
1997 3683 2141 3736 enim
2163 3682 2267 3735 vir-

704 3785 981 3853 ginitatem
1005 3782 1195 3846 docet;
1222 3788 1277 3833 at
1308 3780 1399 3834 isti
1430 3777 1742 3849 repudiant.
1766 3773 1860 3830 ille
1881 3774 2075 3837 Eliam,
2114 3773 2267 3827 Davi-

703 3876 847 3941 dem,
873 3873 1227 3944 Sampsonem
1258 3886 1552 3942 omnesque
1577 3868 1871 3940 praphetas
1896 3864 2263 3931 commendat;

702 3982 843 4037 quos
870 3967 961 4022 isti
993 3966 1358 4020 detestantur.
1391 3961 1578 4033 Itaque
1613 3962 1667 4015 in
1710 3959 2045 4015 Circuitibus
2083 3959 2266 4013 omnia

704 4059 771 4114 ad
804 4075 961 4115 suum
993 4057 1300 4112 institutum
1347 4052 1827 4109 accommodarunt
1851 4089 1868 4114 .
1909 4065 1971 4104 ac
2000 4050 2069 4105 de
2106 4048 2268 4103 Petro

704 4149 874 4203 multa
900 4146 1180 4201 mendacia
1200 4142 1583 4199 conﬁnxerunt
1614 4160 1628 4196 :
1661 4140 1820 4211 quasi
1843 4140 1891 4195 is
1912 4133 2157 4210 quotidie
2176 4154 2269 4193 ca-

698 4236 975 4293 stimonia:
1006 4249 1172 4289 causa
1203 4232 1427 4295 laverit,
1461 4231 1603 4285 sicut
1631 4239 1685 4285 et
1715 4230 1805 4285 isti
1841 4228 2068 4285 faciunt.
2102 4228 2268 4283 Eum-

707 4328 829 4383 dem
860 4327 1025 4381 etiam
1058 4326 1215 4379 aiunt
1245 4321 1579 4377 abstinuisse
1608 4319 1676 4375 ab
1706 4320 1962 4375 animatis
1990 4328 2045 4375 et
2086 4320 2270 4375 carni-

704 4422 830 4483 bus,
859 4426 918 4474 ut
940 4417 1043 4487 ipsi
1074 4416 1269 4481 solent;
1299 4420 1353 4468 et
1393 4413 1462 4467 ab
1491 4412 1638 4467 omni
1667 4413 1773 4467 alio
1806 4412 1930 4467 cibo
1971 4411 2064 4481 qui
2104 4427 2271 4467 came

701 4518 951 4576 constet;
978 4506 1421 4579 quandoquidem
1446 4514 1501 4561 et
1542 4507 1656 4577 ipse
1690 4503 1862 4559 Ebion
1881 4544 1897 4569 ,
1926 4514 1978 4559 et
2006 4504 2269 4560 Ebionita:

706 4610 933 4665 omnino
960 4609 1029 4663 ab
1052 4608 1120 4665 iis
1140 4609 1434 4663 abstinent.
1459 4605 1590 4677 Lege
1608 4605 1891 4677 Recognit.
1914 4605 2008 4661 lib.
2039 4620 2113 4670 IV,
2144 4620 2265 4675 cap.

706 4705 775 4767 3;
802 4703 894 4759 lib.
914 4720 967 4769 ν,
998 4716 1119 4773 cap.
1142 4699 1212 4756 36
1236 4700 1377 4766 ;'lib.
1412 4717 1507 4767 vn,
1539 4715 1661 4771 cap.
1688 4698 1745 4767 6,
1768 4707 1823 4755 et
1863 4698 1958 4753 lib.
1989 4715 2112 4764 vtn,
2142 4713 2268 4768 cap.

710 4792 913 4848 leti.

2366 3597 2520 3668 παρὰ
2544 3596 2613 3650 τὰ
2638 3596 2743 3650 ὑπὸ
2773 3598 2979 3652 τούτων
3013 3601 3092 3662 είς
3120 3600 3290 3671 ὄνομα
3321 3599 3485 3653 αὑτοῦ
3514 3602 3571 3653 ὲν
3601 3604 3720 3665 ταῖς
3746 3603 3939 3673 Περιό-

2366 3690 2477 3753 δοις
2507 3690 2882 3760 νενοθευμένα.
2914 3692 3085 3754 Αὐτὸς
3117 3692 3226 3763 γὰρ
3245 3691 3540 3763 παρθενίαν
3555 3692 3823 3755 διδάσκει,
3852 3696 3941 3747 καὶ

2366 3781 2519 3834 αὐτοὶ
2550 3782 2610 3834 οὐ
2640 3782 2899 3851 δέχονται.
2914 3783 3082 3846 Αὐτὸς
3111 3768 3221 3854 γὰρ
3250 3782 3584 3854 ἐγκωμιάζει
3614 3782 3828 3847 Ἠλίαν,
3853 3788 3941 3837 καὶ

2368 3872 2549 3935 Δασὶδ,
2588 3874 2684 3927 καὶ
2715 3871 2973 3944 Σαμψὼν,
3004 3874 3098 3926 καὶ
3131 3874 3336 3938 πάντας
3362 3878 3489 3939 τοὺς
3512 3877 3823 3947 προφήτας,
3855 3877 3943 3939 οὓς

2366 3957 2513 4018 οὗτοι
2542 3964 2928 4034 βδελύττονται.
2972 3966 3060 4019 Ἐν
3087 3968 3207 4029 ταῖς
3232 3963 3326 4020 οὖν
3343 3968 3617 4038 Περιόδοις
3648 3967 3716 4019 τὸ
3743 3970 3854 4021 πᾶν
3869 3970 3941 4030 είς

2368 4056 2596 4121 ἑαυτοὺς
2646 4060 3003 4129 μετήνεγκαν,
3043 4058 3514 4130 καταψευσάμενοι
3561 4061 3773 4131 Πέτρου
3808 4061 3941 4114 κατὰ

2368 4148 2597 4213 πολλοὺς
2626 4149 2862 4221 τρόπους
2884 4166 2898 4179 ·
2934 4150 3012 4213 ὡς
3037 4149 3203 4203 αὑτοῦ
3253 4151 3355 4204 καθ
3374 4153 3388 4173 ’
3423 4152 3634 4223 ἡμέραν
3683 4139 3940 4222 βαπτῖξο-

2372 4243 2533 4315 μένου
2564 4242 2830 4313 ἁγνισμοῦ
2857 4242 3072 4306 ἕνεκεν,
3109 4242 3360 4315 καθάπερ
3398 4244 3491 4296 καὶ
3524 4238 3692 4296 οὗτοι.
3742 4242 3942 4314 Ἐμψύο

2369 4355 2481 4408 χων
2503 4354 2563 4389 τε
2589 4335 2686 4390 τὸν
2707 4335 2868 4388 αὑτὸν
2888 4335 3187 4405 ἀπέχεσθαι
3207 4336 3302 4389 καὶ
3321 4335 3518 4406 κρεῶν,
3547 4336 3622 4398 ὼς
3644 4338 3743 4389 καὶ
3775 4331 3937 4398 οὗτοι,

2371 4430 2465 4483 καὶ
2494 4428 2675 4499 πάσης
2705 4428 2870 4499 ἄλλης
2894 4427 3092 4498 ἐδωδῆς
3121 4428 3221 4499 τῆς
3247 4427 3354 4481 ἀπὸ
3398 4428 3614 4499 σαρκῶν
3642 4430 3935 4500 πεποιημέ-

2370 4539 2468 4592 νης
2492 4520 2757 4589 λέγουσιν,
2781 4519 3073 4592 ἐπειδήπερ
3100 4520 3193 4573 καὶ
3224 4519 3384 4583 αὐτὸς
3408 4519 3595 4574 Ἐὗίων
3623 4522 3723 4574 καὶ
3760 4521 3943 4574 Ἐδιω-

2371 4618 2511 4668 νῖται
2536 4613 2813 4677 παντελῶς
2846 4611 3137 4685 ἀπέχονται
3164 4613 3382 4667 τούτων.

1709 5042 1767 5099 S.
1808 5039 2176 5108 Hiennnuns,
2214 5040 2292 5097 De
2318 5043 2419 5097 vir.
2451 5042 2676 5110 illum,
2699 5060 2821 5115 cap.
2857 5044 2909 5100 Ι.

781 5252 929 5317 Libri
959 5259 1159 5320 autem,
1195 5266 1225 5305 e
1244 5250 1443 5321 quibus
1469 5265 1610 5307 unus
1638 5249 1895 5304 Actorum
1927 5249 2047 5319 ejus
2076 5246 2271 5319 (Petri)

713 5345 1051 5411 inscribitur,
1080 5346 1219 5400 alius
1248 5343 1558 5416 Evangelii,
1587 5344 1779 5399 tertius
1819 5341 2233 5397 Pmdicationis
2251 5385 2266 5409 ,

710 5447 941 5509 quartus
973 5435 1399 5508 Apocalypseos,
1434 5436 1662 5505 quintus
1696 5431 1928 5497 Judicii,
1962 5435 2107 5489 inter
2147 5448 2273 5503 apo—

711 5530 946 5603 cryphas
964 5525 1265 5596 scripturas
1292 5533 1611 5597 reputantur
1642 5524 1743 5595 (3).
1778 5523 1908 5594 Lege
1931 5521 2267 5601 Frecullum,

712 5632 841 5677 tom.
907 5628 973 5687 ll,
1017 5621 1113 5677 lib.
1162 5636 1216 5684 ι,
1261 5633 1379 5691 cap.
1411 5620 1503 5683 20,
1577 5626 1631 5674 et
1673 5617 1968 5673 Honorium
2016 5616 2269 5689 August.,

710 5732 827 5787 cap.
866 5716 913 5771 Ι.

782 5855 859 5925 {3-)
894 5853 1232 5921 Reputantur.
1268 5850 1348 5905 Al.
1383 5849 1740 5918 repudiantur.

2854 5158 2940 5213 Ex
2978 5158 3197 5229 antiqua
3230 5162 3477 5215 rersione.

2444 5253 2526 5307 Τὰ
2556 5253 2613 5307 δὲ
2654 5252 3080 5324 συγγράμματα,
3118 5251 3263 5305 τοῦτ’
3296 5254 3411 5306 ἔστι
3438 5252 3679 5323 πρῶτον,
3715 5254 3746 5307 δ
3778 5254 3951 5323 ἐπιγί-

2378 5364 2641 5419 γραπται,
2678 5346 2911 5416 Πράξεις
2943 5335 3128 5399 αὑτοῦ·
3159 5344 3428 5418 δεύτερον,
3449 5347 3820 5415 Εὐαγγέλιον·
3844 5348 3949 5421 τρί·

2374 5456 2488 5503 τον,
2536 5441 2839 5511 Κήρυγμα·
2886 5437 3165 5511 τέταρτον,
3230 5438 3632 5507 ’Δποκὰλυψις·
3691 5442 3951 5510 πέμπτον,

2378 5530 2573 5603 Κρίσις
2595 5548 2609 5562 ι
2642 5532 2717 5595 ὡς
2741 5531 3035 5603 ἁπόκρυφα
3062 5532 3191 5586 ὄντα
3221 5530 3705 5602 ἀποδοκιμάζεται.
