4050 6336
182 458 301 519 “Si

1243 454 1893 513 RECOGNITIONES.—
1923 454 2281 511 PROLIZMIA.

3300 446 3438 504 “iii

1491 568 1619 624 Inest
1659 568 1814 634 ibid.,
1840 586 1963 641 cap.
2005 571 2091 625 lii.

253 727 359 783 Kal.
402 729 656 798 Διάλογος
694 728 902 800 Πέτρου
946 729 1040 782 καὶ
1081 727 1347 790 Ἀπίωνος
1380 726 1577 798 μακρῷ
1620 724 1761 795 λόγῳ

1938 719 2007 775 Et
2059 719 2364 791 Disputatio
2421 719 2560 776 Petri
2612 732 2665 777 et
2715 722 2942 793 Apionis
2982 723 3143 793 longo
3188 734 3439 777 sermone

186 837 251 871 συ
264 825 510 888 παγεῖσα
532 860 546 885 ,
581 823 647 891 ἦν
699 839 820 874 τινα
850 820 1101 882 Εὐσέϐιος
1131 817 1359 879 εὐθύνει,
1390 821 1447 871 ὲν
1485 819 1562 890 τῷ
1587 820 1753 889 τρίτῳ

180 910 284 981 τῆς
329 912 867 980 Ἐκκλησιαστικῆς
896 911 1160 980 ἱστορίας
1188 909 1387 979 τεύχει.

1867 812 2196 881 conscripta,
2222 827 2382 880 quam
2419 810 2687 869 Eusebius
2721 814 2773 868 in
2808 815 2967 869 tertio
2998 813 3255 868 Historia:
3288 813 3439 867 cccle-

1866 908 2098 962 siastica:
2116 909 2391 963 volumine
2412 911 2679 980 coarguit.
2705 910 2837 983 Lege
2860 910 3191 975 Frccull'um,
3218 918 3348 965 tom.
3379 909 3439 972 ll,

1870 996 1964 1052 lib.
1995 1013 2057 1062 ιι,
2081 1013 2200 1067 cap.
2234 998 2318 1052 10.
2454 995 2458 999 ’

1202 1132 1329 1189 Inui
1356 1134 1453 1190 lib.
1479 1150 1497 1189 ι
1529 1138 1779 1193 adversus
1800 1135 2169 1204 Iovinianum,
2200 1152 2322 1209 cap.
2354 1138 2439 1193 Η.

249 1287 549 1345 Possumus
580 1296 763 1345 autem
797 1291 865 1347 de
888 1290 1049 1348 Petro
1079 1293 1284 1358 dicere,
1312 1293 1459 1364 quod
1491 1293 1749 1349 habuerit

177 1390 402 1433 socrum
443 1394 513 1435 eo
560 1388 806 1452 tempore
833 1397 943 1453 quo
989 1384 1243 1447 credidit,
1292 1393 1346 1439 et
1375 1399 1600 1439 uxorem
1642 1384 1754 1454 jam

180 1484 290 1523 non
341 1469 593 1526 habuerit
630 1491 642 1527 :
676 1488 988 1545 quanquam
1039 1475 1251 1546 legatur
1278 1474 1333 1529 in
1364 1474 1663 1547 Περιόδοις,
1703 1482 1758 1530 et

175 1574 323 1615 uxor
347 1560 489 1631 ejus,
514 1570 567 1619 et
596 1562 724 1621 ﬁlia.
764 1563 871 1619 Sed
901 1580 1047 1622 nunc
1076 1566 1239 1624 nobis
1266 1566 1333 1622 de
1362 1582 1573 1624 canone
1595 1582 1758 1623 omne

1862 1288 2143 1351 certamen
2173 1303 2276 1351 est.
2326 1293 2391 1349 1η
2432 1288 2933 1363 liecognitionibus,
2972 1308 3108 1348 uxor
3150 1292 3298 1347 Petri
3337 1307 3442 1348 me.

1864 1396 2104 1440 moratur
2128 1385 2224 1440 lib.
2249 1402 2349 1449 vn,
2382 1400 2508 1456 cap.
2541 1383 2633 1451 25,
2663 1382 2756 1449 26,
2784 1393 2838 1440 et
2860 1384 2955 1440 lib.
2987 1400 3065 1450 Ix,
3098 1399 3219 1454 cap.
3248 1384 3347 1450 58;
3378 1384 3443 1451 ﬁ-

1865 1477 1940 1530 lia
1968 1492 2111 1541 vero,
2147 1491 2426 1546 nusquam.

910 1738 1035 1779 ωειί
1064 1723 1159 1780 lib.
1184 1739 1202 1777 ι
1228 1722 1744 1779 Commentariorum
1770 1724 1823 1778 in
1852 1721 2151 1793 Epictetum
2175 1720 2251 1777 ad
2280 1719 2528 1786 Galatas,
2562 1734 2603 1786 ι,
2634 1719 2720 1775 18.

248 1893 366 1950 Non
388 1902 447 1949 ut
475 1897 687 1962 oculos,
719 1912 886 1969 genas
915 1899 1237 1970 vultumque
1266 1896 1386 1968 ejus
1408 1896 1577 1969 (Petri
1607 1896 1751 1953 Pau-

172 1987 285 2059 lus)
316 1991 582 2061 aspiceret
613 2006 624 2041 :
667 2000 851 2045 utrum
881 1991 1233 2059 macilentus,
1266 2005 1336 2045 an
1378 1990 1619 2061 pinguis,
1653 1990 1751 2045 ad-

1858 1909 1941 1956 ret
1969 1914 2125 1957 coma
2154 1917 2169 1968 ;
2206 1917 2309 1967 an,
2350 1910 2411 1956 ut
2436 1900 2693 1956 Clemens
2727 1898 2781 1953 in
2816 1895 3067 1954 Periodis
3100 1896 3222 1967 ejus
3255 1895 3443 1964 refert,

1861 1993 2134 2047 calviticm
2160 1992 2382 2048 haberet
2413 1985 2468 2047 in
2483 1990 2680 2062 capite.
2719 1988 2831 2043 Hoc
2852 2005 2989 2043 nunc
3019 1990 3073 2044 in
3099 1985 3444 2057 Recognitio—

174 2098 320 2138 uaco
342 2100 476 2139 naso
502 2091 671 2149 esset,
701 2100 771 2138 an
798 2090 950 2140 recto
976 2104 988 2140 :
1012 2092 1070 2142 et
1101 2092 1286 2139 utrum
1320 2084 1557 2139 frontem
1590 2083 1758 2139 vesti-
1792 2078 1835 2134 Β
1868 2078 2030 2134 nibus
2052 2097 2158 2135 non
2181 2081 2463 2136 invenitur.

1762 2238 1851 2295 Vl.

1124 2394 1376 2463 RUFINUS,
1412 2393 1483 2449 De
1518 2393 2178 2449 adulterationelibrorum
2207 2390 2470 2463 Origenis.

246 2572 534 2640 Clemens,
564 2573 942 2646 apostolorum
982 2574 1319 2646 discipulus,
1370 2576 1462 2647 qui
1494 2574 1757 2633 Romanae

173 2663 434 2719 Ecclesia:
484 2674 609 2735 post
661 2666 964 2734 apostolos,
1009 2672 1065 2720 et
1106 2665 1400 2736 episcopus
1452 2676 1509 2722 et
1551 2674 1760 2740 martyr

172 2758 413 2827 prazl‘uit.
436 2758 608 2813 libros
631 2758 801 2813 edidit
820 2758 914 2830 qui
938 2755 1125 2814 Graece
1146 2760 1493 2829 appellantur
1513 2760 1759 2830 ἀναγνω-

174 2849 393 2921 μισμός,
443 2849 495 2904 id
526 2858 610 2905 est
638 2847 997 2920 Reoognitio:
1031 2848 1087 2903 in
1126 2850 1499 2919 quibus,cum
1526 2865 1593 2904 ex
1643 2864 1762 2920 per-

171 2955 313 2995 sona
341 2938 490 2995 Petri
524 2941 758 3010 apostoli
802 2941 1056 2996 doctrina
1094 2942 1253 3013 quasi
1295 2958 1424 2998 vere
1454 2943 1758 3014 apostolica

170 3032 233 3087 in
259 3032 681 3105 quamplurimis
702 3042 1045 3104 exponatur,
1079 3036 1135 3090 in
1171 3036 1448 3107 aliquibus
1476 3038 1551 3091 ita
1583 3036 1758 3092 Euno-

170 3122 272 3176 ιιιῆ
301 3124 497 3193 dogma
534 3124 800 3181 scribitur
837 3125 915 3197 (4)
964 3134 1025 3180 ut
1054 3126 1191 3181 nihil
1241 3126 1391 3182 aliud
1442 3142 1606 3198 quam
1640 3130 1760 3199 ipse

171 3210 479 3270 Eunomius
506 3215 792 3286 disputare
821 3216 1098 3279 credatur,
1141 3216 1339 3273 Filium
1372 3217 1468 3273 Dei
1511 3227 1757 3275 creatum

166 3320 242 3361 ex
262 3305 428 3361 nullis
447 3308 794 3366 exstantibus
820 3325 1167 3368 asseverans.
1202 3310 1342 3367 Tum
1366 3311 1569 3368 deinde
1587 3312 1755 3367 etiam

169 3396 308 3451 illud
339 3397 595 3454 adulterii
634 3398 899 3457 inseritur
929 3417 1123 3473 genus,
1158 3410 1217 3458 ut
1248 3412 1501 3458 naturam
1526 3403 1752 3470 diaboli,

166 3492 606 3558 caaterorumque
647 3488 1096 3558 daemonum,non
1129 3492 1397 3563 propositi
1434 3491 1756 3549 voluntatis-

166 3591 278 3647 que
309 3578 537 3644 malitia,
564 3581 661 3636 sed
697 3589 925 3653 excepta
953 3597 1016 3637 ac
1058 3590 1309 3655 separata
1335 3590 1603 3639 creaturae
1632 3599 1753 3654 pro-

166 3669 390 3723 duxerit
421 3673 688 3742 qualitas;
718 3675 814 3745 qui
849 3674 1038 3746 utique
1078 3676 1133 3731 in
1166 3676 1381 3733 caeteris
1412 3691 1627 3731 omnem
1663 3692 1752 3731 ra-

166 3760 488 3819 tionabilem
512 3775 826 3828 creaturam
865 3769 1130 3826 docuerat
1160 3770 1317 3827 liberi
1340 3771 1555 3826 arbitrii
1588 3770 1753 3826 facul-

167 3860 286 3909 tate
314 3853 593 3916 donatam.
624 3859 765 3917 Sunt
800 3861 965 3918 etiam
997 3863 1104 3917 alia
1135 3863 1399 3920 nonnulla
1434 3864 1589 3919 libris
1626 3864 1749 3934 ejus

1862 2575 2069 2631 inserta
2112 2590 2233 2645 qua:
2270 2574 2647 2632 ecclesiastica
2681 2573 2887 2647 Regula
2918 2572 3144 2628 omnino
3168 2586 3279 2627 non
3309 2571 3445 2627 reci-

1862 2670 1963 2738 pit.
1989 2667 2154 2735 Quid,
2184 2682 2394 2739 quazso,
2427 2668 2495 2723 de
2526 2667 2613 2725 his
2642 2666 2989 2723 sentiendum
3012 2664 3127 2721 est?
3145 2664 3292 2735 quod
3322 2678 3448 2735 apo-

1862 2759 2093 2816 stolicus
2118 2759 2225 2825 vir,
2265 2760 2376 2814 imo
2399 2774 2539 2830 pene
2572 2759 2875 2830 apostolus,
2900 2773 3009 2813 non
3028 2772 3092 2813 ea
3112 2757 3305 2812 scribit
3325 2771 3447 2827 qua:

1862 2852 2100 2921 apostoli
2132 2851 2356 2919 dicunt;
2392 2853 2481 2908 cui
2514 2851 2721 2909 Paulus
2753 2852 3035 2923 apostolus
3070 2850 3445 2908 testimonium

1859 2941 2032 3007 dedit,
2062 2942 2255 2999 dicens
2296 2962 2310 2998 :
2349 2943 2487 3000 Cum
2542 2942 2805 3000 Clemente
2853 2952 2903 2997 et
2938 2940 3274 3012 adjutoribus
3316 2940 3447 2995 meis

1856 3032 2085 3101 caneris,
2118 3051 2343 3105 quorum
2367 3035 2583 3090 nomina
2601 3044 2724 3090 sunt
2750 3036 2804 3090 in
2822 3034 2961 3090 libro
2982 3035 3102 3089 vita:
3114 3033 3197 3100 “;
3229 3042 3284 3088 et
3315 3034 3428 3089 seri

1858 3124 1953 3179 bat
1975 3124 2081 3181 hoc
2106 3127 2255 3196 quod
2284 3127 2441 3183 libris
2472 3127 2599 3184 vitae
2622 3127 2963 3184 contrarium
2990 3126 3120 3183 est?
3155 3125 3237 3179 An
3263 3124 3319 3179 id
3349 3139 3449 3194 po-

1855 3214 1971 3271 tius
1999 3215 2332 3271 credendum
2355 3223 2461 3282 est,
2487 3216 2635 3287 quod
2656 3231 2824 3287 supra
2845 3214 3090 3270 diximus
3116 3229 3131 3279 ;
3158 3209 3307 3283 quod
3331 3225 3447 3280 per-

1856 3307 2003 3364 versi
2035 3307 2307 3375 homines,
2338 3308 2408 3365 ad
2437 3308 2799 3365 assertionem
2846 3309 3164 3380 dogmatum
3190 3318 3444 3368 suorum,

1860 3402 1963 3457 sub
1998 3400 2247 3455 virorum
2292 3409 2612 3457 sanctorum
2643 3400 2887 3466 nomine,
2920 3407 3183 3470 tanquam
3227 3394 3445 3450 facilius

1859 3489 2131 3549 credenda
2160 3492 2515 3548 inseruerunt
2540 3506 2606 3548 ea
2630 3507 2752 3562 qua:
2783 3490 2863 3545 illi
2898 3504 3001 3545 nec
3028 3488 3273 3545 sensisse
3292 3525 3308 3552 ,
3343 3500 3445 3539 nec.

1857 3582 2156 3653 scripsisse
2182 3583 2442 3641 credendi
2474 3594 2624 3642 sunt.
2651 3582 2786 3656 Lege
2806 3581 3221 3654 Hieronymum,
3247 3580 3445 3650 Apolo-

1856 3676 1957 3747 gia:
1992 3676 2245 3732 adversus
2282 3675 2533 3749 Ruﬁnum
2571 3677 2670 3733 lib.
2701 3692 2764 3741 ιι,
2808 3692 2932 3748 cap.
2960 3675 3035 3742 ις
3071 3684 3126 3729 et
3158 3672 3447 3741 Prwfatio-

1857 3784 1974 3823 nem
2008 3768 2193 3825 Ruﬁni
2226 3770 2294 3823 ad
2323 3770 2415 3825 hos
2445 3768 2879 3841 Recognitiomtm
2910 3768 3099 3823 libros.
3128 3765 3260 3837 Lege
3281 3766 3444 3820 etiam

1857 3862 2158 3934 Recognit.,
2188 3862 2281 3918 lib.
2318 3878 2401 3930 ιιι,
2424 3878 2546 3933 cap.
2572 3861 2626 3916 8.

398 4008 538 4079 lacn,
574 4014 631 4070 in
663 4017 1014 4088 peroratione
1045 4018 1428 4075 translationis
1461 4036 1575 4076 sua:
1610 4020 2071 4091 Explanationum
2103 4020 2360 4089 Origenis
2395 4020 2451 4075 in
2491 4019 2531 4074 E
2575 4021 2795 4077 istolam
2825 4020 2893 4076 ad
2924 4017 3224 4075 Romanos.

985 4087 1097 4148 (Ea:
1121 4091 1321 4147 novies.
1355 4089 1604 4148 Orioem's
1643 4089 1780 4148 0m).
1814 4094 1970 4148 edit.
2009 4102 2138 4148 tom.
2171 4091 2262 4148 IV.
2296 4092 2420 4148 me.
2460 4038 2616 4148 683.)

985 4087 1097 4157 (Ea:
1121 4091 1321 4147 novies.
1355 4089 1604 4163 Origent's
1643 4087 1780 4163 Opp.
1814 4094 1970 4157 edit,
2009 4102 2138 4148 tom.
2171 4087 2262 4161 IV,
2296 4092 2420 4164 pag.
2460 4087 2616 4161 689.)

193 4288 201 4294 -
245 4258 372 4317 Post
390 4259 495 4316 hoc
519 4276 654 4319 sane
680 4274 840 4320 vocat
872 4281 975 4323 nos
1003 4279 1165 4338 Opus,
1197 4268 1345 4339 quod
1366 4270 1495 4325 olim
1524 4269 1748 4342 quidem

162 4350 478 4421 iniunctum
505 4360 612 4421 est,
638 4355 733 4412 sed
754 4372 904 4412 nunc
933 4373 963 4411 a
985 4357 1145 4414 beato
1163 4359 1470 4416 Gaudentio
1487 4362 1749 4433 episeopo

162 4441 544 4501 vehementius
556 4456 883 4520 perurgetur
904 4464 919 4515 ;
939 4449 1256 4516 Clementis,
1270 4452 1500 4517 scilicet,
1516 4452 1749 4509 Romani

159 4535 433 4606 episcopi,
489 4539 864 4617 apostolorum
916 4540 1137 4597 comitis
1173 4556 1239 4597 ac
1280 4535 1647 4610 successoris,
1679 4545 1750 4603 de

163 4624 534 4698 Recognitione
553 4626 701 4699 libri,
742 4638 801 4687 ut
827 4633 884 4689 in
914 4631 1167 4690 Latinum
1198 4644 1504 4693 vertantur.
1548 4635 1607 4693 1n
1636 4654 1749 4709 quo

1849 4285 2017 4339 opere
2044 4269 2185 4326 bene
2212 4271 2362 4336 novi,
2395 4270 2542 4342 quod
2573 4268 2819 4355 laborem
2867 4269 3024 4329 labor
3071 4269 3439 4341 multiplicat,

1850 4362 1899 4418 si
1944 4370 2148 4418 sortem
2190 4362 2477 4433 suscipiat.
2513 4361 2864 4421 Satisfacian
2888 4362 3106 4427 sanein
3138 4376 3206 4418 eo
3239 4362 3435 4420 amicis

1850 4456 2020 4521 meis;
2064 4454 2207 4511 dabo
2226 4456 2387 4531 titulo
2418 4470 2619 4513 nomen
2650 4470 2855 4522 meum,
2886 4455 3135 4512 auctoris
3164 4454 3438 4510 nihilomi-

1851 4563 1957 4604 nus
1979 4550 2636 4625 vocabulopermanente.
2650 4549 2790 4609 Nam
2816 4548 3004 4608 Ruﬁni
3031 4549 3288 4607 Clemens
3302 4551 3435 4606 scri-

1850 4639 2030 4695 betur.

1744 4816 1855 4875 VII.

948 4969 1008 5027 S.
1044 4970 1316 5034 PAULINUS
1358 4973 1616 5033 Nonnus
1644 4978 1876 5050 epistola
1904 4981 1975 5036 ιϐ
2009 4980 2078 5037 ad
2103 4979 2388 5047 Ruﬁnum,
2413 4994 2565 5036 num.
2595 4979 2651 5035 2.

240 5121 383 5179 Sane
402 5124 553 5194 quod
574 5125 870 5183 admonere
890 5125 1137 5200 dignaris
1158 5129 1354 5189 affectu
1383 5133 1478 5189 illo
1504 5150 1615 5207 quo
1635 5152 1737 5194 nos
1769 5154 1814 5209 ι)
1842 5155 1952 5211 quo
2002 5141 2251 5212 ignorata
2295 5141 2651 5198 condiscam?
2693 5136 2875 5196 Credo
2913 5138 3059 5195 enim
3103 5138 3157 5193 in
3199 5146 3404 5194 transla
3425 5170 3440 5179 -
3502 5186 3505 5190 .

152 5213 305 5305 sicut
328 5221 385 5269 te
411 5215 615 5288 diligis,
641 5226 703 5272 ut
724 5219 970 5279 studium
997 5222 1053 5277 in
1071 5221 1291 5281 Graecas
1321 5225 1534 5285 litteras
1564 5236 1744 5286 atten-
1846 5230 1996 5287 tione
2016 5232 2192 5287 sancti
2218 5232 2539 5302 Clementis,
2572 5240 2771 5305 praeter
2800 5232 2939 5290 alias
2967 5230 3174 5303 ingenii
3204 5229 3310 5286 mei
3337 5230 3430 5285 dea

153 5303 274 5399 tius
320 5319 569 5399 sumam,
617 5309 852 5366 libenter
881 5313 1144 5385 accipio;
1200 5316 1297 5372 sed
1350 5317 1580 5390 implere
1630 5305 1743 5378 non
1846 5322 2126 5390 lectiones.
2157 5324 2300 5380 hanc
2330 5335 2383 5382 te
2407 5303 2756 5398 potissimum
2788 5324 3230 5399 imperitiam
3256 5337 3434 5393 penus
3476 5350 3481 5351 ί

153 5394 317 5492 valeo
350 5397 506 5492 z-nisi
549 5396 689 5455 forte
716 5400 990 5460 desideria
1019 5421 1142 5462 mea
1188 5408 1413 5479 adjuvat
1446 5411 1739 5481 Dominus,
1843 5418 1981 5473 riam
2010 5394 2427 5486 considerasse,
2476 5419 2623 5491 quod
2657 5420 2839 5492 aliqua
2965 5418 3166 5488 quibus
3214 5414 3421 5471 intellia

152 5493 221 5541 ut
248 5486 456 5585 diutius
495 5493 775 5585 consortio
820 5502 915 5551 tuo
946 5496 1217 5567 perfruar.
1251 5499 1385 5558 Nam
1419 5520 1529 5576 quo
1576 5507 1740 5563 modo
1842 5526 1971 5581 gere
1999 5511 2086 5567 vel
2114 5511 2426 5582 exprimere
2463 5486 2631 5569 verba
2662 5486 2773 5568 non
2815 5486 3001 5585 potui,
3030 5525 3199 5567 sensu
3243 5505 3426 5577 ροιὶυι

153 5578 467 5650 Protea"!!!
495 5582 690 5653 capere
723 5594 915 5657 potero
940 5592 1214 5650 sermonis
1243 5594 1435 5669 ignoti,
1460 5599 1508 5657 si
1535 5600 1679 5658 desit
1704 5616 1737 5658 a
1842 5578 2207 5676 apprehenso,
2228 5606 2311 5663 vel
2338 5606 2420 5678 (ut
2442 5606 2627 5664 verius
2649 5578 2852 5681 dicam)
2878 5607 3100 5679 opinata
3127 5599 3427 5661 transtule-

271 5738 317 5772 ⁸⁸
347 5737 582 5812 Philipp.
597 5740 693 5808 'Iv,
723 5744 776 5799 ὅ.

219 5921 298 5987 (4)
331 5918 612 5977 Scribitur.
647 5924 732 5979 Al.
764 5928 1035 5987 inseritur“.

436 6019 709 6083 l'naon.
750 6023 866 6087 (in.
902 6026 945 6086 Ι.
