4066 6334
704 408 841 468 "0'3

1510 413 1570 473 S.
1607 415 2001 473 CLEMENTIS
2033 416 2052 470 l
2087 415 2252 471 ROM.
2288 411 2490 470 PONT.
2527 412 2751 470 OPERA
2786 412 3009 470 DUBIA.

3817 415 3946 470 ΗΜ

703 523 827 578 nim.
869 520 989 589 Quo
1016 539 1190 596 magis
1232 541 1363 597 egeo
1393 527 1769 584 misericordia
1801 530 1938 597 Dei,
1975 537 2035 584 ut
2073 529 2280 599 plenio—
2307 537 2353 594 Α
2384 529 2618 584 famelici
2649 529 2831 583 cordis
2860 543 2954 582 ore
2993 526 3268 596 colligere.
3305 524 3450 579 Ilum
3490 526 3657 579 locum
3702 526 3948 582 Heriber-

707 631 818 668 rein
850 615 983 668 mihi
1016 617 1094 669 tui
1125 618 1338 673 rouiam
1382 618 1616 686 tribuat;
1642 622 1768 691 quia
1799 637 1897 691 pro
1928 621 2133 680 divitiis
2167 620 2271 674 erit

693 707 933 774 pauperi,
974 715 1032 761 ut
1061 723 1232 764 micas
1275 724 1306 762 a
1338 710 1523 766 divitis
1566 728 1755 767 mensa
1787 713 2069 776 cadentes,
2100 711 2260 766 avido

2386 633 2470 676 tus
2484 621 2799 692 Rosweydus
2823 621 2885 675 de
2907 618 3392 690 Recognitionibus
3411 619 3658 687 explicat.

2233 864 2363 922 VIII.

1283 1026 1491 1071 Auctor
1524 1017 1713 1090 Operis
1738 1015 2030 1084 imperfecti
2068 1018 2119 1070 in
2150 1016 2485 1085 Hatthwum,
2522 1018 2671 1073 hom.
2708 1016 2798 1080 27,
2841 1016 2909 1070 ad
2935 1014 3124 1070 Matth.
3160 1030 3214 1080 ι,
3245 1013 3336 1068 41.

1344 1131 1517 1202 (Inter
1547 1131 1676 1200 Opp.
1715 1136 1771 1186 S.
1800 1132 1957 1189 Joan.
1982 1134 2294 1206 Chrysost.,
2332 1144 2458 1189 tom.
2497 1130 2588 1199 Vl,
2623 1151 2746 1202 pag.
2785 1133 2888 1188 115
2919 1133 3048 1189 edit.
3083 1133 3221 1206 BB.)

757 1283 859 1339 Sed
891 1285 1016 1339 audi
1048 1287 1388 1353 mvsterium,
1421 1287 1563 1357 quod
1596 1286 1790 1343 Petrus
1831 1289 1974 1358 apud
2001 1290 2251 1345 Clemen-

679 1387 785 1432 tem
831 1378 1102 1447 exposuit.
1158 1379 1214 1431 Si
1264 1379 1439 1434 fidelis
1490 1379 1681 1434 fecerit
1728 1395 1866 1450 opus
1920 1381 2157 1447 bonum;
2195 1387 2250 1435 et

678 1467 799 1519 heic
842 1467 892 1519 ei
929 1467 1170 1536 prodest,
1225 1469 1465 1523 liberans
1506 1484 1630 1523 eum
1682 1483 1710 1521 a
1741 1469 1928 1536 malis;
1961 1476 2018 1524 et
2067 1470 2122 1523 in
2158 1469 2250 1522 illo

677 1559 897 1620 saeculo,
948 1558 1014 1610 ad
1045 1558 1451 1627 percipiendum
1501 1575 1728 1630 regnum
1777 1559 2036 1614 caeleste:
2075 1559 2251 1629 magis

676 1659 855 1703 autem
905 1649 1015 1712 ibi,
1065 1666 1228 1719 quam
1283 1651 1423 1706 heic.
1476 1649 1532 1704 Si
1568 1659 1748 1706 autem
1783 1652 2019 1707 infidelis
2061 1650 2251 1706 fecerit

674 1756 811 1810 Opus
855 1741 1088 1808 bonum;
1124 1742 1241 1797 beic
1283 1745 1332 1797 ei
1361 1743 1582 1812 prodest
1624 1760 1762 1815 opus
1796 1745 2010 1815 ipsius:
2037 1753 2091 1799 et
2127 1743 2248 1799 heic

672 1829 722 1883 ei
771 1831 946 1886 reddit
977 1832 1118 1888 Deus
1167 1835 1308 1890 bona
1355 1847 1454 1905 pro
1483 1845 1646 1906 opere
1677 1851 1797 1892 suo.
1847 1837 1908 1891 in
1937 1837 2027 1892 illo
2058 1843 2239 1890 autem
2273 1830 2314 1885 Β

2358 1291 2558 1345 saeculo
2606 1290 2742 1344 nihil
2794 1290 2844 1344 ei
2890 1290 3113 1361 prodest
3160 1305 3296 1359 opus
3351 1290 3526 1358 ipsius
3577 1309 3592 1345 :
3641 1305 3743 1345 nec
3789 1285 3940 1345 enim

2356 1384 2657 1437 collocatur
2675 1383 2814 1437 inter
2841 1391 3067 1438 caeteros
3099 1381 3284 1436 fideles
3315 1391 3534 1452 propter
3566 1398 3704 1452 opus
3739 1398 3936 1436 suum:

2357 1477 2618 1546 etjuste;
2660 1476 2786 1546 quia
2823 1475 3061 1529 naturali
3107 1474 3253 1527 bono
3296 1482 3496 1536 motus,
3542 1474 3670 1528 fecit
3706 1474 3938 1537 bonum,

2355 1583 2464 1621 non
2515 1575 2738 1637 propter
2780 1565 2948 1619 Deum
2979 1583 2991 1618 :
3022 1563 3143 1617 ideo
3190 1564 3245 1616 in
3293 1577 3494 1632 corpus
3540 1579 3700 1617 suum
3739 1561 3942 1632 recipit

2355 1659 2661 1715 mercedem
2692 1658 2876 1728 operis
2905 1657 3014 1723 sui,
3047 1670 3156 1710 non
3186 1655 3242 1708 in
3292 1655 3472 1708 anima
3501 1669 3620 1709 sua.
3659 1653 3936 1724 Recognit.

2355 1748 2450 1802 lib.
2478 1763 2575 1812 vn,
2607 1761 2727 1815 cap.
2755 1744 2847 1800 '58.

1947 1990 2023 2045 In.
2059 1989 2126 2043 ad
2159 1989 2394 2050 Matthxi
2430 2001 2579 2053 xxiv,
2612 1987 2695 2046 15.

743 2138 869 2195 Fuit
918 2143 1063 2197 enim
1111 2144 1385 2198 exercitus
1441 2132 1869 2214 alienigenarum
1913 2151 1968 2198 et
2011 2141 2243 2197 Romani

671 2234 1016 2302 imperatoris
1062 2246 1216 2290 stans
1266 2237 1414 2290 circa
1470 2234 1844 2301 Hierusalem,
1896 2252 2015 2305 quae
2067 2251 2239 2305 usque

666 2333 796 2378 tunc
825 2324 997 2380 fuerat
1029 2337 1236 2381 sancta.
1295 2327 1409 2382 Hoc
1441 2333 1495 2382 et
1515 2325 1709 2384 Petrus
1736 2328 1878 2398 apud
1903 2326 2235 2381 Clementem

2349 2142 2592 2213 exponit.
2624 2140 2765 2211 Lege
2796 2139 3061 2211 Recognit.
3095 2139 3188 2196 lib.
3222 2154 3261 2204 ι,
3293 2152 3414 2207 cap.
3439 2136 3528 2198 39,
3553 2135 3657 2202 45;
3687 2133 3938 2190 Clemen-

2348 2238 2480 2300 tina,
2514 2237 2662 2292 hom.
2696 2236 2750 2298 '5,
2784 2250 2934 2288 num.
2963 2229 3444 2292 i5;Lactantium,
3489 2226 3669 2280 Divin.
3727 2225 3910 2281 iustit.

2344 2327 2441 2381 lib.
2477 2343 2550 2392 ιν,
2587 2340 2707 2394 cap.
2735 2324 2824 2378 21.

1813 2483 1890 2538 io.
1917 2482 1984 2538 ad
2006 2482 2256 2547 ejusdem
2286 2481 2485 2554 capitis
2517 2495 2737 2537 versum
2771 2478 2853 2536 16.

735 2637 890 2694 Sicut
932 2648 1113 2694 autem
1158 2638 1349 2695 Petrus
1401 2638 1543 2709 apud
1595 2638 1931 2695 Clementem
1981 2638 2229 2709 exponit,

659 2729 998 2786 Antichristo
1024 2733 1185 2785 etiam
1220 2730 1502 2800 plenorum
1533 2730 1814 2801 signorum
1850 2727 2230 2783 faciendorum

2342 2645 2429 2694 est
2474 2637 2655 2692 danda
2701 2643 2964 2708 potestas.
2999 2635 3292 2708 Recognit.,
3319 2636 3415 2692 lib.
3446 2651 3529 2703 ιιι,
3565 2651 3686 2708 cap.
3720 2636 3814 2695 60.

2009 2882 2086 2940 In.
2127 2880 2196 2938 ad
2220 2894 2439 2937 versum
2466 2883 2553 2939 24.

728 3061 893 3132 Signa
944 3077 1155 3131 niagna.
1211 3059 1330 3114 Non
1383 3060 1596 3114 inutilia
1617 3098 1631 3122 ,
1687 3074 1864 3129 neque
1887 3073 2050 3122 vana,
2104 3073 2225 3128 quae
2253 3069 2293 3125 ς,
2328 3059 2470 3114 inter
2490 3058 2768 3113 ministros
2799 3057 3024 3122 Christi,
3057 3064 3112 3112 et
3132 3057 3415 3112 ministros
3436 3056 3668 3123 (ﬁaboli,
3711 3073 3779 3113 ex
3814 3058 3939 3114 hoc

653 3154 888 3208 ministri
933 3152 1132 3207 diaboli
1179 3151 1357 3207 facere
1400 3153 1610 3219 solent;
1661 3151 1756 3206 sed
1788 3166 1987 3220 magna
2008 3191 2023 3213 ,
2052 3150 2109 3204 id
2137 3159 2223 3207 est
2320 3151 2593 3221 judicare,
2625 3151 2718 3220 qui
2751 3151 2961 3204 inutilia
2993 3158 3047 3204 et
3081 3149 3173 3219 qui
3218 3149 3372 3203 utilia
3395 3148 3634 3204 facerent
3654 3150 3844 3215 signa.
3869 3151 3936 3205 In

616 3258 621 3262 ‘
653 3246 809 3301 utilia
836 3257 889 3300 et
912 3247 1091 3317 plena,
1124 3260 1242 3315 quae
1270 3245 1440 3299 sancti
1473 3244 1648 3299 facere
1679 3244 1948 3299 solebant.
1993 3242 2127 3297 Nam
2165 3243 2223 3299 in
2323 3244 2429 3300 ﬁne
2469 3253 2651 3300 autem
2675 3246 2934 3315 temporis
2967 3243 3314 3300 concedenda
3338 3250 3422 3298 est
3437 3244 3939 3312 potestasdiabolo

651 3347 895 3408 tempore
940 3338 1159 3408 quidem
1203 3337 1603 3408 apostolorum,
1637 3347 1689 3391 et
1718 3336 2088 3407 postmodum,
2119 3337 2226 3391 mi-
2325 3336 2494 3408 (sicut
2530 3337 2584 3388 in
2614 3334 2854 3390 Historia
2886 3334 3185 3390 Clementis
3213 3333 3412 3387 Petrus
3445 3334 3687 3403 exponit)
3725 3344 3791 3386 ut
3843 3335 3938 3388 fa-

651 3430 812 3484 nistri
857 3429 1075 3501 quidem
1117 3429 1342 3493 Christi,
1381 3429 1537 3483 utilia
1570 3437 1625 3484 et
1657 3430 1816 3500 plena
1847 3431 2002 3500 signa
2057 3429 2227 3486 facie-

655 3520 788 3575 bant
817 3535 882 3574 ex
913 3527 1064 3590 parte
1105 3519 1328 3586 dextra;
1374 3521 1555 3590 qualia
1601 3529 1759 3587 sunt,
1807 3537 1979 3576 caecos
2022 3521 2226 3576 illumi-

651 3627 802 3677 nare,
855 3619 908 3666 et
965 3611 1067 3665 alia
1117 3611 1430 3680 hujusmodi
1489 3612 1698 3678 facere;
1753 3613 1990 3668 ministri
2041 3620 2221 3668 autem

2332 3430 2478 3483 ciant
2527 3429 2680 3497 signa
2719 3427 2874 3481 utilia
2897 3467 2910 3490 ,
2950 3435 3006 3481 et
3035 3442 3101 3480 ex
3132 3441 3193 3480 ea
3220 3434 3373 3496 parte
3402 3440 3508 3494 qua
3540 3424 3694 3495 prius
3729 3423 3938 3480 facere

2327 3531 2727 3580 consueverant
2771 3523 2976 3587 sancti;
3012 3530 3071 3576 ut
3104 3521 3217 3591 jam
3251 3521 3532 3574 ministros
3560 3519 3771 3574 Christi
3809 3536 3936 3574 non

2328 3634 2423 3688 per
2472 3617 2575 3672 hoc
2623 3631 3042 3686 cognoscamus,
3092 3614 3220 3684 quia
3261 3615 3417 3667 utilia
3463 3613 3673 3666 faciunt
3722 3613 3929 3683 signa,

2327 3709 2422 3764 sed
2453 3709 2579 3780 quia
2609 3709 2793 3763 omnia
2834 3724 2944 3762 non
2977 3709 3090 3764 haec
3138 3708 3347 3762 faciunt
3393 3707 3569 3778 signa.
3628 3703 3931 3776 Recogm’t-

2325 3799 2423 3854 lib.
2458 3815 2543 3865 ιιι,
2577 3815 2700 3869 cap.
2733 3798 2823 3864 59,
2853 3798 2938 3855 60.

648 3701 873 3766 diaboli,
906 3702 1116 3756 inutilia
1148 3701 1419 3756 faciebant
1449 3710 1502 3756 et
1527 3717 1684 3767 vana,
1710 3718 1775 3756 ex
1797 3711 1951 3773 parte
1979 3704 2222 3770 sinistra;

647 3805 769 3863 quae
812 3794 1228 3849 admirationem
1278 3793 1496 3864 quidem
1540 3793 1852 3850 videntibus
1893 3794 2218 3860 excitarent,

647 3885 715 3938 ad
766 3886 1049 3941 utilitatem
1095 3897 1274 3942 autem
1324 3887 1530 3944 nullius
1581 3887 1929 3957 proﬁcerent.
1988 3886 2052 3940 Et
2103 3895 2221 3942 erat

2009 4041 2087 4097 in.
2121 4041 2191 4096 ad
2216 4056 2435 4099 versum
2465 4040 2550 4098 ﬂ.

2322 4209 2540 4270 cupata,
2613 4196 2786 4252 Malus
2851 4213 2960 4252 non
3000 4198 3208 4252 invenit
3260 4196 3444 4250 locum
3512 4193 3583 4248 ad
3642 4203 3923 4250 mentem.

2320 4291 2612 4363 Recognit.,
2645 4291 2740 4347 lib.
2773 4305 2859 4355 ιιι,
2893 4306 3014 4360 cap.
3043 4291 3134 4345 51.

718 4196 872 4255 Unde
907 4207 961 4253 et
990 4199 1264 4270 sapienter
1292 4198 1487 4255 Petrus
1525 4200 1657 4255 dicit
1685 4198 1826 4269 apud
1856 4198 2214 4266 Clementem,

643 4289 917 4360 quomodo
945 4290 1104 4346 debet
1132 4292 1256 4361 quis
1303 4292 1645 4353 incessanter
1676 4305 1797 4362 quae
1826 4288 1920 4346 Dei
1947 4299 2073 4346 sunt
2120 4305 2215 4345 co-

643 4387 814 4453 gitare
854 4392 906 4437 et
935 4383 1114 4453 loqui;
1155 4382 1413 4454 quoniam
1447 4382 1492 4438 si
1529 4396 1683 4439 mens
1721 4382 1886 4438 fuerit
1913 4383 1969 4437 in
2002 4382 2088 4437 his
2117 4396 2211 4436 oc-

2213 4534 2302 4589 IX.

1547 4696 1875 4760 GENNADIUS,
1912 4697 2052 4752 libro
2086 4696 2157 4751 De
2182 4697 2308 4752 uiris
2336 4695 2655 4759 illustribus,
2685 4707 2804 4764 cap.
2840 4693 2927 4749 l7.

709 4850 978 4915 Rufinus,
1031 4849 1399 4918 Aquileiensis
1449 4852 1697 4906 ecclesiae
1754 4854 2056 4925 presbyter,
2102 4868 2212 4908 non
2244 4855 2288 4910 D
2319 4851 2516 4907 tissuni
2567 4849 2827 4914 hominis,
2876 4846 3168 4902 Clementis
3197 4843 3425 4898 Romani
3463 4841 3926 4914 Recognitionum

636 4945 859 4996 minima
886 4959 1011 5013 pars
1043 4942 1143 4996 fuit
1170 4943 1453 4998 doctorum
1475 4926 1775 5011 'Ecclesiaa;
1810 4953 1865 4999 et
1890 4947 1944 5000 in
1973 4945 2209 5000 transfe-
2314 4944 2507 5007 libros,
2541 4950 2647 4998 etc.
2701 4940 2908 4994 Horum
2942 4941 3184 4994 omnium
3213 4952 3554 5008 quaecunque
3595 4940 3928 5006 praemissis

636 5035 808 5088 rcndo
853 5035 920 5089 de
965 5033 1155 5088 Graeco
1209 5034 1264 5088 in
1312 5034 1597 5099 Latinum,
1651 5037 1871 5106 elegans
1927 5036 2205 5106 ingenium
2311 5035 2560 5107 Prologis
2605 5035 2872 5090 aLatinis
2921 5035 3195 5104 leguntur,
3229 5047 3257 5084 a
3285 5030 3484 5085 Ruﬁno
3531 5033 3926 5101 interpretata

633 5127 842 5180 habuit.
881 5126 1119 5195 Denique
1140 5127 1373 5180 maxima
1403 5135 1556 5197 parte
1571 5127 1882 5181 Graecorum
1915 5126 2204 5181 bibliothe-
2311 5136 2469 5186 sunt:
2511 5141 2622 5198 qua.
2643 5137 2770 5181 sunt
2801 5125 2918 5180 sine
2944 5122 3194 5194 Prologo,
3228 5121 3295 5174 ab
3327 5121 3434 5175 alio
3475 5123 3752 5175 translata
3773 5135 3930 5178 sunt

634 5233 752 5269 cum
786 5215 993 5271 Latinis
1024 5217 1265 5272 exhibuit
1298 5234 1310 5267 :
1345 5216 1552 5279 Basilii.
1587 5219 1815 5281 scilicet,
1850 5216 2204 5273 Caesariensis
2307 5218 2402 5290 qui
2437 5217 2727 5286 Prologum
2773 5214 2952 5271 facere
3001 5213 3206 5278 noluit,
3233 5219 3338 5267 etc.
3391 5210 3535 5283 Lege
3588 5212 3926 5269 Honorium

632 5307 988 5378 Cappadociae
1016 5310 1280 5379 episcopi,
1314 5309 1559 5380 Gregorii
1589 5308 1913 5364 Nazianzeni
1945 5309 2205 5381 eloquen-
2309 5309 2687 5380 Augustodun.

2208 5459 2274 5516 Χ.

1725 5619 2015 5674 Concilium
2050 5619 2362 5685 Romanum,
2393 5622 2495 5677 sub
2534 5618 2769 5678 Gelasio.

712 5748 1050 5803 itinerarium
1105 5755 1319 5805 nomine
1359 5751 1499 5806 Petri
1546 5755 1801 5820 apostoli,
1836 5756 1976 5824 quod
2009 5758 2308 5825 appellatur
2353 5758 2528 5814 sancti
2580 5757 2876 5813 Clementis
2924 5759 3045 5815 libri
3081 5759 3265 5815 decem
3317 5757 3427 5827 ζῦ).
3486 5759 3922 5829 aputu-phum.

715 5905 784 5972 (ε)
824 5902 1023 5955 Decem.
1071 5906 1149 5956 Al.
1187 5917 1317 5968 octo,
1351 5910 1432 5960 vel
1463 5923 1655 5959 norem.
1696 5909 1848 5961 Male.
