  <div class='ocr_page' id='page_1' title='image "/cluster/home/n/w/nwhite01/storage/ocr_20150623/1/pst.000005711796/590.png"; bbox 0 0 4050 6336; ppageno 0'>
   <div class='ocr_carea' id='block_1_1' title="bbox 199 480 336 538">
    <p class='ocr_par' dir='ltr' id='par_1_1' title="bbox 199 480 336 538">
     <span class='ocr_line' id='line_1_1' title="bbox 199 480 336 538; baseline 0.015 -2"><span class='ocrx_word' id='word_1_1' title='bbox 199 480 336 538; x_wconf 72' lang='lat' dir='ltr'><strong>H65</strong></span> 
     </span>
    </p>
   </div>
   <div class='ocr_carea' id='block_1_2' title="bbox 1262 482 2303 544">
    <p class='ocr_par' dir='ltr' id='par_1_2' title="bbox 1262 482 2303 544">
     <span class='ocr_line' id='line_1_2' title="bbox 1262 482 2303 544; baseline 0.001 -2"><span class='ocrx_word' id='word_1_2' title='bbox 1262 482 1910 544; x_wconf 73' lang='lat' dir='ltr'><strong>BECOGNITIONES.-—</strong></span> <span class='ocrx_word' id='word_1_3' title='bbox 1945 485 2303 544; x_wconf 67' lang='grc' dir='ltr'><strong>ΡΒΟαῖΜΙᾹ.</strong></span> 
     </span>
    </p>
   </div>
   <div class='ocr_carea' id='block_1_3' title="bbox 1761 637 1850 693">
    <p class='ocr_par' dir='ltr' id='par_1_3' title="bbox 1761 637 1850 693">
     <span class='ocr_line' id='line_1_3' title="bbox 1761 637 1850 693; baseline 0.011 -1"><span class='ocrx_word' id='word_1_4' title='bbox 1761 637 1850 693; x_wconf 77' lang='lat' dir='ltr'><strong>XI.</strong></span> 
     </span>
    </p>
   </div>
   <div class='ocr_carea' id='block_1_4' title="bbox 3314 488 3444 544">
    <p class='ocr_par' dir='ltr' id='par_1_4' title="bbox 3314 488 3444 544">
     <span class='ocr_line' id='line_1_4' title="bbox 3314 488 3444 544; baseline -0.015 0"><span class='ocrx_word' id='word_1_5' title='bbox 3314 488 3444 544; x_wconf 65' lang='grc'><strong>1186</strong></span> 
     </span>
    </p>
   </div>
   <div class='ocr_carea' id='block_1_5' title="bbox 871 744 2752 824">
    <p class='ocr_par' dir='ltr' id='par_1_5' title="bbox 871 744 2752 824">
     <span class='ocr_line' id='line_1_5' title="bbox 871 744 2752 824; baseline 0.001 -18"><span class='ocrx_word' id='word_1_6' title='bbox 871 750 1206 808; x_wconf 88' lang='lat' dir='ltr'><strong>Chronicum</strong></span> <span class='ocrx_word' id='word_1_7' title='bbox 1232 754 1438 810; x_wconf 88' lang='lat' dir='ltr'><strong>dictum</strong></span> <span class='ocrx_word' id='word_1_8' title='bbox 1470 744 1923 819; x_wconf 76' lang='lat' dir='ltr'><strong>Alexandrinum,</strong></span> <span class='ocrx_word' id='word_1_9' title='bbox 1958 753 2217 810; x_wconf 77' lang='lat' dir='ltr'><strong>editionis</strong></span> <span class='ocrx_word' id='word_1_10' title='bbox 2251 752 2473 819; x_wconf 83' lang='lat' dir='ltr'><strong>Raderi,</strong></span> <span class='ocrx_word' id='word_1_11' title='bbox 2508 769 2633 824; x_wconf 77' lang='lat' dir='ltr'><strong>patr.</strong></span> <span class='ocrx_word' id='word_1_12' title='bbox 2670 755 2752 810; x_wconf 84' lang='lat'><strong>50.</strong></span> 
     </span>
    </p>
   </div>
   <div class='ocr_carea' id='block_1_6' title="bbox 258 886 1752 968">
    <p class='ocr_par' dir='ltr' id='par_1_6' title="bbox 258 886 1752 968">
     <span class='ocr_line' id='line_1_6' title="bbox 258 886 1752 968; baseline 0.005 -26"><span class='ocrx_word' id='word_1_13' title='bbox 258 886 417 942; x_wconf 83' lang='grc' dir='ltr'>Ὅθεν</span> <span class='ocrx_word' id='word_1_14' title='bbox 458 888 552 942; x_wconf 75' lang='grc' dir='ltr'><strong>καὶ</strong></span> <span class='ocrx_word' id='word_1_15' title='bbox 593 888 798 962; x_wconf 77' lang='grc' dir='ltr'>Πέτρος</span> <span class='ocrx_word' id='word_1_16' title='bbox 855 891 884 944; x_wconf 81' lang='grc' dir='ltr'>ὁ</span> <span class='ocrx_word' id='word_1_17' title='bbox 920 891 1214 956; x_wconf 76' lang='grc' dir='ltr'><strong>ἀπόστολος</strong></span> <span class='ocrx_word' id='word_1_18' title='bbox 1273 895 1564 966; x_wconf 81' lang='grc' dir='ltr'><strong>ἀφηγείται</strong></span> <span class='ocrx_word' id='word_1_19' title='bbox 1615 897 1752 968; x_wconf 81' lang='grc' dir='ltr'><strong>Κλη-</strong></span> 
     </span>
    </p>
   </div>
   <div class='ocr_carea' id='block_1_7' title="bbox 1856 886 3445 968">
    <p class='ocr_par' dir='ltr' id='par_1_7' title="bbox 1935 889 3445 962">
     <span class='ocr_line' id='line_1_7' title="bbox 1935 889 3445 962; baseline 0.002 -17"><span class='ocrx_word' id='word_1_20' title='bbox 1935 889 2089 945; x_wconf 88' lang='lat' dir='ltr'><strong>Unde</strong></span> <span class='ocrx_word' id='word_1_21' title='bbox 2132 899 2186 945; x_wconf 91' lang='lat' dir='ltr'><strong>et</strong></span> <span class='ocrx_word' id='word_1_22' title='bbox 2209 889 2404 946; x_wconf 88' lang='lat' dir='ltr'><strong>Petrus</strong></span> <span class='ocrx_word' id='word_1_23' title='bbox 2433 890 2718 961; x_wconf 75' lang='lat' dir='ltr'><strong>apostolus</strong></span> <span class='ocrx_word' id='word_1_24' title='bbox 2760 889 2984 962; x_wconf 80' lang='lat' dir='ltr'><strong>exponit</strong></span> <span class='ocrx_word' id='word_1_25' title='bbox 3007 890 3312 960; x_wconf 88' lang='lat' dir='ltr'><strong>Clementi,</strong></span> <span class='ocrx_word' id='word_1_26' title='bbox 3357 890 3445 948; x_wconf 79' lang='lat' dir='ltr'><strong>di-</strong></span> 
     </span>
    </p>
   </div>
   <div class='ocr_carea' id='block_1_8' title="bbox 187 980 1762 1059">
    <p class='ocr_par' dir='ltr' id='par_1_8' title="bbox 187 980 1762 1059">
     <span class='ocr_line' id='line_1_8' title="bbox 187 980 1762 1059; baseline 0.008 -28"><span class='ocrx_word' id='word_1_27' title='bbox 187 980 295 1051; x_wconf 78' lang='grc' dir='ltr'><strong>μίῳ</strong></span> <span class='ocrx_word' id='word_1_28' title='bbox 328 980 426 1051; x_wconf 89' lang='grc'><strong>(6),</strong></span> <span class='ocrx_word' id='word_1_29' title='bbox 462 980 662 1049; x_wconf 83' lang='grc' dir='ltr'><strong>λέγων·</strong></span> <span class='ocrx_word' id='word_1_30' title='bbox 699 983 796 1036; x_wconf 86' lang='grc' dir='ltr'>Ἐν</span> <span class='ocrx_word' id='word_1_31' title='bbox 823 1000 929 1037; x_wconf 87' lang='grc' dir='ltr'>τινι</span> <span class='ocrx_word' id='word_1_32' title='bbox 954 984 1030 1055; x_wconf 81' lang='grc'><strong>(7)</strong></span> <span class='ocrx_word' id='word_1_33' title='bbox 1053 986 1244 1057; x_wconf 86' lang='grc' dir='ltr'>δικαίῳ</span> <span class='ocrx_word' id='word_1_34' title='bbox 1283 988 1419 1059; x_wconf 84' lang='grc' dir='ltr'><strong>μετά</strong></span> <span class='ocrx_word' id='word_1_35' title='bbox 1449 987 1557 1040; x_wconf 90' lang='grc' dir='ltr'><strong>τῶν</strong></span> <span class='ocrx_word' id='word_1_36' title='bbox 1581 987 1640 1055; x_wconf 75' lang='grc' dir='ltr'><strong>εξ</strong></span> <span class='ocrx_word' id='word_1_37' title='bbox 1667 990 1762 1043; x_wconf 82' lang='grc' dir='ltr'><strong>αὐ·-</strong></span> 
     </span>
    </p>
   </div>
   <div class='ocr_carea' id='block_1_9' title="bbox 179 1071 1762 1152">
    <p class='ocr_par' dir='ltr' id='par_1_9' title="bbox 179 1071 1762 1152">
     <span class='ocr_line' id='line_1_9' title="bbox 179 1071 1762 1152; baseline 0.006 -28"><span class='ocrx_word' id='word_1_38' title='bbox 179 1071 300 1136; x_wconf 79' lang='grc' dir='ltr'>τοῦ,</span> <span class='ocrx_word' id='word_1_39' title='bbox 328 1072 474 1136; x_wconf 84' lang='grc' dir='ltr'>Νῶε,</span> <span class='ocrx_word' id='word_1_40' title='bbox 525 1072 621 1126; x_wconf 73' lang='grc' dir='ltr'><strong>σὺν</strong></span> <span class='ocrx_word' id='word_1_41' title='bbox 661 1076 775 1138; x_wconf 83' lang='grc' dir='ltr'>τοῖς</span> <span class='ocrx_word' id='word_1_42' title='bbox 817 1075 877 1140; x_wconf 76' lang='grc' dir='ltr'><strong>ἐξ</strong></span> <span class='ocrx_word' id='word_1_43' title='bbox 893 1075 1056 1130; x_wconf 80' lang='grc' dir='ltr'>αὑτοῦ</span> <span class='ocrx_word' id='word_1_44' title='bbox 1091 1077 1156 1150; x_wconf 71' lang='grc' dir='ltr'><strong>[Γ.</strong></span> <span class='ocrx_word' id='word_1_45' title='bbox 1200 1079 1294 1132; x_wconf 75' lang='grc' dir='ltr'><strong>καὶ</strong></span> <span class='ocrx_word' id='word_1_46' title='bbox 1313 1081 1435 1143; x_wconf 84' lang='grc' dir='ltr'>ταῖς</span> <span class='ocrx_word' id='word_1_47' title='bbox 1466 1076 1670 1152; x_wconf 81' lang='grc' dir='ltr'>αὐτῶν]</span> <span class='ocrx_word' id='word_1_48' title='bbox 1702 1081 1762 1133; x_wconf 79' lang='grc' dir='ltr'>ὲν</span> 
     </span>
    </p>
   </div>
   <div class='ocr_carea' id='block_1_10' title="bbox 182 1160 1760 1240">
    <p class='ocr_par' dir='ltr' id='par_1_10' title="bbox 182 1160 1760 1240">
     <span class='ocr_line' id='line_1_10' title="bbox 182 1160 1760 1240; baseline 0.007 -25"><span class='ocrx_word' id='word_1_49' title='bbox 182 1160 410 1236; x_wconf 80' lang='grc' dir='ltr'><strong>λάρνακι</strong></span> <span class='ocrx_word' id='word_1_50' title='bbox 442 1163 798 1231; x_wconf 74' lang='grc' dir='ltr'><strong>διασώζεσθαι</strong></span> <span class='ocrx_word' id='word_1_51' title='bbox 825 1170 1250 1240; x_wconf 84' lang='grc' dir='ltr'>προανήγγειλεν</span> <span class='ocrx_word' id='word_1_52' title='bbox 1273 1186 1285 1202; x_wconf 89' lang='grc'><strong>·</strong></span> <span class='ocrx_word' id='word_1_53' title='bbox 1310 1173 1395 1226; x_wconf 80' lang='grc' dir='ltr'>ἵνα</span> <span class='ocrx_word' id='word_1_54' title='bbox 1417 1171 1633 1226; x_wconf 82' lang='grc' dir='ltr'>πάντων</span> <span class='ocrx_word' id='word_1_55' title='bbox 1651 1173 1760 1226; x_wconf 92' lang='grc' dir='ltr'><strong>τῶν</strong></span> 
     </span>
    </p>
   </div>
   <div class='ocr_carea' id='block_1_11' title="bbox 178 1254 1760 1338">
    <p class='ocr_par' dir='ltr' id='par_1_11' title="bbox 178 1254 1760 1338">
     <span class='ocr_line' id='line_1_11' title="bbox 178 1254 1760 1338; baseline 0.009 -32"><span class='ocrx_word' id='word_1_56' title='bbox 178 1254 423 1327; x_wconf 79' lang='grc' dir='ltr'><strong>ἀκαίρων</strong></span> <span class='ocrx_word' id='word_1_57' title='bbox 477 1255 920 1328; x_wconf 81' lang='grc' dir='ltr'>ὀλοθρευθέντων,</span> <span class='ocrx_word' id='word_1_58' title='bbox 977 1264 1005 1315; x_wconf 84' lang='grc' dir='ltr'>ὁ</span> <span class='ocrx_word' id='word_1_59' title='bbox 1039 1262 1241 1334; x_wconf 79' lang='grc' dir='ltr'>κόσμος</span> <span class='ocrx_word' id='word_1_60' title='bbox 1295 1265 1598 1338; x_wconf 77' lang='grc' dir='ltr'>καθαρισθῇ</span> <span class='ocrx_word' id='word_1_61' title='bbox 1623 1305 1639 1329; x_wconf 94' lang='grc'><strong>,</strong></span> <span class='ocrx_word' id='word_1_62' title='bbox 1702 1269 1760 1321; x_wconf 84' lang='grc' dir='ltr'>ὲν</span> 
     </span>
    </p>
   </div>
   <div class='ocr_carea' id='block_1_12' title="bbox 179 1344 1761 1430">
    <p class='ocr_par' dir='ltr' id='par_1_12' title="bbox 179 1344 1761 1430">
     <span class='ocr_line' id='line_1_12' title="bbox 179 1344 1761 1430; baseline 0.008 -32"><span class='ocrx_word' id='word_1_63' title='bbox 179 1347 318 1417; x_wconf 77' lang='grc' dir='ltr'>αὐτῇ</span> <span class='ocrx_word' id='word_1_64' title='bbox 354 1344 430 1417; x_wconf 89' lang='grc'><strong>(8)</strong></span> <span class='ocrx_word' id='word_1_65' title='bbox 469 1350 535 1418; x_wconf 78' lang='grc' dir='ltr'><strong>τῇ</strong></span> <span class='ocrx_word' id='word_1_66' title='bbox 569 1347 799 1421; x_wconf 81' lang='grc' dir='ltr'><strong>λάρνακι</strong></span> <span class='ocrx_word' id='word_1_67' title='bbox 828 1350 1114 1418; x_wconf 76' lang='grc' dir='ltr'>διασωθεὶς</span> <span class='ocrx_word' id='word_1_68' title='bbox 1139 1358 1219 1420; x_wconf 86' lang='grc' dir='ltr'><strong>είς</strong></span> <span class='ocrx_word' id='word_1_69' title='bbox 1250 1355 1509 1428; x_wconf 84' lang='grc' dir='ltr'><strong>δευτέραν</strong></span> <span class='ocrx_word' id='word_1_70' title='bbox 1539 1374 1761 1430; x_wconf 83' lang='grc' dir='ltr'>περιου-</span> 
     </span>
    </p>
   </div>
   <div class='ocr_carea' id='block_1_13' title="bbox 182 1436 1756 1519">
    <p class='ocr_par' dir='ltr' id='par_1_13' title="bbox 182 1436 1756 1519">
     <span class='ocr_line' id='line_1_13' title="bbox 182 1436 1756 1519; baseline 0.011 -31"><span class='ocrx_word' id='word_1_71' title='bbox 182 1436 333 1502; x_wconf 79' lang='grc' dir='ltr'>σίαν,</span> <span class='ocrx_word' id='word_1_72' title='bbox 365 1439 622 1512; x_wconf 79' lang='grc' dir='ltr'><strong>καθαρῶς</strong></span> <span class='ocrx_word' id='word_1_73' title='bbox 657 1440 736 1512; x_wconf 89' lang='grc'><strong>(9)</strong></span> <span class='ocrx_word' id='word_1_74' title='bbox 776 1442 973 1516; x_wconf 74' lang='grc' dir='ltr'><strong>ἀποϐῇ.</strong></span> <span class='ocrx_word' id='word_1_75' title='bbox 1011 1446 1199 1517; x_wconf 84' lang='grc' dir='ltr'><strong>Ὅμως</strong></span> <span class='ocrx_word' id='word_1_76' title='bbox 1226 1447 1325 1501; x_wconf 80' lang='grc' dir='ltr'><strong>καὶ</strong></span> <span class='ocrx_word' id='word_1_77' title='bbox 1369 1448 1574 1505; x_wconf 87' lang='grc' dir='ltr'>τούτων</span> <span class='ocrx_word' id='word_1_78' title='bbox 1604 1465 1756 1519; x_wconf 86' lang='grc' dir='ltr'>γενο-</span> 
     </span>
    </p>
   </div>
   <div class='ocr_carea' id='block_1_14' title="bbox 183 1527 1451 1612">
    <p class='ocr_par' dir='ltr' id='par_1_14' title="bbox 183 1527 1451 1612">
     <span class='ocr_line' id='line_1_14' title="bbox 183 1527 1451 1612; baseline 0.012 -31"><span class='ocrx_word' id='word_1_79' title='bbox 183 1527 382 1598; x_wconf 54' lang='lat' dir='ltr'><strong>nam,</strong></span> <span class='ocrx_word' id='word_1_80' title='bbox 409 1531 458 1583; x_wconf 79' lang='lat' dir='ltr'><strong>oi</strong></span> <span class='ocrx_word' id='word_1_81' title='bbox 493 1530 770 1603; x_wconf 79' lang='grc' dir='ltr'><strong>ἄνθρωποι</strong></span> <span class='ocrx_word' id='word_1_82' title='bbox 793 1534 905 1610; x_wconf 80' lang='grc'><strong>(10)</strong></span> <span class='ocrx_word' id='word_1_83' title='bbox 937 1537 1171 1609; x_wconf 69' lang='grc' dir='ltr'>ἤρξαντο</span> <span class='ocrx_word' id='word_1_84' title='bbox 1197 1540 1451 1612; x_wconf 33' lang='grc' dir='ltr'>ἀσεϐεῖν..</span> 
     </span>
    </p>
   </div>
   <div class='ocr_carea' id='block_1_15' title="bbox 1861 979 3447 1055">
    <p class='ocr_par' dir='ltr' id='par_1_15' title="bbox 1861 979 3447 1055">
     <span class='ocr_line' id='line_1_15' title="bbox 1861 979 3447 1055; baseline 0.002 -17"><span class='ocrx_word' id='word_1_85' title='bbox 1861 997 1992 1038; x_wconf 89' lang='lat' dir='ltr'><strong>cens</strong></span> <span class='ocrx_word' id='word_1_86' title='bbox 2019 997 2032 1033; x_wconf 91' lang='lat'><strong>:</strong></span> <span class='ocrx_word' id='word_1_87' title='bbox 2056 979 2163 1036; x_wconf 89' lang='lat' dir='ltr'><strong>Uni</strong></span> <span class='ocrx_word' id='word_1_88' title='bbox 2193 982 2314 1036; x_wconf 87' lang='lat' dir='ltr'><strong>viro</strong></span> <span class='ocrx_word' id='word_1_89' title='bbox 2343 983 2496 1052; x_wconf 87' lang='lat' dir='ltr'><strong>justo</strong></span> <span class='ocrx_word' id='word_1_90' title='bbox 2523 979 2657 1046; x_wconf 86' lang='lat' dir='ltr'><strong>Noe,</strong></span> <span class='ocrx_word' id='word_1_91' title='bbox 2693 997 2818 1036; x_wconf 90' lang='lat' dir='ltr'><strong>cum</strong></span> <span class='ocrx_word' id='word_1_92' title='bbox 2850 981 2977 1038; x_wconf 85' lang='lat' dir='ltr'><strong>liliis</strong></span> <span class='ocrx_word' id='word_1_93' title='bbox 3016 983 3134 1038; x_wconf 93' lang='lat' dir='ltr'><strong>suis</strong></span> <span class='ocrx_word' id='word_1_94' title='bbox 3184 987 3447 1055; x_wconf 76' lang='lat' dir='ltr'><strong>(cumquo</strong></span> 
     </span>
    </p>
   </div>
   <div class='ocr_carea' id='block_1_16' title="bbox 1861 1070 3446 1145">
    <p class='ocr_par' dir='ltr' id='par_1_16' title="bbox 1861 1070 3446 1145">
     <span class='ocr_line' id='line_1_16' title="bbox 1861 1070 3446 1145; baseline 0.003 -20"><span class='ocrx_word' id='word_1_95' title='bbox 1861 1070 2079 1127; x_wconf 86' lang='lat' dir='ltr'><strong>illorum</strong></span> <span class='ocrx_word' id='word_1_96' title='bbox 2109 1071 2416 1132; x_wconf 59' lang='lat' dir='ltr'><strong>uxoribusi.</strong></span> <span class='ocrx_word' id='word_1_97' title='bbox 2451 1080 2510 1126; x_wconf 95' lang='lat' dir='ltr'><strong>ut</strong></span> <span class='ocrx_word' id='word_1_98' title='bbox 2551 1072 2608 1126; x_wconf 92' lang='lat' dir='ltr'><strong>in</strong></span> <span class='ocrx_word' id='word_1_99' title='bbox 2641 1083 2768 1126; x_wconf 85' lang='lat' dir='ltr'><strong>arca</strong></span> <span class='ocrx_word' id='word_1_100' title='bbox 2801 1081 3160 1128; x_wconf 86' lang='lat' dir='ltr'><strong>servarentur</strong></span> <span class='ocrx_word' id='word_1_101' title='bbox 3187 1087 3446 1145; x_wconf 66' lang='lat' dir='ltr'><strong>praenun-</strong></span> 
     </span>
    </p>
   </div>
   <div class='ocr_carea' id='block_1_17' title="bbox 1861 1164 3445 1236">
    <p class='ocr_par' dir='ltr' id='par_1_17' title="bbox 1861 1164 3445 1236">
     <span class='ocr_line' id='line_1_17' title="bbox 1861 1164 3445 1236; baseline 0.002 -17"><span class='ocrx_word' id='word_1_102' title='bbox 1861 1164 2060 1219; x_wconf 85' lang='lat' dir='ltr'><strong>tiavit:</strong></span> <span class='ocrx_word' id='word_1_103' title='bbox 2091 1178 2223 1236; x_wconf 88' lang='lat' dir='ltr'><strong>quo,</strong></span> <span class='ocrx_word' id='word_1_104' title='bbox 2269 1169 2485 1221; x_wconf 84' lang='lat' dir='ltr'><strong>cunctis</strong></span> <span class='ocrx_word' id='word_1_105' title='bbox 2529 1169 2713 1234; x_wconf 81' lang='lat' dir='ltr'><strong>pravis</strong></span> <span class='ocrx_word' id='word_1_106' title='bbox 2739 1165 3178 1236; x_wconf 89' lang='lat' dir='ltr'><strong>importunisque</strong></span> <span class='ocrx_word' id='word_1_107' title='bbox 3208 1165 3445 1222; x_wconf 81' lang='lat' dir='ltr'><strong>homini-</strong></span> 
     </span>
    </p>
   </div>
   <div class='ocr_carea' id='block_1_18' title="bbox 1862 1256 3443 1329">
    <p class='ocr_par' dir='ltr' id='par_1_18' title="bbox 1862 1256 3443 1329">
     <span class='ocr_line' id='line_1_18' title="bbox 1862 1256 3443 1329; baseline -0.001 -17"><span class='ocrx_word' id='word_1_108' title='bbox 1862 1257 1966 1313; x_wconf 86' lang='lat' dir='ltr'><strong>bus</strong></span> <span class='ocrx_word' id='word_1_109' title='bbox 2010 1256 2328 1328; x_wconf 73' lang='lat' dir='ltr'><strong>peremptis,</strong></span> <span class='ocrx_word' id='word_1_110' title='bbox 2369 1257 2804 1328; x_wconf 85' lang='lat' dir='ltr'><strong>purilicationem</strong></span> <span class='ocrx_word' id='word_1_111' title='bbox 2856 1257 3095 1313; x_wconf 86' lang='lat' dir='ltr'><strong>mundus</strong></span> <span class='ocrx_word' id='word_1_112' title='bbox 3142 1258 3443 1329; x_wconf 84' lang='lat' dir='ltr'><strong>acciperet;</strong></span> 
     </span>
    </p>
   </div>
   <div class='ocr_carea' id='block_1_19' title="bbox 1860 1334 3446 1421">
    <p class='ocr_par' dir='ltr' id='par_1_19' title="bbox 1860 1334 3446 1421">
     <span class='ocr_line' id='line_1_19' title="bbox 1860 1334 3446 1421; baseline 0.001 -18"><span class='ocrx_word' id='word_1_113' title='bbox 1860 1355 1914 1403; x_wconf 92' lang='lat' dir='ltr'><strong>et</strong></span> <span class='ocrx_word' id='word_1_114' title='bbox 1950 1347 1997 1403; x_wconf 88' lang='lat' dir='ltr'><strong>is</strong></span> <span class='ocrx_word' id='word_1_115' title='bbox 2046 1345 2140 1418; x_wconf 86' lang='lat' dir='ltr'><strong>qui</strong></span> <span class='ocrx_word' id='word_1_116' title='bbox 2187 1347 2255 1401; x_wconf 90' lang='lat' dir='ltr'><strong>ad</strong></span> <span class='ocrx_word' id='word_1_117' title='bbox 2290 1347 2586 1403; x_wconf 88' lang='lat' dir='ltr'><strong>secundam</strong></span> <span class='ocrx_word' id='word_1_118' title='bbox 2618 1344 2844 1402; x_wconf 84' lang='lat' dir='ltr'><strong>humani</strong></span> <span class='ocrx_word' id='word_1_119' title='bbox 2874 1351 3089 1421; x_wconf 76' lang='lat' dir='ltr'><strong>generis</strong></span> <span class='ocrx_word' id='word_1_120' title='bbox 3115 1334 3285 1406; x_wconf 85' lang='lat' dir='ltr'><strong>vitam</strong></span> <span class='ocrx_word' id='word_1_121' title='bbox 3327 1349 3446 1404; x_wconf 59' lang='lat' dir='ltr'><strong>lue.</strong></span> 
     </span>
    </p>
   </div>
   <div class='ocr_carea' id='block_1_20' title="bbox 1860 1439 3440 1512">
    <p class='ocr_par' dir='ltr' id='par_1_20' title="bbox 1860 1439 3440 1512">
     <span class='ocr_line' id='line_1_20' title="bbox 1860 1439 3440 1512; baseline 0.001 -18"><span class='ocrx_word' id='word_1_122' title='bbox 1860 1447 1945 1494; x_wconf 88' lang='lat' dir='ltr'><strong>rat</strong></span> <span class='ocrx_word' id='word_1_123' title='bbox 1973 1446 2304 1504; x_wconf 85' lang='lat' dir='ltr'><strong>reservatus,</strong></span> <span class='ocrx_word' id='word_1_124' title='bbox 2351 1454 2521 1510; x_wconf 89' lang='lat' dir='ltr'><strong>purus</strong></span> <span class='ocrx_word' id='word_1_125' title='bbox 2565 1439 2913 1512; x_wconf 87' lang='lat' dir='ltr'><strong>mundusque</strong></span> <span class='ocrx_word' id='word_1_126' title='bbox 2957 1439 3283 1498; x_wconf 73' lang='lat' dir='ltr'><strong>efﬁceretur.</strong></span> <span class='ocrx_word' id='word_1_127' title='bbox 3309 1439 3440 1505; x_wconf 86' lang='lat' dir='ltr'><strong>Sed,</strong></span> 
     </span>
    </p>
   </div>
   <div class='ocr_carea' id='block_1_21' title="bbox 1860 1529 3441 1603">
    <p class='ocr_par' dir='ltr' id='par_1_21' title="bbox 1860 1529 3441 1603">
     <span class='ocr_line' id='line_1_21' title="bbox 1860 1529 3441 1603; baseline 0.001 -17"><span class='ocrx_word' id='word_1_128' title='bbox 1860 1531 1948 1586; x_wconf 93' lang='lat' dir='ltr'><strong>his</strong></span> <span class='ocrx_word' id='word_1_129' title='bbox 1977 1530 2236 1586; x_wconf 90' lang='lat' dir='ltr'><strong>omnibus</strong></span> <span class='ocrx_word' id='word_1_130' title='bbox 2263 1531 2454 1602; x_wconf 88' lang='lat' dir='ltr'><strong>gestis,</strong></span> <span class='ocrx_word' id='word_1_131' title='bbox 2490 1545 2687 1588; x_wconf 88' lang='lat' dir='ltr'><strong>rursus</strong></span> <span class='ocrx_word' id='word_1_132' title='bbox 2715 1529 2969 1588; x_wconf 85' lang='lat' dir='ltr'><strong>homines</strong></span> <span class='ocrx_word' id='word_1_133' title='bbox 3009 1531 3076 1588; x_wconf 90' lang='lat' dir='ltr'><strong>ad</strong></span> <span class='ocrx_word' id='word_1_134' title='bbox 3108 1530 3441 1603; x_wconf 81' lang='lat' dir='ltr'><strong>impietatem</strong></span> 
     </span>
    </p>
   </div>
   <div class='ocr_carea' id='block_1_22' title="bbox 1859 1619 3446 1693">
    <p class='ocr_par' dir='ltr' id='par_1_22' title="bbox 1859 1619 3446 1693">
     <span class='ocr_line' id='line_1_22' title="bbox 1859 1619 3446 1693; baseline 0.004 -15"><span class='ocrx_word' id='word_1_135' title='bbox 1859 1630 2165 1678; x_wconf 77' lang='lat' dir='ltr'><strong>vertuntur.</strong></span> <span class='ocrx_word' id='word_1_136' title='bbox 2224 1619 2355 1693; x_wconf 90' lang='lat' dir='ltr'><strong>Leg.</strong></span> <span class='ocrx_word' id='word_1_137' title='bbox 2413 1622 2710 1692; x_wconf 84' lang='lat' dir='ltr'><strong>Recognit.,</strong></span> <span class='ocrx_word' id='word_1_138' title='bbox 2762 1621 2858 1678; x_wconf 85' lang='lat' dir='ltr'><strong>lib.</strong></span> <span class='ocrx_word' id='word_1_139' title='bbox 2909 1637 2982 1687; x_wconf 75' lang='grc' dir='ltr'><strong>ιν,</strong></span> <span class='ocrx_word' id='word_1_140' title='bbox 3035 1636 3158 1692; x_wconf 89' lang='lat' dir='ltr'><strong>cap.</strong></span> <span class='ocrx_word' id='word_1_141' title='bbox 3200 1619 3291 1688; x_wconf 73' lang='grc' dir='ltr'><strong>η.</strong></span> <span class='ocrx_word' id='word_1_142' title='bbox 3349 1621 3446 1685; x_wconf 68' lang='lat'><strong>£5;</strong></span> 
     </span>
    </p>
   </div>
   <div class='ocr_carea' id='block_1_23' title="bbox 1859 1713 2788 1775">
    <p class='ocr_par' dir='ltr' id='par_1_23' title="bbox 1859 1713 2788 1775">
     <span class='ocr_line' id='line_1_23' title="bbox 1859 1713 2788 1775; baseline -0.001 -5"><span class='ocrx_word' id='word_1_143' title='bbox 1859 1713 2214 1775; x_wconf 83' lang='lat' dir='ltr'><strong>Clementina,</strong></span> <span class='ocrx_word' id='word_1_144' title='bbox 2249 1715 2396 1770; x_wconf 86' lang='lat' dir='ltr'><strong>hom.</strong></span> <span class='ocrx_word' id='word_1_145' title='bbox 2433 1715 2487 1771; x_wconf 84' lang='lat'><strong>8.</strong></span> <span class='ocrx_word' id='word_1_146' title='bbox 2519 1731 2669 1770; x_wconf 88' lang='lat' dir='ltr'><strong>num.</strong></span> <span class='ocrx_word' id='word_1_147' title='bbox 2701 1714 2788 1769; x_wconf 76' lang='lat' dir='ltr'><strong>l7.</strong></span> 
     </span>
    </p>
   </div>
   <div class='ocr_carea' id='block_1_24' title="bbox 1132 1867 2446 1940">
    <p class='ocr_par' dir='ltr' id='par_1_24' title="bbox 1132 1867 2446 1940">
     <span class='ocr_line' id='line_1_24' title="bbox 1132 1867 2446 1940; baseline 0.002 -17"><span class='ocrx_word' id='word_1_148' title='bbox 1132 1867 1300 1936; x_wconf 82' lang='lat' dir='ltr'><strong>Ibid.,</strong></span> <span class='ocrx_word' id='word_1_149' title='bbox 1333 1884 1457 1940; x_wconf 83' lang='lat' dir='ltr'><strong>pag.</strong></span> <span class='ocrx_word' id='word_1_150' title='bbox 1490 1868 1579 1934; x_wconf 78' lang='lat'><strong>62,</strong></span> <span class='ocrx_word' id='word_1_151' title='bbox 1601 1868 1668 1925; x_wconf 91' lang='lat' dir='ltr'><strong>de</strong></span> <span class='ocrx_word' id='word_1_152' title='bbox 1688 1868 1979 1928; x_wconf 80' lang='lat' dir='ltr'><strong>Mesraimo</strong></span> <span class='ocrx_word' id='word_1_153' title='bbox 2007 1886 2106 1928; x_wconf 91' lang='lat' dir='ltr'><strong>seu</strong></span> <span class='ocrx_word' id='word_1_154' title='bbox 2133 1869 2446 1927; x_wconf 76' lang='lat' dir='ltr'><strong>Zoroastre.</strong></span> 
     </span>
    </p>
   </div>
   <div class='ocr_carea' id='block_1_25' title="bbox 245 2017 1752 2097">
    <p class='ocr_par' dir='ltr' id='par_1_25' title="bbox 245 2017 1752 2097">
     <span class='ocr_line' id='line_1_25' title="bbox 245 2017 1752 2097; baseline 0.006 -26"><span class='ocrx_word' id='word_1_155' title='bbox 245 2017 448 2072; x_wconf 73' lang='grc' dir='ltr'>Τοῦτον</span> <span class='ocrx_word' id='word_1_156' title='bbox 463 2019 678 2091; x_wconf 78' lang='grc' dir='ltr'>ᾐνίξατο</span> <span class='ocrx_word' id='word_1_157' title='bbox 709 2019 933 2095; x_wconf 78' lang='grc' dir='ltr'><strong>Πέτρος,</strong></span> <span class='ocrx_word' id='word_1_158' title='bbox 969 2025 1157 2086; x_wconf 74' lang='grc' dir='ltr'>εἰπὼν,</span> <span class='ocrx_word' id='word_1_159' title='bbox 1186 2025 1270 2079; x_wconf 84' lang='grc' dir='ltr'>ὅτι</span> <span class='ocrx_word' id='word_1_160' title='bbox 1305 2025 1444 2097; x_wconf 84' lang='grc' dir='ltr'>μετὰ</span> <span class='ocrx_word' id='word_1_161' title='bbox 1465 2027 1556 2080; x_wconf 80' lang='grc' dir='ltr'><strong>τὸν</strong></span> <span class='ocrx_word' id='word_1_162' title='bbox 1590 2041 1752 2080; x_wconf 90' lang='grc' dir='ltr'>κατα-</span> 
     </span>
    </p>
   </div>
   <div class='ocr_carea' id='block_1_26' title="bbox 175 2109 1538 2188">
    <p class='ocr_par' dir='ltr' id='par_1_26' title="bbox 175 2109 1538 2188">
     <span class='ocr_line' id='line_1_26' title="bbox 175 2109 1538 2188; baseline 0.006 -24"><span class='ocrx_word' id='word_1_163' title='bbox 175 2109 438 2183; x_wconf 75' lang='grc' dir='ltr'>κλυσμὸν,</span> <span class='ocrx_word' id='word_1_164' title='bbox 464 2111 626 2167; x_wconf 83' lang='grc' dir='ltr'>πάλιν</span> <span class='ocrx_word' id='word_1_165' title='bbox 653 2115 702 2166; x_wconf 79' lang='grc' dir='ltr'><strong>οἱ</strong></span> <span class='ocrx_word' id='word_1_166' title='bbox 734 2114 1010 2185; x_wconf 76' lang='grc' dir='ltr'>ἄνθρωποι</span> <span class='ocrx_word' id='word_1_167' title='bbox 1040 2115 1256 2170; x_wconf 72' lang='grc' dir='ltr'>ἀσεϐεῖν</span> <span class='ocrx_word' id='word_1_168' title='bbox 1284 2116 1538 2188; x_wconf 80' lang='grc' dir='ltr'>ῆρξαντο.</span> 
     </span>
    </p>
   </div>
   <div class='ocr_carea' id='block_1_27' title="bbox 1929 2023 3441 2098">
    <p class='ocr_par' dir='ltr' id='par_1_27' title="bbox 1929 2023 3441 2098">
     <span class='ocr_line' id='line_1_27' title="bbox 1929 2023 3441 2098; baseline 0 -16"><span class='ocrx_word' id='word_1_169' title='bbox 1929 2025 2087 2082; x_wconf 85' lang='grc' dir='ltr'>Ηυιιο</span> <span class='ocrx_word' id='word_1_170' title='bbox 2127 2027 2307 2082; x_wconf 89' lang='lat' dir='ltr'><strong>innuit</strong></span> <span class='ocrx_word' id='word_1_171' title='bbox 2337 2025 2555 2093; x_wconf 86' lang='lat' dir='ltr'><strong>Petrus,</strong></span> <span class='ocrx_word' id='word_1_172' title='bbox 2588 2042 2713 2083; x_wconf 90' lang='lat' dir='ltr'><strong>cum</strong></span> <span class='ocrx_word' id='word_1_173' title='bbox 2755 2027 2910 2091; x_wconf 89' lang='lat' dir='ltr'><strong>dicit,</strong></span> <span class='ocrx_word' id='word_1_174' title='bbox 2943 2023 3088 2098; x_wconf 80' lang='lat' dir='ltr'><strong>quad</strong></span> <span class='ocrx_word' id='word_1_175' title='bbox 3130 2035 3251 2097; x_wconf 88' lang='lat' dir='ltr'><strong>post</strong></span> <span class='ocrx_word' id='word_1_176' title='bbox 3295 2028 3441 2084; x_wconf 87' lang='lat' dir='ltr'><strong>dilu-</strong></span> 
     </span>
    </p>
   </div>
   <div class='ocr_carea' id='block_1_28' title="bbox 1856 2117 3440 2191">
    <p class='ocr_par' dir='ltr' id='par_1_28' title="bbox 1856 2117 3440 2191">
     <span class='ocr_line' id='line_1_28' title="bbox 1856 2117 3440 2191; baseline 0.001 -18"><span class='ocrx_word' id='word_1_177' title='bbox 1856 2117 2026 2182; x_wconf 83' lang='lat' dir='ltr'><strong>vium,</strong></span> <span class='ocrx_word' id='word_1_178' title='bbox 2062 2126 2257 2175; x_wconf 86' lang='lat' dir='ltr'><strong>rursus</strong></span> <span class='ocrx_word' id='word_1_179' title='bbox 2306 2118 2559 2176; x_wconf 88' lang='lat' dir='ltr'><strong>homines</strong></span> <span class='ocrx_word' id='word_1_180' title='bbox 2607 2119 2772 2190; x_wconf 88' lang='lat' dir='ltr'><strong>impie</strong></span> <span class='ocrx_word' id='word_1_181' title='bbox 2813 2134 2972 2190; x_wconf 88' lang='lat' dir='ltr'><strong>agere</strong></span> <span class='ocrx_word' id='word_1_182' title='bbox 3000 2130 3310 2191; x_wconf 74' lang='lat' dir='ltr'><strong>coeperunt.</strong></span> <span class='ocrx_word' id='word_1_183' title='bbox 3340 2121 3440 2175; x_wconf 81' lang='lat' dir='ltr'><strong>Re-</strong></span> 
     </span>
    </p>
   </div>
   <div class='ocr_carea' id='block_1_29' title="bbox 1854 2209 2510 2280">
    <p class='ocr_par' dir='ltr' id='par_1_29' title="bbox 1854 2209 2510 2280">
     <span class='ocr_line' id='line_1_29' title="bbox 1854 2209 2510 2280; baseline 0.002 -17"><span class='ocrx_word' id='word_1_184' title='bbox 1854 2225 2005 2280; x_wconf 82' lang='lat' dir='ltr'><strong>cogn.</strong></span> <span class='ocrx_word' id='word_1_185' title='bbox 2039 2211 2133 2265; x_wconf 84' lang='lat' dir='ltr'><strong>lib.</strong></span> <span class='ocrx_word' id='word_1_186' title='bbox 2167 2225 2243 2275; x_wconf 83' lang='lat' dir='ltr'><strong>tv,</strong></span> <span class='ocrx_word' id='word_1_187' title='bbox 2273 2222 2398 2280; x_wconf 87' lang='lat' dir='ltr'><strong>cap.</strong></span> <span class='ocrx_word' id='word_1_188' title='bbox 2424 2209 2510 2265; x_wconf 79' lang='lat' dir='ltr'><strong>l3.</strong></span> 
     </span>
    </p>
   </div>
   <div class='ocr_carea' id='block_1_30' title="bbox 1569 2360 2014 2434">
    <p class='ocr_par' dir='ltr' id='par_1_30' title="bbox 1569 2360 2014 2434">
     <span class='ocr_line' id='line_1_30' title="bbox 1569 2360 2014 2434; baseline 0.007 -18"><span class='ocrx_word' id='word_1_189' title='bbox 1569 2360 1736 2428; x_wconf 82' lang='lat' dir='ltr'><strong>Ibid.,</strong></span> <span class='ocrx_word' id='word_1_190' title='bbox 1769 2378 1894 2434; x_wconf 89' lang='lat' dir='ltr'><strong>pag.</strong></span> <span class='ocrx_word' id='word_1_191' title='bbox 1922 2363 2014 2420; x_wconf 75' lang='grc'><strong>64.</strong></span> 
     </span>
    </p>
   </div>
   <div class='ocr_carea' id='block_1_31' title="bbox 243 2498 1752 2595">
    <p class='ocr_par' dir='ltr' id='par_1_31' title="bbox 243 2506 1752 2582">
     <span class='ocr_line' id='line_1_31' title="bbox 243 2506 1752 2582; baseline 0.003 -20"><span class='ocrx_word' id='word_1_192' title='bbox 243 2506 407 2576; x_wconf 71' lang='grc' dir='ltr'>Λέγει</span> <span class='ocrx_word' id='word_1_193' title='bbox 447 2506 504 2560; x_wconf 79' lang='grc' dir='ltr'><strong>δὲ</strong></span> <span class='ocrx_word' id='word_1_194' title='bbox 547 2509 674 2580; x_wconf 83' lang='grc' dir='ltr'>περὶ</span> <span class='ocrx_word' id='word_1_195' title='bbox 722 2509 910 2564; x_wconf 89' lang='grc' dir='ltr'>τούτου</span> <span class='ocrx_word' id='word_1_196' title='bbox 956 2509 1162 2582; x_wconf 70' lang='grc' dir='ltr'>Πέτρος</span> <span class='ocrx_word' id='word_1_197' title='bbox 1188 2512 1217 2564; x_wconf 79' lang='grc' dir='ltr'><em>ὁ</em></span> <span class='ocrx_word' id='word_1_198' title='bbox 1247 2510 1542 2574; x_wconf 78' lang='grc' dir='ltr'><strong>ἀπόστολος</strong></span> <span class='ocrx_word' id='word_1_199' title='bbox 1575 2523 1656 2576; x_wconf 77' lang='grc' dir='ltr'><strong>εις</strong></span> <span class='ocrx_word' id='word_1_200' title='bbox 1682 2512 1752 2566; x_wconf 83' lang='grc' dir='ltr'>τὰ</span> 
     </span>
    </p>
   </div>
   <div class='ocr_carea' id='block_1_32' title="bbox 1856 2498 3440 2595">
    <p class='ocr_par' dir='ltr' id='par_1_32' title="bbox 1923 2498 3440 2588">
     <span class='ocr_line' id='line_1_32' title="bbox 1923 2498 3440 2588; baseline 0.004 -23"><span class='ocrx_word' id='word_1_201' title='bbox 1923 2510 2066 2569; x_wconf 88' lang='lat' dir='ltr'><strong>Dicit</strong></span> <span class='ocrx_word' id='word_1_202' title='bbox 2106 2521 2287 2569; x_wconf 88' lang='lat' dir='ltr'><strong>autem</strong></span> <span class='ocrx_word' id='word_1_203' title='bbox 2318 2513 2387 2570; x_wconf 89' lang='lat' dir='ltr'><strong>de</strong></span> <span class='ocrx_word' id='word_1_204' title='bbox 2426 2513 2529 2570; x_wconf 92' lang='lat' dir='ltr'><strong>hoc</strong></span> <span class='ocrx_word' id='word_1_205' title='bbox 2553 2512 2909 2588; x_wconf 81' lang='lat' dir='ltr'><strong>(Nembrodo)</strong></span> <span class='ocrx_word' id='word_1_206' title='bbox 2933 2498 3126 2570; x_wconf 83' lang='lat' dir='ltr'><strong>Petrus</strong></span> <span class='ocrx_word' id='word_1_207' title='bbox 3156 2517 3440 2587; x_wconf 83' lang='lat' dir='ltr'><strong>apostolus</strong></span> 
     </span>
    </p>
   </div>
   <div class='ocr_carea' id='block_1_33' title="bbox 169 2596 1753 2678">
    <p class='ocr_par' dir='ltr' id='par_1_33' title="bbox 169 2596 1753 2678">
     <span class='ocr_line' id='line_1_33' title="bbox 169 2596 1753 2678; baseline 0.005 -29"><span class='ocrx_word' id='word_1_208' title='bbox 169 2596 543 2666; x_wconf 66' lang='grc' dir='ltr'>Κλημέντια,</span> <span class='ocrx_word' id='word_1_209' title='bbox 586 2600 703 2663; x_wconf 83' lang='grc' dir='ltr'>πῶς</span> <span class='ocrx_word' id='word_1_210' title='bbox 746 2597 910 2672; x_wconf 80' lang='grc' dir='ltr'>ἦρξεν</span> <span class='ocrx_word' id='word_1_211' title='bbox 967 2603 1046 2665; x_wconf 86' lang='grc' dir='ltr'><strong>είς</strong></span> <span class='ocrx_word' id='word_1_212' title='bbox 1080 2600 1373 2655; x_wconf 79' lang='grc' dir='ltr'>Βαϐυλῶνα</span> <span class='ocrx_word' id='word_1_213' title='bbox 1407 2605 1465 2678; x_wconf 68' lang='grc' dir='ltr'><strong>εν</strong></span> <span class='ocrx_word' id='word_1_214' title='bbox 1492 2601 1753 2675; x_wconf 74' lang='grc' dir='ltr'><strong>Αἰγύπτῳ</strong></span> 
     </span>
    </p>
   </div>
   <div class='ocr_carea' id='block_1_34' title="bbox 169 2686 1754 2768">
    <p class='ocr_par' dir='ltr' id='par_1_34' title="bbox 169 2686 1754 2768">
     <span class='ocr_line' id='line_1_34' title="bbox 169 2686 1754 2768; baseline 0.006 -27"><span class='ocrx_word' id='word_1_215' title='bbox 169 2689 494 2762; x_wconf 80' lang='grc' dir='ltr'>κληρωθείς.</span> <span class='ocrx_word' id='word_1_216' title='bbox 525 2693 661 2764; x_wconf 68' lang='grc' dir='ltr'><strong>Φησὶ</strong></span> <span class='ocrx_word' id='word_1_217' title='bbox 691 2692 798 2764; x_wconf 76' lang='grc' dir='ltr'><strong>γὰρ</strong></span> <span class='ocrx_word' id='word_1_218' title='bbox 845 2692 1070 2766; x_wconf 80' lang='grc' dir='ltr'><strong>Πέτρος·</strong></span> <span class='ocrx_word' id='word_1_219' title='bbox 1117 2686 1284 2759; x_wconf 76' lang='grc' dir='ltr'>Οὗτος</span> <span class='ocrx_word' id='word_1_220' title='bbox 1311 2693 1340 2749; x_wconf 83' lang='grc' dir='ltr'><strong>ὁ</strong></span> <span class='ocrx_word' id='word_1_221' title='bbox 1368 2694 1595 2768; x_wconf 79' lang='grc' dir='ltr'><strong>Νεσρὼδ</strong></span> <span class='ocrx_word' id='word_1_222' title='bbox 1627 2712 1754 2768; x_wconf 81' lang='grc' dir='ltr'>μετ-</span> 
     </span>
    </p>
   </div>
   <div class='ocr_carea' id='block_1_35' title="bbox 165 2783 1752 2858">
    <p class='ocr_par' dir='ltr' id='par_1_35' title="bbox 165 2783 1752 2858">
     <span class='ocr_line' id='line_1_35' title="bbox 165 2783 1752 2858; baseline 0.001 -20"><span class='ocrx_word' id='word_1_223' title='bbox 165 2784 399 2855; x_wconf 75' lang='grc' dir='ltr'>οικήσας</span> <span class='ocrx_word' id='word_1_224' title='bbox 453 2783 562 2836; x_wconf 81' lang='grc' dir='ltr'><strong>ἀπὸ</strong></span> <span class='ocrx_word' id='word_1_225' title='bbox 586 2785 865 2850; x_wconf 73' lang='grc' dir='ltr'><strong>Αἰγύπτου</strong></span> <span class='ocrx_word' id='word_1_226' title='bbox 891 2787 970 2849; x_wconf 89' lang='grc' dir='ltr'><strong>είς</strong></span> <span class='ocrx_word' id='word_1_227' title='bbox 1000 2787 1316 2858; x_wconf 81' lang='grc' dir='ltr'>Ἀσσυρίους</span> <span class='ocrx_word' id='word_1_228' title='bbox 1344 2787 1426 2852; x_wconf 84' lang='grc' dir='ltr'><strong>είς</strong></span> <span class='ocrx_word' id='word_1_229' title='bbox 1455 2787 1618 2841; x_wconf 82' lang='grc' dir='ltr'>Νίνον</span> <span class='ocrx_word' id='word_1_230' title='bbox 1651 2789 1752 2842; x_wconf 68' lang='grc' dir='ltr'><strong>πό-</strong></span> 
     </span>
    </p>
   </div>
   <div class='ocr_carea' id='block_1_36' title="bbox 167 2875 1755 2951">
    <p class='ocr_par' dir='ltr' id='par_1_36' title="bbox 167 2875 1755 2951">
     <span class='ocr_line' id='line_1_36' title="bbox 167 2875 1755 2951; baseline 0.003 -22"><span class='ocrx_word' id='word_1_231' title='bbox 167 2876 276 2940; x_wconf 79' lang='grc' dir='ltr'>λιν,</span> <span class='ocrx_word' id='word_1_232' title='bbox 309 2877 376 2949; x_wconf 73' lang='grc' dir='ltr'>ἢν</span> <span class='ocrx_word' id='word_1_233' title='bbox 419 2875 630 2930; x_wconf 77' lang='grc' dir='ltr'>ἔκτισεν</span> <span class='ocrx_word' id='word_1_234' title='bbox 663 2876 912 2950; x_wconf 85' lang='grc' dir='ltr'>Ἀσσοὺρ,</span> <span class='ocrx_word' id='word_1_235' title='bbox 949 2879 1041 2931; x_wconf 77' lang='grc' dir='ltr'>καὶ</span> <span class='ocrx_word' id='word_1_236' title='bbox 1072 2879 1262 2942; x_wconf 77' lang='grc' dir='ltr'>κτίσας</span> <span class='ocrx_word' id='word_1_237' title='bbox 1298 2879 1396 2951; x_wconf 79' lang='grc' dir='ltr'>τὴν</span> <span class='ocrx_word' id='word_1_238' title='bbox 1427 2878 1601 2944; x_wconf 86' lang='grc' dir='ltr'>πόλιν,</span> <span class='ocrx_word' id='word_1_239' title='bbox 1630 2879 1755 2951; x_wconf 71' lang='grc' dir='ltr'><strong>ἥτις</strong></span> 
     </span>
    </p>
   </div>
   <div class='ocr_carea' id='block_1_37' title="bbox 165 2963 1744 3042">
    <p class='ocr_par' dir='ltr' id='par_1_37' title="bbox 165 2963 1744 3042">
     <span class='ocr_line' id='line_1_37' title="bbox 165 2963 1744 3042; baseline 0.004 -22"><span class='ocrx_word' id='word_1_240' title='bbox 165 2963 238 3039; x_wconf 76' lang='grc' dir='ltr'><strong>ἦν</strong></span> <span class='ocrx_word' id='word_1_241' title='bbox 272 2967 608 3032; x_wconf 76' lang='grc' dir='ltr'>Βαϐυλῶνος,</span> <span class='ocrx_word' id='word_1_242' title='bbox 645 2967 782 3041; x_wconf 78' lang='grc' dir='ltr'>πρὸς</span> <span class='ocrx_word' id='word_1_243' title='bbox 812 2970 874 3022; x_wconf 85' lang='grc' dir='ltr'>τὸ</span> <span class='ocrx_word' id='word_1_244' title='bbox 903 2970 1074 3040; x_wconf 73' lang='grc' dir='ltr'>ὄνομα</span> <span class='ocrx_word' id='word_1_245' title='bbox 1101 2971 1199 3042; x_wconf 82' lang='grc' dir='ltr'><strong>τῆς</strong></span> <span class='ocrx_word' id='word_1_246' title='bbox 1229 2969 1436 3034; x_wconf 86' lang='grc' dir='ltr'>πόλεως</span> <span class='ocrx_word' id='word_1_247' title='bbox 1467 2971 1744 3027; x_wconf 78' lang='grc' dir='ltr'>ἐκάλεσεν.</span> 
     </span>
    </p>
   </div>
   <div class='ocr_carea' id='block_1_38' title="bbox 165 3059 1743 3135">
    <p class='ocr_par' dir='ltr' id='par_1_38' title="bbox 165 3059 1743 3135">
     <span class='ocr_line' id='line_1_38' title="bbox 165 3059 1743 3135; baseline 0.002 -21"><span class='ocrx_word' id='word_1_248' title='bbox 165 3059 344 3114; x_wconf 70' lang='grc' dir='ltr'><strong>Αὐτὸν</strong></span> <span class='ocrx_word' id='word_1_249' title='bbox 372 3061 531 3114; x_wconf 86' lang='grc' dir='ltr'>Νίνον</span> <span class='ocrx_word' id='word_1_250' title='bbox 561 3061 651 3114; x_wconf 79' lang='grc' dir='ltr'>τὸν</span> <span class='ocrx_word' id='word_1_251' title='bbox 674 3060 898 3133; x_wconf 79' lang='grc' dir='ltr'>Νεὸρὼδ</span> <span class='ocrx_word' id='word_1_252' title='bbox 915 3063 964 3115; x_wconf 79' lang='lat' dir='ltr'><strong>oi</strong></span> <span class='ocrx_word' id='word_1_253' title='bbox 982 3062 1251 3134; x_wconf 83' lang='grc' dir='ltr'>Ἀσσύριοι</span> <span class='ocrx_word' id='word_1_254' title='bbox 1277 3062 1743 3135; x_wconf 50' lang='grc' dir='ltr'>προσηῇρευσαν.</span> 
     </span>
    </p>
   </div>
   <div class='ocr_carea' id='block_1_39' title="bbox 158 3143 1748 3228">
    <p class='ocr_par' dir='ltr' id='par_1_39' title="bbox 158 3143 1748 3228">
     <span class='ocr_line' id='line_1_39' title="bbox 158 3143 1748 3228; baseline 0.001 -20"><span class='ocrx_word' id='word_1_255' title='bbox 158 3143 339 3216; x_wconf 76' lang='grc' dir='ltr'>Οὗτος</span> <span class='ocrx_word' id='word_1_256' title='bbox 368 3151 606 3228; x_wconf 77' lang='grc' dir='ltr'>διδάσκει</span> <span class='ocrx_word' id='word_1_257' title='bbox 625 3153 942 3224; x_wconf 80' lang='grc' dir='ltr'>Ἀσσυρίους</span> <span class='ocrx_word' id='word_1_258' title='bbox 972 3152 1226 3207; x_wconf 79' lang='grc' dir='ltr'>σέϐειντὺ</span> <span class='ocrx_word' id='word_1_259' title='bbox 1259 3154 1390 3226; x_wconf 74' lang='grc' dir='ltr'>πῦρ.</span> <span class='ocrx_word' id='word_1_260' title='bbox 1430 3155 1622 3208; x_wconf 82' lang='grc' dir='ltr'>Ἔνθεν</span> <span class='ocrx_word' id='word_1_261' title='bbox 1653 3157 1748 3209; x_wconf 72' lang='grc' dir='ltr'>καὶ</span> 
     </span>
    </p>
   </div>
   <div class='ocr_carea' id='block_1_40' title="bbox 167 3244 1750 3317">
    <p class='ocr_par' dir='ltr' id='par_1_40' title="bbox 167 3244 1750 3317">
     <span class='ocr_line' id='line_1_40' title="bbox 167 3244 1750 3317; baseline 0.001 -20"><span class='ocrx_word' id='word_1_262' title='bbox 167 3245 386 3316; x_wconf 82' lang='grc' dir='ltr'>πρῶτον</span> <span class='ocrx_word' id='word_1_263' title='bbox 405 3246 565 3298; x_wconf 81' lang='grc' dir='ltr'>αὑτὸν</span> <span class='ocrx_word' id='word_1_264' title='bbox 589 3244 808 3315; x_wconf 82' lang='grc' dir='ltr'>βασιλέα</span> <span class='ocrx_word' id='word_1_265' title='bbox 841 3245 977 3317; x_wconf 83' lang='grc' dir='ltr'>μετὰ</span> <span class='ocrx_word' id='word_1_266' title='bbox 1005 3245 1096 3299; x_wconf 81' lang='grc' dir='ltr'>τὸν</span> <span class='ocrx_word' id='word_1_267' title='bbox 1133 3245 1535 3317; x_wconf 83' lang='grc' dir='ltr'>,κατακλυσμὸν</span> <span class='ocrx_word' id='word_1_268' title='bbox 1562 3246 1750 3317; x_wconf 79' lang='grc' dir='ltr'><strong>ἐποίη-</strong></span> 
     </span>
    </p>
   </div>
   <div class='ocr_carea' id='block_1_41' title="bbox 169 3336 1748 3410">
    <p class='ocr_par' dir='ltr' id='par_1_41' title="bbox 169 3336 1748 3410">
     <span class='ocr_line' id='line_1_41' title="bbox 169 3336 1748 3410; baseline 0 -20"><span class='ocrx_word' id='word_1_269' title='bbox 169 3353 274 3390; x_wconf 88' lang='grc' dir='ltr'><strong>σαν</strong></span> <span class='ocrx_word' id='word_1_270' title='bbox 291 3337 338 3390; x_wconf 91' lang='grc' dir='ltr'>οί</span> <span class='ocrx_word' id='word_1_271' title='bbox 357 3336 628 3409; x_wconf 79' lang='grc' dir='ltr'>Ἀσσύριοι</span> <span class='ocrx_word' id='word_1_272' title='bbox 648 3337 856 3402; x_wconf 80' lang='grc' dir='ltr'>τοῦτον,</span> <span class='ocrx_word' id='word_1_273' title='bbox 877 3337 935 3391; x_wconf 82' lang='grc' dir='ltr'>ὃν</span> <span class='ocrx_word' id='word_1_274' title='bbox 958 3337 1348 3410; x_wconf 81' lang='grc' dir='ltr'>μετωνόμασαν</span> <span class='ocrx_word' id='word_1_275' title='bbox 1360 3338 1539 3391; x_wconf 82' lang='grc' dir='ltr'>Νίνον.</span> <span class='ocrx_word' id='word_1_276' title='bbox 1562 3337 1748 3392; x_wconf 81' lang='grc' dir='ltr'>Ταῦτα</span> 
     </span>
    </p>
   </div>
   <div class='ocr_carea' id='block_1_42' title="bbox 170 3426 770 3500">
    <p class='ocr_par' dir='ltr' id='par_1_42' title="bbox 170 3426 770 3500">
     <span class='ocr_line' id='line_1_42' title="bbox 170 3426 770 3500; baseline 0.002 -18"><span class='ocrx_word' id='word_1_277' title='bbox 170 3428 377 3500; x_wconf 78' lang='grc' dir='ltr'>Πέτρος</span> <span class='ocrx_word' id='word_1_278' title='bbox 404 3429 531 3500; x_wconf 73' lang='grc' dir='ltr'>περὶ</span> <span class='ocrx_word' id='word_1_279' title='bbox 560 3426 770 3483; x_wconf 85' lang='grc' dir='ltr'>τούτου.</span> 
     </span>
    </p>
   </div>
   <div class='ocr_carea' id='block_1_43' title="bbox 1855 2601 3436 2680">
    <p class='ocr_par' dir='ltr' id='par_1_43' title="bbox 1855 2601 3436 2680">
     <span class='ocr_line' id='line_1_43' title="bbox 1855 2601 3436 2680; baseline 0.001 -21"><span class='ocrx_word' id='word_1_280' title='bbox 1855 2605 1912 2659; x_wconf 89' lang='lat' dir='ltr'><strong>ln</strong></span> <span class='ocrx_word' id='word_1_281' title='bbox 1944 2601 2308 2671; x_wconf 78' lang='lat' dir='ltr'><strong>Clementinis,</strong></span> <span class='ocrx_word' id='word_1_282' title='bbox 2339 2607 2617 2677; x_wconf 89' lang='lat' dir='ltr'><strong>quomodo</strong></span> <span class='ocrx_word' id='word_1_283' title='bbox 2641 2606 2919 2680; x_wconf 81' lang='lat' dir='ltr'><strong>Babylone</strong></span> <span class='ocrx_word' id='word_1_284' title='bbox 2959 2609 3262 2679; x_wconf 87' lang='lat' dir='ltr'><strong>imperarit,</strong></span> <span class='ocrx_word' id='word_1_285' title='bbox 3312 2623 3436 2662; x_wconf 89' lang='lat' dir='ltr'><strong>cum</strong></span> 
     </span>
    </p>
   </div>
   <div class='ocr_carea' id='block_1_44' title="bbox 1855 2692 3439 2767">
    <p class='ocr_par' dir='ltr' id='par_1_44' title="bbox 1855 2692 3439 2767">
     <span class='ocr_line' id='line_1_44' title="bbox 1855 2692 3439 2767; baseline -0.001 -17"><span class='ocrx_word' id='word_1_286' title='bbox 1855 2692 2154 2767; x_wconf 65' lang='lat' dir='ltr'><strong>Egyptum</strong></span> <span class='ocrx_word' id='word_1_287' title='bbox 2219 2697 2451 2752; x_wconf 88' lang='lat' dir='ltr'><strong>sortitus</strong></span> <span class='ocrx_word' id='word_1_288' title='bbox 2501 2704 2668 2752; x_wconf 88' lang='lat' dir='ltr'><strong>esset.</strong></span> <span class='ocrx_word' id='word_1_289' title='bbox 2721 2695 2812 2751; x_wconf 83' lang='lat' dir='ltr'><strong>Ait</strong></span> <span class='ocrx_word' id='word_1_290' title='bbox 2862 2695 3008 2752; x_wconf 89' lang='lat' dir='ltr'><strong>enim</strong></span> <span class='ocrx_word' id='word_1_291' title='bbox 3042 2695 3242 2752; x_wconf 83' lang='lat' dir='ltr'><strong>Petrus</strong></span> <span class='ocrx_word' id='word_1_292' title='bbox 3283 2712 3295 2747; x_wconf 90' lang='lat'>:</span> <span class='ocrx_word' id='word_1_293' title='bbox 3341 2695 3439 2750; x_wconf 87' lang='lat' dir='ltr'><strong>Hic</strong></span> 
     </span>
    </p>
   </div>
   <div class='ocr_carea' id='block_1_45' title="bbox 1853 2779 3440 2860">
    <p class='ocr_par' dir='ltr' id='par_1_45' title="bbox 1853 2779 3440 2860">
     <span class='ocr_line' id='line_1_45' title="bbox 1853 2779 3440 2860; baseline 0.001 -22"><span class='ocrx_word' id='word_1_294' title='bbox 1853 2783 2198 2841; x_wconf 84' lang='lat' dir='ltr'><strong>Nembrodus</strong></span> <span class='ocrx_word' id='word_1_295' title='bbox 2241 2800 2309 2842; x_wconf 77' lang='lat' dir='ltr'><strong>ex</strong></span> <span class='ocrx_word' id='word_1_296' title='bbox 2331 2779 2577 2858; x_wconf 19' lang='lat' dir='ltr'><strong>Egypto‘</strong></span> <span class='ocrx_word' id='word_1_297' title='bbox 2615 2785 2684 2841; x_wconf 91' lang='lat' dir='ltr'><strong>ad</strong></span> <span class='ocrx_word' id='word_1_298' title='bbox 2715 2786 2973 2860; x_wconf 80' lang='lat' dir='ltr'><strong>Assyrios</strong></span> <span class='ocrx_word' id='word_1_299' title='bbox 3004 2786 3352 2859; x_wconf 73' lang='lat' dir='ltr'><strong>demigravit,</strong></span> <span class='ocrx_word' id='word_1_300' title='bbox 3384 2795 3440 2842; x_wconf 90' lang='lat' dir='ltr'><strong>et</strong></span> 
     </span>
    </p>
   </div>
   <div class='ocr_carea' id='block_1_46' title="bbox 1852 2875 3439 2950">
    <p class='ocr_par' dir='ltr' id='par_1_46' title="bbox 1852 2875 3439 2950">
     <span class='ocr_line' id='line_1_46' title="bbox 1852 2875 3439 2950; baseline 0 -19"><span class='ocrx_word' id='word_1_301' title='bbox 1852 2875 2083 2932; x_wconf 82' lang='lat' dir='ltr'><strong>Ninivcn</strong></span> <span class='ocrx_word' id='word_1_302' title='bbox 2112 2877 2380 2933; x_wconf 86' lang='lat' dir='ltr'><strong>habitavit</strong></span> <span class='ocrx_word' id='word_1_303' title='bbox 2405 2893 2572 2950; x_wconf 89' lang='lat' dir='ltr'><strong>quam</strong></span> <span class='ocrx_word' id='word_1_304' title='bbox 2602 2879 2779 2934; x_wconf 83' lang='lat' dir='ltr'><strong>Assur</strong></span> <span class='ocrx_word' id='word_1_305' title='bbox 2807 2877 3082 2945; x_wconf 88' lang='lat' dir='ltr'><strong>condidit;</strong></span> <span class='ocrx_word' id='word_1_306' title='bbox 3117 2887 3280 2950; x_wconf 81' lang='lat' dir='ltr'><strong>atque</strong></span> <span class='ocrx_word' id='word_1_307' title='bbox 3307 2876 3439 2932; x_wconf 63' lang='lat' dir='ltr'><strong>aedi-</strong></span> 
     </span>
    </p>
   </div>
   <div class='ocr_carea' id='block_1_47' title="bbox 1856 2969 3440 3042">
    <p class='ocr_par' dir='ltr' id='par_1_47' title="bbox 1856 2969 3440 3042">
     <span class='ocr_line' id='line_1_47' title="bbox 1856 2969 3440 3042; baseline 0.001 -20"><span class='ocrx_word' id='word_1_308' title='bbox 1856 2969 2014 3024; x_wconf 87' lang='lat' dir='ltr'><strong>tlcata</strong></span> <span class='ocrx_word' id='word_1_309' title='bbox 2055 2970 2190 3025; x_wconf 84' lang='lat' dir='ltr'><strong>urbe</strong></span> <span class='ocrx_word' id='word_1_310' title='bbox 2220 2985 2342 3040; x_wconf 77' lang='lat' dir='ltr'><strong>qua:</strong></span> <span class='ocrx_word' id='word_1_311' title='bbox 2377 2978 2495 3025; x_wconf 89' lang='lat' dir='ltr'><strong>erat</strong></span> <span class='ocrx_word' id='word_1_312' title='bbox 2531 2969 2796 3042; x_wconf 81' lang='lat' dir='ltr'><strong>Babylon,</strong></span> <span class='ocrx_word' id='word_1_313' title='bbox 2833 2971 2901 3026; x_wconf 90' lang='lat' dir='ltr'><strong>de</strong></span> <span class='ocrx_word' id='word_1_314' title='bbox 2937 2971 3162 3026; x_wconf 89' lang='lat' dir='ltr'><strong>nomine</strong></span> <span class='ocrx_word' id='word_1_315' title='bbox 3198 2970 3440 3024; x_wconf 86' lang='lat' dir='ltr'><strong>civitatis</strong></span> 
     </span>
    </p>
   </div>
   <div class='ocr_carea' id='block_1_48' title="bbox 1855 3060 3436 3134">
    <p class='ocr_par' dir='ltr' id='par_1_48' title="bbox 1855 3060 3436 3134">
     <span class='ocr_line' id='line_1_48' title="bbox 1855 3060 3436 3134; baseline 0.001 -22"><span class='ocrx_word' id='word_1_316' title='bbox 1855 3061 2166 3132; x_wconf 81' lang='lat' dir='ltr'><strong>appellavit.</strong></span> <span class='ocrx_word' id='word_1_317' title='bbox 2207 3060 2578 3117; x_wconf 80' lang='lat' dir='ltr'><strong>Nembrodum</strong></span> <span class='ocrx_word' id='word_1_318' title='bbox 2609 3060 2820 3134; x_wconf 68' lang='lat' dir='ltr'><strong>Assyrii</strong></span> <span class='ocrx_word' id='word_1_319' title='bbox 2851 3061 3051 3116; x_wconf 86' lang='lat' dir='ltr'><strong>Ninum</strong></span> <span class='ocrx_word' id='word_1_320' title='bbox 3082 3070 3436 3117; x_wconf 88' lang='lat' dir='ltr'><strong>vocaverunt.</strong></span> 
     </span>
    </p>
   </div>
   <div class='ocr_carea' id='block_1_49' title="bbox 1855 3151 3433 3226">
    <p class='ocr_par' dir='ltr' id='par_1_49' title="bbox 1855 3151 3433 3226">
     <span class='ocr_line' id='line_1_49' title="bbox 1855 3151 3433 3226; baseline 0 -20"><span class='ocrx_word' id='word_1_321' title='bbox 1855 3151 1956 3206; x_wconf 89' lang='lat' dir='ltr'><strong>llic</strong></span> <span class='ocrx_word' id='word_1_322' title='bbox 1982 3151 2238 3224; x_wconf 78' lang='lat' dir='ltr'><strong>Assyrios</strong></span> <span class='ocrx_word' id='word_1_323' title='bbox 2269 3153 2460 3209; x_wconf 90' lang='lat' dir='ltr'><strong>docuit</strong></span> <span class='ocrx_word' id='word_1_324' title='bbox 2504 3153 2686 3226; x_wconf 89' lang='lat' dir='ltr'><strong>ignem</strong></span> <span class='ocrx_word' id='word_1_325' title='bbox 2719 3155 2922 3209; x_wconf 91' lang='lat' dir='ltr'><strong>colere.</strong></span> <span class='ocrx_word' id='word_1_326' title='bbox 2955 3151 3111 3209; x_wconf 89' lang='lat' dir='ltr'><strong>Unde</strong></span> <span class='ocrx_word' id='word_1_327' title='bbox 3147 3162 3272 3224; x_wconf 88' lang='lat' dir='ltr'><strong>post</strong></span> <span class='ocrx_word' id='word_1_328' title='bbox 3297 3152 3433 3208; x_wconf 84' lang='lat' dir='ltr'><strong>dilu-</strong></span> 
     </span>
    </p>
   </div>
   <div class='ocr_carea' id='block_1_50' title="bbox 1853 3242 3436 3315">
    <p class='ocr_par' dir='ltr' id='par_1_50' title="bbox 1853 3242 3436 3315">
     <span class='ocr_line' id='line_1_50' title="bbox 1853 3242 3436 3315; baseline -0.001 -18"><span class='ocrx_word' id='word_1_329' title='bbox 1853 3242 2003 3297; x_wconf 85' lang='lat' dir='ltr'><strong>vium</strong></span> <span class='ocrx_word' id='word_1_330' title='bbox 2033 3242 2181 3297; x_wconf 91' lang='lat' dir='ltr'><strong>hunc</strong></span> <span class='ocrx_word' id='word_1_331' title='bbox 2209 3243 2388 3314; x_wconf 90' lang='lat' dir='ltr'><strong>ipsum</strong></span> <span class='ocrx_word' id='word_1_332' title='bbox 2413 3245 2649 3315; x_wconf 89' lang='lat' dir='ltr'><strong>primum</strong></span> <span class='ocrx_word' id='word_1_333' title='bbox 2677 3245 2890 3315; x_wconf 78' lang='lat' dir='ltr'><strong>Assyrii</strong></span> <span class='ocrx_word' id='word_1_334' title='bbox 2922 3252 3185 3299; x_wconf 84' lang='lat' dir='ltr'><strong>crearunt</strong></span> <span class='ocrx_word' id='word_1_335' title='bbox 3225 3257 3436 3315; x_wconf 85' lang='lat' dir='ltr'><strong>regem,</strong></span> 
     </span>
    </p>
   </div>
   <div class='ocr_carea' id='block_1_51' title="bbox 1854 3332 3435 3405">
    <p class='ocr_par' dir='ltr' id='par_1_51' title="bbox 1854 3332 3435 3405">
     <span class='ocr_line' id='line_1_51' title="bbox 1854 3332 3435 3405; baseline -0.002 -16"><span class='ocrx_word' id='word_1_336' title='bbox 1854 3349 2015 3405; x_wconf 87' lang='lat' dir='ltr'><strong>quem</strong></span> <span class='ocrx_word' id='word_1_337' title='bbox 2037 3332 2238 3389; x_wconf 82' lang='lat' dir='ltr'><strong>Ninum</strong></span> <span class='ocrx_word' id='word_1_338' title='bbox 2268 3336 2808 3390; x_wconf 90' lang='lat' dir='ltr'><strong>transnominarunt.</strong></span> <span class='ocrx_word' id='word_1_339' title='bbox 2845 3334 2954 3390; x_wconf 85' lang='lat' dir='ltr'><strong>Ista</strong></span> <span class='ocrx_word' id='word_1_340' title='bbox 2981 3333 3179 3390; x_wconf 84' lang='lat' dir='ltr'><strong>Petrus</strong></span> <span class='ocrx_word' id='word_1_341' title='bbox 3215 3335 3283 3388; x_wconf 90' lang='lat' dir='ltr'><strong>de</strong></span> <span class='ocrx_word' id='word_1_342' title='bbox 3323 3333 3435 3386; x_wconf 93' lang='lat' dir='ltr'><strong>illo.</strong></span> 
     </span>
    </p>
   </div>
   <div class='ocr_carea' id='block_1_52' title="bbox 1854 3421 3444 3496">
    <p class='ocr_par' dir='ltr' id='par_1_52' title="bbox 1854 3421 3444 3496">
     <span class='ocr_line' id='line_1_52' title="bbox 1854 3421 3444 3496; baseline 0.002 -18"><span class='ocrx_word' id='word_1_343' title='bbox 1854 3425 1996 3495; x_wconf 85' lang='lat' dir='ltr'><strong>Lege</strong></span> <span class='ocrx_word' id='word_1_344' title='bbox 2041 3421 2339 3495; x_wconf 84' lang='lat' dir='ltr'><strong>Recognit.,</strong></span> <span class='ocrx_word' id='word_1_345' title='bbox 2393 3425 2490 3481; x_wconf 90' lang='lat' dir='ltr'><strong>lib.</strong></span> <span class='ocrx_word' id='word_1_346' title='bbox 2537 3442 2576 3490; x_wconf 82' lang='grc' dir='ltr'>ι,</span> <span class='ocrx_word' id='word_1_347' title='bbox 2629 3440 2750 3496; x_wconf 92' lang='lat' dir='ltr'><strong>cap.</strong></span> <span class='ocrx_word' id='word_1_348' title='bbox 2777 3423 2882 3491; x_wconf 75' lang='lat'><strong>50;</strong></span> <span class='ocrx_word' id='word_1_349' title='bbox 2936 3424 3033 3480; x_wconf 93' lang='lat' dir='ltr'><strong>lib.</strong></span> <span class='ocrx_word' id='word_1_350' title='bbox 3063 3442 3140 3491; x_wconf 76' lang='grc' dir='ltr'><strong>ιν,</strong></span> <span class='ocrx_word' id='word_1_351' title='bbox 3193 3438 3294 3492; x_wconf 86' lang='lat' dir='ltr'><strong>cap</strong></span> <span class='ocrx_word' id='word_1_352' title='bbox 3345 3421 3444 3481; x_wconf 71' lang='lat'><strong>29;</strong></span> 
     </span>
    </p>
   </div>
   <div class='ocr_carea' id='block_1_53' title="bbox 1854 3514 2900 3583">
    <p class='ocr_par' dir='ltr' id='par_1_53' title="bbox 1854 3514 2900 3583">
     <span class='ocr_line' id='line_1_53' title="bbox 1854 3514 2900 3583; baseline 0 -12"><span class='ocrx_word' id='word_1_353' title='bbox 1854 3515 2205 3582; x_wconf 83' lang='lat' dir='ltr'><strong>Clementiua,</strong></span> <span class='ocrx_word' id='word_1_354' title='bbox 2229 3517 2416 3574; x_wconf 87' lang='lat' dir='ltr'><strong>homil.</strong></span> <span class='ocrx_word' id='word_1_355' title='bbox 2441 3516 2497 3583; x_wconf 88' lang='lat'><strong>9,</strong></span> <span class='ocrx_word' id='word_1_356' title='bbox 2532 3531 2684 3572; x_wconf 91' lang='lat' dir='ltr'><strong>num.</strong></span> <span class='ocrx_word' id='word_1_357' title='bbox 2710 3514 2765 3580; x_wconf 72' lang='grc' dir='ltr'><strong>ι,</strong></span> <span class='ocrx_word' id='word_1_358' title='bbox 2793 3524 2900 3571; x_wconf 88' lang='lat' dir='ltr'><strong>etc.</strong></span> 
     </span>
    </p>
   </div>
   <div class='ocr_carea' id='block_1_54' title="bbox 1745 3676 1859 3733">
    <p class='ocr_par' dir='ltr' id='par_1_54' title="bbox 1745 3676 1859 3733">
     <span class='ocr_line' id='line_1_54' title="bbox 1745 3676 1859 3733; baseline 0.026 -3"><span class='ocrx_word' id='word_1_359' title='bbox 1745 3676 1859 3733; x_wconf 79' lang='grc' dir='ltr'><strong>ΧΠ.</strong></span> 
     </span>
    </p>
   </div>
   <div class='ocr_carea' id='block_1_55' title="bbox 1110 3800 2501 3902">
    <p class='ocr_par' dir='ltr' id='par_1_55' title="bbox 1110 3800 2501 3902">
     <span class='ocr_line' id='line_1_55' title="bbox 1110 3800 2501 3902; baseline -0.001 -17"><span class='ocrx_word' id='word_1_360' title='bbox 1110 3800 1452 3898; x_wconf 70' lang='grc' dir='ltr'>Αιοιεεωιυο,</span> <span class='ocrx_word' id='word_1_361' title='bbox 1490 3831 1568 3887; x_wconf 80' lang='lat' dir='ltr'><strong>De</strong></span> <span class='ocrx_word' id='word_1_362' title='bbox 1602 3832 1847 3886; x_wconf 74' lang='lat' dir='ltr'><strong>laudibus</strong></span> <span class='ocrx_word' id='word_1_363' title='bbox 1883 3833 2228 3902; x_wconf 80' lang='lat' dir='ltr'><strong>virginitatis,</strong></span> <span class='ocrx_word' id='word_1_364' title='bbox 2257 3847 2377 3902; x_wconf 88' lang='lat' dir='ltr'><strong>cap.</strong></span> <span class='ocrx_word' id='word_1_365' title='bbox 2417 3832 2501 3885; x_wconf 64' lang='grc' dir='ltr'>ιε.</span> 
     </span>
    </p>
   </div>
   <div class='ocr_carea' id='block_1_56' title="bbox 243 3987 3436 4062">
    <p class='ocr_par' dir='ltr' id='par_1_56' title="bbox 243 3987 3436 4062">
     <span class='ocr_line' id='line_1_56' title="bbox 243 3987 3436 4062; baseline 0.001 -20"><span class='ocrx_word' id='word_1_366' title='bbox 243 3987 496 4043; x_wconf 90' lang='lat' dir='ltr'><strong>Clemens</strong></span> <span class='ocrx_word' id='word_1_367' title='bbox 530 3989 642 4060; x_wconf 89' lang='lat' dir='ltr'><strong>(ll)</strong></span> <span class='ocrx_word' id='word_1_368' title='bbox 689 3988 932 4044; x_wconf 78' lang='lat' dir='ltr'><strong>ccelestis</strong></span> <span class='ocrx_word' id='word_1_369' title='bbox 990 3987 1327 4044; x_wconf 89' lang='lat' dir='ltr'><strong>clavicularii</strong></span> <span class='ocrx_word' id='word_1_370' title='bbox 1359 4003 1571 4060; x_wconf 80' lang='lat' dir='ltr'><strong>primus</strong></span> <span class='ocrx_word' id='word_1_371' title='bbox 1627 4004 1756 4044; x_wconf 91' lang='lat' dir='ltr'><strong>suc-</strong></span> <span class='ocrx_word' id='word_1_372' title='bbox 1783 3999 1826 4058; x_wconf 71' lang='grc' dir='ltr'>ο</span> <span class='ocrx_word' id='word_1_373' title='bbox 1859 3991 2083 4045; x_wconf 87' lang='lat' dir='ltr'><strong>credere</strong></span> <span class='ocrx_word' id='word_1_374' title='bbox 2107 3987 2190 4044; x_wconf 81' lang='lat' dir='ltr'><strong>las</strong></span> <span class='ocrx_word' id='word_1_375' title='bbox 2213 3997 2296 4044; x_wconf 89' lang='lat' dir='ltr'><strong>est</strong></span> <span class='ocrx_word' id='word_1_376' title='bbox 2344 4004 2469 4044; x_wconf 90' lang='lat' dir='ltr'><strong>eum</strong></span> <span class='ocrx_word' id='word_1_377' title='bbox 2495 3999 2620 4062; x_wconf 92' lang='lat' dir='ltr'><strong>post</strong></span> <span class='ocrx_word' id='word_1_378' title='bbox 2659 3998 2881 4060; x_wconf 89' lang='lat' dir='ltr'><strong>accepta</strong></span> <span class='ocrx_word' id='word_1_379' title='bbox 2933 3989 3057 4045; x_wconf 87' lang='lat' dir='ltr'><strong>lidei</strong></span> <span class='ocrx_word' id='word_1_380' title='bbox 3104 3991 3436 4048; x_wconf 82' lang='lat' dir='ltr'><strong>rudimenta.</strong></span> 
     </span>
    </p>
   </div>
   <div class='ocr_carea' id='block_1_57' title="bbox 168 4080 1750 4152">
    <p class='ocr_par' dir='ltr' id='par_1_57' title="bbox 168 4080 1750 4152">
     <span class='ocr_line' id='line_1_57' title="bbox 168 4080 1750 4152; baseline 0.001 -18"><span class='ocrx_word' id='word_1_381' title='bbox 168 4095 383 4146; x_wconf 86' lang='lat' dir='ltr'><strong>eessor,</strong></span> <span class='ocrx_word' id='word_1_382' title='bbox 406 4089 460 4135; x_wconf 91' lang='lat' dir='ltr'><strong>et</strong></span> <span class='ocrx_word' id='word_1_383' title='bbox 486 4081 764 4136; x_wconf 91' lang='lat' dir='ltr'><strong>secundus</strong></span> <span class='ocrx_word' id='word_1_384' title='bbox 798 4080 1056 4136; x_wconf 66' lang='lat' dir='ltr'><strong>Romanae</strong></span> <span class='ocrx_word' id='word_1_385' title='bbox 1099 4080 1359 4136; x_wconf 73' lang='lat' dir='ltr'><strong>Ecclesia:</strong></span> <span class='ocrx_word' id='word_1_386' title='bbox 1378 4081 1750 4152; x_wconf 88' lang='lat' dir='ltr'><strong>dispensator,</strong></span> 
     </span>
    </p>
   </div>
   <div class='ocr_carea' id='block_1_58' title="bbox 167 4173 1752 4246">
    <p class='ocr_par' dir='ltr' id='par_1_58' title="bbox 167 4173 1752 4246">
     <span class='ocr_line' id='line_1_58' title="bbox 167 4173 1752 4246; baseline 0.001 -18"><span class='ocrx_word' id='word_1_387' title='bbox 167 4176 507 4245; x_wconf 84' lang='lat' dir='ltr'><strong>(quanquam</strong></span> <span class='ocrx_word' id='word_1_388' title='bbox 543 4175 791 4231; x_wconf 91' lang='lat' dir='ltr'><strong>nonnulli</strong></span> <span class='ocrx_word' id='word_1_389' title='bbox 822 4174 1017 4229; x_wconf 91' lang='lat' dir='ltr'><strong>Linum</strong></span> <span class='ocrx_word' id='word_1_390' title='bbox 1053 4185 1107 4230; x_wconf 93' lang='lat' dir='ltr'><strong>et</strong></span> <span class='ocrx_word' id='word_1_391' title='bbox 1154 4174 1370 4230; x_wconf 85' lang='lat' dir='ltr'><strong>Cletum</strong></span> <span class='ocrx_word' id='word_1_392' title='bbox 1411 4173 1467 4230; x_wconf 88' lang='lat' dir='ltr'><strong>in</strong></span> <span class='ocrx_word' id='word_1_393' title='bbox 1532 4176 1752 4246; x_wconf 84' lang='lat' dir='ltr'><strong>pontiﬁ-</strong></span> 
     </span>
    </p>
   </div>
   <div class='ocr_carea' id='block_1_59' title="bbox 170 4267 1750 4338">
    <p class='ocr_par' dir='ltr' id='par_1_59' title="bbox 170 4267 1750 4338">
     <span class='ocr_line' id='line_1_59' title="bbox 170 4267 1750 4338; baseline 0.001 -19"><span class='ocrx_word' id='word_1_394' title='bbox 170 4273 331 4321; x_wconf 89' lang='lat' dir='ltr'><strong>catus</strong></span> <span class='ocrx_word' id='word_1_395' title='bbox 358 4267 644 4336; x_wconf 89' lang='lat' dir='ltr'><strong>regimine,</strong></span> <span class='ocrx_word' id='word_1_396' title='bbox 675 4267 1048 4338; x_wconf 86' lang='lat' dir='ltr'><strong>nequidquam</strong></span> <span class='ocrx_word' id='word_1_397' title='bbox 1064 4267 1183 4323; x_wconf 88' lang='lat' dir='ltr'><strong>sine</strong></span> <span class='ocrx_word' id='word_1_398' title='bbox 1211 4283 1402 4331; x_wconf 90' lang='lat' dir='ltr'><strong>causa,</strong></span> <span class='ocrx_word' id='word_1_399' title='bbox 1437 4267 1750 4338; x_wconf 68' lang='lat' dir='ltr'><strong>praeferant)</strong></span> 
     </span>
    </p>
   </div>
   <div class='ocr_carea' id='block_1_60' title="bbox 171 4358 1753 4428">
    <p class='ocr_par' dir='ltr' id='par_1_60' title="bbox 171 4358 1753 4428">
     <span class='ocr_line' id='line_1_60' title="bbox 171 4358 1753 4428; baseline 0.002 -15"><span class='ocrx_word' id='word_1_400' title='bbox 171 4358 320 4428; x_wconf 87' lang='lat' dir='ltr'><strong>quod</strong></span> <span class='ocrx_word' id='word_1_401' title='bbox 354 4361 634 4415; x_wconf 60' lang='lat' dir='ltr'><strong>caelibatus</strong></span> <span class='ocrx_word' id='word_1_402' title='bbox 661 4361 1064 4425; x_wconf 87' lang='lat' dir='ltr'><strong>castimoniam,</strong></span> <span class='ocrx_word' id='word_1_403' title='bbox 1096 4362 1258 4415; x_wconf 91' lang='lat' dir='ltr'><strong>etiam</strong></span> <span class='ocrx_word' id='word_1_404' title='bbox 1284 4369 1581 4427; x_wconf 88' lang='lat' dir='ltr'><strong>antequam</strong></span> <span class='ocrx_word' id='word_1_405' title='bbox 1611 4362 1753 4416; x_wconf 83' lang='lat' dir='ltr'><strong>salu-</strong></span> 
     </span>
    </p>
   </div>
   <div class='ocr_carea' id='block_1_61' title="bbox 171 4452 1751 4523">
    <p class='ocr_par' dir='ltr' id='par_1_61' title="bbox 171 4452 1751 4523">
     <span class='ocr_line' id='line_1_61' title="bbox 171 4452 1751 4523; baseline 0.001 -17"><span class='ocrx_word' id='word_1_406' title='bbox 171 4452 336 4506; x_wconf 82' lang='lat' dir='ltr'><strong>tilero</strong></span> <span class='ocrx_word' id='word_1_407' title='bbox 367 4452 582 4506; x_wconf 88' lang='lat' dir='ltr'><strong>lavacro</strong></span> <span class='ocrx_word' id='word_1_408' title='bbox 616 4453 868 4523; x_wconf 88' lang='lat' dir='ltr'><strong>baptismi</strong></span> <span class='ocrx_word' id='word_1_409' title='bbox 901 4468 1135 4516; x_wconf 89' lang='lat' dir='ltr'><strong>mersus,</strong></span> <span class='ocrx_word' id='word_1_410' title='bbox 1164 4452 1231 4506; x_wconf 92' lang='lat' dir='ltr'><strong>ab</strong></span> <span class='ocrx_word' id='word_1_411' title='bbox 1252 4453 1504 4522; x_wconf 80' lang='lat' dir='ltr'><strong>originali</strong></span> <span class='ocrx_word' id='word_1_412' title='bbox 1540 4453 1751 4522; x_wconf 91' lang='lat' dir='ltr'><strong>piaculo</strong></span> 
     </span>
    </p>
   </div>
   <div class='ocr_carea' id='block_1_62' title="bbox 175 4545 1748 4615">
    <p class='ocr_par' dir='ltr' id='par_1_62' title="bbox 175 4545 1748 4615">
     <span class='ocr_line' id='line_1_62' title="bbox 175 4545 1748 4615; baseline 0.003 -19"><span class='ocrx_word' id='word_1_413' title='bbox 175 4551 526 4615; x_wconf 86' lang='lat' dir='ltr'><strong>purgaretur,</strong></span> <span class='ocrx_word' id='word_1_414' title='bbox 559 4545 876 4599; x_wconf 89' lang='lat' dir='ltr'><strong>medullitus</strong></span> <span class='ocrx_word' id='word_1_415' title='bbox 901 4545 1174 4609; x_wconf 83' lang='lat' dir='ltr'><strong>dilexerit,</strong></span> <span class='ocrx_word' id='word_1_416' title='bbox 1218 4546 1334 4614; x_wconf 91' lang='lat' dir='ltr'><strong>ipse</strong></span> <span class='ocrx_word' id='word_1_417' title='bbox 1371 4545 1609 4615; x_wconf 89' lang='lat' dir='ltr'><strong>propriis</strong></span> <span class='ocrx_word' id='word_1_418' title='bbox 1661 4545 1748 4600; x_wconf 92' lang='lat' dir='ltr'><strong>lit-</strong></span> 
     </span>
    </p>
   </div>
   <div class='ocr_carea' id='block_1_63' title="bbox 174 4635 1750 4714">
    <p class='ocr_par' dir='ltr' id='par_1_63' title="bbox 174 4635 1750 4714">
     <span class='ocr_line' id='line_1_63' title="bbox 174 4635 1750 4714; baseline 0.002 -25"><span class='ocrx_word' id='word_1_419' title='bbox 174 4646 415 4690; x_wconf 82' lang='lat' dir='ltr'><strong>terarum</strong></span> <span class='ocrx_word' id='word_1_420' title='bbox 445 4636 691 4707; x_wconf 88' lang='lat' dir='ltr'><strong>apicibus</strong></span> <span class='ocrx_word' id='word_1_421' title='bbox 729 4638 1012 4707; x_wconf 88' lang='lat' dir='ltr'><strong>propalam</strong></span> <span class='ocrx_word' id='word_1_422' title='bbox 1039 4645 1298 4703; x_wconf 90' lang='lat' dir='ltr'><strong>testatur,</strong></span> <span class='ocrx_word' id='word_1_423' title='bbox 1348 4637 1576 4714; x_wconf 73' lang='lat' dir='ltr'><strong>dicens;</strong></span> <span class='ocrx_word' id='word_1_424' title='bbox 1640 4635 1750 4708; x_wconf 84' lang='lat' dir='ltr'><strong>Ego</strong></span> 
     </span>
    </p>
   </div>
   <div class='ocr_carea' id='block_1_64' title="bbox 174 4727 1752 4799">
    <p class='ocr_par' dir='ltr' id='par_1_64' title="bbox 174 4727 1752 4799">
     <span class='ocr_line' id='line_1_64' title="bbox 174 4727 1752 4799; baseline 0.001 -15"><span class='ocrx_word' id='word_1_425' title='bbox 174 4729 413 4784; x_wconf 77' lang='lat' dir='ltr'><strong>Clemens</strong></span> <span class='ocrx_word' id='word_1_426' title='bbox 446 4730 499 4783; x_wconf 81' lang='lat' dir='ltr'><strong>in</strong></span> <span class='ocrx_word' id='word_1_427' title='bbox 536 4730 662 4784; x_wconf 84' lang='lat' dir='ltr'><strong>urbe</strong></span> <span class='ocrx_word' id='word_1_428' title='bbox 689 4728 860 4783; x_wconf 86' lang='lat' dir='ltr'><strong>Roma</strong></span> <span class='ocrx_word' id='word_1_429' title='bbox 902 4739 1084 4792; x_wconf 89' lang='lat' dir='ltr'><strong>natus,</strong></span> <span class='ocrx_word' id='word_1_430' title='bbox 1120 4746 1152 4782; x_wconf 89' lang='lat' dir='ltr'><strong>a</strong></span> <span class='ocrx_word' id='word_1_431' title='bbox 1181 4727 1356 4795; x_wconf 87' lang='lat' dir='ltr'><strong>prima</strong></span> <span class='ocrx_word' id='word_1_432' title='bbox 1389 4739 1547 4785; x_wconf 76' lang='lat' dir='ltr'><strong>wtate</strong></span> <span class='ocrx_word' id='word_1_433' title='bbox 1595 4731 1752 4799; x_wconf 85' lang='lat' dir='ltr'><strong>pudi-</strong></span> 
     </span>
    </p>
   </div>
   <div class='ocr_carea' id='block_1_65' title="bbox 173 4823 1747 4895">
    <p class='ocr_par' dir='ltr' id='par_1_65' title="bbox 173 4823 1747 4895">
     <span class='ocr_line' id='line_1_65' title="bbox 173 4823 1747 4895; baseline 0.001 -19"><span class='ocrx_word' id='word_1_434' title='bbox 173 4824 316 4877; x_wconf 66' lang='lat' dir='ltr'><strong>citia</strong></span> <span class='ocrx_word' id='word_1_435' title='bbox 345 4823 581 4877; x_wconf 82' lang='lat' dir='ltr'><strong>studium</strong></span> <span class='ocrx_word' id='word_1_436' title='bbox 611 4825 766 4893; x_wconf 85' lang='lat' dir='ltr'><strong>gessi.</strong></span> <span class='ocrx_word' id='word_1_437' title='bbox 793 4823 937 4895; x_wconf 86' lang='lat' dir='ltr'><strong>Ergo</strong></span> <span class='ocrx_word' id='word_1_438' title='bbox 971 4825 1016 4878; x_wconf 92' lang='lat' dir='ltr'><strong>si</strong></span> <span class='ocrx_word' id='word_1_439' title='bbox 1047 4823 1194 4893; x_wconf 90' lang='lat' dir='ltr'><strong>quod</strong></span> <span class='ocrx_word' id='word_1_440' title='bbox 1230 4825 1747 4893; x_wconf 72' lang='lat' dir='ltr'><strong>praestantissimum</strong></span> 
     </span>
    </p>
   </div>
   <div class='ocr_carea' id='block_1_66' title="bbox 171 4915 1754 4985">
    <p class='ocr_par' dir='ltr' id='par_1_66' title="bbox 171 4915 1754 4985">
     <span class='ocr_line' id='line_1_66' title="bbox 171 4915 1754 4985; baseline 0.001 -17"><span class='ocrx_word' id='word_1_441' title='bbox 171 4929 300 4968; x_wconf 83' lang='lat' dir='ltr'><strong>esse</strong></span> <span class='ocrx_word' id='word_1_442' title='bbox 329 4923 545 4969; x_wconf 90' lang='lat' dir='ltr'><strong>constat</strong></span> <span class='ocrx_word' id='word_1_443' title='bbox 579 4916 631 4968; x_wconf 92' lang='lat' dir='ltr'><strong>in</strong></span> <span class='ocrx_word' id='word_1_444' title='bbox 656 4917 869 4970; x_wconf 89' lang='lat' dir='ltr'><strong>cunctis</strong></span> <span class='ocrx_word' id='word_1_445' title='bbox 895 4916 1160 4970; x_wconf 89' lang='lat' dir='ltr'><strong>virtutum</strong></span> <span class='ocrx_word' id='word_1_446' title='bbox 1191 4915 1476 4985; x_wconf 86' lang='lat' dir='ltr'><strong>gradibus,</strong></span> <span class='ocrx_word' id='word_1_447' title='bbox 1524 4926 1577 4971; x_wconf 88' lang='lat' dir='ltr'><strong>et</strong></span> <span class='ocrx_word' id='word_1_448' title='bbox 1607 4932 1754 4970; x_wconf 90' lang='lat' dir='ltr'><strong>mor-</strong></span> 
     </span>
    </p>
   </div>
   <div class='ocr_carea' id='block_1_67' title="bbox 173 5004 1752 5078">
    <p class='ocr_par' dir='ltr' id='par_1_67' title="bbox 173 5004 1752 5078">
     <span class='ocr_line' id='line_1_67' title="bbox 173 5004 1752 5078; baseline 0.003 -19"><span class='ocrx_word' id='word_1_449' title='bbox 173 5007 365 5060; x_wconf 87' lang='lat' dir='ltr'><strong>talium</strong></span> <span class='ocrx_word' id='word_1_450' title='bbox 391 5014 601 5074; x_wconf 68' lang='lat' dir='ltr'><strong>natura:</strong></span> <span class='ocrx_word' id='word_1_451' title='bbox 628 5004 1002 5062; x_wconf 83' lang='lat' dir='ltr'><strong>dilllcillimum</strong></span> <span class='ocrx_word' id='word_1_452' title='bbox 1024 5049 1039 5071; x_wconf 91' lang='lat'><strong>,</strong></span> <span class='ocrx_word' id='word_1_453' title='bbox 1072 5008 1313 5062; x_wconf 91' lang='lat' dir='ltr'><strong>nondum</strong></span> <span class='ocrx_word' id='word_1_454' title='bbox 1371 5017 1752 5078; x_wconf 88' lang='lat' dir='ltr'><strong>regeneratus,</strong></span> 
     </span>
    </p>
   </div>
   <div class='ocr_carea' id='block_1_68' title="bbox 175 5098 1756 5174">
    <p class='ocr_par' dir='ltr' id='par_1_68' title="bbox 175 5098 1756 5174">
     <span class='ocr_line' id='line_1_68' title="bbox 175 5098 1756 5174; baseline 0.001 -20"><span class='ocrx_word' id='word_1_455' title='bbox 175 5098 281 5154; x_wconf 84' lang='lat' dir='ltr'><strong>sibi</strong></span> <span class='ocrx_word' id='word_1_456' title='bbox 315 5110 589 5170; x_wconf 84' lang='lat' dir='ltr'><strong>usurpans</strong></span> <span class='ocrx_word' id='word_1_457' title='bbox 616 5108 905 5170; x_wconf 90' lang='lat' dir='ltr'><strong>tantopere</strong></span> <span class='ocrx_word' id='word_1_458' title='bbox 962 5109 1240 5155; x_wconf 80' lang='lat' dir='ltr'><strong>taxaverat</strong></span> <span class='ocrx_word' id='word_1_459' title='bbox 1269 5141 1284 5166; x_wconf 97' lang='lat'><strong>,</strong></span> <span class='ocrx_word' id='word_1_460' title='bbox 1317 5109 1525 5171; x_wconf 89' lang='lat' dir='ltr'><strong>quanto</strong></span> <span class='ocrx_word' id='word_1_461' title='bbox 1579 5101 1756 5174; x_wconf 82' lang='lat' dir='ltr'><strong>magis</strong></span> 
     </span>
    </p>
   </div>
   <div class='ocr_carea' id='block_1_69' title="bbox 1859 4081 3439 4153">
    <p class='ocr_par' dir='ltr' id='par_1_69' title="bbox 1859 4081 3439 4153">
     <span class='ocr_line' id='line_1_69' title="bbox 1859 4081 3439 4153; baseline 0 -15"><span class='ocrx_word' id='word_1_462' title='bbox 1859 4090 2045 4151; x_wconf 87' lang='lat' dir='ltr'><strong>spreto</strong></span> <span class='ocrx_word' id='word_1_463' title='bbox 2073 4083 2358 4152; x_wconf 87' lang='lat' dir='ltr'><strong>gentilium</strong></span> <span class='ocrx_word' id='word_1_464' title='bbox 2385 4083 2517 4145; x_wconf 89' lang='lat' dir='ltr'><strong>ritu,</strong></span> <span class='ocrx_word' id='word_1_465' title='bbox 2544 4082 2674 4136; x_wconf 91' lang='lat' dir='ltr'><strong>dum</strong></span> <span class='ocrx_word' id='word_1_466' title='bbox 2709 4098 2805 4152; x_wconf 89' lang='lat' dir='ltr'><strong>per</strong></span> <span class='ocrx_word' id='word_1_467' title='bbox 2855 4081 3170 4153; x_wconf 81' lang='lat' dir='ltr'><strong>provincias</strong></span> <span class='ocrx_word' id='word_1_468' title='bbox 3215 4081 3439 4138; x_wconf 85' lang='lat' dir='ltr'><strong>Petrum</strong></span> 
     </span>
    </p>
   </div>
   <div class='ocr_carea' id='block_1_70' title="bbox 1856 4173 3444 4246">
    <p class='ocr_par' dir='ltr' id='par_1_70' title="bbox 1856 4173 3444 4246">
     <span class='ocr_line' id='line_1_70' title="bbox 1856 4173 3444 4246; baseline 0.001 -18"><span class='ocrx_word' id='word_1_469' title='bbox 1856 4181 2204 4244; x_wconf 85' lang='lat' dir='ltr'><strong>sequeretur,</strong></span> <span class='ocrx_word' id='word_1_470' title='bbox 2239 4174 2413 4228; x_wconf 88' lang='lat' dir='ltr'><strong>divini</strong></span> <span class='ocrx_word' id='word_1_471' title='bbox 2440 4173 2594 4230; x_wconf 90' lang='lat' dir='ltr'><strong>verbi</strong></span> <span class='ocrx_word' id='word_1_472' title='bbox 2621 4174 2834 4228; x_wconf 88' lang='lat' dir='ltr'><strong>semina</strong></span> <span class='ocrx_word' id='word_1_473' title='bbox 2866 4183 3168 4239; x_wconf 89' lang='lat' dir='ltr'><strong>serentem,</strong></span> <span class='ocrx_word' id='word_1_474' title='bbox 3227 4183 3282 4230; x_wconf 92' lang='lat' dir='ltr'><strong>et</strong></span> <span class='ocrx_word' id='word_1_475' title='bbox 3315 4191 3444 4246; x_wconf 88' lang='lat' dir='ltr'><strong>pro-</strong></span> 
     </span>
    </p>
   </div>
   <div class='ocr_carea' id='block_1_71' title="bbox 1855 4260 3445 4338">
    <p class='ocr_par' dir='ltr' id='par_1_71' title="bbox 1855 4260 3445 4338">
     <span class='ocr_line' id='line_1_71' title="bbox 1855 4260 3445 4338; baseline 0 -18"><span class='ocrx_word' id='word_1_476' title='bbox 1855 4267 2082 4337; x_wconf 85' lang='lat' dir='ltr'><strong>pagines</strong></span> <span class='ocrx_word' id='word_1_477' title='bbox 2112 4260 2439 4337; x_wconf 68' lang='lat' dir='ltr'><strong>evangelica:</strong></span> <span class='ocrx_word' id='word_1_478' title='bbox 2479 4266 2609 4321; x_wconf 88' lang='lat' dir='ltr'><strong>vitis</strong></span> <span class='ocrx_word' id='word_1_479' title='bbox 2638 4266 2982 4321; x_wconf 88' lang='lat' dir='ltr'><strong>credentium</strong></span> <span class='ocrx_word' id='word_1_480' title='bbox 3021 4266 3312 4322; x_wconf 89' lang='lat' dir='ltr'><strong>scrobibus</strong></span> <span class='ocrx_word' id='word_1_481' title='bbox 3347 4283 3445 4338; x_wconf 89' lang='lat' dir='ltr'><strong>pa-</strong></span> 
     </span>
    </p>
   </div>
   <div class='ocr_carea' id='block_1_72' title="bbox 1856 4356 3446 4429">
    <p class='ocr_par' dir='ltr' id='par_1_72' title="bbox 1856 4356 3446 4429">
     <span class='ocr_line' id='line_1_72' title="bbox 1856 4356 3446 4429; baseline 0.001 -17"><span class='ocrx_word' id='word_1_482' title='bbox 1856 4361 2175 4425; x_wconf 87' lang='lat' dir='ltr'><strong>stinantem,</strong></span> <span class='ocrx_word' id='word_1_483' title='bbox 2209 4368 2374 4429; x_wconf 87' lang='lat' dir='ltr'><strong>atque</strong></span> <span class='ocrx_word' id='word_1_484' title='bbox 2403 4356 2695 4412; x_wconf 71' lang='lat' dir='ltr'><strong>Simonica:</strong></span> <span class='ocrx_word' id='word_1_485' title='bbox 2724 4358 3008 4414; x_wconf 82' lang='lat' dir='ltr'><strong>lethileras</strong></span> <span class='ocrx_word' id='word_1_486' title='bbox 3051 4362 3446 4414; x_wconf 68' lang='lat' dir='ltr'><strong>necromantiae</strong></span> 
     </span>
    </p>
   </div>
   <div class='ocr_carea' id='block_1_73' title="bbox 1855 4451 3446 4522">
    <p class='ocr_par' dir='ltr' id='par_1_73' title="bbox 1855 4451 3446 4522">
     <span class='ocr_line' id='line_1_73' title="bbox 1855 4451 3446 4522; baseline 0 -16"><span class='ocrx_word' id='word_1_487' title='bbox 1855 4453 2138 4510; x_wconf 83' lang='lat' dir='ltr'><strong>labruscas</strong></span> <span class='ocrx_word' id='word_1_488' title='bbox 2179 4452 2444 4508; x_wconf 89' lang='lat' dir='ltr'><strong>radicitus</strong></span> <span class='ocrx_word' id='word_1_489' title='bbox 2475 4451 2906 4522; x_wconf 84' lang='lat' dir='ltr'><strong>exstirpantem;</strong></span> <span class='ocrx_word' id='word_1_490' title='bbox 2938 4451 3156 4522; x_wconf 88' lang='lat' dir='ltr'><strong>plenius</strong></span> <span class='ocrx_word' id='word_1_491' title='bbox 3181 4467 3243 4506; x_wconf 92' lang='lat' dir='ltr'><strong>ac</strong></span> <span class='ocrx_word' id='word_1_492' title='bbox 3267 4452 3446 4521; x_wconf 81' lang='lat' dir='ltr'><strong>perfe-</strong></span> 
     </span>
    </p>
   </div>
   <div class='ocr_carea' id='block_1_74' title="bbox 1855 4543 3441 4614">
    <p class='ocr_par' dir='ltr' id='par_1_74' title="bbox 1855 4543 3441 4614">
     <span class='ocr_line' id='line_1_74' title="bbox 1855 4543 3441 4614; baseline 0.001 -16"><span class='ocrx_word' id='word_1_493' title='bbox 1855 4546 1999 4598; x_wconf 90' lang='lat' dir='ltr'><strong>ctius</strong></span> <span class='ocrx_word' id='word_1_494' title='bbox 2035 4544 2374 4600; x_wconf 85' lang='lat' dir='ltr'><strong>servavisse:</strong></span> <span class='ocrx_word' id='word_1_495' title='bbox 2412 4543 2507 4614; x_wconf 89' lang='lat' dir='ltr'><strong>qui</strong></span> <span class='ocrx_word' id='word_1_496' title='bbox 2551 4543 2813 4613; x_wconf 84' lang='lat' dir='ltr'><strong>deinceps</strong></span> <span class='ocrx_word' id='word_1_497' title='bbox 2865 4543 3214 4599; x_wconf 87' lang='lat' dir='ltr'><strong>ltincrarinm</strong></span> <span class='ocrx_word' id='word_1_498' title='bbox 3271 4543 3441 4610; x_wconf 87' lang='lat' dir='ltr'><strong>Petri,</strong></span> 
     </span>
    </p>
   </div>
   <div class='ocr_carea' id='block_1_75' title="bbox 1853 4635 3441 4707">
    <p class='ocr_par' dir='ltr' id='par_1_75' title="bbox 1853 4635 3441 4707">
     <span class='ocr_line' id='line_1_75' title="bbox 1853 4635 3441 4707; baseline -0.001 -16"><span class='ocrx_word' id='word_1_499' title='bbox 1853 4638 2040 4692; x_wconf 89' lang='lat' dir='ltr'><strong>decem</strong></span> <span class='ocrx_word' id='word_1_500' title='bbox 2071 4637 2443 4692; x_wconf 83' lang='lat' dir='ltr'><strong>voluminibus</strong></span> <span class='ocrx_word' id='word_1_501' title='bbox 2475 4635 2774 4707; x_wconf 89' lang='lat' dir='ltr'><strong>digestum,</strong></span> <span class='ocrx_word' id='word_1_502' title='bbox 2799 4636 2922 4690; x_wconf 87' lang='lat' dir='ltr'><strong>luce</strong></span> <span class='ocrx_word' id='word_1_503' title='bbox 2946 4636 3153 4692; x_wconf 90' lang='lat' dir='ltr'><strong>clarius</strong></span> <span class='ocrx_word' id='word_1_504' title='bbox 3175 4636 3441 4698; x_wconf 89' lang='lat' dir='ltr'><strong>elimavit,</strong></span> 
     </span>
    </p>
   </div>
   <div class='ocr_carea' id='block_1_76' title="bbox 1855 4728 3444 4785">
    <p class='ocr_par' dir='ltr' id='par_1_76' title="bbox 1855 4728 3444 4785">
     <span class='ocr_line' id='line_1_76' title="bbox 1855 4728 3444 4785; baseline 0 -2"><span class='ocrx_word' id='word_1_505' title='bbox 1855 4730 2054 4785; x_wconf 78' lang='lat' dir='ltr'><strong>llulino</strong></span> <span class='ocrx_word' id='word_1_506' title='bbox 2087 4730 2140 4784; x_wconf 92' lang='lat' dir='ltr'><strong>in</strong></span> <span class='ocrx_word' id='word_1_507' title='bbox 2169 4729 2424 4784; x_wconf 83' lang='lat' dir='ltr'><strong>Latinum</strong></span> <span class='ocrx_word' id='word_1_508' title='bbox 2481 4744 2550 4783; x_wconf 81' lang='lat' dir='ltr'><strong>ex</strong></span> <span class='ocrx_word' id='word_1_509' title='bbox 2583 4728 2898 4784; x_wconf 67' lang='lat' dir='ltr'><strong>Graecorum</strong></span> <span class='ocrx_word' id='word_1_510' title='bbox 2930 4728 3282 4784; x_wconf 73' lang='lat' dir='ltr'><strong>bibliothecis</strong></span> <span class='ocrx_word' id='word_1_511' title='bbox 3324 4745 3444 4783; x_wconf 89' lang='lat' dir='ltr'><strong>ver-</strong></span> 
     </span>
    </p>
   </div>
   <div class='ocr_carea' id='block_1_77' title="bbox 1853 4822 3445 4894">
    <p class='ocr_par' dir='ltr' id='par_1_77' title="bbox 1853 4822 3445 4894">
     <span class='ocr_line' id='line_1_77' title="bbox 1853 4822 3445 4894; baseline -0.002 -16"><span class='ocrx_word' id='word_1_512' title='bbox 1853 4834 2018 4879; x_wconf 91' lang='lat' dir='ltr'><strong>tente.</strong></span> <span class='ocrx_word' id='word_1_513' title='bbox 2037 4823 2167 4894; x_wconf 84' lang='lat' dir='ltr'><strong>Lege</strong></span> <span class='ocrx_word' id='word_1_514' title='bbox 2191 4823 2456 4894; x_wconf 79' lang='lat' dir='ltr'><strong>Recogn.,</strong></span> <span class='ocrx_word' id='word_1_515' title='bbox 2480 4822 2570 4878; x_wconf 88' lang='lat' dir='ltr'><strong>lib.</strong></span> <span class='ocrx_word' id='word_1_516' title='bbox 2596 4838 2634 4886; x_wconf 85' lang='grc' dir='ltr'><strong>ι,</strong></span> <span class='ocrx_word' id='word_1_517' title='bbox 2655 4838 2771 4890; x_wconf 84' lang='lat' dir='ltr'><strong>cap.</strong></span> <span class='ocrx_word' id='word_1_518' title='bbox 2795 4822 2843 4878; x_wconf 83' lang='lat' dir='ltr'><strong>l.</strong></span> <span class='ocrx_word' id='word_1_519' title='bbox 2875 4823 3183 4880; x_wconf 77' lang='lat' dir='ltr'><strong>Adeundum</strong></span> <span class='ocrx_word' id='word_1_520' title='bbox 3210 4823 3445 4891; x_wconf 83' lang='lat' dir='ltr'><strong>ejusdem</strong></span> 
     </span>
    </p>
   </div>
   <div class='ocr_carea' id='block_1_78' title="bbox 1860 4914 3445 4987">
    <p class='ocr_par' dir='ltr' id='par_1_78' title="bbox 1860 4914 3445 4987">
     <span class='ocr_line' id='line_1_78' title="bbox 1860 4914 3445 4987; baseline -0.001 -17"><span class='ocrx_word' id='word_1_521' title='bbox 1860 4934 2072 4971; x_wconf 84' lang='lat' dir='ltr'><strong>carmen</strong></span> <span class='ocrx_word' id='word_1_522' title='bbox 2104 4917 2178 4972; x_wconf 91' lang='lat' dir='ltr'><strong>De</strong></span> <span class='ocrx_word' id='word_1_523' title='bbox 2209 4918 2369 4972; x_wconf 91' lang='lat' dir='ltr'><strong>laude</strong></span> <span class='ocrx_word' id='word_1_524' title='bbox 2400 4917 2693 4987; x_wconf 78' lang='lat' dir='ltr'><strong>virginum,</strong></span> <span class='ocrx_word' id='word_1_525' title='bbox 2727 4933 2785 4970; x_wconf 80' lang='lat' dir='ltr'><strong>eo</strong></span> <span class='ocrx_word' id='word_1_526' title='bbox 2818 4917 2930 4970; x_wconf 87' lang='lat' dir='ltr'><strong>loco</strong></span> <span class='ocrx_word' id='word_1_527' title='bbox 2978 4917 3034 4969; x_wconf 88' lang='lat' dir='ltr'><strong>in</strong></span> <span class='ocrx_word' id='word_1_528' title='bbox 3084 4932 3185 4986; x_wconf 85' lang='lat' dir='ltr'><strong>quo</strong></span> <span class='ocrx_word' id='word_1_529' title='bbox 3217 4915 3281 4969; x_wconf 89' lang='lat' dir='ltr'><strong>de</strong></span> <span class='ocrx_word' id='word_1_530' title='bbox 3324 4914 3445 4970; x_wconf 83' lang='lat' dir='ltr'><strong>Cle-</strong></span> 
     </span>
    </p>
   </div>
   <div class='ocr_carea' id='block_1_79' title="bbox 1863 5013 2183 5082">
    <p class='ocr_par' dir='ltr' id='par_1_79' title="bbox 1863 5013 2183 5082">
     <span class='ocr_line' id='line_1_79' title="bbox 1863 5013 2183 5082; baseline 0.009 -18"><span class='ocrx_word' id='word_1_531' title='bbox 1863 5022 2032 5066; x_wconf 81' lang='lat' dir='ltr'><strong>mente</strong></span> <span class='ocrx_word' id='word_1_532' title='bbox 2056 5013 2183 5082; x_wconf 84' lang='lat' dir='ltr'><strong>agit.</strong></span> 
     </span>
    </p>
   </div>
   <div class='ocr_carea' id='block_1_80' title="bbox 1743 5211 1879 5267">
    <p class='ocr_par' dir='ltr' id='par_1_80' title="bbox 1743 5211 1879 5267">
     <span class='ocr_line' id='line_1_80' title="bbox 1743 5211 1879 5267; baseline 0.015 -2"><span class='ocrx_word' id='word_1_533' title='bbox 1743 5211 1879 5267; x_wconf 73' lang='lat' dir='ltr'><strong>Xlll.</strong></span> 
     </span>
    </p>
   </div>
   <div class='ocr_carea' id='block_1_81' title="bbox 281 5315 3324 5394">
    <p class='ocr_par' dir='ltr' id='par_1_81' title="bbox 281 5315 3324 5394">
     <span class='ocr_line' id='line_1_81' title="bbox 281 5315 3324 5394; baseline -0.004 -13"><span class='ocrx_word' id='word_1_534' title='bbox 281 5322 453 5393; x_wconf 78' lang='grc' dir='ltr'>ΒεοΑ,</span> <span class='ocrx_word' id='word_1_535' title='bbox 481 5327 534 5380; x_wconf 92' lang='lat' dir='ltr'><strong>in</strong></span> <span class='ocrx_word' id='word_1_536' title='bbox 561 5326 944 5390; x_wconf 71' lang='lat' dir='ltr'><strong>Hexaemeron,</strong></span> <span class='ocrx_word' id='word_1_537' title='bbox 975 5327 1107 5394; x_wconf 86' lang='lat' dir='ltr'><strong>sive,</strong></span> <span class='ocrx_word' id='word_1_538' title='bbox 1131 5335 1190 5380; x_wconf 91' lang='lat' dir='ltr'><strong>ut</strong></span> <span class='ocrx_word' id='word_1_539' title='bbox 1218 5327 1307 5380; x_wconf 90' lang='lat' dir='ltr'><strong>alii</strong></span> <span class='ocrx_word' id='word_1_540' title='bbox 1327 5324 1466 5381; x_wconf 81' lang='lat' dir='ltr'><strong>falso</strong></span> <span class='ocrx_word' id='word_1_541' title='bbox 1488 5326 1823 5391; x_wconf 89' lang='lat' dir='ltr'><strong>inscribunt,</strong></span> <span class='ocrx_word' id='word_1_542' title='bbox 1853 5323 2121 5388; x_wconf 71' lang='lat' dir='ltr'><strong>JL&#39;NILIUS,</strong></span> <span class='ocrx_word' id='word_1_543' title='bbox 2155 5325 2206 5378; x_wconf 92' lang='lat' dir='ltr'><strong>in</strong></span> <span class='ocrx_word' id='word_1_544' title='bbox 2241 5326 2419 5394; x_wconf 86' lang='lat' dir='ltr'><strong>priora</strong></span> <span class='ocrx_word' id='word_1_545' title='bbox 2450 5323 2727 5377; x_wconf 83' lang='lat' dir='ltr'><strong>Geneseos</strong></span> <span class='ocrx_word' id='word_1_546' title='bbox 2751 5335 2766 5372; x_wconf 88' lang='lat'><strong>:</strong></span> <span class='ocrx_word' id='word_1_547' title='bbox 2797 5320 2862 5374; x_wconf 88' lang='lat' dir='ltr'><strong>ad</strong></span> <span class='ocrx_word' id='word_1_548' title='bbox 2893 5317 3028 5373; x_wconf 90' lang='lat' dir='ltr'><strong>Gen.</strong></span> <span class='ocrx_word' id='word_1_549' title='bbox 3056 5333 3096 5384; x_wconf 82' lang='grc' dir='ltr'>ι,</span> <span class='ocrx_word' id='word_1_550' title='bbox 3121 5315 3174 5379; x_wconf 87' lang='lat'><strong>6,</strong></span> <span class='ocrx_word' id='word_1_551' title='bbox 3203 5317 3251 5378; x_wconf 82' lang='lat'><strong>7,</strong></span> <span class='ocrx_word' id='word_1_552' title='bbox 3273 5317 3324 5371; x_wconf 89' lang='lat'><strong>8.</strong></span> 
     </span>
    </p>
   </div>
   <div class='ocr_carea' id='block_1_82' title="bbox 228 5429 3440 5514">
    <p class='ocr_par' dir='ltr' id='par_1_82' title="bbox 228 5429 3440 5514">
     <span class='ocr_line' id='line_1_82' title="bbox 228 5429 3440 5514; baseline -0.005 -16"><span class='ocrx_word' id='word_1_553' title='bbox 228 5435 324 5499; x_wconf 56' lang='lat' dir='ltr'><strong>&#39;De</strong></span> <span class='ocrx_word' id='word_1_554' title='bbox 356 5451 439 5499; x_wconf 80' lang='lat' dir='ltr'><strong>his</strong></span> <span class='ocrx_word' id='word_1_555' title='bbox 464 5460 595 5498; x_wconf 83' lang='lat' dir='ltr'><strong>sane</strong></span> <span class='ocrx_word' id='word_1_556' title='bbox 615 5461 734 5514; x_wconf 68' lang='lat' dir='ltr'><strong>qua:</strong></span> <span class='ocrx_word' id='word_1_557' title='bbox 762 5445 1028 5498; x_wconf 84' lang='lat' dir='ltr'><strong>hactenus</strong></span> <span class='ocrx_word' id='word_1_558' title='bbox 1051 5443 1299 5512; x_wconf 80' lang='lat' dir='ltr'><strong>exposita</strong></span> <span class='ocrx_word' id='word_1_559' title='bbox 1321 5453 1471 5507; x_wconf 90' lang='lat' dir='ltr'><strong>sunt,</strong></span> <span class='ocrx_word' id='word_1_560' title='bbox 1505 5443 1556 5497; x_wconf 94' lang='lat' dir='ltr'><strong>id</strong></span> <span class='ocrx_word' id='word_1_561' title='bbox 1588 5443 1748 5496; x_wconf 79' lang='lat' dir='ltr'><strong>etiam</strong></span> <span class='ocrx_word' id='word_1_562' title='bbox 1785 5446 1831 5504; x_wconf 80' lang='grc' dir='ltr'>ι)</span> <span class='ocrx_word' id='word_1_563' title='bbox 1859 5441 1929 5494; x_wconf 76' lang='grc' dir='ltr'><strong>ι·ιί</strong></span> <span class='ocrx_word' id='word_1_564' title='bbox 1953 5441 2250 5495; x_wconf 75' lang='lat' dir='ltr'><strong>Clementis</strong></span> <span class='ocrx_word' id='word_1_565' title='bbox 2275 5448 2346 5492; x_wconf 76' lang='lat' dir='ltr'><strong>ita</strong></span> <span class='ocrx_word' id='word_1_566' title='bbox 2377 5445 2612 5493; x_wconf 74' lang='lat' dir='ltr'><strong>refertur</strong></span> <span class='ocrx_word' id='word_1_567' title='bbox 2636 5435 2748 5506; x_wconf 72' lang='lat' dir='ltr'><strong>(l2)</strong></span> <span class='ocrx_word' id='word_1_568' title='bbox 2781 5434 2987 5490; x_wconf 80' lang='lat' dir='ltr'><strong>dixisse</strong></span> <span class='ocrx_word' id='word_1_569' title='bbox 3014 5433 3318 5502; x_wconf 83' lang='lat' dir='ltr'><strong>apostolum</strong></span> <span class='ocrx_word' id='word_1_570' title='bbox 3343 5429 3440 5484; x_wconf 83' lang='lat' dir='ltr'><strong>Pe-</strong></span> 
     </span>
    </p>
   </div>
   <div class='ocr_carea' id='block_1_83' title="bbox 175 5535 1750 5607">
    <p class='ocr_par' dir='ltr' id='par_1_83' title="bbox 175 5535 1750 5607">
     <span class='ocr_line' id='line_1_83' title="bbox 175 5535 1750 5607; baseline 0.001 -18"><span class='ocrx_word' id='word_1_571' title='bbox 175 5538 244 5594; x_wconf 83' lang='lat' dir='ltr'><strong>de</strong></span> <span class='ocrx_word' id='word_1_572' title='bbox 283 5539 561 5592; x_wconf 80' lang='lat' dir='ltr'><strong>creatione</strong></span> <span class='ocrx_word' id='word_1_573' title='bbox 592 5537 698 5591; x_wconf 91' lang='lat' dir='ltr'><strong>diei</strong></span> <span class='ocrx_word' id='word_1_574' title='bbox 727 5536 887 5607; x_wconf 88' lang='lat' dir='ltr'><strong>primi</strong></span> <span class='ocrx_word' id='word_1_575' title='bbox 913 5543 967 5590; x_wconf 90' lang='lat' dir='ltr'><strong>et</strong></span> <span class='ocrx_word' id='word_1_576' title='bbox 995 5536 1222 5590; x_wconf 88' lang='lat' dir='ltr'><strong>secundi</strong></span> <span class='ocrx_word' id='word_1_577' title='bbox 1255 5537 1309 5592; x_wconf 90' lang='lat' dir='ltr'><strong>in</strong></span> <span class='ocrx_word' id='word_1_578' title='bbox 1336 5535 1576 5592; x_wconf 81' lang='lat' dir='ltr'><strong>Historia</strong></span> <span class='ocrx_word' id='word_1_579' title='bbox 1620 5552 1750 5592; x_wconf 91' lang='lat' dir='ltr'><strong>san-</strong></span> 
     </span>
    </p>
   </div>
   <div class='ocr_carea' id='block_1_84' title="bbox 248 5673 1152 5748">
    <p class='ocr_par' dir='ltr' id='par_1_84' title="bbox 248 5673 1152 5748">
     <span class='ocr_line' id='line_1_84' title="bbox 248 5673 1152 5748; baseline 0.001 -21"><span class='ocrx_word' id='word_1_580' title='bbox 356 5677 615 5748; x_wconf 53' lang='lat' dir='ltr'><strong>[ﬂnyjqx</strong></span> <span class='ocrx_word' id='word_1_581' title='bbox 651 5673 814 5748; x_wconf 68' lang='lat' dir='ltr'><strong>Forte</strong></span> <span class='ocrx_word' id='word_1_582' title='bbox 852 5675 1152 5746; x_wconf 71' lang='grc' dir='ltr'>Κλήμεντι.</span> 
     </span>
    </p>
   </div>
   <div class='ocr_carea' id='block_1_85' title="bbox 249 5745 903 5809">
    <p class='ocr_par' dir='ltr' id='par_1_85' title="bbox 249 5745 903 5809">
     <span class='ocr_line' id='line_1_85' title="bbox 249 5745 903 5809; baseline 0.002 -13"><span class='ocrx_word' id='word_1_583' title='bbox 249 5745 322 5808; x_wconf 75' lang='grc'><strong>(7)</strong></span> <span class='ocrx_word' id='word_1_584' title='bbox 355 5745 480 5797; x_wconf 75' lang='grc' dir='ltr'><strong>Ἕν.</strong></span> <span class='ocrx_word' id='word_1_585' title='bbox 515 5745 640 5809; x_wconf 60' lang='lat' dir='ltr'><strong>ch.</strong></span> <span class='ocrx_word' id='word_1_586' title='bbox 671 5747 746 5798; x_wconf 75' lang='grc' dir='ltr'>ἑνί</span> <span class='ocrx_word' id='word_1_587' title='bbox 777 5763 903 5798; x_wconf 87' lang='grc' dir='ltr'>τινι.</span> 
     </span>
    </p>
   </div>
   <div class='ocr_carea' id='block_1_86' title="bbox 249 5814 1114 5886">
    <p class='ocr_par' dir='ltr' id='par_1_86' title="bbox 249 5814 1114 5886">
     <span class='ocr_line' id='line_1_86' title="bbox 249 5814 1114 5886; baseline 0.002 -18"><span class='ocrx_word' id='word_1_588' title='bbox 249 5815 324 5874; x_wconf 73' lang='lat'><strong>(8)</strong></span> <span class='ocrx_word' id='word_1_589' title='bbox 372 5818 466 5869; x_wconf 82' lang='grc' dir='ltr'><strong>Ἑν</strong></span> <span class='ocrx_word' id='word_1_590' title='bbox 497 5814 968 5886; x_wconf 40' lang='lat' dir='ltr'><strong>(ti‘irﬁj’rmpone</strong></span> <span class='ocrx_word' id='word_1_591' title='bbox 1004 5818 1114 5870; x_wconf 83' lang='grc' dir='ltr'>καί.</span> 
     </span>
    </p>
   </div>
   <div class='ocr_carea' id='block_1_87' title="bbox 246 5885 1131 5956">
    <p class='ocr_par' dir='ltr' id='par_1_87' title="bbox 246 5885 1131 5956">
     <span class='ocr_line' id='line_1_87' title="bbox 246 5885 1131 5956; baseline -0.002 -16"><span class='ocrx_word' id='word_1_592' title='bbox 246 5892 320 5952; x_wconf 65' lang='lat' dir='ltr'><strong>lit)</strong></span> <span class='ocrx_word' id='word_1_593' title='bbox 360 5890 536 5951; x_wconf 58' lang='grc' dir='ltr'>Καρσί</span> <span class='ocrx_word' id='word_1_594' title='bbox 554 5886 651 5950; x_wconf 78' lang='grc' dir='ltr'><strong>ὦς.</strong></span> <span class='ocrx_word' id='word_1_595' title='bbox 686 5885 843 5956; x_wconf 70' lang='lat' dir='ltr'><strong>Forte</strong></span> <span class='ocrx_word' id='word_1_596' title='bbox 878 5886 1131 5956; x_wconf 72' lang='grc' dir='ltr'>καθαρός.</span> 
     </span>
    </p>
   </div>
   <div class='ocr_carea' id='block_1_88' title="bbox 246 5954 1604 6028">
    <p class='ocr_par' dir='ltr' id='par_1_88' title="bbox 246 5954 1604 6028">
     <span class='ocr_line' id='line_1_88' title="bbox 246 5954 1604 6028; baseline 0.002 -20"><span class='ocrx_word' id='word_1_597' title='bbox 246 5960 424 6025; x_wconf 65' lang='lat' dir='ltr'><strong>(lowi</strong></span> <span class='ocrx_word' id='word_1_598' title='bbox 447 5954 930 6024; x_wconf 68' lang='grc' dir='ltr'><strong>(ἱ›·θ,ίω.τοι.ἰτοτιο</strong></span> <span class='ocrx_word' id='word_1_599' title='bbox 955 5954 1393 6028; x_wconf 66' lang='lat' dir='ltr'><strong>priemittendum</strong></span> <span class='ocrx_word' id='word_1_600' title='bbox 1425 5955 1604 6011; x_wconf 69' lang='grc' dir='ltr'>πάλιν.</span> 
     </span>
    </p>
   </div>
   <div class='ocr_carea' id='block_1_89' title="bbox 1860 5525 3440 5600">
    <p class='ocr_par' dir='ltr' id='par_1_89' title="bbox 1860 5525 3440 5600">
     <span class='ocr_line' id='line_1_89' title="bbox 1860 5525 3440 5600; baseline -0.006 -15"><span class='ocrx_word' id='word_1_601' title='bbox 1860 5542 2035 5587; x_wconf 88' lang='lat' dir='ltr'><strong>trum:</strong></span> <span class='ocrx_word' id='word_1_602' title='bbox 2073 5531 2136 5586; x_wconf 89' lang='lat' dir='ltr'><strong>In</strong></span> <span class='ocrx_word' id='word_1_603' title='bbox 2167 5531 2443 5600; x_wconf 84' lang='lat' dir='ltr'><strong>principio,</strong></span> <span class='ocrx_word' id='word_1_604' title='bbox 2472 5547 2590 5584; x_wconf 85' lang='lat' dir='ltr'><strong>cum</strong></span> <span class='ocrx_word' id='word_1_605' title='bbox 2617 5529 2846 5598; x_wconf 82' lang='lat' dir='ltr'><strong>fecisset,</strong></span> <span class='ocrx_word' id='word_1_606' title='bbox 2893 5536 3025 5592; x_wconf 89' lang='lat' dir='ltr'><strong>etc.,</strong></span> <span class='ocrx_word' id='word_1_607' title='bbox 3068 5525 3287 5594; x_wconf 78' lang='lat' dir='ltr'><strong>inferior</strong></span> <span class='ocrx_word' id='word_1_608' title='bbox 3322 5541 3440 5578; x_wconf 77' lang='lat' dir='ltr'><strong>vero</strong></span> 
     </span>
    </p>
   </div>
   <div class='ocr_carea' id='block_1_90' title="bbox 1933 5664 3442 5745">
    <p class='ocr_par' dir='ltr' id='par_1_90' title="bbox 1933 5664 3442 5745">
     <span class='ocr_line' id='line_1_90' title="bbox 1933 5664 3442 5745; baseline -0.01 -17"><span class='ocrx_word' id='word_1_609' title='bbox 1933 5674 2045 5745; x_wconf 84' lang='lat' dir='ltr'><strong>(ll)</strong></span> <span class='ocrx_word' id='word_1_610' title='bbox 2078 5672 2189 5726; x_wconf 85' lang='lat' dir='ltr'><strong>Hoc</strong></span> <span class='ocrx_word' id='word_1_611' title='bbox 2206 5670 2475 5745; x_wconf 76' lang='lat' dir='ltr'><strong>Aldhelmi</strong></span> <span class='ocrx_word' id='word_1_612' title='bbox 2506 5665 3055 5745; x_wconf 34' lang='lat' dir='ltr'><strong>testiinonium‘quod</strong></span> <span class='ocrx_word' id='word_1_613' title='bbox 3081 5664 3292 5745; x_wconf 76' lang='lat' dir='ltr'><strong>mendis</strong></span> <span class='ocrx_word' id='word_1_614' title='bbox 3317 5678 3442 5745; x_wconf 59' lang='lat' dir='ltr'><strong>sea-</strong></span> 
     </span>
    </p>
   </div>
   <div class='ocr_carea' id='block_1_91' title="bbox 1861 5731 3436 5807">
    <p class='ocr_par' dir='ltr' id='par_1_91' title="bbox 1861 5731 3436 5807">
     <span class='ocr_line' id='line_1_91' title="bbox 1861 5731 3436 5807; baseline -0.008 -8"><span class='ocrx_word' id='word_1_615' title='bbox 1861 5731 2224 5802; x_wconf 43' lang='lat' dir='ltr'><strong>tet‘in&#39;editis.</strong></span> <span class='ocrx_word' id='word_1_616' title='bbox 2259 5743 2497 5796; x_wconf 85' lang='lat' dir='ltr'><strong>Grabius</strong></span> <span class='ocrx_word' id='word_1_617' title='bbox 2528 5742 2583 5794; x_wconf 91' lang='lat' dir='ltr'><strong>in</strong></span> <span class='ocrx_word' id='word_1_618' title='bbox 2616 5740 2802 5807; x_wconf 83' lang='lat' dir='ltr'><strong>Spicil.</strong></span> <span class='ocrx_word' id='word_1_619' title='bbox 2829 5731 2944 5794; x_wconf 68' lang='lat' dir='ltr'><strong>PP.</strong></span> <span class='ocrx_word' id='word_1_620' title='bbox 2971 5747 3100 5792; x_wconf 91' lang='lat' dir='ltr'><strong>tom.</strong></span> <span class='ocrx_word' id='word_1_621' title='bbox 3132 5734 3170 5800; x_wconf 87' lang='grc' dir='ltr'><strong>ι,</strong></span> <span class='ocrx_word' id='word_1_622' title='bbox 3213 5751 3266 5803; x_wconf 92' lang='lat' dir='ltr'><strong>p.</strong></span> <span class='ocrx_word' id='word_1_623' title='bbox 3306 5731 3436 5792; x_wconf 68' lang='lat'><strong>280.</strong></span> 
     </span>
    </p>
   </div>
   <div class='ocr_carea' id='block_1_92' title="bbox 1859 5807 3438 5885">
    <p class='ocr_par' dir='ltr' id='par_1_92' title="bbox 1859 5807 3438 5885">
     <span class='ocr_line' id='line_1_92' title="bbox 1859 5807 3438 5885; baseline -0.008 -16"><span class='ocrx_word' id='word_1_624' title='bbox 1859 5817 2074 5885; x_wconf 83' lang='lat' dir='ltr'><strong>egregie</strong></span> <span class='ocrx_word' id='word_1_625' title='bbox 2109 5816 2343 5867; x_wconf 85' lang='lat' dir='ltr'><strong>restituit</strong></span> <span class='ocrx_word' id='word_1_626' title='bbox 2388 5829 2454 5865; x_wconf 79' lang='lat' dir='ltr'><strong>ex</strong></span> <span class='ocrx_word' id='word_1_627' title='bbox 2489 5827 2590 5866; x_wconf 89' lang='lat' dir='ltr'><strong>ms.</strong></span> <span class='ocrx_word' id='word_1_628' title='bbox 2627 5813 2750 5864; x_wconf 81' lang='lat' dir='ltr'><strong>eod.</strong></span> <span class='ocrx_word' id='word_1_629' title='bbox 2785 5810 3034 5865; x_wconf 87' lang='lat' dir='ltr'><strong>biblioth.</strong></span> <span class='ocrx_word' id='word_1_630' title='bbox 3072 5807 3224 5862; x_wconf 88' lang='lat' dir='ltr'><strong>Bodl.</strong></span> <span class='ocrx_word' id='word_1_631' title='bbox 3271 5820 3438 5873; x_wconf 86' lang='lat' dir='ltr'><strong>quem</strong></span> 
     </span>
    </p>
   </div>
   <div class='ocr_carea' id='block_1_93' title="bbox 1860 5886 2526 5955">
    <p class='ocr_par' dir='ltr' id='par_1_93' title="bbox 1860 5886 2526 5955">
     <span class='ocr_line' id='line_1_93' title="bbox 1860 5886 2526 5955; baseline -0.008 -14"><span class='ocrx_word' id='word_1_632' title='bbox 1860 5887 2087 5955; x_wconf 86' lang='lat' dir='ltr'><strong>proinde</strong></span> <span class='ocrx_word' id='word_1_633' title='bbox 2112 5886 2281 5938; x_wconf 80' lang='lat' dir='ltr'><strong>secuti</strong></span> <span class='ocrx_word' id='word_1_634' title='bbox 2315 5898 2526 5938; x_wconf 86' lang='lat' dir='ltr'><strong>smnus.</strong></span> 
     </span>
    </p>
   </div>
   <div class='ocr_carea' id='block_1_94' title="bbox 1935 5955 2738 6026">
    <p class='ocr_par' dir='ltr' id='par_1_94' title="bbox 1935 5955 2738 6026">
     <span class='ocr_line' id='line_1_94' title="bbox 1935 5955 2738 6026; baseline 0 -17"><span class='ocrx_word' id='word_1_635' title='bbox 1935 5957 2040 6026; x_wconf 72' lang='grc'>(12)</span> <span class='ocrx_word' id='word_1_636' title='bbox 2075 5955 2332 6011; x_wconf 71' lang='lat' dir='ltr'><strong>Refertur.</strong></span> <span class='ocrx_word' id='word_1_637' title='bbox 2360 5955 2443 6010; x_wconf 76' lang='lat' dir='ltr'><strong>Al.</strong></span> <span class='ocrx_word' id='word_1_638' title='bbox 2487 5955 2738 6023; x_wconf 80' lang='lat' dir='ltr'><strong>referunt.</strong></span> 
     </span>
    </p>
   </div>
  </div>
