4066 6334
623 478 755 538 illi?
1426 472 1483 529 ε.
1518 464 1908 527 CLEMENTIS
1940 463 1961 520 i
1995 462 2161 521 ROM.
2200 459 2402 518 PONT.
2435 456 2664 517 OPERA
2697 454 2920 512 DUBiA.
3699 442 3843 500 H68

618 593 867 665 praeberet
897 590 1209 649 hominibus.
1252 589 1377 647 limo
1405 598 1594 645 nostro
1622 587 1771 659 operi
1800 584 1989 657 paucis
2030 584 2175 639 inse-
2206 584 2255 646 Α
2281 579 2391 647 det,
2418 578 2589 633 lector
2610 580 2888 647 agnoscat.
2923 570 3347 640 Recognitionum
3390 563 3479 620 lib.
3514 579 3570 631 t,
3615 577 3731 631 cap.
3759 560 3853 618 27.

620 704 741 746 rere
777 689 955 751 libuit,
987 695 1046 741 ut
1069 693 1334 757 quantum
1371 684 1472 740 hoc
1495 682 1715 737 Patrum
1744 682 1928 737 sensui
1956 691 2188 733 concor-

1797 852 1943 910 idem
1972 864 2137 917 bans,
2169 850 2225 905 in
2257 848 2507 902 Actorum
2535 862 2591 912 ν,
2624 846 2713 903 54.

691 1020 795 1078 Hic
822 1018 1108 1085 Gamaliet,
1133 1028 1192 1073 ut
1220 1016 1471 1071 Clemens
1502 992 1764 1076 indicat,
1814 1009 2184 1081 apostolorum
2289 1004 2432 1076 apud
2478 1002 2715 1068 Judwos,
2780 1008 2840 1055 ut
2900 998 3088 1056 eorum
3144 996 3199 1051 in
3241 995 3336 1049 tali
3379 994 3593 1050 turbine
3667 996 3861 1059 posset

623 1123 741 1173 erat
775 1113 963 1185 inﬁde
988 1112 1194 1177 socius,
1225 1109 1323 1166 sed
1349 1122 1538 1164 eorum
1568 1105 1806 1161 consilio
1854 1115 2185 1174 permanens
2290 1099 2483 1157 sedare
2526 1097 2787 1153 furorem.

1458 1242 1588 1300 ipsis
1621 1243 1676 1297 in
1706 1238 2093 1296 Retractatione
2126 1240 2180 1294 in
2213 1239 2369 1304 Acta,
2406 1236 2473 1293 ad
2500 1235 2749 1293 eumdem
2786 1234 2985 1289 locum.

692 1409 769 1464 De
791 1406 894 1463 hoc
926 1403 1225 1462 Gamaliele
1246 1411 1301 1461 et
1326 1403 1382 1459 in
1399 1402 1540 1458 libro
1562 1399 1738 1457 sancti
1766 1396 2063 1455 Clementis
2105 1395 2184 1451 le-
2294 1402 2565 1467 positione
2595 1392 2738 1447 facta
2768 1395 2873 1445 est.
2935 1384 3203 1458 Apparuit
3249 1398 3485 1454 namque
3541 1383 3597 1439 in
3648 1384 3862 1441 visione

625 1503 824 1573 simus,
856 1498 983 1570 quia
1012 1496 1315 1568 discipulus
1339 1495 1713 1566 apostolorum
1740 1492 1953 1548 occulte
1977 1489 2142 1548 luerit
2168 1508 2185 1559 ;
2294 1495 2482 1544 sancto
2510 1485 2603 1542 Dei
2622 1483 2827 1539 famulo
2855 1490 2907 1538 et
2938 1476 3261 1552 presbytero
3279 1478 3519 1573 Luciano
3542 1516 3559 1542 ,
3594 1485 3675 1573 _ut

624 1567 719 1651 sed
743 1567 931 1648 eorum
978 1567 1207 1647 oonsilio
1241 1590 1385 1644 inter
1431 1587 1667 1651 Judteos,
1707 1585 1775 1639 ad
1823 1584 2185 1655 mitigandum
2293 1580 2566 1636 Lucianus
2592 1578 2876 1650 presbyter
2930 1572 3277 1645 postmodum
3306 1567 3561 1628 omnibus
3594 1568 3863 1626 Ecclesiis

622 1698 811 1738 eorum
828 1682 1088 1748 furorem,
1114 1681 1208 1735 ubi
1232 1680 1532 1736 necessitas
1552 1677 1838 1749 ingruerit,
1870 1677 1942 1732 sit
1963 1691 2188 1734 manere
2295 1673 2545 1751 scripsit;
2577 1678 2629 1728 et
2651 1670 2745 1727 ubi
2774 1675 2997 1727 sanctus
3028 1664 3340 1737 Stephanus
3369 1672 3511 1721 esset
3534 1663 3860 1728 tumulatus,

626 1778 951 1845 praeceptus.
990 1772 1095 1830 Sed
1126 1773 1229 1828 hoc
1257 1774 1333 1828 ita
1359 1787 1481 1829 esse
1507 1771 1776 1826 veraciter
1796 1777 2031 1841 gestum,
2064 1784 2189 1825 cer-
2224 1833 2263 1845 n
2296 1764 2458 1823 simul
2490 1772 2543 1820 et
2567 1762 2915 1825 Nicodamus,
2950 1759 3041 1830 qui
3074 1756 3360 1812 Dominum
3394 1771 3514 1812 cum
3542 1754 3740 1825 loseph
3772 1770 3864 1809 se.

624 1833 1028 1927 iiSSiIIICJlOdie
1058 1880 1153 1935 per
1182 1864 1568 1921 revelationem
1600 1833 1955 1934 reliquiarum
1989 1833 2193 1919 beatis-
2222 1833 2265 1889 Β
2290 1856 2498 1931 pelivit,
2530 1868 2741 1910 necnon
2769 1859 2822 1909 et
2855 1854 2970 1922 ipse
2991 1849 3255 1905 Gamaliel
3281 1863 3405 1904 cum
3435 1848 3547 1904 lilio
3588 1862 3688 1903 suo
3726 1845 3863 1899 Abi-

624 1958 746 2014 simi
772 1960 1187 2031 protomartyris
1210 1956 1469 2029 Stephani
1493 1957 1709 2014 cunctis
1728 1956 1835 2012 late
1856 1954 2060 2028 Christi
2088 1953 2192 2009 Ec-
2297 1952 2424 2016 ban,
2472 1947 2797 2006 suavissima
2842 1944 3161 2001 ostensione
3216 1939 3521 2014 perdocuit.
3589 1938 3863 2009 Recognit.

623 2047 805 2107 ciesiis
835 2049 1094 2115 innotuit,
1124 2066 1245 2123 qua:
1262 2065 1358 2122 per
1381 2050 1631 2107 eumdem
1661 2051 1837 2106 virum
1866 2050 2049 2106 divina
2074 2045 2185 2108 dis-
2296 2043 2391 2102 lib.
2424 2059 2462 2109 l,
2490 2059 2608 2112 cap.
2639 2040 2729 2107 56,
2768 2047 2876 2097 etc.

1642 2230 1771 2284 lDEl
1795 2230 1891 2285 lib.
1922 2227 1998 2283 De
2032 2226 2235 2281 ratione
2269 2236 2577 2294 temporum,
2612 2238 2732 2295 cap.
2759 2222 2812 2278 3.

698 2388 940 2457 Denique
964 2394 1185 2442 sanctus
1218 2385 1468 2443 Clemens
1514 2386 1887 2457 apostolorum
1948 2383 2193 2453 oiscipu-
2303 2394 2524 2449 scopus,
2556 2393 2611 2432 in
2639 2384 2791 2433 sexto
2822 2374 3187 2466 Historiarum
3212 2386 3439 2429 suarum
3469 2370 3609 2426 libro
3630 2369 3704 2423 ita
3729 2367 3873 2423 scri-

627 2480 735 2546 lus,
766 2488 820 2537 et
845 2480 1104 2536 Romanas
1130 2478 1388 2535 Ecclesia:
1418 2480 1613 2557 tertius
1662 2486 1784 2550 post
1812 2476 2033 2531 Petrum
2074 2476 2191 2546 epi-
2300 2473 2416 2528 bit:
2453 2471 2519 2527 In
2538 2472 2795 2542 principio
2817 2468 2943 2539 fecit
2971 2463 3135 2533 Deus,
3169 2473 3278 2523 etc.
3310 2464 3557 2536 Resogn.,
3590 2463 3687 2517 lib.
3714 2476 3790 2516 vr.

2158 2608 2297 2667 XIV.

1616 2767 1959 2824 NICEPIORUS
1988 2765 2118 2832 CP.,
2152 2767 2207 2821 in
2241 2765 2348 2822 line
2378 2764 2859 2837 Cbronographiae.

868 2930 947 2987 Ea:
974 2930 1209 2986 versione
1230 2928 1503 2984 Anastasii
1544 2926 1957 2985 Bibliothecarii.

703 3022 767 3079 Et
802 3038 923 3094 quae
944 3022 1080 3077 Novi
1104 3021 1484 3094 (Testamenti)
1508 3029 1636 3077 sunt
1667 3022 2002 3093 apocrypha:
2031 3018 2196 3076 ltine—
2224 3009 2267 3068 C

2369 3016 2478 3069 Καὶ
2506 3016 2605 3069 ὅσα
2634 3014 2733 3085 τῆς
2757 3014 2901 3078 Νέας
2932 3013 3068 3067 εἰσὶν
3108 3011 3434 3087 ἀπόκρυφα.
3464 3012 3721 3085 Περίοδος
3754 3011 3878 3085 (13)

632 3116 836 3171 rarium
867 3111 1037 3178 Petri,
1068 3128 1259 3170 versus
1286 3127 1483 3181 ηυδε,
1508 3122 1617 3167 etc.

1446 3127 1483 3181 :,
1508 3122 1617 3167 etc.
2305 3107 2534 3178 Πέτρου,
2570 3105 2740 3177 στίχοι
2788 3105 2888 3177 ,βψ
2920 3105 3052 3178 (14),

2166 3287 2282 3346 XV.

988 3449 1301 3506 Acossnnus
1322 3449 1464 3505 libro
1484 3446 1563 3502 De
1587 3444 1833 3500 Judaicis
1860 3444 2337 3515 superstitionibus,
2372 3461 2491 3516 cap.
2528 3444 2597 3500 16
2616 3444 2747 3501 edit.
2785 3444 2994 3510 Baluz.,
3026 3450 3161 3501 tom.
3196 3442 3241 3512 i,
3270 3458 3394 3516 pag.
3422 3444 3512 3501 85.

705 3606 812 3662 Sed
846 3614 899 3663 et
933 3605 988 3661 in
1036 3604 1197 3659 libris
1250 3603 1580 3667 Clementis,
1628 3586 1891 3656 Ecclesia:
1942 3598 2199 3656 Romana:
2305 3609 2460 3672 post:
2497 3597 2664 3655 Nemo
2688 3616 2808 3671 ergo
2838 3613 3064 3655 uestrum
3092 3600 3447 3665 contristetur,
3468 3599 3618 3665 ait,a
3646 3602 3881 3658 convicio

633 3699 942 3771 pontificis,
973 3697 1329 3752 inveniuntur
1358 3694 1540 3765 aliqua
1588 3709 1617 3748 a
1678 3708 1843 3764 supra
1900 3701 2202 3748 memorato
2306 3704 2485 3748 nostra
2516 3701 2811 3761 separatus.
2844 3691 3017 3747 Parvo
3046 3694 3184 3747 enim
3224 3702 3449 3762 tempore
3490 3703 3878 3764 sequestratnr,

635 3792 886 3864 apostolo
914 3789 1119 3860 (Petro)
1150 3790 1217 3844 de
1267 3787 1433 3858 hujus
1487 3788 1566 3843 rei
1612 3787 1997 3843 observatione
2033 3787 2201 3853 dicta,
2305 3785 2513 3855 quile
2542 3784 2762 3842 voluerit
2785 3783 3086 3853 baptizari;
3117 3784 3283 3838 multo
3309 3786 3613 3855 autem,qui
3645 3788 3877 3844 tardius.

636 3900 756 3955 qua:
784 3886 838 3939 in
892 3882 978 3939 his
1007 3882 1246 3936 inserere
1290 3896 1398 3935 non
1444 3880 1807 3951 incongruum
1864 3879 2202 3935 existimavi-
2309 3876 2377 3929 Et
2404 3876 2518 3930 ideo
2540 3877 2595 3930 in
2630 3875 2771 3930 vobis
2792 3885 2891 3940 est,
2925 3874 3134 3947 quando
3169 3873 3456 3940 velitis,“
3490 3884 3726 3930 nostram
3757 3892 3882 3931 con-

634 3990 775 4031 mus.
809 3972 964 4039 Nam,
990 3974 1115 4028 licet
1149 3973 1311 4029 iidem
1355 3973 1481 4028 libri
1523 3972 1833 4042 iudicentur
1875 3972 2203 4043 apocryphi;
2308 3971 2483 4024 uenire
2506 3983 2772 4034 mensam;
2820 3977 2868 4023 el
2901 3969 3098 4024 nonin
3129 3967 3303 4033 nobis,
3335 3968 3522 4040 quibus
3561 3969 3879 4038 permissum

636 4067 895 4138 pleraque
938 4072 1119 4119 tamen
1166 4079 1235 4121 ex
1283 4064 1371 4120 bis
1426 4063 1741 4121 testimonia
1781 4062 2136 4119 inveniuntur
2172 4077 2204 4118 a
2305 4077 2411 4116 non
2440 4068 2516 4115 est
2538 4076 2741 4115 sumere
2767 4075 2887 4113 cum
2927 4059 3104 4130 aliqito
3135 4058 3330 4127 cibum,
3374 4060 3480 4115 nisi
3520 4059 3667 4129 prius
3715 4060 3881 4130 fuerit

633 4156 953 4213 doctoribus
978 4166 1260 4226 usurpata.
1291 4154 1592 4212 introducit
1620 4170 1751 4225 ergo
1774 4154 2045 4217 Clemens,
2078 4169 2202 4209 cum
2306 4151 2626 4222 baptizatus.
2669 4149 2794 4207 Haec
2823 4150 2889 4207 de
2912 4150 3133 4221 scriptis
3161 4148 3461 4208 Clementis
3489 4153 3806 4210 necessario
3844 4169 3879 4210 ι

634 4248 868 4305 necdum
896 4255 1041 4303 esset
1066 4247 1325 4318 baptismi
1348 4246 1523 4319 gratia
1552 4245 1895 4316 purificatus,
1927 4252 1980 4300 et
2003 4244 2076 4302 ob
2103 4244 2206 4301 hoc
2305 4244 2465 4300 nobis
2492 4238 2702 4316 prolata
2748 4245 2895 4313 sint;
2920 4244 3231 4303 volentibus
3260 4243 3543 4302 evidenter
3560 4244 3877 4313 ostendere,

634 4354 667 4393 ι
696 4342 882 4395 mensa
919 4334 1069 4394 Petri
1088 4353 1213 4393 cum
1246 4336 1464 4393 ceteris
1501 4336 1773 4393 similibus
1805 4346 2202 4408 sequestratus,
2306 4338 2375 4393 ab
2409 4338 2669 4408 apostolis
2688 4337 2945 4394 traditam
2965 4338 3134 4409 hujus
3180 4337 3259 4395 rei
3293 4338 3727 4409 antiquissimam
3774 4339 3884 4397 ob-

633 4429 883 4486 cumdem
918 4431 1224 4524 apostolum
1250 4430 1561 4524 loquentem
1591 4428 1695 4524 sibi
1720 4428 1807 4485 bis
1833 4430 2052 4485 verbis:
2083 4428 2204 4484 Non
2238 4466 2283 4524 Β
2308 4431 2689 4487 servationem.
2720 4429 2861 4487 Vera
2887 4430 3032 4488 enim
3057 4438 3111 4487 et
3134 4430 3239 4487 ista
3260 4430 3510 4487 ducenda
3536 4440 3665 4487 sunt
3689 4449 3707 4500 ;
3730 4440 3788 4488 et
3815 4448 3893 4489 eo

632 4537 727 4590 pro
765 4522 1030 4590 superbia,
1060 4538 1088 4575 ο
1109 4520 1373 4587 Clemens,
1405 4520 1828 4575 convivium‘non
1854 4536 1952 4593 ago
1982 4538 2100 4576 cum
2119 4520 2200 4577 bis
2238 4520 2269 4524 ⁷
2306 4522 2564 4589 maxime,
2602 4538 2712 4594 quo
2743 4522 2812 4579 ab
2841 4522 3408 4593 apostolicisActibus
3434 4523 3490 4579 in
3514 4523 3663 4579 nullo
3685 4522 3894 4580 viden-

632 4614 723 4683 qui
745 4616 975 4667 nondum
996 4614 1265 4682 puriﬁcati
1287 4621 1443 4676 sunt;
1468 4611 1559 4666 sed
1578 4627 1775 4679 uereor,
1807 4628 1870 4667 ne
1909 4613 2045 4683 forte
2072 4612 2202 4667 mihi
2306 4622 2395 4671 tur
2422 4614 2753 4687 discrepare.
2784 4612 2909 4687 Leg.
2938 4612 3205 4688 Recogn.,
3236 4615 3424 4682 κομη,
3452 4632 3570 4687 cap.
3602 4615 3689 4682 'li,
3722 4614 3818 4675 τί.

634 4704 840 4774 quidem
860 4722 1096 4771 noceam,
1128 4706 1255 4774 ipsis
1306 4714 1481 4759 autem
1510 4702 1643 4758 nihil
1669 4706 1887 4772 prosim.
1942 4704 2006 4759 Et
2036 4704 2201 4776 paulo

1473 4858 1811 4928 Fncnsras,
1844 4871 1978 4918 tom.
2007 4858 2075 4926 li,
2105 4787 2312 4928 ιίιὲἵιίξ
2336 4874 2459 4932 cap.
2484 4858 2554 4916 i0
2597 4857 3000 4916 Chronicorum.

706 5018 852 5075 idem
900 5033 1137 5089 namque
1169 5019 1521 5075 beatissimus
1567 5017 1821 5074 Clemens
1868 5017 1988 5071 suis
2036 5014 2206 5071 refert
2310 5016 2454 5072 enim
2485 5016 2627 5071 inter
2657 5022 2887 5071 caetera:
2918 5014 3058 5069 Dum
3087 5021 3219 5069 esset
3262 5014 3393 5069 mihi
3438 5029 3609 5069 comes
3656 5014 3893 5084 optima,

638 5112 857 5181 scriptis
880 5150 896 5175 ν
933 5112 1168 5182 Qualiter
1203 5113 1271 5167 ad
1325 5112 1483 5167 iidem
1527 5113 1840 5183 perveniret
1888 5110 2116 5175 Christi,
2150 5117 2204 5164 et
2309 5108 2730 5163 immortalitatis
2762 5106 2971 5176 cupido,
2997 5114 3105 5161 etc.
3132 5104 3423 5177 Recognit.,
3451 5104 3543 5161 lib.
3580 5116 3630 5171 r,‘
3652 5121 3805 5176 capp.
3829 5108 3893 5173 ἓ,

636 5201 1097 5275 άὶιοὶρυιυδΡειτί
1127 5219 1189 5259 ac
1214 5203 1526 5260 individuus
1556 5219 1743 5260 comes
1765 5204 1932 5259 haeret
1952 5203 2088 5274 (15).
2112 5202 2205 5256 Ait

1127 5219 1189 5259 ac
1214 5203 1526 5260 individuus
1556 5219 1743 5260 comes
1765 5204 1932 5259 haeret
1952 5203 2088 5274 (15).
2112 5202 2205 5256 Ait
2308 5199 2363 5265 6,
2401 5201 2451 5265 7,
2486 5199 2577 5264 η,
2607 5207 2712 5255 etc.

2166 5312 2331 5371 XVII.

1670 5431 1920 5495 Pnorws,
1957 5428 2293 5485 Bibliotheca:
2325 5429 2483 5485 codd.
2512 5444 2648 5496 cm,
2678 5444 2834 5485 cxm.

708 5568 869 5627 Lecta
888 5578 1015 5626 sunt
1034 5569 1329 5627 Clementis
1348 5569 1575 5626 Romam
1608 5580 1717 5626 duo
1734 5568 2008 5624 votumina
2030 5566 2202 5623 libro-

2394 5563 2728 5636 Ἀνεγνώσθη
2758 5565 3069 5638 Κλήμεντος
3098 5564 3195 5619 τοῦ
3224 5562 3437 5637 Ῥώμης
3468 5563 3630 5636 τεύχη
3663 5563 3895 5635 βιϐλίων

640 5680 760 5721 rum
787 5686 799 5723 :
836 5679 1066 5735 quarum
1099 5662 1267 5728 aliud,
1300 5671 1431 5729 etc.,
1466 5664 1699 5720 alterum
1721 5677 1871 5719 vero.
1900 5660 2203 5719 dedicatio-

2314 5660 2404 5715 δύο
2429 5678 2442 5692 ·
2482 5655 2554 5715 ὧν
2580 5661 2640 5713 τὸ
2675 5661 2793 5731 μὲν,
2826 5669 2954 5725 ctc.,
2986 5660 3047 5713 τὸ
3074 5659 3131 5714 δὲ
3163 5660 3259 5733 τὴν
3288 5656 3694 5732 προσφώνησιν,
3728 5658 3809 5723 ὼς
3838 5659 3896 5711 is

713 5801 824 5941 213;
856 5799 1153 5868 Περιοόος.
1197 5798 1279 5853 ΑΙ.
1306 5798 1565 5869 περίοδοι.

741 5871 802 5926 Ν
851 5872 1012 5940 ,Βψθσ
1042 5872 1122 5923 Al.
1158 5869 1318 5939 ,Nq'.

2385 5795 2494 5861 (i5l
2532 5794 2729 5849 lltrret.
2767 5792 2929 5851 Forte
2960 5794 3197 5852 (caueret.

741 5869 823 5940 lt)
851 5872 1012 5940 seu.
1042 5872 1122 5923 Al.
1158 5869 1318 5939 serg.
