4066 6334
233 357 372 445 nos

1300 354 1954 415 RECOGN.TIONES.——
1991 354 2354 414 ΡΠΟΟΕΜΙΑ.

3360 361 3500 421 H70

227 472 519 546 ιπισωλῆς
591 473 755 540 εἴδει,
814 473 952 547 πρὸς
1024 472 1278 530 Ἰάκωϐον
1334 474 1425 530 τὸν
1492 471 1812 542 ἀδελφόθεον

1919 487 2043 528 nem
2067 480 2119 527 et
2145 471 2555 538 allocutionem,
2578 473 2726 530 velut
2742 473 2806 534 in
2829 474 3006 530 forma
3028 474 3310 547 Epistome,
3333 477 3501 536 habet

225 570 481 622 ποιεῖται.
499 567 586 621 Ἐν
605 562 649 637 ᾧ
682 569 823 622 αἵτε
850 568 1136 641 λεγόμεναι
1157 567 1249 621 τοῦ
1279 567 1574 621 ἀποστόλου
1599 567 1809 638 Πὲτρου

227 657 483 730 Πράξεις,
520 662 611 714 καὶ
640 661 694 715 αί
727 662 866 733 πρὸς
893 661 1110 733 Σίμωνα
1142 661 1236 714 τὸν
1284 661 1474 729 Μάγον
1523 659 1808 725 διαλέξεις,

224 754 318 806 καὶ
346 752 426 807 Em
460 754 488 808 ό
520 753 957 826 Ἀναγνωρισμδς
977 755 1311 826 Κλήμεντος,
1335 753 1428 808 καὶ
1458 751 1552 805 τοῦ
1576 753 1806 824 πατρὸς,

221 848 318 902 καὶ
344 847 454 903 τῶν
477 848 653 903 ἄλλων
681 848 949 918 ἀδελφῶν.
979 848 1068 902 Διὸ
1093 849 1186 902 καὶ
1220 847 1276 900 ἔν
1305 865 1414 902 τισι
1445 847 1558 900 τῶν
1587 846 1810 918 βιϐλίων

218 944 256 1015 ἡ
289 943 566 1014 ἐπιγραφὴ
590 983 606 1009 ,
643 941 988 1014 Κλήμεντος
1034 940 1140 996 τοῦ
1180 941 1468 1010 Ῥωμαίου
1527 940 1808 1011 Ἁναγνω-

214 1034 455 1107 ρισμὸς,
488 1037 870 1108 ιπιγράιρεται.
900 1036 995 1101 Ἔν
1016 1051 1125 1088 τισι
1153 1032 1238 1098 δὲ,
1267 1032 1342 1095 ὡς
1368 1031 1578 1104 ἔφημεν
1596 1073 1609 1097 ,
1659 1033 1808 1086 Ἐπι-

221 1127 386 1199 στολὴ
417 1129 798 1200 προτάττεται,
831 1129 907 1194 ὡς
939 1129 1076 1202 πρὸς
1106 1129 1198 1182 τὸν
1249 1125 1571 1197 ἀδελφόθεον
1617 1125 1805 1180 Ἰάκω-

219 1221 334 1275 ϐον.
371 1222 480 1276 Καὶ
510 1221 651 1295 αὕτη
673 1223 752 1288 δὲ,
784 1223 881 1294 οὐχ
912 1224 945 1295 ἡ
973 1221 1132 1294 αὐτὴ,
1163 1221 1282 1275 οὐδὲ
1313 1219 1391 1284 ὡς
1440 1220 1549 1274 ἀπὸ
1580 1219 1676 1274 τοῦ
1710 1219 1807 1273 αὐ-

217 1312 314 1366 τοῦ
347 1313 643 1386 προσώπου
693 1314 1172 1387 προενηνεγμιένηο
1217 1312 1330 1368 ἀλλ’
1359 1313 1451 1366 ἐπὶ
1495 1313 1594 1384 μὲν
1644 1328 1806 1366 τινων

218 1403 464 1475 βιϐλίων,
501 1407 576 1471 ὡς
608 1406 714 1461 ἀπὸ
740 1407 946 1478 Πέτρου
975 1405 1068 1460 τοῦ
1101 1404 1398 1461 ἀποστόλου
1431 1405 1569 1478 πρὸς
1614 1405 1803 1460 Ἰάκω-

220 1497 318 1550 ϐον
353 1499 755 1572 ἐπεσταλμένηο
789 1502 874 1570 ἐφ’
897 1499 1097 1572 ἑτέρων
1129 1501 1208 1566 δὲ,
1243 1499 1318 1564 ὡς
1351 1498 1460 1554 άπδ
1487 1499 1805 1573 Κλήμεντος

215 1591 361 1662 πρὸς
402 1591 654 1646 Ἰάκωϐον
677 1611 692 1624 ·
727 1592 858 1666 άλλη
890 1593 984 1647 καὶ
1017 1593 1172 1666 ἄλλη,
1214 1591 1398 1658 καθὼς
1445 1593 1800 1665 προείπομεν.

213 1682 329 1736 Καὶ
359 1685 391 1756 ἡ
433 1684 532 1755 μὲν
558 1684 725 1757 δηλοῖ,
749 1686 954 1758 Πέτρον
975 1686 1073 1751 τὰς
1093 1687 1300 1750 οἰκείας
1329 1687 1643 1760 συγγράψαι
1669 1687 1804 1759 πράρ

211 1771 495 1839 ξεις,·καὶ
534 1777 670 1848 πρὸς
714 1779 968 1832 Ἰάκωϐον
1016 1779 1377 1851 αἰτησάμενον
1415 1780 1617 1844 ταύτας
1661 1781 1799 1834 ἁπο-

212 1867 450 1924 στεῖλαιο
484 1873 516 1940 ἡ
550 1870 606 1923 δὲ
633 1870 1010 1943 διαλαμϐάνει,
1037 1872 1113 1935 ὼς
1148 1872 1380 1942 Κλήμης
1411 1873 1615 1936 ταύτας
1657 1872 1803 1926 κατὰ

207 1961 542 2033 πρόσταγμα
569 1963 775 2037 Πέτρου
811 1965 1164 2037 συγγράφειε,
1214 1965 1470 2018 κάκείνου
1513 1963 1650 2038 πρὸς
1698 1964 1799 2036 τὴν

204 2054 406 2127 ἀγήρω
443 2056 835 2126 μεταστάντος,
889 2059 1196 2112 ἀποστείλοι
1243 2058 1476 2129 Κλήμης
1509 2058 1646 2130 πρὸς
1691 2058 1797 2112 Ἰά-

203 2147 411 2202 κωϐον.
461 2149 646 2203 Ἔστιν
675 2146 767 2204 οὖν
800 2149 1049 2220 εἰκασμῷ
1080 2149 1374 2215 διαλαϐεῖν,
1431 2149 1507 2213 ὡς
1553 2149 1648 2205 δύο
1695 2150 1796 2221 μὲν

204 2241 399 2311 ιτησαν
431 2241 538 2294 τῶν
571 2243 777 2315 Πέτρου
814 2242 1072 2315 Πράξεων
1121 2243 1359 2306 ἐκδόσεις
1407 2243 1789 2313 γεγενημέναι·

199 2333 286 2404 τῷ
319 2333 374 2386 δὲ
405 2335 578 2406 χρόνῳ
607 2337 705 2407 τῆς
736 2336 930 2407 ἑτέρας
961 2336 1332 2407 διαῤῥνείσης,
1360 2335 1789 2408 δπεκράτησενή

201 2424 303 2478 τοῦ
339 2425 673 2496 Κλήμεντος.
719 2427 807 2481 Ἔν
832 2429 963 2481 πᾶσι
1015 2427 1123 2499 γὰρ
1155 2431 1267 2490 τοίς
1323 2428 1545 2500 βιϐλίοις
1583 2429 1619 2483 ἃ.
1656 2430 1791 2483 είδο-

205 2533 332 2587 μεν,
364 2517 457 2571 καί
488 2534 567 2572 τοι
597 2518 696 2573 οὐκ
723 2518 917 2589 ὀλίγων
948 2519 1137 2585 ὄντων,
1188 2519 1327 2592 μετὰ
1355 2519 1454 2584 τὰς
1500 2520 1792 2592 διαφόρους

204 2608 428 2674 ὲκείνας
444 2611 762 2676 Ἐπιστολάς
794 2613 888 2666 καὶ
907 2611 1349 2684 ὲπιγραφάς,τὴν
1371 2611 1538 2685 αὐτὴν
1559 2612 1790 2685 εὕρομεν

203 2703 638 2774 ἀπαραλλάκτως
655 2704 1053 2776 πραγματείαν,
1092 2704 1428 2777 ἀρχομένην·
1469 2704 1610 2775 Ἐγὼ
1630 2703 1790 2774 Κλή..

197 2813 323 2864 μης
349 2811 362 2826 ·
399 2795 492 2850 καὶ
521 2795 591 2849 τὰ
620 2796 746 2867 ἑξῆς
774 2797 1154 2868 ὲνταττόμενα.
1190 2797 1415 2869 Μυρίων
1446 2797 1555 2871 (16)
1578 2799 1634 2853 δὲ
1666 2802 1791 2854 ἀτο-

203 2888 530 2960 πημάτωνή
567 2891 918 2962 πραγματεία
950 2891 1111 2963 γέμει
1136 2889 1420 2961 αὕτημκαὶ
1454 2893 1553 2964 τῆς
1585 2895 1665 2957 εἰς
1697 2894 1788 2947 τὸν

204 2981 335 3036 Υιδν
368 2981 712 3055 βλασφημίας
742 2985 884 3038 κατὰ
915 2984 1013 3056 τὴν
1058 2986 1265 3057 Ἀρείου
1283 2985 1442 3051 δόξαν
1479 2986 1624 3040 ἐστὶν
1659 2986 1789 3040 ἀνά-

204 3073 406 3138 πλεως.
441 3072 639 3132 Paucis
674 3076 872 3133 deinde
888 3076 1039 3132 circa
1073 3077 1512 3135 Constitutiones
1563 3087 1787 3150 aposto-

1912 564 1980 619 ad
2005 563 2265 620 Iacobum
2309 565 2535 621 fratrem
2593 557 2833 623 Domini.
2889 565 2949 623 in
2984 569 3088 624 hoc
3141 569 3499 628 continentur

1913 658 2048 712 Acta
2082 673 2206 728 qua:
2236 657 2498 714 dicuntur
2525 657 2674 715 Vetti
2727 660 2984 731 apostoli,
3030 672 3083 718 et
3115 678 3242 718 cum
3276 663 3501 723 Simone

1913 747 2070 820 Mago
2095 750 2539 822 disputationes;
2573 751 2641 807 ad
2672 753 2787 809 hate
2823 751 3150 827 Recognitio
3173 755 3496 827 Clementis,

1909 841 2141 912 ejusque
2189 843 2364 915 patris
2404 859 2467 900 ac
2497 844 2731 900 aliorum
2766 844 3022 902 fratrum.
3067 847 3249 912 Quare
3284 851 3338 904 in
3375 854 3494 922 qui-

1906 932 2141 990 busdam
2195 937 2485 994 corticibus
2519 938 2810 1011 inscriptio
2839 940 3138 1012 praetigitur
3162 985 3176 998 .
3211 941 3498 1001 Clementis

1909 1025 2138 1083 Romani
2165 1029 2496 1100 Recognz'tio.
2526 1029 2585 1086 in
2611 1031 2896 1088 nonnullis
2915 1038 3122 1100 autem,
3149 1044 3209 1090 ut
3230 1034 3496 1109 diximus,

1908 1118 2155 1191 Epistola
2188 1123 2548 1193 prteponitur,
2579 1132 2841 1197 tanquam
2864 1124 2933 1180 ad
2965 1123 3233 1183 Iacobum
3269 1128 3495 1187 fratrem

1909 1210 2340 1286 Domini-Atque
2365 1216 2479 1272 hac
2502 1217 2745 1288 quidem,
2780 1233 2890 1274 non
2919 1217 3132 1283 eadem,
3170 1237 3348 1292 neque
3377 1224 3493 1279 vel-

1912 1305 1988 1360 uti
2036 1307 2104 1362 ab
2146 1309 2337 1363 eodem
2367 1308 2590 1365 homine
2617 1309 2902 1382 profecta:
2939 1311 3036 1368 sed
3065 1313 3118 1368 in
3163 1313 3494 1384 quibusdam

1906 1400 2127 1471 quidem
2163 1401 2343 1467 libris,
2373 1403 2534 1474 quasi
2569 1418 2599 1457 a
2628 1401 2795 1459 Petro
2827 1405 3080 1476 apostolo
3128 1405 3194 1461 ad
3224 1403 3492 1464 Iacobum

1906 1491 2110 1560 missa;
2147 1493 2203 1548 in
2228 1493 2352 1550 aliis
2387 1505 2593 1562 autem,
2626 1503 2687 1550 ut
2714 1511 2745 1550 a
2774 1495 3052 1554 Clemente
3084 1497 3150 1552 ad
3181 1497 3446 1555 Iacobum
3473 1520 3491 1571 ;

1903 1583 2010 1638 alia
2043 1592 2207 1656 atque
2227 1587 2355 1652 alia,
2390 1589 2850 1658 quemadmodum
2878 1591 2992 1661 jam
3010 1591 3271 1650 diximus.
3307 1592 3374 1648 Et
3399 1594 3490 1649 illa

1903 1676 2127 1746 quidem
2182 1678 2447 1745 declarat,
2504 1680 2725 1737 Petrum
2759 1683 2980 1755 propria
3027 1692 3182 1756 gesta
3239 1687 3491 1742 conscri-

1904 1769 2104 1840 psisse,
2140 1785 2206 1827 ac
2247 1769 2454 1828 Iacobo
2487 1775 2790 1845 postulanti
2820 1792 2885 1832 ea
2918 1777 3170 1844 misisse;
3213 1776 3329 1834 haec
3361 1794 3489 1834 vero

1901 1861 2092 1929 refert,
2128 1863 2464 1922 Clementem
2506 1867 2698 1924 eadem
2756 1877 2909 1942 gesta
2947 1870 3111 1941 jussu
3142 1869 3288 1927 Petri
3349 1873 3484 1929 scri-

1899 1955 2191 2027 psisse;ac
2208 1968 2500 2031 postquam
2527 1962 2617 2018 ille
2638 1962 2706 2017 ad
2734 1950 2900 2017 vitam
2934 1963 3299 2020 immortalem
3333 1981 3483 2021 com-

1898 2048 2213 2122 θύει-αδδεδ,
2248 2054 2632 2112 transmisisse
2656 2055 2726 2111 ad
2763 2053 3050 2113 Iacobum.
3084 2056 3272 2129 Itaque
3300 2059 3479 2126 conje-

1897 2149 2054 2199 ctura
2088 2144 2500 2216 deprehendere
2557 2148 2708 2215 licet,
2751 2147 2990 2205 Actuum
3023 2148 3168 2207 Petri
3195 2151 3335 2208 duas
3364 2154 3482 2209 edi-

1896 2235 2074 2292 tiones
2108 2237 2282 2296 factas
2305 2240 2509 2311 fuisse;
2544 2242 2645 2299 sed
2690 2257 2818 2298 cum
2860 2245 3126 2316 temporis
3175 2246 3482 2318 longinqui-

1895 2336 2007 2385 tate
2041 2331 2212 2387 altera
2244 2335 2521 2403 periisset,
2549 2334 2701 2390 illam
2745 2333 3049 2394 Clementis
3081 2353 3392 2409 superasse.
3421 2337 3481 2396 in

1894 2424 2150 2480 omnibus
2181 2426 2324 2480 enim
2351 2426 2638 2482 codicibus
2656 2443 2796 2497 quos
2824 2428 3085 2498 vidimus,
3123 2430 3300 2501 iisque
3333 2440 3482 2488 certe

1894 2531 2004 2572 non
2040 2518 2254 2587 paucis,
2288 2528 2413 2590 post
2441 2519 2689 2576 diversas
2721 2520 2846 2576 illas
2879 2519 3156 2591 Epistolas
3189 2529 3353 2593 atque
3392 2524 3477 2578 in-

1893 2609 2242 2680 scriptiones,
2271 2611 2412 2667 idem
2436 2613 2659 2669 omnino
2682 2614 2799 2668 sine
2826 2613 3133 2670 variatione
3155 2629 3297 2685 Opus
3327 2615 3476 2672 inve-

1892 2701 2094 2764 nimus,
2129 2704 2399 2775 incipiens
2429 2706 2511 2762 sic
2537 2724 2550 2761 :
2606 2705 2718 2777 Ego
2743 2705 3015 2771 Clemens;
3050 2716 3102 2762 et
3129 2722 3254 2778 qua:
3284 2708 3480 2765 ordine

1890 2794 2153 2868 deinceps
2177 2808 2506 2869 sequuntur.
2529 2797 2812 2855 Refertum
2855 2806 3038 2855 autem
3072 2808 3156 2856 est
3183 2800 3286 2855 hoc
3327 2803 3478 2872 Upus

1891 2889 2200 2946 innumeris
2249 2892 2486 2948 absurde
2506 2891 2700 2963 dictis;
2753 2893 3084 2965 plenumque
3123 2894 3478 2965 blasphemia:

1890 2980 1947 3036 in
1986 2980 2209 3049 Filium,
2245 2984 2402 3055 juxta
2428 2983 2543 3039 Arii
2579 2986 2920 3054 opinionem.
2985 2985 3050 3041 Et
3101 2987 3475 3056 infra:Ca:te-

1890 3090 2012 3129 rum
2053 3076 2190 3130 liber
2239 3075 2502 3132 Actorum
2534 3077 2704 3143 Petri,
2733 3078 3030 3149 splendore
3080 3087 3134 3133 et
3162 3083 3472 3152 majestate,

204 3167 346 3224 licas
381 3167 706 3238 interjectis,
734 3169 950 3224 subdit:
987 3170 1048 3224 Ἦ
1072 3169 1317 3241 μέντοιγε
1341 3172 1448 3224 τῶν
1464 3170 1557 3224 τοῦ
1581 3172 1786 3243 Πέτρου

1897 3167 1960 3223 ad
1985 3169 2100 3224 haec
2126 3172 2365 3239 puritate
2392 3180 2446 3228 et
2489 3171 2860 3237 vehementia,
2916 3173 3150 3244 aliisque
3206 3174 3473 3232 orationis

203 3261 460 3335 Πράξεων
512 3262 711 3333 βίϐλος,
759 3261 838 3334 τῷ
870 3280 929 3316 τε
960 3261 1198 3334 λαμπρῷ
1222 3263 1316 3316 καὶ
1354 3265 1420 3336 τῇ
1472 3264 1781 3336 σεμνότητι,

199 3357 298 3411 καὶ
321 3355 399 3410 ἔτι
420 3355 498 3426 τῷ
528 3355 753 3428 καθαρῷ
795 3355 889 3408 καὶ
924 3355 1180 3428 συντόνῳ,
1214 3356 1307 3410 καὶ
1334 3359 1399 3427 τῇ
1433 3355 1566 3427 ἄλλῃ
1613 3358 1781 3429 ἀρετῇ

196 3448 294 3501 τοῦ
330 3448 508 3516 λόγου,
567 3447 662 3502 καὶ
690 3447 1029 3519 πολυμαθείᾳ
1054 3488 1068 3513 ,
1105 3447 1329 3501 τοσοῦτο
1357 3448 1468 3518 ἔχει
1522 3449 1658 3520 πρὸς
1685 3450 1783 3517 τὰς

194 3541 458 3611 διαταγὰς
478 3539 540 3594 τὸ
561 3540 958 3613 παραλλάττον,
977 3541 1055 3605 ὡς
1079 3541 1214 3612 μηδὲ
1236 3542 1519 3613 συγ-κρίσει
1553 3546 1618 3613 τῇ
1641 3543 1782 3597 κατὰ

193 3636 324 3698 τοὺς
351 3635 541 3703 λόγους
561 3634 699 3706 πρὸς
717 3633 947 3705 ἀλλήλας
965 3633 1404 3706 παραϐάλλεσθαι
1424 3633 1522 3697 τάς
1543 3634 1775 3704 βίϐλους.

197 3729 264 3783 Et
298 3727 436 3783 infra
460 3748 472 3783 :
525 3729 589 3781 Ἠ
607 3728 664 3782 δὲ
693 3728 956 3801 λεγομένη
985 3726 1375 3800 δευτέρασπρὸς
1407 3728 1532 3791 τοὺς
1561 3729 1778 3794 αὐτοὺς,

190 3821 271 3884 ὡς
301 3821 450 3884 νόθος
481 3821 941 3892 ἀποδοκιμάζεται
965 3839 978 3854 ·
1006 3819 1194 3892 ὥσπερ
1225 3821 1666 3891 ἐπιγραφόμενος
1692 3823 1778 3874 ἐπ’

189 3914 416 3986 ὀνόματι
446 3914 612 3968 αὑτοῦ
649 3914 859 3988 Πέτρου
892 3915 987 3969 καὶ
1015 3913 1280 3978 Ἀπίωνος
1309 3914 1629 3986 πολύστιχος
1663 3915 1778 3968 διά-

191 4004 365 4076 λογος.

1891 3261 2111 3318 dotibus
2146 3270 2308 3335 atque
2331 3265 2622 3335 multiplici
2647 3264 2918 3330 doetrina,
2946 3273 3162 3320 tantum
3187 3266 3472 3323 Constitu-

1889 3357 2071 3412 tiones
2101 3368 2342 3427 superat,
2375 3358 2524 3413 nulla
2556 3366 2614 3412 ut
2641 3357 2745 3414 hos
2795 3358 2939 3413 inter
2990 3359 3162 3414 libros
3187 3374 3462 3432 compara

1888 3449 1988 3514 tio,
2041 3451 2110 3505 ad
2143 3452 2352 3508 litteras
2394 3451 2539 3522 quod
2574 3452 2804 3513 attinet,
2858 3451 3070 3506 institui
3126 3453 3342 3510 debeat.
3400 3454 3468 3508 Et

1885 3544 2046 3611 paulo
2076 3552 2229 3612 post:
2281 3544 2350 3599 At
2385 3559 2508 3615 qua:
2534 3544 2776 3600 secunda
2809 3543 3098 3617 (Epistola)
3131 3545 3199 3599 ad
3246 3548 3466 3605 eosdem

1886 3636 2248 3709 (Corinthios)
2274 3637 2496 3704 dicitur,
2527 3640 2773 3709 rejicitur
2797 3646 2856 3694 ut
2879 3639 3081 3695 notha:
3113 3642 3469 3710 quemadmo~

1882 3730 2011 3786 dum
2039 3739 2094 3787 et
2133 3733 2292 3803 longa
2315 3733 2405 3787 illa
2435 3732 2755 3805 disputatio,
2794 3735 2939 3791 beati
2975 3733 3125 3792 Petri
3156 3744 3210 3793 et
3238 3737 3467 3810 Apionis

1880 3841 2077 3883 nomen
2110 3827 2424 3898 praeferens.

1734 4205 1924 4294 xvm.

1009 4421 1346 4478 HINCIIARUS.
1390 4419 1467 4476 De
1491 4421 1715 4477 divortio
1745 4419 1987 4476 Lotharii
2017 4431 2065 4476 et
2103 4418 2389 4493 Tetbergar,
2422 4436 2544 4492 cap.
2583 4420 2636 4476 9.

252 4602 317 4658 Et
348 4572 404 4658 in
425 4600 575 4658 Petri
607 4601 912 4670 itinerario,
939 4603 1007 4659 de
1027 4601 1329 4661 Clementis
1357 4612 1512 4674 patre
1543 4604 1762 4676 legitur;
1798 4614 1842 4669 1)
1872 4604 2070 4662 Petrus
2098 4621 2223 4661 eum
2265 4606 2360 4676 qui
2381 4613 2499 4662 erat
2532 4605 2880 4661 intuebatur:
2910 4612 2963 4658 et
2994 4615 3180 4666 orans,
3212 4600 3453 4670 discipu-

179 4697 326 4770 quod
351 4704 411 4750 ut
446 4712 478 4750 α
507 4696 756 4752 fidelibus
783 4697 1206 4764 interficeretur,
1253 4712 1282 4752 a
1344 4696 1568 4754 Simone
1604 4700 1764 4769 Mago

179 4802 341 4864 quem
366 4792 705 4857 deseruerat,
743 4805 1018 4865 unguento
1051 4802 1375 4864 perunctus,
1397 4794 1644 4864 ejusdem
1678 4795 1766 4849 Si-

177 4887 362 4942 monis
420 4886 713 4958 imaginem
746 4887 988 4943 omnium
1021 4889 1196 4945 oculis
1249 4888 1552 4957 referebat;
1612 4889 1764 4947 solus

1878 4701 1960 4756 los
1985 4700 2052 4756 ad
2081 4716 2270 4756 eorum
2296 4700 2485 4755 oculos
2535 4700 2846 4765 revocavit;
2874 4704 2926 4751 et
2950 4696 3142 4750 deluso
3194 4696 3454 4764 phantas—

1875 4803 2041 4860 male,
2077 4794 2405 4850 intuentium
2437 4792 2721 4848 obtutibus
2752 4790 2989 4860 speciem
3023 4789 3300 4860 propriam
3326 4782 3468 4843 τεὼ.

1874 4887 2032 4944 didit.
2060 4887 2329 4960 Recognit.
2367 4886 2459 4943 lib.
2491 4902 2548 4954 ι,
2577 4901 2693 4954 cap.
2728 4885 2816 4948 5'5,
2845 4892 2949 4938 etc.

1746 5065 1884 5122 XIX.

677 5247 1027 5316 liunnsaws,
1055 5251 1352 5323 episcopus
1385 5247 1565 5323 S'ylva:
1591 5247 1874 5314 Candidze,
1904 5247 1957 5304 in
1989 5247 2345 5319 Respomione
2378 5244 2445 5297 ad
2485 5240 2692 5296 Nicena
2719 5240 2932 5295 librum.

249 5427 379 5486 Nam
421 5412 720 5485 Clementis
763 5429 923 5494 liber,
963 5428 1017 5484 id
1075 5435 1160 5484 est
1209 5426 1553 5482 ltinerarium
1608 5424 1756 5481 Petri
1866 5424 2200 5495 apocrypha.
2245 5423 2371 5476 Vide
2396 5421 2610 5478 Decreti
2637 5423 2867 5490 primum
2896 5418 3286 5492 parum,dm.
3353 5419 3455 5483 16,.

169 5524 430 5599 apostoli,
458 5535 512 5580 et
539 5523 791 5583 Canones
820 5523 1194 5598 apostolorum
1224 5533 1586 5578 numerantur
1611 5524 1752 5577 inter
1864 5535 1980 5587 cap.
2009 5519 2062 5574 3.

257 5784 368 5864 ()6)
392 5785 632 5864 Mem/(or
661 5785 1051 5864 ἀτρπημὰτων
1081 5787 1258 5864 γέμει.
1279 5785 1330 5864 ,Α
1423 5785 1758 5864 miram-

1853 5785 2052 5856 τότητα
2095 5786 2166 5856 ,τῇ

2208 5782 2341 5836 θεοῦ
2384 5779 2683 5851 Ἐκκλησία⁵
2709 5779 2962 5851 ἀπέθετο.
2999 5779 3087 5837 Sic
3121 5779 3188 5834 ad
3237 5780 3438 5851 margi-

175 5856 452 5930 ιυρθωκὼς
482 5838 693 5927 ταύτην
726 5858 754 5909 ὁ
794 5838 1197 5930 μῖταερραστὴξ,
1237 5855 1462 5909 πλοῦτον
1498 5856 1589 5908 καὶ
1629 5874 1753 5910 ταυ-

1897 5838 1979 5911 eni
2005 5838 2380 5912 ιιυι1.”)ιιιλὶιιιὶ
2409 5838 2698 5907 Mamunii.
2736 5850 2971 5909 Hosscn.
