4066 6334
615 329 746 386 ll"

1431 335 1490 390 ὃ.
1526 332 1919 389 CLEMENTIS
1951 330 1969 386 I
2005 330 2169 387 ROM.
2208 330 2410 388 ΡΟΝΤ.
2447 331 2674 388 OPERA
2708 330 2933 387 DUBIA.

3722 329 3864 384 ιιτιι

2174 511 2291 567 XX.

1176 605 1450 684 Csoacms
1475 626 1782 694 CEDRENUS,
1809 628 1865 683 in
1896 627 2218 697 Compendio
2251 626 2639 692 Historiarum,
2676 626 2812 682 edit.
2838 625 3032 690 Basil.,
3064 642 3117 697 p.
3147 626 3266 683 170.

676 786 795 840 Alia
826 799 1043 856 quoque
1069 784 1334 841 miracula
1367 783 1599 857 (Petrus
1621 792 1676 839 et
1725 782 1915 838 Simon
1952 779 2177 852 Magus)

2350 784 2459 837 Καὶ
2494 782 2590 853 μέν
2618 798 2700 834 τοι
2738 782 2833 835 καὶ
2876 781 3009 837 ἄλλα
3044 786 3241 855 σημεῖα
3290 784 3551 855 ἐποίησαν
3584 782 3751 837 πολλὰ
3795 781 3862 839 οὐ

604 875 924 933 ediderunt:
957 890 1135 946 neque
1157 875 1213 930 id
1240 875 1433 930 Romae
1466 875 1651 939 modo,
1680 874 1775 930 sed
1828 883 1955 930 ante
2011 876 2181 931 etiam

605 968 664 1023 in
695 967 883 1040 Syria;
925 983 1047 1038 quae
1097 967 1350 1025 Clemens
1380 967 1684 1029 Romanus,
1738 968 2179 1037 sapientissimus

606 1055 753 1115 Petri
784 1058 1087 1129 discipulus
1116 1067 1278 1130 amne
1310 1074 1519 1122 comes.
1555 1060 1833 1114 recitavit:
1882 1076 1950 1115 ex
1977 1059 2180 1130 quibus

606 1165 781 1221 pauca
830 1150 919 1205 hie
964 1166 1251 1221 ponemus.
1303 1150 1506 1218 Quibus
1556 1152 1781 1220 prolatis
1836 1150 2021 1207 addit:
2053 1150 2182 1206 Haec

606 1241 775 1311 igitur
805 1248 861 1297 et
890 1242 999 1296 alia
1023 1242 1223 1297 similia
1245 1242 1521 1307 Clemens,
1550 1243 2013 1313 quemadmodum
2040 1242 2177 1307 dixi,

609 1332 831 1403 scripsit
850 1333 995 1388 dicta
1036 1340 1200 1404 atque
1232 1333 1376 1389 facta
1400 1334 1573 1390 fuisse
1608 1336 1665 1390 in
1696 1334 1877 1406 Syria,
1909 1333 2043 1405 Lege
2072 1333 2183 1390 Re-

610 1426 819 1495 eegnit.
856 1424 951 1479 lib.
985 1438 1047 1488 ll,
1068 1441 1185 1494 cap.
1213 1426 1302 1489 37,
1331 1432 1467 1491 etc.;
1501 1426 1593 1481 tib.
1625 1441 1708 1489 tu,
1731 1441 1846 1494 cap.
1878 1424 1969 1491 4'1;
2005 1425 2097 1479 tib.
2125 1442 2189 1491 ι,

610 1534 726 1578 cap.
756 1518 858 1585 53;
890 1516 1183 1577 ClemenL,
1226 1518 1368 1573 hom.
1392 1520 1445 1581 5,
1480 1536 1536 1573 rt.
1570 1519 1660 1581 38,
1691 1528 1799 1575 etc.

2288 875 2446 948 μόνον
2471 878 2527 929 ἐν
2558 873 2765 948 Ῥώμῃ,
2799 874 2933 929 ἀλλὰ
2956 877 3049 929 καὶ
3072 878 3129 928 ὲν
3148 874 3313 947 Συρίᾳ
3340 876 3605 949 πρότερον
3629 893 3641 905 ·
3681 876 3717 929 ἃ
3739 892 3865 930 τινα

2285 965 2515 1038 Κλήμης
2544 968 2574 1021 ὀ
2613 966 2879 1036 Ῥωμαῖος
2922 967 3016 1021 καὶ
3048 967 3319 1037 πάνσοφος
3361 967 3601 1039 μαθητὴς
3650 968 3861 1039 Πέτραν

2286 1058 2381 1111 καὶ
2410 1057 2743 1129 συνέκδημος
2769 1058 3083 1130 διηγήσατο·
3118 1060 3210 1128 ἀφ’
3245 1052 3319 1113 ὧν
3340 1059 3496 1127 ὀλίγα
3530 1060 3865 1132 συντάξομεν

2288 1150 2542 1205 ἐνταῦθα.
2605 1149 2820 1216 Quibus
2854 1151 3216 1221 interpositis,
3250 1150 3550 1221 subiungit,
3580 1167 3703 1222 pag.
3734 1152 3859 1207 173:

2288 1239 2470 1294 Ταῦτα
2494 1243 2673 1313 μέντοι.
2694 1243 2788 1297 καὶ
2814 1242 2976 1315 ἕτερα
3002 1242 3223 1297 τοιαῦτα
3242 1242 3609 1313 γεγράφηκεν,
3641 1244 3716 1305 ὠς
3746 1243 3863 1315 (l7)

2286 1332 2411 1404 ἔφη,
2470 1334 2704 1407 Κλήμης
2758 1334 3013 1405 λεχθῆναι
3044 1335 3138 1388 καὶ
3188 1334 3498 1405 πραχθῆναι
3550 1336 3607 1387 ὲν
3670 1335 3863 1406 Συρίᾳ.

2284 1424 2426 1496 Lege
2463 1425 2835 1489 Aussnswn,
2869 1434 3063 1496 quaest.
3087 1424 3157 1482 20
3181 1467 3197 1492 ,
3236 1424 3609 1494 Ntcspuosun,
3643 1424 3863 1481 Hister.

2285 1519 2436 1580 κει..
2458 1518 2553 1573 lib.
2584 1534 2646 1583 ιι.
2681 1535 2802 1590 cap.
2829 1518 2903 1576 27
2930 1539 2946 1586 ;
3003 1517 3444 1577 resono-Aspim
3464 1558 3479 1581 ,
3505 1519 3600 1575 lib.
3640 1533 3679 1572 ι.

2166 1705 2301 1759 XXI.

1252 1862 1519 1918 Eunomus
1540 1862 2073 1925 Aucusronuususts,
2102 1860 2196 1915 lib.
2220 1859 2295 1915 De
2328 1859 2679 1913 luminaribus
2711 1858 2985 1922 Ecclesia.
3020 1874 3143 1931 cap.
3172 1861 3257 1915 15.

686 2020 942 2077 Clemens
973 2020 1197 2090 scripsn
1222 2018 1513 2089 epistolam
1537 2016 1603 2071 ad
1637 2015 2049 2072 Corinthiorum
2080 2013 2184 2070 Ec-
2216 2024 2258 2079 Β
2287 2014 2429 2070 inter
2460 2014 2770 2087 apocrypha
2797 2022 3178 2071 numerantur.
3213 2014 3316 2069 Adi
3354 2014 3531 2070 Vitam
3549 2014 3866 2083 Ciuitatis,

614 2115 858 2177 clesiam,
889 2112 1043 2167 valde
1066 2114 1253 2168 utilem
1278 2130 1293 2178 ;
1318 2120 1371 2167 et
1399 2109 1743 2165 itinerarium
1773 2108 1939 2171 Petri,
1966 2114 2022 2163 et
2056 2106 2182 2161 Dis-

614 2206 946 2275 putationem
1007 2204 1151 2261 Petri
1182 2212 1237 2260 et
1284 2202 1546 2273 Apionis;
1596 2209 1650 2257 et
1672 2200 1839 2255 multa
1889 2199 2015 2266 alia,
2059 2210 2181 2265 quae

686 2362 798 2429 (l7)
832 2362 1001 2429 Ἔφη.
1026 2360 1154 2430 ch.
1180 2360 1336 2429 ἔφην.

2288 2108 2348 2161 in
2388 2107 2696 2177 Pontiﬁcali
2724 2108 2879 2163 libro.

1722 2718 2671 2836 DISSERTATIO

702 2947 788 3010 De
836 2946 1061 3009 decem
1097 2946 1280 3008 libris
1311 2944 1833 3025 Recognitr’onum
1884 2944 1947 3007 S.
1986 2942 2356 3025 Clementis,
2388 2943 2466 3025 ad
2495 2942 2801 3025 Iacobum
2840 2940 3099 3025 fratrem
3130 2940 3415 3015 Domini,
3451 2958 3486 3002 a
3540 2941 3777 3002 Ruﬁno

1479 3022 1855 3105 presbytero
1890 3022 2294 3101 Aquileiensn
2325 3022 2389 3083 in
2424 3022 2720 3084 Latinum
2747 3023 2973 3085 versis.

942 3190 1117 3254 imam.
1140 3190 1210 3239 Le
1253 3189 1473 3248 Noun“,
1500 3191 1775 3253 Apparatus
1794 3186 1860 3236 ad
1885 3184 2228 3239 Bibiiotltem
2248 3199 2379 3237 max.
2410 3186 2516 3237 γει.
2542 3187 2705 3247 Patr.,
2728 3199 2776 3248 p.
2799 3164 2885 3236 2H
2908 3199 2920 3246 ;
2950 3184 3137 3245 Paris.,
3165 3184 3302 3245 i703,
3331 3183 3512 3247 ist-fol.)

1040 3510 1435 3566 ARTICULUS
1472 3509 1755 3566 PRIMUS.

995 3604 1244 3674 Analysis
1294 3602 1479 3656 horum
1527 3602 1804 3669 librorum.

682 3698 889 3753 Auctor
933 3696 1097 3764 hujus
1128 3695 1311 3765 operis
1342 3694 1410 3749 ab
1437 3695 1559 3765 ipse
1586 3695 1715 3753 libri
1752 3696 1910 3767 primi
1958 3696 2183 3752 exordio

608 3790 713 3847 sibi
742 3804 939 3844 nomen
980 3786 1270 3851 Clementi,
1300 3786 1527 3859 Romam
1571 3804 1704 3844 vero
1744 3789 1976 3859 patriam
2008 3789 2183 3846 fuisse

607 3883 784 3937 dicit:
833 3888 1134 3950 narratque
1180 3893 1290 3950 quo
1333 3854 1688 3949 Ipse.modo,-
1715 3854 1768 3935 ei
1801 3896 1831 3939 a
1874 3882 2077 3952 quibus
2126 3884 2181 3938 in

606 3973 810 4030 Christi
840 3972 1207 4043 cognitionem
1234 3972 1306 4027 sit
1332 3972 1622 4027 adductus.
1649 3972 1739 4030 Ait
1764 3980 1943 4029 autem
1971 3990 2031 4032 se
2055 3989 2183 4029 cum

607 4065 813 4123 frustra
844 4064 1295 4135 philosophorum
1324 4065 1563 4127 scholas,
1591 4072 1649 4119 ut
1678 4065 1745 4121 de
1774 4067 2180 4123 immortalitate

605 4160 823 4223 animae,
849 4157 1146 4228 mundique
1176 4157 1451 4212 creatione
1479 4166 1532 4213 et
1555 4158 1841 4214 (iuratione
1868 4160 2177 4224 doceretur,-

606 4252 1025 4323 frequentasset,
1054 4250 1122 4304 ad
1146 4249 1453 4304 Barnabam
1479 4249 1682 4305 Christi
1703 4250 2053 4321 discipulum,
2084 4254 2176 4323 qui

604 4356 735 4400 tunc
752 4343 980 4398 Romam
1009 4343 1324 4405 advenerat,
1350 4356 1475 4398 sese
1493 4343 1810 4398 contulisse.
1838 4344 1993 4399 Hunc
2016 4360 2176 4415 porro

602 4444 663 4491 ut
706 4437 821 4507 ipse
868 4435 1033 4500 fatur,
1075 4435 1323 4506 publicos
1366 4434 1431 4487 ad
1469 4436 1725 4503 populum
1770 4451 2051 4491 sermones
2081 4438 2177 4492 ha-

600 4530 818 4585 bentem
849 4528 1094 4592 oﬂendit,
1131 4542 1366 4598 eumque
1391 4527 1651 4583 adversus
1683 4528 2051 4599 philosophos,
2085 4546 2176 4587 ru-

597 4621 725 4677 dem
752 4628 807 4676 et
834 4620 1139 4692 impolitum
1174 4620 1324 4675 illius
1351 4618 1569 4674 dicendi
1610 4635 1814 4675 morem
1862 4623 2171 4686 irridentes,

598 4713 774 4768 tuitus
802 4720 906 4776 est,
932 4727 997 4767 ac
1024 4714 1078 4767 in
1110 4710 1331 4766 domum
1363 4724 1520 4767 suam
1550 4716 1737 4781 postea
1768 4713 2010 4770 deduxit.
2044 4714 2175 4771 Inde

598 4804 752 4859 illum
782 4804 838 4861 in
866 4802 1133 4866 Iudaeam,
1166 4802 1347 4874 magni
1370 4802 1680 4858 Judaei-um
1715 4804 1835 4861 festi
1861 4808 2177 4862 celebrandi

2208 3528 2249 3584 ρ
2284 3515 2400 3563 trus
2432 3514 2540 3563 tam
2568 3506 2807 3563 dilucide
2837 3506 3108 3577 probavit,
3149 3521 3213 3561 ac
3253 3507 3476 3577 insuper
3504 3514 3654 3561 tanta
3688 3510 3863 3564 elati-

2287 3608 2397 3655 tate
2426 3602 2540 3670 quis
2563 3610 2695 3655 esset
2724 3618 2871 3654 verus
2899 3599 3182 3669 Propheta,
3209 3602 3481 3667 ostendit;
3504 3600 3859 3668 utClemens,

2285 3691 2655 3748 Christianam
2710 3692 2867 3748 ﬁdem
2921 3693 3297 3763 amplexatus,
3350 3693 3548 3747 librum
3607 3692 3683 3747 De
3734 3710 3861 3750 mo

2290 3784 2573 3854 Propheta,
2604 3800 2765 3856 quem
2803 3784 3235 3856 Hierosolymam
3270 3784 3421 3843 misit
3456 3785 3524 3839 ad
3557 3783 3855 3851 Iacobum,

2283 3877 2466 3933 statim
2492 3880 2887 3949 composuerit.

2351 3971 2449 4027 Die
2484 3972 2758 4042 sequenti.
2789 3970 2999 4031 nuntiis
3040 3971 3278 4041 acceptis
3308 3968 3584 4025 Simonem
3634 3969 3858 4041 Magum

2282 4064 2543 4121 indictam
2586 4081 2617 4121 a
2667 4082 2728 4120 se
2766 4079 2891 4121 cum
2929 4061 3092 4118 Petro
3140 4063 3561 4132 disputationem
3606 4071 3729 4133 post
3761 4080 3857 4119 se-

2283 4167 2426 4227 ptem
2453 4156 2576 4213 dies
2596 4155 2904 4221 distulisse,
2929 4155 3203 4219 Clernens,
3234 4167 3459 4229 rogante
3484 4154 3669 4219 Petro,
3695 4156 3858 4227 quid-

2279 4248 2410 4319 quid
2439 4249 2695 4305 hesterna
2733 4250 2821 4307 die
2859 4250 2929 4307 ab
2957 4264 3029 4305 eo
3054 4250 3321 4315 audierat,
3362 4249 3676 4304 memoriter
3722 4250 3860 4303 red-

2278 4342 2436 4397 didit.
2467 4340 2607 4399 Tum
2633 4339 2852 4408 Petrus,
2897 4342 3119 4400 laudata
3158 4343 3280 4411 ejus
3320 4342 3593 4398 memoria:
3637 4345 3857 4398 tenaci-

2278 4443 2408 4499 tate,
2450 4435 2555 4506 ipsi
2597 4451 2939 4506 quaecunque
2979 4424 3171 4493 natatu
3209 4434 3457 4505 digniora
3506 4449 3534 4488 a
3569 4437 3853 4490 creatione

2277 4528 2467 4583 mundi
2512 4529 2580 4584 ad
2619 4540 2866 4585 extrema
2910 4543 3087 4598 usque
3111 4529 3224 4583 veri
3273 4525 3554 4597 Propheta:
3598 4534 3851 4597 tempora

2276 4630 2598 4687 evenerant,
2646 4624 2913 4687 narravit,
2965 4624 3299 4694 planumque
3330 4621 3460 4676 fecit
3492 4636 3598 4691 qua
3629 4622 3852 4675 ratione

2275 4715 2484 4785 primus
2511 4723 2564 4771 et
2593 4716 2872 4772 secundus
2897 4715 3103 4770 Christi
3150 4714 3416 4771 adventus
3445 4715 3853 4785 praenuntiatus

2276 4807 2461 4873 fuerit,
2492 4817 2549 4865 et
2574 4825 2734 4879 quem
2764 4810 2819 4865 in
2849 4809 3028 4865 locum
3058 4810 3252 4865 animae
3289 4810 3569 4865 hominum
3600 4817 3722 4878 post
3747 4824 3857 4864 eo-

596 4914 785 4964 causa,
810 4904 1174 4954 revertentem
1207 4895 1518 4966 quindecim
1550 4904 1673 4967 post
1702 4896 1896 4953 diebus
1928 4907 2167 4961 secutus,
2202 4886 2244 4940 δ
2274 4918 2398 4956 rum
2427 4910 2659 4959 mortem
2686 4903 2797 4959 sint
2828 4902 3238 4975 congreganda.

593 4991 857 5048 Csarea:
894 4990 1167 5047 Stratonis
1205 4997 1540 5045 consecutus
1581 4998 1686 5045 est.
1725 4990 2003 5046 Barnabas
2037 5008 2168 5047 vero

591 5102 717 5165 eum
768 5083 1059 5142 confestim
1088 5083 1243 5139 ducit
1280 5082 1348 5137 ad
1391 5080 1633 5146 Petrum,
1677 5097 1707 5135 a
1752 5098 1863 5154 quo
1891 5083 2164 5154 benignis-

593 5180 732 5235 sime
782 5177 1075 5247 excipitur,
1118 5176 1453 5247 jubeturque
1499 5190 1779 5231 sermones
1816 5184 1871 5230 et
1913 5177 2163 5248 disputa-

592 5272 770 5327 tiones
792 5285 1005 5333 omnes,
1030 5283 1166 5340 quas
1198 5268 1475 5339 deinceps,
1510 5268 1685 5323 donec
1717 5265 1941 5322 Romam
1975 5284 2166 5339 perve-

2342 4995 2584 5068 Longam
2633 5004 2757 5067 post
2804 4997 2919 5075 haec
2949 4992 3398 5067 disputationem,
3444 5010 3609 5065 quam
3649 5009 3855 5051 omnes

2271 5098 2325 5145 et
2351 5090 2555 5161 singuli
2584 5090 2788 5161 quique
2823 5090 3055 5161 apostoli
3097 5092 3151 5145 in
3184 5089 3675 5162 Hierosolymitano
3701 5096 3856 5144 tern-

2271 5183 2360 5252 plo
2395 5196 2493 5254 per
2540 5190 2666 5238 octo
2713 5182 2830 5239 dies
2871 5199 2997 5239 cum
3024 5182 3224 5241 Judaeis
3267 5182 3525 5245 inierant,
3572 5184 3852 5252 integram

2268 5282 2547 5346 totamque
2594 5277 2848 5346 exponit,
2896 5276 3248 5349 declaratque
3300 5276 3573 5348 quomodo
3618 5278 3673 5331 in
3734 5277 3855 5335 fine

588 5363 808 5427 net-int,
858 5361 1149 5417 habiturus
1184 5368 1337 5425 erat,
1394 5367 1600 5417 attente
1656 5361 1865 5417 audiat.
1920 5361 2164 5433 Spondet
2267 5366 2448 5434 illius,
2489 5368 2756 5424 seditione
2808 5376 2959 5433 orta,
3019 5370 3122 5441 ipsi
3177 5368 3431 5425 Hiericho
3485 5370 3850 5427 secesserint.

589 5455 865 5520 Clemens,
906 5463 1170 5527 rogatque
1215 5454 1460 5517 Petrum,
1510 5460 1568 5508 ut
1615 5454 1809 5509 anima:
1850 5465 2053 5513 nostra
2108 5456 2161 5511 in
2265 5457 2396 5515 lnde
2441 5469 2622 5517 autem
2650 5460 2888 5519 Iacobus
2916 5462 3160 5527 Petrum,
3195 5473 3254 5518 ut
3302 5462 3610 5528 Simonem,
3656 5462 3750 5532 qui
3788 5482 3855 5520 se

589 5548 796 5605 Christi
828 5547 1095 5619 judicium
1125 5554 1249 5619 post
1293 5556 1523 5603 mortem
1560 5547 1893 5603 adducendae
1938 5549 2162 5605 immor-
2266 5552 2543 5611 Christum
2581 5564 2637 5611 et
2678 5572 2947 5611 summam
3000 5558 3200 5613 excelsi
3244 5556 3340 5615 Dei
3391 5558 3647 5613 virtutem
3712 5574 3854 5615 esse

589 5642 883 5705 talitatem,
908 5657 972 5698 ac
994 5641 1257 5697 mundum
1290 5640 1451 5696 tinem
1484 5640 1779 5711 aliquando
1808 5650 2159 5711 accepturum
2262 5646 2524 5715 iactabat,
2572 5648 2899 5713 confutaret,
2949 5651 3251 5707 Caesaream
3284 5650 3502 5707 direxit.
3532 5650 3611 5705 Ad
3656 5658 3853 5706 extre-

588 5750 709 5791 cssc
761 5736 863 5793 sibi
908 5736 1264 5792 demonstret.
1302 5734 1433 5800 Quae
1467 5734 1684 5805 quidem
1729 5735 2018 5807 derepente
2052 5736 2155 5792 Pc-
2268 5757 2413 5797 mum
2454 5741 2706 5800 Clemens
2748 5743 2814 5799 dc
2858 5744 2947 5801 his
3002 5745 3259 5801 omnibus
3303 5759 3423 5815 qua!
3470 5760 3497 5799 a
3541 5742 3703 5801 Pctr)
3746 5760 3851 5801 ae—
