4066 6334
186 331 329 387 ηπ.

1248 319 1893 379 RECOGNITIONES.—
1930 321 2291 378 PROLEMIA.

3302 331 3439 395 N76

179 449 436 517 ceperat,
489 441 628 497 actis
679 439 898 512 gratiis,
940 438 1172 509 primum
1233 438 1378 492 hunc
1417 438 1618 493 librum
1657 437 1756 494 ab-
1786 455 1833 513 Α
1860 444 2183 496 consuetum
2214 437 2604 508 disputationis
2633 438 2814 494 locum
2858 442 3110 497 accessit.
3150 442 3230 498 lbi
3261 453 3443 500 autem

177 536 364 592 solvit.

247 626 307 680 in
341 641 575 681 secusne
616 626 820 680 autem
848 639 1008 678 LIBBO
1053 631 1243 678 narrat
1289 621 1586 694 quomodo,
1612 629 1753 677 stata

173 718 566 789 disputationis
618 715 764 772 Petri
821 717 1088 772 adversus
1141 714 1421 770 Simonem
1468 713 1592 778 die,
1639 713 1755 782 ipse

173 813 485 881 apostolus,
533 811 728 880 primis
768 811 1036 880 gallorum
1068 809 1324 863 cantibus
1368 822 1401 862 e
1440 807 1582 862 lecto
1626 821 1755 861 sur-

169 919 327 973 gens,
357 910 407 957 et
445 917 619 971 pauca
657 901 906 971 qua-dam
947 900 1015 956 de
1045 902 1096 956 vi
1127 899 1542 956 consuetudinis
1573 905 1753 952 matu-

167 997 289 1050 rius
319 995 574 1062 surgendi
606 994 887 1063 prmfatus,
923 993 992 1046 ab
1017 993 1214 1062 Aquila
1247 999 1300 1046 et
1329 991 1540 1055 Niceta,
1573 1005 1751 1060 quon-

165 1087 293 1140 dam
327 1084 570 1140 Simonis
598 1086 903 1156 discipulis,
929 1098 1064 1140 tunc
1090 1092 1272 1140 autem
1303 1083 1372 1138 ad
1404 1083 1563 1138 fidem
1590 1082 1750 1138 Chri-

164 1180 402 1233 stianam
443 1179 742 1242 conversis,
770 1180 896 1249 quis
923 1179 1013 1234 ille
1042 1194 1259 1248 magus,
1293 1185 1349 1232 et
1379 1177 1582 1246 quibus
1629 1191 1747 1228 mo-

161 1270 312 1324 ribus
348 1281 400 1326 et
429 1271 636 1325 actibus
652 1281 807 1336 esset,
841 1272 1046 1326 certior
1076 1270 1194 1325 fieri
1226 1269 1478 1324 voluerit.
1513 1267 1606 1326 Sic
1638 1268 1744 1321 ita-

159 1380 269 1433 que
298 1363 494 1419 Petrus
518 1364 585 1418 ad
613 1364 1040 1435 disputationem
1071 1363 1399 1424 instructus,
1432 1359 1501 1414 ad
1544 1362 1742 1414 atrium

155 1454 372 1521 domus,
418 1457 472 1509 in
511 1473 612 1525 quo
653 1466 770 1510 erat
811 1456 1098 1510 multitudo
1127 1473 1246 1513 cum
1278 1455 1494 1511 Simone
1526 1472 1742 1526 congre-

151 1557 305 1617 gata,
324 1549 690 1618 progreditur.
715 1548 791 1602 Ibi
815 1549 1120 1618 apostolus,
1143 1556 1267 1618 post
1287 1549 1506 1604 brevem
1533 1548 1599 1602 de
1612 1564 1744 1618 pace

151 1657 184 1695 a
228 1643 455 1697 Christo
485 1643 542 1697 in
572 1641 836 1696 mundum
881 1642 1045 1696 allata
1087 1643 1536 1712 disputationem,
1570 1641 1739 1695 Deum

148 1733 278 1788 caeli
309 1744 364 1789 et
393 1743 553 1789 terra:
579 1742 888 1789 creatorem
931 1750 1055 1789 esse
1087 1734 1310 1790 invictis
1355 1734 1609 1805 probavit
1649 1749 1741 1786 ar-

1859 531 2097 586 salutato
2149 531 2374 600 populo,
2417 540 2470 586 et
2514 532 2704 602 paucis
2734 532 2802 588 de
2843 533 3036 590 ordine
3069 536 3124 590 in
3164 537 3442 607 discepta-

1857 621 2106 676 tionibus
2129 621 2365 676 tenendo
2391 623 2712 694 praemissis,
2745 625 3208 683 immortalitatem
3251 631 3446 685 animae

1856 729 1925 768 ex
1974 713 2041 768 iis
2087 729 2210 783 quae
2254 713 2398 770 Deus
2444 717 2742 787 unicuique
2790 718 3001 774 homini
3041 730 3166 790 post
3212 733 3442 778 mortem

1855 804 2173 864 redditurus
2215 814 2322 871 est,
2356 808 2597 879 primum
2641 810 3061 869 demonstravit.
3099 811 3305 868 Dehine
3347 812 3438 877 Si-

1853 897 2034 960 moni,
2076 899 2342 954 nonnulla
2392 902 2561 956 variis
2600 903 2829 972 argutiis
2880 914 3074 960 contra
3120 906 3437 975 objicienti,

1853 987 2148 1043 confestim
2182 992 2465 1062 respondit
2498 993 2659 1050 illum-
2677 994 2745 1050 de
2776 996 2880 1052 hac
2925 997 3125 1054 animat
3157 999 3442 1055 immorta-

1852 1080 2003 1136 litate
2030 1097 2095 1136 επ
2120 1084 2269 1150 pueri
2299 1085 2551 1140 violenter
2583 1089 2755 1142 necati
2786 1087 3043 1160 imagine,
3071 1107 3234 1161 quam
3264 1092 3315 1145 in
3337 1093 3439 1147 in.

1852 1172 2041 1226 teriori
2068 1189 2170 1228 suo
2202 1175 2463 1231 cubiculo
2506 1180 2849 1244 asservabat,
2881 1197 3046 1251 posse
3087 1183 3203 1238 fieri
3241 1184 3440 1242 certiov

1849 1280 1986 1322 rem.
2033 1263 2130 1321 His
2165 1267 2328 1323 dictis
2361 1268 2568 1334 Simon,
2615 1273 2942 1326 conscientia
2993 1291 3304 1343 percussus,
3343 1294 3436 1331 ve-

1848 1357 1995 1411 niam
2023 1373 2054 1410 a
2086 1357 2270 1422 Petro,
2314 1377 2477 1430 quem
2520 1362 2666 1418 istud
2700 1364 3023 1434 prophetico
3055 1368 3251 1436 Spiritu
3294 1369 3436 1423 didi-

1846 1449 1992 1504 cisse
2036 1450 2325 1517 credebat,
2378 1455 2608 1524 supplex
2641 1457 2913 1526 poposcit.
2956 1456 3062 1513 Sed
3098 1459 3188 1513 ubi
3238 1459 3434 1518 Petrus

1846 1542 1901 1596 id
1934 1543 2002 1596 ab
2032 1543 2102 1599 iis
2131 1545 2226 1615 qui
2269 1560 2396 1600 eum
2427 1563 2493 1602 eo
2524 1548 2775 1602 vixerant
2822 1566 2882 1606 se
2923 1552 3203 1623 accepisse
3252 1555 3431 1624 palam

1843 1633 2130 1704 professus
2151 1637 2366 1702 fuisset,
2407 1645 2541 1694 tunc
2573 1640 2787 1706 Simon,
2822 1643 2906 1696 ira
2946 1645 3210 1714 percitus,
3252 1657 3307 1701 et
3336 1663 3430 1702 va-

1843 1725 1942 1781 riis
1987 1729 2335 1784 contumeliis
2377 1746 2586 1787 vexans
2633 1734 2944 1802 apostolum
2987 1756 2999 1789 :
3033 1733 3314 1806 Fortunte,
3345 1739 3431 1794 in-

144 1829 455 1898 ειηηεηιίδς
501 1837 663 1898 atque
705 1845 898 1884 omnes
935 1827 1172 1886 Simonis
1206 1829 1570 1899 obiectiones,
1607 1841 1732 1882 cum
1771 1817 1813 1875 Β
1839 1817 1978 1885 quit,
2012 1835 2116 1873 non
2148 1823 2386 1877 veritatis
2421 1832 2500 1877 est
2535 1825 2642 1878 ista
2679 1828 2922 1883 victoria.
2954 1827 3151 1884 Petrus
3192 1845 3323 1884 vero
3359 1847 3428 1888 ex

142 1937 209 1975 ex
255 1920 543 1990 Scriptura
573 1935 749 1988 saera,
774 1928 892 1975 tum
916 1937 981 1977 ex
1014 1922 1228 1976 ratione
1256 1921 1458 1992 petitas
1488 1920 1654 1974 diluit
1685 1927 1739 1974 et

141 2014 367 2068 evertit.
421 2011 518 2076 His
562 2021 742 2069 autem
792 2014 928 2070 illud
978 2015 1211 2085 adjecit,
1257 2015 1404 2085 quod
1455 2014 1737 2074 immensae

141 2107 286 2160 lucis
312 2108 591 2161 a:teruitas
615 2123 679 2162 ex
729 2105 849 2178 lege
881 2108 1056 2179 possit
1084 2110 1319 2164 ostendi.
1349 2108 1505 2163 Tune
1541 2105 1734 2162 Simon

137 2201 396 2270 apostolo
419 2200 701 2270 respondit
733 2217 926 2272 magna
956 2218 1078 2257 eum
1103 2203 1370 2272 polliceri,
1411 2200 1733 2274 spopondit-

135 2309 247 2363 que
293 2292 413 2348 fore
457 2301 516 2347 ut
554 2293 601 2349 si
634 2294 722 2348 die
749 2295 990 2348 crastina
1025 2303 1080 2350 et
1123 2295 1330 2350 factum
1377 2295 1642 2349 mundum
1677 2303 1732 2350 et

136 2386 359 2440 animas
395 2386 735 2442 immortales
775 2403 899 2443 esse
943 2387 1326 2445 demonstrare
1357 2389 1618 2453 voluerit,
1660 2390 1728 2445 ad

133 2479 571 2550 disputationem
630 2481 746 2550 ipse
791 2489 939 2537 esset
988 2497 1334 2538 reversurus.
1384 2482 1482 2540 His
1528 2485 1725 2550 dictis,

135 2570 336 2626 Simon
365 2587 490 2626 cum
521 2573 725 2642 pepuli,
759 2573 852 2642 qui
899 2589 1084 2629 secum
1123 2582 1370 2638 venerat,
1401 2578 1562 2630 tertia
1607 2587 1728 2632 tan-

133 2671 250 2717 tum
280 2671 439 2734 parte
465 2664 622 2718 abiit:
651 2666 834 2720 caeteri
854 2681 1047 2722 omnes
1070 2665 1312 2732 Petrum,
1338 2667 1432 2739 qui
1460 2669 1726 2739 plurimos

134 2755 474 2811 mirabiliter
504 2759 737 2820 sanavit,
773 2758 919 2812 ultro
942 2760 1118 2815 secuti
1149 2769 1297 2820 sunt.

203 2847 454 2905 Turius
483 2866 638 2904 uena
667 2851 961 2906 secundam
988 2861 1042 2907 et
1070 2855 1284 2908 tertiam
1308 2853 1456 2908 Petri
1486 2869 1610 2909 cum
1637 2854 1725 2909 Si-

133 2956 304 2996 mone
321 2941 782 3012 disceptationem
801 2943 1043 3000 exhibet.
1073 2943 1178 3000 Sed
1210 2950 1500 3016 anleq‘uam
1532 2947 1598 3001 ad
1630 2964 1725 3001 ea-

131 3047 254 3086 rum
273 3033 516 3103 priorem
534 3034 940 3104 aggrederetur.
960 3052 1178 3090 summo
1200 3053 1360 3092 mane
1379 3038 1446 3093 de
1469 3040 1721 3094 maximis

129 3139 322 3179 coram
353 3126 581 3181 confusa
627 3127 802 3197 plebis
831 3129 1184 3184 multitudine
1223 3130 1542 3200 disputandi
1582 3131 1720 3187 (Ιἱαί-
1748 3165 1790 3223 C

128 3219 456 3282 eultatibus.
488 3230 542 3276 et
579 3220 646 3275 de
673 3223 852 3278 tribus
881 3223 1247 3278 sanctissimae
1282 3222 1574 3281 Trinitatis
1602 3241 1720 3295 per-

128 3311 290 3366 sonis
333 3312 477 3382 apud
520 3327 652 3367 suos
690 3313 927 3368 breviter
971 3315 1254 3370 disseruit.
1300 3312 1430 3369 Orta
1468 3317 1610 3381 luce,
1663 3317 1721 3372 in

125 3403 387 3458 emndem
425 3405 695 3461 hesternae
734 3405 1124 3476 disputationis
1161 3407 1340 3462 locum
1372 3424 1430 3464 se
1460 3411 1714 3476 contulit,

123 3499 318 3566 ibique
361 3495 551 3550 Simon
617 3506 906 3568 postquam
951 3499 1202 3568 apostolo
1249 3500 1490 3570 magicas
1544 3509 1712 3566 artes,

124 3589 288 3658 queis
320 3595 401 3643 tot
429 3588 754 3659 populorum
807 3590 1020 3646 animos
1058 3597 1170 3644 tam
1218 3591 1331 3646 cito
1375 3591 1480 3646 sibi
1525 3595 1714 3648 conci-

126 3682 384 3746 liaverat,
410 3681 616 3737 frustra
656 3684 1068 3752 exprobrasset,
1102 3685 1173 3739 ab
1208 3685 1328 3753 ipso
1371 3685 1524 3754 petiit
1558 3694 1618 3741 ut
1661 3688 1717 3742 fi-

125 3773 284 3840 dem,
327 3790 433 3844 qua
457 3772 524 3827 de
555 3775 906 3829 immensitate
955 3776 1090 3830 lucis
1116 3785 1326 3831 (eterna:
1361 3785 1616 3832 acturum
1654 3795 1714 3836 se

121 3881 251 3921 esse
281 3866 633 3936 promiserat,
655 3867 768 3935 jam
798 3868 1072 3924 liberaret.

199 3957 308 4012 Sed
363 3958 430 4012 ad
465 3959 628 4013 aliam
679 3959 1034 4030 questionem
1087 3962 1354 4018 continuo
1403 3961 1707 4034 digressus,

123 4051 371 4119 postulat
416 4051 488 4106 ab
534 4067 620 4115 eo,
650 4068 771 4105 cum
820 4051 960 4106 Deus
1007 4052 1192 4122 fecerit
1241 4056 1452 4122 omnia,
1492 4067 1551 4110 ut
1594 4058 1710 4128 ipse

123 4143 326 4207 aiebat,
363 4142 508 4197 unde
545 4143 618 4197 sit
647 4144 870 4199 malum.
909 4143 1065 4211 Quod
1095 4146 1316 4215 quidem
1354 4163 1478 4202 eum
1512 4147 1708 4206 Petrus

123 4241 317 4289 contra
357 4242 567 4290 rectum
611 4236 1000 4305 disputationis
1034 4239 1282 4294 ordinem
1313 4242 1582 4310 postulari
1613 4247 1708 4300 de-

120 4329 578 4390 monstravisset,
628 4337 760 4381 tunc
828 4329 1017 4383 Simon
1074 4347 1523 4404 unumquemque
1569 4335 1704 4398 fato.

119 4421 258 4473 sicut
291 4421 345 4475 ei
380 4419 699 4483 decernitur,
747 4422 987 4490 pertrahi
1038 4426 1370 4492 quibusdam
1424 4437 1704 4484 rationum

1842 1908 1910 1964 iis
1937 1926 2059 1980 quae
2104 1912 2425 1984 imprudens
2473 1918 2765 1974 confessus
2809 1927 2949 1986 erat,
3001 1921 3155 1976 illum
3196 1938 3422 1994 magum

1840 2016 1962 2057 esse
1993 2004 2154 2074 plane
2201 2008 2459 2065 convicit.
2504 2008 2716 2076 Quibus
2758 2009 2946 2067 Simon
2983 2014 3313 2068 commotior
3341 2016 3425 2069 fa-

1839 2102 1982 2160 ctus,
2029 2099 2278 2167 repetitis
2329 2101 2598 2156 conviciis
2645 2102 2971 2159 seditionem
3016 2104 3224 2160 frustra
3264 2107 3422 2163 exei-

1837 2195 1956 2243 tare
1992 2192 2242 2252 tentavit.
2297 2190 2432 2248 Nam
2481 2194 2551 2249 ab
2599 2203 2814 2251 astante
2879 2195 3036 2266 plebe
3078 2196 3322 2267 ejectus,
3364 2209 3422 2253 et

1835 2278 2130 2339 derelictus
2164 2285 2236 2340 ab
2268 2287 2559 2352 omnibus,
2615 2303 2786 2341 unum
2831 2290 3210 2344 tantummodo
3230 2290 3421 2345 habuit

1835 2387 1948 2428 suae
1978 2372 2117 2446 fuga:
2139 2380 2418 2435 comitem.
2445 2379 2577 2434 Post
2608 2381 2723 2435 haec
2748 2379 2944 2435 Petrus
2984 2381 3138 2435 brevi
3162 2398 3418 2440 sermone

1832 2464 2020 2521 docuit
2047 2476 2102 2522 et
2131 2470 2402 2541 irrogatas
2433 2472 2500 2526 ab
2528 2467 2849 2528 hominibus
2886 2473 3139 2542 injurias,
3178 2483 3233 2528 et
3269 2476 3417 2545 ipsos

1831 2561 2297 2630 pravoshomines
2327 2565 2599 2636 patienter
2629 2581 2752 2620 esse
2779 2565 3116 2620 tolerandos.
3147 2565 3416 2638 Denique,

1829 2667 1931 2722 pro
1973 2657 2177 2724 populo
2222 2667 2750 2727 precatus,.omnes
2789 2665 2849 2712 ut
2893 2659 3163 2713 maturius
3201 2659 3288 2714 die
3328 2676 3416 2716 se-

1829 2749 2017 2816 quenti
2049 2749 2430 2817 convenirent,
2467 2751 2770 2806 admonuit.

1897 2837 1993 2894 Ule
2029 2855 2160 2896 vero
2203 2850 2330 2897 ante
2362 2843 2539 2898 lucem
2569 2851 2772 2908 ortam,
2816 2855 2873 2899 ut
2911 2844 3114 2900 Niceta:
3159 2846 3414 2916 petitioni

1827 2928 2032 2986 faceret
2081 2933 2248 3001 satis,
2290 2935 2422 3004 quid
2471 2935 2616 2990 inter
2674 2935 2811 2990 falsa
2858 2945 2912 2992 et
2958 2953 3086 2992 vera
3138 2938 3411 2992 miracula

1825 3032 1974 3078 esset
2010 3025 2371 3094 discriminis,
2406 3028 2527 3084 fuse
2575 3030 2833 3085 ostendit.
2883 3029 3068 3084 Primo
3106 3038 3286 3086 autem
3327 3031 3413 3085 dio

1828 3115 2011 3171 luculo
2042 3115 2322 3174 Simonem
2361 3120 2563 3184 navim,
2592 3127 2651 3174 ut
2697 3119 2929 3177 Romam
2979 3129 3224 3192 peteret,
3276 3137 3413 3177 con.

1827 3210 2128 3278 scendisse,
2147 3220 2201 3267 et
2230 3214 2415 3267 omnia
2433 3214 2624 3284 magia:
2649 3229 2762 3269 sua:
2785 3223 2994 3269 secreta
3022 3216 3078 3270 in
3101 3231 3254 3270 mare
3284 3231 3411 3286 pro-

1815 3301 2040 3369 iecisse,
2061 3317 2213 3359 certo
2233 3307 2442 3376 accepit
2469 3307 2683 3361 nuntio.
2713 3305 2836 3360 Haec
2870 3307 3070 3379 populo
3092 3308 3205 3377 jam
3221 3319 3412 3364 coacto

1823 3395 1914 3450 ille
1951 3404 2197 3452 actutum
2238 3399 2478 3463 nuntiat,
2511 3399 2770 3470 additque
2801 3400 3145 3471 se,quamvis
3190 3398 3410 3470 fugien-

1821 3496 1928 3544 tem
1961 3489 2200 3561 Magum,
2247 3508 2316 3547 ne
2365 3493 2648 3547 hominum
2697 3501 2906 3548 mentes
2948 3494 3294 3565 depravaret,
3323 3495 3411 3548 in-

1821 3584 1976 3652 sequi
2025 3592 2345 3655 cogeretur;
2403 3585 2546 3657 apud
2591 3601 2685 3642 eos
2736 3596 2914 3640 tamen
2957 3586 3131 3643 donec
3185 3586 3243 3642 in
3281 3585 3405 3643 fidei

1819 3677 2071 3733 doctrina
2103 3687 2291 3734 essent
2319 3680 2652 3744 confirmati,
2679 3687 3148 3734 commoraturum

1888 3768 1993 3826 Per
2036 3772 2160 3827 hoc
2183 3773 2368 3844 itaque
2399 3773 2664 3843 temporis
2716 3780 2978 3842 spatium,
3011 3785 3298 3826 sermones
3333 3771 3405 3826 ad

1818 3877 1912 3918 eos
1953 3864 2344 3932 consolandos,
2374 3872 2429 3920 et
2476 3864 2598 3918 fidei
2639 3863 2885 3918 doctrina
2931 3878 3255 3932 morumque
3283 3864 3405 3934 pie-

1816 3966 1925 4011 tate
1956 3957 2302 4023 imbuendos,
2347 3958 2579 4028 singulis
2611 3957 2920 4026 quibusque
2950 3955 3144 4013 diebus
3175 3957 3401 4024 habuit;

1815 4052 2102 4107 Zachaeum
2144 4045 2485 4121 episeopum,
2522 4049 2809 4104 duodecim
2853 4048 3223 4122 presbyteros,
3265 4065 3402 4119 qua-

1813 4150 2048 4213 tuorque
2101 4146 2308 4198 ereavit
2367 4143 2665 4210 diaconos;
2726 4141 3012 4196 duodecim
3067 4142 3235 4197 sociis
3280 4144 3400 4199 suis

1812 4245 1926 4293 tres
1957 4235 2096 4290 alios
2122 4234 2402 4306 adjunxit;
2436 4244 2600 4305 atque
2623 4250 2703 4292 ex,
2723 4234 2790 4288 iis
2818 4231 3077 4289 omnibus
3105 4233 3399 4288 duodecim

1813 4331 1881 4386 ad
1929 4328 2330 4399 praedicandam
2378 4329 2583 4384 Christi
2636 4328 2826 4391 fidem,
2876 4325 3267 4397 Simonemque
3303 4328 3399 4381 de-

1813 4425 2124 4498 bellandum
2159 4424 2448 4494 prremisit,
2477 4439 2541 4478 ae
2580 4437 2744 4492 supra
2778 4420 3065 4475 duodecim
3112 4419 3394 4475 hominum

118 4513 420 4569 momentis
469 4513 701 4583 probare
744 4514 900 4569 nisus
937 4523 1042 4572 est.
1089 4517 1296 4573 Contra
1339 4535 1469 4575 vero
1502 4519 1702 4579 Petrus
1737 4519 1780 4574 D
1811 4518 1982 4572 millia
2037 4517 2211 4571 sacris
2266 4515 2607 4586 regeneravit
2654 4512 2911 4583 baptismi
2960 4513 3142 4582 aquis.
3192 4512 3395 4570 Tribus

118 4603 354 4672 liberum
393 4603 632 4660 hominis
663 4606 951 4660 arbitrium
990 4609 1317 4664 certissimis
1361 4617 1704 4682 argumentis

117 4697 378 4772 asseruit:
407 4695 537 4752 Post
567 4697 681 4752 haec
711 4698 778 4752 ab
813 4699 931 4768 ipso
963 4699 1152 4754 Simon
1191 4701 1464 4770 quaesivit,
1497 4705 1544 4757 si
1589 4707 1710 4759 visi-

118 4790 218 4844 bile
242 4789 392 4845 istud
423 4791 607 4844 ctelum
634 4791 936 4855 resolvetur,
964 4789 1058 4847 cur
1087 4797 1151 4846 ab
1180 4795 1336 4847 initio
1365 4796 1566 4863 factum
1603 4810 1704 4856 est.

117 4881 181 4936 Et
235 4899 437 4938 rursus
466 4883 536 4937 ab
581 4883 773 4938 eodem
818 4885 981 4954 paulo
1028 4893 1153 4954 post
1201 4889 1414 4957 rogavit
1462 4903 1564 4942 cur
1615 4891 1705 4946 ilie

118 4973 310 5039 Deum,
341 4990 501 5043 quem
532 4973 816 5045 Scriptura
848 4991 878 5028 a
907 4977 1059 5030 nullo
1091 4976 1263 5032 videri
1297 4994 1459 5046 posse
1485 4980 1638 5046 dicit,
1672 4998 1700 5036 a

111 5066 278 5136 justis
313 5077 497 5122 tamen
537 5077 659 5138 post
697 5085 888 5123 eorum
939 5078 1211 5138 mortem,
1256 5071 1548 5128 videndum
1584 5073 1702 5131 fore

111 5157 433 5214 afﬁrmaret.
468 5159 679 5225 Quibus
709 5161 855 5216 clare
884 5177 914 5214 a
945 5159 1109 5217 Petro
1152 5164 1464 5233 explicatis,
1499 5167 1700 5220 iterum

114 5251 246 5319 petit
296 5249 488 5326 Magos
540 5263 720 5306 utrum
773 5254 1104 5310 immortalis
1143 5263 1288 5311 esset
1315 5257 1520 5314 anima.
1566 5257 1694 5323 Sed,

113 5341 280 5411 hujus
326 5345 646 5412 quaestionis
688 5345 940 5401 examine
983 5347 1038 5401 in
1081 5348 1227 5401 diem
1278 5351 1580 5404 crastinum
1613 5351 1697 5404 di-

113 5435 241 5504 lato,
275 5439 513 5510 populus
552 5439 780 5508 projecit
807 5455 864 5493 se
901 5438 966 5494 ad
995 5440 1163 5510 pedes
1192 5439 1363 5506 Petri,
1389 5443 1480 5512 qui
1515 5443 1698 5512 plures

110 5544 234 5583 cum
264 5541 524 5600 aegrotos,
557 5537 672 5584 tum
711 5531 973 5590 obsessos
1012 5549 1042 5586 a
1077 5532 1345 5600 daemone,
1375 5549 1561 5604 _sanos
1607 5551 1696 5590 rc-

113 5623 260 5678 misit
281 5634 338 5678 et
373 5622 702 5679 incolumes.

182 5713 446 5786 Sequenti
491 5715 658 5784 igitur
697 5717 808 5788 die,
853 5734 976 5771 cum
1027 5716 1223 5773 Petrus
1266 5735 1330 5772 ea
1359 5735 1480 5792 qua:
1519 5718 1695 5790 pridie

113 5807 384 5880 disputata
437 5809 682 5887 fuerant,
738 5811 1032 5867 comitibus
1085 5813 1202 5870 suis
1254 5813 1572 5879 recitasset,
1626 5811 1692 5866 ad

1811 4612 2032 4667 demum
2066 4608 2270 4679 elapsis
2310 4609 2616 4674 mensibus,
2661 4605 2946 4672 Clemens,
2988 4604 3181 4661 eodem
3229 4603 3392 4660 Petro

1804 4703 2050 4773 jubente,
2089 4717 2374 4757 sermones
2421 4717 2562 4772 quos
2595 4699 2661 4754 ab
2698 4715 2764 4753 eo
2807 4699 3173 4753 concionante
3209 4697 3404 4753 Casa-

1806 4811 1915 4854 res:
1964 4802 2287 4863 exceperat,
2331 4793 2520 4848 decem
2573 4792 2781 4862 redegit
2829 4793 2882 4845 in
2935 4792 3135 4857 libros,
3185 4808 3392 4863 eosque

1807 4888 1957 4943 misit
1986 4887 2054 4941 ad
2095 4885 2382 4943 Iacobum.
2417 4885 2613 4941 Petrus
2639 4899 2770 4939 vero
2802 4882 3088 4954 Tripoiim,
3136 4884 3228 4938 ubi
3269 4885 3388 4940 hie-

1807 4989 2000 5044 maret,
2035 4980 2313 5052 profectus
2343 4987 2449 5035 est.

1876 5073 2087 5140 QUARTI
2146 5087 2290 5126 unm
2345 5071 2506 5126 initio
2555 5079 2746 5126 narrat
2791 5071 2934 5124 idem
2970 5067 3226 5124 Clemens
3274 5084 3385 5139 quo

1805 5167 1999 5221 itinere
2048 5164 2245 5219 Petrus
2296 5163 2562 5234 Tripolim
2595 5164 2826 5230 venerit,
2853 5179 3014 5234 quos,
3063 5164 3118 5217 in
3153 5162 3383 5218 urbibus

1804 5274 1900 5328 per
1929 5273 2067 5327 quas
2094 5256 2370 5321 transivit,
2409 5257 2696 5311 adduxerit
2725 5257 2792 5311 ad
2824 5255 3029 5310 Christi
3059 5255 3240 5317 fidem,
3273 5271 3382 5326 qua

1803 5350 2038 5419 denique
2071 5365 2267 5419 pompa
2291 5347 2496 5418 Tripoli
2527 5357 2791 5419 exceptus
2831 5349 2922 5403 sit.
2949 5346 3226 5412 lbi,altera
3258 5357 3382 5417 post

1802 5442 2093 5497 adventum
2142 5457 2303 5496 suum
2355 5441 2464 5502 die,
2490 5439 2705 5504 Petrus,
2752 5441 3073 5512 prazmissis.
3115 5439 3192 5495 uti
3234 5440 3379 5494 dixi-

1803 5551 1946 5598 mus,
1981 5534 2149 5588 sociis
2178 5535 2314 5595 suis,
2342 5549 2685 5604 quaecunque
2712 5543 2832 5604 post
2846 5548 3038 5588 eorum
3071 5531 3379 5587 discessum

1799 5633 2006 5697 egerat,
2029 5633 2153 5680 ante
2184 5626 2360 5680 lucem
2383 5635 2560 5679 ortam
2590 5627 2796 5688 retulit,
2821 5626 2890 5678 ab
2911 5626 3087 5694 iisque
3112 5639 3174 5678 ea
3195 5623 3380 5676 omnia

1799 5719 1990 5773 didicit
2009 5735 2130 5790 qua:
2151 5734 2180 5772 a
2207 5718 2429 5774 Simone
2447 5718 2649 5788 Tripoli
2674 5719 2889 5773 fuerant
2915 5724 3148 5787 patrata.
3197 5714 3379 5769 Prima

1800 5820 1978 5869 autem
2025 5812 2164 5880 luce,
2212 5813 2495 5870 nuntiatur
2536 5811 2698 5869 Petro
2733 5811 2986 5871 eumdem
3039 5809 3274 5883 Magum,
3308 5807 3377 5863 de
