4050 6336
670 340 810 400 “18

1489 338 1545 396 8.
1579 339 1971 397 CLEMENTIS
2006 341 2023 395 Ι
2062 341 2227 398 ROM.
2265 341 2467 399 PONT.
2504 341 2733 398 OPERA.
2767 341 2995 399 DUBlL

3802 343 3936 397 H76

667 461 900 517 adventu
951 455 1071 527 ejus
1120 457 1408 513 certiorem
1460 457 1702 523 factum,
1749 457 1805 513 in
1852 458 2070 530 Syriam
2127 468 2246 514 ten-
2274 466 2321 524 Α
2352 461 2499 516 bere.
2547 460 2676 516 Illos
2717 468 2897 534 autem
2944 461 3038 530 qui
3089 459 3193 514 hoc
3245 461 3680 531 regenerationis
3737 477 3932 516 sacra-

665 552 878 608 dentem
924 550 1234 621 aufugisse;
1275 557 1331 606 et
1368 551 1632 621 populum
1677 550 2017 622 frequentem
2049 552 2116 606 ad
2157 552 2247 623 ja-
2342 560 2534 607 mento
2565 553 2761 607 initiati
2797 559 2975 618 erant,
3006 552 3455 618 commonefecit,
3490 555 3626 623 ipsis
3674 570 3791 608 non
3842 571 3932 609 so-

663 663 848 710 nuam,
885 651 944 700 ut
987 658 1268 700 sermones
1312 643 1434 713 ejus
1479 643 1730 708 audiret,
1770 643 1876 714 ipsi
1923 643 2244 702 avidissime

664 737 964 810 priestolari
975 779 987 792 .

729 831 1098 900 Quamobrem
1149 836 1525 901 opportunum
1568 830 1658 885 ille
1699 839 1895 885 nactus
1913 831 2114 894 locum,
2150 838 2238 884 at-

659 940 764 994 que
795 940 860 981 ex
900 923 970 980 iis
1015 937 1153 994 quos
1195 923 1264 977 ab
1315 923 1572 993 corporis
1615 921 2032 993 agritudinibus
2078 924 2163 977 vel
2208 939 2240 978 a

658 1017 920 1073 dremonis
963 1014 1314 1088 possessione
1343 1014 1692 1081 liberaverat,
1721 1022 2104 1085 argumentum
2136 1015 2240 1069 du-

657 1123 809 1174 cens,
843 1107 1064 1180 planum
1098 1107 1356 1163 omnibus
1395 1107 1523 1162 fecit
1554 1109 1943 1178 aegrotationes
1983 1109 2238 1166 morbos-

656 1218 761 1272 que
800 1201 1106 1264 hominum,
1142 1199 1340 1256 iisdem
1384 1201 1589 1272 quibus
1615 1217 1648 1255 a
1676 1217 1808 1256 vero
1838 1200 1934 1258 Dei
1974 1203 2124 1258 cultu
2155 1221 2239 1259 re-

654 1301 954 1356 cesserant,
993 1292 1060 1346 ad
1089 1308 1187 1349 eos
1213 1295 1516 1349 accessisse
1550 1293 1852 1374 gradibus;
1896 1311 1963 1350 ac
2009 1297 2234 1351 tandem

653 1404 720 1443 eo
750 1388 902 1442 cultu
943 1388 1160 1457 penitus
1195 1385 1480 1454 derelicto,
1517 1395 1682 1457 atque
1711 1387 2043 1453 idololatria,
2076 1389 2236 1459 cujus

654 1479 813 1535 sicuti
847 1485 902 1535 et
929 1479 1120 1550 magiae
1150 1478 1416 1550 originem
1444 1479 1656 1549 pandit,
1691 1479 2024 1549 introducta,
2053 1481 2235 1537 datam

653 1570 995 1627 daemonibus
1040 1571 1252 1626 animas
1292 1587 1482 1626 eorum
1529 1571 1842 1642 possidendi
1898 1573 2232 1630 facultatem.

655 1663 899 1720 Subinde
928 1679 988 1720 se
1016 1679 1262 1736 suosque
1297 1661 1366 1718 ad
1411 1679 1604 1718 verum
1648 1664 1848 1721 summi
1881 1664 1976 1720 Dei
2025 1667 2233 1721 cultum

654 1755 1053 1811 restituendum
1096 1757 1299 1812 missos
1332 1770 1453 1811 esse
1485 1758 1603 1812 suis
1634 1759 1983 1813 annuntiavit
2019 1759 2232 1815 audito—

654 1847 828 1913 ribus,
863 1847 1110 1919 ipsisque
1149 1847 1280 1919 quid
1319 1849 1463 1903 inter
1495 1847 1662 1904 falsas
1697 1864 1967 1919 verasque
1993 1850 2230 1920 prephe-

655 1941 760 1997 tias
804 1947 860 1996 et
899 1940 1160 2004 visiones,
1210 1941 1354 1996 inter
1396 1940 1741 1996 sanationem
1777 1956 1908 2001 vero
1951 1951 2048 1996 aut
2090 1941 2231 1997 falso

651 2034 922 2089 miraculo
969 2033 1243 2089 redditam
1282 2034 1502 2090 intersit
1541 2033 1914 2099 discriminis,
1950 2034 2225 2105 patefecit.

654 2127 896 2199 Denique
926 2127 1051 2183 illos
1085 2127 1153 2183 ad
1184 2143 1370 2183 veram
1416 2127 1738 2199 religionem
1777 2125 2228 2198 amplexandam',

649 2219 914 2291 apostolis
943 2219 1145 2276 Christi
1176 2220 1476 2292 gerendum
1507 2234 1737 2283 morem,
1777 2218 2060 2291 vitamque
2096 2236 2231 2290 pure

648 2318 703 2368 et
742 2312 997 2385 religiose
1042 2313 1462 2378 instituendam,
1497 2312 1855 2375 adhortatus,
1903 2319 1962 2366 ιιι
2005 2310 2096 2367 die
2144 2329 2230 2368 seL

648 2406 835 2476 quenti
867 2404 937 2460 ad
966 2404 1218 2462 eumdem
1249 2406 1429 2460 locum
1473 2406 1744 2460 maturius
1787 2420 1848 2460 se
1876 2406 2226 2474 conferrent,

649 2497 950 2554 admonuit.

718 2590 920 2649 Exorta
966 2591 1133 2663 igitur
1174 2590 1294 2659 die,
1341 2590 1484 2647 idem
1522 2591 1639 2663 ipse
1678 2591 1896 2656 Petrus,
1945 2595 2226 2664 praemissa

649 2683 868 2740 trientali
896 2685 1157 2749 oratione,
1190 2683 1354 2738 aliam
1394 2699 1516 2755 quae
1565 2700 1725 2741 uano
1759 2701 1962 2750 amaro
2004 2685 2230 2742 exhibe-

649 2787 759 2844 tur,
789 2775 858 2832 ad
889 2774 1152 2848 populum
1195 2775 1389 2832 habuit
1426 2777 1772 2832 concionem.
1814 2777 1875 2831 ln
1913 2793 1979 2832 ea
2006 2777 2078 2832 ob
2111 2794 2230 2833 om-

648 2870 800 2926 nium
848 2869 1044 2924 oculos
1098 2868 1254 2938 ponit
1298 2869 1614 2934 hominem,
1665 2871 1734 2925 ad
1793 2872 2088 2942 imaginem
2131 2872 2226 2929 Dei

649 2966 876 3027 factum,
915 2961 1105 3017 tandiu
1151 2961 1204 3016 in
1247 2978 1338 3018 res
1379 2971 1630 3017 terrenas
1673 2963 1935 3018 habuisse
1977 2964 2228 3019 domina-

646 3061 784 3120 tum,
824 3053 1069 3125 quandiu
1101 3053 1218 3124 ipse
1255 3055 1485 3125 justitia:
1527 3055 1742 3125 legibus
1790 3055 2223 3137 obtemperavit;

2345 644 2455 710 lum
2491 646 2674 698 omnia
2703 659 2870 715 opera
2901 644 3042 698 bona
3073 659 3195 714 quae
3227 644 3498 700 hactenus
3521 655 3758 716 egerant
3788 662 3929 700 con-

2343 738 2498 792 tinuo
2519 752 2643 792 esse
2673 735 2941 801 facienda,
2969 736 3065 794 sed
3095 737 3163 792 ad
3195 736 3541 793 sublimiores
3574 739 3932 808 perfectioris

2340 829 2558 883 virtutis
2593 831 2793 900 gradus
2837 845 3055 900 semper
3081 845 3204 886 esse
3245 829 3671 885 ascendentium.
3709 829 3851 885 Hoc
3878 837 3930 888 et

2339 925 2421 979 his
2467 925 2700 986 similia,
2733 923 2910 993 inquit
2941 922 3220 985 Clemens,
3265 936 3385 975 cum
3424 922 3645 976 dixisset
3698 921 3926 982 Petrus.

2338 1016 2539 1070 dimisit
2567 1014 2771 1070 turltas.
2798 1013 2899 1069 Per
2923 1022 3038 1070 tres
3059 1022 3240 1068 autem
3266 1014 3512 1085 integros
3533 1029 3757 1070 menses
3781 1015 3929 1084 apud

2337 1108 2730 1180 Tripolitanos,
2768 1123 3001 1179 quorum
3047 1106 3314 1177 plurimos
3349 1105 3574 1160 adduxit
3615 1107 3685 1160 ad
3728 1106 3927 1170 tidem,

2335 1201 2526 1256 eodem
2570 1200 2732 1256 modo
2762 1200 3122 1256 concionatus
3148 1206 3251 1254 est.
3295 1196 3428 1253 Post
3459 1198 3594 1261 haec,
3636 1196 3927 1253 Clemente

2335 1295 2566 1366 aliisque
2600 1293 2851 1365 pluribus
2881 1307 3040 1348 sacro
3071 1291 3401 1363 baptismate
3449 1290 3673 1351 ablutis.
3708 1289 3929 1360 Tripoli

2336 1387 2612 1442 Maronem
2653 1388 2995 1458 episcopum,
3031 1393 3085 1440 et
3112 1383 3404 1440 duodecim
3443 1385 3826 1454 presbyteros,
3863 1399 3928 1438 ac

2335 1498 2364 1550 q
2375 1482 2597 1537 uosdam
2612 1480 2873 1537 diaconos
2888 1479 3114 1544 creavit,
3138 1487 3326 1548 atque,
3351 1476 3478 1532 inde
3500 1477 3726 1532 tandem
3744 1493 3928 1545 egres-

2335 1590 2451 1636 sus,
2477 1575 2626 1627 venit
2649 1571 3023 1627 Antiochiam.

2405 1665 2629 1721 Sanun
2664 1681 2809 1721 untu
2854 1663 3012 1719 initio
3043 1671 3306 1717 narratur
3343 1667 3597 1724 Petrum,
3632 1676 3764 1717 cum
3793 1657 3926 1715 Tri-

2312 1759 2442 1830 poli
2487 1752 2826 1815 Antaradum
2876 1757 3231 1820 accessisset,
3278 1756 3459 1811 socios
3487 1769 3643 1815 suos,
3679 1768 3923 1824 quorum

2333 1853 2510 1923 major
2547 1859 2797 1908 creverat
2842 1866 3131 1915 numerus,
3186 1850 3347 1912 duas,
3393 1863 3515 1919 quae
3565 1847 3754 1917 ipsttm
3792 1862 3925 1916 prb

2332 1945 2612 2012 cederent,
2645 1944 2902 2000 divisisse
2943 1944 2999 1997 in
3031 1951 3275 2008 turmas;
3308 1951 3469 2013 atque
3501 1944 3597 1998 uni
3643 1941 3922 2002 Nicetam,

2333 2038 2585 2108 Aquilam
2628 2037 2788 2092 alteri
2839 2035 3171 2108 praefecisse.
3213 2035 3470 2090 Clemens
3508 2051 3672 2096 vero,
3727 2033 3924 2105 gratiis

2332 2127 2515 2197 Petro,
2560 2133 2690 2202 quia
2733 2145 2858 2186 eum
2902 2128 3047 2198 apud
3089 2143 3152 2185 se
3206 2128 3546 2192 retinuerat,
3590 2127 3767 2190 actis,
3819 2125 3920 2194 ipsi

2332 2225 2582 2293 poscenti
2627 2222 2904 2294 quomodo
2951 2231 3182 2292 patrem,
3213 2233 3267 2277 et
3297 2230 3553 2285 matrem,
3601 2235 3666 2273 ac
3721 2219 3922 2272 fratres

2331 2315 2635 2380 amisisset,
2687 2314 2978 2370 confestim
3026 2313 3350 2368 declaravit.
3387 2313 3484 2368 Die
3525 2301 3922 2381 suliscquenti,

2329 2407 2521 2463 Petrus
2570 2410 2624 2462 in
2674 2409 2912 2463 insulam
2943 2407 3208 2470 Aradum,
3268 2408 3442 2461 viteas
3474 2407 3763 2460 immensa:
3807 2419 3922 2455 tua-

2329 2502 2632 2572 gnitudinis
2678 2503 2965 2556 columnas
3021 2499 3242 2554 videndi
3295 2500 3494 2570 gratia,
3531 2514 3594 2553 se
3645 2500 3918 2560 contulit,

2329 2593 2511 2664 ibique
2554 2594 2808 2649 Clemens
2856 2593 3076 2665 agnovit
3105 2601 3336 2647 matrem
3373 2606 3528 2647 suam
3592 2587 3920 2644 latbidiam

2331 2685 2458 2740 illuc
2507 2685 2794 2756 naufragio
2839 2687 3154 2756 expulsam,
3203 2693 3370 2754 atque
3419 2683 3790 2753 eleemosynis
3839 2684 3922 2735 vi-

2328 2787 2476 2832 etum
2526 2788 2882 2850 qumrentcm.
2929 2778 3025 2834 llla
3057 2793 3188 2833 vero
3230 2792 3354 2832 cum
3395 2791 3572 2830 uxore
3615 2775 3770 2831 Petri
3816 2791 3920 2831 ca-

2329 2871 2568 2940 terisque
2601 2872 2856 2926 omnibus
2889 2870 3213 2926 Laodiceam
3251 2870 3492 2933 ducitur,
3523 2884 3633 2940 qua
3679 2868 3738 2923 in
3783 2870 3924 2924 urbe

2328 2979 2358 3017 a
2388 2965 2601 3020 duobus
2646 2965 2770 3020 aliis
2815 2965 2941 3020 ﬁliis
2992 2965 3134 3028 suis,
3185 2964 3514 3035 quibuscum
3563 2962 3921 3034 naufragium

2328 3057 2556 3123 fecerat,
2597 3059 2780 3129 agnita
2826 3073 3048 3129 quoque
3075 3067 3179 3113 est.
3223 3055 3287 3111 Hi
3328 3064 3510 3110 autem
3547 3066 3926 3110 narraverunt

648 3147 744 3203 ubi
769 3162 902 3202 vero
928 3148 997 3203 ab
1023 3146 1094 3203 iis
1125 3146 1404 3213 discessit,
1434 3148 1694 3202 continuo
1726 3146 2028 3217 fragilitati,
2057 3148 2224 3205 animi
2255 3177 2296 3234 ο
2331 3167 2388 3206 se
2435 3163 2556 3221 post
2602 3153 2949 3222 naufragium
2989 3151 3294 3206 Caesaream
3338 3148 3575 3211 delatos,
3607 3155 3662 3200 ct
3696 3146 3922 3201 cuidam

650 3227 1176 3313 perturbationibus,
1215 3240 1644 3304 tentationibus,
1690 3239 2072 3294 vexationibus
2115 3240 2225 3296 da:-

647 3349 906 3396 tnonum,
957 3331 1307 3404 miseriisque
1357 3331 1612 3386 omnibus
1671 3331 1969 3386 obnoxium
2019 3330 2223 3386 factum

646 3443 790 3484 esse.
813 3425 994 3482 Monet
1023 3431 1206 3481 tamen
1237 3440 1405 3496 parvo
1430 3425 1553 3480 fidei
1584 3439 1755 3496 grano
1786 3425 2009 3480 morbos
2032 3439 2224 3480 omnes

649 3537 808 3592 posse
837 3521 1042 3576 sanari.
1076 3517 1228 3573 lianc
1264 3519 1431 3590 igitur
1470 3518 1630 3573 tidem
1658 3519 1728 3572 ab
1763 3518 2023 3573 omnibus
2055 3520 2226 3574 susci-

649 3611 900 3681 piendam
937 3627 1060 3668 esse
1091 3611 1392 3675 concludit,
1432 3617 1487 3665 et
1519 3625 1649 3664 vero
1687 3607 1990 3679 Propheta).
2025 3625 2188 3680 quem
2209 3649 2225 3675 ,

647 3706 806 3761 sicuti
843 3706 1266 3777 praenuntiatum
1312 3704 1518 3765 fuerat,
1555 3703 1667 3773 jam
1703 3703 2030 3758 adventasse
2057 3719 2226 3758 nove-

648 3805 805 3860 rant,
845 3797 1008 3851 unice
1063 3795 1434 3852 serviendum.
1487 3794 1697 3851 Deinde
1746 3796 1907 3852 docet
1961 3814 2071 3852 non
2123 3813 2223 3852 au-

647 3889 877 3944 diendas
915 3905 1060 3953 esse,
1097 3906 1236 3960 quas
1267 3890 1357 3945 ille
1408 3891 1722 3961 singulatim
1761 3899 2047 3954 recenset,
2095 3907 2226 3963 sugo

647 3992 829 4054 gestas
866 3997 896 4035 a
937 3981 1183 4037 daemone
1214 3982 1563 4036 tentationes.
1614 3982 1866 4037 Dimissis
1912 3999 2076 4053 porro
2106 4000 2224 4038 om-

649 4073 832 4138 nibus,
866 4072 933 4126 ad
970 4088 1069 4128 sua
1102 4074 1217 4144 ipse
1248 4074 1560 4137 revertitur,
1604 4074 1696 4127 ubi
1729 4076 1898 4130 sociis
1932 4077 2048 4130 suis
2091 4093 2226 4132 con-

647 4166 793 4222 cedit
818 4167 1182 4237 quodcunque
1211 4166 1482 4230 libuisset,
1517 4167 1834 4222 sciscitandi
1883 4167 2220 4235 facultatem,

648 4269 701 4314 et
726 4261 988 4314 Continuo
1009 4258 1073 4312 ad
1102 4258 1314 4328 singula
1349 4275 1577 4329 quaeque
1605 4258 1888 4329 respondit
1918 4277 2106 4315 eorum
2141 4262 2224 4315 in-

649 4361 942 4422 terregata.
966 4351 1216 4407 Clemens
1243 4367 1373 4406 vero
1407 4363 1603 4407 cuncta
1629 4369 1750 4422 quze
1785 4355 1852 4405 ab
1882 4370 1946 4407 eo
1980 4371 2223 4423 pronun-

649 4445 780 4498 tiata
810 4444 1044 4507 fuerant,
1075 4444 1132 4497 in
1172 4444 1392 4510 librum,
1433 4461 1594 4515 quem
1625 4445 1774 4500 misit
1813 4444 1880 4499 ad
1927 4443 2219 4514 Jacobum,

649 4537 1063 4592 accuratissime
1090 4537 1319 4608 redegit.

721 4628 936 4683 Sanus
988 4643 1145 4682 uasti
1193 4630 1354 4684 aliam
1415 4647 1631 4702 quoque
1686 4632 1834 4689 Petri
1902 4635 2221 4690 concionem

650 4711 909 4776 continet.
936 4719 986 4775 ls
1015 4735 1140 4775 cum
1171 4722 1383 4776 tardius
1425 4725 1588 4778 solito
1635 4725 1705 4780 ob
1754 4733 1996 4780 noctium
2052 4727 2226 4782 brevi-

649 4819 816 4865 tatem
859 4815 1211 4876 surrexisset,
1252 4813 1319 4868 ad
1349 4825 1675 4870 consuetum
1725 4819 2010 4874 concionis
2041 4821 2220 4875 locum

650 4905 904 4972 perrexit.
933 4905 1110 4976 Atque
1155 4905 1230 4959 ibi
1280 4907 1454 4976 primo
1507 4910 1771 4978 explicuit
1807 4911 2082 4981 quomodo
2127 4912 2224 4965 ho-

647 4998 826 5052 mines
857 5000 1068 5068 possint
1098 4997 1264 5054 falsas
1301 5001 1587 5069 opiniones
1618 5001 1915 5072 deponere,
1955 5012 2008 5058 et
2039 5004 2096 5059 in
2127 5021 2221 5060 vc-

646 5091 826 5146 ritatis
869 5092 1090 5163 verique
1119 5091 1214 5146 Dei
1246 5094 1531 5163 pervenire
1561 5096 1835 5150 notitiam.
1871 5097 2220 5152 Manifestum

647 5180 847 5238 deinde
905 5183 1034 5238 fecit
1077 5184 1202 5238 illos
1250 5183 1392 5238 haud
1449 5185 1740 5241 difﬁculter
1785 5190 1928 5243 scire
1974 5190 2222 5259 potuisse

646 5288 757 5328 non
800 5275 1016 5345 quidem
1058 5275 1184 5346 quid
1228 5278 1298 5330 sit
1346 5277 1505 5343 Deus,
1553 5282 1642 5333 sed
1686 5281 1822 5352 quod
1870 5300 1972 5336 nou
2017 5285 2113 5350 sit,
2159 5301 2222 5340 ac

645 5367 877 5437 proinde
923 5368 1073 5424 illum
1122 5369 1175 5422 in
1228 5371 1425 5436 idolis,
1461 5373 1697 5428 humana
1750 5385 1866 5431 arte
1912 5376 2218 5441 fabricatis,

643 5475 754 5516 non
819 5460 1044 5516 includi.
1097 5462 1165 5516 At
1214 5480 1342 5519 vero
1397 5469 1524 5536 quia
1587 5470 1764 5522 omnia
1819 5471 2102 5540 gignuntur
2158 5488 2221 5525 est:

643 5570 802 5622 aqua.
833 5571 948 5624 quae
985 5566 1164 5610 creata
1205 5569 1281 5612 est
1311 5560 1373 5612 ab
1420 5561 1568 5614 initio
1605 5577 1696 5629 per
1743 5560 2094 5633 Unigenitum,
2131 5581 2220 5633 per

641 5663 793 5710 quem
830 5649 1126 5717 peruenitur
1160 5653 1229 5705 ad
1275 5651 1512 5720 Patrem,
1553 5655 1749 5711 exinde
1782 5656 1965 5710 intulit
2010 5661 2219 5728 genita-

641 5738 786 5794 libus
821 5740 1111 5813 baptismi,
1155 5745 1311 5812 cujus
1363 5751 1749 5803 necessitatem
1819 5753 2219 5823 utilitatemque

642 5830 1018 5893 deutonstrare
1071 5844 1300 5894 conatus
1348 5848 1462 5904 est,
1511 5857 1609 5897 nos
1653 5843 1808 5913 aquis
1853 5846 2064 5899 renasci
2117 5846 2212 5899 dc-

2330 3242 2525 3308 vidua:,
2557 3244 2647 3298 cui
2689 3260 2886 3321 nomen
2929 3241 3100 3297 Iusta;
3130 3250 3280 3306 erat,
3324 3240 3594 3306 venditos,
3638 3238 3767 3308 ejus
3822 3255 3922 3310 po-

2328 3343 2443 3390 stea
2473 3352 2607 3391 cura
2640 3338 2841 3393 litteris
2871 3345 2922 3392 et
2957 3335 3316 3406 philosophia:
3339 3349 3464 3389 cum
3500 3332 3729 3386 Simone
3758 3332 3922 3402 Mago

2327 3444 2551 3498 operam
2599 3430 2839 3498 dedisse,
2872 3430 3130 3499 illiusque
3179 3427 3460 3484 imbibisse
3503 3428 3914 3493 errores;sed,

2328 3521 2542 3576 Lacluei
2571 3539 2693 3593 ope,
2729 3523 2832 3578 fide
2857 3521 3064 3577 Christi
3092 3530 3374 3592 suscepta,
3399 3535 3458 3574 se
3495 3518 3657 3573 Petro
3688 3519 3918 3573 tandem

2328 3614 2498 3670 fuisse
2536 3617 2770 3671 oblatos.
2809 3614 3020 3681 Quibus
3071 3613 3294 3678 auditis,
3339 3612 3535 3668 Petrus
3569 3609 3917 3674 stathidiam,

2328 3708 2582 3778 baptismi
2639 3707 3052 3779 gratiadonari
3111 3706 3515 3778 postulantem,
3571 3714 3698 3774 post
3751 3707 3916 3760 unius

2325 3800 2432 3855 diei
2459 3802 2731 3871 jejunium
2758 3815 2821 3856 eo
2853 3799 3285 3872 regenerationis
3307 3805 3652 3854 sacramento
3685 3813 3742 3852 tn
3775 3797 3914 3852 mari

2328 3895 2583 3950 initiavit.

2399 3987 2493 4041 Die
2525 3988 2904 4058 subsequenti,
2936 3997 2995 4043 ut
3029 3989 3082 4044 in
3113 4002 3272 4042 statio
3309 4000 3520 4040 ocruo
3550 3992 3751 4039 auctor
3780 3999 3909 4037 nar-

2327 4086 2443 4143 rat,
2489 4077 2707 4143 Petrus,
2757 4079 3037 4136 Clcmentc
3090 4081 3417 4149 duobusque
3467 4079 3593 4133 aliis
3641 4078 3910 4133 fratribus

2327 4174 2443 4230 suis
2473 4174 2790 4235 comitibus,
2823 4172 2966 4227 lavat
3009 4173 3062 4227 in
3109 4174 3280 4238 tnari,
3326 4181 3491 4241 atque
3535 4172 3592 4225 in
3629 4181 3908 4226 secretum

2326 4266 2503 4318 locum
2546 4265 2613 4320 ad
2664 4266 2970 4320 orationem
3019 4265 3246 4320 secedit.
3293 4263 3421 4319 inde
3477 4263 3555 4318 illi
3601 4263 3909 4335 egredienti

2327 4361 2566 4411 occurrit
2593 4374 2759 4414 senex
2792 4358 3010 4427 quidam
3051 4375 3277 4428 pauper,
3301 4374 3364 4412 ex
3394 4359 3576 4410 habitu
3602 4357 3910 4424 operarius,

2327 4452 2421 4519 qui
2463 4467 2657 4521 preces
2696 4451 2763 4504 ad
2811 4450 2979 4505 Deum
3028 4467 3313 4521 perperam
3362 4449 3537 4512 fundi,
3566 4458 3620 4504 et
3654 4449 3908 4504 mundum

2257 4546 2300 4600 D
2331 4560 2430 4595 non
2470 4543 2752 4598 secundum
2801 4544 2896 4597 Dei
2939 4545 3320 4614 providentiam
3371 4544 3788 4614 gubernari.....
3824 4546 3909 4596 sed

2325 4638 2531 4707 genesin
2579 4654 2690 4691 esse
2733 4654 2848 4707 qua:
2892 4639 3070 4690 omnia
3108 4639 3215 4708 agit
3256 4647 3306 4691 et
3344 4637 3604 4701 continet,
3650 4636 3914 4691 audacter

2326 4729 2578 4783 asseruit.
2611 4727 2694 4783 Fit
2738 4729 2959 4784 interim
2995 4735 3229 4800 magnus
3269 4730 3455 4801 populi
3486 4745 3826 4792 concursus.
3859 4739 3910 4784 et

2323 4819 2560 4883 Nicetas,
2596 4822 2721 4874 data
2753 4837 2778 4873 a
2806 4821 2991 4885 Petro,
3026 4824 3118 4893 qni
3149 4823 3266 4878 seni
3304 4822 3642 4892 respondere
3671 4823 3909 4888 volebat,

2323 4915 2538 4970 dicendi
2574 4915 2857 4977 facultate,
2902 4915 3091 4969 docuit
3125 4915 3390 4969 mundum
3437 4930 3467 4967 a
3506 4913 3619 4969 Deo
3671 4914 3906 4974 factum,

2323 5009 2475 5063 etab
2507 5010 2625 5078 ipso
2667 5009 2998 5078 quandoun
3046 5009 3401 5072 solvendum,
3447 5023 3547 5062 nec
3590 5023 3657 5061 ex
3709 5009 3910 5062 indivi—

2321 5099 2446 5154 duis
2488 5102 2832 5169 corpusculis
2884 5118 2982 5156 scu
3021 5103 3253 5162 atomis,
3300 5109 3360 5154 ut
3409 5099 3621 5154 ferebat
3686 5099 3909 5169 Epicuri

2323 5194 2613 5257 sententia,
2643 5196 2898 5264 quaelibet
2922 5210 3172 5265 corpora,
3196 5203 3515 5262 mentesque
3549 5192 3910 5262 intelligentia

2325 5288 2605 5357 praeditas,
2633 5288 2769 5342 fieri.
2813 5287 2992 5342 Variis
3033 5288 3230 5344 deinde
3271 5286 3608 5358 argumentis
3659 5287 3904 5356 probavit

2325 5383 2584 5436 mundum
2610 5383 2674 5435 ab
2710 5384 2825 5449 ipsa
2863 5382 3126 5450 sapientia
3167 5391 3215 5437 et
3283 5381 3510 5443 ratione,
3548 5379 3777 5449 quando
3811 5377 3909 5448 ipsi

2323 5476 2546 5545 placuit,
2578 5475 2750 5531 fuisse
2783 5474 3082 5530 conditum.

2394 5567 2682 5631 Postridie,
2725 5576 2868 5622 coetu
2916 5568 2970 5621 in
3003 5566 3249 5640 primarii
3297 5563 3585 5632 cujusdam
3633 5563 3776 5620 civis
3808 5563 3906 5617 do-

2323 5677 2468 5714 mum
2513 5670 2725 5723 coacto.
2765 5677 2929 5716 senex
2968 5677 3030 5716 ea
3082 5677 3206 5730 qua:
3235 5660 3454 5714 Nicetas
3490 5657 3712 5710 dixerat
3760 5673 3906 5712 sum-

2323 5755 2508 5806 mzttim
2545 5755 2758 5823 repetit,
2787 5764 2968 5825 atque,
3006 5753 3267 5808 adversus
3309 5754 3398 5807 illa
3431 5752 3750 5820 disputans,
3780 5767 3904 5805 con-

2323 5847 2493 5898 tendit
2528 5848 2772 5916 quaedam
2817 5848 3005 5915 injuste
3036 5857 3077 5899 el
3119 5847 3406 5900 inordinati
3459 5843 3605 5899 facta
3655 5860 3811 5909 CSse;
3845 5859 3902 5900 ex
