4050 6336
655 286 682 307 θ’

216 357 347 412 ΗΠ

1302 348 1867 408 RECOGNITIONES.
1903 382 1969 392 —
2003 351 2364 412 PROGIMIA.

3308 365 3438 418 5178

211 467 282 523 iis
304 475 486 523 autem
537 481 657 537 qua
699 466 854 537 juxta
900 465 1147 520 ordinem
1187 465 1356 529 fiunt,
1403 465 1651 534 quaedam
1704 467 1772 520 ab
1801 472 1846 528 Α
1875 482 1993 523 rum
2025 469 2291 540 sepulcra.
2322 470 2402 522 Ad
2433 468 2545 524 hac
2583 469 2774 542 Aquila
2826 473 3102 541 respondit
3146 475 3265 530 illas
3306 479 3438 532 deo-

208 561 318 614 alio
343 575 504 628 quam
533 559 600 614 ab
628 560 738 614 ulla
768 566 951 614 mente
982 557 1149 611 fuisse
1180 566 1384 612 creata.
1411 556 1615 609 Contra
1642 571 1772 612 vero

209 651 402 718 Aquila
445 665 506 706 ex
553 652 619 704 iis
647 665 768 720 quae
815 647 1114 704 secundum
1152 650 1400 703 ordinem
1444 648 1559 703 fieri
1605 664 1770 704 senex

206 751 583 806 concesserat,
625 743 1027 813 agnoscendam
1072 758 1196 797 esse
1225 741 1323 795 Dei
1376 743 1772 812 providentiam

205 832 615 892 demonstravit.
658 834 828 891 Porro
868 851 933 890 ex
967 836 1033 890 iis
1081 852 1202 905 quae
1241 835 1555 890 inordinate
1605 835 1770 902 ﬁunt,

207 927 508 984 luculenter
542 929 811 992 ostendit,
843 928 907 981 ab
952 929 1150 999 origine
1193 928 1377 981 mundi
1420 929 1554 998 nihil
1593 945 1774 983 eorum

206 1019 398 1084 fuisse,
424 1020 518 1078 sed
547 1036 611 1076 ex
641 1021 915 1091 impietate
950 1021 1230 1074 hominum
1265 1036 1423 1074 suum
1454 1021 1593 1073 mala
1625 1035 1776 1075 sum-

207 1115 386 1183 psisse
416 1114 649 1169 initium.
680 1113 920 1184 Denique
947 1129 1072 1168 cum
1111 1113 1364 1168 omnibus
1400 1129 1521 1183 qua:
1549 1115 1651 1168 sibi
1684 1113 1774 1168 ob-

201 1207 550 1276 jiciebantur,
602 1208 721 1262 fuse
755 1207 1152 1276 respondisset,
1194 1207 1439 1260 ultimam
1489 1206 1639 1262 senis
1677 1207 1776 1260 ob-

201 1298 496 1367 jectionem
535 1315 638 1370 qua
664 1300 841 1352 omnia
868 1315 931 1353 ea:
957 1301 1261 1353 necessitate
1281 1299 1480 1368 genesis
1503 1297 1603 1352 sibi
1634 1300 1778 1352 acci-

205 1390 348 1445 disse
373 1390 608 1452 dicebat,
641 1390 793 1444 fratri
825 1406 926 1445 suo
963 1390 1252 1453 Clementi,
1282 1399 1503 1459 postero
1545 1389 1633 1444 die
1669 1389 1777 1445 sol-

205 1483 437 1538 vendam
468 1482 710 1552 reliquit.
735 1481 830 1536 His
857 1481 1042 1544 dictis,
1068 1481 1263 1537 Petrus
1294 1483 1431 1536 nulli
1464 1482 1772 1546 hominum,

203 1575 311 1630 nisi
342 1575 440 1630 soli
474 1587 604 1629 vero
629 1573 924 1642 prophetas,
950 1588 1070 1642 quae
1095 1589 1126 1625 a
1159 1573 1266 1628 Deo
1297 1573 1383 1626 vel
1410 1574 1523 1626 ﬁeri
1549 1574 1631 1627 vel
1663 1589 1773 1628 non

207 1667 320 1723 fieri
348 1683 456 1722 non
499 1663 741 1736 possint,
779 1675 1059 1736 comperta
1089 1680 1211 1720 esse
1239 1666 1405 1731 dixit;
1444 1681 1546 1720 nec
1579 1682 1774 1736 quem-

204 1773 369 1828 quam
408 1759 476 1813 ab
514 1758 607 1812 illo
642 1758 904 1827 propheta
947 1757 1052 1811 hac
1091 1757 1158 1811 de
1187 1773 1261 1821 re,
1293 1757 1422 1818 nisi,
1453 1757 1619 1810 variis
1653 1757 1775 1826 phi-

1875 576 1993 614 rum
2043 561 2256 616 fabulas
2298 577 2328 615 a
2378 561 2718 632 philosophis
2767 565 2998 634 aliisque
3045 567 3174 621 viris
3221 571 3441 637 sapien-

1873 654 2019 708 tibus
2046 654 2332 723 allegorice
2361 654 2530 709 fuisse
2559 656 2883 725 explicatas.
2907 656 3110 711 Contra
3142 667 3318 713 autem
3352 660 3443 715 Ni-

1873 753 2024 800 cetas
2054 746 2130 799 illi
2163 747 2425 799 continuo
2453 747 2695 801 ostendit
2737 749 2847 803 base
2879 747 3104 803 deorum
3149 752 3377 806 crimina
3410 765 3444 810 a

1874 839 2191 906 pictoribus,
2236 838 2604 909 sculptoribus
2649 850 2702 894 et
2744 841 2921 910 poetis
2968 857 3078 895 non
3127 843 3440 913 allegorice,

1874 929 1966 982 sed
1994 943 2184 998 reapse
2205 938 2259 982 et
2287 931 2354 983 ad
2387 931 2620 985 litteram
2651 932 2776 1000 poni
2809 941 2934 987 ante
2959 934 3200 987 omnium
3226 936 3440 994 oculos.

1874 1019 2090 1076 Nicetas
2129 1030 2309 1076 tamen
2358 1022 2459 1077 has
2503 1024 2822 1093 allegoricas
2878 1026 3184 1080 fabularum
3224 1031 3444 1099 exposi-

1873 1115 2070 1177 tiones,
2103 1123 2324 1185 rogante
2353 1114 2647 1180 Clemente,
2681 1128 2764 1171 est
2791 1127 3135 1187 prosecutus.
3169 1118 3304 1174 Tum
3347 1120 3444 1176 Pe-

1875 1214 1992 1260 trus
2024 1205 2360 1275 Scripturam
2405 1221 2616 1261 sacram
2650 1223 2758 1262 non
2800 1223 2866 1264 eo
2908 1225 3070 1264 sensu
3120 1211 3438 1282 allegorica,

1873 1295 1967 1350 sed
1998 1296 2126 1357 alia,
2171 1312 2331 1367 quam
2375 1300 2489 1366 ipse
2519 1297 2727 1364 docuit,
2771 1299 3028 1355 methodo
3057 1305 3440 1372 explicandam

1869 1410 1994 1451 esse
2038 1393 2444 1449 demonstravit.
2491 1391 2694 1446 Deinde
2742 1393 2806 1448 ad
2851 1391 3264 1448 Faustiniauum
3305 1409 3441 1448 con-

1873 1501 2085 1561 versus,
2112 1486 2289 1554 ipsum
2326 1485 2390 1536 ad
2431 1485 2785 1553 prolltendam
2829 1485 3141 1555 religionem
3178 1485 3447 1540 Christia-

1874 1592 2022 1644 nam,
2053 1592 2172 1646 qua:
2205 1575 2335 1630 nihil
2365 1575 2467 1629 nisi
2500 1586 2746 1630 sanctum
2779 1585 2830 1630 et
2864 1576 3152 1629 honestum
3182 1577 3444 1646 praecipit,

1873 1680 2218 1736 summOpere
2242 1666 2560 1720 adhortatus
2581 1673 2684 1718 est.
2708 1663 2966 1734 Denique,
2993 1664 3198 1718 reddita
3229 1665 3447 1733 aegrotis

1871 1765 2034 1826 atque
2064 1772 2095 1810 a
2131 1756 2376 1810 daemone
2408 1754 2646 1809 obsessis
2693 1753 2956 1820 sanitate,
3002 1755 3263 1824 populum
3313 1770 3446 1826 gau-

205 1851 561 1920 losophorum
604 1849 1002 1904 subtilitatibus
1035 1848 1242 1914 missis,
1273 1848 1491 1902 sincero
1527 1848 1774 1903 veritatis
1805 1839 1848 1893 Β
1874 1849 2087 1904 dentem
2116 1849 2406 1918 laetumque
2434 1846 2660 1902 dimisit.

205 1957 391 1999 amore
428 1944 682 2005 ducatur,
724 1943 838 1998 fore
881 1957 1120 2011 unquam
1151 1941 1478 1995 docendum.
1508 1941 1775 1994 Caeterum

205 2035 274 2089 ad
308 2035 734 2105 investigandam
759 2035 1037 2090 veritatem
1065 2033 1115 2087 id
1143 2033 1520 2086 tantummodo
1545 2032 1773 2102 requiri,

205 2134 265 2182 ut
292 2126 542 2182 homines
571 2141 700 2181 num
741 2126 1003 2195 propheta
1037 2125 1125 2179 ille
1152 2108 1284 2179 .vera
1317 2140 1532 2193 semper
1579 2123 1778 2193 praedi-

207 2220 365 2283 xerit,
391 2221 678 2289 diligenter
711 2219 1011 2289 inquirant.

274 2310 424 2365 Lini
457 2327 577 2366 nom
601 2311 756 2366 initio
777 2311 1010 2364 traditur
1037 2309 1284 2380 sequenti
1317 2309 1403 2363 die
1435 2324 1586 2362 more
1615 2308 1779 2362 solito

203 2403 541 2472 disputatum
577 2403 768 2467 fuisse,
800 2409 980 2456 utrum
1015 2402 1146 2454 nihil
1173 2413 1324 2454 extra
1369 2402 1578 2470 genesin
1608 2401 1775 2469 ﬁeret.

202 2494 566 2562 Quamobrem
597 2495 847 2550 Clemens
869 2493 1035 2548 variis
1066 2496 1336 2547 rationum
1366 2492 1655 2548 momentis
1686 2491 1780 2546 de-

204 2587 532 2641 monstravit
563 2586 834 2640 hominem
865 2586 1037 2639 libero
1071 2585 1366 2639 voluntatis
1398 2584 1642 2651 arbitrio,
1672 2601 1780 2654 quo

209 2678 477 2749 quidlibet
506 2693 665 2748 agere
706 2683 884 2747 potest
911 2676 995 2731 vel
1034 2691 1141 2730 non
1191 2691 1372 2745 agere,
1417 2692 1539 2730 esse
1580 2677 1777 2746 praedi-

208 2779 349 2826 tum.
395 2770 574 2826 Senex
617 2785 747 2825 vero
793 2770 972 2841 arguit
1013 2784 1081 2824 ex
1128 2767 1638 2822 constellationibus
1682 2785 1778 2822 va-

207 2864 417 2934 riisque
458 2871 732 2918 astrorum
767 2861 1103 2931 aspectibus,
1140 2875 1278 2930 quos
1306 2868 1563 2914 accurate
1591 2875 1782 2913 recen-

205 2957 348 3020 suit,
380 2957 629 3010 homines
675 2954 763 3009 vel
808 2953 982 3008 bonos
1032 2951 1181 3016 fieri,
1216 2951 1299 3005 vel
1347 2951 1538 3005 malos.
1575 2948 1779 3005 Contra

203 3051 460 3106 Clemens
488 3049 650 3116 longa
679 3047 1014 3108 inductione,
1049 3061 1156 3114 qua
1185 3045 1352 3098 varia:
1381 3044 1633 3099 nationes
1658 3060 1781 3098 eas-

205 3143 333 3196 dem
374 3156 588 3211 semper
617 3141 759 3210 leges
789 3147 842 3194 et
879 3138 1308 3193 consuetudines
1373 3144 1782 3206 quantumcun-

204 3249 316 3304 que
345 3241 596 3304 aspectus
637 3231 876 3287 siderum
917 3231 1052 3284 varii
1087 3229 1319 3294 fuerint,
1369 3229 1624 3283 inviolate
1667 3245 1783 3282 ser-

205 3333 495 3388 vaverunt,
540 3325 594 3379 id
626 3325 821 3378 falsum
853 3338 974 3378 esse
1014 3322 1267 3376 convicit.
1305 3321 1585 3374 Summam
1614 3337 1782 3391 argu-

207 3419 380 3473 menti
425 3418 572 3472 illius
615 3417 726 3471 vim
767 3423 821 3469 et
864 3414 1080 3484 pondus
1127 3413 1345 3483 agnovit
1388 3427 1576 3467 senex.
1631 3412 1780 3478 Qua-

207 3517 434 3583 propter
477 3515 538 3562 ut
581 3507 632 3562 id
680 3507 1013 3576 eXperientia
1064 3521 1160 3560 sua
1202 3505 1396 3560 falsum
1449 3521 1569 3561 esse
1615 3509 1785 3576 magis

210 3601 499 3671 magisque
528 3600 898 3671 persuaderet,
926 3599 1027 3653 sibi
1061 3613 1256 3651 nomen
1282 3614 1403 3651 esse
1429 3597 1787 3651 Faustiniano

209 3692 502 3748 confessus
536 3700 642 3754 est,
682 3699 734 3745 et
763 3706 1102 3760 quaecunque
1141 3692 1242 3745 sibi
1289 3691 1624 3754 acciderant,
1658 3693 1784 3746 bre-

209 3787 354 3843 viter
383 3787 644 3841 narravit.
678 3784 758 3838 Ab
788 3798 959 3838 uxore
991 3783 1173 3852 itaque
1207 3798 1306 3836 sua
1339 3781 1602 3836 Mathidia
1641 3782 1790 3837 ﬁliis-

211 3896 320 3949 que
343 3879 456 3934 suis
482 3879 696 3948 agnitus
717 3883 821 3938 est,
846 3877 1011 3945 iique,
1031 3875 1257 3928 dimisso
1286 3875 1504 3943 populo,
1530 3891 1638 3928 una
1662 3891 1786 3929 cum

212 3971 397 4034 Petro,
441 3971 495 4024 in
527 3969 737 4033 eadem,
768 3968 860 4023 ubi
896 3968 1255 4038 disceptatum
1289 3967 1486 4036 fuerat,
1513 3968 1676 4025 domo
1703 3986 1791 4024 re-

213 4069 556 4117 manserunt.

289 4153 524 4208 Daunus
570 4169 730 4210 Lmen
787 4153 944 4207 docet
1003 4152 1278 4222 quomodo
1334 4151 1558 4215 Petrus,
1599 4160 1791 4207 exorto

218 4248 356 4310 sole,
387 4245 850 4314 Faustinianoque
882 4245 1058 4298 adhuc
1090 4245 1418 4308 dormiente,
1455 4247 1788 4299 Clementem

219 4340 526 4408 fratresque
571 4339 692 4407 ejus
730 4338 797 4393 de
842 4338 1076 4392 ineunda
1123 4355 1245 4392 cum
1293 4339 1383 4392 illo
1422 4333 1793 4407 disputatione

217 4433 502 4495 erudierit,
554 4431 914 4500 statueritque
964 4431 1140 4484 eidem
1193 4429 1574 4494 Faustiniano,
1614 4439 1671 4484 ut
1724 4433 1788 4484 ad

1943 1939 2073 1996 Post
2100 1941 2214 1994 haec
2249 1948 2429 1994 autem
2470 1940 2611 1993 inter
2642 1936 2853 2007 prandii
2900 1947 3192 2007 apparatus
3229 1936 3447 1992 Fausti-

1875 2035 2110 2099 nianus,
2169 2043 2440 2088 annuente
2490 2031 2649 2087 Petro
2679 2072 2696 2098 ,
2744 2031 3040 2101 Appionem
3091 2038 3146 2085 et
3196 2030 3447 2084 Anubio-

1873 2145 2029 2196 nem,
2052 2127 2144 2198 qui
2183 2126 2471 2181 Antiochia
2502 2125 2821 2180 Laodiceam
2861 2137 2985 2178 cum
3012 2122 3236 2177 Simone
3278 2138 3447 2177 vene-

1871 2234 2018 2288 rant,
2057 2222 2261 2278 invisit.
2295 2221 2432 2276 Tum
2459 2219 2672 2283 Simon,
2703 2229 2760 2273 ut
2784 2217 3017 2272 ministri
3047 2216 3297 2282 Caesaris,
3349 2217 3443 2286 qui

1869 2331 1994 2370 eum
2024 2315 2091 2369 ad
2124 2329 2309 2369 necem
2330 2313 2674 2383 quzerebant,
2707 2309 3122 2364 Faustinianum
3158 2308 3210 2362 in
3261 2309 3442 2364 locum

1873 2424 2035 2465 suum
2062 2408 2222 2460 morti
2254 2407 2559 2470 traderent,
2605 2405 2704 2474 ipsi
2739 2405 2962 2473 magicis
2992 2404 3201 2458 artibus
3247 2403 3440 2458 faciem

1875 2502 2194 2570 vultumque
2243 2514 2400 2554 suum
2456 2497 2736 2567 imposuit.
2787 2495 2920 2550 Tam
2996 2495 3258 2566 stupenda
3313 2510 3443 2550 vero

1875 2592 2218 2648 Faustiniani
2269 2589 2748 2644 transformatione
2797 2603 2966 2642 uxore
3034 2587 3267 2655 filiisque
3323 2588 3444 2657 ejus

1828 2684 2302 2755 ~0hstupefactis,
2360 2681 2611 2752 promisit
2674 2679 2865 2734 Petrus
2919 2695 2977 2733 se
3043 2678 3445 2745 Faustiniano,

1873 2781 2160 2848 postquam
2193 2776 2432 2830 Simonis
2463 2774 2618 2828 vultu
2651 2772 2718 2826 ad
2756 2786 2972 2827 errores
3010 2770 3129 2840 ejus
3159 2771 3446 2824 destruen-

1873 2872 1971 2924 dos
2028 2883 2165 2924 usus
2230 2876 2415 2932 esset,
2480 2865 2767 2936 pristinam
2826 2862 3019 2915 faciem
3083 2861 3443 2915 redditurum.

1874 2962 2242 3028 Quamobrem
2299 2960 2549 3014 eumdem
2618 2955 3031 3010 Faustinianum
3102 2953 3450 3009 Antiochiam

1877 3053 2045 3118 misit,
2079 3068 2188 3123 quo
2219 3051 2406 3106 turbas
2438 3063 2626 3104 omnes
2669 3065 2697 3100 a
2738 3045 2893 3117 Mago
2928 3046 3215 3100 adversum
3260 3058 3317 3098 se
3353 3060 3449 3098 ca-

1875 3147 2100 3200 lumniis
2130 3143 2498 3199 acerbissimis
2528 3143 2827 3197 concitatas
2850 3183 2865 3207 ,
2908 3141 3161 3196 simulata
3204 3137 3448 3206 ejusdem

1833 3237 1988 3294 ‘veri
2048 3236 2289 3292 Simonis
2349 3235 2667 3307 poenitentia
2732 3235 2964 3290 sedaret.
3018 3229 3174 3297 Quod
3229 3229 3450 3299 quidem

1877 3329 2268 3385 Faustinianus
2312 3329 2479 3383 variis
2533 3327 2842 3382 fictionibus
2873 3336 2926 3380 et
2972 3323 3272 3379 mendaciis
3313 3337 3454 3388 prc-

1886 3412 2045 3476 stitit,
2090 3427 2153 3465 ac
2186 3419 2375 3480 postea
2414 3412 2596 3468 vultus
2644 3412 2907 3482 pristinus
2953 3430 2981 3467 a
3025 3413 3187 3469 Petro
3227 3415 3301 3469 illi
3337 3432 3456 3470 om-

1887 3507 2017 3559 nino
2047 3506 2332 3561 restitutus
2362 3514 2466 3560 est.
2499 3505 2701 3560 Dehinc
2733 3504 2926 3560 Petrus
2948 3508 3144 3561 creatis
3177 3506 3466 3564 Laodiceae

1887 3598 2143 3667 episcopo
2179 3607 2232 3654 et
2263 3598 2619 3668 presbyteris,
2656 3614 2717 3652 ac
2752 3599 2960 3653 reddita
2995 3599 3153 3668 azgris
3185 3599 3458 3654 obsessis-

1888 3705 1994 3760 que
2026 3692 2279 3755 sanitate,
2312 3691 2689 3753 Antiochiam,
2728 3707 2835 3760 qua
2883 3690 3068 3744 Simon
3108 3692 3296 3761 pulsus
3343 3692 3458 3746 fue-

1888 3791 1995 3847 rat,
2028 3783 2336 3848 contendit,
2384 3792 2546 3854 atque
2576 3785 2654 3838 illi
2688 3785 2872 3839 urbem
2921 3785 3244 3854 ingredienti
3281 3785 3462 3841 omnis

1892 3876 2144 3946 populus,
2175 3883 2228 3931 et
2269 3876 2458 3931 om'nes
2490 3877 2723 3945 majores
2753 3883 2906 3940 natu,
2940 3891 3002 3929 ac
3031 3876 3240 3931 nobiles
3281 3878 3461 3946 paeni-

1890 3969 2116 4022 tentiam
2168 3977 2411 4040 agentes,
2445 3969 2657 4024 iverunt
2707 3969 2942 4024 obviam.
2975 3969 3091 4037 Ipse
3121 3984 3250 4022 vero
3283 3969 3348 4023 de
3382 3977 3460 4023 tot

1893 4059 2171 4113 hominum
2224 4061 2578 4116 conversione
2629 4062 2832 4130 gratias
2882 4059 2988 4114 lleo
3019 4061 3224 4125 retulit,
3272 4078 3465 4119 omnes

1892 4161 2123 4221 aegrotos
2153 4155 2382 4217 sanavit,
2414 4162 2575 4223 atque
2607 4155 2748 4208 intra
2789 4163 2990 4223 septem
3027 4155 3143 4209 dies
3177 4155 3462 4209 duodecim

1895 4245 2061 4297 millia
2087 4245 2366 4298 hominum
2403 4261 2560 4299 sacro
2595 4245 2763 4299 abluit
2809 4247 3151 4315 baptismate.
3184 4245 3293 4301 llos
3325 4248 3466 4301 inter

1894 4334 2249 4406 Theophilus,
2281 4339 2362 4391 vir
2395 4339 2576 4408 populi
2623 4338 2941 4408 primarius,
2989 4337 3173 4391 domus
3224 4355 3334 4392 sua:
3381 4340 3466 4392 in-

1895 4440 2092 4498 gentem
2145 4430 2419 4483 basilicam
2477 4430 2708 4484 ecclesia:
2754 4433 2957 4484 nomine
3005 4434 3359 4495 consecrarit,
3411 4433 3466 4484 in

220 4523 631 4594 amplexandam
667 4524 981 4592 religionem
1017 4523 1382 4577 Christianam
1412 4538 1532 4578 sese
1575 4539 1795 4592 compa-
1831 4542 1870 4595 ο
1899 4539 2001 4594 qua
2035 4521 2193 4576 Petro
2237 4522 2474 4592 apostolo
2521 4525 2806 4576 constituta
2851 4533 2925 4576 est
2978 4524 3039 4576 ab
3092 4525 3232 4576 omni
3275 4524 3468 4592 populo

219 4625 403 4679 raret,
445 4615 684 4669 dandum
731 4630 848 4670 esse
883 4616 1044 4669 unius
1077 4616 1200 4668 anni
1239 4616 1495 4685 spatium.
1530 4614 1663 4669 Cum
1698 4630 1796 4667 au-

221 4715 332 4763 tem
362 4706 748 4763 Faustinianus
787 4708 988 4762 electo
1034 4707 1386 4770 surrexisset,
1420 4706 1486 4760 ab
1534 4706 1600 4760 iis
1643 4722 1793 4776 qua:-

224 4801 353 4856 sivit
391 4817 459 4856 an
488 4801 560 4854 sit
591 4801 646 4853 in
677 4800 982 4853 substantia
1021 4808 1074 4853 et
1113 4799 1324 4852 actibus
1363 4799 1563 4852 bonum
1594 4804 1647 4850 et
1683 4814 1800 4851 ma-

226 4896 359 4951 lum.
398 4893 535 4948 Huic
564 4893 847 4963 quaestioni
882 4891 1160 4961 respondit
1194 4890 1469 4949 Clemens,
1511 4899 1670 4957 atque
1703 4905 1800 4942 ex-

226 4988 421 5059 positis
449 4987 515 5042 de
547 4987 690 5041 bono
723 4995 774 5041 et
819 4986 961 5039 malo
1004 4984 1281 5039 stellarum
1326 4992 1548 5052 aspectu
1597 4984 1801 5051 princit-

226 5080 353 5151 piis,
385 5081 631 5148 probavit
660 5080 864 5133 nullam
897 5078 1022 5131 inde
1057 5075 1371 5130 hominibus
1404 5074 1607 5143 imponi
1642 5090 1801 5142 posse

229 5174 630 5228 necessitatem.
663 5171 832 5225 Porro
879 5178 1058 5225 autem
1091 5185 1213 5222 eum
1247 5169 1360 5221 haec
1388 5169 1645 5236 utrinque
1684 5167 1802 5221 dis-

231 5273 610 5335 ceptarentur,
661 5263 886 5326 Petrus.
944 5271 1193 5316 coactum
1250 5261 1442 5315 videns
1498 5260 1800 5328 populum,

231 5359 484 5427 deinceps
510 5358 575 5411 de
601 5357 903 5412 idololatria
932 5355 1194 5424 falsisque
1225 5353 1452 5408 deorum
1485 5353 1804 5406 numinibus

229 5451 394 5518 jussit
420 5452 705 5520 disputari.
746 5450 1010 5516 Quocirca
1039 5448 1294 5502 Clemens
1333 5445 1597 5513 originem
1634 5446 1805 5500 idolo-

234 5543 409 5596 latria:
439 5543 657 5606 evolvit,
698 5543 941 5612 dixitque
984 5555 1110 5595 vera
1142 5539 1403 5593 falsorum
1440 5539 1664 5592 deorum
1700 5537 1807 5593 cri-

235 5637 408 5699 mina,
452 5636 504 5689 in
539 5637 837 5706 primisque
876 5633 1024 5689 lovis
1077 5641 1265 5702 stupra
1294 5639 1346 5688 et
1379 5633 1643 5687 adulteria
1690 5647 1808 5684 om-

235 5730 397 5785 nibus
431 5745 552 5785 esse
603 5731 914 5794 notissima,
960 5743 1024 5782 ac
1069 5727 1284 5779 tandem
1319 5726 1613 5780 etiamnum
1663 5732 1809 5779 stare

238 5820 392 5893 plura
436 5821 668 5879 filiorum
699 5821 835 5893 ejus,
883 5820 1164 5876 hominum
1208 5820 1394 5891 utique
1443 5820 1805 5892 nequissimo-

1898 4614 2172 4668 cathedra.
2216 4613 2458 4684 Denique
2497 4613 2908 4669 Faustinianum
2943 4617 3212 4684 baptismo
3263 4616 3466 4669 initiari

1898 4707 2284 4777 postulantem,
2327 4706 2542 4772 Petrus,
2575 4707 2780 4761 indicto
2831 4708 2970 4777 plebi
3012 4709 3242 4777 jejunio,
3292 4707 3471 4776 bapti—

1899 4800 2060 4862 zavit,
2093 4808 2144 4853 et
2180 4814 2516 4869 quaecunque
2561 4799 2825 4854 hactenus
2851 4801 2899 4854 ei
2928 4801 3289 4870 contigerant,
3319 4799 3472 4853 omni

1904 4892 2098 4963 populo
2125 4892 2395 4962 exposuit.

2437 4982 2831 5038 ARTICULUS
2869 4981 2933 5037 ll.

2165 5078 2304 5146 Quid
2338 5088 2527 5132 veteres
2556 5078 2618 5132 de
2641 5078 2720 5131 his
2759 5076 2908 5129 libris
2946 5076 3223 5129 senserint.

1972 5172 2197 5226 Auctori
2235 5172 2460 5241 hujusce
2501 5172 2683 5240 operis
2709 5170 2753 5224 si
2781 5169 2912 5224 fides
2952 5169 3237 5229 habeatur,
3274 5164 3476 5219 Roma-

1904 5280 2008 5318 nus
2040 5264 2128 5317 ille
2165 5262 2286 5324 fuit,
2331 5277 2360 5314 e
2400 5259 2632 5315 Csesaris
2685 5256 2907 5321 familia,
2949 5256 3167 5309 nomine
3200 5254 3471 5315 Clemens,

1905 5355 1993 5408 cui
2046 5363 2199 5425 pater
2225 5351 2612 5408 Faustinianus
2641 5392 2655 5415 ,
2707 5359 2875 5405 mater
2919 5347 3172 5402 Mathidia
3200 5385 3215 5411 ,
3279 5345 3477 5399 fratres

1905 5447 2121 5501 Nicetas
2167 5453 2219 5500 et
2241 5445 2454 5515 Aquila,
2504 5444 2618 5514 ipse
2659 5443 2964 5513 praecipuus
3015 5439 3479 5506 charissimusque

1907 5538 2050 5592 Pctri
2109 5537 2443 5607 discipulus;
2503 5535 2594 5606 qui
2650 5536 2834 5605 plures
2886 5532 3129 5601 ejusdem
3188 5528 3475 5598 apostolici

1908 5633 2202 5686 conciones
2252 5630 2759 5698 disputationesque
2809 5626 3028 5694 scriptis
3084 5622 3329 5683 tradidit,
3383 5635 3482 5672 va-

1911 5725 2131 5794 riosque
2171 5723 2378 5800 redegit
2432 5723 2485 5776 in
2532 5722 2720 5775 libros.
2772 5717 2896 5772 llaec
2945 5719 3032 5771 ille
3079 5723 3229 5777 tanta
3281 5711 3478 5767 Iiducia

1913 5825 2168 5886 tantaque
2200 5814 2602 5870 asseveratione
2631 5810 2881 5879 aliirmat,
2909 5817 2967 5864 ut
2995 5807 3146 5864 multi
3183 5805 3481 5878 scriptores
