4066 6334
619 344 759 405 1179

1506 335 1561 395 8.
1595 327 1989 405 CLEMENTIS
2020 334 2042 389 Ι
2073 330 2244 391 ROM.
2277 331 2481 393 PONT.
2517 332 2746 393 OPERA
2774 331 3009 391 DUBIA.

3732 342 3867 401 “80

616 466 799 518 varius
848 459 1097 528 ejusdem
1157 456 1343 527 operis
1398 454 1700 510 sententias
1747 451 1926 523 ipsius
1981 449 2199 508 nomine
2228 454 2275 514 Α
2301 461 2428 505 nota
2458 452 2512 505 in
2535 452 2643 506 illis
2666 467 2917 521 expressa
2953 451 3233 519 reperitur.
3266 450 3335 506 Et
3355 450 3640 509 Clementis
3661 459 3870 528 quidem

616 545 825 625 absque
863 551 975 608 ullo
1002 550 1263 618 scrupulo
1302 549 1477 601 citare
1515 562 1625 599 non
1654 544 2045 599 dubitaverint.
2074 540 2199 596 Pri-

615 661 739 702 mus
770 647 912 699 inter
939 658 1036 697 eos
1075 642 1237 695 nobis
1284 638 1526 693 occurrit
1554 635 1839 706 Origenes,
1870 636 1962 704 qui
1990 635 2194 690 hos-li-

614 740 744 793 bros
787 738 866 791 sic
912 734 1136 788 laudat:
1169 731 1297 785 Tale
1344 728 1544 799 aliquid
1579 729 1706 782 dicit
1749 726 2013 781 etPetrus
2056 724 2194 792 apud

613 826 952 887 Clementem,
1000 822 1246 891 quoniam
1291 820 1432 872 bona
1476 832 1632 886 opera
1661 834 1778 887 qua
1800 817 1934 885 ﬁunt
1967 832 2001 867 a
2021 814 2196 884 ﬁdeli-

614 918 801 975 bus,in
840 916 935 968 hoc
975 913 1168 967 τιτι-κιο
1211 912 1285 965 eis
1329 918 1549 978 prosunt
1600 908 1680 973 “,
1713 915 1821 963 etc.
1872 907 2015 961 Alibi
2066 920 2196 960 vero

614 1006 760 1058 aliud
787 1004 1167 1071 fragmentum,
1193 1002 1469 1071 superiore
1491 1003 1649 1071 longe
1670 1003 1953 1071 prolixius,
1980 1003 2035 1058 in
2057 1003 2173 1060 hac

609 1096 898 1169 exscripsit
949 1095 1110 1148 verba
1140 1094 1224 1146 “:
1271 1091 1338 1145 Et
1387 1092 1623 1149 Clemens
1680 1094 1980 1157 Romanus,
2024 1092 2173 1148 Petri

610 1188 835 1255 apostoli
861 1186 1171 1255 discipulus,
1197 1187 1251 1238 in
1274 1186 1409 1239 hanc
1431 1187 1766 1255 quastionem
1787 1195 1835 1241 et
1860 1186 2171 1240 sententiam

609 1295 728 1331 cum
753 1288 901 1347 patre
928 1279 1200 1353 Laodicea:
1226 1279 1279 1331 in
1303 1277 1736 1341 Circuitionibus,
1762 1279 1819 1329 ὲν
1839 1278 1959 1339 ταῖς
1980 1275 2174 1347 Περιό-

608 1369 716 1434 δοις
741 1370 967 1433 locutus,
997 1379 1102 1424 etc.
1132 1370 1211 1423 Ab
1244 1379 1463 1424 auclore
1500 1378 1679 1421 autem
1714 1367 1899 1436 Operis
1929 1368 2175 1437 imperfe-

610 1460 683 1511 cti
712 1460 765 1513 in
789 1457 1103 1513 Hall/tcum
1127 1458 1265 1511 idem
1292 1458 1479 1511 titulus
1504 1458 1587 1512 his
1610 1458 1762 1511 libris
1784 1458 2073 1527 praetigitur
2091 1459 2168 1513 “:

610 1550 800 1607 Petrus
827 1553 969 1621 apud
996 1552 1311 1607 Clementem
1331 1592 1344 1615 ,
1375 1552 1453 1605 vel
1484 1569 1496 1604 :
1528 1548 1675 1604 Sicut
1701 1552 1753 1605 in
1787 1549 2028 1605 Historia
2056 1550 2175 1614 (πα

612 1645 798 1698 mentis
830 1642 1022 1698 Petrus
1054 1644 1294 1712 exponit.
1321 1642 1416 1697 liis
1444 1644 1663 1713 adjungi
1698 1650 1927 1712 possnnt
1953 1642 2172 1698 Aldhel-

612 1751 769 1797 mus,
802 1734 1135 1789 Venerabilis
1182 1734 1357 1797 Beda,
1414 1744 1607 1789 auctor
1651 1734 1897 1789 Chronici
1938 1734 2172 1788 Alexan-

2292 558 2412 613 qua:
2433 544 2681 612 genuina,
2707 552 2758 597 et
2784 544 3019 598 omnium
3059 560 3315 599 consensu
3350 554 3552 615 recepta
3588 551 3695 601 sint
3731 551 3873 602 scri-

2292 644 2386 701 pta
2401 634 2521 702 jam
2547 636 2682 689 satis
2711 636 2890 704 liquet.
2930 634 3085 692 Unde
3110 635 3360 693 Valesius
3397 637 3481 691 bis
3511 639 3694 696 verbis
3721 639 3873 694 Petri

2292 736 2345 780 et
2411 724 2633 793 Apionis
2683 726 3065 797 disputatione
3122 728 3290 783 libros
3337 728 3757 798 Recoqnitionum
3798 732 3877 788 ali

2300 817 2541 874 Eusebio
2566 819 2891 888 designatos
2910 820 3186 889 opinatur.
3216 820 3372 888 Quod
3404 823 3449 877 si
3481 824 3682 877 dixeris
3712 840 3766 877 in
3800 825 3874 879 iis

2294 923 2403 963 non
2435 908 2665 963 inveniri
2692 924 2834 977 quas
2858 907 3126 963 Eusebius
3151 909 3212 951 "-
3241 908 3378 962 dicit
3406 908 3553 963 Petri
3596 918 3646 962 et
3700 906 3875 978 Apio-

2294 1000 2376 1053 nis
2397 998 2805 1068 disputationes,
2836 1000 3128 1069 respondet
3158 998 3439 1066 Ruﬁnum,
3486 1002 3648 1070 hujus
3679 1002 3875 1070 operis

2292 1091 2669 1161 interpretem,
2707 1091 2815 1144 alia
2843 1106 3011 1161 penes
3050 1106 3110 1147 se
3141 1091 3399 1147 habuisse
3441 1091 3754 1149 eorumdem
3800 1092 3874 1144 li-

2290 1181 2512 1237 brorum
2541 1183 2876 1253 exemplaria
2929 1184 2985 1237 in
3015 1183 3215 1253 quibus
3236 1183 3412 1253 plura,
3431 1199 3553 1253 qua:
3581 1185 3636 1239 in
3662 1185 3874 1239 nostris

2288 1286 2606 1340 occurrunt,
2638 1290 2747 1330 non
2778 1277 3336 1347 repraesentabantur.

2360 1363 2751 1421 Verumtamen
2796 1366 3043 1437 quandiu
3076 1384 3183 1423 non
3225 1366 3518 1423 exst‘abunt
3560 1368 3651 1422 illa
3683 1384 3874 1424 excin-

2288 1455 2482 1525 plaria,
2520 1472 2550 1510 a
2579 1458 2784 1514 nostris
2816 1465 3101 1528 tantopere
3132 1458 3523 1528 discrepantia,
3563 1459 3751 1513 tandiu
3782 1460 3874 1511 in-

2287 1554 2497 1601 certum
2524 1547 2630 1601 erit
2662 1556 2845 1604 utrum
2889 1548 2944 1601 in
2976 1549 3057 1602 eis
3088 1548 3171 1602 vel
3202 1548 3259 1603 in
3289 1549 3411 1602 aliis
3435 1546 3683 1616 ejusdem
3729 1550 3874 1602 scri-

2288 1638 2461 1708 ptoris
2520 1638 2678 1695 libris
2727 1640 2809 1699 ha:
2856 1639 3260 1710 disputationes
3316 1641 3723 1704 contineantur,
3772 1649 3874 1693 aut

2288 1730 2505 1785 tandem
2540 1731 2645 1784 illa:
2683 1732 2810 1788 solm
2847 1732 3083 1800 speciale
3123 1730 3344 1801 aliquod
3375 1732 3626 1787 volumen
3658 1734 3874 1787 consti-

608 1826 774 1889 drini,
802 1824 1101 1889 Freculfus,
1126 1823 1484 1894 Nicephorus,
1513 1824 1777 1895 Georgius
1802 1824 2098 1889 Cedrcnus,
2120 1835 2172 1880 et
2218 1802 2260 1856 Β
2290 1822 2509 1876 tuerint.
2538 1819 2609 1877 Ut
2633 1829 2690 1875 ut
2712 1823 2807 1886 sit,
2842 1824 3122 1887 nonnullis
3169 1823 3400 1879 forsitan
3437 1824 3574 1878 idem
3600 1823 3874 1881 Eusebius

605 1916 701 1972 alii
734 1916 1007 1978 nonnulli,
1040 1915 1299 1986 aquibus
1329 1916 1432 1972 hoc
1460 1929 1599 1984 opus
1632 1912 1823 1967 eodem
1853 1912 2073 1969 nomine
2103 1912 2189 1965 in-

606 2012 867 2082 signitum
892 2019 999 2064 est.

676 2100 784 2154 Alii
834 2115 964 2155 vero
1018 2096 1151 2153 illud
1215 2097 1359 2152 inter
1414 2096 1726 2166 apocrypha
1775 2095 2051 2164 rejiciunt.
2109 2095 2185 2153 ita

602 2196 753 2251 enim
784 2194 853 2249 de
882 2208 945 2249 eo
971 2192 1161 2248 Patres
1198 2173 1417 2247 concilii
1450 2188 1680 2243 Romani
1706 2189 1808 2244 sub
1829 2186 2046 2243 Gelasio
2076 2199 2187 2245 sta-

610 2296 777 2342 tuunt
803 2305 817 2341 :
853 2283 1201 2341 ltinerarium
1231 2282 1441 2336 nomine
1470 2279 1622 2336 Petri
1654 2281 1902 2351 apostoli,
1926 2280 2065 2351 quod
2089 2296 2185 2350 ap-

602 2376 833 2447 pellatur
900 2376 1073 2430 sancti
1132 2372 1415 2427 Clementis
1466 2371 1593 2426 tibri
1643 2379 1784 2431 octo.
1805 2371 2181 2443 apocryphum.

602 2470 713 2525 Pro
755 2479 873 2524 octo
922 2467 1100 2522 critici
1154 2466 1450 2535 scriptores
1496 2472 1689 2535 putant
1730 2463 2016 2535 legendum
2060 2479 2183 2519 esse

599 2562 796 2617 decem.
839 2559 1048 2614 Auctor
1092 2574 1222 2613 vero
1273 2553 1678 2620 Sticnornetriat,
1735 2562 1861 2626 post
1890 2552 2184 2627 Nicephori

598 2652 1200 2725 ConstantinOpolitani
1250 2650 1783 2721 Chronographiam,
1818 2649 2019 2708 additae
2064 2670 2077 2713 :
2112 2648 2182 2707 Et

597 2764 715 2819 quc
746 2746 901 2811 Novi,
934 2746 1143 2801 scilicet
1171 2740 1528 2802 Testamentl.
1551 2750 1676 2795 sunt
1705 2742 2005 2812 apocrypha
2029 2758 2047 2798 :
2076 2740 2179 2801 Ili.

600 2839 873 2893 nerarium
900 2836 1047 2890 Petri
1077 2850 1255 2890 uersus
1285 2834 1447 2889 2700.
1491 2833 1816 2905 Agobardus
1846 2848 2066 2903 quoque
2097 2832 2175 2895 ‘7:

599 2931 745 2986 licet
808 2930 963 2984 iidem
1010 2928 1172 2991 libri,
1225 2928 1425 3001 inquit,
1475 2928 1582 2981 sint
1625 2925 1938 2995 apocryphi,‘
1998 2924 2179 2994 plera-

597 3039 697 3093 que
726 3031 900 3077 tamen
929 3036 995 3074 ea:
1026 3020 1093 3073 iis
1128 3017 1426 3072 testimonia
1461 3016 1794 3101 inueniuntur
1823 3028 1856 3068 a
1876 3013 2177 3079 doctoribus

2289 1912 2461 1969 libros
2490 1912 2922 1983 Recognitionum
2959 1916 3179 1969 nomine
3199 1917 3362 1969 Actus
3382 1916 3529 1971 Petri
3563 1918 3873 1987 appellasse

2290 2004 2585 2067 videbitur,
2619 2020 2744 2063 cum
2785 2005 3070 2074 scripsit"
3095 2003 3349 2060 :Librum
3394 2022 3549 2070 vero,
3579 2008 3667 2076 qui
3694 2006 3869 2059 Actus

2288 2098 2439 2153 Petri
2466 2096 2682 2162 dicitur,
2706 2109 2758 2154 et
2781 2097 3126 2169 anngelium
3158 2103 3280 2169 ejus
3297 2102 3504 2155 nomine
3528 2101 3870 2171 inscriptum,

2272 2188 2677 2248 Pra'dicationis
2725 2206 2924 2261 quoque
2961 2199 3009 2243 et
3025 2191 3374 2245 Reuelationis
3406 2190 3638 2260 ejusdem
3703 2192 3868 2246 libros

2286 2296 2382 2351 pro
2410 2281 2685 2335 catholicis
2716 2272 2928 2348 scriptis
2960 2297 3232 2351 nunquam
3262 2282 3470 2338 habitos
3497 2300 3609 2337 esse
3634 2294 3867 2338 constat.

2286 2372 2397 2429 Nec
2430 2375 2796 2428 vetustiorum
2828 2374 3120 2443 siquidem,
3155 2392 3257 2431 nec
3282 2378 3651 2431 recentiorum
3674 2376 3868 2432 Eccle—

2285 2466 2383 2524 sia
2414 2466 2747 2536 scriptorum
2782 2466 3097 2536 quisquam,
3148 2468 3443 2538 desumpto
3484 2484 3549 2522 ex
3597 2469 3668 2523 iis
3710 2469 3868 2524 libris

2286 2560 2597 2616 testimonio
2631 2576 2764 2614 usus
2792 2575 3033 2629 unquam
3066 2559 3237 2617 fuisse
3269 2562 3487 2631 legitur.
3519 2560 3639 2616 Non
3670 2578 3866 2617 sumus

2284 2653 2505 2723 quidem
2540 2653 2745 2718 nescii,
2817 2666 2913 2713 eos
2954 2653 3022 2707 de
3066 2654 3267 2722 quibus
3304 2652 3574 2709 Eusebius
3617 2654 3865 2727 disputat

2284 2746 2476 2812 libros,
2505 2746 2573 2803 ab
2602 2747 2865 2816 antiquis,
2898 2753 2955 2798 ut
2987 2743 3150 2815 paulo
3178 2753 3305 2802 ante
3333 2746 3589 2810 vidimus,
3624 2747 3866 2815 scripto-

2283 2837 2433 2895 ribus
2481 2836 2651 2893 l'uisse
2699 2837 2918 2891 citatos.
2964 2835 3222 2892 Attamen
3267 2850 3377 2889 non
3426 2836 3553 2891 inde
3596 2837 3865 2889 continuo

2282 2930 2469 2990 inferri
2521 2930 2702 2995 debet,
2748 2930 2922 2998 illum,
2973 2944 3085 2985 non
3133 2927 3203 2985 de
3252 2928 3583 2993 Clementis,
3642 2927 3740 2985 sed
3791 2928 3865 2983 de

2281 3022 2506 3081 alterius
2546 3020 2830 3091 cujusdam
2878 3020 3035 3075 libris
3085 3021 3331 3075 locutum
3379 3036 3521 3077 esse.
3565 3018 3703 3074 Nam
3732 3060 3747 3084 ,
3800 3029 3866 3075 ut

598 3106 889 3183 usurpata:
928 3110 1264 3166 Humbertus
1311 3108 1477 3164 etiam
1506 3107 1796 3178 episcopus
1828 3103 2005 3176 Sylva:
2034 3104 2172 3161 Can-

2282 3113 2582 3185 prudenter
2610 3113 2866 3170 observat
2887 3110 3173 3183 Valesius,
3214 3113 3286 3168 ibi
3318 3113 3543 3177 erravit,
3576 3121 3628 3169 et
3658 3128 3865 3168 memo-

596 3206 737 3261 didze
766 3206 811 3237 "
837 3225 848 3261 :
872 3204 1153 3261 Clementis
1211 3202 1360 3266 liber,
1414 3200 1469 3255 id
1518 3208 1598 3258 est
1647 3195 1993 3255 Itinerarium
2026 3196 2173 3252 Petri

598 3297 825 3367 apostoli
870 3306 919 3352 et
964 3293 1203 3352 Canones
1248 3292 1612 3362 apostolorum.
1652 3300 1997 3348 numerantur
2036 3292 2173 3345 inter

598 3388 915 3459 apocrypha.
972 3386 1069 3442 His
1127 3386 1340 3441 accedit
1392 3382 1670 3446 Honorius
1708 3380 2172 3453 Augustodunen-

597 3485 679 3539 sis
690 3482 767 3537 “:
792 3480 1031 3536 Clemens
1053 3480 1335 3550 scripsit...
1367 3476 1717 3531 Itinsrarium
1742 3474 1889 3529 Petri
1914 3484 1964 3530 et
1987 3474 2173 3544 dispu-

598 3577 848 3629 tationem
875 3573 1041 3637 Pstri,
1075 3578 1127 3625 et
1183 3571 1427 3638 Apionis,
1455 3577 1505 3623 et
1529 3568 1700 3622 multa
1727 3566 1861 3631 alia,
1888 3581 2005 3636 quc
2034 3568 2172 3620 inter

595 3666 892 3736 apocrypha
940 3672 1300 3718 numerantur.
1346 3662 1485 3716 Ante
1532 3675 1628 3716 eos
1666 3674 1795 3723 vero
1827 3659 2168 3713 Athanasius

598 3759 804 3815 dixisse
834 3754 1004 3812 fertur
1022 3755 1092 3807 ⁵⁸.
1133 3754 1335 3810 Iterum
1362 3752 1487 3807 libri
1515 3751 1653 3807 Noui
1680 3750 2019 3815 Testamenti,
2051 3751 2179 3820 qui--

595 3850 692 3905 bus
722 3848 1127 3911 contradicitur,
1161 3856 1285 3901 sunt
1315 3845 1584 3901 Circuitus
1616 3844 1781 3911 Petri,
1812 3850 1919 3900 etc.

1122 3957 1517 4014 ARTICULUS
1554 3956 1643 4012 ill.

629 4036 772 4121 Quid
808 4052 1083 4118 Eusebius,
1110 4049 1490 4121 Hieronymus,
1528 4058 1577 4103 et
1605 4046 1931 4117 Epiphanius
1960 4043 2024 4101 de
2049 4037 2131 4101 his

1174 4122 1326 4175 libris
1357 4122 1639 4175 senserint.

666 4216 1019 4271 Arbitrantur
1067 4213 1317 4269 nonnulli
1364 4212 1755 4283 Hieronymum
1804 4210 2049 4266 eamdem
2098 4211 2167 4267 de

584 4308 683 4364 :bis
712 4308 862 4362 libris
898 4307 1091 4361 tulisse
1125 4303 1474 4367 sententiam,
1497 4303 1591 4357 ubi
1618 4302 1757 4356 dixit
1777 4302 1822 4333 “
1849 4322 1861 4359 :
1886 4299 2034 4355 Libri
2062 4318 2163 4357 au-

594 4410 695 4454 tem
712 4417 738 4453 e
752 4399 937 4469 quibus
958 4413 1091 4451 unus
1104 4397 1352 4450 Actorum
1366 4394 1479 4463 ejus
1494 4394 1820 4459 inscribitur,
1839 4394 1978 4448 alius
1998 4393 2167 4449 Evan-

2273 3208 2355 3263 ria
2386 3206 2575 3277 lapsus
2612 3214 2697 3260 est
2729 3204 3036 3275 Eusebius;
3068 3207 3269 3275 quippe
3297 3206 3393 3275 qui
3437 3205 3683 3261 eamdem
3707 3206 3864 3277 Apo-

2273 3300 2541 3371 calypsin,
2579 3314 2676 3353 seu
2700 3295 3087 3353 Reoelationem
3117 3296 3287 3361 Petri,
3314 3314 3479 3369 quam
3501 3299 3589 3356 hic
3619 3300 3686 3354 ab
3708 3302 3863 3354 anti-

2272 3396 2399 3466 quis
2436 3392 2663 3447 citatam
2696 3398 2879 3461 negat,
2912 3391 3039 3444 alibi
3073 3405 3103 3443 a
3124 3390 3404 3447 Clemente
3441 3390 3650 3445 laudari
3678 3398 3824 3445 testa
3845 3420 3863 3433 ο

2272 3496 2361 3543 tur
2381 3487 2428 3523 ⁵⁸
2453 3506 2467 3543 :
2491 3486 2731 3541 Clemens
2772 3486 2827 3539 in
2858 3482 3008 3537 libris
3034 3482 3442 3555 Hypotyposeon
3470 3482 3617 3538 Petri
3645 3487 3867 3553 Apoca-

2274 3580 2451 3651 lypsin
2498 3575 2707 3631 laudat.
2754 3574 2979 3629 Certum
3032 3582 3116 3629 est
3166 3583 3424 3644 praeterea
3470 3574 3691 3636 librum,
3753 3575 3871 3646 qui,

2272 3670 2599 3725 Pratdicatio
2625 3666 2776 3721 Petri
2818 3666 3165 3729 inscribitur,
3204 3666 3273 3719 ab
3314 3664 3546 3735 Origene
3574 3668 3619 3698 “'
3646 3676 3696 3721 et
3724 3668 3856 3722 aliis

2269 3761 2550 3817 nonnullis
2575 3758 2749 3813 fuisse
2780 3757 3027 3821 citatum.
3052 3755 3238 3811 Potuit
3259 3772 3390 3827 ergo
3410 3754 3681 3812 Eusebius
3706 3765 3762 3810 et
3786 3758 3858 3813 in

2270 3852 2393 3907 aliis
2436 3851 2654 3906 duobus
2704 3846 2893 3911 libris,
2940 3864 3081 3917 quos
3130 3855 3545 3911 commemorat,
3596 3847 3856 3903 similiter

2270 3945 2469 4014 decipi,
2522 3942 2622 3999 liis
2669 3949 2853 3997 tamen
2895 3940 3099 4009 opponi
3137 3946 3339 4009 potest,
3387 3939 3537 3993 illum
3576 3936 3642 3992 de
3688 3938 3861 3998 libris

2268 4051 2299 4089 a
2329 4035 2510 4098 Petro.
2542 4050 2651 4089 non
2691 4041 2873 4088 autem
2907 4046 2938 4086 a
2961 4031 3243 4087 Clemente
3282 4030 3506 4100 scriptis
3539 4030 3624 4088 ibi
3650 4030 3844 4101 dispu-

2267 4135 2404 4183 tare.
2458 4126 2729 4183 Cazterum
2781 4122 3142 4181 si'Eusebius
3176 4124 3232 4178 in
3259 4123 3442 4181 allatis
3490 4123 3629 4178 locis
3671 4124 3855 4180 libros

2267 4219 2697 4290 Recognitionum
2740 4214 3040 4273 Clementis
3093 4216 3315 4279 laudat,
3374 4216 3498 4271 illos
3542 4217 3858 4287 genuinum

2266 4311 2567 4369 Clementis
2616 4326 2754 4381 Opus
2803 4325 2925 4365 esse
2975 4308 3195 4380 penitus
3250 4307 3542 4362 inﬁciatur.
3606 4306 3663 4361 Si
3712 4325 3852 4365 vero

2265 4417 2455 4457 eorum
2492 4416 2605 4456 non
2642 4401 2913 4466 meminit,
2958 4401 3099 4456 idem
3126 4416 3192 4455 ex
3226 4399 3347 4468 ejus
3370 4399 3587 4455 silentio
3618 4399 3851 4454 ducitur

592 4491 744 4559 qelii,
782 4490 963 4542 tertius
1003 4485 1481 4541 Prcdieationis...
1505 4486 1641 4539 inter
1667 4488 1990 4558 apocrypha
2027 4490 2160 4543 scri-
2193 4492 2236 4547 Ι)
2266 4499 2668 4560 argumentum.
2720 4484 2910 4559 Neque
2954 4489 3101 4545 enim
3151 4487 3244 4542 ille
3293 4495 3403 4541 tam
3449 4487 3638 4557 longas
3683 4488 3849 4542 lucu-

588 4591 774 4650 plures
826 4586 1157 4647 reputantur.
1217 4576 1431 4633 Rursus
1490 4591 1619 4632 vero
1667 4576 1760 4631 ubi
1806 4577 1875 4636 de
1908 4579 2158 4648 .ipsomet

590 4672 871 4726 Clemente
895 4669 1119 4725 disserit
1140 4669 1217 4723 “z
1243 4668 1312 4721 Et
1337 4669 1626 4738 disputatio
1642 4667 1789 4723 Petri
1814 4675 1873 4725 et
1912 4672 2153 4739 Apionis,

591 4760 791 4830 inquit,
833 4776 992 4829 quin
1020 4758 1276 4815 Eusebius
1314 4760 1369 4812 in
1410 4759 1563 4813 tertio
1592 4757 1850 4837 llistoria
1903 4761 2151 4816 ecclesia-

588 4855 737 4905 slictz
779 4851 1038 4905 uolumine
1080 4851 1343 4921 coarguit.
1387 4849 1453 4903 Et
1484 4865 1544 4905 re
1574 4849 1793 4921 quidem
1834 4853 1953 4923 ipsa
1980 4851 2154 4909 Euse-

587 4944 711 4999 bius
749 4945 803 4998 in
832 4942 1052 5007 eodem,
1083 4957 1244 5014 quem
1277 4941 1636 5013 Hieronymus
1672 4944 1826 5009 citat,
1858 4944 1997 4999 libro
2037 4928 2167 5001 haec.

588 5038 757 5091 habet
794 5036 881 5097 “;
931 5034 1163 5102 Quidam
1203 5049 1362 5104 porro
1401 5035 1514 5089 alia
1555 5036 1716 5089 etiarn
1754 5050 1910 5104 opera
1940 5038 2152 5105 prolixa

586 5128 682 5185 sub
720 5129 835 5197 ejus
880 5129 1090 5184 nomine
1138 5126 1249 5181 heri
1322 5143 1384 5181 se
1442 5127 1826 5184 nudiustertius
1877 5144 1931 5183 tn
1974 5133 2149 5185 lumen

582 5222 947 5292 protulerunt,
988 5229 1129 5290 puu-
1169 5219 1311 5276 Petri
1365 5230 1417 5277 et
1474 5221 1695 5290 Apionis
1739 5220 2144 5289 disputationes,

582 5330 807 5385 parum
845 5314 985 5384 apud
1023 5314 1269 5384 antiquos
1298 5314 1451 5370 nulla
1476 5315 1688 5367 omnino
1720 5322 1895 5367 exstat
1928 5318 2143 5371 mentio.

581 5404 765 5478 Neque
788 5408 928 5464 enirn
958 5408 1163 5461 sincera
1193 5414 1348 5461 rectae
1372 5403 1517 5471 ﬁdei,
1541 5405 1606 5459 ab
1630 5406 1884 5475 apostolis
1910 5409 2145 5474 tradite,

650 5549 695 5583 “
732 5546 970 5603 Tractat.
998 5548 1070 5603 35
1091 5549 1147 5601 in
1172 5544 1369 5617 Matth:
1400 5554 1521 5617 post
1550 5548 1672 5601 init.

2260 4581 2561 4646 brationes,
2588 4596 2728 4651 quas
2758 4596 2787 4635 a
2811 4580 3089 4638 Clemente
3120 4577 3397 4649 prolectas
3426 4595 3548 4635 esse
3571 4590 3849 4644 novnsset,

2257 4681 2369 4729 tam
2398 4676 2509 4730 alto
2535 4677 2711 4746 potuit
2733 4688 2973 4746 unquam
3001 4674 3281 4744 prmterire
3316 4673 3557 4729 silentio.

2326 4765 2538 4834 Quibus
2568 4775 2749 4827 autem
2780 4766 3111 4822 accuratiori
3142 4766 3423 4838 diligentia
3450 4767 3555 4821 hoc
3579 4765 3841 4823 Clemen-

2254 4859 2329 4916 tis
2354 4874 2494 4930 opus
2526 4859 2847 4915 examinare
2885 4858 3063 4921 licuit,
3092 4859 3130 4913 ii
3162 4859 3449 4917 certiorem
3478 4858 3545 4913 de
3585 4860 3678 4913 illo
3706 4875 3836 4914 sen-

2257 4953 2485 5007 tentiam
2514 4950 2730 5007 ferunt..
2749 4950 2860 5006 Hos
2890 4952 3033 5006 inter
3047 4951 3385 5022 Epiphanius
3413 4952 3689 5006 memoria:
3702 4966 3843 5021 pro-

2255 5045 2395 5100 didit
2427 5043 2762 5100 Clementem
2804 5051 3053 5100 nostrum
3084 5044 3153 5099 de
3174 5042 3322 5099 Petri
3354 5044 3684 5098 Circuitibus
3728 5045 3841 5099 ali-

2254 5135 2389 5209 quid
2425 5152 2614 5192 revera
2650 5136 2874 5207 scriptis
2902 5135 3220 5199 tradidisse,
3247 5136 3344 5191 sed
3374 5136 3496 5205 ejus
3526 5137 3729 5207 scripta
3762 5138 3841 5193 ab

2256 5228 2525 5285 Ebionitis
2559 5228 2829 5285 haereticis
2864 5226 3003 5283 adeo
3036 5228 3209 5305 fuisse
3243 5238 3521 5297 corrupta,
3554 5234 3613 5280 ut
3636 5228 3839 5295 paucis

2251 5320 2396 5375 veris
2420 5321 2649 5385 relictis,
2674 5328 2869 5375 caetera
2898 5319 3004 5390 ipsi
3036 5319 3177 5375 falso
3198 5319 3585 5389 supposuerint
3602 5318 3669 5370 “2
3692 5316 3841 5373 Sunt

2251 5419 2302 5466 et
2330 5410 2433 5464 alii
2454 5410 2599 5477 libri,
2626 5411 2831 5482 inquit,
2857 5410 3048 5481 quibus
3083 5420 3326 5476 utuntur,
3360 5408 3497 5463 velut
3522 5407 3668 5464 Petri
3701 5408 3833 5462 Cir-

1746 5545 1803 5617 _‘_'7
1827 5543 2086 5617 Philccal.
2109 5562 2170 5617 7c.

2277 5589 2291 5613 ο
2324 5550 2377 5603 in
2418 5549 2542 5604 “ne.
2618 5548 2837 5617 “iCap.
2872 5547 3063 5602 {0-25.
3139 5549 3185 5580 ⁸⁷
3222 5545 3350 5617 ιιίὶιζ
3380 5543 3692 5617 Deludaie.
3724 5560 3833 5617 su:

669 5622 809 5681 αέα..
840 5632 961 5689 cap.
996 5619 1084 5673 l6.
1162 5618 1210 5650 “
1246 5618 1302 5672 In
1618 5616 1688 5689 ad
1729 5613 2028 5689 Nigeglib.
2104 5616 2303 5689 δειλὴ.
2336 5618 2412 5673 De
2439 5619 2638 5673 lumine
2661 5613 2890 5689 Eccles.,
2923 5635 3046 5688 cap.
3086 5620 3173 5676 15.
3247 5619 3293 5650 ⁵⁸
3330 5613 3391 5666 ιιι
3432 5614 3679 5689 δςηορξξ.
3702 5682 3720 5689 _
3749 5614 3835 5689 ﬂ“

624 5694 696 5745 ib.
736 5690 812 5745 De
835 5692 1017 5757 script.
1048 5689 1233 5745 eccles.

580 5780 638 5821 tu
681 5760 848 5833 llist.,
881 5778 1001 5833 cup.
1052 5761 1103 5817 3.

577 5834 664 5897 so,
702 5831 728 5903 ι
773 5834 854 5887 ιδ.

1343 5688 1388 5761 ’_‘_
1594 5688 1687 5761 lib.
1781 5685 1829 5717 ⁸³
1866 5684 2081 5761 Libelli
2118 5686 2168 5761 li

2276 5729 2287 5751 .
2330 5706 2453 5761 cap.
2487 5690 2578 5745 58.
2613 5690 2701 5761 _“
2744 5688 2800 5743 in
2855 5684 3039 5761 eumd.
3098 5690 3227 5761 Eus.
3290 5684 3494 5743 locum.

1203 5760 1249 5791 “
1310 5756 1430 5818 Lib.
1492 5775 1543 5823 vi
1604 5757 1775 5822 llist.,
1834 5773 1955 5830 cap.
1988 5758 2067 5815 ll.
2125 5760 2188 5842 ,θ’
2236 5756 2416 5817 Τοιη.’
2450 5778 2570 5828 sm,
2605 5758 2847 5830 Erposit.
2876 5761 2928 5815 in
2960 5759 3160 5833 Evang.
3190 5759 3387 5813 Joann.

3618 5685 3664 5715 ⁵³
3702 5682 3833 5743 Lib.

3530 5757 3575 5790 ⁵³
3616 5754 3826 5815 “mres.
