4066 6334
145 365 277 425 "8|

1238 356 1805 416 RECOGNITIONES.
1846 387 1913 399 —
1944 355 2306 415 PROCESIIA.

3230 355 3372 412 1183

144 478 317 530 cuitus
358 491 389 529 tl
420 473 682 531 Clemente
720 475 1038 545 conscripti,
1066 476 1329 545 Περιόδοι
1370 476 1695 547 καλούμεναι

1804 467 2035 524 homines
2086 468 2155 523 ad
2202 476 2545 524 assertsonem
2601 478 2904 543 aogmatum
2948 485 3203 535 suorum,
3275 476 3374 526 sub

145 566 389 635 Πέτρου.
419 564 534 631 Quo
569 567 623 619 in
655 565 831 631 libro,
859 567 1040 637 paucis
1069 566 1203 619 veris
1247 565 1444 620 relictis
1466 607 1482 632 ,
1512 578 1700 621 cetera

142 667 556 724 supposuerant;
586 657 1021 724 quemadmodum
1047 654 1283 710 Clemens
1326 657 1435 724 ipse
1462 656 1699 710 omnibus

142 747 259 799 illos
305 748 474 801 modis
508 747 773 818 redarguit
796 748 871 801 iis
913 746 1153 817 epistolis
1186 748 1555 809 a’rcularibus,
1584 764 1702 817 qua

141 836 204 888 ab
230 854 288 890 eo
318 840 546 906 scripta,
576 840 629 891 in
664 840 1013 892 sacrosanctis
1044 837 1293 892 Ecclesiis
1321 840 1588 907 leguntur.
1618 836 1703 890 Ea:

144 930 330 997 quibus
365 940 568 984 constat
597 931 744 1001 longe
780 930 845 984 ab
874 932 962 995 iis,
988 946 1107 998 qui:
1144 931 1199 983 in
1228 930 1558 984 Circuitibus
1589 929 1700 983 illis

142 1021 233 1073 sub
265 1022 381 1089 ejus
431 1023 638 1075 nomine
669 1023 970 1076 adulterina
1005 1030 1243 1086 exstant,
1278 1021 1421 1075 illius
1453 1020 1610 1088 ﬁdem
1639 1038 1702 1076 ac

143 1126 432 1165 sermonem
469 1112 816 1167 abhorruisse.
851 1112 1057 1167 Etenim
1083 1113 1435 1181 virginitatem
1464 1113 1700 1169 Clemens

142 1204 341 1269 docuit,
370 1204 463 1257 isti
496 1205 770 1274 repudiant
801 1221 821 1259 :
843 1205 934 1258 ille
964 1202 1162 1269 Etiam,
1190 1202 1440 1257 Dauidem
1470 1215 1517 1258 et
1543 1204 1697 1259 Sam-

143 1312 316 1349 sonem
341 1336 356 1357 ,
402 1313 677 1365 omnesque
720 1296 998 1365 prophetas
1036 1296 1399 1359 commendat,
1442 1294 1717 1351 Ebionitat.

140 1387 489 1440 detestantur.
524 1387 697 1452 Quare
725 1386 780 1439 in
808 1386 1140 1442 Circuitibus
1170 1387 1288 1439 istis
1325 1402 1479 1438 suum
1519 1387 1588 1441 ad
1620 1388 1704 1441 in-

142 1478 384 1531 stitutum
420 1480 879 1532 accommodarunt
902 1479 1100 1543 omnia,
1122 1495 1184 1534 ac
1206 1478 1269 1532 de
1290 1475 1445 1531 Petro
1467 1476 1705 1549 plurima

137 1563 404 1616 mendacia
438 1564 821 1633 conﬁnxerunt.
868 1560 1181 1631 Cujusmodi
1224 1572 1300 1616 est
1340 1563 1475 1615 inter
1516 1571 1706 1617 cretera

136 1653 279 1707 illum
333 1656 668 1709 castimonia:
713 1671 877 1709 causa
928 1654 1152 1717 lavisse,
1202 1653 1339 1723 quod
1386 1656 1479 1708 isti
1533 1656 1707 1725 facere

135 1757 524 1802 commorunt.
559 1746 691 1801 Tum
714 1747 778 1801 ab
806 1739 1059 1802 animatis
1096 1748 1357 1810 omnibus,
1383 1758 1434 1803 et
1453 1748 1702 1804 carnibus

1804 564 2036 618 uirorum
2080 570 2387 617 sanctorum
2429 564 2636 618 nomine
2684 574 2933 633 tanquam
2989 564 3200 633 facilius
3260 580 3375 619 creo

1803 654 1975 709 dendo
2033 655 2361 708 inseruerunt
2420 670 2515 719 ea,
2572 672 2687 725 qua
2748 656 2833 709 illi
2870 672 2961 710 nec
2992 656 3239 710 sensisse
3282 672 3376 710 nee

1804 746 2081 814 scripsisse
2131 745 2373 801 censendi
2419 756 2561 801 sunt.
2623 747 2681 801 in
2742 748 3060 819 praefatione
3092 763 3223 803 vero
3262 763 3377 804 sua

1804 836 2119 891 eorumdem
2165 837 2431 893 librorum
2484 837 2954 906 interpretationis
2999 840 3114 894 haec
3169 840 3373 895 habet:

1806 924 1943 980 Sunt
1974 934 2024 979 et
2055 925 2296 996 qutedam
2325 925 2388 979 de
2422 926 2651 997 ingenito
2680 926 2788 981 Deo
2824 930 3095 999 genitoqne
3123 928 3375 998 dissertu,

1802 1026 1851 1069 et
1889 1017 1953 1071 de
1993 1018 2118 1071 aliis
2156 1018 2448 1084 nonnullis,
2498 1035 2636 1089 qute,
2667 1030 2725 1072 ut
2747 1021 2879 1074 nihil
2915 1022 3140 1089 amplius
3176 1020 3374 1088 dicam,

1804 1120 2131 1164 excesserunt
2174 1109 2576 1175 intelligentiam
2624 1121 2883 1166 nostram.
2933 1111 3062 1166 Hazc
3090 1129 3212 1182 ergo
3255 1121 3377 1167 tan-

1804 1214 1961 1267 quam
1983 1214 2143 1267 supra
2172 1201 2303 1251 vires
2334 1215 2475 1253 meas
2503 1208 2706 1263 essent,
2735 1200 2858 1255 aliis
2883 1217 3150 1255 reservare
3182 1204 3373 1269 malui,

1804 1306 1961 1357 quam
1989 1290 2160 1343 minus
2184 1290 2340 1356 plena
2366 1290 2619 1358 proferre.
2670 1290 2883 1356 Quibus
2930 1291 3021 1346 ille
3054 1295 3377 1361 posteriori-

1806 1379 1909 1434 bus
1947 1379 2129 1434 verbis
2181 1396 2293 1434 non
2342 1380 2580 1435 obscure
2631 1381 2830 1444 innuit,
2875 1382 2990 1436 haec
3041 1384 3224 1439 omnia
3254 1400 3283 1437 a
3316 1400 3377 1440 se

1806 1471 2046 1531 Omissa,
2099 1486 2200 1526 nec
2233 1470 2423 1526 Latine
2480 1470 2711 1527 reddita.
2761 1470 2951 1528 Varios
3009 1474 3232 1545 insuper
3286 1476 3376 1530 ille

1807 1563 1996 1617 habuit
2044 1565 2449 1637 manuscriptos
2494 1564 2741 1628 codices,
2790 1579 2821 1618 a
2850 1580 2910 1620 se
2942 1566 3173 1622 invicem
3218 1550 3378 1641 longe

1807 1655 2074 1719 diversos,
2108 1662 2271 1725 atque
2300 1656 2357 1708 in
2384 1654 2712 1724 quibusdam
2736 1656 3022 1720 nonnulla,
3053 1672 3117 1711 ac
3144 1673 3208 1713 ea
3237 1674 3377 1729 prse-

1808 1748 1994 1816 sertim
2041 1763 2161 1817 qua:
2192 1747 2259 1802 de
2290 1748 2774 1804 transformatione
2811 1750 2994 1805 vultus
3032 1746 3374 1807 Faustiniani

134 1836 436 1906 reliquoque
484 1838 659 1901 omni,
704 1836 840 1906 quod
891 1854 1048 1891 carne
1094 1847 1314 1900 constet,
1348 1839 1699 1901 abstinuisse;
1733 1821 1773 1873 Β
1802 1837 2080 1898 dicuntur,
2129 1851 2239 1890 non
2277 1838 2588 1892 occurrisse
2638 1840 2933 1893 observat:
2966 1837 3125 1900 Puto,
3172 1839 3371 1908 inquit,

133 1931 373 1997 quoniam
397 1928 462 1982 ab
494 1930 558 1983 iis
586 1938 693 1986 tam
725 1927 893 1982 Ebion
918 1928 1047 1983 olim
1069 1946 1228 1999 quam
1259 1929 1411 1985 hodie
1443 1929 1702 1985 Ebionita:

128 2037 306 2074 omnes
345 2019 651 2074 abhorrent.
697 2018 776 2073 Re
794 2030 981 2075 autem
1014 2036 1161 2083 vera,
1203 2022 1257 2077 in
1281 2022 1367 2075 his
1398 2022 1553 2080 libris
1576 2022 1701 2074 dili-

126 2120 314 2181 genter
359 2110 685 2166 observatur
742 2110 961 2164 Petrum
1022 2125 1187 2166 mane
1238 2112 1461 2168 lavisse.
1509 2113 1569 2166 In
1614 2113 1700 2174 his

124 2202 286 2256 etiam
303 2200 504 2257 Petrus
530 2200 734 2259 dixisse
765 2201 935 2258 fertur
956 2200 1037 2255 “:
1062 2200 1229 2257 Panis
1262 2202 1387 2258 mihi
1412 2202 1556 2261 solus
1581 2221 1699 2261 cum

125 2294 295 2357 olivis,
344 2303 397 2349 et
440 2310 566 2350 raro
610 2293 767 2349 etiam
809 2309 928 2348 cum
982 2292 1209 2348 oleribus
1262 2294 1316 2349 in
1350 2309 1449 2349 usu
1489 2304 1588 2351 est.
1640 2293 1699 2351 lu

125 2386 206 2442 his
234 2386 477 2456 denique
505 2386 759 2443 Christus
814 2387 965 2442 solus
1006 2386 1207 2455 ubique
1228 2401 1394 2443 verus
1426 2384 1697 2455 Propheta

129 2476 300 2535 fuisse
357 2479 644 2534 asseritur.
695 2476 872 2534 Porro
921 2477 965 2533 si
1014 2474 1349 2549 Epiphanius
1409 2479 1695 2541 nonnulla,

126 2584 245 2637 qua
275 2571 333 2623 in
367 2569 454 2624 his
483 2570 639 2624 libris
687 2569 911 2623 minime
939 2576 1259 2632 occurrunt,
1317 2569 1573 2625 retulisse
1618 2570 1699 2623 vi-

124 2652 336 2721 deatur,
378 2655 469 2709 ille
497 2656 741 2727 profecto
772 2657 828 2710 in
853 2657 1109 2711 diversos
1130 2655 1198 2711 ab
1223 2656 1309 2722 iis,
1352 2658 1555 2727 quibus
1586 2658 1698 2713 Bia-

126 2748 265 2806 tinus
295 2765 453 2806 suam
482 2752 649 2808 edidit
680 2754 1009 2817 versionem,
1045 2752 1266 2807 codices
1312 2754 1575 2813 incidisse
1614 2757 1699 2814 di-

124 2840 331 2895 cendus
362 2848 465 2896 est.

649 2927 1051 2989 ARTICULUS
1085 2932 1176 2989 IV.

336 3020 605 3080 Sententia
633 3022 809 3092 Rufini
837 3034 885 3078 et
911 3024 1090 3080 Photii
1110 3025 1175 3080 de
1198 3027 1278 3081 his
1313 3027 1483 3084 libris.

193 3109 394 3183 Opinio
440 3115 687 3183 ejusdem
743 3130 957 3187 quoque
987 3114 1174 3173 Ruﬁni
1224 3129 1327 3183 est,
1374 3120 1473 3176 hos
1523 3120 1694 3179 libros

1801 1926 1940 1997 quod
1971 1937 2019 1982 te
2047 1944 2151 1981 non
2182 1926 2347 1983 lateat
2370 1926 2651 1986 Clementis
2681 1930 2836 1997 hujus
2866 1931 2921 1982 in
2944 1928 3127 1984 Gra’co
3141 1930 3376 1998 ejusdem

1800 2018 1972 2087 operis
2022 2016 2421 2087 ‘Avarvdiaemv,
2466 2017 2563 2071 hoc
2610 2027 2686 2071 est
2730 2017 3203 2089 Recognitionum,
3238 2022 3375 2077 duas

1798 2109 2052 2165 editiones
2104 2107 2306 2173 haberi.
2349 2119 2399 2163 et
2438 2108 2543 2164 duo
2580 2119 2802 2177 corpora
2849 2128 2961 2165 esse
3011 2111 3287 2175 librorum,
3318 2113 3377 2166 in

1800 2199 2091 2271 aliquantis
2123 2201 2335 2273 quidem
2360 2200 2591 2267 diversa,
2618 2202 2673 2254 in
2708 2202 2891 2255 multis
2936 2212 3107 2256 tamen
3143 2203 3374 2272 ejusdem

1799 2293 2129 2347 narrationis
2158 2292 2424 2360 :denique
2454 2307 2578 2360 pars
2626 2292 2817 2345 ultima
2865 2292 3022 2361 hujus
3075 2296 3269 2363 operis,
3320 2297 3376 2350 in

1797 2396 1901 2457 qua
1926 2382 1988 2438 de
2018 2383 2483 2453 transformatione
2515 2384 2746 2439 Simonis
2769 2384 3014 2453 refertur,
3038 2387 3093 2441 in
3118 2403 3221 2441 uno
3248 2404 3372 2440 cor-

1795 2487 1919 2541 pore
1951 2472 2192 2537 habetur,
2241 2475 2296 2528 in
2346 2475 2453 2529 alio
2498 2492 2600 2528 non
2637 2474 2879 2530 habetur.
2924 2475 3106 2531 Monet
3140 2478 3375 2547 denique

1796 2563 2081 2634 epistolam
2129 2562 2423 2620 Clementis
2478 2564 2545 2623 ad
2564 2564 2826 2620 Iacobum
2879 2565 3100 2621 fratrem
3132 2566 3372 2634 Domini,

1778 2667 1919 2721 qua
1962 2652 2092 2711 huic
2132 2654 2283 2723 operi
2333 2654 2553 2723 praefixa
2594 2665 2730 2718 erat,
2778 2671 2809 2709 a
2839 2671 2898 2710 se
2928 2656 3101 2714 fuisse
3148 2650 3375 2728 praeter-

1801 2743 2067 2802 missam:
2094 2742 2393 2812 Epistolam
2431 2763 2559 2801 sane
2602 2747 2657 2799 in
2688 2764 2791 2817 qua
2834 2748 2971 2801 idem
3004 2747 3263 2815 Clemens,
3304 2750 3374 2803 ad

1796 2832 2060 2891 Iacobum
2091 2836 2312 2906 fratrem
2329 2836 2546 2893 Domini
2574 2838 2898 2894 scribens....
2928 2839 3045 2893 ideo
3075 2840 3195 2895 huic
3229 2844 3372 2910 operi

1797 2943 1902 2981 non
1925 2926 2253 2995 pramisL...
2273 2928 2398 2998 quia
2426 2937 2476 2985 et
2508 2938 2734 2997 tempore
2757 2933 3016 2999 posterior
3045 2944 3145 2997 est,
3174 2943 3223 2987 et
3247 2935 3372 2988 otim

1796 3031 1829 3069 a
1860 3032 1943 3072 me
1980 3018 2326 3086 interpretata
2356 3028 2513 3087 atque
2536 3019 2699 3073 edita.

1866 3106 2094 3165 Photius
2131 3123 2285 3172 vero.
2317 3110 2411 3179 qui
2452 3111 2638 3179 plures
2677 3111 2842 3165 etiam
2892 3112 3161 3169 habuerat
3203 3115 3373 3186 hujus

128 3222 154 3261 a
178 3206 459 3263 Clemente
490 3206 734 3263 Romano
754 3207 1013 3277 pontifice
1056 3219 1336 3280 exaratos,
1364 3228 1568 3288 eosque
1597 3214 1695 3271 do-

1796 3200 1982 3269 operis
2019 3199 2243 3257 codices
2280 3216 2443 3255 manu
2471 3210 2749 3268 exaratos,
2773 3200 2842 3256 de
2878 3218 2946 3257 eo
2975 3205 3055 3258 sic
3079 3203 3269 3259 deﬁnit
3291 3208 3369 3260 ἰι

127 3305 381 3365 pravatos
410 3296 574 3353 luisse
604 3298 671 3352 ab
703 3298 1012 3365 haereticis;
1041 3302 1134 3355 sed
1164 3304 1319 3371 plura
1349 3312 1517 3373 quam
1539 3314 1692 3375 putat

126 3385 477 3461 Epiphanius,
524 3390 753 3458 integra,
777 3398 831 3443 et
860 3390 931 3445 ab
959 3392 1078 3461 ipso
1108 3390 1387 3449 Clemente
1413 3412 1541 3450 vero
1566 3414 1691 3467 pro-

126 3479 285 3543 fecta,
314 3480 371 3533 in
404 3480 471 3535 iis
494 3494 593 3534 suo
624 3486 864 3549 tempore
902 3482 1217 3537 occurrisse
1262 3491 1518 3539 testatur.
1560 3484 1693 3553 Ejus

125 3571 309 3634 verba,
342 3571 468 3625 licet
499 3571 661 3640 paulo
688 3571 1009 3639 prolixiora,
1043 3573 1169 3643 quia
1204 3574 1272 3627 ad
1302 3591 1415 3628 rem
1442 3584 1691 3631 nostrain

126 3678 229 3718 non
262 3678 456 3734 parum
514 3663 743 3725 faciunt,
774 3662 863 3717 hic
886 3664 1299 3720 transcribenda
1328 3683 1447 3721 esse
1481 3668 1693 3737 putavi-

126 3770 245 3810 mus
274 3755 343 3805 “:
378 3754 647 3817 Clemens,
693 3754 909 3823 inquit,
960 3757 1319 3824 apostolorum
1375 3759 1688 3827 discipulus,

126 3848 210 3915 qui
241 3846 493 3901 Romanae
527 3846 773 3901 Ecclesia:
805 3859 923 3917 post
964 3850 1228 3919 apostolos
1260 3859 1309 3903 et
1340 3851 1612 3921 episcopus
1640 3861 1693 3912 et

127 3946 330 4007 martyr
354 3938 586 4005 prefuit,
628 3938 786 3994 libros
811 3938 997 4005 edidit,
1022 3942 1113 4012 qui
1143 3938 1320 3994 Crtrce
1356 3943 1691 4010 appellantur

140 4026 599 4099 Ἀναγνωρισμός,
621 4029 674 4082 id
711 4027 1217 4101 estBecognitio;in
1260 4032 1444 4103 quibus
1484 4050 1600 4085 cum
1627 4047 1695 4087 ex

127 4135 350 4187 persona
376 4117 519 4172 Petri
544 4122 768 4188 apostoli
790 4121 1034 4175 doctrina
1069 4124 1222 4192 quasi
1256 4140 1369 4199 vere
1399 4126 1691 4191 apostolica

128 4209 179 4260 in
212 4226 370 4279 quam
403 4210 644 4277 plurimis
673 4222 985 4279 exponatur,
1020 4215 1075 4266 in
1104 4214 1363 4284 aliquibus
1405 4218 1482 4268 ita
1508 4214 1690 4271 Euno-

128 4302 216 4353 mii
237 4300 429 4371 dogma
447 4303 729 4367 scribitur,
758 4314 812 4357 ut
853 4305 985 4359 nihil
1011 4305 1158 4358 aliud
1184 4324 1341 4376 quam
1368 4294 1476 4375 ipse
1507 4305 1690 4363 Euno-

129 4394 257 4445 mius
302 4394 575 4459 disputare
618 4396 885 4460 credatur,
920 4395 1121 4450 Filium
1162 4396 1260 4451 Dei
1297 4409 1595 4454 creaturam
1623 4412 1687 4456 et

1797 3294 2041 3362 Epistola
2088 3295 2383 3365 pra/igitur
2433 3304 2687 3364 tanquam
2738 3294 2806 3347 ad
2840 3293 3100 3350 Iacobum
3149 3299 3371 3368 fratrem

1794 3384 2029 3449 Domini,
2056 3395 2103 3441 et
2126 3386 2236 3439 hac
2259 3402 2420 3456 neque
2440 3386 2647 3449 eadem,
2680 3402 2841 3457 neque
2870 3396 2928 3441 ut
2956 3389 3019 3441 ab
3048 3394 3227 3444 eodem
3249 3407 3371 3461 pro-

1792 3475 1950 3543 fecta,
1975 3475 2067 3532 sed
2107 3478 2163 3530 in
2198 3477 2349 3532 libris
2375 3478 2648 3531 nonnullis
2688 3478 2848 3531 veluti
2890 3497 2921 3531 a
2947 3479 3107 3534 Petro
3133 3485 3370 3552 apostolo

1794 3575 1861 3622 ad
1882 3567 2145 3625 Iaeobum
2184 3571 2468 3626 missa:in
2512 3572 2639 3627 aliis
2684 3590 2869 3628 rursus
2908 3584 3161 3647 tanquam
3196 3576 3369 3633 aClc-

1793 3667 1961 3715 mente
1983 3659 2051 3716 ad
2071 3658 2423 3720 Iacobum...
2449 3661 2636 3716 harum
2666 3664 2813 3731 prior
2839 3665 3071 3718 ostendit
3093 3667 3369 3733 ipsummet

1794 3750 2012 3806 Petrum
2043 3766 2130 3808 res
2156 3768 2191 3807 ο
2219 3770 2277 3830 se
2312 3764 2487 3822 gestas
2532 3758 2907 3824 conscripsisse
2926 3797 2939 3819 ,
2974 3766 3023 3811 et
3044 3755 3246 3811 Iacobo
3276 3774 3365 3811 eas

1790 3844 2087 3913 postulanti
2137 3846 2349 3899 misisse
2394 3862 2414 3900 :
2456 3846 2630 3900 altera
2688 3864 2805 3901 vero
2847 3848 3005 3917 refert
3050 3845 3366 3903 Clementem

1792 3932 1939 3987 Petri
1983 3935 2143 4003 jussu
2205 3934 2416 3989 easdem
2472 3952 2552 3991 res
2615 3946 2786 4005 gestas
2848 3937 3039 3989 litteris
3099 3937 3362 4005 proditas,

1789 4038 2064 4099 postquam
2119 4028 2209 4081 ille
2250 4028 2367 4097 jam
2426 4028 2493 4083 ad
2553 4029 2911 4083 immortalem
2969 4034 3365 4100 commigrasset

1788 4116 2565 4181 vitam,Iacobotransmisisse.
2621 4117 2704 4171 Ea:
2728 4136 2830 4188 quo
2873 4120 3175 4188 conjectura
3216 4121 3365 4189 capi-

1792 4223 1877 4265 tur
1896 4213 2169 4277 fuisseres
2192 4221 2365 4279 gestas
2393 4211 2449 4267 S.
2472 4211 2617 4265 Petri
2646 4211 2858 4276 editas;
2882 4223 2935 4266 at
2966 4229 3087 4265 cum
3112 4212 3361 4279 temporis

1792 4306 2170 4375 longinquitate
2196 4305 2435 4373 periisset
2468 4306 2658 4367 altera,
2692 4305 2845 4357 illam
2874 4304 3161 4359 Clementis
3192 4305 3361 4359 solam

1790 4395 2121 4465 perdurasse.
2171 4394 2239 4447 In
2279 4394 2519 4447 omnibus
2572 4395 2708 4447 enim
2760 4394 2928 4455 libris,
2978 4411 3106 4464 quos
3156 4394 3361 4465 quidem

129 4482 282 4536 nullis
307 4486 636 4540 exstantibus
663 4503 986 4542 asseverans.
1009 4487 1141 4541 Tum
1162 4488 1345 4542 deinde
1369 4492 1530 4545 etiam
1556 4492 1689 4545 illud
1722 4494 1765 4551 Ι)
1794 4487 1923 4541 mihi
1968 4486 2135 4541 videre
2175 4486 2396 4555 contigit
2433 4484 2565 4556 (non
2604 4500 2800 4554 paucos
2846 4485 2967 4538 illos
3005 4486 3202 4553 certe),
3246 4495 3362 4553 post

128 4573 371 4641 adulterii
395 4592 555 4645 genus
585 4576 853 4640 inseritur,
887 4587 945 4630 ut
974 4584 1221 4631 naturam
1244 4578 1445 4634 diaboli
1470 4592 1689 4637 ctetero-

127 4683 336 4737 rumque
369 4666 667 4721 daemonum
698 4685 811 4720 non
846 4670 1104 4737 propositi
1150 4669 1533 4742 ooluntatisque
1572 4690 1689 4728 ma-

124 4758 259 4821 litia,
304 4760 393 4823 sed
434 4770 648 4826 excepta
688 4777 749 4813 ac
786 4771 1031 4828 separata
1084 4773 1339 4817 creaturae
1376 4766 1685 4832 produxerit

126 4849 372 4913 qualitas,
410 4849 499 4917 qui
529 4848 706 4917 utique
744 4849 795 4901 in
826 4851 1027 4902 ctzteris
1069 4867 1271 4904 omnem
1314 4850 1686 4908 rationabilem

127 4939 371 4994 docuerat
439 4938 588 4992 liberi
651 4940 862 4993 arbitrii
916 4940 1171 5009 facultate
1216 4942 1490 4999 donatam.
1553 4945 1690 5001 Sunt

124 5034 278 5086 etiam
309 5031 568 5086 nonnulla
606 5032 755 5085 libris
786 5032 899 5101 ejus
932 5034 1157 5097 inserta,
1189 5053 1306 5106 qute
1333 5023 1690 5094 ecclesiastica

126 5125 299 5193 regula
334 5125 546 5179 omnino
578 5141 682 5177 non
722 5126 927 5192 recipit.
982 5124 1141 5191 Quid,
1162 5131 1691 5199 quteso,apostolicus

125 5217 219 5276 sir,
263 5217 368 5269 imo
395 5230 521 5295 pene
565 5215 837 5284 apostolus
878 5232 983 5269 non
1011 5233 1073 5269 ea
1103 5217 1287 5271 scribit
1322 5236 1433 5286 qua:
1463 5222 1693 5290 apostoli

124 5305 332 5371 dicunt;
372 5307 456 5358 cui
488 5304 692 5359 Paulus
726 5306 993 5374 apostolus
1026 5308 1383 5361 testimonium
1413 5309 1557 5365 dedit
1596 5311 1684 5365 di-

126 5414 275 5453 cens:
307 5416 326 5448 t
353 5397 486 5453 Cum
519 5398 779 5453 Clemente
816 5406 865 5451 et
903 5397 1237 5465 adjutoribus
1284 5402 1413 5455 meis
1457 5406 1681 5469 steteris,

126 5505 338 5557 quorum
372 5491 587 5543 nomina
610 5498 733 5543 sunt
767 5489 819 5542 in
858 5488 992 5542 libro
1038 5490 1195 5554 vitae;
1221 5510 1238 5543 ι
1271 5501 1320 5546 et
1360 5494 1557 5549 scribat
1588 5496 1683 5551 hoc

126 5581 255 5647 quod
294 5582 448 5650 libris
490 5583 609 5638 vita
648 5584 970 5637 contrarium
999 5584 1221 5638 estTAn
1259 5587 1313 5639 ia
1346 5590 1519 5657 potius
1561 5607 1678 5645 cre-

1793 4579 2030 4632 dioersas
2092 4578 2214 4631 illas
2260 4576 2550 4646 epistolas,
2597 4588 2749 4646 atque
2801 4577 3165 4645 inscriptiones
3223 4576 3361 4632 idem

1793 4672 2006 4725 omnino
2062 4671 2172 4723 sine
2228 4670 2522 4724 variatione
2554 4668 2649 4721 hoc
2684 4669 2851 4736 operis
2910 4670 3120 4722 initium
3156 4671 3358 4736 reperi:

1795 4761 1951 4831 «Ego
1980 4761 2221 4815 Ctemens
2240 4801 2255 4824 ,
2283 4778 2302 4812 ι
2344 4770 2394 4814 et
2423 4776 2539 4829 quae
2568 4759 2750 4813 ordine
2780 4760 3017 4828 deinceps
3048 4769 3355 4829 sequuntur.

1790 4852 2057 4921 Refertum
2084 4861 2159 4907 est
2194 4862 2365 4905 autem
2390 4852 2485 4906 hoc
2511 4866 2636 4919 opus
2669 4850 2912 4910 absurdis
2937 4850 3088 4918 nugis
3116 4865 3218 4902 non
3246 4850 3358 4905 sine

1792 4944 2033 5012 plurimis
2063 4955 2128 4997 ea:
2158 4943 2272 4995 Arii
2302 4943 2544 5010 opinione
2571 4941 2625 4993 in
2647 4938 2849 4994 Filium
2880 4939 3353 5008 blasphemiis......

1791 5034 1922 5089 liber
1953 5044 2126 5089 tamen
2157 5034 2408 5088 Actorum
2434 5032 2577 5087 Petri
2599 5033 2966 5102 perspicuitate
2991 5048 3052 5084 ac
3077 5032 3355 5101 gravitate,

1794 5126 1966 5181 adhuc
1993 5128 2225 5197 puritate
2254 5135 2304 5180 et
2335 5112 2650 5179 uehementia
2685 5125 2905 5193 aliisque
2938 5124 3190 5176 orationis
3217 5121 3356 5175 doti—

1793 5218 1910 5281 bus,
1943 5236 2120 5273 rerum
2161 5220 2285 5273 item
2318 5220 2587 5274 variarum
2625 5217 2868 5272 doctrina
2904 5224 3107 5270 tantum
3139 5214 3356 5269 Consti-

1792 5311 2030 5366 tutiones
2078 5321 2328 5380 superat,
2384 5311 2534 5365 nulla
2578 5318 2635 5362 ut
2676 5308 2767 5363 hos
2817 5311 2952 5362 inter
2990 5308 3350 5375 comparatio,

1790 5404 1859 5456 ad
1901 5420 2188 5459 sermonem
2242 5402 2379 5475 quod
2434 5404 2642 5465 attinet,
2688 5400 2806 5469 ﬁeri
2864 5399 3163 5455 debeat.....
3198 5397 3354 5452 Hune

1747 5483 1753 5487 l
1789 5495 2105 5551 Clementem
2155 5497 2383 5549 alterum
2426 5512 2458 5548 a
2482 5493 2640 5548 Petro
2672 5490 2816 5545 urbis
2838 5490 3017 5545 Romae
3057 5491 3351 5559 episcopum

1785 5587 1951 5656 fuisse
2008 5588 2223 5658 quidam
2251 5595 2547 5647 autumant,
2582 5584 2678 5637 alii
2706 5599 2822 5636 vero
2850 5592 3130 5652 quartum;
3160 5580 3348 5636 Linum

130 5671 343 5725 dendum
390 5684 499 5740 est,
551 5674 688 5743 quod
739 5691 901 5745 supra
947 5671 1214 5741 diximus,
1264 5679 1403 5747 quod
1454 5682 1680 5741 perversi
1782 5680 1920 5733 enim
1957 5679 2339 5733 etAnacletum
2380 5680 2516 5732 inter
2554 5686 2829 5745 utrumque
2869 5677 3137 5746 pontifices
3184 5674 3348 5731 exsti-

196 5816 241 5853 ⁸⁹
270 5815 388 5875 Lib.
414 5834 489 5876 vn
516 5818 700 5894 Recog.
779 5822 825 5856 "
851 5820 969 5880 Lib.
1002 5822 1078 5881 De
1102 5820 1269 5879 adult.
1301 5821 1390 5877 lib.
1434 5821 1647 5893 Origen.
1724 5822 1763 5855 ⁶¹
1804 5819 2059 5877 Biblioth.
2090 5821 2208 5877 cod.
2236 5836 2360 5876 cm.
