4066 6334
707 351 846 412 1183

1585 348 1642 406 ὃ.
1679 346 2079 406 CLEMENTIS
2113 350 2130 405 l
2165 345 2328 404 ROM.
2368 341 2566 401 PONT.
2601 341 2821 400 OPERA
2868 345 3092 403 DUBIA.

3794 348 3919 407 “8‘

703 479 846 539 tisse,
889 488 950 528 ac
988 470 1139 528 tertio
1174 469 1380 524 demum
1411 466 1633 535 Trajani
1673 482 1812 520 anno
1857 466 2014 520 vitam
2057 465 2254 533 ﬁnisse.
2285 467 2330 525 Α
2361 460 2554 518 Petrus
2601 460 2944 515 dialecticum
2991 459 3396 532 sophistamque
3447 461 3517 517 ibi
3579 462 3720 533 agit,
3799 463 3919 532 ipso

700 566 840 621 llinc
866 564 1090 636 colligas
1125 562 1178 616 in
1215 559 1468 614 omnibus
1499 555 1674 610 Photii
1709 555 1989 612 codicibus
2022 556 2162 610 idem
2196 569 2261 609 ac

699 659 756 714 in
782 657 941 714 editis
972 654 1178 710 nostris
1206 651 1374 705 fuisse
1403 649 1584 718 operis
1616 648 1779 716 hujus
1814 647 2048 702 initium.
2091 645 2260 700 Porro

699 757 878 804 autem
908 746 1110 808 nullus,
1144 742 1219 797 uti
1247 740 1552 810 opinamur,
1588 739 1690 796 sibi
1731 737 1890 794 facile
1915 739 2259 810 persuadebit

701 838 803 892 hoc
833 836 975 891 idem
1001 846 1140 904 opus
1167 831 1237 885 ab
1261 827 1633 884 eruditissimo
1667 827 1759 882 illo
1788 828 1905 882 viro
1939 827 2106 882 fuisse
2136 828 2258 885 Cle-

697 930 866 985 menti
896 926 1296 996 adjudicatum;
1327 929 1385 976 ut
1411 928 1533 990 pote
1561 919 1652 989 qui
1693 918 1822 973 illud
1850 920 2025 989 ipsum
2056 921 2252 973 absur-

696 1024 780 1077 dis
809 1020 966 1092 nugis
994 1027 1048 1074 et
1071 1018 1394 1072 Arianorum
1426 1011 1774 1082 blasphemiis
1812 1011 2085 1083 oppletum
2130 1027 2254 1069 esse

695 1122 940 1171 testetur.

1222 1245 1614 1303 ARTICULUS
1652 1242 1715 1300 V.

693 1341 973 1398 Sententia
997 1341 1343 1395 recentiorum
1375 1322 1646 1394 auctor-uin
1666 1335 1728 1389 de
1749 1335 1827 1389 his
1852 1332 2024 1398 libris,
2046 1341 2096 1388 et
2128 1331 2253 1404 quid

1103 1410 1166 1464 de
1191 1411 1375 1464 iisdem
1398 1412 1464 1464 sit
1492 1406 1838 1463 sentiendum.

762 1523 944 1596 Neque
1006 1540 1132 1580 vero
1178 1526 1505 1595 scriptorum
1552 1523 1917 1579 recentiorum
1970 1518 2253 1576 sententiae

690 1619 871 1673 minus
907 1633 1070 1688 quam
1119 1617 1489 1687 antiquiorum
1527 1630 1556 1668 a
1603 1631 1662 1671 se
1710 1613 1940 1670 invicem
1987 1610 2253 1668 dissident

686 1724 981 1780 secumque
1009 1708 1348 1764 discordant.
1395 1706 1626 1774 Quidam
1670 1705 1813 1762 enim
1845 1720 1876 1759 a
1907 1702 2088 1758 lluiini
2135 1702 2252 1772 opi-

686 1803 848 1858 nione
887 1817 995 1857 non
1025 1803 1183 1871 longe
1237 1803 1477 1866 abeunt,
1514 1806 1572 1855 ut
1613 1797 1934 1854 Lambertus
1979 1795 2244 1852 Gruterus
2276 1798 2316 1852 Β

687 1892 992 1950 Venradius
1016 1937 1030 1960 ,
1063 1894 1156 1964 qui
1188 1892 1255 1948 de
1290 1892 1376 1947 his
1410 1892 1566 1947 libris
1605 1892 1684 1947 sic
1729 1889 1896 1947 sentit
1932 1907 1946 1946 :
1980 1887 2248 1957 Quantum

682 1984 754 2038 ad
801 1983 1251 2055 llecognitionum
1309 1983 1757 2039 Ciementinarum
1825 1981 1985 2036 libros
2037 1979 2245 2043 attinet,

681 2091 770 2132 eos
822 2093 932 2131 vere
965 2076 1217 2131 Clementi
1249 2085 1432 2129 nostra
1462 2075 1690 2144 ascribo,
1727 2072 1930 2128 tametsi
1972 2079 2245 2139 corruptos

677 2185 791 2225 esse
820 2184 1122 2238 agnoscam,
1164 2177 1221 2221 ut
1250 2167 1453 2222 dicetur
1502 2167 1665 2235 infra.
1712 2163 1778 2219 Et
1804 2170 1952 2220 certe
1982 2163 2245 2233 quasdam

682 2260 774 2317 ille
805 2269 954 2316 notat
981 2261 1383 2330 corruptiones,
1411 2260 1607 2330 quibus
1649 2273 1714 2313 ea
1757 2256 1938 2310 omnia
1971 2255 2248 2326 subjungit

679 2368 802 2422 qua
833 2354 900 2409 de
933 2351 1268 2407 Faustiniani
1295 2352 1476 2408 vultus
1518 2349 1997 2406 transformatione
2045 2347 2243 2401 ibidem

683 2444 953 2514 leguntur.
1007 2443 1235 2510 Quidam
1263 2453 1442 2499 autem
1492 2458 1616 2498 cum
1651 2439 1980 2496 Bellarmino
2019 2437 2085 2493 ad
2117 2437 2244 2509 Epi-

681 2534 865 2604 phanii
886 2537 1208 2591 sententiam
1228 2535 1403 2606 magis
1432 2535 1733 2599 inclinant;
1763 2540 1925 2603 atque
1944 2532 2044 2589 hos
2074 2531 2243 2588 libros

679 2625 751 2681 ab
806 2625 1076 2683 haereticis
1132 2626 1278 2682 fmde
1329 2634 1615 2696 co:ruptos
1659 2639 1781 2680 esse
1809 2631 2082 2680 asserunt.
2136 2621 2242 2678 Sed

677 2718 1020 2773 communior
1068 2718 1299 2774 aliorum
1346 2717 1573 2787 hujusce
1621 2717 1882 2785 temporis
1927 2715 2241 2791 criticorum

677 2809 862 2879 opinio
889 2809 1220 2866 Clementem
1257 2811 1519 2864 librorum
1550 2808 1765 2862 illorum
1815 2815 2090 2864 auctorem
2119 2819 2241 2861 esse

679 2910 860 2971 negat,
921 2901 1256 2971 amrmatque
1305 2902 1425 2956 illos
1463 2900 1532 2954 ab
1557 2899 1738 2969 aliquo
1788 2899 2012 2955 secundi
2057 2897 2240 2954 seculi

676 2992 943 3062 scriptore
980 2993 1150 3048 fuisse
1200 2992 1540 3062 depravatos,
1591 3005 1792 3062 eosque
1837 2992 2070 3063 repletos
2119 3004 2241 3046 esse

2362 553 2582 609 Simone
2612 551 2766 622 Mago
2792 554 2950 624 longe
2980 551 3354 607 subtiliorem?
3381 552 3516 619 Quid
3552 568 3679 608 vero
3701 553 3769 609 de
3799 554 3921 623 ejus

2359 644 2571 700 ratione
2599 641 2838 706 vivendi,
2871 659 3031 698 mane
3061 642 3338 715 surgendi,
3401 643 3800 714 disputationes
3833 647 3921 701 in-

2357 735 2617 791 stituendi
2641 744 2695 790 et
2722 734 3042 798 ordinandi,
3083 734 3138 789 in
3182 735 3345 790 urbes
3376 733 3732 806 ingrediendi,
3755 744 3925 807 atque

2355 827 2426 884 ab
2453 828 2523 884 iis
2542 827 2636 898 qui
2663 827 2920 898 baptizati
2951 842 3060 882 non
3082 835 3259 891 erant,
3295 843 3415 885 sese
3451 830 3761 899 separandi.
3809 830 3922 886 dici

2355 919 2569 989 potest?
2594 917 2784 974 Nonne
2817 918 2930 974 haec
2969 918 3151 974 omnia
3182 920 3362 990 operis
3394 919 3557 988 hujus
3591 922 3923 993 suppositio-

2353 1025 2477 1066 nem
2506 1009 2786 1065 evidenter
2817 1011 3090 1082 arguunt?
3120 1008 3260 1077 Quid
3284 1010 3460 1066 adhuc
3495 1013 3666 1084 magis
3702 1013 3923 1068 fabulo-

2354 1116 2487 1157 sum.
2507 1116 2669 1172 quam
2703 1116 2769 1157 ea
2798 1101 3094 1173 disputatio
3132 1117 3237 1172 qua
3270 1104 3470 1174 singuli
3512 1105 3774 1173 apostoli,
3817 1121 3920 1160 suo

2351 1195 2554 1266 quique
2611 1194 2837 1258 ordine,
2900 1204 3090 1250 contra
3139 1193 3442 1266 Caipliam,
3499 1194 3917 1261 Samaritanus,

2354 1284 2615 1351 Scribas,
2671 1286 2920 1356 aliosque
2977 1285 3187 1342 iudeos
3237 1287 3548 1344 decertasse
3599 1287 3920 1359 finguntur?

2353 1376 2595 1446 Denique
2623 1377 2678 1432 in
2711 1384 2825 1433 toto
2866 1377 2959 1432 illo
2991 1393 3154 1447 opere
3191 1379 3370 1434 nullas
3415 1380 3878 1449 deprehendimus
3899 1420 3916 1445 ,

2351 1468 2470 1538 ejus
2516 1469 2604 1522 cui
2659 1469 2972 1534 ascribitur,
3034 1470 3288 1524 nimirum
3342 1470 3635 1528 Clementis
3677 1469 3915 1529 Romani

2352 1559 2646 1630 pontificis,
2698 1563 3072 1632 apostolorum
3097 1561 3375 1633 discipuli,
3419 1573 3576 1620 notas
3621 1565 3917 1636 nullosque

2351 1653 2714 1709 characteres.
2765 1654 2921 1720 Quod
2955 1654 3172 1725 quidem
3204 1672 3269 1712 ex
3310 1657 3426 1712 sola
3457 1673 3619 1728 quam
3659 1656 3914 1714 dedimus

2353 1743 2516 1814 hujus
2539 1746 2718 1816 operis
2749 1746 2956 1816 analysi
2995 1747 3219 1804 cuilibet
3260 1763 3416 1820 aequo
3463 1765 3646 1806 rerum
3673 1751 3915 1807 aestima-

2349 1835 2454 1891 tori
2490 1835 2649 1894 facile
2676 1839 3015 1909 probabitur.

2863 1928 3258 1986 ARTICULUS
3289 1930 3378 1987 Vl.

2350 2017 2492 2074 Num
2540 2013 2739 2092 aliquid
2761 2039 2793 2075 a
2820 2020 3078 2078 Clemente
3102 2022 3390 2092 profectum
3435 2024 3514 2079 Itis
3545 2027 3598 2078 in
3647 2024 3796 2080 libris
3826 2042 3912 2080 ss-

2413 2091 2605 2173 persit,‘
2636 2101 2684 2146 et
2715 2094 2832 2163 quis
2871 2110 3048 2148 eorum
3087 2103 3290 2163 auctor,
3322 2111 3383 2148 ac
3422 2112 3523 2165 quo
3554 2105 3783 2165 tempore
3804 2097 3911 2150 sint

2416 2171 2618 2228 scripti.

2419 2251 2635 2317 Verum,
2677 2253 2914 2324 inquies,
2963 2257 3170 2312 nihilne
3217 2256 3362 2328 quod
3388 2257 3457 2313 ab
3480 2257 3600 2328 ipso
3631 2256 3912 2312 Clemente

2344 2343 2648 2413 profectum
2675 2347 2767 2412 sit,
2798 2355 2913 2404 toto
2948 2350 3001 2403 in
3027 2365 3189 2419 opere
3222 2351 3491 2420 reliquum
3524 2357 3608 2405 est
3637 2351 3912 2420 amplius?

2345 2430 2414 2490 Ut
2446 2436 2571 2491 huic
2617 2438 2907 2508 quaestioni
2956 2440 3046 2494 iiat
3095 2442 3253 2506 satis,
3286 2442 3688 2498 animadvertas
3745 2442 3912 2496 velim

2343 2542 2409 2581 ex
2440 2526 2506 2583 iis
2535 2543 2655 2600 qua:
2704 2531 3031 2601 protulimus
3077 2534 3347 2588 rationum
3382 2535 3670 2589 momentis
3700 2532 3910 2602 colligi,

2342 2634 2435 2675 eos
2482 2635 2512 2675 a
2560 2637 2688 2677 vero
2733 2623 2890 2695 longe
2941 2624 3198 2681 aberrare
3254 2626 3348 2696 qui
3398 2624 3687 2679 maximam
3737 2624 3915 2693 hujus

2341 2712 2520 2779 operis
2566 2722 2807 2784 partem,
2860 2716 3034 2786 iisque
3081 2723 3294 2772 tantum
3346 2732 3468 2788 quas
3519 2717 3911 2772 haereticorqu

2341 2802 2605 2871 pravitate
2647 2805 2860 2876 adjecta
2899 2815 3047 2873 sunt,
3094 2810 3356 2880 exceptis,
3405 2808 3664 2865 Clementi
3710 2815 3915 2863 nutum

2340 2894 2756 2964 adjudicandam
2787 2915 2908 2957 esse
2937 2903 3293 2958 arbitrantur.

2409 2985 2484 3042 De
2537 2985 2820 3059 Epiphanii
2872 3005 3051 3050 autem
3106 2995 3395 3059 sententia,
3444 3009 3566 3065 quae
3621 2994 3919 3051 hmretiws

677 3084 895 3148 fabulis,
930 3089 1112 3156 nugis,
1145 3087 1397 3146 somniis,
1431 3085 1753 3150 mendaciis,
1785 3091 1945 3155 atque
1968 3083 2237 3141 sermonl-
2265 3121 2306 3180 Ο
2343 3091 2512 3147 pauca
2541 3079 2625 3136 his
2655 3081 2708 3136 in
2741 3083 2915 3152 libris,
2946 3100 2976 3139 a
3007 3084 3283 3142 Clemente
3312 3087 3550 3158 scriptis,
3587 3087 3785 3142 intacta
3813 3104 3917 3143 m-

678 3176 780 3231 bus
812 3175 1380 3253 disputationibusque
1414 3177 1635 3248 ineptis,
1675 3179 1928 3235 absurdis
1954 3188 2009 3235 et
2035 3178 2238 3234 ridicu-

677 3268 780 3334 lis;
811 3285 874 3325 ac
902 3270 1134 3341 denique
1158 3273 1211 3324 in
1246 3272 1313 3325 iis
1347 3272 1570 3341 reperiri
1604 3271 1963 3343 fragmentum
1994 3289 2062 3328 ex
2097 3274 2237 3328 libro

676 3360 1002 3417 Bardesanis
1052 3361 1213 3433 Syri,
1263 3363 1528 3418 adversus
1574 3362 1814 3434 Abydam
1867 3375 2238 3419 astronomum

679 3453 859 3518 edito,
909 3453 1129 3509 totidem
1169 3454 1349 3510 verbis
1393 3455 1806 3525 transcriptum.
1853 3454 2235 3527 Fragmentum

674 3553 855 3602 autem
886 3546 1013 3601 illul
1044 3545 1113 3604 ab
1143 3546 1226 3601 his
1258 3546 1440 3601 verbis
1471 3547 1660 3616 incipit
1693 3547 1735 3577 “
1770 3566 1783 3602 :
1809 3546 2041 3617 Denique
2080 3549 2237 3602 orimi

675 3635 850 3702 Seres,
883 3639 970 3707 qui
1000 3637 1151 3691 initio
1181 3636 1323 3691 orbis
1360 3647 1532 3703 term,
1570 3646 1675 3693 etc.

746 3727 862 3783 iam
892 3744 1020 3785 vero
1050 3729 1116 3784 de
1143 3729 1227 3785 his
1261 3730 1419 3785 libris
1461 3731 1591 3801 quid
1637 3731 1999 3798 sentiendum,
2033 3733 2114 3788 vel
2148 3733 2234 3789 cui

673 3822 914 3894 opinioni
947 3821 1329 3877 adbmrendum
1352 3822 1446 3886 sit,
1484 3823 1529 3879 si
1562 3833 1805 3895 rogetur,
1839 3826 2083 3882 dicemus
2113 3828 2233 3882 illos

673 3931 741 3972 eo
773 3915 954 3982 modo,
973 3930 1081 3985 quo
1110 3930 1276 3978 nunc,
1309 3925 1361 3970 et
1405 3930 1434 3968 a
1470 3923 1549 3971 tot
1596 3918 1811 3973 saeculis
1837 3927 2235 3988 repraesentan-

672 4014 785 4071 tur,
838 4006 906 4062 ab
954 4005 1231 4062 Clemente
1285 4005 1530 4062 ilomano
1593 4009 1869 4080 profectos
1924 4027 2031 4066 non
2089 4027 2228 4068 esse.

668 4096 898 4153 Constat
925 4098 1076 4153 enim
1095 4114 1432 4170 quaecunque
1464 4100 1529 4156 de
1559 4103 1859 4157 mutatione
1882 4103 2062 4160 vultus
2092 4102 2233 4159 Fau-

669 4189 919 4255 stiniani,
967 4199 1022 4245 et
1069 4199 1254 4260 postea
1302 4192 1373 4244 ibi
1423 4201 1736 4259 narrantur,
1787 4196 2007 4251 omnino
2042 4197 2230 4251 lictitia

667 4299 813 4346 esse,
865 4291 917 4338 et
950 4290 1131 4352 aperte
1168 4281 1324 4339 falsa.
1371 4282 1437 4337 Et
1481 4300 1607 4339 vero
1652 4285 1737 4340 vel
1787 4287 1901 4340 sola
1947 4286 2231 4342 mendacia

665 4390 792 4444 quae
815 4373 974 4429 Petro
995 4375 1360 4445 apostolorum
1391 4376 1623 4446 principi
1659 4376 1854 4432 ibidem
1890 4378 2227 4445 tribuuntur,

2341 3170 2566 3240 liquisse
2607 3177 2942 3243 pronuntiat,
2979 3180 3112 3233 certi
3157 3179 3358 3249 aliquid
3405 3181 3627 3236 delinire
3676 3179 3920 3238 difﬁcile

2337 3271 2440 3318 est.
2479 3255 2628 3340 [Cum
2673 3269 2818 3323 enim
2859 3256 3098 3340 epistolre
3140 3272 3337 3342 quibus
3385 3272 3630 3329 Clemens
3683 3272 3747 3328 de
3819 3275 3920 3328 sui

2339 3356 2520 3426 Operis
2568 3356 2711 3412 facta
2773 3361 2842 3416 ab
2884 3362 3152 3418 haereticis
3202 3366 3550 3435 corruptione
3595 3379 3918 3434 conquere-

2339 3444 2518 3512 batur,
2573 3450 2640 3506 ad
2684 3466 2784 3508 nos
2842 3454 3210 3524 pervenerint,
3260 3455 3508 3512 divinare
3552 3458 3731 3526 utique
3789 3473 3922 3513 non

2337 3553 2628 3608 possumus
2659 3558 2779 3613 quae
2811 3545 2922 3600 sint
2952 3545 3043 3602 illa
3071 3563 3244 3618 pauca
3276 3564 3394 3618 quae
3416 3548 3647 3604 heretici
3684 3550 3922 3621 integra

2336 3630 2696 3701 reliquerunt.
2733 3634 3076 3712 Quapropter
3113 3639 3218 3694 nisi
3250 3654 3314 3695 ea
3369 3655 3538 3709 pauca
3568 3641 3707 3695 clare
3734 3642 3917 3712 sigil-

2336 3721 2597 3792 latimque
2629 3722 3091 3793 demonstrentur,
3137 3731 3295 3785 nobis
3339 3729 3554 3788 facilius
3595 3735 3918 3804 persuade-

2334 3813 2480 3868 bitur
2512 3815 2649 3870 nihil
2691 3818 2746 3871 in
2788 3825 2900 3874 toto
2943 3836 3106 3891 opere
3153 3835 3373 3887 sanum,
3419 3824 3514 3879 sed
3551 3823 3727 3879 omnia
3773 3842 3919 3882 cor-

2335 3912 2492 3976 rupta
2541 3921 2663 3964 esse
2700 3916 2754 3963 et
2782 3908 3097 3980 depravata.
3142 3912 3411 3970 Caeterum
3461 3918 3508 3970 si
3561 3915 3917 3987 Epiphanius

2334 4012 2506 4068 pauca
2563 4001 2808 4070 quaedam
2868 4019 2969 4059 suo
3022 4014 3262 4077 tempore
3315 4009 3528 4063 sincera
3574 4018 3627 4065 et
3659 4015 3917 4082 genuina

2331 4094 2677 4162 compererit,
2709 4094 2800 4152 ille
2820 4096 2874 4151 in
2900 4098 3058 4163 alios,
3090 4102 3156 4154 ab
3183 4100 3275 4167 iis,
3298 4101 3391 4173 qui
3414 4118 3557 4158 nunc
3579 4116 3916 4174 supersunt,

2333 4186 2549 4243 codices
2574 4190 2972 4261 manuscriptos
3015 4192 3274 4250 incidisse
3319 4194 3463 4250 baud
3509 4197 3787 4252 immerito
3822 4201 3914 4253 vi-

2331 4275 2512 4334 detur.

2401 4366 2570 4424 Porro
2600 4381 2776 4428 autem
2807 4375 3054 4445 quamvis
3083 4377 3346 4442 auctoris,
3383 4393 3410 4432 a
3450 4395 3558 4450 quo
3589 4395 3721 4450 opus
3758 4381 3908 4436 illud

667 4467 726 4521 id
771 4467 1127 4522 invictissime
1168 4467 1564 4524 demonstrant.
1609 4466 1794 4538 Neque
1826 4470 1990 4523 etiam
2032 4478 2226 4525 czetera
2261 4453 2301 4508 Ῑ)
2332 4471 2645 4533 corruptum
2697 4467 2930 4536 Ρτοάίίιι
2988 4483 3184 4522 nomen
3237 4470 3501 4526 hﬂClenus
3556 4474 3908 4543 incognitum

665 4561 872 4622 omnia,
911 4575 1031 4629 quze
1060 4559 1111 4612 in
1147 4559 1354 4629 reliquo
1391 4574 1556 4631 Opere
1601 4560 1848 4631 legimus,
1880 4563 2052 4632 magis
2103 4563 2227 4618 Cic-

671 4653 834 4707 menti
867 4652 1227 4721 adjudicanda
1269 4654 1425 4708 nobis
1466 4653 1736 4707 videntur.
1787 4652 1919 4708 Nam
1967 4655 2069 4710 iter
2116 4654 2224 4710 Ma-

669 4744 872 4806 thidiae,
903 4745 1155 4813 illiusque
1185 4759 1309 4798 cum
1361 4743 1485 4799 filiis
1535 4745 1649 4799 suis
1695 4743 1883 4800 Niceta
1933 4754 1987 4802 et
2031 4747 2225 4817 Aquila

670 4834 1028 4903 naufragium,
1061 4835 1137 4889 illi
1169 4836 1386 4889 tandem
1437 4834 1645 4889 fort‘uiti
1691 4850 1979 4904 occursus,
2025 4838 2223 4909 quibus

669 4940 789 4981 sese
813 4926 1039 4981 invicem
1071 4941 1133 4981 ac
1167 4933 1372 4995 patrem
1395 4941 1551 4980 suum
1577 4925 1985 4983 Faustinianum
2018 4929 2226 4999 ipsum-

667 5031 774 5086 que
801 5015 1132 5072 Clementem
1165 5017 1449 5088 agnovisse
1471 5018 1741 5084 feruntur,
1776 5022 1942 5091 plane
1973 5021 2223 5076 fabulosa

663 5113 723 5162 et
749 5108 916 5178 gratis
942 5108 1061 5161 iicta
1097 5116 1245 5164 sunt.
1290 5107 1396 5164 Fac
1427 5119 1605 5164 tamen
1637 5125 1700 5165 ea
1732 5126 1852 5168 esse
1898 5113 2180 5168 verissima
2207 5130 2222 5179 ;

664 5196 796 5269 quid
865 5205 1042 5254 autem
1106 5201 1275 5269 magis
1327 5215 1353 5254 a
1408 5201 1883 5258 verisimilitudine
1927 5203 2223 5268 abhorret,

665 5304 830 5358 quam
880 5291 1040 5344 verba
1082 5300 1134 5345 et
1175 5308 1452 5349 sermones
1493 5311 1631 5363 quos
1680 5292 1873 5351 Petrus
1914 5295 1980 5349 ad
2011 5312 2141 5352 suos
2170 5305 2225 5352 et

668 5381 735 5434 ad
784 5383 1036 5452 populum
1080 5382 1337 5440 habuisse
1400 5386 1753 5455 perhibetur?
1819 5387 1992 5454 Quam
2043 5389 2227 5443 multa:

667 5472 829 5537 enim,
866 5471 1005 5529 Deus
1029 5474 1187 5538 bone,
1224 5474 1294 5529 ibi
1344 5487 1643 5532 occurrunt
1670 5493 1844 5548 nugae,
1878 5479 2112 5549 ineptiae.
2143 5480 2227 5534 fa-

671 5564 838 5619 bulaai
871 5581 1030 5636 quam
1059 5567 1229 5621 multa
1262 5570 1508 5638 puerilia,
1531 5571 1861 5641 perridicula
1893 5583 1947 5626 ct
1978 5574 2214 5630 insulsa!

665 5670 826 5724 quam
874 5658 1027 5713 multi
1067 5674 1278 5716 errores
1317 5669 1479 5730 atque
1515 5653 1829 5718 mendacia?
1873 5681 2034 5734 quam
2082 5667 2221 5725 bello

806 5814 848 5845 "
885 5812 1035 5884 Apud
1069 5814 1264 5872 Euseb.
1297 5817 1388 5873 lib.
1428 5835 1477 5873 vr
1512 5819 1684 5890 I’ra'p.
1720 5824 1949 5892 erangcl.

2329 4564 2491 4625 atque
2523 4557 2916 4630 incompertum
2951 4559 3134 4625 fuerit,
3167 4564 3294 4633 quia
3320 4570 3499 4620 tamen
3532 4565 3660 4619 illud
3697 4566 3908 4626 Graece

2329 4649 2562 4718 primum
2587 4651 2912 4722 composuit,
2941 4667 3064 4707 eum
3109 4652 3357 4710 Grrecum
3391 4656 3675 4727 quemdam
3711 4658 3909 4715 homi-

2329 4758 2450 4796 nem
2481 4741 2650 4799 iuisse
2680 4758 2810 4798 vero
2848 4756 2994 4801 certe
3023 4755 3109 4802 est
3147 4762 3406 4818 perquam
3448 4750 3818 4808 simillimum.
3859 4753 3915 4810 ls

2328 4847 2492 4902 porro
2549 4833 2866 4891 dialecticus
2921 4836 3022 4890 fuit
3067 4837 3486 4910 disputatorque
3543 4843 3910 4912 acerrimus,

2327 4929 2420 4997 qui
2466 4929 2645 4984 varias
2684 4929 3131 5001 phi1080phorum
3177 4932 3483 5002 opiniones,
3515 4935 3911 5005 astrologiam,

2328 5021 2732 5092 mythologiam,
2769 5037 2959 5077 omnes
3010 5038 3344 5094 paganorum
3385 5024 3597 5079 fabulas
3639 5026 3915 5098 allegori-

2326 5129 2527 5182 casque
2567 5127 2752 5169 earum
2796 5114 3290 5185 interpretationes,
3342 5132 3405 5172 ac
3449 5117 3629 5173 varias
3672 5119 3909 5177 tandem

2326 5205 2597 5259 variorum
2623 5205 2942 5276 populorum
2976 5207 3139 5277 leges,
3190 5222 3397 5273 mores,
3431 5208 3910 5268 consuetudines-

2327 5313 2433 5366 que
2477 5300 2721 5368 apprime
2773 5299 3032 5354 callebat.
3081 5298 3187 5354 Sed
3240 5300 3331 5356 ille
3391 5301 3777 5357 haereticorum
3840 5320 3910 5361 ac

2331 5391 2600 5459 praecipue
2630 5388 3005 5444 Ebionitarum
3047 5392 3327 5448 erroribus
3373 5394 3595 5448 omnino
3630 5395 3906 5454 addictus

2328 5490 2462 5545 erat,
2495 5491 2656 5553 atque
2684 5498 2776 5539 eos
2807 5483 2862 5537 in
2889 5483 3006 5540 suis
3053 5484 3526 5541 lucubrationibus
3581 5484 3806 5544 facilius
3845 5504 3908 5546 ut

2332 5576 2664 5646 propinaret,
2712 5577 2929 5633 easdem
2961 5578 3218 5632 emcntito
3240 5576 3558 5638 Clementis.
3604 5579 3906 5648 apostolu-

2331 5684 2449 5724 rum
2485 5669 2770 5741 discipuli,
2798 5683 2994 5741 magno
3021 5671 3240 5728 nomine
3260 5670 3482 5728 inscribi
3516 5671 3706 5728 voluit.
