4066 6334
159 452 297 511 M85

1226 446 1795 506 RECOGNI‘IIONES.
1830 477 1902 492 -
1938 446 2293 507 PBOtEMIA.

3248 449 3380 507 H80

226 569 465 638 Denique
496 578 606 636 quo
651 569 893 636 tempore
922 562 1141 620 eosdem
1184 564 1305 620 illos
1348 564 1517 620 libros
1546 564 1601 620 in
1635 565 1716 619 lu-
1742 573 1791 631 Α
1822 564 1889 622 iis
1919 581 2014 637 qui
2044 565 2167 621 illos
2190 566 2450 628 citarunt,
2496 563 2632 621 varii
2680 563 2821 620 tituli
2850 564 3220 636 praeﬁguntur.
3264 568 3381 622 Ali-

157 677 273 719 ceui
316 660 431 732 ipse
476 658 742 722 emiserit,
791 656 953 727 paulo
1005 656 1300 728 proclivius
1340 663 1425 712 est
1468 654 1712 711 definire.

157 752 356 809 Verum
387 752 667 807 enimvero
696 764 817 805 cum
833 746 1097 820 Origenes
1118 762 1225 804 non
1248 746 1423 805 solum
1448 746 1569 804 illos
1581 749 1717 803 cita.

161 846 313 909 terit,
350 842 445 900 sed
474 843 693 914 longum
722 836 883 898 etiam
916 856 983 895 ex
1029 841 1097 897 iis
1132 839 1539 911 transcripserit
1572 838 1717 911 frag-

157 943 421 1001 mentum,
436 942 648 990 constat
664 934 881 990 eosdem
904 930 1137 1003 Origene
1160 933 1278 1002 ipso
1300 947 1423 988 esse
1442 932 1719 1003 antiquio-

154 1040 261 1085 res.
287 1026 405 1082 Non
437 1034 636 1081 temere
672 1025 836 1097 igitur
861 1024 938 1079 illi
973 1025 1213 1080 secundo
1242 1023 1495 1081 Ecclesiae
1516 1024 1717 1081 saeculo

159 1124 210 1177 in
244 1122 442 1193 vulgus
490 1119 759 1191 prodiisse
800 1118 1078 1174 dicuntur.
1130 1115 1285 1183 Quod
1332 1115 1549 1187 quidem
1590 1116 1717 1174 inde

158 1228 349 1269 rursus
384 1210 695 1267 conﬁrmari
747 1216 946 1281 potest,
992 1208 1138 1280 quod
1172 1208 1510 1265 Bardesanes
1545 1206 1716 1281 Syrus

160 1305 301 1359 aliud
328 1318 568 1375 quoque,
600 1302 678 1358 uti
717 1301 973 1368 diximus,
1010 1299 1372 1371 fragmentum
1394 1314 1502 1355 non
1535 1300 1717 1357 minus

158 1396 466 1467 prolixum,
516 1395 573 1449 in
610 1408 771 1451 suum
804 1390 1069 1450 adversus
1135 1388 1467 1446 Marcionem
1517 1392 1720 1450 librum

156 1486 454 1542 transtulit.
494 1485 629 1541 Nam
676 1484 1009 1541 Bardesanes
1057 1484 1149 1540 ille
1198 1484 1347 1540 hunc
1371 1485 1620 1543 eumdem
1650 1486 1718 1541 li-

154 1578 308 1632 brum
333 1576 441 1632 sub
476 1574 687 1633 Soteris
713 1575 1051 1647 pontiﬁcatu,
1084 1575 1244 1647 paulo
1268 1583 1392 1645 post
1416 1576 1715 1634 secundum

154 1669 411 1723 saculum
441 1667 675 1723 medium
718 1667 954 1721 Antonio
996 1668 1311 1737 imperatori
1357 1672 1711 1742 nuncupavit.

151 1757 267 1814 iam
298 1774 434 1831 ergo
471 1760 772 1831 pervulgati
812 1770 970 1814 erant
1015 1758 1091 1813 illi
1140 1758 1567 1831 Recugnitionum
1595 1762 1715 1819 Cle-

152 1850 513 1907 inluminarum
544 1850 685 1906 libri.

663 1962 1059 2021 ARTICULUS
1097 1964 1206 2023 VII.

152 2053 293 2109 Num
321 2055 523 2129 bilibri
563 2057 630 2109 ad
662 2072 791 2129 nos,
838 2058 1020 2128 quales
1057 2058 1121 2111 ab
1161 2068 1376 2114 auctore
1413 2062 1717 2129 prodierunt

213 2128 571 2198 perverterint;
605 2143 666 2181 ac
697 2126 759 2182 de
792 2126 973 2183 eorum
1009 2129 1275 2198 utilitate,
1314 2126 1483 2187 titulis
1505 2142 1555 2187 et
1598 2135 1715 2188 edi-
1760 2144 1761 2147 ‘

213 2196 469 2253 tionibus.

214 2308 491 2365 Caeterum
523 2310 576 2365 hi
608 2311 755 2377 libri,
783 2313 1153 2384 quamtumvis
1182 2312 1475 2370 adulterini
1514 2314 1718 2371 fuerint

146 2409 197 2456 et
241 2403 515 2474 corrupti,
554 2402 622 2458 ad
670 2420 769 2460 nos
792 2412 973 2460 tamen
1022 2408 1212 2477 quales
1261 2408 1330 2462 ab
1371 2416 1594 2465 auctore
1616 2424 1718 2465 suo

146 2494 334 2564 scripti
367 2494 586 2552 fuerant
620 2512 725 2552 non
760 2512 1074 2568 pervenere.
1104 2498 1246 2555 Nulli
1271 2501 1536 2572 siquidem
1571 2517 1718 2558 nunc

146 2596 446 2643 occurrunt
475 2604 663 2644 eorum
699 2588 869 2645 Graeci
900 2591 1118 2648 codices
1149 2594 1540 2665 manuscripti,
1577 2610 1717 2666 quos

147 2696 245 2737 suo
276 2688 523 2751 tempore
554 2680 863 2752 frequentes
897 2682 1067 2739 fuisse
1124 2682 1353 2739 Butinus
1380 2683 1718 2757 Photiusque

147 2780 421 2828 testantur
442 2772 488 2804 ⁸⁸
526 2789 539 2825 :
574 2773 744 2828 solam
778 2773 1041 2830 habemus
1074 2774 1237 2845 hujus
1262 2775 1444 2846 operis
1469 2774 1717 2832 Latinam

147 2863 454 2919 versionem
476 2862 681 2929 lluttni,
714 2864 807 2934 qui
852 2865 1061 2935 plures,
1107 2874 1167 2920 ut
1202 2866 1535 2936 monuimus,
1565 2867 1717 2923 locos

150 2969 205 3008 se
233 2954 512 3020 omisisse,
560 2969 658 3010 nec
706 2954 896 3012 Latine
931 2956 1158 3012 reddere
1202 2958 1441 3013 voluisse
1486 2958 1718 3029 ingenue

150 3044 435 3101 confessus
464 3051 568 3103 est.
608 3045 674 3101 Et
702 3062 761 3103 re
786 3048 1005 3118 quidem
1039 3065 1163 3105 vera
1206 3048 1507 3127 Cotelerius
1539 3053 1593 3107 in
1619 3068 1716 3109 sua

152 3135 340 3191 horum
371 3137 635 3195 librorum
655 3138 894 3197 editione
924 3156 989 3196 ex
1022 3141 1197 3198 tribus
1221 3158 1353 3199 mss.
1387 3142 1713 3214 Sorbonico,

151 3223 409 3285 Thuaneo
437 3271 451 3298 ,
487 3237 541 3286 et
585 3230 978 3288 Candeleriano
1028 3234 1269 3290 restituit
1326 3235 1711 3307 fragmentum,

1817 658 2035 729 quando
2056 658 2199 714 enim
2219 655 2499 713 Clementis
2524 655 2842 729 Recognitio,
2864 658 2949 714 vel
2967 655 3381 728 Recognitiones,

1819 748 2104 806 Clementis
2130 747 2505 815 Itinerarium,
2533 748 2664 804 liber
2694 747 3009 805 ltinerarists
3035 748 3384 805 Prwdicatio-

1820 841 1901 895 nis
1941 839 2110 907 Petri,
2150 840 2429 895 Clementis
2468 850 2634 912 gesta,
2664 841 2746 896 vel
2785 840 3048 908 Historia,
3091 851 3183 897 aut
3218 839 3386 898 Chro-

1819 932 1960 994 nica,
1990 932 2074 987 vel
2111 930 2393 1000 Narratio,
2437 932 2730 1003 aliquando
2774 948 2903 989 vero
2943 932 3084 987 Petri
3142 934 3383 1003 Pericli,

1817 1025 1901 1079 vel
1932 1022 2220 1088 Circuitus,
2246 1024 2328 1078 vel
2354 1023 2805 1092 ltinerarium,vel
2830 1024 2992 1079 Actus
3021 1026 3383 1096 appellantur.

1818 1116 1858 1171 li
1892 1132 2057 1188 porro
2086 1132 2151 1171 ex
2192 1117 2405 1172 duobus
2450 1132 2585 1175 mss.
2640 1132 2764 1173 cum
2822 1119 2991 1173 variis
3042 1133 3385 1176 summorum

1818 1210 2179 1279 quorumdam
2208 1207 2521 1279 pontificum
2573 1209 2851 1279 epistolis,
2905 1218 3131 1265 curante
3177 1208 3386 1268 Joanne

1822 1300 2109 1365 Sichardo,
2156 1316 2298 1355 anno
2336 1300 2473 1356 1526
2500 1301 2639 1372 typis
2674 1302 2803 1357 editi
2829 1313 2973 1358 sunt.
3001 1300 3192 1358 Postea
3221 1302 3384 1358 Lam-

1818 1392 2005 1448 bertus
2064 1390 2329 1447 Gruterus
2377 1391 2682 1448 Venradius
2733 1392 2951 1450 eosdem
3010 1410 3203 1451 rursus
3244 1395 3387 1466 typis

1818 1484 2059 1549 excudit,
2093 1484 2336 1554 atquein
2364 1484 2444 1539 eis
2489 1485 2735 1555 quaedam
2776 1500 2835 1540 se
2877 1485 3195 1541 emendasse
3236 1486 3388 1541 aftlr-

1820 1583 1951 1630 mat.
2016 1573 2217 1630 Verum
2269 1591 2392 1631 cum
2440 1576 2530 1631 ille
2572 1574 2672 1633 has
2713 1576 3118 1631 emendationes
3167 1592 3273 1633 non
3319 1592 3387 1633 ex

1819 1667 2212 1739 manuscriptis
2246 1684 2303 1723 se
2331 1668 2579 1724 hausisse
2608 1667 2827 1734 dixerit,
2858 1684 2951 1725 eas
2977 1668 3092 1723 suis
3117 1668 3385 1726 duntaxat

1820 1759 2157 1829 coniecturis
2181 1760 2395 1815 videtur
2424 1748 2593 1816 fuisse
2619 1768 2922 1817 assecutus.
2971 1760 3048 1815 Ex
3077 1761 3178 1816 hac
3205 1772 3386 1822 tamen

1819 1850 2059 1907 editione
2103 1851 2161 1906 in
2210 1852 2538 1907 Bibliotheca
2583 1850 2921 1923 Lugdunettsi
2956 1852 3009 1906 hi
3040 1851 3163 1907 libri
3195 1867 3388 1907 rursus

1748 1944 1790 2010 Β
1820 1942 2009 1999 emissi
2036 1952 2167 1999 sunt
2192 1942 2247 1998 in
2284 1943 2483 1999 lucem.
2526 1943 2831 2000 Cotelerius
2876 1953 3055 1999 autem
3094 1945 3217 2001 illos
3262 1961 3386 2002 cum

1817 2036 2077 2107 Operibus
2119 2034 2366 2103 Patrum,
2413 2036 2507 2107 qui
2554 2037 2893 2107 temporibus
2934 2037 3251 2109 apostolicis
3290 2036 3389 2093 llo-

1818 2138 2068 2195 ruerunt,
2098 2127 2365 2201 publicari
2403 2129 2601 2226 voluit,
2657 2128 2907 2200 hancque
2951 2130 3242 2186 editionem
3284 2144 3387 2201 ope

1819 2236 1915 2277 sex
1967 2236 2099 2277 mss.
2134 2222 2424 2287 codicum,
2474 2218 2738 2276 So'rhonae
2775 2222 3055 2287 nimirum,
3100 2218 3385 2287 Thuaneo,

1820 2310 1965 2367 Petri
1986 2311 2318 2380 Candeierii,
2370 2310 2555 2383 Regis,
2610 2311 2756 2368 Petri
2797 2311 2981 2377 Petiti,
3024 2320 3078 2369 et
3120 2312 3388 2368 Carmeli.

1820 2413 2001 2459 tarum
2056 2403 2525 2461 Discalceatorum
2578 2420 2637 2461 se
2694 2405 2989 2461 adornasse
3039 2405 3385 2462 testiﬁcatur.

1818 2497 1999 2552 Alium
2028 2504 2288 2568 praeterea
2316 2497 2583 2565 codicem,
2608 2506 2732 2553 ante
2761 2512 2933 2553 annos
2956 2498 3389 2569 quadringentos

1819 2597 2145 2655 exaratum,
2198 2604 2266 2645 ex
2315 2580 2647 2646 bibliotheca
2700 2588 3013 2645 Coibertina
3067 2605 3235 2660 penes
3286 2604 3389 2645 nos

1818 2682 2131 2738 habuimus.

2320 2792 2718 2849 ARTICULUS
2757 2790 2891 2849 Vill.

1818 2885 1898 2943 De
1924 2886 2086 2941 uariis
2116 2886 2171 2939 in
2200 2884 2293 2940 hos
2326 2884 2491 2941 libros
2519 2886 2657 2940 notis
2685 2894 2733 2939 et
2756 2884 3225 2951 observationibus,
3254 2894 3301 2938 et
3324 2881 3388 2941 tle

2070 2956 2193 3012 aliis
2226 2956 2377 3011 libris
2408 2956 2473 3010 ab
2502 2956 2681 3010 eodem
2718 2965 2931 3009 auctore
2959 2952 3137 3011 editis.

1891 3044 2157 3105 Gruterus
2199 3048 2447 3119 quaedam
2498 3048 2554 3103 in
2590 3049 2690 3103 hos
2734 3045 2908 3102 libros
2935 3046 3109 3103 edidit
3154 3046 3385 3111 scholia,

1819 3156 1943 3211 quae
1964 3155 2064 3197 nec
2094 3139 2275 3211 magni
2306 3147 2436 3195 sunt
2458 3139 2740 3204 momenti,
2772 3154 2871 3193 nec
2900 3138 3083 3193 multae
3113 3138 3383 3194 utilitatis.

1822 3232 1889 3290 At
1910 3232 2214 3290 Cotelerius
2256 3232 2530 3290 doctiores
2577 3229 2933 3301 utilioresque
2976 3230 3033 3284 in
3076 3230 3176 3286 hos
3219 3229 3387 3285 libros

151 3321 291 3389 quod
323 3320 459 3377 illud
492 3322 668 3394 ipsum
715 3338 839 3379 esse
886 3332 1061 3395 putat,
1109 3342 1218 3398 quo
1270 3316 1463 3384 auctor
1502 3340 1712 3399 noster,
1745 3308 1787 3368 (ἶ
1820 3326 2043 3397 scripsit
2096 3332 2255 3395 notas
2304 3331 2359 3379 et
2403 3322 2814 3381 observationes
2840 3362 2855 3386 ,
2906 3322 3106 3391 quibus
3146 3320 3387 3377 auctoris

150 3417 286 3469 teste
322 3409 543 3479 Ruﬁno,
590 3413 653 3468 de
689 3416 919 3487 ingenito
968 3416 1073 3472 Deo
1103 3420 1376 3490 genitoque
1420 3420 1714 3491 disseruit;

150 3510 308 3573 atque
338 3502 464 3559 ideo
500 3505 647 3575 quod
675 3506 892 3564 Arianis
923 3507 1149 3575 faveret,
1188 3511 1256 3566 ab
1280 3509 1469 3568 eodem
1516 3512 1715 3569 Rufino

156 3593 222 3649 de
250 3594 524 3651 industria
555 3596 732 3653 fuerat
762 3602 1209 3670 praetermissum.
1262 3602 1529 3660 Praeterea
1561 3606 1606 3662 si
1638 3607 1717 3662 ei-

151 3686 268 3741 dem
316 3685 513 3743 Ruﬂno
556 3687 855 3761 Photioque
886 3692 1017 3748 tldes
1048 3692 1308 3749 habeatur
1344 3734 1359 3758 ,
1386 3694 1439 3750 hi
1476 3696 1599 3751 libri
1648 3698 1716 3753 ab

153 3776 507 3836 Eunomianis
535 3789 589 3837 et
626 3780 861 3846 Arianis,
887 3782 1207 3855 primigenio
1248 3785 1464 3840 illorum
1495 3795 1716 3844 auctore

152 3868 306 3939 longe
329 3872 746 3941 posterioribus,
774 3874 1052 3944 depravati
1080 3885 1209 3931 sunt
1231 3885 1283 3934 et
1315 3878 1623 3935 adulterati.

218 3960 563 4036 Quapropter
610 3966 859 4036 quamvis
908 3966 1070 4023 iidem
1123 3967 1249 4023 libri
1303 3969 1557 4026 maximas
1606 3970 1717 4028 sint

151 4056 521 4129 antiquitatis,
572 4057 748 4113 cautis
788 4066 971 4115 tamen
1036 4058 1503 4133 prudentibusque
1544 4062 1716 4119 oculis

151 4145 359 4219 legendi
388 4156 538 4216 sunt,
581 4149 780 4221 quippe
821 4149 915 4221 qui
961 4151 1032 4207 ab
1072 4152 1141 4209 iis
1186 4153 1281 4226 qui
1315 4169 1533 4214 errores
1584 4172 1715 4214 suos

152 4254 371 4312 quoquo
390 4240 607 4296 tandem
638 4242 801 4298 modo
826 4242 1184 4301 disseminare
1212 4248 1513 4314 tentabant,
1549 4252 1715 4305 variis

151 4332 485 4403 temporibus
550 4344 797 4405 nequiter
861 4339 1107 4409 corrupti
1176 4336 1399 4395 fuerint.
1477 4339 1717 4397 Possunt

152 4430 328 4480 tamen
352 4423 648 4495 aliquibus,
683 4440 792 4481 non
816 4428 1040 4483 omnino
1076 4428 1534 4501 imprudentibus,
1576 4450 1716 4491 non-

151 4515 281 4571 nihil
337 4518 608 4574 utilitatls'
639 4518 845 4575 idcirco
891 4521 1140 4591 adferre,
1189 4524 1335 4595 quod
1385 4524 1716 4584 Christiana

1818 3425 2003 3474 textus
2035 3416 2327 3487 corrigitur
2350 3423 2403 3470 et
2424 3415 2708 3470 enodatur.
2730 3411 2911 3467 Monet
2932 3421 3109 3467 tamen
3134 3410 3386 3481 majorem

1819 3509 2272 3583 Recognitionum
2332 3516 2561 3587 partem,
2606 3504 2745 3577 quod
2790 3503 2859 3558 ad
2904 3503 3162 3556 humanas
3210 3502 3387 3570 potius

1817 3603 2129 3673 disciplinas
2165 3608 2418 3670 spectent,
2463 3615 2622 3671 quam
2664 3599 2733 3652 ad
2783 3595 3117 3667 theologiam,
3149 3595 3287 3649 notis
3318 3594 3387 3648 il-

1818 3694 2105 3750 lustratum
2125 3710 2179 3748 sc
2206 3709 2311 3748 non
2340 3692 2512 3749 ivisse.
2552 3689 2673 3745 Non
2717 3704 2922 3761 paucas
2967 3694 3147 3742 tamen
3205 3686 3262 3740 in
3294 3700 3384 3742 res

1816 3784 2225 3859 philosOphicas
2244 3784 2415 3840 edidit
2439 3782 2962 3839 animadversiones.
2984 3778 3171 3850 Neque
3198 3776 3385 3833 forsan

1814 3877 1923 3934 alia
1951 3876 2107 3950 plura
2138 3876 2209 3932 ab
2233 3891 2299 3932 eo
2329 3876 2617 3932 observata
2652 3873 2949 3930 lectoribus
2991 3872 3175 3927 minus
3200 3877 3386 3927 essent

1812 3969 2056 4042 jucunda
2077 3978 2131 4026 et
2145 3969 2321 4037 utilia,
2345 3970 2392 4026 si
2416 3982 2446 4022 a
2460 3967 2743 4040 proposito
2764 3964 3004 4023 auctoris
3026 3970 3173 4021 textu
3204 3962 3386 4018 rarius

1816 4062 2211 4135 digrederetur.
2648 4050 2652 4055 ’
3022 4046 3026 4051 ’

1888 4153 2068 4211 Unum
2101 4152 2477 4211 his'omnibus
2508 4148 2841 4217 addendum,
2867 4161 3062 4219 nempe
3104 4154 3382 4202 auctorem

1816 4255 2087 4313 nostrum,
2116 4246 2163 4302 si
2188 4245 2351 4301 iidem
2400 4244 2638 4315 aliquam
2682 4248 2975 4308 mereatur,
3015 4238 3200 4310 plures
3245 4236 3383 4292 alios

1814 4354 1882 4395 ex
1913 4338 1982 4396 iis
2007 4339 2128 4410 qum
2156 4354 2185 4393 s
2214 4336 2377 4394 Petro
2404 4335 2652 4392 audierat
2698 4333 2872 4390 libros
2911 4328 3234 4387 confecisse.
3270 4325 3386 4384 llos

1816 4438 1998 4487 autem
2025 4430 2115 4488 ille
2147 4426 2401 4486 accurate
2419 4437 2702 4483 enumerat
2723 4425 2842 4495 (lib.
2888 4438 2928 4490 ι,
2957 4423 3041 4488 ni,
3070 4422 3147 4493 ν),
3179 4417 3381 4473 librum

1815 4520 1892 4577 De
1922 4538 2039 4577 vero
2075 4520 2367 4593 Propheta,
2405 4519 2605 4576 librum
2659 4515 2737 4572 De
2778 4512 3129 4587 prteﬁnitione
3178 4508 3292 4574 Dei,
3322 4512 3380 4563 et

152 4606 426 4680 religionis
454 4602 699 4681 apologis
731 4611 839 4667 sint
869 4620 923 4669 et
952 4613 1216 4684 defensio,
1242 4632 1347 4688 qua
1389 4610 1587 4676 fabula
1612 4636 1712 4691 pa-
1747 4618 1999 4709 Ddecern
2020 4616 2157 4671 alios
2187 4615 2255 4671 ab
2294 4614 2479 4678 editis,
2530 4608 2965 4709 Rec°9"‘“°_’f“"‘
3002 4606 3381 4709 ""“gflf’f‘

151 4715 435 4769 ganorum,
452 4698 778 4770 idololatria,
805 4705 1093 4780 cultusque
1116 4708 1378 4766 falsorum
1399 4713 1710 4785 numinum,

152 4802 307 4865 atque
334 4809 525 4850 eorum
552 4795 646 4867 qui
676 4798 840 4855 astris
868 4798 1217 4859 inﬂuentibus
1244 4802 1463 4860 fatalem
1503 4804 1713 4863 homini

153 4884 527 4968 necessitatem
564 4888 767 4960 imponi
800 4889 988 4947 dicunt
1020 4933 1036 4961 ,
1066 4902 1285 4950 errores
1326 4895 1715 4968 impugnantur

150 4980 203 5027 et
228 4966 601 5034 destruuntur.
649 4978 759 5038 Nec
804 4984 969 5042 etiam
996 4984 1217 5043 inutiles
1242 4966 1467 5044 omnino
1488 4966 1567 5045 iis
1592 5004 1715 5047 esse

152 5075 401 5135 poterunt
434 5071 527 5141 qui
562 5072 741 5129 varias
784 5066 1233 5149 philosophorum
1272 5080 1577 5150 opiniones,
1614 5096 1713 5136 va-

150 5156 256 5215 rios
296 5160 638 5219 diversorum
682 5168 1009 5239 populorum
1046 5186 1228 5229 mores
1262 5173 1716 5229 consuetudines-

152 5265 251 5319 que
328 5263 495 5327 atque
559 5257 884 5331 allegoricus
944 5260 1255 5320 fabularum
1325 5265 1715 5338 explicationes

152 5345 418 5404 voluerint
448 5349 749 5410 addiscere.
1378 5354 1381 5357 ’

184 5436 187 5439 ’
221 5438 311 5497 His
352 5441 509 5500 libris
548 5453 602 5501 et
650 5445 705 5501 in
755 5450 1145 5522 manuscriptis
1183 5452 1500 5523 codicibus,
1560 5452 1714 5513 etab

219 5596 261 5629 “
297 5594 354 5653 in
386 5598 642 5666 Biblioth.
672 5603 797 5661 cod.
821 5604 926 5661 ΗΞ
951 5613 1006 5663 et
1037 5606 1159 5665 H3.

1818 4723 1940 4765 rum
1962 4709 2171 4785 singula
2194 4708 2394 4779 promit
2414 4711 2732 4778 argumenta
2759 4720 2772 4757 :
2795 4701 2932 4755 alios
2962 4704 3142 4751 autem
3169 4691 3384 4748 libellos

1816 4820 1885 4861 ex
1926 4802 2071 4860 Petri
2122 4802 2189 4859 ad
2223 4792 2621 4872 discipulorum
2662 4808 2886 4852 suorum
2919 4791 3263 4856 ‘interrogata
3294 4796 3383 4837 re-

1818 4898 2035 4969 sponsis
2066 4896 2418 4967 compositas.
2449 4890 2641 4947 Utrum
2669 4899 2851 4945 tamen
2881 4884 2936 4939 hi
2962 4882 3085 4938 libri
3114 4880 3168 4934 in
3204 4877 3381 4969 lucem

1819 4964 2112 5062 aliquando
2170 4964 2357 5043 emissi
2410 4973 2615 5041 fuerint
2668 4980 2753 5035 vel
2805 4990 2946 5031 vana
3002 4964 3382 5027 tantummodo

1820 5080 2105 5138 mendacis
2130 5078 2413 5151 scriptoris
2440 5074 2804 5132 ostentatione
2844 5069 2967 5124 ficte
3006 5062 3380 5151 fallaciterque

1816 5172 2190 5238 venditentur,
2217 5150 2273 5227 in
2297 5169 2522 5227 dubium
2568 5166 2762 5222 merito
2797 5156 3040 5218 revocari
3080 5157 3278 5226 potest.
3310 5150 3380 5201 At

1817 5266 1863 5323 si
1889 5265 2183 5337 aliquando
2210 5261 2529 5337 prodierunt
2558 5260 2613 5315 in
2634 5256 2935 5329 publicum,
2960 5248 3017 5304 hi
3061 5260 3172 5301 non
3196 5240 3381 5298 minus

1740 5348 1743 5355 ’
1816 5376 1981 5434 quam
2010 5360 2086 5416 illi
2114 5359 2181 5416 de
2220 5357 2422 5430 quibus
2466 5354 2730 5410 hactenus
2778 5341 3208 5419 disputavimus,
3249 5347 3381 5406 sup-

1818 5455 1981 5534 positi
2014 5461 2217 5512 suntet
2245 5444 2554 5508 aduiterini.
