4050 6336
702 414 840 471 1187
1558 413 1613 471 S.
1655 413 2051 472 CLEIENTIS
2087 414 2107 470 l
2146 415 2301 473 ROI

2370 415 2554 474 ΡΟΝΤ.
2599 414 2826 474 OPERA
2866 415 3092 475 DUBIA.
3835 416 3969 470 “83

1326 701 1436 816 J.
1541 701 1668 812 B.
1756 697 2524 816 COTELERII
2607 698 3288 818 JUDICIUM

1741 924 1830 979 DE
1890 923 2121 998 LIBRIS
2182 923 2846 984 RECOGNITIONUH.

1396 1084 1612 1156 (Patres
1636 1087 1936 1157 apostolici,
1961 1092 2003 1140 t.
2029 1084 2071 1151 1,
2101 1100 2156 1158 p.
2189 1085 2316 1152 490,
2345 1079 2769 1142 ed.Amstaelod.
2794 1084 2955 1150 ηει,
2987 1083 3199 1158 in-fol.)

756 1385 1030 1452 Quantum
1061 1398 1128 1440 ex
1155 1401 1214 1441 re
1242 1400 1382 1456 Ipsa.
1414 1393 1656 1440 veterum
1697 1387 2046 1453 testimoniis,
2076 1401 2139 1443 ac
2164 1403 2254 1444 re-
2286 1392 2329 1450 Α
2363 1384 2641 1442 Chronicis
2700 1381 3007 1445 Clementis.
3076 1384 3308 1443 Ruﬁnus
3365 1401 3495 1442 vero
3551 1403 3836 1458 perorans
3889 1385 3954 1441 ad

686 1479 990 1531 centiorum
1017 1477 1239 1546 iudiciis
1259 1478 1514 1548 colligere
1539 1478 1684 1545 licet,
1717 1479 1844 1534 libri
1887 1479 1977 1534 isti
2025 1479 2256 1551 pseudeo
2355 1479 2774 1535 translationem
2811 1495 2967 1536 suam
3024 1478 3554 1535 Commentariorum
3598 1479 3869 1552 Origeuis
3900 1482 3953 1533 in

685 1569 934 1640 pigraphi
957 1579 1084 1626 sunt
1111 1577 1165 1625 et
1196 1569 1512 1641 apocryphi,
1538 1571 1779 1626 secundo
1804 1570 2003 1627 saeculo
2033 1585 2257 1642 compo-
2356 1569 2654 1643 Epistolam
2679 1572 2747 1627 ad
2773 1569 3049 1627 Romanos
3083 1586 3189 1628 non
3219 1572 3436 1642 quidem
3452 1571 3611 1640 juxta
3647 1572 3948 1632 editiones,

683 1661 832 1716 sitia
861 1663 980 1717 viro
1001 1663 1162 1717 docto
1190 1663 1408 1733 quidem
1437 1663 1594 1732 juxta
1636 1678 1702 1718 ac
1740 1663 1967 1724 diserto.
1988 1663 2084 1720 sed
2127 1663 2253 1734 pbi-
2355 1679 2544 1719 verum
2570 1679 2638 1720 ex
2668 1664 2878 1735 Optimo
2908 1679 3012 1720 ms.
3063 1663 3404 1720 bibliothecas
3442 1663 3714 1728 Thuante,
3748 1666 3840 1720 sic
3873 1664 3950 1719 lo-

683 1752 912 1824 losopbo
968 1755 1140 1825 magis
1198 1763 1253 1810 et
1314 1754 1589 1826 pbilologo
1645 1770 1809 1826 quam
1867 1755 2142 1826 tbeologo,
2196 1753 2253 1808 in
2356 1757 2580 1828 quitur:
2609 1755 2744 1812 Post
2799 1756 2896 1811 hoc
2948 1771 3080 1811 sane
3127 1767 3278 1812 vocat
3324 1773 3417 1812 nos
3451 1773 3603 1826 opus,
3635 1757 3787 1828 quod
3822 1757 3946 1812 oliui

680 1847 1059 1919 excogitandis
1112 1855 1292 1903 autem
1333 1848 1833 1919 connectendisque
1875 1848 2016 1903 ﬁctis
2058 1859 2250 1902 narra-
2355 1850 2564 1921 quidem
2605 1850 2900 1915 iniunctum
2941 1859 3041 1913 est.
3089 1849 3180 1905 sed
3231 1867 3369 1904 nunc
3393 1867 3426 1904 a
3455 1849 3605 1904 beato
3639 1849 3945 1904 Gaudentio

679 1941 924 1995 tionibus
965 1941 1126 2012 plane
1180 1941 1323 1996 rudi.
1369 1939 1530 2012 Isque
1599 1939 1818 1996 videtur
1867 1941 2253 2012 plerarumque
2352 1944 2595 2012 episcopo
2641 1942 2986 1998 vehementius
3018 1950 3348 2014 perurgetur,
3404 1939 3698 1998 Clementis
3738 1943 3943 1998 scilicet

679 2041 776 2088 aut
803 2035 996 2089 saltem
1021 2032 1384 2104 quorumdam
1415 2033 1850 2104 apocryphorum
1874 2047 2093 2103 parens,
2130 2047 2252 2103 quas
2354 2036 2584 2091 Romani
2634 2038 2884 2106 episcopi,
2939 2038 3305 2105 apostolorum
3353 2031 3557 2090 comitis
3615 2051 3684 2089 ac
3727 2052 3945 2090 succes-

681 2140 881 2180 nomen
930 2124 1076 2179 Petri
1127 2125 1212 2180 vel
1261 2125 1556 2188 Cleme’liis
1607 2125 2011 2197 praeferebant:
2067 2124 2250 2195 qualia
2353 2129 2515 2194 saris,
2545 2128 2609 2183 de
2653 2129 3020 2200 Rccognitione
3063 2127 3206 2198 libri,
3250 2138 3306 2182 ut
3355 2131 3411 2183 in
3438 2127 3695 2183 Latinum
3726 2138 3943 2182 uertan-

678 2217 844 2271 etiam
873 2217 1037 2271 Actus
1071 2215 1239 2280 Petri,
1290 2215 1545 2270 Doctrina
1574 2215 1743 2281 Petri,
1776 2214 2049 2270 Iudicium
2077 2214 2245 2281 Petri,
2354 2232 2458 2277 tur.
2495 2219 2564 2276 In
2608 2237 2710 2291 quo
2763 2237 2935 2292 opere,
2985 2219 3112 2276 bene
3163 2221 3284 2274 novi
3333 2220 3472 2290 quod
3511 2220 3750 2275 laborem
3787 2219 3942 2273 labor

678 2312 1024 2384 Apocalypsis
1070 2330 1165 2370 seu
1213 2312 1478 2368 Revelatio
1521 2311 1690 2378 Petri,
1731 2310 2052 2368 Prtedicatio
2077 2311 2246 2378 Petri,
2352 2313 2706 2384 multiplicata
2748 2323 2890 2368 sorte
2936 2308 3204 2381 suscipiet.
3257 2311 3606 2381 Satisfaciam
3628 2329 3761 2366 sane
3796 2314 3854 2366 in
3883 2328 3940 2364 eo

680 2403 1024 2476 Eeangelium
1087 2404 1256 2471 Petri,
1329 2403 1676 2470 Clementina,
1726 2413 1892 2476 atque
1946 2403 2248 2475 Disputatio
2352 2407 2540 2461 amicis
2583 2407 2731 2462 meis.
2776 2403 2929 2460 Dabo
2985 2406 3142 2460 titulo
3197 2422 3382 2460 nomen
3448 2421 3644 2468 meum,
3698 2405 3938 2460 auctoris

682 2495 829 2552 Petri
868 2507 917 2552 et
969 2498 1206 2567 Apionis.
1265 2497 1475 2564 Quibus
1520 2514 1666 2554 nunc
1702 2499 1841 2554 adde
1862 2514 1927 2554 ex
1952 2507 2247 2569 conspectu
2351 2498 2693 2552 nihilominus
2746 2498 3001 2553 vocabulo
3051 2509 3405 2565 permanente.
3445 2496 3589 2550 Nam
3611 2494 3802 2564 Ruﬁni
3822 2494 3936 2550 Cle-

678 2586 918 2658 Operum
964 2588 1033 2644 R.
1089 2589 1149 2644 Ρ.
1179 2587 1407 2645 Joannis
1463 2589 1742 2646 Michaelis
1797 2587 2076 2649 Vanslebii
2120 2592 2244 2650 ord.
2350 2605 2493 2647 mens
2541 2589 2875 2648 inscribetur.
2911 2591 3138 2648 Accedit
3180 2592 3247 2646 ad
3301 2591 3542 2646 nominis
3584 2590 3937 2651 varietatem,

677 2678 1124 2745 Praedicatorum,
1185 2681 1482 2750 Epistolam
1525 2681 1672 2738 Petri
1700 2683 1769 2738 ad
1793 2681 2108 2742 Clementem
2139 2685 2248 2743 lin-
2279 2747 2308 2753 Α
2350 2683 2522 2740 multo
2571 2684 2798 2753 majoris
2849 2683 3112 2738 momenti
3163 2681 3451 2737 diversitas
3499 2687 3688 2734 textus
3723 2693 3791 2733 ac
3822 2694 3940 2748 pex-

677 2791 782 2846 gua
814 2774 1147 2846 Ethiopica.
1195 2747 1522 2833 Inscribitur
1549 2793 1688 2848 opus
1713 2795 1779 2834 ex
1803 2787 1915 2835 toto
1936 2790 1992 2835 et
2018 2794 2085 2837 ex
2115 2795 2243 2853 par-
2277 2747 2320 2804 Β
2349 2774 2530 2829 venit)
2564 2793 2576 2830 ε
2606 2747 2756 2830 νέτίθ
2805 2774 3005 2847 (ιυίρρθ
3037 2785 3090 2831 ει
3117 2773 3336 2844 miseris
3382 2772 3562 2828 πλοάίε
3601 2771 3933 2834 distractus.

676 2869 848 2932 tibus,
901 2868 1064 2940 idque
1119 2870 1202 2924 vel
1243 2884 1272 2922 a
1302 2870 1604 2936 Clemente,
1652 2872 1737 2927 vel
1785 2889 1816 2927 a
1843 2872 2026 2930 Petro.
2051 2875 2094 2930 A
2123 2875 2246 2932 Cle-

2347 2867 2580 2931 divisus,
2637 2867 3020 2938 interpolatus,
3079 2873 3297 2930 auctus,
3346 2864 3612 2924 minutus.
3677 2862 3933 2931 atquein

676 2967 864 3014 mente
909 2967 1157 3024 vocatur,
1216 2959 1498 3016 Clementis
1545 2960 1940 3036 Recognt'tiones
1981 2973 2038 3021 et
2091 2963 2247 3022 Reco.
2346 2959 2730 3030 compendium
2781 2960 3036 3014 redactus
3086 2957 3210 3025 fuit,
3239 2972 3340 3013 nec
3369 2973 3479 3012 non
3512 2972 3611 3027 per
3638 2955 3936 3010 haereticos

673 3053 880 3122 gnitio;
909 3051 1196 3107 Clementis
1273 3051 1640 3120 Itinerarium,
1719 3053 1900 3122 Gesta,
1981 3054 2244 3122 Historia,
2347 3060 2660 3122 corruptus,
2685 3050 2909 3106 insertis
2935 3048 3124 3104 multis
3163 3048 3490 3112 erroribus;
3521 3061 3758 3116 quorum
3807 3061 3936 3116 Pal"

677 3142 953 3208 Historia},
986 3143 1250 3200 Chronica
1282 3187 1298 3209 ,
1325 3154 1378 3201 et
1405 3145 1660 3202 Clemens.
1684 3145 1730 3201 A
1754 3142 1939 3214 Petro,
1972 3146 2120 3206 Petri
2144 3150 2247 3205 Pe-
2346 3149 2451 3203 tem
2508 3147 2700 3203 tollere
2747 3146 2902 3200 labor
2959 3144 3172 3200 exstitit
3195 3158 3323 3198 cum
3369 3140 3550 3197 Ruﬁni
3582 3140 3933 3210 interpretis,

673 3236 814 3290 riodi
857 3244 912 3292 et
957 3237 1300 3292 Itinerarium
1332 3255 1351 3303 ;
1382 3236 1532 3293 Petri
1561 3242 1745 3308 Actus,
1781 3256 1878 3312 per
1910 3237 2244 3298 Clementem
2344 3241 2458 3296 tum
2479 3241 2624 3296 illius
2655 3239 2750 3310 qui
2781 3235 3064 3309 Epitomen
3096 3237 3247 3292 fecit.

672 3329 904 3392 scilicet,
939 3331 1028 3384 alii
1059 3331 1128 3385 ab
1157 3331 1383 3386 Actibus
1433 3331 1580 3388 Petri
1639 3335 1795 3404 quasi
1825 3331 1988 3390 Petro
2018 3344 2240 3403 actore;
2415 3330 2596 3388 Ruﬁni
2650 3330 2874 3396 Torani,
2915 3331 3050 3394 sive,
3100 3337 3160 3384 ut
3206 3327 3300 3382 alii
3346 3327 3642 3399 appellant.
3674 3325 3928 3388 Turranii.

671 3435 724 3478 et
753 3423 1055 3492 Disputatio
1087 3425 1233 3479 Petri
1262 3443 1380 3479 cum
1407 3426 1627 3496 Apione,
1685 3434 1832 3484 recte
1856 3430 1998 3484 enim
2023 3437 2246 3500 putatur
2348 3425 2623 3489 Torannii,
2694 3423 2949 3479 Turranii
2969 3461 2983 3488 ,
3050 3422 3328 3493 Tyrannii,
3379 3436 3504 3476 esse
3544 3418 3929 3490 pretationem

674 3528 800 3582 pars
826 3528 950 3569 esse
983 3515 1185 3584 operis.
1235 3516 1416 3571 Codex
1461 3515 1786 3574 Oxoniensis
1817 3537 1830 3573 :
1863 3517 1929 3576 B.
1957 3517 2242 3576 Clementis
2344 3534 2468 3574 cum
2500 3517 2748 3588 sequenti
2775 3519 3024 3572 versione
3067 3515 3244 3586 stylus
3273 3515 3492 3579 clamat,
3516 3512 3929 3582 ostenduntque

675 3604 897 3659 Romani
934 3604 1279 3661 Itinerarium
1317 3610 1385 3663 ad
1426 3608 1685 3665 Iacobum
1734 3611 1956 3682 fratrem
2003 3613 2238 3670 Domini.
2345 3609 2680 3675 Gennadius,
2713 3607 3032 3674 Adhelmus,
3086 3607 3410 3664 Anastasius
3441 3604 3925 3666 Bibliothecarius,

670 3697 1088 3753 Carmelitarum
1140 3701 1592 3758 discalceatorum
1638 3705 1694 3759 in
1734 3704 1837 3760 hac
1868 3705 2040 3762 urbe:
2078 3703 2241 3761 Itine-
2343 3711 2506 3774 atque
2537 3702 2653 3772 ipse
2681 3699 2913 3756 Ruﬁnus
2947 3717 2960 3755 :
2993 3700 3236 3770 itemque
3285 3698 3733 3753 Excalceatorum
3789 3695 3927 3751 Car-

670 3788 874 3840 rarium
899 3787 962 3842 Cl
974 3791 1199 3845 ’mentt's.
1229 3789 1574 3848 Bibliotheca:
1611 3792 1885 3851 Thuaneaa
1916 3815 1930 3853 :
1958 3795 2114 3852 Liber
2135 3797 2239 3852 lti-
2342 3795 2649 3850 inclitarum
2682 3793 2840 3856 liber,
2873 3791 2964 3862 qui
2989 3791 3070 3846 sic
3110 3789 3302 3860 incipit
3337 3807 3351 3844 :
3404 3787 3586 3850 Ruﬁni
3632 3787 3925 3858 presbyteri

669 3880 912 3934 nerarius
948 3881 1357 3938 Prcedicationis
1386 3883 1552 3939 Petri.
1591 3885 1692 3941 Ms.
1731 3885 1797 3942 ν.
1828 3889 1898 3942 cl.
1930 3888 2075 3944 Petri
2103 3892 2241 3946 Can-
2341 3887 2587 3956 prwfatio
2616 3885 2682 3938 ad
2724 3883 3074 3940 Gaudentium
3129 3884 3425 3952 pontiﬁcem
3477 3883 3532 3936 in
3575 3878 3922 3934 Itinerarism

667 3971 858 4027 delerii
894 3993 907 4028 :
959 3972 1118 4028 Cesta
1178 3975 1486 4033 Clementis.
1545 3977 1709 4050 Regis
1754 3979 2234 4049 Christianissimi,
2343 3974 2644 4043 Clementis,
2672 3978 2814 4031 abeo
2835 3992 2898 4031 ex
2928 3975 3108 4031 Greco
3135 3977 3186 4030 in
3223 3974 3472 4029 Latinum
3503 3989 3831 4036 conversum.
3859 3972 3920 4026 Ει

668 4071 722 4117 et
748 4061 1009 4119 Sorbonte
1047 4074 1272 4131 nostrae,
1301 4076 1464 4133 atque
1509 4068 1655 4126 Petri
1702 4069 1863 4127 Petili
1915 4076 2235 4146 typographi
2267 4097 2310 4154 ο
2343 4080 2468 4142 post
2502 4071 2898 4142 praelationem,
2935 4069 3344 4137 Clementisque
3375 4066 3440 4121 ad
3473 4064 3741 4120 Jacobum
3804 4064 3916 4132 epi-

667 4156 842 4225 regii:
873 4155 1116 4210 Historia
1165 4156 1469 4217 Clementis.
1518 4161 1677 4218 Liber
1729 4164 2108 4222 Monacbensis
2152 4169 2234 4222 bi.
2343 4164 2563 4227 stulam,
2589 4165 2852 4233 scriptum
2879 4163 3044 4217 habet
3078 4160 3394 4217 :Itinerarii
3438 4157 3725 4213 Clementis
3777 4155 3918 4209 Petri

667 4245 992 4302 bliothecaez
1027 4247 1084 4304 S.
1132 4249 1390 4323 Martyris
1447 4251 1728 4309 Clementis
1786 4259 2014 4327 episcopi
2055 4261 2235 4317 Romw
2343 4257 2568 4325 apostoli
2630 4256 2946 4310 successoris
3013 4253 3144 4308 liber
3183 4254 3386 4323 primus
3445 4251 3632 4320 incipit
3663 4267 3696 4301 a
3731 4247 3912 4317 Ruﬁno

670 4337 726 4392 S.
760 4337 909 4395 Petri
933 4340 1182 4410 discipuli
1211 4341 1469 4399 Narratio
1518 4348 1682 4402 missa
1723 4348 1792 4402 ad
1828 4348 2086 4406 Iacobum
2121 4355 2236 4422 fra-
2344 4347 2634 4401 traductus.
2668 4347 2821 4412 Quod
2852 4347 2897 4403 si
2926 4345 3051 4416 quis
3090 4345 3346 4415 objecerit
3393 4343 3680 4412 epistolam
3711 4339 3911 4395 Paulini

668 4438 798 4484 trem
831 4431 1065 4496 Domini.
1091 4437 1386 4506 episcopum
1439 4438 1947 4511 Hierosolymorum.
1996 4443 2235 4502 Joannes

2339 4442 2430 4505 47,
2464 4441 2510 4495 is
2540 4455 2862 4510 responsum
2909 4439 3040 4494 feret
3067 4454 3168 4494 nec
3196 4439 3342 4493 illam
3387 4452 3512 4492 esse
3552 4435 3794 4490 indubia!
3826 4452 3911 4489 au-

665 4519 1040 4580 Antiochenus
1076 4527 1130 4580 in
1158 4527 1473 4598 Appendice
1525 4531 1742 4585 concilii
1793 4531 2142 4600 Basileensis,
2176 4535 2231 4590 in
2340 4533 2632 4597 ctoritatis,
2662 4547 2759 4588 nec
2777 4533 2831 4587 in
2849 4547 2913 4587 ea
2952 4531 3282 4587 mentionem
3315 4529 3430 4585 ﬁeri
3461 4527 3909 4600 Recognitionum.

668 4707 3908 4739 Mm

1420 4917 1602 5034 DE
1680 4920 2349 5040 AUCTORE
2429 4923 3140 5039 ANONYMO

1182 5156 2199 5255 RECOGNITIONUM
2276 5159 3372 5254 CLEMENTINARUM.

655 5321 658 5324 ﬁ
740 5343 1063 5419 (Gutum,
1119 5345 1234 5404 Vet.
1287 5349 1442 5407 Patr.
1499 5353 1566 5417 ll,
1623 5368 1798 5419 nm,
1835 5368 1899 5407 ea:
1953 5351 2514 5495 Ilistorizlfititgrpria
2545 5353 2866 5424 Aquileiensi
2900 5353 2965 5410 γ.
2997 5354 3057 5411 C.
3088 5352 3230 5410 Justi
3275 5349 3597 5422 Fontanini,
3647 5353 3748 5411 lib.
3795 5377 3845 5420 ν.

2249 5467 2263 5480 .
2371 5455 2408 5495 .,

2249 5467 2263 5480 ο
2301 5455 2408 5495 ιυσΙ

1853 5699 2224 5760 ΞΥΝΟΡΞΙΞ
2258 5700 2634 5762 CAPlTL‘M.

733 5808 775 5886 ξε
807 5811 842 5862 Α
856 5822 1017 5886 actor
1031 5811 1449 5883 Recognitionnm
1481 5818 1779 5886 inquiritur.

737 5877 796 5937 υ.
853 5882 1097 5948 Ejusdem
1134 5877 1263 5939 tatas
1295 5877 1564 5945 statuitur.
1607 5888 1712 5943 Cur
1740 5906 1863 5947 opus
1891 5893 2038 5944 titulo
2070 5890 2490 5962 Rccognitionum
2528 5893 2853 5963 inscriptum.
