4050 6336
685 440 815 497 1191

1530 433 1585 491 S.
1627 430 2020 489 CLEMENTIS
2059 431 2075 485 1
2118 430 2279 484 11031.
2320 429 2520 486 ΡΟΝΤ.
2562 428 2780 484 01³111.)
2828 429 3039 483 DUBIA.

3786 429 3926 483 1192

681 572 790 613 non
823 552 1032 621 ioquor.
1068 547 1288 619 (Verum
1318 547 1422 601 hac
1456 549 1521 603 de
1552 565 1608 604 re
1649 562 1769 602 mox
1802 548 2067 617 agendum
2111 546 2136 618 ᾗ
2174 563 2243 609 γι,
2274 558 2319 613 Α
2349 549 2463 616 quis
2506 548 2750 615 fallatur,
2806 544 3064 612 ejusmodi
3116 542 3225 594 lta'c
3284 550 3403 594 sunt
3448 542 3683 596 numeris
3733 557 3926 598 notata

679 646 772 699 ubi
805 644 871 698 de
902 640 1080 694 Rufini
1138 639 1385 693 versione
1443 637 1679 706 Latina.)
1741 636 2007 692 Caeterum
2041 636 2138 689 hos
2170 636 2232 687 li-

678 736 829 798 bros,
881 744 1188 801 quanquam
1243 728 1580 796 apocryphos,
1636 727 1689 782 id
1739 733 1821 782 est
1877 726 2105 796 publica:
2138 740 2231 778 au-

678 821 955 876 ctoritatis
986 824 1256 887 expertes,
1288 832 1410 871 cum
1442 818 1551 871 sint
1574 817 1820 870 maxima:
1863 814 2227 883 antiquitatis,

674 929 781 967 non
839 926 1031 981 parum
1084 908 1291 963 fructus
1353 909 1555 962 idcirco
1605 908 1818 962 adferre
1876 922 2058 975 posse,
2108 921 2227 960 cum

673 1003 921 1073 Nourryo
968 1000 1081 1071 (29)
1136 1000 1421 1055 sentimus.
1502 998 1635 1052 Nam
1714 998 2042 1053 Christianae
2108 998 2230 1053 reli-

670 1094 845 1163 gionis
891 1092 1148 1159 Apologia
1180 1099 1344 1155 sunt;
1375 1097 1428 1143 et
1463 1089 1747 1159 gentilium
1779 1088 1991 1152 fabulas,
2021 1088 2231 1143 cultus—

671 1201 778 1255 que
834 1183 1062 1245 ethnici,
1112 1180 1317 1249 fatique
1364 1190 1699 1236 assertorum
1750 1196 1985 1241 errores,
2046 1180 2101 1234 in
2146 1182 2229 1235 eis

668 1275 996 1330 refutantur.
1028 1273 1211 1344 Neque
1240 1275 1429 1328 inutile
1460 1290 1596 1343 opus
1624 1274 1690 1327 iis
1729 1288 1849 1327 esse
1883 1272 2101 1341 poterit,
2135 1273 2228 1342 qui

669 1364 1116 1434 philosophorum
1175 1364 1480 1433 opiniones,
1541 1363 1781 1432 gentium
1844 1376 2044 1423 mores,
2096 1376 2228 1413 con-

668 1452 983 1507 suetudines
1031 1452 1455 1521 allegoricasque
1482 1451 1786 1505 fabularum
1838 1452 2229 1521 explicationes

667 1545 809 1598 scire
842 1543 1132 1597 voluerint.
1167 1541 1273 1597 Nec
1306 1558 1435 1597 sane
1468 1542 1626 1597 facile
1671 1552 1817 1597 esset
1871 1543 2100 1611 plurima
2125 1542 2229 1595 La-

672 1633 910 1686 tinorum
968 1634 1085 1686 loca
1146 1634 1469 1704 intelligere,
1535 1634 1582 1689 si
1630 1634 1713 1689 his
1768 1632 2228 1702 Recognitionibus

664 1738 995 1779 careremus.
1040 1722 1151 1778 Hoc
1195 1724 1353 1777 etiam
1405 1724 1604 1778 fatetur
1648 1734 1838 1779 auctor
1894 1723 2227 1795 praafationis

667 1813 734 1867 ad
766 1830 960 1869 novam
1005 1813 1261 1870 Cotelerii
1310 1815 1625 1879 editionem,
1675 1816 1768 1885 qui
1818 1816 1952 1872 alias
1984 1817 2051 1871 de
2074 1831 2225 1871 more

666 1918 768 1958 suo
800 1918 905 1957 non
943 1919 1114 1973 pauca
1155 1919 1436 1974 perperam
1470 1904 1627 1961 dicit.
1684 1904 1974 1962 Librorum
2020 1909 2229 1979 analysi
2263 1896 2304 1950 Β

668 1994 995 2062 pertexenda
1032 1995 1470 2065 supersedemus,
1536 2012 1661 2051 cum
1692 1998 1744 2053 id
1772 1999 2089 2069 prmstiterit
2120 2000 2237 2055 lau-

665 2084 831 2138 datus
854 2084 1135 2156 Nourryus
1164 2086 1282 2157 (50)
1322 2087 1458 2158 (uide
1487 2089 1688 2160 supra).

738 2176 998 2241 Quamvis
1032 2187 1209 2235 autem
1240 2180 1533 2250 genuinum
1563 2191 1615 2236 et
1643 2179 1963 2251 primarium
1995 2180 2236 2253 Recogni—

669 2267 871 2320 tionum
902 2269 1189 2333 artiﬁcem,
1249 2272 1499 2326 doctrina
1561 2287 1855 2342 rerumque
1894 2273 2155 2329 varietate
2182 2284 2235 2329 et

665 2359 820 2427 copia
854 2359 1133 2415 abundare
1161 2377 1269 2415 non
1312 2362 1671 2429 diﬁlteamur;
1718 2364 2100 2435 philosophum
2151 2373 2235 2418 ta-

666 2463 789 2502 men
820 2464 879 2503 se
906 2450 1156 2517 prodere,
1210 2467 1371 2507 nemo
1423 2467 1529 2506 non
1580 2452 1764 2507 videt:
1814 2461 1871 2507 at
1916 2453 2233 2508 catholicum

664 2546 830 2599 certe.
872 2541 1119 2608 quamvis
1143 2541 1473 2612 philologum
1506 2543 1678 2612 magis
1701 2558 1861 2613 quam
1898 2544 2229 2617 theologum.

664 2626 918 2684 Coteleril
948 2630 1114 2686 verba
1170 2648 1278 2687 non
1310 2633 1618 2703 praeteribo,
1679 2635 1845 2691 totius
1894 2646 2233 2691 commenta-

665 2720 832 2775 tionis
878 2730 1200 2792 argumenta
1230 2724 1497 2794 complexi
1525 2724 1581 2779 in
1612 2740 1725 2781 suae
1749 2726 2006 2782 editionis
2036 2726 2231 2797 praefa-

665 2810 837 2874 tione,
898 2812 989 2866 ubi
1040 2820 1196 2867 vocat
1246 2823 1525 2884 syntagma
1572 2815 1894 2885 theologicis,
1940 2815 2226 2881 historicis,

664 2901 1037 2973 philosophica
1066 2914 1115 2957 et
1147 2906 1477 2976 astrologicis
1508 2905 1660 2961 rebus
1691 2908 1962 2981 refertum.
1995 2908 2231 2963 Accedat

665 2996 827 3050 etiam
854 2995 1128 3061 Barthius,
1152 2998 1247 3067 qui
1281 2998 1453 3055 libros
1491 2998 1567 3051 ait
1599 2982 1709 3068 (51)
1742 2998 1987 3069 antiquos
2029 3007 2229 3065 esse,et

666 3086 923 3139 bonarum
947 3103 1121 3141 rerum
1176 3088 1373 3156 plenos.
1432 3087 1661 3143 Eosdem
1710 3073 2082 3157 saepenumero
2106 3091 2229 3144 illu-

665 3184 840 3240 strat,
896 3184 952 3232 et
1008 3178 1121 3232 acri
1167 3180 1329 3233 etiam
1387 3192 1620 3234 censura
1677 3178 2029 3249 perstringit,
2084 3192 2226 3235 ortus

2344 639 2453 691 suis
2480 638 2627 691 locis.
2664 647 2719 688 ut
2744 640 2859 704 quis
2886 635 3159 689 observare
3206 634 3391 692 possit.
3428 632 3492 686 Hi
3544 633 3684 687 navi
3712 648 3742 685 a
3777 633 3917 687 Gru-

2342 739 2460 795 tero
2490 724 2772 793 explicati,
2823 738 2915 776 sea:
2972 736 3200 776 numero
3230 730 3379 786 sunt,
3418 723 3511 793 qui
3557 723 3703 793 apud
3738 724 3925 794 ipsum

2340 818 2508 871 videri
2540 826 2786 886 possnnt.
2817 816 2896 885 (In
2920 816 3166 871 eamdem
3183 816 3396 871 Gruteri
3422 818 3751 872 sententiam
3770 818 3929 872 vide-

2340 910 2416 962 sis
2453 925 2572 978 quae
2620 909 2852 964 inferius
2880 924 2944 963 ex
2994 907 3220 964 Marano
3264 910 3380 965 viro
3425 912 3752 967 doctissimo
3795 921 3929 968 sunt

2340 996 2618 1061 adnotata,
2651 998 2742 1052 ubi
2781 1014 2960 1054 sermo
2983 998 3045 1051 de
3087 998 3430 1053 Clementinis
3454 1001 3587 1072 (55).
3624 999 3931 1057 Postremo

2338 1089 2457 1143 loco
2482 1089 2841 1159 adjungamus
2871 1088 3117 1159 Hugonis
3158 1090 3331 1145 Grotii
3372 1091 3438 1147 de
3461 1092 3549 1148 his
3576 1093 3740 1149 libris
3767 1094 3917 1162 judi-

2335 1178 2478 1231 cium
2510 1179 2620 1249 (54)
2649 1198 2660 1231 :
2698 1178 3148 1249 Recognitionum,
3212 1180 3319 1243 ait,
3350 1181 3437 1249 qui
3480 1179 3737 1234 dicuntur
3771 1180 3924 1244 libri,

2334 1278 2549 1322 eatenus
2606 1268 2745 1337 apud
2795 1287 2875 1323 me
2932 1271 3125 1331 valent,
3172 1279 3425 1338 quatenus
3477 1272 3727 1323 aliorum
3760 1271 3925 1324 dictis

2336 1370 2646 1429 congruunt.
2679 1360 3008 1439 theroauin
3055 1363 3216 1429 probo
3265 1361 3555 1415 cardinalis
3585 1362 3823 1416 Baronii
3862 1362 3926 1418 de

2336 1454 2399 1506 iis
2428 1452 2705 1522 judicium,
2736 1454 2825 1524 qui
2854 1468 2917 1507 ea:
2968 1453 3285 1521 Epiphanio,
3337 1453 3523 1522 Ruﬁno
3551 1454 3809 1523 aliisque,
3841 1455 3924 1507 di-

2335 1546 2427 1607 cit,
2467 1543 2575 1597 illis
2634 1544 2785 1597 libris
2837 1544 3069 1613 plurima
3117 1545 3281 1615 fuisse
3315 1555 3521 1610 assuta,
3566 1555 3615 1599 et
3666 1546 3814 1599 inter
3864 1564 3925 1600 es

2335 1650 2513 1689 omnes
2539 1636 2663 1689 illas
2694 1635 2907 1705 fabulas
2930 1635 2995 1690 de
3024 1636 3112 1700 iis,
3164 1648 3279 1707 qua:
3317 1636 3579 1693 Ctesarea:
3608 1636 3808 1707 fecisse
3842 1637 3925 1691 di-

2336 1725 2475 1777 citur
2500 1724 2690 1779 Petrus
2720 1734 2907 1780 contra
2935 1724 3222 1781 Simonem.

2406 1817 2671 1873 Creterum
2701 1818 2943 1873 omnium
2994 1816 3165 1874 ferme
3210 1818 3463 1874 ordinum
3509 1818 3920 1875 catholicorum

2333 1909 2630 1976 scriptores
2686 1905 2952 1962 Clementi
3016 1903 3264 1961 Romano
3315 1904 3717 1975 Recogritiones
3761 1904 3923 1975 abiu-

2335 1996 2541 2051 dicant.

2411 2086 2591 2141 Primo
2620 2101 2687 2141 ex
2712 2086 3069 2139 cardinaliunt
3121 2092 3309 2137 senatu
3353 2081 3649 2146 Baronius,
3676 2084 3920 2153 pruden-

2334 2180 2409 2232 tia
2445 2187 2499 2233 et
2530 2179 2794 2247 gravitate
2821 2175 3179 2231 admirandus
3227 2174 3364 2247 (35).
3396 2173 3699 2229 Baronium
3724 2176 3919 2231 subse-

2334 2269 2520 2341 quitur
2549 2269 2905 2323 Bellarminus
2930 2267 3063 2338 (56).

2405 2359 2484 2413 Ex
2516 2360 2700 2413 ordine
2727 2362 3087 2428 episcoporum
3103 2356 3334 2414 Carolus
3356 2355 3561 2413 Bavius
3585 2355 3919 2413 Ostunensis

2336 2454 2565 2507 antistes
2593 2451 2729 2521 (57).

2405 2542 2483 2597 Ex
2559 2542 2743 2597 ordine
2824 2541 3248 2597 Prazdicatorum
3322 2539 3655 2598 Franciscus
3732 2538 3919 2594 Victo-

2332 2632 2415 2686 ria
2465 2631 2601 2703 (58).

2403 2724 2479 2779 Ex
2509 2724 2821 2795 presbyteris
2846 2722 3125 2778 Societatis
3149 2716 3278 2777 Iesu
3299 2721 3626 2778 Benedictus
3660 2722 3921 2778 Penerins

2332 2818 2469 2889 (39),
2495 2816 2733 2872 Joannes
2764 2815 2997 2873 Lorinus
3031 2814 3167 2886 (40),
3200 2813 3458 2871 Nicolaus
3491 2814 3748 2871 Serarius
3776 2814 3916 2886 (41),

2331 2910 2603 2964 Antonius
2631 2907 2967 2965 Possevinus
2996 2906 3134 2978 (42).

2400 2999 2476 3054 Ex
2507 2999 2795 3054 Academia
2822 2996 3135 3053 Lovanicnsi
3180 2996 3422 3055 Joannes
3456 2997 3655 3053 Driedo
3687 2998 3830 3070 (45).

2400 3091 2478 3145 Ex
2522 3092 2808 3146 Academia
2836 3091 3131 3145 Parisicnsi
3182 3090 3390 3147 Natalis
3413 3091 3557 3146 Beda
3587 3092 3726 3164 (44).

2399 3181 2488 3237 IV.
2521 3182 2679 3240 Nunc
2707 3197 2837 3239 vero
2861 3184 2927 3239 de
2966 3181 3160 3237 Latina
3194 3182 3625 3254 Rccognitionum
3651 3184 3914 3240 versione

660 3267 1015 3337 fragmentum
1047 3270 1348 3341 appellans,
1375 3279 1428 3325 et
1455 3270 1645 3327 Latine
1696 3285 2046 3336 conversum,
2106 3287 2228 3329 cum
2258 3256 2298 3312 (ἶ
2334 3275 2623 3345 agendum.
2658 3274 2921 3329 Paulinus
2970 3273 3212 3329 Nolanus
3262 3271 3521 3328 Ruﬁnum
3566 3290 3634 3329 ex
3656 3276 3918 3331 coenobio

663 3359 906 3415 nondum
932 3378 1091 3430 genus
1120 3360 1325 3415 dicendi
1369 3361 1713 3416 barbarismis
1746 3361 2029 3417 admodum
2057 3363 2230 3431 inqui-

662 3460 846 3503 natum
874 3461 1027 3515 esset,
1066 3468 1155 3507 nec
1199 3454 1413 3507 mistam
1447 3454 1575 3507 olim
1614 3451 1898 3508 Gothorum
1926 3462 2018 3507 aut
2043 3454 2229 3507 talium

662 3541 890 3595 illuv'nzm
945 3542 1105 3607 cleat,
1148 3544 1247 3597 etsi
1307 3544 1417 3597 suis
1469 3545 1628 3598 etiant
1680 3545 1838 3598 navis
1890 3561 1993 3599 non
2027 3554 2226 3600 careat.

664 3631 797 3687 Rem
826 3634 1125 3697 concludit,
1159 3634 1409 3689 bonorum
1443 3636 1762 3689 monitorum
1798 3637 1974 3706 gratia
2006 3651 2065 3692 se
2092 3637 2224 3691 talia

662 3723 894 3778 libenter
920 3725 1241 3795 perlegere:
1276 3735 1406 3791 tam,
1448 3726 1645 3798 inquit,
1689 3726 1753 3780 de
1792 3744 1973 3780 eorum
2014 3728 2230 3782 veritate

663 3813 857 3876 securi,
888 3830 1045 3883 quam
1076 3815 1122 3867 si
1147 3814 1445 3884 Apuleium,
1480 3826 1571 3871 aut
1607 3816 1947 3885 Apollonium
1975 3818 2227 3889 aliquem,

648 3902 741 3955 uel
767 3900 1148 3981 Philostratum
1178 3905 1512 3961 volveremus.
1553 3904 1725 3962 Recte
1749 3906 1965 3976 quidem
1996 3906 2072 3961 ita
2101 3923 2230 3962 cen-

664 4000 747 4047 set
776 3991 1029 4050 Barthius
1061 3994 1128 4049 de
1154 3995 1382 4053 veritate
1409 3998 1690 4065 historica,
1722 3998 1769 4054 si
1792 3997 1935 4053 hanc
1957 3996 2229 4054 interdum

663 4092 900 4156 spectes.
923 4083 1041 4140 Non
1073 4087 1147 4143 ita
1202 4087 1271 4143 de
1298 4087 1572 4161 dogmate,
1623 4091 1690 4145 de
1745 4105 1855 4161 quo
1888 4090 2045 4145 aliter
2066 4088 2228 4144 Lam-

661 4176 852 4231 bertns
879 4174 1145 4234 Gruterus
1176 4179 1287 4251 (52)
1318 4198 1333 4235 :
1379 4179 1656 4252 Nusquam
1686 4198 1812 4245 non,
1833 4181 2031 4252 inquit,
2050 4179 2105 4237 in
2132 4178 2228 4234 hoc

670 4267 807 4323 libro
834 4268 1134 4337 defenditur
1163 4271 1380 4327 liberum
1397 4272 1620 4329 hominis
1657 4275 1957 4340 arbitrium,
1984 4274 2229 4343 baptismi

658 4368 709 4414 et
740 4361 1085 4417 eucharistite'
1118 4364 1213 4428 vis,
1256 4366 1535 4421 necessitas
1566 4383 1631 4421 ac
1678 4366 1928 4439 dignitas.
1962 4366 2229 4422 Prwterea

663 4453 877 4507 trinitas
955 4472 1299 4525 personarum
1363 4457 1519 4512 unius
1591 4457 1721 4523 Dei,
1804 4457 2229 4528 providentiaque

664 4552 1000 4600 astruuntur.
1041 4544 1267 4601 Docetur
1292 4546 1413 4603 item
1442 4564 1546 4603 non
1587 4548 1961 4604 contemnenda
1987 4566 2097 4604 esse
2126 4550 2226 4605 mi-

663 4638 852 4689 racula
883 4635 952 4691 ad
981 4646 1275 4707 martyrum
1298 4639 1539 4710 sepulcra
1562 4640 1724 4695 edita.
1754 4638 1858 4695 Sed
1881 4650 2003 4694 sunt
2024 4640 2106 4695 hic
2138 4648 2224 4695 ta-

664 4742 780 4780 men
823 4727 929 4782 loci
955 4728 1189 4799 quidam,
1221 4730 1381 4785 veluti
1426 4731 1581 4798 meai,
1635 4748 1764 4805 quos
1805 4732 1949 4801 pium
1983 4733 2225 4795 lectorem

664 4816 742 4871 vel
766 4826 916 4873 caute
960 4818 1142 4889 legere,
1189 4822 1266 4877 uel
1317 4830 1583 4894 suspectos
1630 4824 1821 4884 habere
1872 4834 2091 4895 oportet.
2145 4822 2227 4879 Ne

735 4951 850 5018 (19»
877 4952 1340 5029 Nuurr.,AAppar.
1399 4958 1468 5013 ad
1497 4958 1641 5017 Bibl.
1682 4958 1826 5025 ΡΡ..
1856 4969 1987 5016 tom.
2034 4958 2077 5025 ι,
2112 4958 2228 5015 Dis-

661 5031 939 5101 scr.t_.nxr,.
960 5032 1065 5080 art.
1099 5027 1303 5101 7,_pag.
1328 5030 1453 5084 225.

741 5091 859 5170 QQ)
886 5090 1114 5170 your-rw
1137 5090 1285 5170 'l.'_c.'.
1310 5114 1432 5170 pag.
1461 5098 1585 5156 211.

738 5162 851 5279 (51)
886 5162 1093 5229 llarth.,
1124 5162 1341 5225 Advers.
1374 5162 1469 5225 lib.
1502 5186 1625 5231 ην,
1654 5184 1774 5239 cap.
1799 5169 1853 5225 5.
1924 5239 1935 5251 .

740 5231 845 5285 152
894 5231 1131 5285 Grttter.-
1160 5238 1370 5285 meat-
1416 5240 1481 5285 ad
1552 5244 1803 5285 (flammis-
1850 5242 1935 5285 edn

740 5231 851 5311 t5?)
894 5231 1371 5303 Gruter.,Pr:efat.
1416 5240 1483 5294 ad
1552 5231 1803 5300 Clement.
1850 5239 1980 5295 edit.
2029 5236 2221 5295 Colon.

660 5296 893 5371 Δίῃ-ιρι).
918 5302 1075 5359 1569.

736 5369 1237 5450 (55)1ιιΡι-ρωω118
1264 5377 1331 5433 ad
1364 5377 1709 5442 Clementiae,
1742 5378 1971 5437 huiusce
2004 5377 2152 5436 Patr.
2181 5387 2221 5435 t.

662 5434 731 5500 11,
764 5442 937 5503 nntio,
973 5442 1128 5499 EDIT.

740 5507 853 5587 (54)
880 5508 1051 5587 ςξτοιη
1079 5514 1214 5587 Opp.
1249 5523 1379 5572 tom.
1412 5516 1500 5579 Ill,
1531 5532 1652 5587 pag.
1684 5517 1809 5572 488.

745 5531 853 5577 (ac)
880 5531 1051 5576 ur01.,
1079 5531 1160 5584 Up
1203 5557 1214 5569 .
1249 5531 1379 5572 tom.
1415 5531 1500 5579 Ill,
1531 5532 1652 5587 pag.
1684 5531 1809 5572 ιδδ.

745 5578 854 5658 (3s)
886 5531 1196 5658 Baron.,_a§
1238 5601 1367 5658 ann.
1393 5588 1480 5653 54,
1508 5587 1533 5658 ς
1562 5602 1766 5642 ccun
1809 5595 2221 5658 eticcxc1;ann.

677 5645 760 5713 11,
796 5645 913 5717 ςχ,
941 5665 1067 5709 ann.
1090 5645 1189 5720 ⁷44,
1233 5656 1259 5727 §
1320 5645 1480 5711 xxxvi
1506 5645 1676 5715 :vann.
1720 5659 1810 5721 51,
1860 5657 1887 5729 §
1925 5645 2221 5727 Lttt;'ann.

675 5716 794 5775 me.
843 5716 868 5785 ᾗ
904 5736 1033 5776 χιιι.

746 5788 855 5871 (5'9)
890 5789 1160 5851 llellarm..
1194 5794 1269 5849 De
1294 5796 1472 5871 script.
1504 5797 1651 5866 eccl.,
1678 5814 1798 5871 pag.
1826 5799 1913 5867 52,
1937 5806 1989 5856 et
2017 5800 2109 5855 lib.
2162 5813 2198 5852 tl

670 5853 744 5911 De
782 5855 925 5914 llam.
962 5872 1126 5931 pont.,
1160 5880 1277 5938 cap.
1300 5866 1353 5927 2.

2330 3363 2507 3419 Pineti
2561 3363 2790 3419 Romam
2822 3365 3050 3429 iturum,
3102 3379 3199 3435 per
3243 3364 3461 3420 litteras
3511 3364 3918 3421 humanissime

2328 3456 2584 3511 salutavit
2615 3456 2752 3529 (45),
2810 3456 3001 3526 gratiis
3056 3456 3233 3511 amico
3289 3456 3514 3520 habitis,
3551 3456 3699 3529 quod
3752 3456 3917 3514 sede

2328 3546 2533 3603 Graecis
2589 3547 2789 3603 litteris
2822 3546 3084 3603 attentius
3128 3547 3507 3616 perdiscendis
3536 3549 3914 3604 commonuis-

2328 3648 2429 3702 set,
2460 3636 3046 3709 'postquamLatinam
3091 3633 3327 3707 Operum
3384 3636 3560 3690 sancti
3610 3633 3915 3691 Clementis

2327 3730 2396 3784 ab
2426 3744 2485 3784 se
2514 3728 2833 3783 adornatam
2881 3726 3200 3791 editionem,
3255 3723 3323 3780 ad
3366 3725 3617 3780 eumdem
3647 3724 3911 3779 Ruﬁnum

2326 3818 2731 3874 transmiserat.
2772 3816 2869 3871 Vir
2890 3824 3116 3872 sanctus
3158 3824 3215 3870 et
3242 3813 3689 3871 modestissimus
3731 3816 3911 3888 impe-

2327 3908 2468 3963 ritia:
2490 3902 2609 3963 suae
2634 3908 2843 3975 tribuit,
2872 3906 3018 3978 quod
3049 3904 3250 3961 alicubi
3291 3920 3513 3962 sensum
3541 3906 3717 3978 magis
3742 3923 3908 3977 quam

2328 3999 2513 4062 verba,
2543 3998 2748 4069 qtn'ppe
2802 3998 2873 4053 ab
2925 4011 2985 4052 se
3041 4012 3153 4072 non
3209 3995 3509 4062 intellecta,
3546 3998 3904 4053 converterit.

2329 4089 2436 4147 Sed
2464 4088 2752 4145 Paulinum
2785 4090 2963 4161 ipsum
3018 4088 3333 4159 loquentem
3377 4087 3711 4145 audiamus:
3748 4087 3891 4144 Sane

2328 4182 2525 4253 inquit,
2556 4181 2693 4253 quod
2724 4182 3005 4237 admonere
3031 4180 3271 4251 dignaris
3309 4180 3503 4249 aiectu
3528 4178 3645 4246 illo,
3680 4196 3784 4251 quo
3810 4197 3903 4235 nos

2325 4276 2460 4330 sicut
2484 4285 2531 4331 te
2556 4274 2758 4347 diligis,
2802 4284 2860 4329 ut
2901 4273 3137 4329 studium
3183 4272 3241 4327 in
3270 4269 3467 4327 Grecis
3494 4272 3687 4327 litteris
3718 4284 3896 4329 atten-

2328 4370 2433 4422 tius
2463 4383 2691 4431 sumam,
2721 4365 2938 4421 libenter
2965 4364 3166 4434 accipio
3187 4362 3317 4418 :sed
3342 4364 3558 4433 implere
3583 4381 3688 4419 non
3714 4366 3898 4429 valeo;

2327 4462 2431 4515 nisi
2461 4459 2599 4529 forte
2627 4458 2891 4515 desideria
2939 4474 3056 4516 mea
3103 4455 3320 4528 adjuvat
3349 4454 3629 4529 Dominus,
3680 4466 3737 4510 ut
3771 4456 3893 4512 diu-

2330 4552 2435 4605 tius
2464 4551 2730 4605 consortio
2786 4558 2876 4604 tuo
2917 4540 3189 4618 perfruar;
3239 4541 3385 4599 Nam
3413 4545 3674 4619 quomodo
3724 4550 3900 4618 profe-

2329 4650 2472 4695 ctum
2498 4655 2682 4710 capere
2730 4651 2911 4710 potero
2962 4638 3217 4694 sermonis
3246 4637 3431 4710 ignoti,
3464 4638 3512 4693 si
3545 4637 3681 4693 desit
3724 4656 3758 4692 a
3801 4657 3899 4710 quo

2327 4734 2575 4805 ignorata
2633 4733 2977 4788 condiscam?
3032 4729 3209 4787 Credo
3255 4730 3394 4810 enim
3437 4728 3494 4783 in
3549 4730 3900 4787 translatione

2328 4827 2498 4881 sancti
2520 4824 2826 4889 Clementis,
2858 4832 3050 4895 prwtcr
3077 4821 3216 4877 alias
3260 4820 3463 4893 ingenii
3502 4821 3603 4877 mei
3644 4814 3898 4892 defectio-

2396 4962 2516 5033 (57),
2540 4961 2695 5033 907.,
2723 4960 2941 5016 Praefat.
2974 4958 3039 5033 ad
3069 4956 3250 5033 Const.
3279 4962 3450 5033 πρωί.

2397 5024 2511 5101 (58)
2542 5024 2779 5098 Victor.,
2814 5038 2945 5087 tom.
2974 5029 3039 5095 ll,
3070 5028 3264 5083 Retect.
3288 5024 3400 5093 sit,
3430 5024 3509 5081 De
3536 5035 3644 5085 art.
3677 5029 3895 5100 magia,

2780 5172 2835 5225 in
2873 5169 3079 5233 ϐακε..
3112 5168 3209 5224 lib.
3254 5182 3314 5233 tt,
3346 5172 3540 5239 quast.
3570 5166 3643 5265 ¹1.
3671 5182 3797 5243 pag.
3828 5168 3893 5223 40

2396 5254 2453 5298 ll.
2488 5254 2512 5297 1
2549 5254 2707 5297 nom.
3570 5262 3573 5265 '
3632 5287 3641 5293 .

2419 5312 2509 5377 40)
2538 5311 2747 5377 Lorin.,
2777 5313 2833 5365 in
2862 5312 2995 5377 Act.
3017 5317 3185 5377 apost.
3217 5318 3340 5377 cap.
3372 5322 3485 5370 Its,
3509 5300 3541 5376 ς
3569 5320 3645 5377 Ix,

2420 5314 2488 5368 40
2538 5314 2747 5377 Lorin.,
2777 5314 2833 5365 in
2862 5314 2980 5364 Act.
3017 5317 3185 5377 apost.
3217 5318 3340 5377 cap.
3372 5322 3485 5370 Its,
3509 5314 3541 5376 ι
3569 5320 3645 5368 Ix,

2420 5314 2747 5505 4|}.Serarq
2802 5392 2929 5436 tom.
2984 5376 3027 5443 1,
3077 5377 3367 5448 09090.ρο
3396 5373 3657 5446 ερρυηδ
3694 5389 3733 5439 t,
3764 5392 3884 5447 pag.

2441 5468 2470 5505 e
2513 5462 2570 5505 It.
2599 5450 2835 5505 Monum.
2864 5450 3019 5505 1611.

2324 5450 2413 5517 27,
2441 5450 2570 5506 edit.
2599 5450 2835 5521 Mogunt.
2864 5450 3019 5505 1611.

2397 5521 2507 5588 (42)
2538 5521 2755 5576 Possev.
2768 5562 2781 5586 ,
2796 5522 2849 5575 in
2884 5524 3135 5590 Apparet.

2398 5585 2510 5662 (45)
2564 5591 2771 5662 Dried.,
2806 5585 2971 5662 toni.
3010 5590 3028 5643 1
3059 5587 3183 5662 ρε-
3211 5588 3338 5643 eccl.
3393 5585 3597 5662 degit...

2326 5656 2420 5718 lib.
2451 5678 2524 5723 tv,
2557 5676 2675 5730 cap.
2708 5661 2761 5725 5,
2797 5660 2889 5715 fol.
2917 5656 2984 5722 A,
3008 5658 3142 5730 edit_.
3164 5656 3368 5730 LOVan.
3399 5656 3557 5712 1572.

2396 5732 2510 5854 (44)
2540 5725 2706 5812 Beda,
2744 5741 2910 5811 contr.
2940 5730 3060 5782 Jac.
3098 5725 3529 5849 Fabr..propos.
3561 5726 3685 5781 105.

2396 5803 2489 5854 145
2541 5801 2781 5854 Paultn..
2806 5796 2978 5854 Emst.
3030 5797 3119 5854 46.
3155 5799 3226 5854 al.
3260 5798 3293 5852 4
3335 5839 3347 5854 .
3372 5812 3524 5851 num.
3548 5796 3602 5850 2.

2395 5796 2510 5859 l'45)
2541 5801 2781 5859 Paulin..
2806 5796 2978 5869 Epist.
3030 5797 3119 5864 46,
3155 5799 3226 5854 al.
3260 5796 3347 5866 47,
3372 5812 3524 5851 num.
3548 5796 3602 5850 2.

3643 5593 3789 5655 part.
3834 5601 3885 5652 ν,
