4066 6334
640 416 780 474 1195

638 533 814 588 dentio
856 529 1116 584 Brixiano
1170 523 1432 592 episcopo,
1498 530 1566 566 an
1621 504 1939 563 Norariensi
1983 498 2215 554 Ruﬁnus
2247 507 2288 557 Α

635 625 770 679 illud
800 633 937 691 opus
965 589 1325 684 inscripserit.
1369 608 1488 662 Alio
1513 604 1647 658 abiit
1687 601 1896 670 primus
1937 591 2060 648 libri
2083 589 2204 678 vul-

824 676 1062 770 Jacobus
1095 676 1268 762 Faber
1309 696 1674 770 Stapulensis.
1712 687 2066 747 Gaudentium
2095 676 2210 753 glo-

639 809 840 864 riosum
890 803 1090 861 Christi
1150 804 1437 864 martyrem
1482 790 1684 859 pariter
1738 795 1786 839 et
1825 779 2210 835 Ariminensem

636 903 933 971 episcopum
978 909 1090 966 prae
1117 891 1289 945 oculis
1315 886 1523 940 habens
1552 903 1564 936 :
1589 880 1681 951 qui
1729 885 1913 931 tamen
1946 871 2049 927 sub
2074 869 2212 924 Con-

638 962 841 1052 stantio
857 962 1122 1058 Augusto,
1157 989 1308 1037 tanto
1337 983 1482 1040 ante,
1519 989 1616 1045 pro
1643 970 1863 1028 Christo
1889 962 2209 1034 sanguinem

639 1087 876 1142 fuderat.
907 1055 1071 1134 varie
1093 1076 1263 1133 variis
1293 1073 1396 1126 hoc
1426 1078 1587 1140 pacto
1627 1078 1834 1121 serram
1857 1055 2208 1116 ducentibus,

637 1189 842 1251 quanto
865 1173 1059 1230 melius
1089 1169 1256 1224 David
1283 1163 1596 1220 Blondellus
1647 1158 1715 1214 de
1745 1150 2033 1210 .Brixiensi
2094 1161 2214 1251 om:

637 1236 772 1324 nino
833 1263 1100 1320 intellexit
1142 1258 1282 1330 (55)!
1351 1253 1611 1308 Ruﬁnum
1664 1250 1717 1302 in
1775 1243 2092 1317 praefatione
2147 1236 2213 1291 ad

628 1357 998 1416 Gaudentium
1026 1354 1130 1408 boc
1160 1352 1361 1405 diserte
1391 1343 1837 1414 comprobantem
1875 1335 2164 1392 audiamus
2197 1352 2209 1386 :

643 1447 761 1508 Tibi
791 1447 1000 1522 quidem
1023 1443 1307 1507 Gaudenti,
1357 1446 1670 1494 nostrorum
1697 1434 1855 1488 decus
1886 1431 2088 1500 insigne
2116 1427 2214 1483 do-

639 1521 876 1606 ctorum,
935 1547 1112 1594 tantus
1169 1534 1368 1605 ingenii
1426 1532 1590 1602 vigor,
1645 1528 1751 1580 imo
1808 1533 1959 1580 tanta
1997 1521 2213 1600 spiritus

637 1636 822 1708 gratia
848 1595 1055 1691 est,.ut
1091 1628 1136 1681 si
1171 1595 1294 1695 quid
1328 1641 1358 1676 a
1391 1633 1442 1676 te
1475 1595 1634 1674 etiam
1673 1614 1973 1687 quotidiani
2009 1595 2209 1679 eloquii

644 1756 789 1794 more
819 1736 1051 1800 dicitur;
1080 1734 1126 1786 si
1152 1730 1278 1799 quid
1309 1731 1363 1782 in
1403 1725 1630 1781 ecclesia
1669 1721 2023 1781 declamatur,
2063 1717 2118 1770 id
2155 1717 2210 1769 in

1495 397 1550 450 S.
1591 384 2048 471 CLEMENTISI
2090 380 2257 435 ROM.
2303 372 2504 431 BONT.
2546 367 2774 425 OPERA
2803 363 3029 420 EUBIA.

3758 348 3895 407 I196

2322 495 2574 559 superest
2631 483 2902 538 dubitatio
2958 481 3090 549 quin
3129 475 3452 531 Gaudentius
3493 471 3774 548 episcopus
3807 469 3895 522 cui

2314 582 2546 636 Ruﬁnus
2597 578 2914 633 Clementem
2971 567 3129 627 stium
3182 567 3541 638 nuncupavit,
3580 565 3743 618 fuerit
3767 562 3898 616 Bri-

2311 673 2526 728 xianus.
2562 683 2668 720 non
2697 666 2856 718 alius.

2382 761 2470 816 VI.
2502 760 2624 815 Haec
2655 759 2830 813 fusius
2864 760 3188 828 prosecutus
3225 767 3345 805 sum
3389 757 3608 820 propter
3639 733 3904 799 doctissi-

2315 848 2437 909 mos
2459 854 2626 914 viros,
2660 849 2871 904 Sixtum
2907 846 3204 902 Senensem
3230 842 3342 913 (57)
3372 851 3424 895 et
3455 840 3748 895 Robertum
3775 835 3904 890 Bel—

2311 946 2602 1001 larminum
2628 938 2740 1016 (58)
2781 938 3146 996 venerabilem
3189 933 3543 999 cardinalem,
3579 930 3672 1001 qui
3715 926 3901 980 Ruﬁni

2313 1037 2684 1109 priefationem'
2716 1031 2783 1087 ad
2810 1027 3177 1085 Gaudentium
3214 1041 3314 1096 pro
3340 1022 3710 1077 commentitia
3736 1018 3906 1072 nimis

2311 1107 2540 1200 propere
2581 1113 2913 1179 habuerunt.
2961 1115 3279 1173 Bellarmini
3321 1113 3593 1185 proferam
3640 1109 3803 1163 verba
3834 1107 3906 1158 ob

2312 1199 2548 1290 glossam
2593 1231 2757 1287 quam
2810 1212 3061 1266 Labbeus
3103 1209 3212 1263 illis
3264 1204 3542 1260 adnectit:
3578 1200 3726 1255 Sicut
3773 1199 3908 1261 ipsa:

2314 1309 2739 1380 Recognitiones
2762 1302 2899 1375 [also
2928 1302 3155 1371 fortasse
3180 1298 3482 1352 tribuuntur
3505 1291 3799 1354 Clementi,
3829 1290 3910 1342 ita

2313 1389 2472 1460 etiam
2499 1419 2601 1458 non
2635 1399 2712 1455 est
2743 1395 3048 1453 incredibile
3073 1392 3210 1462 falso
3254 1391 3363 1443 illis
3405 1387 3712 1455 adjunctam
3738 1382 3910 1450 fuisse

2314 1495 2680 1569 prwfationem
2705 1490 2880 1560 Ruﬁni
2902 1487 3053 1559 quasi
3078 1482 3395 1553 interpretis.
3425 1477 3508 1532 Ad
3530 1478 3645 1531 hac
3667 1475 3747 1529 sic
3767 1473 3912 1528 scri-

2316 1565 2395 1646 bit
2430 1565 2682 1643 Labbeus
2712 1583 2825 1656 (59)
2861 1603 2874 1636 :
2916 1579 3106 1634 Verum
3151 1577 3502 1644 imposturam
3546 1586 3650 1624 non
3691 1565 3912 1636 agnovit

2317 1679 2644 1742 Gennadius,
2682 1692 2774 1730 nec
2791 1674 3177 1743 ejus'sequaces
3204 1665 3473 1720 Honorius
3495 1670 3544 1717 et
3563 1658 3911 1715 Trithemius.

2319 1771 2450 1827 Post
2480 1769 2743 1824 Joannem
2767 1763 3118 1827 Rainoldum,
3151 1767 3466 1819 nostrorum
3485 1754 3911 1822 exscriptorem,

646 1845 801 1898 “bris
826 1839 1035 1900 Μῦθτῇ
1065 1849 1110 1892 εί
1139 1837 1207 1888 ad
1247 1839 1661 1888 msuucuonem
1701 1826 1839 1880 "ad!
1865 1832 2087 1928 “sum
2113 1822 2212 1928 fie-
2246 1860 2289 1921 B
2319 1863 2372 1918 in
2398 1861 2635 1918 Censura
2659 1822 3307 1928 apocrypltorum,'eodem
3334 1862 3396 1902 ac
3422 1844 3608 1900 Sixtus
3627 1854 3680 1900 et
3701 1843 3914 1896 Bellar-

647 1947 786 2000 beat.
816 1941 958 1996 Infra
982 1954 1113 1995 vero
1132 1955 1144 1992 :
1162 1935 1396 2007 Aunum
1420 1941 1496 1986 est
1519 1946 1645 1985 sane
1667 1928 1786 1992 tibi,
1810 1927 1900 1996 qui
1921 1926 2031 1979 hac
2053 1923 2210 1977 etiam

645 2049 831 2105 Griece
871 2044 1068 2116 legeris
1101 2041 1187 2113 (ne
1224 2039 1358 2110 forte
1395 2040 1451 2093 in
1498 2035 1762 2106 aliquibus
1800 2049 1832 2086 a
1860 2030 2212 2093 nobisserua-

648 2152 760 2193 tum
811 2135 1178 2192 translationis
1229 2132 1462 2185 ordinem
1507 2125 1718 2197 putes),
1766 2121 2210 2193 interpretationis

647 2229 1091 2285 rtostrteindicare
1113 2223 1408 2278 consilium.
1432 2218 1558 2275 Hzec
1578 2211 1749 2287 elogia
1772 2214 1825 2270 in
1850 2211 2209 2268 Gaudentium

641 2313 961 2382 episcopum
989 2325 1017 2361 a
1049 2308 1250 2362 Ruﬁno
1277 2312 1559 2376 congesta,
1609 2294 1704 2356 uni
1748 2299 2008 2354 Brixiano
2042 2293 2218 2365 aptari

643 2407 911 2471 possunt;
946 2409 1207 2469 praeterea
1245 2395 1470 2450 nemini.
1517 2391 1568 2448 Is
1600 2391 1747 2451 enim
1777 2388 1882 2443 iuit
1921 2386 2107 2440 doctor
2134 2385 2220 2438 vel

644 2503 909 2547 tractator
962 2490 1217 2560 insignis.
1270 2489 1347 2543 Ita
1401 2486 1548 2542 enim
1597 2482 1693 2554 qui
1740 2481 1964 2537 verbum
2010 2475 2104 2532 Dei
2131 2490 2219 2531 sa-

643 2599 879 2655 orasque
907 2583 1122 2638 litteras
1153 2581 1240 2634 vel
1282 2593 1418 2634 voce
1446 2577 1532 2632 vel
1561 2575 1767 2644 scripto
1789 2574 2128 2642 exponerent
2157 2581 2221 2619 ac

644 2678 926 2742 docerent,
959 2677 1028 2730 ab
1049 2671 1440 2730 ecclesiasticis
1471 2667 1831 2741 scriptoribus
1859 2662 2065 2735 passim
2087 2660 2217 2721 dici.

645 2767 929 2831 adnotavit
985 2764 1319 2820 Franciscus
1363 2759 1737 2818 Bernardinus
1767 2752 2057 2810 Ferrarius
2083 2750 2218 2823 (56),

644 2871 714 2916 ex
743 2857 1052 2914 Gaudentio
1073 2854 1336 2909 Brixiano
1363 2849 1669 2921 exemplum
1719 2846 1883 2902 etiam
1918 2842 2219 2899 adducens.

646 2965 680 3006 a
705 2965 816 3022 quo
847 2948 1125 3018 Sermones
1156 2946 1263 3010 sui,
1297 2946 1353 2999 in
1403 2941 1624 2998 ecclesia
1651 2938 1958 2999 declamati,
1982 2941 2043 2989 ut
2071 2931 2222 2988 Ruﬁ-

645 3019 754 3100 nus
779 3042 927 3112 loqui
960 3047 1128 3105 amat,
1157 3044 1418 3091 tractatus
1440 3033 1698 3089 dicuntur
1728 3030 1782 3083 in
1811 3019 2131 3100 [tralatione
2155 3023 2220 3076 ad

644 3134 990 3190 Benivolum.
1036 3129 1184 3184 Idem
1228 3126 1463 3183 eximius
1501 3123 1731 3178 antistes
1774 3135 1834 3176 se
1886 3115 2224 3186 comperisse

2323 1952 2506 2007 minus
2539 1949 2808 2020 spectavit
2843 1941 3121 2000 Gerardus
3159 1939 3403 1995 Joannes
3431 1935 3683 2000 Vossius,
3732 1931 3918 2001 Ruﬁni

2322 2039 2401 2095 vel
2444 2037 2664 2093 alterius
2721 2034 2816 2089 sub
2870 2033 2984 2103 ejus
3036 2030 3245 2085 nomine
3299 2025 3670 2099 praefationem
3724 2023 3919 2094 appel-

2322 2133 2445 2188 lans
2490 2130 2624 2202 (60).
2658 2127 2770 2183 Imo
2813 2125 2956 2181 infra
3007 2124 3203 2178 nedum
3251 2119 3630 2192 praefationem
3695 2131 3922 2186 prorsus

2325 2223 2592 2295 ﬁctilium,
2628 2219 2721 2276 sed
2757 2225 2812 2274 ct
2841 2219 3012 2272 libros
3041 2217 3190 2286 ipsos
3231 2211 3666 2282 Recognitionum
3705 2208 3770 2262 ab
3808 2208 3922 2262 alio

2323 2329 2487 2386 quam
2519 2329 2549 2367 a
2579 2310 2779 2365 Ruﬁno
2823 2307 3135 2366 translatos.
3175 2320 3233 2359 se
3255 2301 3479 2358 credere
3508 2300 3681 2355 malle
3711 2297 3929 2369 signiﬁ—

2323 2415 2432 2461 cat.
2462 2403 2662 2459 Vossio
2687 2400 2756 2454 ad
2784 2399 3031 2455 errorem
3075 2398 3365 2468 praeiverat
3401 2395 3614 2463 Gaspar
3658 2390 3925 2444 Barthius

2324 2498 2412 2555 his
2440 2497 2624 2553 verbis
2655 2493 2767 2565 (61)
2795 2512 2809 2548 :
2855 2490 3291 2560 Recognitionum
3327 2484 3610 2541 Clementis
3643 2483 3798 2536 titulo
3834 2483 3924 2535 in-

2325 2590 2510 2659 scripti
2542 2587 2687 2649 tibri,
2723 2583 3042 2640 Clementem
3068 2595 3130 2633 ne
3176 2587 3442 2631 auctorem
3470 2583 3518 2627 et
3549 2572 3801 2642 Ruﬁnum
3839 2572 3930 2624 in-

2328 2691 2606 2752 terpretem
2643 2675 2888 2740 habeant,
2921 2688 3025 2727 non
3055 2680 3131 2725 est
3173 2668 3334 2739 facile
3367 2666 3624 2722 decidere.
3649 2663 3803 2719 Viris
3833 2663 3931 2717 lit-

2325 2751 2573 2823 teratura
2599 2761 2998 2819 excultissimis
3021 2758 3219 2813 nollem
3249 2757 3366 2811 haec
3387 2755 3744 2810 excidissent.
3768 2751 3934 2808 Nun-

2326 2859 2456 2930 quid
2483 2855 2706 2921 diﬁicile
2747 2860 2832 2908 est
2879 2849 3136 2914 decidere,
3170 2847 3314 2919 quod
3353 2849 3532 2917 spissa
3577 2852 3632 2900 et
3675 2843 3934 2914 locuples

2327 2955 2573 3003 veterum
2634 2951 3119 3000 monumentorum
3190 2940 3492 2994 auctoritas
3560 2935 3936 3006 comprobat!

2325 3038 2498 3094 Nihili
2527 3052 2656 3107 ergo
2675 3043 2760 3090 est
2781 3033 3016 3087 Ruﬁnus
3046 3033 3161 3102 ipse
3183 3030 3236 3084 in
3260 3027 3607 3099 peroratione
3629 3025 3939 3080 Commen-

2327 3129 2596 3186 tariorum
2624 3125 2879 3197 Origenis
2907 3125 2961 3178 in
2992 3121 3148 3177 Pauli
3181 3119 3483 3192 Epistolam
3516 3118 3584 3171 ad
3617 3116 3935 3178 Romanos.

649 3228 747 3291 ait,
774 3243 805 3278 a
829 3224 1051 3278 notariis
1099 3220 1327 3274 latenter
1363 3215 1640 3288 appositis,
1673 3217 1955 3266 tractatus
1979 3221 2111 3262 suos
2158 3221 2222 3258 ex
2254 3205 2296 3262 C
2337 3224 2462 3292 ubi"
2484 3219 2777 3275 σααάεηιεο
2815 3218 3053 3287 τρεπορο
3082 3223 3411 3283 perurgente,
3448 3225 3506 3265 se
3541 3224 3762 3280 operam
3793 3208 3942 3262 dare

646 3332 746 3374 ore
769 3314 1042 3385 loquentis
1071 3311 1353 3368 collectos.
1407 3306 1523 3362 Hoc
1575 3305 1718 3360 idem
1771 3301 1948 3373 inquit
1989 3297 2220 3352 Ruﬁnus
2331 3317 2430 3376 ait,
2481 3321 2540 3368 ut
2578 3310 2896 3368 Clementem
2937 3307 3193 3362 Latinum
3238 3303 3444 3358 faciat?
3486 3299 3654 3357 Nihili
3701 3298 3939 3354 Genna-

647 3406 736 3461 hls
780 3403 962 3460 verbis
992 3422 1005 3458 :
1068 3400 1128 3456 Si
1158 3398 1283 3471 quid
1309 3415 1342 3452 a
1372 3407 1442 3463 te,
1472 3395 1632 3450 etiam
1687 3390 1990 3464 quotidiani
2030 3387 2223 3459 eloquii

2328 3406 2454 3462 dius
2483 3403 2616 3476 (ϐξ),
2651 3400 2935 3457 Clementis
2965 3397 3191 3451 Romani
3233 3393 3666 3465 Recognitionum
3691 3391 3869 3444 libros
3902 3406 3941 3443 a

651 3513 795 3553 more
824 3497 1041 3559 dicitur,
1071 3490 1268 3564 siquid
1310 3491 1368 3545 in
1402 3488 1623 3545 ecclesia
1671 3481 2026 3545 declamatur,
2077 3491 2128 3536 et
2155 3479 2222 3534 ad
2327 3497 2527 3554 Ruﬁno
2572 3495 2765 3550 Latine
2808 3491 3057 3548 redditos
3109 3487 3384 3544 narrans?
3436 3484 3685 3556 Longum
3721 3483 3782 3536 m
3825 3479 3944 3537 iter

651 3588 1050 3642 instructionem
1101 3582 1240 3636 tradi
1280 3580 1514 3636 videmus
1549 3595 1567 3633 :
1622 3576 1693 3631 ab
1739 3576 1808 3631 iis
1839 3573 2098 3628 nimirum
2132 3571 2224 3641 qui
2328 3589 2750 3652 conﬁciendum;
2779 3587 2826 3642 si
2851 3586 2988 3640 alios
3009 3581 3205 3638 deinde
3239 3595 3351 3634 rem
3382 3578 3628 3634 eamdem
3659 3585 3945 3630 “sumes

654 3680 920 3742 n0tarios,
948 3692 1014 3732 ea
1039 3676 1221 3730 omnia
1248 3675 1389 3729 clam
1433 3677 1782 3742 excepturos,
1811 3665 2224 3722 submittebant.

654 3770 1015 3832 Gaudentius,
1047 3777 1191 3823 teste
1243 3766 1462 3830 Ruﬁno,
1515 3763 1729 3818 Graecas
1754 3761 1962 3815 litteras
2016 3755 2226 3811 calluit.

656 3861 858 3931 Quidni
891 3876 1038 3926 vero,
1063 3860 1158 3931 qui
1191 3873 1379 3915 sacras
1430 3852 1900 3927 peregrinationes
1927 3864 2025 3922 per
2044 3847 2232 3903 Orien-

656 3967 765 4014 tem
798 3971 857 4012 se
886 3953 1200 4024 suscepisse
1232 3957 1487 4015 testatur,
1515 3948 1607 4003 ubi
1638 3960 1882 4017 eousque
1927 3942 2072 3998 fama
2110 3940 2233 4011 ejus

656 4052 922 4105 virtutum
953 4046 1221 4120 pervenit,
1251 4051 1311 4097 ut
1347 4040 1703 4098 Orientalium
1736 4037 2031 4109 praesulum
2066 4049 2231 4089 suasu

658 4141 956 4214 episcopali
984 4139 1158 4203 oneri,
1187 4145 1309 4209 post
1335 4132 1617 4189 Philastrii
1645 4131 1875 4193 obitum,
1902 4143 1933 4183 a
1961 4127 2078 4182 suis
2136 4141 2234 4195 per

660 4237 985 4308 legationem
1033 4248 1099 4288 eo
1151 4231 1375 4286 missam
1426 4227 1529 4282 sibi
1573 4223 1914 4285 denuntiato,
1976 4220 2234 4274 humeros

662 4326 1050 4400 supposuerit?
1077 4323 1279 4379 Ibidem
1307 4319 1505 4375 Joanni
1543 4318 1953 4390 Chrysostomo‘
1989 4311 2232 4367 nondum

661 4421 924 4491 episcopo
983 4417 1176 4472 stricta
1240 4409 1647 4468 necessitudine
1704 4405 1966 4471 adhaesit;
2028 4418 2236 4474 proque

663 4527 750 4575 eo,
771 4507 1120 4582 postmodum
1151 4507 1472 4576 episcopatu
1531 4501 1768 4571 dejec’to,
1801 4498 2013 4568 legatus
2046 4494 2233 4549 Eccle-

2331 3697 2651 3756 percurrere
2679 3679 2862 3734 velim.
2888 3677 2956 3729 At
2987 3674 3224 3728 indictos
3274 3671 3428 3726 abire
3449 3684 3556 3723 non
3589 3668 3767 3738 patiar
3790 3681 3945 3721 non-

2331 3773 2533 3828 nullos.
2587 3767 2916 3824 Anastasius
2975 3760 3433 3818 Bibliothecarius
3481 3760 3539 3813 in
3581 3757 3818 3828 epistola
3864 3758 3941 3811 ad

2331 3861 2597 3918 Joannem
2629 3859 2929 3913 Diaconum
2959 3855 3112 3927 (65y:
3147 3852 3487 3914 Clementem,
3511 3849 3610 3914 ait,
3641 3864 3799 3919 quem
3821 3848 3942 3901 tist-

2339 3957 2476 4024 ﬁnus
2508 3961 2710 4008 nostra:
2741 3950 2934 4020 lingua:
2966 3946 3256 4008 redditum,
3287 3946 3588 3998 restitutum
3628 3951 3678 3995 et
3708 3939 3944 3996 redeun—

2338 4057 2458 4108 tem.
2503 4043 2572 4099 ad
2619 4040 2975 4098 Gaudentium
3017 4036 3272 4102 scribens,
3318 4034 3513 4088 innuit.
3557 4032 3633 4088 De
3676 4035 3942 4088 versione

2339 4139 2468 4194 item
2527 4134 2710 4189 Ruﬁni
2762 4147 2928 4204 agens
2980 4139 3205 4186 sanctus
3263 4127 3538 4192 Isidorus,
3591 4124 3943 4197 Hispalensis

2338 4233 2653 4301 episcopus,
2693 4240 2760 4282 ex
2781 4210 2847 4280 ea
2877 4223 3250 4280 testimonium
3279 4219 3504 4275 adducit
3532 4219 3670 4290 (61).
3695 4219 3941 4275 Sanctus

2336 4323 2659 4377 Aldbelmus
2690 4318 2877 4374 laudat
2911 4316 3024 4388 (65)
3059 4313 3407 4370 Itinerarium
3435 4309 3584 4365 Petri
3613 4312 3789 4382 (sunt,
3816 4311 3942 4367 Cle-

2337 4415 2538 4470 mentis
2553 4409 2992 4482 Recognitiones),
3007 4407 3197 4477 Ruﬁno
3210 4406 3264 4459 in
3283 4403 3534 4458 Latinum
3549 4419 3614 4458 es;
3627 4402 3940 4458 Grece-orum

2339 4505 2665 4560 bibliothecis
2703 4510 2946 4558 vertente.
2989 4499 3070 4554 Ad
3109 4498 3224 4553 haec
3272 4496 3418 4552 Beda
3471 4495 3939 4567 Recognitionibus

667 4566 1076 4660 sim.Romana'.
1126 4566 1690 4666 constantinopolim‘
1734 4566 1941 4645 missus
1997 4595 2102 4643 est.
2148 4585 2230 4641 Ad
2269 4566 2310 4620 θ
2340 4599 2512 4655 mitur
2570 4594 2706 4667 (66),
2755 4592 2889 4648 Item
2922 4589 3242 4662 Agobardus
3299 4587 3436 4659 (67),
3482 4566 3774 4643 Frecullus
3805 4587 3938 4660 (68),

667 4693 914 4765 ejusdem
968 4690 1260 4747 Gaudentii
1310 4693 1620 4744 sermonem
1679 4683 1783 4750 16,
1853 4679 2237 4754 Chrysostomi

667 4787 952 4860 epistolam
982 4785 1106 4849 184,
1147 4781 1376 4838 Palladii
1418 4780 1726 4850 Dialogum,
1752 4793 1873 4848 cap.
1903 4777 1959 4840 ι,
1999 4784 2054 4830 et
2082 4773 2242 4828 Nice-

670 4881 900 4950 phorum
917 4876 1209 4933 Canstum
1239 4875 1334 4930 lib.
1385 4888 1510 4938 xm,
1561 4884 1683 4942 cap.
1735 4869 1830 4925 22.
1872 4867 2060 4940 Itaque
2091 4866 2240 4922 nulla

741 5055 855 5186 (55)
881 5053 1167 5133 Blondell.,
1210 5049 1673 5134 Pseudp-lsidor..
1703 5064 1825 5119 pag.
1845 5035 1937 5105 28.
2063 5118 2074 5128 _

743 5127 833 5186 (56
907 5124 1163 5185 Ferrar..
1223 5123 1302 5178 De
1352 5133 1444 5177 rtt.
1515 5137 1725 5174 sacrar.
1781 5135 1973 5182 conc.,
2040 5117 2074 5171 II

743 5117 855 5196 (56)
907 5124 1163 5185 Ferrar..
1223 5123 1302 5178 De
1352 5123 1444 5177 rit.
1515 5117 1725 5174 sacrari
1781 5117 1973 5182 conc.,
2040 5117 2136 5173 lib.
2193 5133 2242 5183 ι,

669 5197 874 5337 ωῗέιῧ.
900 5265 1039 5323 Sixt.
1069 5252 1225 5327 Se‘n.,
1255 5261 1396 5318 Bibl.
1429 5262 1522 5317 lib.
1550 5277 1613 5324 ιι,
1644 5276 1767 5331 pag.
1790 5259 1878 5324 83,
1911 5258 2004 5316 ubi
2033 5258 2099 5314 de
2126 5255 2249 5313 Cle-

677 5346 847 5392 tnent.
883 5338 1148 5408 liecognit.
1229 5404 1253 5408 _
1361 5403 1372 5408 _
1495 5403 1508 5408 _
1696 5401 1792 5408 ’μ
2012 5400 2070 5408 ___
2121 5375 2128 5390 ι

669 5445 672 5448 ι
751 5409 864 5477 (56)
908 5399 1182 5469 Bellarm.,
1215 5403 1418 5468 Catal.,
1444 5403 1510 5457 ad
1533 5418 1664 5456 ann.
1696 5401 1822 5466 390,
1852 5415 1976 5471 pag.
2005 5400 2129 5462 155,
2159 5399 2250 5454 ubi

679 5478 745 5532 de
782 5477 996 5533 Ruﬁno.

753 5548 865 5617 (59)
898 5547 1056 5611 Lab.,
1088 5545 1308 5600 Dissert.
1333 5543 1517 5613 pltilol.
1545 5543 1610 5597 de
1631 5543 1811 5610 script.
1841 5539 1995 5605 eccl.,
2024 5548 2157 5596 tom.
2186 5538 2252 5602 11,

679 5634 806 5689 pag.
843 5617 968 5674 309.

758 5689 868 5756 (60)
911 5687 1092 5746 Voss..
1120 5686 1195 5740 De
1229 5686 1373 5742 Hist.
1395 5684 1512 5740 Gr..
1546 5684 1642 5738 lib.
1683 5699 1745 5745 ιι,
1773 5697 1895 5756 cap.
1923 5680 1976 5737 9.

756 5754 866 5828 tot)
908 5759 1115 5818 B.irth.,
1147 5758 1387 5828 Adsere,
1422 5756 1514 5809 lib.
1542 5771 1663 5828 xcv,
1699 5769 1818 5823 cap.
1851 5754 1904 5828 _5_.

759 5823 871 5892 (62)
908 5828 1174 5890 Gennad.,
1204 5827 1278 5880 De
1303 5829 1478 5895 script.
1511 5826 1663 5887 eccl.,
1689 5839 1808 5894 cap.
1842 5823 1926 5878 I7.

762 5902 874 5969 (65)
910 5901 1127 5967 Anast.,
1153 5900 1294 5954 inter
1347 5896 1484 5967 Opp.
1511 5896 1811 5959 Sit-mund.,
1848 5904 1981 5950 tom.
2017 5895 2101 5958 IIl,
2138 5910 2257 5966 pag.

2341 4689 2674 4744 Hincmarus
2705 4684 2819 4757 (69)
2844 4691 2899 4740 et
2929 4676 3209 4737 Honorius
3237 4679 3376 4751 (70).
3436 4676 3569 4733 Tam
3599 4677 3832 4735 disertis
3861 4689 3940 4735 le—

2341 4774 2519 4832 stibus
2549 4779 2858 4830 consonant
2909 4769 3344 4842 Recognitionum
3376 4769 3595 4824 codices
3628 4772 3940 4840 mss.plane

2341 4884 2558 4930 omnes.
2599 4866 2779 4936 Ruﬁni
2810 4865 3126 4935 interpretis
3171 4878 3371 4918 nomen
3416 4861 3796 4932 praeferentes.
3826 4863 3940 4929 Quo

2420 5119 2533 5193 (61)
2572 5118 2793 5180 Isidor.,
2829 5115 2907 5193 De
2937 5122 3050 5168 nat.
3084 5129 3216 5179 rer.,
3248 5108 3410 5183 capp.
3443 5110 3505 5164 I7
3534 5119 3591 5165 et
3619 5110 3714 5172 3i,
3745 5119 3804 5167 et
3829 5111 3940 5166 Ori-

2347 5186 2696 5262 9ἱιί.1ϊ1).ιιι,
2724 5202 2845 5262 cap.
2880 5186 2931 5241 1.

2422 5261 2535 5332 (65)
2563 5251 2874 5332 Aldhelm”
2915 5257 2996 5312 De
3025 5255 3175 5311 laud.
3219 5251 3448 5324 Virgin.,
3494 5266 3619 5320 pag.
3667 5251 3780 5320 K316
3809 5253 3933 5306 edit.

2352 5328 2526 5386 Lond.
2562 5328 2850 5382 Warthon.
3129 5370 3138 5376 .

2427 5398 2733 5473 (66)_Bed.,
2768 5397 2834 5450 In
2889 5395 3288 5473 Hexaem.,_a_d
3328 5399 3499 5473 capp.
3555 5391 3607 5473 1,
3672 5391 3728 5473 6,
3786 5393 3837 5455 7,
3882 5394 3934 5473 8_,

2350 5462 2613 5537 Geii.;'in
2658 5473 2775 5521 Act.
2825 5477 3002 5537 apost.
3033 5485 3085 5531 v,
3137 5465 3311 5538 {54;
3360 5462 3592 5518 Retract.
3636 5464 3708 5516 ad
3753 5464 3934 5518 eumd.

2356 5544 2462 5597 loc.
2487 5549 2542 5595 et
2577 5539 2649 5592 De
2666 5550 2774 5604 rat.
2806 5547 2984 5606 temp..
3011 5553 3131 5606 cap.
3150 5537 3218 5591 '3.

2429 5611 2541 5681 (67)
2576 5609 2875 5681 ,ῥεοὺιινιιη
2908 5603 2988 5681 pe
3011 5603 3227 5661 Judaic.
3257 5615 3507 5681 superet"
3536 5617 3638 5670 cap
3694 5603 3780 5681 I6_.

2431 5675 2541 5745 (68)
2580 5675 2810 5734 Περιηῐί
2890 5678 3085 5734 Chron.
3109 5690 3241 5731 tom.
3273 5675 3333 5734 ll.
3364 5675 3457 5729 lih.
3502 5690 3559 5736 ιι,
3592 5689 3713 5745 (κιρζ
3749 5675 3831 5727 m.

2433 5744 2544 5875 (693
2585 5751 2883 5814 Ilipa-man,
2946 5750 3023 5804 De
3070 5749 3259 5804 divort.
3307 5745 3524 5800 Lothar.
3577 5755 3626 5798 et
3680 5744 3935 5816 Tetberg.,

2433 5839 2482 5875 ι).
2551 5864 2563 5875 .

2363 5839 2482 5891 cap.
2507 5839 2563 5877 υ.

2437 5886 2548 5962 (ῑο)
2586 5891 2816 5956 Honor.,
2846 5890 2919 5945 De
2946 5891 3131 5950 tumin.
3161 5886 3364 5942 Ecclcs.
3387 5905 3538 5954 ,cap.
3577 5888 3662 5947 l5.
