4066 6334
155 403 275 460 1197

1234 395 1808 453 RECOCNITIONES.
1850 427 1919 438 —
1952 397 2312 453 PROGZMIA.

3271 401 3414 458 1198

153 521 319 575 minus
358 533 489 590 ergo
517 519 665 575 viros
709 519 996 590 insigniter
1039 518 1253 581 doctos,
1291 517 1354 570 ad
1388 516 1494 568 alia
1535 531 1732 585 prope-
1759 524 1802 578 Α
1835 515 2090 585 theologo
2143 514 2398 587 Dionysio
2439 513 2660 569 Petavio
2691 514 2826 586 (79),
2861 513 3161 586 Photiams
3195 515 3417 570 codices

153 619 322 665 rantes
361 609 478 664 haec
529 609 787 681 fugerint,
830 627 938 664 non
983 618 1069 663 est
1128 606 1508 678 ambigendum
1543 626 1554 659 :
1589 605 1726 659 alias

150 718 255 756 rem
286 710 490 756 certam
539 717 640 771 pro
672 710 983 756 commento
1023 715 1132 756 non
1175 699 1520 754 habuissent.
1558 696 1601 749 E
1637 696 1727 764 ju-

148 793 388 848 nioribus
441 792 771 854 Cotelerius,
825 791 1008 844 Ruﬁni
1055 805 1181 845 esse
1229 788 1599 860 praefationem
1659 786 1728 840 ad

148 885 506 941 Gaudentium
550 886 707 956 juxta
749 901 814 940 ac
856 885 1164 940 versionem
1213 883 1383 938 totius
1424 880 1628 952 operis,
1660 895 1728 934 ex

148 979 283 1049 stylo
310 978 474 1032 etiam
506 977 729 1048 probari
773 979 849 1031 ait
892 978 1005 1048 (71)
1033 995 1045 1030 :
1080 983 1134 1030 et
1168 975 1419 1029 codicum
1463 972 1729 1028 vetustio-

146 1082 262 1121 rum
293 1066 548 1136 pmsidio
572 1075 859 1137 utramque
885 1067 1081 1121 Ruﬁno
1106 1065 1365 1121 vindicat.
1400 1062 1564 1134 Unus.
1581 1061 1729 1117 enim

145 1173 300 1228 quem
333 1159 541 1223 laudat,
593 1159 675 1213 sic
715 1159 909 1229 incipit
948 1177 959 1211 :
1021 1156 1212 1226 Ruﬁni»
1263 1152 1553 1224 presbyteri
1593 1167 1732 1221 pra:-

146 1251 273 1320 fatio
337 1251 407 1304 ad
465 1250 825 1306 Gaudentium
884 1251 1187 1320 pontiﬁcem
1257 1249 1312 1301 in
1389 1245 1731 1300 Itinerarium

144 1342 457 1407 Clementis;
485 1345 550 1398 ab
583 1362 643 1399 eo
682 1361 747 1398 ea:
784 1343 966 1402 Graeco
1013 1347 1066 1399 in
1106 1343 1358 1397 Latinum
1400 1358 1729 1397 conversum.

145 1437 210 1492 Et
261 1447 382 1508 post
435 1439 840 1508 praefationem,
900 1438 1304 1507 Clementisque
1350 1437 1417 1490 ad
1466 1433 1730 1489 Iacobum

143 1532 453 1602 epistolam,
507 1532 580 1586 ita
619 1532 833 1586 habet:
893 1530 1171 1584 Itinerarii
1220 1528 1526 1592 Clementis,
1587 1524 1734 1581 Petri

143 1622 370 1691 apostoli
417 1623 759 1684 successoris,
804 1621 936 1675 liber
979 1622 1182 1690 primus
1227 1619 1433 1689 incipit,
1461 1636 1495 1672 a
1541 1615 1735 1688 Ruﬁno

145 1714 441 1770 traductus.
472 1713 744 1770 Caeterum
779 1713 1144 1768 Bellarminus
1188 1711 1431 1782 agnovit,
1480 1709 1734 1764 Clemen-

141 1806 288 1861 tinas
325 1804 720 1876 Recognitiones
748 1819 777 1858 a
823 1803 1022 1859 Rufino
1059 1798 1397 1858 conversas:
1430 1816 1584 1864 nam,
1633 1798 1736 1853 Ba-

142 1899 299 1952 ronio
321 1873 508 1968 judice
536 1898 673 1969 (72),
705 1913 854 1950 nemo
880 1904 959 1950 est
983 1896 1072 1966 qui
1093 1894 1338 1971 dubitare
1364 1891 1571 1953 debeat,
1608 1906 1727 1943 cum
1764 1873 1803 1930 Β

139 1990 446 2046 Gennadius
493 1989 590 2043 hoc
624 1990 796 2059 ipsum
825 1988 889 2043 de
920 1986 1112 2056 Ruﬁno
1145 1994 1385 2040 testatur.
1447 1983 1513 2036 Et
1545 1990 1728 2037 tamen

140 2083 432 2154 Dupinium
457 2081 644 2137 audire
666 2083 825 2138 nobis
847 2080 1115 2148 contingit
1142 2079 1278 2150 (75).
1310 2075 1536 2132 omnino
1564 2075 1728 2127 aliam

139 2175 468 2230 sententiam
530 2173 863 2229 Bellarmino
920 2173 1283 2235 tribuentem,
1343 2184 1464 2223 eam
1519 2165 1730 2221 scilicet

136 2282 303 2337 quam
349 2265 726 2323 refutavimus.
760 2265 872 2321 Nec
915 2266 1099 2319 minus
1129 2266 1308 2334 spisso
1347 2275 1535 2317 errore
1577 2265 1731 2314 tanto

137 2366 264 2414 ante
295 2357 568 2414 irretitum
611 2357 1074 2429 deprehendimus
1121 2353 1476 2410 Anastasium
1522 2349 1730 2404 Biblio-

137 2449 445 2504 thecarium
479 2450 535 2504 in
559 2449 803 2520 epistola
836 2449 1000 2504 modo
1031 2448 1288 2511 adducta,
1321 2461 1556 2518 cumque
1588 2444 1679 2498 illo
1702 2458 1732 2498 e

128 2542 456 2613 junioribus
485 2541 706 2596 Petrum
745 2541 1022 2596 Danielem
1055 2541 1312 2596 lluetium
1343 2539 1479 2610 (7i),
1513 2537 1732 2608 quando

131 2637 254 2692 haec
286 2637 475 2700 verba,
522 2634 724 2706 quibus
760 2632 994 2688 Ruﬁnus
1045 2631 1420 2702 praefationem
1466 2643 1622 2684 suam
1662 2627 1732 2682 ad

131 2726 507 2782 Gaudentium
532 2726 871 2796 auspicatur,
893 2733 951 2777 ut
983 2721 1297 2777 Clementem
1319 2728 1515 2775 nostra:
1539 2718 1735 2789 lingua:

132 2818 500 2881 redderemus,
531 2818 605 2870 ita
633 2821 984 2886 acceperunt,
1009 2814 1163 2885 quasi
1182 2811 1578 2884 Recognitiones
1601 2809 1735 2880 ipsa:

133 2910 334 2968 Latine
394 2912 604 2979 scripta
649 2909 886 2979 primum
940 2907 1194 2969 fuissent,
1233 2902 1582 2976 postmodum
1639 2901 1736 2955 de-

135 3004 402 3075 perdita,
448 3010 504 3058 et
533 3002 752 3057 demum
795 3014 826 3053 a
865 2997 1064 3056 Rufino
1092 2995 1358 3052 ἀοι-αεσξη
1411 2996 1467 3048 in
1514 2992 1734 3046 Latium

135 3096 431 3158 restitutae,
491 3107 600 3147 non
630 3108 658 3146 e
708 3089 891 3144 Graeco
918 3088 1218 3144 translatte.
1254 3086 1324 3139 At
1359 3086 1521 3155 plane
1563 3082 1733 3146 aliud,

134 3201 251 3242 non
279 3186 384 3241 hoc
415 3185 638 3256 scripsit
662 3181 917 3246 Ruﬁnus,
950 3180 1092 3252 apud
1125 3194 1286 3251 quem
1321 3177 1425 3232 viri
1457 3176 1605 3230 docti
1631 3175 1739 3245 pri-

133 3280 247 3334 mis
275 3283 490 3333 tantum
521 3276 756 3340 voculis,
787 3276 866 3329 uti
889 3274 968 3340 ﬁt,
996 3273 1194 3344 raptim
1221 3270 1480 3343 perlectis
1511 3270 1566 3324 in
1587 3284 1741 3324 erro-

134 3381 262 3425 rem
295 3360 517 3421 adducti
546 3373 696 3422 sunt.

211 3454 332 3511 Vl].
366 3455 478 3512 Nec
530 3456 748 3527 penitus
795 3452 1424 3526 nobispraetereundus
1472 3456 1560 3506 est
1605 3447 1745 3503 alter

134 3545 461 3624 Bellarmini
486 3545 660 3610 locus,
689 3546 781 3602 ubi
819 3548 952 3602 hmc'
984 3547 1050 3602 de
1089 3545 1449 3602 Clementinis
1489 3542 1746 3613 Βεροςηὶ-

135 3636 379 3690 tionibus
421 3636 759 3709 scribit-(75)
794 3655 809 3692 :
845 3638 997 3692 Teste
1018 3633 1338 3708 Epiphanio,
1380 3635 1568 3689 hceresi
1612 3645 1744 3694 xxx,

133 3722 528 3800 Clemens‘ipse
570 3738 796 3784 testatur
837 3728 1115 3784 Circuitus
1161 3727 1332 3790 Petri,
1363 3744 1396 3780 a
1425 3743 1480 3780 se
1509 3725 1748 3779 conscri-

130 3830 288 3894 ptos;
325 3821 392 3876 ab
421 3820 684 3879 luereticis
715 3821 1030 3891 depravatos
1068 3821 1252 3891 fuisse.
1282 3817 1378 3873 Vir
1408 3825 1746 3889 purpuratus

133 3910 278 3972 haec
309 3915 496 3971 hausit
524 3930 556 3972 e
585 3916 798 3987 magnis
837 3913 1146 3969 Annalibus
1169 3910 1306 3983 (76).
1329 3910 1532 3967 Veru‘m
1565 3907 1747 3962 Lucas

133 4009 474 4066 Holstenius
501 4023 612 4063 non
639 4008 745 4063 hoc
774 4007 960 4062 dicere
992 4005 1358 4083 Epiphaniam
1386 4003 1616 4064 detexit,
1650 3998 1747 4055 sed

128 4122 206 4162 ex
234 4104 524 4174 encyclicis
549 4100 788 4171 epistolis
826 4090 963 4154 beati
1009 4097 1293 4153 Clementis
1340 4111 1457 4167 qua:
1484 4095 1539 4149 in
1581 4092 1749 4148 eccle-

129 4198 239 4253 siis
275 4195 543 4266 leguntur,
571 4191 837 4248 Periodos
877 4192 1009 4245 istas
1048 4188 1305 4259 falsitatis
1343 4184 1602 4241 convinci.
1637 4182 1748 4238 Ne-

131 4308 245 4362 que
270 4289 414 4344 enim
438 4297 722 4357 congruere
742 4301 861 4339 cum
892 4284 1032 4356 stylo
1058 4283 1230 4339 sancti
1255 4279 1561 4343 Clementis,
1584 4293 1749 4348 neque

129 4373 267 4439 cum
297 4382 415 4454 ejus
441 4379 663 4436 docendi
687 4396 771 4434 mo
786 4380 864 4435 βο.
893 4362 1073 4433 Verba
1104 4385 1234 4454 sunt
1257 4375 1524 4430 Holstenii
1554 4373 1607 4426 in
1642 4388 1746 4426 no-

130 4478 211 4532 tis
237 4453 388 4532 mss.
422 4473 490 4530 ad
521 4473 833 4529 Bellarmini
870 4453 1211 4541 Catslogum,
1233 4469 1308 4522 in
1339 4467 1528 4522 Museo
1555 4473 1749 4521 nostro

1830 608 2005 678 magis
2025 609 2195 663 fuisse
2209 608 2556 677 depravatos,
2575 623 2738 677 quam
2761 609 2830 662 sit
2843 607 3220 678 interpretatio
3232 606 3417 661 Ruﬁni

1831 701 1925 770 qui
1953 717 2015 756 ea
2047 700 2353 764 sustulerit,
2383 715 2504 770 quae
2534 701 2601 754 ab
2644 700 2938 762 haereticis,
2977 699 3279 769 praesertim
3308 698 3420 754 Eu-

1832 792 2130 856 nomianis,
2158 793 2390 862 ingesta.
2439 792 2579 847 idem
2623 789 2852 846 Ruﬁnus
2885 800 3170 847 monuerat
3201 793 3256 844 in
3283 807 3422 862 opu-

1833 883 1989 939 sculo
2034 883 2548 940 De‘adulteratione
2602 884 2856 938 librorum
2905 883 3168 955 Origenis,
3221 885 3421 956 quippe

1832 991 1979 1048 quae,
2002 974 2192 1031 eodem
2212 974 2409 1030 Ruﬁno
2439 983 2598 1039 teste,
2624 975 2984 1029 ecclesiastica
3004 976 3193 1047 regula.
3211 977 3421 1030 omnino

1833 1086 1940 1125 non
1980 1069 2216 1138 recipiat.
2265 1068 2371 1124 Sed
2409 1070 2672 1124 memoria
2722 1069 3078 1139 repetendum
3124 1082 3228 1130 est.
3271 1070 3422 1124 binas

1833 1160 2270 1232 Recognitionum
2322 1169 2534 1216 veteres
2590 1154 2843 1214 editiones
2875 1175 2906 1217 ει
2951 1159 3148 1215 Ruﬁno
3191 1161 3424 1216 indicari

1835 1255 1891 1310 in
1919 1253 2240 1325 praefatione
2280 1252 2347 1308 ad
2389 1251 2754 1307 Gaudentium
2787 1273 2799 1307 :
2834 1252 2995 1315 Puto,
3045 1253 3244 1323 inquit,
3285 1258 3424 1322 quod

1835 1364 1939 1403 non
1975 1357 2023 1401 te
2056 1344 2370 1416 (Gaudenti)
2413 1339 2598 1407 lateat,
2644 1344 2928 1402 Clementis
2956 1345 3201 1414 ltujusin
3242 1343 3426 1399 Crteco

1834 1437 2068 1508 ejusdem
2094 1437 2265 1506 operis
2293 1437 2695 1506 Ἀναγνώσεων,
2717 1438 2812 1493 hoc
2837 1447 2915 1492 est
2946 1436 3425 1507 Recognitionum,

1837 1546 1973 1586 nues
2005 1545 2296 1585 EDITIONES
2337 1530 2542 1593 haberi,
2578 1531 2632 1583 in
2679 1530 2972 1601 aliquantis
3009 1530 3216 1600 quidem
3262 1530 3430 1584 diver-

1837 1636 1963 1686 sas;
1995 1622 2050 1676 in
2087 1621 2270 1676 multis
2302 1629 2499 1687 tamen,
2539 1621 2775 1691 ejusdem
2815 1621 3163 1675 narrationis.
3194 1620 3429 1690 Denique

1839 1728 1963 1782 pars
1990 1712 2184 1784 ultima
2218 1711 2378 1780 hujus
2417 1715 2615 1781 operis,
2637 1715 2691 1765 in
2721 1729 2825 1784 qua
2858 1712 2922 1766 de
2958 1712 3432 1781 transformatione

1840 1801 2073 1858 Simonis
2105 1801 2355 1872 refertur,
2387 1801 2441 1854 in
2481 1817 2583 1856 uno
2614 1817 2856 1857 conponi:
2897 1802 3141 1858 habetur.
3170 1801 3303 1856 Sunt
3331 1820 3430 1856 au-

1835 1904 1937 1950 tem
1959 1904 2010 1949 et
2039 1893 2285 1965 quwdam
2316 1894 2370 1947 in
2401 1909 2651 1958 unoque
2683 1909 2926 1950 conpone
2967 1895 3031 1948 de
3061 1895 3289 1965 ingenito
3322 1893 3430 1947 Deo

1834 1987 2110 2058 genitoque
2135 1987 2391 2054 disserta,
2421 1995 2470 2040 et
2498 1985 2563 2040 de
2602 1987 2727 2041 aliis
2758 1986 3048 2052 nonnullis,
3082 2002 3218 2057 quae,
3257 1995 3316 2038 ut
3344 1986 3430 2038 ni-

1836 2079 1913 2133 Itil
1935 2080 2164 2150 amplius
2183 2080 2381 2144 dicam,
2401 2087 2738 2133 excesserunt
2753 2078 3151 2149 intelligentiam
3169 2086 3428 2132 nostram.

1835 2169 1954 2226 Iam
1980 2170 2208 2244 dispice,
2241 2186 2535 2244 quamnam
2559 2169 2886 2226 Clementini
2916 2169 3100 2240 operis
3139 2169 3431 2224 editionem

1837 2262 2176 2340 Epiphanius
2205 2270 2258 2318 et
2295 2263 2524 2319 Photius
2555 2277 2790 2319 censura
2826 2261 3273 2332 perstrinxerint.
3311 2260 3431 2316 Non

1838 2363 1988 2410 certe
2006 2370 2177 2426 quam
2219 2353 2451 2410 Ruﬁnus
2475 2354 2666 2410 Latine
2695 2354 2984 2408 convertit.
3023 2352 3150 2408 Haec
3185 2353 3330 2408 enim
3364 2353 3435 2408 ab

1837 2448 2223 2505 haereticorum
2287 2448 2771 2521 depravationibus
2826 2457 3020 2516 vacat;
3078 2447 3436 2518 eamdemque

1838 2542 2004 2596 etiam
2035 2540 2222 2597 Graace
2258 2543 2524 2614 scriptam
2568 2547 2819 2607 vacasse,
2850 2557 2953 2597 nos
2991 2545 3216 2597 credere
3241 2542 3438 2612 jubent

1826 2634 1944 2689 viri
1971 2634 2147 2690 sancti
2173 2633 2438 2690 Paulinus
2470 2642 2525 2690 et
2544 2633 2904 2698 Gaudentius,
2930 2633 3024 2704 qui
3040 2648 3159 2689 eam
3182 2649 3279 2704 per
3299 2635 3438 2688 anti-

1841 2740 1966 2780 cum
1992 2724 2149 2781 Latio
2185 2725 2494 2781 donaudam
2533 2727 2883 2782 studuerunt.

1913 2813 2180 2894 Caeterum
2213 2814 2452 2872 Iacobus
2495 2813 2674 2871 Faber
2701 2815 2758 2870 in
2802 2814 3048 2884 margine
3100 2812 3439 2884 praefationis

1843 2905 2026 2963 Ruﬁni
2077 2907 2146 2963 ad
2197 2906 2585 2973 Gaudentium,
2624 2907 2719 2962 ubi
2768 2906 2834 2961 de
2876 2907 3111 2977 ingenito
3166 2909 3441 2978 genitoque

1844 2998 1954 3055 Deo
1996 2997 2197 3070 agitur,
2228 2996 2344 3056 haec
2384 3000 2550 3056 verba
2587 2999 2913 3056 adnotavit:
2943 2997 3081 3054 Pars
3123 2999 3224 3054 illa
3269 2998 3332 3053 de
3364 3001 3445 3054 in-

1844 3091 2019 3163 gem'to
2049 3092 2324 3164 genitoque
2352 3091 2486 3158 Deo,
2517 3093 2854 3163 cognoscitur
2877 3090 2940 3145 ab
2974 3090 3237 3146 Eunomia
3261 3103 3353 3146 aut
3374 3092 3442 3146 ab

1847 3183 1970 3238 aliis
2001 3184 2094 3254 qui
2127 3181 2381 3238 Eunomii
2407 3184 2762 3255 sequebantur
2793 3201 3021 3249 errores,
3051 3185 3274 3248 vitiata;
3306 3194 3364 3237 ut
3391 3194 3443 3239 et

1844 3275 2070 3343 epistola
2114 3273 2279 3328 Pauli
2326 3273 2743 3331 ad'Corintltios
2788 3293 2820 3338 a
2863 3273 3138 3331 Hareione
3193 3286 3444 3346 corrupta

1846 3367 2042 3438 fuerat.
2089 3366 2282 3425 Merito
2331 3368 2496 3437 igitur
2524 3367 2660 3429 illud
2691 3364 2946 3422 Eunomii
2992 3369 3443 3438 interpretandum

1846 3478 1949 3515 non
1979 3461 2102 3530 fuit,
2135 3469 2192 3514 ut
2228 3475 2388 3531 neque
2417 3459 2661 3515 Marcion
2691 3460 2745 3514 in
2775 3458 2968 3515 Paulo.
3001 3459 3149 3515 Istud
3193 3457 3443 3514 acholion

1849 3553 1903 3608 in
1931 3553 2146 3610 cieteris
2174 3552 2534 3617 cditionibus,
2572 3560 2626 3608 et
2658 3550 2714 3606 in
2745 3552 2864 3623 ipsa
2888 3551 3254 3620 Coteleriana,
3295 3550 3444 3606 desi-

1846 3646 2108 3713 deratur;
2138 3645 2355 3701 etiamsi
2401 3645 2458 3700 in
2497 3644 2815 3702 Coloniensi
2858 3644 2989 3700 anni
3020 3643 3159 3699 1547
3191 3643 3444 3699 scholion

1847 3738 2127 3810 persimile
2169 3737 2236 3793 ad
2278 3753 2431 3791 oram
2470 3737 2747 3808 legeretur
2792 3735 2877 3792 his
2916 3737 3142 3794 verbis:
3176 3733 3446 3803 Corrupto

1849 3831 1959 3894 lucc
1992 3831 2156 3902 fuisse
2189 3831 2429 3899 suspicor
2457 3830 2523 3882 ab
2553 3828 2840 3886 Eunomio.
2865 3827 3307 3899 quemadmodum
3329 3827 3441 3894 epi~

1834 3912 1990 3980 stola
2036 3921 2201 3978 Pauli
2230 3921 2299 3977 ad
2354 3919 2660 3976 Corinthios
2699 3937 2732 3974 a
2769 3917 3063 3977 Marciane.
3098 3919 3223 3974 Haec
3266 3925 3450 3975 tamen

1848 4001 1970 4088 qua:
2014 4015 2068 4070 in
2120 4015 2402 4092 Clemente
2453 4028 2575 4079 suo,
2608 4021 2668 4067 ut
2709 4011 2780 4067 ab
2835 4010 3120 4067 lnereticis'
3161 4018 3446 4081 corrupta.

1849 4105 2495 4181 praetermisit-Ruﬁnus,
2540 4106 2766 4178 reliquae
2793 4104 2912 4175 ejus
2961 4103 3204 4160 versioni
3245 4105 3450 4158 inserta

1849 4199 2051 4270 reperit
2073 4183 2376 4255 Cotelerius
2405 4197 2460 4252 in
2484 4197 2666 4252 tribus
2686 4195 2993 4258 codicibus,
3021 4192 3447 4257 Candeleriano,

1853 4292 2159 4348 Sorbo‘nico
2188 4300 2244 4347 et
2284 4289 2517 4345 Thuano
2549 4309 2562 4345 :
2599 4298 2836 4359 suntque
2866 4287 3044 4341 decem
3086 4285 3262 4356 capita
3306 4286 3454 4340 inter

1851 4384 2088 4456 primum
2118 4393 2173 4438 et
2205 4382 2591 4451 duodecimum
2623 4380 2834 4443 clausa,
2858 4377 2926 4432 de
2955 4377 3158 4449 quibus
3186 4377 3300 4432 ait:
3339 4375 3451 4432 Ne-

1852 4475 1960 4530 scio
1980 4473 2308 4545 quis‘igitur,
2339 4469 2479 4544 quod
2512 4487 2544 4522 a
2567 4467 2758 4538 Ruﬁno
2789 4469 3209 4542 prwtermissum
3251 4466 3451 4537 fuerat,

131 4576 458 4624 servulum.
499 4563 738 4635 Lapsum
779 4562 920 4617 ίειιιί
951 4559 1052 4616 viri
1094 4557 1360 4624 indicati.
1403 4575 1471 4614 ne
1505 4557 1600 4612 um
1630 4572 1748 4611 ἕλω-
1783 4586 1824 4640 ι)
1852 4566 1954 4621 sibi
2001 4567 2246 4634 sumpsit,
2272 4561 2350 4618 ἰιι
2389 4565 2845 4632 interpretaretur.
2909 4558 3041 4624 Hoc'
3076 4564 3454 4616 assdmentum

131 4660 299 4733 plius
328 4658 402 4714 ob
423 4657 660 4713 dicentis
682 4657 1067 4711 auctoritatem
1108 4655 1180 4708 sit
1209 4667 1376 4708 causa
1401 4648 1746 4712 offensionis,

131 4763 199 4808 ut
225 4765 417 4825 nuper
441 4747 546 4803 fuit
569 4747 726 4803 alteri
766 4747 887 4802 viro
916 4747 1102 4809 docto,
1135 4761 1296 4814 quem
1337 4744 1620 4814 corrigens
1650 4756 1750 4795 no-

130 4847 370 4903 minare
398 4831 509 4899 non
544 4841 739 4918 debeo,
772 4856 842 4896 ne
871 4839 1167 4894 amicitiam
1199 4855 1320 4911 qua:
1355 4837 1488 4892 mihi
1516 4851 1644 4891 cum
1684 4849 1751 4891 eo

129 4935 470 5001 intercedit,
496 4933 694 4988 laedere
718 4931 921 4986 videar.
952 4928 1097 4985 ldem
1127 4926 1467 5000 Epiphanius
1498 4925 1752 4982 Clemen-

127 5033 302 5087 t‘inos
359 5026 537 5082 libros
577 5024 766 5085 fuisse.
798 5023 868 5077 ab
912 5011 1186 5076 Ebionitis
1236 5028 1529 5089 corruptos
1581 5024 1752 5072 testa-

129 5135 234 5180 tur
294 5117 438 5193 (77).
489 5116 720 5172 Photius
762 5115 924 5170 etiam
974 5101 1134 5168 vocat
1174 5112 1287 5183 (78)
1319 5110 1572 5181 refertum
1621 5125 1752 5180 opus

127 5214 408 5274 absurdis
435 5212 611 5283 nugis,
643 5228 750 5265 non»
770 5210 885 5264 sine
903 5207 1146 5277 pluribus
1174 5221 1240 5261 ea:
1268 5205 1386 5258 Arii
1423 5204 1670 5274 opinione
1698 5202 1754 5256 in

129 5314 363 5370 Fdium
413 5307 770 5378 blasphemiis.
803 5303 928 5359 Haec
967 5311 1262 5358 suaserunt
1298 5300 1478 5371 magni
1513 5298 1754 5356 nominis

213 5518 343 5588 (7i)
386 5515 588 5579 Cotel.,
623 5514 679 5568 in
733 5512 910 5568 Iudic.
955 5510 1024 5565 de
1067 5508 1224 5564 libris
1277 5505 1572 5577 Recognit.,
1627 5520 1751 5577 pag.

121 5593 253 5648 484
290 5590 429 5644 edit.
462 5603 590 5652 nov.

215 5661 345 5728 (72)
389 5650 616 5721 Baron.,
649 5657 716 5712 ad
743 5672 873 5728 ann.
906 5653 1044 5728 [02.
1072 5650 1265 5728 §_xm.

213 5723 348 5800 (τε)
395 5729 616 5800 Dupin.,
630 5739 774 5800 tom.
808 5727 869 5781 ιιι
898 5723 1157 5800 Βιυιίοιιι.

215 5792 347 5866 (75')
389 5792 572 5866 Huet.,
605 5792 696 5854 De
725 5799 862 5853 clar.
887 5799 1131 5866 interpr..
1169 5809 1298 5866 pag.
1328 5792 1443 5847 151.

215 5807 322 5861 ι”Ιι
389 5807 572 5866 Huet.,
617 5807 696 5854 De
725 5807 862 5853 ctar.
887 5807 1131 5865 interpr.,
1169 5809 1294 5864 pag.
1328 5807 1443 5847 tot.

213 5807 348 5947 (751
391 5867 773 5946 Βειιειιιιιιηνυε
794 5870 974 5936 script.
1002 5865 1212 5933 eccles.,
1236 5864 1302 5920 ad
1327 5879 1456 5921 ann.
1487 5860 1577 5920 92.

1852 4659 2056 4729 prodit,
2104 4658 2158 4712 ni
2219 4656 2400 4724 fallor,
2444 4656 2751 4710 versionem
2804 4651 2985 4707 Ruﬁni
3035 4652 3340 4723 antiquitus
3385 4651 3453 4707 ad

1847 4751 2040 4806 Grmca
2071 4750 2404 4821 exemplaria
2440 4747 2777 4818 recognitam
2808 4755 2862 4800 et
2894 4746 3172 4802 collatam.

1877 4835 1880 4838 ’
1923 4842 2062 4900 νιιι.
2090 4844 2245 4898 Nunc
2268 4841 2335 4895 ad
2360 4841 2649 4911 epistolam
2681 4837 3114 4908 Recognitionum
3139 4835 3298 4892 libris
3323 4835 3455 4891 sub-

1848 4936 2051 5006 iectam
2102 4933 2476 4990 deveniamus.
2515 4932 2701 4986 Romae
2740 4947 2805 4985 ex
2857 4920 3067 4984 sedibus
3110 4927 3303 5000 Populi
3344 4927 3456 4983 Ro-

1852 5028 2024 5092 mani,
2061 5043 2208 5082 anno
2255 5026 2414 5088 1591,
2450 5025 2775 5097 prodierunt
2822 5022 3067 5093 epistolae
3093 5025 3453 5093 {summorum

1854 5120 2198 5195 pontiﬁcum,
2232 5119 2406 5174 tribus
2439 5117 2605 5173 tomis
2635 5116 2908 5172 distinctae
2939 5134 2952 5170 :
2987 5115 3042 5168 in
3075 5129 3309 5184 quorum
3342 5114 3446 5183 pri-

1855 5230 1946 5270 mo
1976 5222 2104 5269 ante
2138 5227 2330 5268 omnes
2354 5213 2489 5266 alias
2519 5218 2704 5267 exstat
2725 5223 2848 5280 quae
2877 5207 3078 5262 dicitur
3107 5205 3453 5261 Clementina

1855 5307 1925 5364 ad
1977 5306 2240 5361 Iacobum
2301 5305 2523 5358 fratrem
2584 5302 2798 5358 Domini
2883 5298 3081 5353 Ruﬁno
3135 5297 3451 5366 interprete.

1934 5505 2047 5578 (76)
2083 5503 2311 5569 Baron.,
2356 5501 2423 5554 ad
2465 5516 2594 5555 ann.
2627 5499 2716 5570 41,
2767 5498 2795 5569 §
2862 5515 2915 5563 χ,
2951 5506 3003 5553 et
3049 5496 3114 5550 ad
3163 5508 3292 5549 ann.
3334 5492 3450 5558 l02,

2089 5643 2476 5722 [Epiphﬂhbla’r
2523 5657 2650 5722 xix,
2693 5642 2834 5712 §xv.

1936 5715 2051 5787 (78')
2090 5715 2276 5778 Phot.,
2310 5715 2452 5787 liibl.
2490 5715 2614 5787 cod.
2648 5728 2807 5787 ςκιιιἶ

1867 5861 1899 5937 ὁ
2087 5786 2298 5854 Petav.,
2326 5785 2725 5857 Dogm.Theol.,
2752 5785 2848 5839 lib.
2879 5798 2898 5838 ι
2948 5780 3030 5840 De
3055 5781 3230 5850 Trin.,
3256 5780 3456 5857 οψοε,

1946 5877 1981 5915 ιι
2031 5901 2048 5919 .
