4050 6336
207 419 355 478 1205
1346 409 1761 466 ΒΕΕΟΟΝΙΤΙΟ

1866 408 1919 463 5.
1962 403 2322 460 l’ROtEML-L
3323 391 3460 450 ιξθα

361 554 3351 589 __________________________________________________________.

1501 725 2155 839 RUPINI

1235 938 1795 1012 AQUILEIENSIS
1833 934 2327 1000 PRESBYTER!

577 1278 672 1370 s.
751 1278 1430 1368 CLEMENTIS
1513 1241 2535 1369 RECOGNITIONUM
2622 1269 3053 1361 LIBROS

1411 1496 2244 1622 PR/EFATIO

1316 1739 1404 1791 AD
1441 1738 1580 1793 GAU
1596 1735 1902 1791 DENTIUM
1943 1734 2353 1791 EPISCOPUM.

1796 1918 1861 1927 --ι

271 2050 653 2122 Tihiquidem,
677 2049 945 2106 Gaudenti
981 2051 1440 2121 (98),nostrorum
1467 2048 1635 2103 decus
1661 2049 1875 2118 insigne
1909 2050 2218 2111 doctorum,
2254 2055 2439 2101 tantus
2472 2048 2671 2117 ingenii
2701 2049 2874 2118 vigor,
2905 2052 3013 2103 imo
3038 2059 3188 2102 tanta
3226 2051 3458 2118 spiritus

189 2145 372 2217 gratia
403 2155 508 2206 est,
543 2153 602 2196 ιιι
630 2145 674 2198 si
699 2145 828 2212 quid
857 2161 886 2198 a
921 2155 972 2198 te
1001 2145 1165 2197 etiam
1199 2142 1505 2211 quotidiani
1538 2141 1740 2209 eloquii
1777 2157 1926 2194 more
1976 2142 2200 2203 dicitur,
2248 2141 2290 2194 si
2325 2139 2454 2209 quid
2488 2141 2541 2193 in
2574 2140 2807 2194 ecclesia
2864 2141 3228 2207 declamatur,
3281 2142 3334 2194 id
3390 2143 3444 2198 in

189 2235 354 2289 libris
382 2234 568 2287 haberi
600 2243 652 2288 et
679 2233 745 2286 ad
781 2235 1204 2288 instructionem
1239 2233 1380 2286 tradi
1418 2233 1653 2301 posteris
1685 2231 1900 2286 debeat.
1930 2232 2040 2287 Nos
2066 2243 2269 2291 tamen,
2307 2247 2445 2300 quos
2481 2242 2534 2284 et
2559 2232 2759 2300 ingenii
2783 2233 3020 2286 tenuitas
3051 2235 3234 2289 minus
3261 2252 3451 2304 prom-

191 2330 340 2390 ptos,
375 2331 427 2376 et
455 2335 674 2377 senecta
699 2325 812 2392 jam
846 2323 1033 2378 tardos
1068 2324 1244 2377 reddit
1274 2337 1337 2374 ac
1371 2338 1586 2391 segnes,
1614 2338 1752 2392 Opus
1797 2321 1941 2390 quod
1976 2323 2103 2375 olim
2136 2322 2457 2375 venerandae
2509 2323 2784 2376 memoria:
2830 2324 2983 2394 virgo
3018 2323 3184 2378 Silvia
3220 2327 3332 2395 (99)
3370 2329 3456 2380 iu—

181 2413 471 2481 junxerat,
508 2424 565 2465 ut
596 2413 931 2468 Clementem
963 2423 1165 2469 nostra».
1196 2417 1392 2486 linguae
1421 2415 1761 2469 redderemus

1866 2415 1974 2481 00),
2003 2422 2066 2466 et
2101 2422 2156 2466 tu
2181 2413 2583 2483 deineepsjure
2606 2416 2952 2470 hzercditario
2999 2417 3286 2486 poscebas,
3322 2420 3449 2472 licet

187 2506 394 2558 multas
427 2515 546 2575 post
571 2523 774 2567 moras.
817 2516 997 2561 tamen
1028 2509 1326 2577 aliquando
1357 2507 1722 2564 restituimus.
1765 2506 2132 2575 prredamque,
2162 2513 2219 2557 ut
2246 2506 2462 2575 Opinor.
2502 2523 2608 2560 non
2640 2524 2884 2576 parvam,
2912 2508 3230 2564 Graecorum
3271 2509 3462 2571 biblio-

186 2597 368 2652 thecis
394 2609 658 2666 ereptam,
693 2607 1008 2653 nostrorum
1038 2601 1231 2654 usibus
1261 2609 1314 2655 et
1338 2600 1666 2654 utilitatibus
1702 2605 2113 2658 convectamus,
2151 2606 2207 2650 ut
2236 2615 2373 2668 quos
2399 2600 2635 2667 propriis
2661 2616 2768 2652 non
2799 2615 3120 2669 possumus,
3148 2602 3457 2670 peregrinis

185 2692 504 2744 nutriamus
537 2692 836 2747 alimoniis.
872 2691 1006 2746 Nam
1051 2701 1103 2746 et
1137 2695 1314 2748 solent
1341 2696 1593 2748 suaviora
1623 2693 1792 2745 videri
1826 2695 2128 2762 peregrina,
2152 2692 2422 2746 interdum
2449 2709 2577 2745 vero
2597 2703 2650 2746 ct
2685 2694 2921 2748 utiliora.
2952 2694 3195 2763 Denique
3217 2699 3459 2768 peregri-

188 2798 324 2835 num
345 2792 427 2835 est
455 2799 590 2851 pene
614 2799 773 2836 omne
802 2784 945 2852 quod
978 2785 1244 2838 medelam
1269 2785 1596 2854 corporibus
1629 2784 1861 2845 confert,
1888 2784 2032 2851 quod
2060 2783 2265 2836 morbis
2295 2785 2557 2848 occurrit,
2584 2785 2728 2852 quod
2761 2801 2967 2839 venena
2999 2787 3242 2856 depellit.
3270 2787 3456 2842 Judma

188 2873 425 2927 balsami
457 2875 773 2944 lacrymam,
811 2873 970 2927 Creta
1005 2891 1218 2928 comam
1247 2874 1512 2928 dictamni
1549 2873 1738 2937 mittit,
1770 2871 1972 2925 Arabia
2002 2882 2306 2924 aromatum
2338 2871 2522 2935 flores,
2543 2881 2595 2926 et
2620 2875 2896 2942 spicarum
2930 2877 3082 2929 nardi
3114 2875 3267 2930 India
3297 2893 3455 2947 segeo

188 2974 303 3020 tem
333 2968 503 3033 metit,
531 2983 652 3036 qua:
684 2968 826 3036 apud
862 2984 983 3030 nos,
1018 2968 1233 3021 etiamsi
1265 2968 1605 3036 aliquantulo
1638 2981 1802 3034 quam
1838 2963 2094 3032 proprius
2121 2977 2249 3032 ager
2298 2963 2506 3030 attulit,
2543 2964 2800 3020 fractiora
2857 2948 3207 3036 perveniunt,
3267 2969 3457 3022 odoris

187 3067 376 3113 tamen
404 3059 633 3128 gratiam
668 3060 885 3128 vimque
917 3059 1170 3111 medendi
1207 3059 1472 3127 integram
1505 3063 1747 3110 serVant.
1787 3051 2020 3120 Suscipe
2057 3052 2245 3121 igitur,
2298 3052 2479 3106 anime
2513 3052 2610 3114 mi,
2656 3055 2974 3110 redeuntem
3011 3057 3078 3110 ad
3117 3067 3170 3112 te
3198 3057 3454 3113 Clemen-

188 3151 303 3201 tem
337 3156 607 3209 nostrum,
643 3150 863 3218 suscipe
889 3149 1000 3216 jam
1026 3146 1354 3201 Romanum.
1385 3144 1494 3198 Nec
1531 3145 1769 3206 mireris,
1804 3145 1849 3198 si
1901 3142 2040 3198 forte
2081 3143 2179 3196 tibi
2219 3143 2271 3196 in
2316 3159 2381 3196 eo
2432 3144 2614 3198 minus
2659 3147 2821 3202 solito
2853 3146 3080 3204 ﬂoridus
3129 3151 3456 3222 eloquentia:

186 3243 380 3296 vultus
411 3249 693 3310 appareat.
738 3241 884 3295 Nihil
912 3241 1159 3301 interest,
1212 3237 1511 3292 dummodo
1539 3253 1734 3291 sensus
1765 3237 1907 3290 idem
1943 3234 2139 3304 sapiat.
2165 3233 2488 3304 Peregrinas
2521 3251 2651 3307 ergo
2679 3255 2889 3294 merces
2919 3242 3093 3294 multo
3121 3242 3176 3296 in
3211 3247 3445 3314 patriam

187 3330 394 3387 sudore
423 3333 850 3388 transvebimus.
889 3330 955 3385 Et
988 3331 1177 3387 nescio
1211 3346 1372 3400 quam
1394 3328 1583 3399 gratus
1616 3345 1700 3383 me
1748 3329 1951 3381 civium
1983 3327 2170 3381 vultus
2203 3327 2423 3395 accipit,
2459 3343 2654 3398 magna
2688 3330 2792 3383 sibi
2837 3330 3058 3388 Graeciae
3097 3338 3275 3404 spolia
3305 3339 3457 3395 defe-

185 3432 428 3488 rentem,
460 3431 514 3478 et
545 3425 792 3479 occultos
824 3423 1106 3492 sapientiae
1143 3423 1434 3476 thesauros
1475 3427 1678 3474 nostra:
1714 3420 1911 3488 linguae
1937 3419 2090 3472 clave
2119 3429 2476 3474 reserantem.
2514 3418 2619 3474 Sed
2645 3422 2788 3475 votis
2823 3424 2932 3478 tuis
2976 3424 3152 3481 faveat
3184 3428 3348 3495 Deus,
3389 3443 3450 3488 υι

187 3513 379 3568 nullus
401 3514 562 3568 nobis
598 3514 822 3568 sinister
854 3513 1070 3575 oculus,
1105 3527 1204 3566 nec
1237 3513 1563 3580 cujusquam
1598 3511 1798 3564 lividus
1830 3516 2091 3562 occurrat
2127 3519 2403 3578 aspectus,
2433 3527 2498 3564 ne
2528 3518 2772 3564 extremo
2815 3515 3044 3586 prodigii
3074 3535 3291 3588 genere,
3321 3540 3448 3581 cum

186 3605 327 3660 nihil
359 3606 636 3660 invideant
669 3605 742 3657 illi
770 3605 969 3674 quibus
1000 3604 1271 3667 aufertur,
1309 3605 1575 3658 livescant
1606 3610 1787 3657 tamen
1816 3603 1904 3656 isti
1931 3601 2132 3672 quibus
2155 3601 2458 3656 confertur.
2496 3602 2735 3673 Equum
2770 3615 2853 3661 est
2894 3623 3046 3673 sane,
3079 3612 3177 3666 tibi
3210 3615 3303 3683 qui
3329 3616 3450 3672 haec

185 3695 353 3751 etiam
388 3697 464 3766 (l)
497 3696 679 3751 Grzece
710 3697 906 3766 legeris
936 3699 1026 3764 (ne
1070 3696 1209 3751 forte
1242 3699 1296 3752 in
1349 3697 1624 3767 aliquibus
1677 3697 1857 3751 minus
1906 3712 1932 3750 a
1993 3697 2151 3751 nobis
2183 3706 2459 3750 servatun
2517 3700 2895 3755 translationis
2943 3705 3190 3759 ordinem
3241 3691 3450 3777 putes),

187 3788 661 3857 interpretationis
693 3801 892 3842 nostra:
923 3789 1166 3844 indicare
1191 3789 1508 3844 consilium.
1540 3789 1680 3843 Puto
1711 3789 1857 3858 quod
1892 3804 1999 3840 non
2037 3795 2088 3840 te
2131 3788 2316 3851 lateat,
2354 3789 2648 3844 Clementis
2680 3792 2842 3860 hujus
2893 3795 2946 3848 in
2989 3795 3178 3851 Graeco
3208 3799 3450 3868 ejusdem

185 3881 372 3950 aperis
416 3880 816 3948 ‘Avaywbszwv,
845 3882 950 3934 hoc
972 3889 1055 3936 est
1087 3881 1540 3951 Recognitionum,
1568 3883 1706 3936 duas
1733 3881 2003 3935 editiones
2035 3881 2245 3945 haberi,
2287 3887 2340 3935 et
2371 3880 2480 3935 duo
2507 3896 2740 3952 corpora
2774 3901 2897 3941 esse
2929 3888 3217 3954 librorum,
3253 3893 3305 3946 in
3341 3894 3441 3946 ali-

186 3975 408 4046 quantis
439 3975 658 4043 quidem
694 3975 908 4037 diversa
941 3975 1038 4043 (2),
1074 3975 1126 4028 in
1160 3975 1344 4029 multis
1389 3984 1575 4028 tamen
1608 3974 1853 4043 ejusdem
1888 3975 2242 4027 narrationis.
2296 3973 2553 4043 Denique‘
2585 3991 2710 4044 pars
2743 3978 2934 4032 ultima
2967 3981 3131 4051 hujus
3151 3987 3356 4053 operis,
3389 3987 3444 4041 in

189 4083 303 4138 qua
333 4070 398 4123 de
423 4067 913 4122 transformatione
949 4067 1188 4122 Simonis
1222 4068 1480 4130 refertur,
1518 4070 1568 4120 in
1599 4083 1711 4120 uno
1741 4083 1971 4136 corpore
2008 4068 2262 4128 habetur,
2317 4067 2371 4121 in
2405 4068 2513 4121 alio
2563 4072 2781 4138 penitus
2834 4089 2941 4128 non
3001 4077 3249 4133 habetur.
3305 4081 3448 4137 Sunt

184 4166 437 4217 autemet
453 4160 699 4229 quzedam
721 4159 774 4213 in
793 4167 1021 4229 utroque
1039 4175 1269 4228 corpore
1282 4158 1349 4212 de
1376 4160 1618 4226 ingenito
1643 4158 1750 4213 Deo
1772 4159 2152 4228 genitoque(5)
2169 4159 2424 4224 disserta,
2444 4168 2497 4212 et
2519 4161 2586 4214 de
2608 4163 2729 4218 aliis
2756 4168 3055 4232 nonnullis,
3081 4184 3288 4240 quze,ut
3316 4178 3450 4232 nihil

188 4253 428 4323 amplius
450 4252 650 4314 dicam,
682 4259 1040 4306 excesserunt
1067 4251 1480 4319 intelligentiam
1508 4258 1775 4304 nostram.
1813 4249 1935 4303 [hee
1967 4266 2096 4319 ergo
2129 4264 2251 4319 ego,
2283 4258 2542 4320 tanquam
2569 4270 2688 4322 qua:
2703 4272 2866 4326 supra
2891 4259 3034 4315 vires
3067 4280 3214 4318 meas
3241 4279 3445 4332 essent.

188 4345 314 4402 aliis
347 4357 631 4399 reservare
671 4344 859 4406 malui,
888 4359 1050 4413 quam
1085 4344 1268 4397 minus
1305 4343 1460 4412 plena
1483 4342 1750 4411 proferre.
1781 4342 1836 4394 In
1863 4344 2078 4397 ueteris
2111 4350 2583 4411 autem,quantum
2612 4348 2908 4414 potuimus,
2931 4368 3150 4421 operam
3175 4357 3444 4423 dedimus.

1495 4584 1856 4642 COTELERII
1912 4587 2142 4643 NOTAE.

1871 4742 2103 4815 seribit__:
2145 4741 2391 4815 Quinimo
2431 4746 2566 4797 sicut
2595 4754 2642 4794 et
2677 4747 2847 4812 ipsum
2890 4764 3092 4815 quoque
3123 4749 3442 4807 Clementem

263 4745 700 4817 (98),Gaudenti.
759 4744 959 4817 Omnes
1014 4743 1232 4796 codices
1293 4742 1453 4817 manu
1509 4747 1764 4817 exarati,

1867 4828 2028 4888 quem_
2051 4810 2272 4879 [tu/inus
2304 4810 2721 4888 nostratlingute
2760 4810 3050 4888 redditum,
3101 4822 3397 4874 restitutum
3424 4867 3439 4888 ,

186 4814 330 4888 quas
351 4814 536 4888 vjdere
576 4815 706 4888 mihi
750 4815 1007 4888 contigit;
1049 4830 1140 4888 sex
1163 4852 1177 4873 ,
1205 4884 1215 4888 _
1249 4814 1494 4888 Scilicet,
1525 4815 1762 4888 habent,

186 4883 328 4958 papa
356 4884 637 4958 Gaudenti.
655 4883 922 4958 Alntellige
949 4883 1314 4936 Gaudentium
1353 4883 1760 4949 Nov-ariensem,

187 4955 286 5014 seu
313 4957 494 5024 potius
525 4955 877 5024 Brigiensenr.

259 5022 372 5094 (99)
424 5026 578 5094 Virgo
609 5023 809 5093 Sglvia.
845 5023 1017 5075 Etiam
1054 5022 1514 5094 mss.‘Gaudeler.
1548 5033 1600 5078 et
1630 5027 1764 5080 Car-

185 5091 363 5151 tnelit.
408 5091 561 5165 Virg'o
586 5091 793 5148 nomine
835 5093 1018 5165 Silvia.
1041 5092 1211 5165 Apud
1245 5091 1765 5165 PalladiumJIisto-

185 5170 283 5219 rite
313 5163 593 5218 Lausidca:
652 5181 772 5233 cap.
809 5165 930 5233 Ml.
965 5163 1186 5233 Σαλϐια,
1221 5164 1403 5218 minus
1435 5165 1590 5226 bene,
1618 5177 1764 5220 recte

186 5237 357 5290 Silvia
389 5238 442 5288 in
476 5232 778 5288 Heraclidis
809 5232 1106 5303 Puradiso,
1141 5249 1260 5300 cap.
1307 5233 1373 5286 4‘2
1396 5275 1409 5295 ,
1442 5244 1494 5286 et
1534 5236 1762 5303 epistola

188 5308 246 5360 Η
288 5304 343 5359 S.
383 5305 618 5358 Paulini.
651 5305 766 5356 Alia
799 5318 828 5356 a
862 5302 1081 5357 Silvana
1112 5303 1275 5357 vidua
1299 5343 1313 5368 ,
1374 5304 1444 5358 de
1478 5302 1585 5372 qua
1624 5307 1764 5360 scri-

187 5385 374 5447 ptores
398 5374 532 5447 Vita:
665 5373 1098 5443 Chrysostomi.‘

261 5447 408 5516 (I00)
446 5445 516 5499 Ut
543 5443 882 5516 Clementem
930 5454 1124 5496 nostra:
1169 5443 1372 5516 lingua:
1401 5445 1758 5516 redderemus.

185 5513 493 5569 Romanum
539 5515 736 5582 linguae
779 5513 1173 5566 Romanorum.
1220 5515 1448 5568 Inferius
1491 5534 1502 5568 :
1548 5514 1763 5577 Suscipe

183 5587 367 5656 igitur.
401 5587 576 5656 anime
601 5586 672 5637 mi
701 5588 826 5651 (ms.
875 5585 1100 5637 Candel.
1125 5587 1490 5656 magnanhne,
1521 5586 1758 5656 Qarmel.

185 5653 261 5709 me
292 5655 534 5716 Domine,
561 5654 676 5709 Pet.
710 5656 1009 5723 miamice),
1044 5655 1340 5707 redeuntem
1359 5654 1427 5706 ad
1454 5666 1498 5708 te
1522 5653 1762 5709 Clemen-

187 5735 292 5780 tem
325 5736 562 5779 nostrum
595 5740 611 5775 :
649 5727 847 5792 suscipe
877 5723 1345 5796 jgm__Romanmn.
1380 5724 1542 5796 Gravi
1587 5727 1759 5796 siqui-

185 5797 308 5851 dem
337 5812 524 5850 errore
557 5796 881 5850 Anastasius
911 5793 1386 5854 Bibliothecarius.
1422 5793 1667 5862 Epistold
1692 5797 1760 5848 ad

185 5865 448 5922 Joannem
467 5867 748 5928 diaconum
775 5866 1088 5932 Bovianum,
1113 5880 1212 5920 nec
1236 5866 1512 5922 intellecto
1536 5865 1755 5933 Ruﬁno,

1867 4891 1916 4962 et
1939 4881 2332 4962 redeunte-muti
2360 4881 2710 4962 Gaudentium
2734 4886 2962 4962 scribens
2991 4889 3161 4941 innuit
3186 4907 3202 4950 ;
3225 4902 3274 4943 et
3301 4881 3443 4962 quod

1867 4950 2056 5004 Latine
2080 4954 2318 5028 scriptus
2352 4953 2621 5028 fuerit,_et
2653 4955 2906 5028 amissus,
2974 4973 3258 5028 rursusque
3301 4950 3442 5016 rece-

1867 5033 2009 5090 ptus,
2042 5023 2315 5089 signanter
2357 5024 2582 5076 ostendit
2612 5042 2629 5078 :
2665 5038 2785 5076 eum
2836 5025 3063 5081 Rufinus
3094 5023 3282 5084 contra
3330 5049 3440 5089 non

1867 5094 2100 5146 obscure
2146 5093 2413 5162 significet
2470 5094 2521 5147 id
2569 5096 2711 5162 quod
2765 5113 2851 5149 res
2895 5105 2997 5157 est,
3048 5097 3439 5162 Recoguitiones

1869 5119 2100 5146 υυδυιηυ
2146 5119 2413 5159 austrinum
2470 5119 2521 5147 lu
2569 5119 2711 5162 quuu
2767 5119 2851 5149 res
2895 5119 2997 5157 eat,
3048 5119 3180 5152 neco
3218 5119 3434 5158 muoue:

1869 5161 2339 5239 primitus__Gr.ece
2370 5164 2639 5239 scriptas.
2671 5163 2857 5239 fuisse.
2929 5167 3120 5223 Postea
3173 5119 3434 5239 Eat-mel”

1869 5251 2055 5301 magna
2077 5232 2385 5302 sibigqratire
2411 5236 2582 5301 spolia
2605 5233 2934 5302 deferentem.

1940 5305 2015 5367 (l)
2058 5302 2157 5355 Ms.
2186 5301 2456 5369 Pet.jam.

1938 5374 2014 5440 (2)
2057 5373 2154 5426 Ms.
2191 5371 2363 5426 (laud.
2397 5384 2448 5428 et
2471 5373 2528 5428 P.
2559 5376 2796 5430 diversa).

1936 5445 2012 5514 (5)
2054 5443 2130 5516 De
2168 5443 2394 5509 ingenito
2436 5444 2564 5507 Deo,
2606 5448 2894 5516 genimque,
2927 5455 3034 5503 etc.
3068 5448 3125 5503 In
3150 5453 3432 5509 sublimis-

1865 5515 2150 5590 s_i_ma__hac
2196 5516 2527 5590 gyarstione,
2573 5515 3029 5590 quemadmodum
3073 5523 3374 5590 appellatur
3403 5541 3435 5578 a

1863 5584 2164 5662 Claudiano
2201 5583 2829 5662 Mamerto;_etiin_aliis
2870 5583 3198 5662 quibusdam
3235 5595 3434 5662 depra-

1866 5655 2617 5730 vatas_fuisse-Clenientinas
2651 5655 3046 5730 Recognit’iones
3095 5677 3189 5730 per
3219 5655 3433 5717 lutei-eti-

1864 5743 1980 5785 eos.
2011 5726 2291 5780 Ebionitas
2311 5767 2324 5790 ,
2357 5725 2592 5780 Arianos
2612 5768 2626 5786 .
2655 5739 2709 5781 et
2739 5725 3109 5784 Eunomianos
3129 5773 3141 5792 ,
3167 5732 3434 5790 discimus

1865 5797 1932 5850 ab
1965 5795 2267 5921 Egiphlanio
2287 5839 2300 5863 ,
2340 5795 2534 5852 Rufino
2555 5838 2568 5862 ,
2597 5797 2806 5854 Photio.
2852 5799 2982 5856 Vide
3017 5800 3156 5856 intra
3180 5843 3193 5866 ,
3223 5805 3315 5859 lib.
3371 5816 3430 5857 tu

1865 5883 1986 5921 can.
2060 5906 2073 5921 .
2097 5883 2126 5921 e
2153 5883 2200 5921 c.

1865 5883 1986 5937 cap.
2018 5877 2073 5933 2,
2097 5877 2200 5923 etc.
