  <div class='ocr_page' id='page_1' title='image "/cluster/home/n/w/nwhite01/storage/ocr_20150623/1/pst.000005711796/611.png"; bbox 0 0 4050 6336; ppageno 0'>
   <div class='ocr_carea' id='block_1_1' title="bbox 666 359 2221 425">
    <p class='ocr_par' dir='ltr' id='par_1_1' title="bbox 666 359 2221 425">
     <span class='ocr_line' id='line_1_1' title="bbox 666 359 2221 425; baseline -0.006 -1"><span class='ocrx_word' id='word_1_1' title='bbox 666 370 804 425; x_wconf 71' lang='lat'><strong>£9.07</strong></span> <span class='ocrx_word' id='word_1_2' title='bbox 1512 365 1572 419; x_wconf 87' lang='lat' dir='ltr'><strong>S.</strong></span> <span class='ocrx_word' id='word_1_3' title='bbox 1615 361 2000 419; x_wconf 81' lang='lat' dir='ltr'><strong>CLEMENTIS</strong></span> <span class='ocrx_word' id='word_1_4' title='bbox 2035 359 2054 413; x_wconf 92' lang='lat' dir='ltr'><strong>I</strong></span> <span class='ocrx_word' id='word_1_5' title='bbox 2093 360 2221 416; x_wconf 67' lang='lat' dir='ltr'><strong>R0):</strong></span> 
     </span>
    </p>
   </div>
   <div class='ocr_carea' id='block_1_2' title="bbox 2327 359 3938 425">
    <p class='ocr_par' dir='ltr' id='par_1_2' title="bbox 2327 361 3938 422">
     <span class='ocr_line' id='line_1_2' title="bbox 2327 361 3938 422; baseline 0.002 -5"><span class='ocrx_word' id='word_1_6' title='bbox 2327 361 2438 417; x_wconf 69' lang='grc' dir='ltr'><strong>ὈΝ</strong></span> <span class='ocrx_word' id='word_1_7' title='bbox 2447 362 2509 416; x_wconf 87' lang='grc' dir='ltr'><strong>Τ.</strong></span> <span class='ocrx_word' id='word_1_8' title='bbox 2546 362 2777 418; x_wconf 75' lang='lat' dir='ltr'><strong>OPERA</strong></span> <span class='ocrx_word' id='word_1_9' title='bbox 2821 364 2908 422; x_wconf 88' lang='lat' dir='ltr'><strong>DU</strong></span> <span class='ocrx_word' id='word_1_10' title='bbox 2919 366 3024 419; x_wconf 82' lang='grc' dir='ltr'><strong>ΒΙΑ</strong></span> <span class='ocrx_word' id='word_1_11' title='bbox 3039 408 3051 421; x_wconf 96' lang='grc'><strong><em>.</em></strong></span> <span class='ocrx_word' id='word_1_12' title='bbox 3801 364 3938 421; x_wconf 73' lang='lat' dir='ltr'><strong>secs</strong></span> 
     </span>
    </p>
   </div>
   <div class='ocr_carea' id='block_1_3' title="bbox 663 475 3936 553">
    <p class='ocr_par' dir='ltr' id='par_1_3' title="bbox 663 475 3936 553">
     <span class='ocr_line' id='line_1_3' title="bbox 663 475 3936 553; baseline -0 -18"><span class='ocrx_word' id='word_1_13' title='bbox 663 494 774 535; x_wconf 88' lang='lat' dir='ltr'><strong>non</strong></span> <span class='ocrx_word' id='word_1_14' title='bbox 805 477 978 532; x_wconf 89' lang='lat' dir='ltr'><strong>solum</strong></span> <span class='ocrx_word' id='word_1_15' title='bbox 1018 491 1046 530; x_wconf 91' lang='lat' dir='ltr'><strong>a</strong></span> <span class='ocrx_word' id='word_1_16' title='bbox 1083 475 1390 539; x_wconf 86' lang='lat' dir='ltr'><strong>sententiis,</strong></span> <span class='ocrx_word' id='word_1_17' title='bbox 1419 476 1513 531; x_wconf 88' lang='lat' dir='ltr'><strong>sed</strong></span> <span class='ocrx_word' id='word_1_18' title='bbox 1539 491 1607 531; x_wconf 89' lang='lat' dir='ltr'><strong>ne</strong></span> <span class='ocrx_word' id='word_1_19' title='bbox 1637 491 1666 529; x_wconf 89' lang='lat' dir='ltr'><strong>a</strong></span> <span class='ocrx_word' id='word_1_20' title='bbox 1699 476 2045 532; x_wconf 84' lang='lat' dir='ltr'><strong>sermonibus</strong></span> <span class='ocrx_word' id='word_1_21' title='bbox 2083 475 2301 544; x_wconf 84' lang='lat' dir='ltr'><strong>quidem</strong></span> <span class='ocrx_word' id='word_1_22' title='bbox 2326 478 2461 530; x_wconf 86' lang='lat' dir='ltr'><strong>satis</strong></span> <span class='ocrx_word' id='word_1_23' title='bbox 2483 477 2997 550; x_wconf 82' lang='lat' dir='ltr'><strong>elocutionibusquo</strong></span> <span class='ocrx_word' id='word_1_24' title='bbox 3023 480 3327 536; x_wconf 83' lang='lat' dir='ltr'><strong>discedere.</strong></span> <span class='ocrx_word' id='word_1_25' title='bbox 3376 480 3507 547; x_wconf 64' lang='lat' dir='ltr'><strong>Quae</strong></span> <span class='ocrx_word' id='word_1_26' title='bbox 3532 497 3627 538; x_wconf 88' lang='lat' dir='ltr'><strong>res</strong></span> <span class='ocrx_word' id='word_1_27' title='bbox 3659 485 3936 553; x_wconf 74' lang='lat' dir='ltr'><strong>quamvis</strong></span> 
     </span>
    </p>
   </div>
   <div class='ocr_carea' id='block_1_4' title="bbox 662 566 3935 640">
    <p class='ocr_par' dir='ltr' id='par_1_4' title="bbox 662 566 3935 640">
     <span class='ocr_line' id='line_1_4' title="bbox 662 566 3935 640; baseline 0.001 -17"><span class='ocrx_word' id='word_1_28' title='bbox 662 571 843 623; x_wconf 78' lang='lat' dir='ltr'><strong>minus</strong></span> <span class='ocrx_word' id='word_1_29' title='bbox 863 580 1139 633; x_wconf 88' lang='lat' dir='ltr'><strong>ornatum,</strong></span> <span class='ocrx_word' id='word_1_30' title='bbox 1167 569 1340 639; x_wconf 89' lang='lat' dir='ltr'><strong>magis</strong></span> <span class='ocrx_word' id='word_1_31' title='bbox 1371 575 1553 622; x_wconf 87' lang='lat' dir='ltr'><strong>tamen</strong></span> <span class='ocrx_word' id='word_1_32' title='bbox 1579 568 1734 622; x_wconf 84' lang='lat' dir='ltr'><strong>lidele</strong></span> <span class='ocrx_word' id='word_1_33' title='bbox 1759 567 2091 621; x_wconf 70' lang='lat' dir='ltr'><strong>narrationis</strong></span> <span class='ocrx_word' id='word_1_34' title='bbox 2121 566 2297 621; x_wconf 78' lang='lat' dir='ltr'><strong>reddit</strong></span> <span class='ocrx_word' id='word_1_35' title='bbox 2320 567 2623 635; x_wconf 82' lang='lat' dir='ltr'><strong>eloquium.</strong></span> <span class='ocrx_word' id='word_1_36' title='bbox 2652 567 2947 636; x_wconf 82' lang='lat' dir='ltr'><strong>Epistolam</strong></span> <span class='ocrx_word' id='word_1_37' title='bbox 2977 586 3132 635; x_wconf 83' lang='lat' dir='ltr'><strong>sane,</strong></span> <span class='ocrx_word' id='word_1_38' title='bbox 3166 572 3220 624; x_wconf 88' lang='lat' dir='ltr'><strong>in</strong></span> <span class='ocrx_word' id='word_1_39' title='bbox 3243 587 3350 640; x_wconf 89' lang='lat' dir='ltr'><strong>qua</strong></span> <span class='ocrx_word' id='word_1_40' title='bbox 3381 571 3520 626; x_wconf 90' lang='lat' dir='ltr'><strong>idem</strong></span> <span class='ocrx_word' id='word_1_41' title='bbox 3550 571 3844 628; x_wconf 82' lang='lat' dir='ltr'><strong>Clemens</strong></span> <span class='ocrx_word' id='word_1_42' title='bbox 3875 573 3935 625; x_wconf 79' lang='lat' dir='ltr'><strong>ad</strong></span> 
     </span>
    </p>
   </div>
   <div class='ocr_carea' id='block_1_5' title="bbox 661 659 3927 732">
    <p class='ocr_par' dir='ltr' id='par_1_5' title="bbox 661 659 3927 732">
     <span class='ocr_line' id='line_1_5' title="bbox 661 659 3927 732; baseline 0 -16"><span class='ocrx_word' id='word_1_43' title='bbox 661 662 921 716; x_wconf 79' lang='lat' dir='ltr'><strong>Iacobum</strong></span> <span class='ocrx_word' id='word_1_44' title='bbox 954 663 1173 717; x_wconf 75' lang='lat' dir='ltr'><strong>fratrem</strong></span> <span class='ocrx_word' id='word_1_45' title='bbox 1200 662 1413 716; x_wconf 86' lang='lat' dir='ltr'><strong>Domini</strong></span> <span class='ocrx_word' id='word_1_46' title='bbox 1441 663 1690 717; x_wconf 88' lang='lat' dir='ltr'><strong>scribens</strong></span> <span class='ocrx_word' id='word_1_47' title='bbox 1721 660 1787 714; x_wconf 90' lang='lat' dir='ltr'><strong>de</strong></span> <span class='ocrx_word' id='word_1_48' title='bbox 1816 661 1967 714; x_wconf 89' lang='lat' dir='ltr'><strong>obitu</strong></span> <span class='ocrx_word' id='word_1_49' title='bbox 1998 661 2217 714; x_wconf 89' lang='lat' dir='ltr'><strong>nuntiat</strong></span> <span class='ocrx_word' id='word_1_50' title='bbox 2237 659 2384 714; x_wconf 78' lang='lat' dir='ltr'><strong>Petri</strong></span> <span class='ocrx_word' id='word_1_51' title='bbox 2415 660 2515 730; x_wconf 46' lang='lat' dir='ltr'><strong>(tl),</strong></span> <span class='ocrx_word' id='word_1_52' title='bbox 2545 660 2769 730; x_wconf 87' lang='lat' dir='ltr'><strong>etquod</strong></span> <span class='ocrx_word' id='word_1_53' title='bbox 2813 677 2870 717; x_wconf 91' lang='lat' dir='ltr'><strong>se</strong></span> <span class='ocrx_word' id='word_1_54' title='bbox 2899 663 3184 732; x_wconf 84' lang='lat' dir='ltr'><strong>reliquerit</strong></span> <span class='ocrx_word' id='word_1_55' title='bbox 3213 679 3592 720; x_wconf 78' lang='lat' dir='ltr'><strong>successorem</strong></span> <span class='ocrx_word' id='word_1_56' title='bbox 3621 665 3927 719; x_wconf 70' lang='lat' dir='ltr'><strong>cathedra</strong></span> 
     </span>
    </p>
   </div>
   <div class='ocr_carea' id='block_1_6' title="bbox 659 753 3932 829">
    <p class='ocr_par' dir='ltr' id='par_1_6' title="bbox 659 753 3932 829">
     <span class='ocr_line' id='line_1_6' title="bbox 659 753 3932 829; baseline 0.001 -19"><span class='ocrx_word' id='word_1_57' title='bbox 659 765 714 810; x_wconf 88' lang='lat' dir='ltr'><strong>et</strong></span> <span class='ocrx_word' id='word_1_58' title='bbox 741 757 1004 811; x_wconf 64' lang='lat' dir='ltr'><strong>doctrinae</strong></span> <span class='ocrx_word' id='word_1_59' title='bbox 1037 769 1169 820; x_wconf 65' lang='lat' dir='ltr'><strong>Suae,</strong></span> <span class='ocrx_word' id='word_1_60' title='bbox 1203 757 1258 811; x_wconf 92' lang='lat' dir='ltr'><strong>in</strong></span> <span class='ocrx_word' id='word_1_61' title='bbox 1279 772 1384 827; x_wconf 88' lang='lat' dir='ltr'><strong>qua</strong></span> <span class='ocrx_word' id='word_1_62' title='bbox 1417 757 1579 810; x_wconf 88' lang='lat' dir='ltr'><strong>etiam</strong></span> <span class='ocrx_word' id='word_1_63' title='bbox 1611 756 1676 810; x_wconf 92' lang='lat' dir='ltr'><strong>de</strong></span> <span class='ocrx_word' id='word_1_64' title='bbox 1706 756 1854 809; x_wconf 91' lang='lat' dir='ltr'><strong>omni</strong></span> <span class='ocrx_word' id='word_1_65' title='bbox 1885 753 2076 809; x_wconf 88' lang='lat' dir='ltr'><strong>ordine</strong></span> <span class='ocrx_word' id='word_1_66' title='bbox 2104 754 2484 811; x_wconf 86' lang='lat' dir='ltr'><strong>ecclesiastico</strong></span> <span class='ocrx_word' id='word_1_67' title='bbox 2504 757 2838 820; x_wconf 75' lang='lat' dir='ltr'><strong>continetur,</strong></span> <span class='ocrx_word' id='word_1_68' title='bbox 2858 757 2981 813; x_wconf 89' lang='lat' dir='ltr'><strong>ideo</strong></span> <span class='ocrx_word' id='word_1_69' title='bbox 3007 773 3155 813; x_wconf 91' lang='lat' dir='ltr'><strong>nunc</strong></span> <span class='ocrx_word' id='word_1_70' title='bbox 3177 757 3305 812; x_wconf 85' lang='lat' dir='ltr'><strong>huic</strong></span> <span class='ocrx_word' id='word_1_71' title='bbox 3324 760 3475 828; x_wconf 88' lang='lat' dir='ltr'><strong>operi</strong></span> <span class='ocrx_word' id='word_1_72' title='bbox 3500 774 3612 814; x_wconf 89' lang='lat' dir='ltr'><strong>non</strong></span> <span class='ocrx_word' id='word_1_73' title='bbox 3646 759 3932 829; x_wconf 67' lang='lat' dir='ltr'><strong>pramisi,</strong></span> 
     </span>
    </p>
   </div>
   <div class='ocr_carea' id='block_1_7' title="bbox 660 847 3933 921">
    <p class='ocr_par' dir='ltr' id='par_1_7' title="bbox 660 847 3933 921">
     <span class='ocr_line' id='line_1_7' title="bbox 660 847 3933 921; baseline 0.001 -17"><span class='ocrx_word' id='word_1_74' title='bbox 660 851 787 921; x_wconf 84' lang='lat' dir='ltr'><strong>quia</strong></span> <span class='ocrx_word' id='word_1_75' title='bbox 815 859 868 906; x_wconf 90' lang='lat' dir='ltr'><strong>et</strong></span> <span class='ocrx_word' id='word_1_76' title='bbox 897 859 1143 920; x_wconf 90' lang='lat' dir='ltr'><strong>tempore</strong></span> <span class='ocrx_word' id='word_1_77' title='bbox 1167 851 1438 920; x_wconf 84' lang='lat' dir='ltr'><strong>posterior</strong></span> <span class='ocrx_word' id='word_1_78' title='bbox 1469 857 1573 913; x_wconf 90' lang='lat' dir='ltr'><strong>est,</strong></span> <span class='ocrx_word' id='word_1_79' title='bbox 1602 857 1657 902; x_wconf 93' lang='lat' dir='ltr'><strong>et</strong></span> <span class='ocrx_word' id='word_1_80' title='bbox 1686 849 1815 902; x_wconf 89' lang='lat' dir='ltr'><strong>olim</strong></span> <span class='ocrx_word' id='word_1_81' title='bbox 1849 864 1879 902; x_wconf 92' lang='lat' dir='ltr'><strong>a</strong></span> <span class='ocrx_word' id='word_1_82' title='bbox 1907 864 1994 903; x_wconf 88' lang='lat' dir='ltr'><strong>me</strong></span> <span class='ocrx_word' id='word_1_83' title='bbox 2029 848 2388 918; x_wconf 82' lang='lat' dir='ltr'><strong>interpretata</strong></span> <span class='ocrx_word' id='word_1_84' title='bbox 2407 856 2462 904; x_wconf 91' lang='lat' dir='ltr'><strong>et</strong></span> <span class='ocrx_word' id='word_1_85' title='bbox 2497 849 2660 904; x_wconf 88' lang='lat' dir='ltr'><strong>edita.</strong></span> <span class='ocrx_word' id='word_1_86' title='bbox 2693 847 2798 904; x_wconf 87' lang='lat' dir='ltr'><strong>Sed</strong></span> <span class='ocrx_word' id='word_1_87' title='bbox 2829 849 2975 919; x_wconf 87' lang='lat' dir='ltr'><strong>quod</strong></span> <span class='ocrx_word' id='word_1_88' title='bbox 2999 850 3054 904; x_wconf 91' lang='lat' dir='ltr'><strong>in</strong></span> <span class='ocrx_word' id='word_1_89' title='bbox 3074 865 3139 905; x_wconf 89' lang='lat' dir='ltr'><strong>ea</strong></span> <span class='ocrx_word' id='word_1_90' title='bbox 3165 851 3448 906; x_wconf 84' lang='lat' dir='ltr'><strong>nonnullis</strong></span> <span class='ocrx_word' id='word_1_91' title='bbox 3470 851 3722 907; x_wconf 75' lang='lat' dir='ltr'><strong>fortasse</strong></span> <span class='ocrx_word' id='word_1_92' title='bbox 3768 852 3933 906; x_wconf 79' lang='lat' dir='ltr'><strong>vide-</strong></span> 
     </span>
    </p>
   </div>
   <div class='ocr_carea' id='block_1_8' title="bbox 661 942 3932 1016">
    <p class='ocr_par' dir='ltr' id='par_1_8' title="bbox 661 942 3932 1016">
     <span class='ocr_line' id='line_1_8' title="bbox 661 942 3932 1016; baseline 0 -17"><span class='ocrx_word' id='word_1_93' title='bbox 661 946 808 999; x_wconf 86' lang='lat' dir='ltr'><strong>bitur</strong></span> <span class='ocrx_word' id='word_1_94' title='bbox 841 945 1263 1013; x_wconf 86' lang='lat' dir='ltr'><strong>inconsequens,</strong></span> <span class='ocrx_word' id='word_1_95' title='bbox 1294 944 1339 999; x_wconf 89' lang='lat' dir='ltr'><strong>si</strong></span> <span class='ocrx_word' id='word_1_96' title='bbox 1369 943 1458 996; x_wconf 88' lang='lat' dir='ltr'><strong>hic</strong></span> <span class='ocrx_word' id='word_1_97' title='bbox 1485 944 1825 1011; x_wconf 77' lang='lat' dir='ltr'><strong>explanetur,</strong></span> <span class='ocrx_word' id='word_1_98' title='bbox 1850 958 1961 995; x_wconf 89' lang='lat' dir='ltr'><strong>non</strong></span> <span class='ocrx_word' id='word_1_99' title='bbox 1994 949 2124 1011; x_wconf 92' lang='lat' dir='ltr'><strong>puto</strong></span> <span class='ocrx_word' id='word_1_100' title='bbox 2154 942 2455 996; x_wconf 85' lang='lat' dir='ltr'><strong>absurdum</strong></span> <span class='ocrx_word' id='word_1_101' title='bbox 2479 943 2670 998; x_wconf 90' lang='lat' dir='ltr'><strong>videri.</strong></span> <span class='ocrx_word' id='word_1_102' title='bbox 2705 942 2934 1008; x_wconf 84' lang='lat' dir='ltr'><strong>Quidam</strong></span> <span class='ocrx_word' id='word_1_103' title='bbox 2965 945 3110 1000; x_wconf 87' lang='lat' dir='ltr'><strong>enim</strong></span> <span class='ocrx_word' id='word_1_104' title='bbox 3147 947 3454 1015; x_wconf 86' lang='lat' dir='ltr'><strong>requirunt,</strong></span> <span class='ocrx_word' id='word_1_105' title='bbox 3483 947 3782 1016; x_wconf 86' lang='lat' dir='ltr'><strong>quomodo</strong></span> <span class='ocrx_word' id='word_1_106' title='bbox 3806 960 3932 999; x_wconf 86' lang='lat' dir='ltr'><strong>cum</strong></span> 
     </span>
    </p>
   </div>
   <div class='ocr_carea' id='block_1_9' title="bbox 658 1033 3932 1107">
    <p class='ocr_par' dir='ltr' id='par_1_9' title="bbox 658 1033 3932 1107">
     <span class='ocr_line' id='line_1_9' title="bbox 658 1033 3932 1107; baseline 0 -17"><span class='ocrx_word' id='word_1_107' title='bbox 658 1036 829 1092; x_wconf 89' lang='lat' dir='ltr'><strong>Linus</strong></span> <span class='ocrx_word' id='word_1_108' title='bbox 854 1046 908 1091; x_wconf 91' lang='lat' dir='ltr'><strong>et</strong></span> <span class='ocrx_word' id='word_1_109' title='bbox 930 1037 1116 1092; x_wconf 86' lang='lat' dir='ltr'><strong>Cletus</strong></span> <span class='ocrx_word' id='word_1_110' title='bbox 1147 1036 1222 1107; x_wconf 83' lang='lat'><strong>(5)</strong></span> <span class='ocrx_word' id='word_1_111' title='bbox 1249 1037 1302 1090; x_wconf 90' lang='lat' dir='ltr'><strong>in</strong></span> <span class='ocrx_word' id='word_1_112' title='bbox 1329 1037 1463 1091; x_wconf 88' lang='lat' dir='ltr'><strong>urbe</strong></span> <span class='ocrx_word' id='word_1_113' title='bbox 1483 1034 1653 1090; x_wconf 81' lang='lat' dir='ltr'><strong>Roma</strong></span> <span class='ocrx_word' id='word_1_114' title='bbox 1686 1047 1811 1089; x_wconf 86' lang='lat' dir='ltr'><strong>ante</strong></span> <span class='ocrx_word' id='word_1_115' title='bbox 1837 1034 2172 1088; x_wconf 84' lang='lat' dir='ltr'><strong>Clementem</strong></span> <span class='ocrx_word' id='word_1_116' title='bbox 2219 1033 2366 1088; x_wconf 88' lang='lat' dir='ltr'><strong>hunc</strong></span> <span class='ocrx_word' id='word_1_117' title='bbox 2392 1034 2594 1089; x_wconf 79' lang='lat' dir='ltr'><strong>fuerint</strong></span> <span class='ocrx_word' id='word_1_118' title='bbox 2625 1035 2892 1106; x_wconf 89' lang='lat' dir='ltr'><strong>episcopi,</strong></span> <span class='ocrx_word' id='word_1_119' title='bbox 2926 1037 3042 1105; x_wconf 91' lang='lat' dir='ltr'><strong>ipse</strong></span> <span class='ocrx_word' id='word_1_120' title='bbox 3074 1036 3330 1094; x_wconf 86' lang='lat' dir='ltr'><strong>Clemens</strong></span> <span class='ocrx_word' id='word_1_121' title='bbox 3361 1038 3428 1092; x_wconf 87' lang='lat' dir='ltr'><strong>ad</strong></span> <span class='ocrx_word' id='word_1_122' title='bbox 3458 1037 3739 1099; x_wconf 79' lang='lat' dir='ltr'><strong>Iacobum</strong></span> <span class='ocrx_word' id='word_1_123' title='bbox 3784 1039 3932 1092; x_wconf 85' lang='lat' dir='ltr'><strong>scri-</strong></span> 
     </span>
    </p>
   </div>
   <div class='ocr_carea' id='block_1_10' title="bbox 657 1128 3934 1201">
    <p class='ocr_par' dir='ltr' id='par_1_10' title="bbox 657 1128 3934 1201">
     <span class='ocr_line' id='line_1_10' title="bbox 657 1128 3934 1201; baseline -0.001 -14"><span class='ocrx_word' id='word_1_124' title='bbox 657 1131 815 1194; x_wconf 87' lang='lat' dir='ltr'><strong>bens,</strong></span> <span class='ocrx_word' id='word_1_125' title='bbox 841 1132 946 1188; x_wconf 88' lang='lat' dir='ltr'><strong>sibi</strong></span> <span class='ocrx_word' id='word_1_126' title='bbox 982 1130 1175 1184; x_wconf 90' lang='lat' dir='ltr'><strong>dicata</strong></span> <span class='ocrx_word' id='word_1_127' title='bbox 1207 1130 1368 1186; x_wconf 88' lang='lat' dir='ltr'><strong>Petro</strong></span> <span class='ocrx_word' id='word_1_128' title='bbox 1390 1130 1620 1185; x_wconf 87' lang='lat' dir='ltr'><strong>docendi</strong></span> <span class='ocrx_word' id='word_1_129' title='bbox 1646 1130 1961 1184; x_wconf 88' lang='lat' dir='ltr'><strong>cathedram</strong></span> <span class='ocrx_word' id='word_1_130' title='bbox 1994 1129 2273 1185; x_wconf 89' lang='lat' dir='ltr'><strong>traditam.</strong></span> <span class='ocrx_word' id='word_1_131' title='bbox 2298 1128 2470 1196; x_wconf 86' lang='lat' dir='ltr'><strong>Cujus</strong></span> <span class='ocrx_word' id='word_1_132' title='bbox 2497 1129 2573 1182; x_wconf 86' lang='lat' dir='ltr'><strong>rei</strong></span> <span class='ocrx_word' id='word_1_133' title='bbox 2598 1128 2739 1184; x_wconf 88' lang='lat' dir='ltr'><strong>hanc</strong></span> <span class='ocrx_word' id='word_1_134' title='bbox 2769 1130 3218 1198; x_wconf 88' lang='lat' dir='ltr'><strong>accepimusesse</strong></span> <span class='ocrx_word' id='word_1_135' title='bbox 3252 1131 3537 1193; x_wconf 88' lang='lat' dir='ltr'><strong>rationem,</strong></span> <span class='ocrx_word' id='word_1_136' title='bbox 3563 1132 3718 1201; x_wconf 91' lang='lat' dir='ltr'><strong>quod</strong></span> <span class='ocrx_word' id='word_1_137' title='bbox 3749 1130 3934 1184; x_wconf 82' lang='lat' dir='ltr'><strong>Linus</strong></span> 
     </span>
    </p>
   </div>
   <div class='ocr_carea' id='block_1_11' title="bbox 657 1209 3931 1294">
    <p class='ocr_par' dir='ltr' id='par_1_11' title="bbox 657 1209 3931 1294">
     <span class='ocr_line' id='line_1_11' title="bbox 657 1209 3931 1294; baseline -0.001 -15"><span class='ocrx_word' id='word_1_138' title='bbox 657 1235 711 1279; x_wconf 88' lang='lat' dir='ltr'><strong>et</strong></span> <span class='ocrx_word' id='word_1_139' title='bbox 736 1227 921 1279; x_wconf 88' lang='lat' dir='ltr'><strong>Cletus</strong></span> <span class='ocrx_word' id='word_1_140' title='bbox 953 1223 1176 1278; x_wconf 84' lang='lat' dir='ltr'><strong>fuerunt</strong></span> <span class='ocrx_word' id='word_1_141' title='bbox 1205 1221 1426 1294; x_wconf 88' lang='lat' dir='ltr'><strong>quidem</strong></span> <span class='ocrx_word' id='word_1_142' title='bbox 1457 1231 1584 1276; x_wconf 85' lang='lat' dir='ltr'><strong>ante</strong></span> <span class='ocrx_word' id='word_1_143' title='bbox 1614 1221 1948 1276; x_wconf 86' lang='lat' dir='ltr'><strong>Clementem</strong></span> <span class='ocrx_word' id='word_1_144' title='bbox 1997 1219 2239 1289; x_wconf 88' lang='lat' dir='ltr'><strong>episc0pi</strong></span> <span class='ocrx_word' id='word_1_145' title='bbox 2285 1220 2341 1273; x_wconf 89' lang='lat' dir='ltr'><strong>in</strong></span> <span class='ocrx_word' id='word_1_146' title='bbox 2385 1219 2518 1274; x_wconf 87' lang='lat' dir='ltr'><strong>urbe</strong></span> <span class='ocrx_word' id='word_1_147' title='bbox 2552 1218 2748 1284; x_wconf 83' lang='lat' dir='ltr'><strong>Roma,</strong></span> <span class='ocrx_word' id='word_1_148' title='bbox 2776 1221 2871 1276; x_wconf 84' lang='lat' dir='ltr'><strong>sed</strong></span> <span class='ocrx_word' id='word_1_149' title='bbox 2897 1209 3196 1292; x_wconf 78' lang='lat' dir='ltr'><strong>superstite</strong></span> <span class='ocrx_word' id='word_1_150' title='bbox 3227 1221 3414 1288; x_wconf 83' lang='lat' dir='ltr'><strong>Petro,</strong></span> <span class='ocrx_word' id='word_1_151' title='bbox 3446 1222 3712 1277; x_wconf 80' lang='lat' dir='ltr'><strong>videlicet</strong></span> <span class='ocrx_word' id='word_1_152' title='bbox 3748 1232 3817 1278; x_wconf 88' lang='lat' dir='ltr'><strong>ut</strong></span> <span class='ocrx_word' id='word_1_153' title='bbox 3850 1219 3931 1276; x_wconf 77' lang='lat' dir='ltr'><strong>illi</strong></span> 
     </span>
    </p>
   </div>
   <div class='ocr_carea' id='block_1_12' title="bbox 656 1309 3926 1388">
    <p class='ocr_par' dir='ltr' id='par_1_12' title="bbox 656 1309 3926 1388">
     <span class='ocr_line' id='line_1_12' title="bbox 656 1309 3926 1388; baseline -0.002 -14"><span class='ocrx_word' id='word_1_154' title='bbox 656 1317 1007 1388; x_wconf 89' lang='lat' dir='ltr'><strong>episc0patus</strong></span> <span class='ocrx_word' id='word_1_155' title='bbox 1038 1329 1224 1368; x_wconf 89' lang='lat' dir='ltr'><strong>curam</strong></span> <span class='ocrx_word' id='word_1_156' title='bbox 1249 1321 1518 1383; x_wconf 76' lang='lat' dir='ltr'><strong>gererent,</strong></span> <span class='ocrx_word' id='word_1_157' title='bbox 1552 1313 1668 1380; x_wconf 90' lang='lat' dir='ltr'><strong>ipse</strong></span> <span class='ocrx_word' id='word_1_158' title='bbox 1693 1327 1820 1365; x_wconf 76' lang='lat' dir='ltr'><strong>vero</strong></span> <span class='ocrx_word' id='word_1_159' title='bbox 1839 1312 2181 1380; x_wconf 87' lang='lat' dir='ltr'><strong>apostolatus</strong></span> <span class='ocrx_word' id='word_1_160' title='bbox 2214 1309 2461 1379; x_wconf 86' lang='lat' dir='ltr'><strong>impleret</strong></span> <span class='ocrx_word' id='word_1_161' title='bbox 2490 1309 2749 1374; x_wconf 82' lang='lat' dir='ltr'><strong>oliicium,</strong></span> <span class='ocrx_word' id='word_1_162' title='bbox 2776 1311 2919 1364; x_wconf 87' lang='lat' dir='ltr'><strong>sicut</strong></span> <span class='ocrx_word' id='word_1_163' title='bbox 2950 1312 3225 1367; x_wconf 79' lang='lat' dir='ltr'><strong>invenitur</strong></span> <span class='ocrx_word' id='word_1_164' title='bbox 3239 1313 3403 1369; x_wconf 90' lang='lat' dir='ltr'><strong>etiam</strong></span> <span class='ocrx_word' id='word_1_165' title='bbox 3432 1312 3574 1384; x_wconf 91' lang='lat' dir='ltr'><strong>apud</strong></span> <span class='ocrx_word' id='word_1_166' title='bbox 3599 1312 3926 1370; x_wconf 66' lang='lat' dir='ltr'><strong>Caesaream</strong></span> 
     </span>
    </p>
   </div>
   <div class='ocr_carea' id='block_1_13' title="bbox 656 1402 3927 1474">
    <p class='ocr_par' dir='ltr' id='par_1_13' title="bbox 656 1402 3927 1474">
     <span class='ocr_line' id='line_1_13' title="bbox 656 1402 3927 1474; baseline -0.002 -12"><span class='ocrx_word' id='word_1_167' title='bbox 656 1408 874 1470; x_wconf 80' lang='lat' dir='ltr'><strong>fecisse,</strong></span> <span class='ocrx_word' id='word_1_168' title='bbox 906 1406 996 1459; x_wconf 88' lang='lat' dir='ltr'><strong>ubi</strong></span> <span class='ocrx_word' id='word_1_169' title='bbox 1028 1420 1150 1459; x_wconf 91' lang='lat' dir='ltr'><strong>cum</strong></span> <span class='ocrx_word' id='word_1_170' title='bbox 1183 1405 1299 1473; x_wconf 89' lang='lat' dir='ltr'><strong>ipse</strong></span> <span class='ocrx_word' id='word_1_171' title='bbox 1321 1412 1467 1458; x_wconf 88' lang='lat' dir='ltr'><strong>esset</strong></span> <span class='ocrx_word' id='word_1_172' title='bbox 1494 1419 1755 1473; x_wconf 65' lang='lat' dir='ltr'><strong>praisens,</strong></span> <span class='ocrx_word' id='word_1_173' title='bbox 1790 1402 2112 1457; x_wconf 73' lang='lat' dir='ltr'><strong>Zaccliaenm</strong></span> <span class='ocrx_word' id='word_1_174' title='bbox 2139 1412 2320 1456; x_wconf 86' lang='lat' dir='ltr'><strong>tamen</strong></span> <span class='ocrx_word' id='word_1_175' title='bbox 2355 1416 2384 1454; x_wconf 89' lang='lat' dir='ltr'><strong>a</strong></span> <span class='ocrx_word' id='word_1_176' title='bbox 2411 1418 2469 1458; x_wconf 89' lang='lat' dir='ltr'><strong>se</strong></span> <span class='ocrx_word' id='word_1_177' title='bbox 2519 1402 2835 1458; x_wconf 89' lang='lat' dir='ltr'><strong>ordinatum</strong></span> <span class='ocrx_word' id='word_1_178' title='bbox 2868 1403 3104 1459; x_wconf 83' lang='lat' dir='ltr'><strong>habebat</strong></span> <span class='ocrx_word' id='word_1_179' title='bbox 3133 1405 3474 1474; x_wconf 87' lang='lat' dir='ltr'><strong>episcopum.</strong></span> <span class='ocrx_word' id='word_1_180' title='bbox 3509 1403 3577 1457; x_wconf 90' lang='lat' dir='ltr'><strong>Et</strong></span> <span class='ocrx_word' id='word_1_181' title='bbox 3609 1405 3718 1459; x_wconf 92' lang='lat' dir='ltr'><strong>hoc</strong></span> <span class='ocrx_word' id='word_1_182' title='bbox 3750 1406 3927 1460; x_wconf 85' lang='lat' dir='ltr'><strong>modo</strong></span> 
     </span>
    </p>
   </div>
   <div class='ocr_carea' id='block_1_14' title="bbox 655 1494 3924 1567">
    <p class='ocr_par' dir='ltr' id='par_1_14' title="bbox 655 1494 3924 1567">
     <span class='ocr_line' id='line_1_14' title="bbox 655 1494 3924 1567; baseline -0.001 -12"><span class='ocrx_word' id='word_1_183' title='bbox 655 1508 947 1567; x_wconf 89' lang='lat' dir='ltr'><strong>utrumque</strong></span> <span class='ocrx_word' id='word_1_184' title='bbox 978 1513 1164 1551; x_wconf 88' lang='lat' dir='ltr'><strong>verum</strong></span> <span class='ocrx_word' id='word_1_185' title='bbox 1203 1495 1494 1558; x_wconf 88' lang='lat' dir='ltr'><strong>videbitur,</strong></span> <span class='ocrx_word' id='word_1_186' title='bbox 1525 1502 1583 1548; x_wconf 92' lang='lat' dir='ltr'><strong>ut</strong></span> <span class='ocrx_word' id='word_1_187' title='bbox 1607 1502 1661 1549; x_wconf 90' lang='lat' dir='ltr'><strong>et</strong></span> <span class='ocrx_word' id='word_1_188' title='bbox 1690 1495 1766 1547; x_wconf 92' lang='lat' dir='ltr'><strong>illi</strong></span> <span class='ocrx_word' id='word_1_189' title='bbox 1799 1502 1923 1549; x_wconf 90' lang='lat' dir='ltr'><strong>ante</strong></span> <span class='ocrx_word' id='word_1_190' title='bbox 1943 1494 2278 1550; x_wconf 88' lang='lat' dir='ltr'><strong>Clementem</strong></span> <span class='ocrx_word' id='word_1_191' title='bbox 2309 1501 2664 1549; x_wconf 91' lang='lat' dir='ltr'><strong>numerentur</strong></span> <span class='ocrx_word' id='word_1_192' title='bbox 2689 1496 2956 1566; x_wconf 84' lang='lat' dir='ltr'><strong>episcopi,</strong></span> <span class='ocrx_word' id='word_1_193' title='bbox 2977 1504 3032 1553; x_wconf 92' lang='lat' dir='ltr'><strong>et</strong></span> <span class='ocrx_word' id='word_1_194' title='bbox 3055 1495 3311 1552; x_wconf 91' lang='lat' dir='ltr'><strong>Clemens</strong></span> <span class='ocrx_word' id='word_1_195' title='bbox 3340 1505 3523 1551; x_wconf 87' lang='lat' dir='ltr'><strong>tamen</strong></span> <span class='ocrx_word' id='word_1_196' title='bbox 3555 1507 3685 1566; x_wconf 87' lang='lat' dir='ltr'><strong>post</strong></span> <span class='ocrx_word' id='word_1_197' title='bbox 3701 1499 3924 1552; x_wconf 84' lang='lat' dir='ltr'><strong>obitum</strong></span> 
     </span>
    </p>
   </div>
   <div class='ocr_carea' id='block_1_15' title="bbox 655 1579 3925 1663">
    <p class='ocr_par' dir='ltr' id='par_1_15' title="bbox 655 1579 3925 1663">
     <span class='ocr_line' id='line_1_15' title="bbox 655 1579 3925 1663; baseline 0 -14"><span class='ocrx_word' id='word_1_198' title='bbox 655 1594 804 1650; x_wconf 88' lang='lat' dir='ltr'><strong>Petri</strong></span> <span class='ocrx_word' id='word_1_199' title='bbox 833 1592 1064 1647; x_wconf 91' lang='lat' dir='ltr'><strong>docendi</strong></span> <span class='ocrx_word' id='word_1_200' title='bbox 1097 1590 1400 1659; x_wconf 83' lang='lat' dir='ltr'><strong>susceperit</strong></span> <span class='ocrx_word' id='word_1_201' title='bbox 1427 1585 1635 1642; x_wconf 85' lang='lat' dir='ltr'><strong>sedem.</strong></span> <span class='ocrx_word' id='word_1_202' title='bbox 1672 1586 1778 1642; x_wconf 88' lang='lat' dir='ltr'><strong>Sed</strong></span> <span class='ocrx_word' id='word_1_203' title='bbox 1812 1589 1926 1657; x_wconf 91' lang='lat' dir='ltr'><strong>jam</strong></span> <span class='ocrx_word' id='word_1_204' title='bbox 1960 1587 2264 1652; x_wconf 79' lang='lat' dir='ltr'><strong>videamus,</strong></span> <span class='ocrx_word' id='word_1_205' title='bbox 2299 1579 2550 1646; x_wconf 81' lang='lat' dir='ltr'><strong>scribens</strong></span> <span class='ocrx_word' id='word_1_206' title='bbox 2586 1588 2793 1644; x_wconf 73' lang='lat' dir='ltr'><strong>Iacobo</strong></span> <span class='ocrx_word' id='word_1_207' title='bbox 2832 1589 2990 1646; x_wconf 88' lang='lat' dir='ltr'><strong>fratri</strong></span> <span class='ocrx_word' id='word_1_208' title='bbox 3035 1584 3289 1658; x_wconf 53' lang='lat' dir='ltr'><strong>Domini;</strong></span> <span class='ocrx_word' id='word_1_209' title='bbox 3304 1592 3489 1663; x_wconf 87' lang='lat' dir='ltr'><strong>operis</strong></span> <span class='ocrx_word' id='word_1_210' title='bbox 3521 1594 3609 1648; x_wconf 91' lang='lat' dir='ltr'><strong>sui</strong></span> <span class='ocrx_word' id='word_1_211' title='bbox 3657 1592 3925 1651; x_wconf 81' lang='lat' dir='ltr'><strong>Clemens</strong></span> 
     </span>
    </p>
   </div>
   <div class='ocr_carea' id='block_1_16' title="bbox 655 1681 1784 1755">
    <p class='ocr_par' dir='ltr' id='par_1_16' title="bbox 655 1681 1784 1755">
     <span class='ocr_line' id='line_1_16' title="bbox 655 1681 1784 1755; baseline -0.001 -17"><span class='ocrx_word' id='word_1_212' title='bbox 655 1685 771 1755; x_wconf 81' lang='lat' dir='ltr'><strong>ipse</strong></span> <span class='ocrx_word' id='word_1_213' title='bbox 793 1683 938 1755; x_wconf 90' lang='lat' dir='ltr'><strong>quod</strong></span> <span class='ocrx_word' id='word_1_214' title='bbox 970 1689 1150 1738; x_wconf 83' lang='lat' dir='ltr'><strong>sumat</strong></span> <span class='ocrx_word' id='word_1_215' title='bbox 1181 1683 1518 1736; x_wconf 88' lang='lat' dir='ltr'><strong>narrationis</strong></span> <span class='ocrx_word' id='word_1_216' title='bbox 1543 1681 1784 1737; x_wconf 90' lang='lat' dir='ltr'><strong>initium.</strong></span> 
     </span>
    </p>
   </div>
   <div class='ocr_carea' id='block_1_17' title="bbox 666 1815 3920 1846">
    <p class='ocr_par' dir='ltr' id='par_1_17' title="bbox 666 1815 3920 1846">
     <span class='ocr_line' id='line_1_17' title="bbox 666 1815 3920 1846; baseline 0.001 -12"><span class='ocrx_word' id='word_1_217' title='bbox 666 1815 3920 1846; x_wconf 54' lang='lat' dir='ltr'><strong>Mm</strong></span> 
     </span>
    </p>
   </div>
   <div class='ocr_carea' id='block_1_18' title="bbox 1255 1979 3272 2086">
    <p class='ocr_par' dir='ltr' id='par_1_18' title="bbox 1255 1979 3272 2086">
     <span class='ocr_line' id='line_1_18' title="bbox 1255 1979 3272 2086; baseline 0 -16"><span class='ocrx_word' id='word_1_218' title='bbox 1255 1979 2274 2086; x_wconf 80' lang='lat' dir='ltr'><strong>BECOGNITIONUM</strong></span> <span class='ocrx_word' id='word_1_219' title='bbox 2351 1983 2706 2071; x_wconf 79' lang='lat' dir='ltr'><strong>LIBER</strong></span> <span class='ocrx_word' id='word_1_220' title='bbox 2779 1983 3272 2081; x_wconf 82' lang='lat' dir='ltr'><strong>PRIMUS.</strong></span> 
     </span>
    </p>
   </div>
   <div class='ocr_carea' id='block_1_19' title="bbox 727 2300 3916 2384">
    <p class='ocr_par' dir='ltr' id='par_1_19' title="bbox 727 2300 3916 2384">
     <span class='ocr_line' id='line_1_19' title="bbox 727 2300 3916 2384; baseline -0.003 -19"><span class='ocrx_word' id='word_1_221' title='bbox 727 2313 767 2368; x_wconf 90' lang='lat' dir='ltr'><strong>l.</strong></span> <span class='ocrx_word' id='word_1_222' title='bbox 808 2311 923 2384; x_wconf 85' lang='lat' dir='ltr'><strong>Ego</strong></span> <span class='ocrx_word' id='word_1_223' title='bbox 960 2310 1212 2371; x_wconf 82' lang='lat' dir='ltr'><strong>Clemens</strong></span> <span class='ocrx_word' id='word_1_224' title='bbox 1259 2310 1312 2365; x_wconf 90' lang='lat' dir='ltr'><strong>in</strong></span> <span class='ocrx_word' id='word_1_225' title='bbox 1356 2309 1491 2364; x_wconf 89' lang='lat' dir='ltr'><strong>urbe</strong></span> <span class='ocrx_word' id='word_1_226' title='bbox 1519 2307 1690 2363; x_wconf 82' lang='lat' dir='ltr'><strong>Roma</strong></span> <span class='ocrx_word' id='word_1_227' title='bbox 1720 2315 1902 2366; x_wconf 86' lang='lat' dir='ltr'><strong>natus.</strong></span> <span class='ocrx_word' id='word_1_228' title='bbox 1936 2322 2002 2365; x_wconf 77' lang='lat' dir='ltr'><strong>ex</strong></span> <span class='ocrx_word' id='word_1_229' title='bbox 2048 2305 2223 2376; x_wconf 86' lang='lat' dir='ltr'><strong>prima</strong></span> <span class='ocrx_word' id='word_1_230' title='bbox 2252 2310 2297 2366; x_wconf 79' lang='grc' dir='ltr'><strong>Α</strong></span> <span class='ocrx_word' id='word_1_231' title='bbox 2327 2303 2405 2358; x_wconf 78' lang='lat' dir='ltr'><strong>Ex</strong></span> <span class='ocrx_word' id='word_1_232' title='bbox 2435 2317 2545 2372; x_wconf 92' lang='lat' dir='ltr'><strong>quo</strong></span> <span class='ocrx_word' id='word_1_233' title='bbox 2587 2300 2788 2356; x_wconf 88' lang='lat' dir='ltr'><strong>factum</strong></span> <span class='ocrx_word' id='word_1_234' title='bbox 2834 2309 2941 2365; x_wconf 86' lang='lat' dir='ltr'><strong>est,</strong></span> <span class='ocrx_word' id='word_1_235' title='bbox 2987 2309 3046 2355; x_wconf 91' lang='lat' dir='ltr'><strong>ut</strong></span> <span class='ocrx_word' id='word_1_236' title='bbox 3094 2301 3334 2372; x_wconf 82' lang='lat' dir='ltr'><strong>lugerem</strong></span> <span class='ocrx_word' id='word_1_237' title='bbox 3385 2302 3741 2372; x_wconf 86' lang='lat' dir='ltr'><strong>postmodum</strong></span> <span class='ocrx_word' id='word_1_238' title='bbox 3771 2320 3916 2368; x_wconf 75' lang='lat' dir='ltr'><strong>eos,</strong></span> 
     </span>
    </p>
   </div>
   <div class='ocr_carea' id='block_1_20' title="bbox 655 2395 2220 2473">
    <p class='ocr_par' dir='ltr' id='par_1_20' title="bbox 655 2395 2220 2473">
     <span class='ocr_line' id='line_1_20' title="bbox 655 2395 2220 2473; baseline -0.007 -14"><span class='ocrx_word' id='word_1_239' title='bbox 655 2411 812 2459; x_wconf 69' lang='lat' dir='ltr'><strong>aetate</strong></span> <span class='ocrx_word' id='word_1_240' title='bbox 857 2401 1132 2473; x_wconf 75' lang='lat' dir='ltr'><strong>pudicitia:</strong></span> <span class='ocrx_word' id='word_1_241' title='bbox 1181 2399 1424 2455; x_wconf 80' lang='lat' dir='ltr'><strong>studium</strong></span> <span class='ocrx_word' id='word_1_242' title='bbox 1466 2398 1608 2466; x_wconf 83' lang='lat' dir='ltr'><strong>gessi</strong></span> <span class='ocrx_word' id='word_1_243' title='bbox 1644 2397 1743 2468; x_wconf 84' lang='lat'><strong>(6),</strong></span> <span class='ocrx_word' id='word_1_244' title='bbox 1777 2397 1907 2450; x_wconf 92' lang='lat' dir='ltr'><strong>dum</strong></span> <span class='ocrx_word' id='word_1_245' title='bbox 1939 2412 2025 2450; x_wconf 92' lang='lat' dir='ltr'><strong>me</strong></span> <span class='ocrx_word' id='word_1_246' title='bbox 2053 2395 2220 2448; x_wconf 87' lang='lat' dir='ltr'><strong>animi</strong></span> 
     </span>
    </p>
   </div>
   <div class='ocr_carea' id='block_1_21' title="bbox 657 2483 2222 2556">
    <p class='ocr_par' dir='ltr' id='par_1_21' title="bbox 657 2483 2222 2556">
     <span class='ocr_line' id='line_1_21' title="bbox 657 2483 2222 2556; baseline -0.004 -14"><span class='ocrx_word' id='word_1_247' title='bbox 657 2488 888 2543; x_wconf 88' lang='lat' dir='ltr'><strong>intentio</strong></span> <span class='ocrx_word' id='word_1_248' title='bbox 919 2489 1066 2542; x_wconf 83' lang='lat' dir='ltr'><strong>velut</strong></span> <span class='ocrx_word' id='word_1_249' title='bbox 1095 2486 1331 2542; x_wconf 76' lang='lat' dir='ltr'><strong>vinculis</strong></span> <span class='ocrx_word' id='word_1_250' title='bbox 1377 2485 1708 2556; x_wconf 89' lang='lat' dir='ltr'><strong>quibusdam</strong></span> <span class='ocrx_word' id='word_1_251' title='bbox 1752 2483 2140 2538; x_wconf 86' lang='lat' dir='ltr'><strong>sollicitudinis</strong></span> <span class='ocrx_word' id='word_1_252' title='bbox 2168 2491 2222 2538; x_wconf 92' lang='lat' dir='ltr'><strong>et</strong></span> 
     </span>
    </p>
   </div>
   <div class='ocr_carea' id='block_1_22' title="bbox 655 2574 2219 2650">
    <p class='ocr_par' dir='ltr' id='par_1_22' title="bbox 655 2574 2219 2650">
     <span class='ocr_line' id='line_1_22' title="bbox 655 2574 2219 2650; baseline -0.005 -15"><span class='ocrx_word' id='word_1_253' title='bbox 655 2581 908 2635; x_wconf 71' lang='lat' dir='ltr'><strong>maeroris</strong></span> <span class='ocrx_word' id='word_1_254' title='bbox 937 2595 966 2633; x_wconf 90' lang='lat' dir='ltr'><strong>a</strong></span> <span class='ocrx_word' id='word_1_255' title='bbox 990 2595 1158 2650; x_wconf 91' lang='lat' dir='ltr'><strong>puero</strong></span> <span class='ocrx_word' id='word_1_256' title='bbox 1190 2579 1446 2632; x_wconf 78' lang='lat' dir='ltr'><strong>innexum</strong></span> <span class='ocrx_word' id='word_1_257' title='bbox 1470 2583 1699 2632; x_wconf 89' lang='lat' dir='ltr'><strong>teneret.</strong></span> <span class='ocrx_word' id='word_1_258' title='bbox 1723 2575 1904 2630; x_wconf 89' lang='lat' dir='ltr'><strong>Inerat</strong></span> <span class='ocrx_word' id='word_1_259' title='bbox 1918 2575 2063 2630; x_wconf 87' lang='lat' dir='ltr'><strong>enim</strong></span> <span class='ocrx_word' id='word_1_260' title='bbox 2086 2574 2219 2630; x_wconf 89' lang='lat' dir='ltr'><strong>mihi</strong></span> 
     </span>
    </p>
   </div>
   <div class='ocr_carea' id='block_1_23' title="bbox 655 2668 2221 2744">
    <p class='ocr_par' dir='ltr' id='par_1_23' title="bbox 655 2668 2221 2744">
     <span class='ocr_line' id='line_1_23' title="bbox 655 2668 2221 2744; baseline -0.005 -16"><span class='ocrx_word' id='word_1_261' title='bbox 655 2671 916 2742; x_wconf 72' lang='lat' dir='ltr'><strong>cogitatio</strong></span> <span class='ocrx_word' id='word_1_262' title='bbox 959 2673 1250 2744; x_wconf 88' lang='lat' dir='ltr'><strong>(incertum</strong></span> <span class='ocrx_word' id='word_1_263' title='bbox 1301 2686 1433 2725; x_wconf 90' lang='lat' dir='ltr'><strong>sane</strong></span> <span class='ocrx_word' id='word_1_264' title='bbox 1475 2669 1616 2724; x_wconf 92' lang='lat' dir='ltr'><strong>unde</strong></span> <span class='ocrx_word' id='word_1_265' title='bbox 1632 2669 1842 2724; x_wconf 92' lang='lat' dir='ltr'><strong>initium</strong></span> <span class='ocrx_word' id='word_1_266' title='bbox 1883 2668 2221 2737; x_wconf 85' lang='lat' dir='ltr'><strong>sumpserit),</strong></span> 
     </span>
    </p>
   </div>
   <div class='ocr_carea' id='block_1_24' title="bbox 657 2757 2224 2821">
    <p class='ocr_par' dir='ltr' id='par_1_24' title="bbox 657 2757 2224 2821">
     <span class='ocr_line' id='line_1_24' title="bbox 657 2757 2224 2821; baseline -0.004 -2"><span class='ocrx_word' id='word_1_267' title='bbox 657 2757 851 2821; x_wconf 67' lang='lat' dir='ltr'><strong>crebro</strong></span> <span class='ocrx_word' id='word_1_268' title='bbox 879 2762 948 2820; x_wconf 90' lang='lat' dir='ltr'><strong>ad</strong></span> <span class='ocrx_word' id='word_1_269' title='bbox 975 2765 1291 2820; x_wconf 90' lang='lat' dir='ltr'><strong>memoriam</strong></span> <span class='ocrx_word' id='word_1_270' title='bbox 1318 2779 1490 2816; x_wconf 92' lang='lat' dir='ltr'><strong>meam</strong></span> <span class='ocrx_word' id='word_1_271' title='bbox 1527 2762 1894 2818; x_wconf 85' lang='lat' dir='ltr'><strong>conditionem</strong></span> <span class='ocrx_word' id='word_1_272' title='bbox 1923 2761 2224 2816; x_wconf 88' lang='lat' dir='ltr'><strong>mortalita-</strong></span> 
     </span>
    </p>
   </div>
   <div class='ocr_carea' id='block_1_25' title="bbox 655 2854 2225 2924">
    <p class='ocr_par' dir='ltr' id='par_1_25' title="bbox 655 2854 2225 2924">
     <span class='ocr_line' id='line_1_25' title="bbox 655 2854 2225 2924; baseline -0.003 -14"><span class='ocrx_word' id='word_1_273' title='bbox 655 2855 732 2911; x_wconf 76' lang='lat' dir='ltr'><strong>tis</strong></span> <span class='ocrx_word' id='word_1_274' title='bbox 779 2855 1092 2921; x_wconf 84' lang='lat' dir='ltr'><strong>adducens,</strong></span> <span class='ocrx_word' id='word_1_275' title='bbox 1143 2855 1414 2924; x_wconf 81' lang='lat' dir='ltr'><strong>simulque</strong></span> <span class='ocrx_word' id='word_1_276' title='bbox 1462 2854 1756 2910; x_wconf 68' lang='lat' dir='ltr'><strong>discutiens</strong></span> <span class='ocrx_word' id='word_1_277' title='bbox 1797 2871 1809 2906; x_wconf 90' lang='lat'><strong>:</strong></span> <span class='ocrx_word' id='word_1_278' title='bbox 1849 2862 2105 2909; x_wconf 89' lang='lat' dir='ltr'><strong>utrumne</strong></span> <span class='ocrx_word' id='word_1_279' title='bbox 2153 2854 2225 2908; x_wconf 90' lang='lat' dir='ltr'><strong>sit</strong></span> 
     </span>
    </p>
   </div>
   <div class='ocr_carea' id='block_1_26' title="bbox 655 2945 2225 3016">
    <p class='ocr_par' dir='ltr' id='par_1_26' title="bbox 655 2945 2225 3016">
     <span class='ocr_line' id='line_1_26' title="bbox 655 2945 2225 3016; baseline -0.002 -14"><span class='ocrx_word' id='word_1_280' title='bbox 655 2947 791 3002; x_wconf 84' lang='lat' dir='ltr'><strong>mihi</strong></span> <span class='ocrx_word' id='word_1_281' title='bbox 840 2947 1021 3016; x_wconf 90' lang='lat' dir='ltr'><strong>aliqua</strong></span> <span class='ocrx_word' id='word_1_282' title='bbox 1077 2946 1188 2999; x_wconf 88' lang='lat' dir='ltr'><strong>vita</strong></span> <span class='ocrx_word' id='word_1_283' title='bbox 1237 2954 1362 3016; x_wconf 89' lang='lat' dir='ltr'><strong>post</strong></span> <span class='ocrx_word' id='word_1_284' title='bbox 1410 2953 1662 3009; x_wconf 86' lang='lat' dir='ltr'><strong>mortem,</strong></span> <span class='ocrx_word' id='word_1_285' title='bbox 1709 2961 1776 2998; x_wconf 91' lang='lat' dir='ltr'><strong>an</strong></span> <span class='ocrx_word' id='word_1_286' title='bbox 1825 2946 1960 2999; x_wconf 84' lang='lat' dir='ltr'><strong>nihil</strong></span> <span class='ocrx_word' id='word_1_287' title='bbox 2002 2945 2225 3000; x_wconf 90' lang='lat' dir='ltr'><strong>omnino</strong></span> 
     </span>
    </p>
   </div>
   <div class='ocr_carea' id='block_1_27' title="bbox 607 3033 2222 3108">
    <p class='ocr_par' dir='ltr' id='par_1_27' title="bbox 607 3033 2222 3108">
     <span class='ocr_line' id='line_1_27' title="bbox 607 3033 2222 3108; baseline 0.001 -17"><span class='ocrx_word' id='word_1_288' title='bbox 607 3095 611 3100; x_wconf 62' lang='grc'><em>,</em></span> <span class='ocrx_word' id='word_1_289' title='bbox 655 3045 842 3108; x_wconf 85' lang='lat' dir='ltr'><strong>postea</strong></span> <span class='ocrx_word' id='word_1_290' title='bbox 873 3039 975 3092; x_wconf 61' lang='lat' dir='ltr'><strong>siin</strong></span> <span class='ocrx_word' id='word_1_291' title='bbox 1000 3036 1239 3100; x_wconf 88' lang='lat' dir='ltr'><strong>futurus,</strong></span> <span class='ocrx_word' id='word_1_292' title='bbox 1263 3036 1310 3091; x_wconf 90' lang='lat' dir='ltr'><strong>si</strong></span> <span class='ocrx_word' id='word_1_293' title='bbox 1351 3051 1460 3092; x_wconf 88' lang='lat' dir='ltr'><strong>non</strong></span> <span class='ocrx_word' id='word_1_294' title='bbox 1489 3033 1685 3091; x_wconf 87' lang='lat' dir='ltr'><strong>fuerim</strong></span> <span class='ocrx_word' id='word_1_295' title='bbox 1711 3043 2001 3105; x_wconf 83' lang='lat' dir='ltr'><strong>antequam</strong></span> <span class='ocrx_word' id='word_1_296' title='bbox 2028 3048 2222 3092; x_wconf 82' lang='lat' dir='ltr'><strong>nasce-</strong></span> 
     </span>
    </p>
   </div>
   <div class='ocr_carea' id='block_1_28' title="bbox 653 3124 2223 3197">
    <p class='ocr_par' dir='ltr' id='par_1_28' title="bbox 653 3124 2223 3197">
     <span class='ocr_line' id='line_1_28' title="bbox 653 3124 2223 3197; baseline -0.001 -15"><span class='ocrx_word' id='word_1_297' title='bbox 653 3141 765 3192; x_wconf 87' lang='lat' dir='ltr'><strong>rer,</strong></span> <span class='ocrx_word' id='word_1_298' title='bbox 779 3128 865 3182; x_wconf 92' lang='lat' dir='ltr'><strong>vel</strong></span> <span class='ocrx_word' id='word_1_299' title='bbox 888 3126 934 3182; x_wconf 92' lang='lat' dir='ltr'><strong>si</strong></span> <span class='ocrx_word' id='word_1_300' title='bbox 965 3126 1114 3182; x_wconf 82' lang='lat' dir='ltr'><strong>nulla</strong></span> <span class='ocrx_word' id='word_1_301' title='bbox 1144 3141 1372 3194; x_wconf 86' lang='lat' dir='ltr'><strong>prorsus</strong></span> <span class='ocrx_word' id='word_1_302' title='bbox 1399 3125 1520 3180; x_wconf 71' lang='lat' dir='ltr'><strong>vita:</strong></span> <span class='ocrx_word' id='word_1_303' title='bbox 1546 3124 1710 3194; x_wconf 87' lang='lat' dir='ltr'><strong>hujus</strong></span> <span class='ocrx_word' id='word_1_304' title='bbox 1737 3126 1839 3180; x_wconf 78' lang='lat' dir='ltr'><strong>erit</strong></span> <span class='ocrx_word' id='word_1_305' title='bbox 1870 3134 1993 3197; x_wconf 91' lang='lat' dir='ltr'><strong>post</strong></span> <span class='ocrx_word' id='word_1_306' title='bbox 2014 3127 2223 3181; x_wconf 89' lang='lat' dir='ltr'><strong>obitum</strong></span> 
     </span>
    </p>
   </div>
   <div class='ocr_carea' id='block_1_29' title="bbox 650 3215 2224 3286">
    <p class='ocr_par' dir='ltr' id='par_1_29' title="bbox 650 3215 2224 3286">
     <span class='ocr_line' id='line_1_29' title="bbox 650 3215 2224 3286; baseline -0.003 -14"><span class='ocrx_word' id='word_1_307' title='bbox 650 3217 984 3281; x_wconf 86' lang='lat' dir='ltr'><strong>recordatio,</strong></span> <span class='ocrx_word' id='word_1_308' title='bbox 1016 3225 1070 3272; x_wconf 90' lang='lat' dir='ltr'><strong>et</strong></span> <span class='ocrx_word' id='word_1_309' title='bbox 1103 3217 1174 3271; x_wconf 89' lang='lat' dir='ltr'><strong>ita</strong></span> <span class='ocrx_word' id='word_1_310' title='bbox 1203 3215 1541 3271; x_wconf 90' lang='lat' dir='ltr'><strong>immensitas</strong></span> <span class='ocrx_word' id='word_1_311' title='bbox 1569 3216 1832 3286; x_wconf 90' lang='lat' dir='ltr'><strong>temporis</strong></span> <span class='ocrx_word' id='word_1_312' title='bbox 1861 3223 2056 3270; x_wconf 81' lang='lat' dir='ltr'><strong>cuncta</strong></span> <span class='ocrx_word' id='word_1_313' title='bbox 2088 3215 2224 3270; x_wconf 86' lang='lat' dir='ltr'><strong>obli-</strong></span> 
     </span>
    </p>
   </div>
   <div class='ocr_carea' id='block_1_30' title="bbox 652 3307 2221 3382">
    <p class='ocr_par' dir='ltr' id='par_1_30' title="bbox 652 3307 2221 3382">
     <span class='ocr_line' id='line_1_30' title="bbox 652 3307 2221 3382; baseline -0.002 -17"><span class='ocrx_word' id='word_1_314' title='bbox 652 3310 803 3366; x_wconf 84' lang='lat' dir='ltr'><strong>vioni</strong></span> <span class='ocrx_word' id='word_1_315' title='bbox 848 3324 912 3365; x_wconf 88' lang='lat' dir='ltr'><strong>ac</strong></span> <span class='ocrx_word' id='word_1_316' title='bbox 962 3309 1181 3372; x_wconf 87' lang='lat' dir='ltr'><strong>silentio</strong></span> <span class='ocrx_word' id='word_1_317' title='bbox 1209 3307 1378 3371; x_wconf 89' lang='lat' dir='ltr'><strong>dabit,</strong></span> <span class='ocrx_word' id='word_1_318' title='bbox 1415 3315 1475 3361; x_wconf 91' lang='lat' dir='ltr'><strong>ut</strong></span> <span class='ocrx_word' id='word_1_319' title='bbox 1522 3323 1631 3362; x_wconf 91' lang='lat' dir='ltr'><strong>non</strong></span> <span class='ocrx_word' id='word_1_320' title='bbox 1679 3309 1854 3362; x_wconf 88' lang='lat' dir='ltr'><strong>solum</strong></span> <span class='ocrx_word' id='word_1_321' title='bbox 1887 3323 1998 3382; x_wconf 82' lang='lat' dir='ltr'><strong>non</strong></span> <span class='ocrx_word' id='word_1_322' title='bbox 2028 3307 2221 3369; x_wconf 87' lang='lat' dir='ltr'><strong>simus,</strong></span> 
     </span>
    </p>
   </div>
   <div class='ocr_carea' id='block_1_31' title="bbox 655 3397 2222 3472">
    <p class='ocr_par' dir='ltr' id='par_1_31' title="bbox 655 3397 2222 3472">
     <span class='ocr_line' id='line_1_31' title="bbox 655 3397 2222 3472; baseline 0.001 -15"><span class='ocrx_word' id='word_1_323' title='bbox 655 3403 750 3457; x_wconf 87' lang='lat' dir='ltr'><strong>sed</strong></span> <span class='ocrx_word' id='word_1_324' title='bbox 799 3417 975 3472; x_wconf 89' lang='lat' dir='ltr'><strong>neque</strong></span> <span class='ocrx_word' id='word_1_325' title='bbox 1022 3399 1170 3470; x_wconf 90' lang='lat' dir='ltr'><strong>quod</strong></span> <span class='ocrx_word' id='word_1_326' title='bbox 1219 3398 1507 3464; x_wconf 90' lang='lat' dir='ltr'><strong>fuerimus,</strong></span> <span class='ocrx_word' id='word_1_327' title='bbox 1553 3397 1818 3454; x_wconf 84' lang='lat' dir='ltr'><strong>habeatur</strong></span> <span class='ocrx_word' id='word_1_328' title='bbox 1851 3400 1903 3452; x_wconf 91' lang='lat' dir='ltr'><strong>in</strong></span> <span class='ocrx_word' id='word_1_329' title='bbox 1938 3400 2222 3458; x_wconf 87' lang='lat' dir='ltr'><strong>memoria.</strong></span> 
     </span>
    </p>
   </div>
   <div class='ocr_carea' id='block_1_32' title="bbox 657 3487 2225 3558">
    <p class='ocr_par' dir='ltr' id='par_1_32' title="bbox 657 3487 2225 3558">
     <span class='ocr_line' id='line_1_32' title="bbox 657 3487 2225 3558; baseline 0 -14"><span class='ocrx_word' id='word_1_330' title='bbox 657 3488 764 3544; x_wconf 88' lang='lat' dir='ltr'><strong>Sed</strong></span> <span class='ocrx_word' id='word_1_331' title='bbox 810 3498 865 3544; x_wconf 93' lang='lat' dir='ltr'><strong>et</strong></span> <span class='ocrx_word' id='word_1_332' title='bbox 918 3487 1051 3543; x_wconf 91' lang='lat' dir='ltr'><strong>illud</strong></span> <span class='ocrx_word' id='word_1_333' title='bbox 1100 3488 1422 3542; x_wconf 81' lang='lat' dir='ltr'><strong>versabatur</strong></span> <span class='ocrx_word' id='word_1_334' title='bbox 1450 3487 1504 3541; x_wconf 93' lang='lat' dir='ltr'><strong>in</strong></span> <span class='ocrx_word' id='word_1_335' title='bbox 1533 3496 1770 3556; x_wconf 85' lang='lat' dir='ltr'><strong>pectore,</strong></span> <span class='ocrx_word' id='word_1_336' title='bbox 1803 3489 2020 3558; x_wconf 87' lang='lat' dir='ltr'><strong>quando</strong></span> <span class='ocrx_word' id='word_1_337' title='bbox 2047 3489 2225 3544; x_wconf 89' lang='lat' dir='ltr'><strong>factus</strong></span> 
     </span>
    </p>
   </div>
   <div class='ocr_carea' id='block_1_33' title="bbox 650 3580 2229 3650">
    <p class='ocr_par' dir='ltr' id='par_1_33' title="bbox 650 3580 2229 3650">
     <span class='ocr_line' id='line_1_33' title="bbox 650 3580 2229 3650; baseline -0.002 -11"><span class='ocrx_word' id='word_1_338' title='bbox 650 3584 726 3639; x_wconf 84' lang='lat' dir='ltr'><strong>sit</strong></span> <span class='ocrx_word' id='word_1_339' title='bbox 753 3581 1010 3646; x_wconf 89' lang='lat' dir='ltr'><strong>mundus,</strong></span> <span class='ocrx_word' id='word_1_340' title='bbox 1042 3581 1127 3636; x_wconf 91' lang='lat' dir='ltr'><strong>vel</strong></span> <span class='ocrx_word' id='word_1_341' title='bbox 1157 3587 1447 3650; x_wconf 88' lang='lat' dir='ltr'><strong>antequam</strong></span> <span class='ocrx_word' id='word_1_342' title='bbox 1475 3581 1648 3646; x_wconf 84' lang='lat' dir='ltr'><strong>ﬁeret,</strong></span> <span class='ocrx_word' id='word_1_343' title='bbox 1675 3580 1804 3650; x_wconf 93' lang='lat' dir='ltr'><strong>quid</strong></span> <span class='ocrx_word' id='word_1_344' title='bbox 1834 3588 1973 3644; x_wconf 86' lang='lat' dir='ltr'><strong>erat,</strong></span> <span class='ocrx_word' id='word_1_345' title='bbox 2010 3590 2106 3635; x_wconf 91' lang='lat' dir='ltr'><strong>aut</strong></span> <span class='ocrx_word' id='word_1_346' title='bbox 2135 3599 2229 3636; x_wconf 65' lang='lat' dir='ltr'><strong>ve—</strong></span> 
     </span>
    </p>
   </div>
   <div class='ocr_carea' id='block_1_34' title="bbox 2323 2392 3498 2467">
    <p class='ocr_par' dir='ltr' id='par_1_34' title="bbox 2323 2392 3498 2467">
     <span class='ocr_line' id='line_1_34' title="bbox 2323 2392 3498 2467; baseline -0.003 -19"><span class='ocrx_word' id='word_1_347' title='bbox 2323 2412 2464 2467; x_wconf 91' lang='lat' dir='ltr'><strong>quos</strong></span> <span class='ocrx_word' id='word_1_348' title='bbox 2492 2395 2645 2466; x_wconf 91' lang='lat' dir='ltr'><strong>prius</strong></span> <span class='ocrx_word' id='word_1_349' title='bbox 2681 2396 2940 2464; x_wconf 78' lang='lat' dir='ltr'><strong>ignorans</strong></span> <span class='ocrx_word' id='word_1_350' title='bbox 2969 2392 3160 2449; x_wconf 86' lang='lat' dir='ltr'><strong>beatos</strong></span> <span class='ocrx_word' id='word_1_351' title='bbox 3192 2393 3498 2450; x_wconf 88' lang='lat' dir='ltr'><strong>credebam.</strong></span> 
     </span>
    </p>
   </div>
   <div class='ocr_carea' id='block_1_35' title="bbox 2393 2486 3915 2559">
    <p class='ocr_par' dir='ltr' id='par_1_35' title="bbox 2393 2486 3915 2559">
     <span class='ocr_line' id='line_1_35' title="bbox 2393 2486 3915 2559; baseline 0.001 -17"><span class='ocrx_word' id='word_1_352' title='bbox 2393 2486 2483 2544; x_wconf 89' lang='lat' dir='ltr'><strong>Ill.</strong></span> <span class='ocrx_word' id='word_1_353' title='bbox 2526 2487 2696 2559; x_wconf 88' lang='lat' dir='ltr'><strong>Igitur</strong></span> <span class='ocrx_word' id='word_1_354' title='bbox 2748 2501 2874 2541; x_wconf 90' lang='lat' dir='ltr'><strong>cum</strong></span> <span class='ocrx_word' id='word_1_355' title='bbox 2918 2501 2949 2538; x_wconf 90' lang='lat' dir='ltr'><strong>a</strong></span> <span class='ocrx_word' id='word_1_356' title='bbox 2995 2488 3171 2557; x_wconf 89' lang='lat' dir='ltr'><strong>prima</strong></span> <span class='ocrx_word' id='word_1_357' title='bbox 3216 2494 3377 2542; x_wconf 65' lang='lat' dir='ltr'><strong>aatate</strong></span> <span class='ocrx_word' id='word_1_358' title='bbox 3427 2487 3482 2541; x_wconf 89' lang='lat' dir='ltr'><strong>in</strong></span> <span class='ocrx_word' id='word_1_359' title='bbox 3523 2488 3915 2558; x_wconf 85' lang='lat' dir='ltr'><strong>hujuscemodi</strong></span> 
     </span>
    </p>
   </div>
   <div class='ocr_carea' id='block_1_36' title="bbox 2325 2576 3915 2650">
    <p class='ocr_par' dir='ltr' id='par_1_36' title="bbox 2325 2576 3915 2650">
     <span class='ocr_line' id='line_1_36' title="bbox 2325 2576 3915 2650; baseline 0.001 -19"><span class='ocrx_word' id='word_1_360' title='bbox 2325 2582 2631 2633; x_wconf 87' lang='lat' dir='ltr'><strong>animorum</strong></span> <span class='ocrx_word' id='word_1_361' title='bbox 2673 2576 2973 2632; x_wconf 89' lang='lat' dir='ltr'><strong>intentione</strong></span> <span class='ocrx_word' id='word_1_362' title='bbox 3007 2592 3278 2643; x_wconf 85' lang='lat' dir='ltr'><strong>versarer,</strong></span> <span class='ocrx_word' id='word_1_363' title='bbox 3311 2576 3540 2648; x_wconf 89' lang='lat' dir='ltr'><strong>cupiens</strong></span> <span class='ocrx_word' id='word_1_364' title='bbox 3567 2579 3780 2650; x_wconf 90' lang='lat' dir='ltr'><strong>aliquid</strong></span> <span class='ocrx_word' id='word_1_365' title='bbox 3829 2580 3915 2633; x_wconf 85' lang='lat' dir='ltr'><strong>di-</strong></span> 
     </span>
    </p>
   </div>
   <div class='ocr_carea' id='block_1_37' title="bbox 2327 2667 3917 2739">
    <p class='ocr_par' dir='ltr' id='par_1_37' title="bbox 2327 2667 3917 2739">
     <span class='ocr_line' id='line_1_37' title="bbox 2327 2667 3917 2739; baseline 0.001 -14"><span class='ocrx_word' id='word_1_366' title='bbox 2327 2680 2500 2736; x_wconf 88' lang='lat' dir='ltr'><strong>scere,</strong></span> <span class='ocrx_word' id='word_1_367' title='bbox 2557 2667 3007 2739; x_wconf 82' lang='lat' dir='ltr'><strong>pliilosophorum</strong></span> <span class='ocrx_word' id='word_1_368' title='bbox 3060 2667 3470 2739; x_wconf 82' lang='lat' dir='ltr'><strong>frequentabam</strong></span> <span class='ocrx_word' id='word_1_369' title='bbox 3521 2671 3768 2738; x_wconf 87' lang='lat' dir='ltr'><strong>scholas,</strong></span> <span class='ocrx_word' id='word_1_370' title='bbox 3821 2673 3917 2726; x_wconf 90' lang='lat' dir='ltr'><strong>ubi</strong></span> 
     </span>
    </p>
   </div>
   <div class='ocr_carea' id='block_1_38' title="bbox 2325 2763 3918 2834">
    <p class='ocr_par' dir='ltr' id='par_1_38' title="bbox 2325 2763 3918 2834">
     <span class='ocr_line' id='line_1_38' title="bbox 2325 2763 3918 2834; baseline -0.001 -16"><span class='ocrx_word' id='word_1_371' title='bbox 2325 2765 2462 2818; x_wconf 72' lang='lat' dir='ltr'><strong>nihil</strong></span> <span class='ocrx_word' id='word_1_372' title='bbox 2495 2763 2665 2828; x_wconf 87' lang='lat' dir='ltr'><strong>aliud,</strong></span> <span class='ocrx_word' id='word_1_373' title='bbox 2699 2779 2861 2832; x_wconf 87' lang='lat' dir='ltr'><strong>quam</strong></span> <span class='ocrx_word' id='word_1_374' title='bbox 2893 2764 3206 2833; x_wconf 89' lang='lat' dir='ltr'><strong>dogmatum</strong></span> <span class='ocrx_word' id='word_1_375' title='bbox 3245 2766 3576 2819; x_wconf 85' lang='lat' dir='ltr'><strong>assertiones</strong></span> <span class='ocrx_word' id='word_1_376' title='bbox 3625 2773 3679 2819; x_wconf 90' lang='lat' dir='ltr'><strong>et</strong></span> <span class='ocrx_word' id='word_1_377' title='bbox 3726 2765 3918 2834; x_wconf 75' lang='lat' dir='ltr'><strong>impu-</strong></span> 
     </span>
    </p>
   </div>
   <div class='ocr_carea' id='block_1_39' title="bbox 2326 2855 3922 2928">
    <p class='ocr_par' dir='ltr' id='par_1_39' title="bbox 2326 2855 3922 2928">
     <span class='ocr_line' id='line_1_39' title="bbox 2326 2855 3922 2928; baseline 0.001 -18"><span class='ocrx_word' id='word_1_378' title='bbox 2326 2856 2612 2928; x_wconf 86' lang='lat' dir='ltr'><strong>gnationes</strong></span> <span class='ocrx_word' id='word_1_379' title='bbox 2641 2857 2891 2910; x_wconf 82' lang='lat' dir='ltr'><strong>videbam</strong></span> <span class='ocrx_word' id='word_1_380' title='bbox 2937 2857 3023 2926; x_wconf 90' lang='lat' dir='ltr'><strong>agi</strong></span> <span class='ocrx_word' id='word_1_381' title='bbox 3057 2856 3176 2911; x_wconf 92' lang='lat' dir='ltr'><strong>sine</strong></span> <span class='ocrx_word' id='word_1_382' title='bbox 3224 2855 3352 2918; x_wconf 78' lang='lat' dir='ltr'><strong>ﬁne,</strong></span> <span class='ocrx_word' id='word_1_383' title='bbox 3398 2856 3724 2921; x_wconf 86' lang='lat' dir='ltr'><strong>certamina,</strong></span> <span class='ocrx_word' id='word_1_384' title='bbox 3761 2864 3922 2912; x_wconf 74' lang='lat' dir='ltr'><strong>artes</strong></span> 
     </span>
    </p>
   </div>
   <div class='ocr_carea' id='block_1_40' title="bbox 2325 2947 3914 3019">
    <p class='ocr_par' dir='ltr' id='par_1_40' title="bbox 2325 2947 3914 3019">
     <span class='ocr_line' id='line_1_40' title="bbox 2325 2947 3914 3019; baseline -0.004 -15"><span class='ocrx_word' id='word_1_385' title='bbox 2325 2949 2768 3019; x_wconf 81' lang='lat' dir='ltr'><strong>syllogismorum</strong></span> <span class='ocrx_word' id='word_1_386' title='bbox 2803 2947 3330 3016; x_wconf 78' lang='lat' dir='ltr'><strong>conclusionumque</strong></span> <span class='ocrx_word' id='word_1_387' title='bbox 3379 2947 3572 3016; x_wconf 88' lang='lat' dir='ltr'><strong>agitari</strong></span> <span class='ocrx_word' id='word_1_388' title='bbox 3605 2947 3914 3001; x_wconf 84' lang='lat' dir='ltr'><strong>versutias.</strong></span> 
     </span>
    </p>
   </div>
   <div class='ocr_carea' id='block_1_41' title="bbox 2328 3036 3916 3108">
    <p class='ocr_par' dir='ltr' id='par_1_41' title="bbox 2328 3036 3916 3108">
     <span class='ocr_line' id='line_1_41' title="bbox 2328 3036 3916 3108; baseline 0.001 -18"><span class='ocrx_word' id='word_1_389' title='bbox 2328 3037 2393 3090; x_wconf 85' lang='lat' dir='ltr'><strong>Et</strong></span> <span class='ocrx_word' id='word_1_390' title='bbox 2440 3040 2486 3092; x_wconf 92' lang='lat' dir='ltr'><strong>si</strong></span> <span class='ocrx_word' id='word_1_391' title='bbox 2525 3038 2745 3106; x_wconf 86' lang='lat' dir='ltr'><strong>quando</strong></span> <span class='ocrx_word' id='word_1_392' title='bbox 2790 3037 3010 3107; x_wconf 89' lang='lat' dir='ltr'><strong>quidem</strong></span> <span class='ocrx_word' id='word_1_393' title='bbox 3058 3037 3338 3092; x_wconf 84' lang='lat' dir='ltr'><strong>obtinebat</strong></span> <span class='ocrx_word' id='word_1_394' title='bbox 3387 3036 3476 3091; x_wconf 88' lang='lat' dir='ltr'><strong>hic</strong></span> <span class='ocrx_word' id='word_1_395' title='bbox 3518 3051 3723 3099; x_wconf 86' lang='lat' dir='ltr'><strong>sermo,</strong></span> <span class='ocrx_word' id='word_1_396' title='bbox 3761 3039 3916 3108; x_wconf 89' lang='lat' dir='ltr'><strong>quod</strong></span> 
     </span>
    </p>
   </div>
   <div class='ocr_carea' id='block_1_42' title="bbox 2328 3125 3923 3198">
    <p class='ocr_par' dir='ltr' id='par_1_42' title="bbox 2328 3125 3923 3198">
     <span class='ocr_line' id='line_1_42' title="bbox 2328 3125 3923 3198; baseline -0.001 -16"><span class='ocrx_word' id='word_1_397' title='bbox 2328 3127 2652 3183; x_wconf 88' lang='lat' dir='ltr'><strong>immortalis</strong></span> <span class='ocrx_word' id='word_1_398' title='bbox 2679 3135 2825 3182; x_wconf 84' lang='lat' dir='ltr'><strong>esset</strong></span> <span class='ocrx_word' id='word_1_399' title='bbox 2851 3127 3055 3190; x_wconf 89' lang='lat' dir='ltr'><strong>anima,</strong></span> <span class='ocrx_word' id='word_1_400' title='bbox 3075 3127 3422 3197; x_wconf 88' lang='lat' dir='ltr'><strong>gratulabar;</strong></span> <span class='ocrx_word' id='word_1_401' title='bbox 3455 3127 3500 3182; x_wconf 91' lang='lat' dir='ltr'><strong>si</strong></span> <span class='ocrx_word' id='word_1_402' title='bbox 3530 3125 3755 3198; x_wconf 90' lang='lat' dir='ltr'><strong>quando</strong></span> <span class='ocrx_word' id='word_1_403' title='bbox 3785 3142 3923 3181; x_wconf 83' lang='lat' dir='ltr'><strong>vero</strong></span> 
     </span>
    </p>
   </div>
   <div class='ocr_carea' id='block_1_43' title="bbox 2327 3217 3920 3288">
    <p class='ocr_par' dir='ltr' id='par_1_43' title="bbox 2327 3217 3920 3288">
     <span class='ocr_line' id='line_1_43' title="bbox 2327 3217 3920 3288; baseline 0.001 -18"><span class='ocrx_word' id='word_1_404' title='bbox 2327 3218 2658 3287; x_wconf 85' lang='lat' dir='ltr'><strong>arguebatur</strong></span> <span class='ocrx_word' id='word_1_405' title='bbox 2711 3218 2868 3288; x_wconf 88' lang='lat' dir='ltr'><strong>quasi</strong></span> <span class='ocrx_word' id='word_1_406' title='bbox 2899 3219 3166 3284; x_wconf 85' lang='lat' dir='ltr'><strong>mortalis,</strong></span> <span class='ocrx_word' id='word_1_407' title='bbox 3198 3233 3323 3272; x_wconf 89' lang='lat' dir='ltr'><strong>cum</strong></span> <span class='ocrx_word' id='word_1_408' title='bbox 3379 3219 3600 3273; x_wconf 88' lang='lat' dir='ltr'><strong>tristitia</strong></span> <span class='ocrx_word' id='word_1_409' title='bbox 3654 3217 3920 3273; x_wconf 81' lang='lat' dir='ltr'><strong>discede-</strong></span> 
     </span>
    </p>
   </div>
   <div class='ocr_carea' id='block_1_44' title="bbox 2327 3308 3920 3367">
    <p class='ocr_par' dir='ltr' id='par_1_44' title="bbox 2327 3308 3920 3367">
     <span class='ocr_line' id='line_1_44' title="bbox 2327 3308 3920 3367; baseline 0.001 -4"><span class='ocrx_word' id='word_1_410' title='bbox 2327 3310 2472 3363; x_wconf 79' lang='lat' dir='ltr'><strong>bam.</strong></span> <span class='ocrx_word' id='word_1_411' title='bbox 2500 3308 2766 3364; x_wconf 85' lang='lat' dir='ltr'><strong>Neutrum</strong></span> <span class='ocrx_word' id='word_1_412' title='bbox 2811 3318 2991 3365; x_wconf 91' lang='lat' dir='ltr'><strong>tamen</strong></span> <span class='ocrx_word' id='word_1_413' title='bbox 3039 3311 3095 3366; x_wconf 90' lang='lat' dir='ltr'><strong>in</strong></span> <span class='ocrx_word' id='word_1_414' title='bbox 3139 3311 3306 3367; x_wconf 89' lang='lat' dir='ltr'><strong>corde</strong></span> <span class='ocrx_word' id='word_1_415' title='bbox 3353 3326 3474 3364; x_wconf 71' lang='lat' dir='ltr'><strong>meo</strong></span> <span class='ocrx_word' id='word_1_416' title='bbox 3515 3309 3920 3365; x_wconf 81' lang='lat' dir='ltr'><strong>firmitudinem</strong></span> 
     </span>
    </p>
   </div>
   <div class='ocr_carea' id='block_1_45' title="bbox 2327 3399 3923 3472">
    <p class='ocr_par' dir='ltr' id='par_1_45' title="bbox 2327 3399 3923 3472">
     <span class='ocr_line' id='line_1_45' title="bbox 2327 3399 3923 3472; baseline 0.001 -19"><span class='ocrx_word' id='word_1_417' title='bbox 2327 3401 2573 3455; x_wconf 88' lang='lat' dir='ltr'><strong>veritatis</strong></span> <span class='ocrx_word' id='word_1_418' title='bbox 2601 3402 2952 3467; x_wconf 89' lang='lat' dir='ltr'><strong>tenebat,sed</strong></span> <span class='ocrx_word' id='word_1_419' title='bbox 2981 3402 3085 3457; x_wconf 89' lang='lat' dir='ltr'><strong>hoc</strong></span> <span class='ocrx_word' id='word_1_420' title='bbox 3112 3410 3324 3456; x_wconf 91' lang='lat' dir='ltr'><strong>tantum</strong></span> <span class='ocrx_word' id='word_1_421' title='bbox 3353 3401 3746 3472; x_wconf 85' lang='lat' dir='ltr'><strong>intelligebam,</strong></span> <span class='ocrx_word' id='word_1_422' title='bbox 3765 3399 3923 3472; x_wconf 88' lang='lat' dir='ltr'><strong>quod</strong></span> 
     </span>
    </p>
   </div>
   <div class='ocr_carea' id='block_1_46' title="bbox 2330 3494 3920 3564">
    <p class='ocr_par' dir='ltr' id='par_1_46' title="bbox 2330 3494 3920 3564">
     <span class='ocr_line' id='line_1_46' title="bbox 2330 3494 3920 3564; baseline 0.003 -19"><span class='ocrx_word' id='word_1_423' title='bbox 2330 3495 2613 3548; x_wconf 65' lang='lat' dir='ltr'><strong>sententia:</strong></span> <span class='ocrx_word' id='word_1_424' title='bbox 2642 3509 2706 3549; x_wconf 89' lang='lat' dir='ltr'><strong>ac</strong></span> <span class='ocrx_word' id='word_1_425' title='bbox 2734 3494 3081 3549; x_wconf 79' lang='lat' dir='ltr'><strong>definitiones</strong></span> <span class='ocrx_word' id='word_1_426' title='bbox 3105 3510 3309 3558; x_wconf 90' lang='lat' dir='ltr'><strong>rerum,</strong></span> <span class='ocrx_word' id='word_1_427' title='bbox 3331 3511 3438 3548; x_wconf 91' lang='lat' dir='ltr'><strong>non</strong></span> <span class='ocrx_word' id='word_1_428' title='bbox 3463 3508 3561 3564; x_wconf 91' lang='lat' dir='ltr'><strong>pro</strong></span> <span class='ocrx_word' id='word_1_429' title='bbox 3588 3502 3796 3547; x_wconf 86' lang='lat' dir='ltr'><strong>natura</strong></span> <span class='ocrx_word' id='word_1_430' title='bbox 3831 3495 3920 3549; x_wconf 81' lang='lat' dir='ltr'><strong>sui</strong></span> 
     </span>
    </p>
   </div>
   <div class='ocr_carea' id='block_1_47' title="bbox 2329 3585 3921 3658">
    <p class='ocr_par' dir='ltr' id='par_1_47' title="bbox 2329 3585 3921 3658">
     <span class='ocr_line' id='line_1_47' title="bbox 2329 3585 3921 3658; baseline 0.001 -18"><span class='ocrx_word' id='word_1_431' title='bbox 2329 3602 2391 3640; x_wconf 86' lang='lat' dir='ltr'><strong>ac</strong></span> <span class='ocrx_word' id='word_1_432' title='bbox 2423 3589 2650 3641; x_wconf 84' lang='lat' dir='ltr'><strong>veritate</strong></span> <span class='ocrx_word' id='word_1_433' title='bbox 2680 3601 2994 3650; x_wconf 88' lang='lat' dir='ltr'><strong>causarum,</strong></span> <span class='ocrx_word' id='word_1_434' title='bbox 3024 3586 3119 3641; x_wconf 91' lang='lat' dir='ltr'><strong>sed</strong></span> <span class='ocrx_word' id='word_1_435' title='bbox 3169 3602 3268 3656; x_wconf 92' lang='lat' dir='ltr'><strong>pro</strong></span> <span class='ocrx_word' id='word_1_436' title='bbox 3312 3587 3551 3658; x_wconf 82' lang='lat' dir='ltr'><strong>ingeniis</strong></span> <span class='ocrx_word' id='word_1_437' title='bbox 3606 3585 3921 3642; x_wconf 75' lang='lat' dir='ltr'><strong>defenden-</strong></span> 
     </span>
    </p>
   </div>
   <div class='ocr_carea' id='block_1_48' title="bbox 652 3656 3919 3750">
    <p class='ocr_par' dir='ltr' id='par_1_48' title="bbox 652 3656 3919 3750">
     <span class='ocr_line' id='line_1_48' title="bbox 652 3656 3919 3750; baseline 0.001 -21"><span class='ocrx_word' id='word_1_438' title='bbox 652 3690 717 3729; x_wconf 89' lang='lat' dir='ltr'><strong>ro</strong></span> <span class='ocrx_word' id='word_1_439' title='bbox 762 3689 974 3743; x_wconf 83' lang='lat' dir='ltr'><strong>semper</strong></span> <span class='ocrx_word' id='word_1_440' title='bbox 1025 3671 1209 3726; x_wconf 85' lang='lat' dir='ltr'><strong>fuerit.</strong></span> <span class='ocrx_word' id='word_1_441' title='bbox 1239 3667 1373 3724; x_wconf 77' lang='lat' dir='ltr'><strong>Nam</strong></span> <span class='ocrx_word' id='word_1_442' title='bbox 1401 3679 1609 3726; x_wconf 88' lang='lat' dir='ltr'><strong>certum</strong></span> <span class='ocrx_word' id='word_1_443' title='bbox 1640 3672 1948 3734; x_wconf 77' lang='lat' dir='ltr'><strong>videbatur,</strong></span> <span class='ocrx_word' id='word_1_444' title='bbox 1990 3675 2133 3742; x_wconf 92' lang='lat' dir='ltr'><strong>quod</strong></span> <span class='ocrx_word' id='word_1_445' title='bbox 2177 3675 2222 3728; x_wconf 91' lang='lat' dir='ltr'><strong>si</strong></span> <span class='ocrx_word' id='word_1_446' title='bbox 2257 3656 2297 3710; x_wconf 74' lang='grc' dir='ltr'>Β</span> <span class='ocrx_word' id='word_1_447' title='bbox 2327 3679 2484 3738; x_wconf 89' lang='lat' dir='ltr'><strong>tium,</strong></span> <span class='ocrx_word' id='word_1_448' title='bbox 2519 3677 2667 3732; x_wconf 66' lang='lat' dir='ltr'><strong>falsae</strong></span> <span class='ocrx_word' id='word_1_449' title='bbox 2711 3678 3161 3748; x_wconf 85' lang='lat' dir='ltr'><strong>imaginarentur,</strong></span> <span class='ocrx_word' id='word_1_450' title='bbox 3196 3687 3290 3732; x_wconf 90' lang='lat' dir='ltr'><strong>aut</strong></span> <span class='ocrx_word' id='word_1_451' title='bbox 3329 3656 3486 3741; x_wconf 74' lang='lat' dir='ltr'><strong>verae,</strong></span> <span class='ocrx_word' id='word_1_452' title='bbox 3515 3694 3690 3748; x_wconf 87' lang='lat' dir='ltr'><strong>eoque</strong></span> <span class='ocrx_word' id='word_1_453' title='bbox 3730 3682 3919 3750; x_wconf 79' lang='lat' dir='ltr'><strong>magis</strong></span> 
     </span>
    </p>
   </div>
   <div class='ocr_carea' id='block_1_49' title="bbox 654 3760 2223 3830">
    <p class='ocr_par' dir='ltr' id='par_1_49' title="bbox 654 3760 2223 3830">
     <span class='ocr_line' id='line_1_49' title="bbox 654 3760 2223 3830; baseline -0.001 -12"><span class='ocrx_word' id='word_1_454' title='bbox 654 3771 798 3819; x_wconf 88' lang='lat' dir='ltr'><strong>esset</strong></span> <span class='ocrx_word' id='word_1_455' title='bbox 831 3762 1031 3826; x_wconf 87' lang='lat' dir='ltr'><strong>factus,</strong></span> <span class='ocrx_word' id='word_1_456' title='bbox 1067 3769 1213 3816; x_wconf 88' lang='lat' dir='ltr'><strong>esset</strong></span> <span class='ocrx_word' id='word_1_457' title='bbox 1241 3769 1294 3816; x_wconf 92' lang='lat' dir='ltr'><strong>et</strong></span> <span class='ocrx_word' id='word_1_458' title='bbox 1323 3760 1568 3830; x_wconf 84' lang='lat' dir='ltr'><strong>profecto</strong></span> <span class='ocrx_word' id='word_1_459' title='bbox 1597 3763 1912 3825; x_wconf 88' lang='lat' dir='ltr'><strong>solvendus,</strong></span> <span class='ocrx_word' id='word_1_460' title='bbox 1943 3772 1996 3816; x_wconf 89' lang='lat' dir='ltr'><strong>et</strong></span> <span class='ocrx_word' id='word_1_461' title='bbox 2039 3763 2082 3818; x_wconf 92' lang='lat' dir='ltr'><strong>si</strong></span> <span class='ocrx_word' id='word_1_462' title='bbox 2113 3766 2223 3817; x_wconf 82' lang='lat' dir='ltr'><strong>sol-</strong></span> 
     </span>
    </p>
   </div>
   <div class='ocr_carea' id='block_1_50' title="bbox 656 3851 2224 3924">
    <p class='ocr_par' dir='ltr' id='par_1_50' title="bbox 656 3851 2224 3924">
     <span class='ocr_line' id='line_1_50' title="bbox 656 3851 2224 3924; baseline -0.001 -16"><span class='ocrx_word' id='word_1_463' title='bbox 656 3864 833 3918; x_wconf 88' lang='lat' dir='ltr'><strong>vatur,</strong></span> <span class='ocrx_word' id='word_1_464' title='bbox 867 3851 996 3924; x_wconf 86' lang='lat' dir='ltr'><strong>quid</strong></span> <span class='ocrx_word' id='word_1_465' title='bbox 1025 3852 1220 3907; x_wconf 90' lang='lat' dir='ltr'><strong>iterum</strong></span> <span class='ocrx_word' id='word_1_466' title='bbox 1250 3852 1391 3906; x_wconf 88' lang='lat' dir='ltr'><strong>erit?</strong></span> <span class='ocrx_word' id='word_1_467' title='bbox 1415 3851 1528 3908; x_wconf 87' lang='lat' dir='ltr'><strong>Nisi</strong></span> <span class='ocrx_word' id='word_1_468' title='bbox 1563 3852 1702 3908; x_wconf 89' lang='lat' dir='ltr'><strong>forte</strong></span> <span class='ocrx_word' id='word_1_469' title='bbox 1728 3853 1930 3907; x_wconf 88' lang='lat' dir='ltr'><strong>oblivio</strong></span> <span class='ocrx_word' id='word_1_470' title='bbox 1951 3863 2148 3908; x_wconf 87' lang='lat' dir='ltr'><strong>cuncta</strong></span> <span class='ocrx_word' id='word_1_471' title='bbox 2171 3862 2224 3906; x_wconf 93' lang='lat' dir='ltr'><strong>et</strong></span> 
     </span>
    </p>
   </div>
   <div class='ocr_carea' id='block_1_51' title="bbox 656 3941 2223 4016">
    <p class='ocr_par' dir='ltr' id='par_1_51' title="bbox 656 3941 2223 4016">
     <span class='ocr_line' id='line_1_51' title="bbox 656 3941 2223 4016; baseline 0 -16"><span class='ocrx_word' id='word_1_472' title='bbox 656 3945 930 4002; x_wconf 88' lang='lat' dir='ltr'><strong>silentium</strong></span> <span class='ocrx_word' id='word_1_473' title='bbox 966 3950 1129 4014; x_wconf 82' lang='lat' dir='ltr'><strong>teget,</strong></span> <span class='ocrx_word' id='word_1_474' title='bbox 1171 3952 1265 3996; x_wconf 90' lang='lat' dir='ltr'><strong>aut</strong></span> <span class='ocrx_word' id='word_1_475' title='bbox 1297 3941 1435 3998; x_wconf 85' lang='lat' dir='ltr'><strong>forte</strong></span> <span class='ocrx_word' id='word_1_476' title='bbox 1482 3943 1687 4014; x_wconf 90' lang='lat' dir='ltr'><strong>aliquid</strong></span> <span class='ocrx_word' id='word_1_477' title='bbox 1739 3947 1867 4012; x_wconf 89' lang='lat' dir='ltr'><strong>erit,</strong></span> <span class='ocrx_word' id='word_1_478' title='bbox 1901 3945 2044 4016; x_wconf 87' lang='lat' dir='ltr'><strong>quod</strong></span> <span class='ocrx_word' id='word_1_479' title='bbox 2077 3962 2223 4000; x_wconf 88' lang='lat' dir='ltr'><strong>nunc</strong></span> 
     </span>
    </p>
   </div>
   <div class='ocr_carea' id='block_1_52' title="bbox 655 4033 1761 4103">
    <p class='ocr_par' dir='ltr' id='par_1_52' title="bbox 655 4033 1761 4103">
     <span class='ocr_line' id='line_1_52' title="bbox 655 4033 1761 4103; baseline -0.001 -14"><span class='ocrx_word' id='word_1_480' title='bbox 655 4033 861 4089; x_wconf 89' lang='lat' dir='ltr'><strong>sentire</strong></span> <span class='ocrx_word' id='word_1_481' title='bbox 891 4033 1205 4088; x_wconf 90' lang='lat' dir='ltr'><strong>mortalium</strong></span> <span class='ocrx_word' id='word_1_482' title='bbox 1242 4049 1350 4087; x_wconf 91' lang='lat' dir='ltr'><strong>non</strong></span> <span class='ocrx_word' id='word_1_483' title='bbox 1380 4041 1559 4103; x_wconf 89' lang='lat' dir='ltr'><strong>potest</strong></span> <span class='ocrx_word' id='word_1_484' title='bbox 1584 4049 1761 4089; x_wconf 89' lang='lat' dir='ltr'><strong>mens.</strong></span> 
     </span>
    </p>
   </div>
   <div class='ocr_carea' id='block_1_53' title="bbox 724 4122 2220 4192">
    <p class='ocr_par' dir='ltr' id='par_1_53' title="bbox 724 4122 2220 4192">
     <span class='ocr_line' id='line_1_53' title="bbox 724 4122 2220 4192; baseline 0.005 -16"><span class='ocrx_word' id='word_1_485' title='bbox 724 4123 789 4180; x_wconf 92' lang='lat' dir='ltr'><strong>ll.</strong></span> <span class='ocrx_word' id='word_1_486' title='bbox 831 4122 954 4178; x_wconf 68' lang='lat' dir='ltr'><strong>Haec</strong></span> <span class='ocrx_word' id='word_1_487' title='bbox 982 4133 1034 4179; x_wconf 91' lang='lat' dir='ltr'><strong>et</strong></span> <span class='ocrx_word' id='word_1_488' title='bbox 1062 4123 1147 4178; x_wconf 92' lang='lat' dir='ltr'><strong>bis</strong></span> <span class='ocrx_word' id='word_1_489' title='bbox 1179 4123 1399 4189; x_wconf 83' lang='lat' dir='ltr'><strong>similia,</strong></span> <span class='ocrx_word' id='word_1_490' title='bbox 1431 4123 1618 4178; x_wconf 90' lang='lat' dir='ltr'><strong>nescio</strong></span> <span class='ocrx_word' id='word_1_491' title='bbox 1647 4124 1812 4192; x_wconf 91' lang='lat' dir='ltr'><strong>unde,</strong></span> <span class='ocrx_word' id='word_1_492' title='bbox 1847 4125 2220 4182; x_wconf 84' lang='lat' dir='ltr'><strong>indesinenter</strong></span> 
     </span>
    </p>
   </div>
   <div class='ocr_carea' id='block_1_54' title="bbox 655 4215 2218 4279">
    <p class='ocr_par' dir='ltr' id='par_1_54' title="bbox 655 4215 2218 4279">
     <span class='ocr_line' id='line_1_54' title="bbox 655 4215 2218 4279; baseline 0.004 -11"><span class='ocrx_word' id='word_1_493' title='bbox 655 4215 836 4268; x_wconf 89' lang='lat' dir='ltr'><strong>animo</strong></span> <span class='ocrx_word' id='word_1_494' title='bbox 865 4215 1168 4279; x_wconf 85' lang='lat' dir='ltr'><strong>revolvens,</strong></span> <span class='ocrx_word' id='word_1_495' title='bbox 1199 4215 1477 4269; x_wconf 87' lang='lat' dir='ltr'><strong>nimietate</strong></span> <span class='ocrx_word' id='word_1_496' title='bbox 1519 4217 1771 4271; x_wconf 74' lang='lat' dir='ltr'><strong>mmroris</strong></span> <span class='ocrx_word' id='word_1_497' title='bbox 1825 4217 2218 4273; x_wconf 84' lang='lat' dir='ltr'><strong>incredibiliter</strong></span> 
     </span>
    </p>
   </div>
   <div class='ocr_carea' id='block_1_55' title="bbox 654 4301 2223 4378">
    <p class='ocr_par' dir='ltr' id='par_1_55' title="bbox 654 4301 2223 4378">
     <span class='ocr_line' id='line_1_55' title="bbox 654 4301 2223 4378; baseline 0.004 -22"><span class='ocrx_word' id='word_1_498' title='bbox 654 4304 1020 4367; x_wconf 86' lang='lat' dir='ltr'><strong>tabescebam,</strong></span> <span class='ocrx_word' id='word_1_499' title='bbox 1049 4311 1103 4359; x_wconf 91' lang='lat' dir='ltr'><strong>et</strong></span> <span class='ocrx_word' id='word_1_500' title='bbox 1135 4301 1281 4374; x_wconf 87' lang='lat' dir='ltr'><strong>quod</strong></span> <span class='ocrx_word' id='word_1_501' title='bbox 1303 4311 1386 4358; x_wconf 90' lang='lat' dir='ltr'><strong>est</strong></span> <span class='ocrx_word' id='word_1_502' title='bbox 1417 4305 1658 4375; x_wconf 79' lang='lat' dir='ltr'><strong>gravius,</strong></span> <span class='ocrx_word' id='word_1_503' title='bbox 1689 4307 1734 4360; x_wconf 89' lang='lat' dir='ltr'><strong>si</strong></span> <span class='ocrx_word' id='word_1_504' title='bbox 1759 4307 1977 4375; x_wconf 89' lang='lat' dir='ltr'><strong>quando</strong></span> <span class='ocrx_word' id='word_1_505' title='bbox 2006 4323 2223 4378; x_wconf 87' lang='lat' dir='ltr'><strong>respue-</strong></span> 
     </span>
    </p>
   </div>
   <div class='ocr_carea' id='block_1_56' title="bbox 653 4393 2221 4468">
    <p class='ocr_par' dir='ltr' id='par_1_56' title="bbox 653 4393 2221 4468">
     <span class='ocr_line' id='line_1_56' title="bbox 653 4393 2221 4468; baseline 0.004 -22"><span class='ocrx_word' id='word_1_506' title='bbox 653 4407 714 4447; x_wconf 87' lang='lat' dir='ltr'><strong>re</strong></span> <span class='ocrx_word' id='word_1_507' title='bbox 741 4408 772 4445; x_wconf 90' lang='lat' dir='ltr'><strong>a</strong></span> <span class='ocrx_word' id='word_1_508' title='bbox 801 4408 885 4448; x_wconf 92' lang='lat' dir='ltr'><strong>me</strong></span> <span class='ocrx_word' id='word_1_509' title='bbox 908 4393 1283 4460; x_wconf 88' lang='lat' dir='ltr'><strong>hujuscemodi</strong></span> <span class='ocrx_word' id='word_1_510' title='bbox 1313 4409 1475 4449; x_wconf 89' lang='lat' dir='ltr'><strong>curas</strong></span> <span class='ocrx_word' id='word_1_511' title='bbox 1502 4396 1649 4452; x_wconf 77' lang='lat' dir='ltr'><strong>velut</strong></span> <span class='ocrx_word' id='word_1_512' title='bbox 1678 4396 1858 4450; x_wconf 90' lang='lat' dir='ltr'><strong>minus</strong></span> <span class='ocrx_word' id='word_1_513' title='bbox 1885 4397 2048 4452; x_wconf 90' lang='lat' dir='ltr'><strong>utiles</strong></span> <span class='ocrx_word' id='word_1_514' title='bbox 2070 4399 2221 4468; x_wconf 85' lang='lat' dir='ltr'><strong>cogi-</strong></span> 
     </span>
    </p>
   </div>
   <div class='ocr_carea' id='block_1_57' title="bbox 653 4481 2220 4543">
    <p class='ocr_par' dir='ltr' id='par_1_57' title="bbox 653 4481 2220 4543">
     <span class='ocr_line' id='line_1_57' title="bbox 653 4481 2220 4543; baseline 0.006 -10"><span class='ocrx_word' id='word_1_515' title='bbox 653 4481 855 4543; x_wconf 87' lang='lat' dir='ltr'><strong>tabam,</strong></span> <span class='ocrx_word' id='word_1_516' title='bbox 885 4482 1178 4538; x_wconf 88' lang='lat' dir='ltr'><strong>validiores</strong></span> <span class='ocrx_word' id='word_1_517' title='bbox 1209 4483 1264 4538; x_wconf 90' lang='lat' dir='ltr'><strong>in</strong></span> <span class='ocrx_word' id='word_1_518' title='bbox 1296 4499 1378 4538; x_wconf 91' lang='lat' dir='ltr'><strong>me</strong></span> <span class='ocrx_word' id='word_1_519' title='bbox 1406 4483 1602 4539; x_wconf 77' lang='lat' dir='ltr'><strong>fluctus</strong></span> <span class='ocrx_word' id='word_1_520' title='bbox 1630 4485 2062 4541; x_wconf 90' lang='lat' dir='ltr'><strong>sollicitudinum</strong></span> <span class='ocrx_word' id='word_1_521' title='bbox 2086 4505 2220 4542; x_wconf 61' lang='lat' dir='ltr'><strong>cono</strong></span> 
     </span>
    </p>
   </div>
   <div class='ocr_carea' id='block_1_58' title="bbox 655 4572 2220 4647">
    <p class='ocr_par' dir='ltr' id='par_1_58' title="bbox 655 4572 2220 4647">
     <span class='ocr_line' id='line_1_58' title="bbox 655 4572 2220 4647; baseline 0.004 -20"><span class='ocrx_word' id='word_1_522' title='bbox 655 4573 967 4642; x_wconf 84' lang='lat' dir='ltr'><strong>surgebant.</strong></span> <span class='ocrx_word' id='word_1_523' title='bbox 1003 4572 1178 4628; x_wconf 90' lang='lat' dir='ltr'><strong>Inerat</strong></span> <span class='ocrx_word' id='word_1_524' title='bbox 1199 4574 1342 4627; x_wconf 90' lang='lat' dir='ltr'><strong>enim</strong></span> <span class='ocrx_word' id='word_1_525' title='bbox 1375 4575 1506 4630; x_wconf 89' lang='lat' dir='ltr'><strong>mihi</strong></span> <span class='ocrx_word' id='word_1_526' title='bbox 1532 4591 1714 4630; x_wconf 88' lang='lat' dir='ltr'><strong>comes</strong></span> <span class='ocrx_word' id='word_1_527' title='bbox 1742 4577 1967 4646; x_wconf 90' lang='lat' dir='ltr'><strong>optima,</strong></span> <span class='ocrx_word' id='word_1_528' title='bbox 1989 4595 2110 4647; x_wconf 66' lang='lat' dir='ltr'><strong>qua:</strong></span> <span class='ocrx_word' id='word_1_529' title='bbox 2136 4595 2220 4634; x_wconf 89' lang='lat' dir='ltr'><strong>me</strong></span> 
     </span>
    </p>
   </div>
   <div class='ocr_carea' id='block_1_59' title="bbox 657 4663 2222 4738">
    <p class='ocr_par' dir='ltr' id='par_1_59' title="bbox 657 4663 2222 4738">
     <span class='ocr_line' id='line_1_59' title="bbox 657 4663 2222 4738; baseline 0.006 -22"><span class='ocrx_word' id='word_1_530' title='bbox 657 4664 939 4733; x_wconf 88' lang='lat' dir='ltr'><strong>quiescere</strong></span> <span class='ocrx_word' id='word_1_531' title='bbox 990 4679 1100 4717; x_wconf 91' lang='lat' dir='ltr'><strong>non</strong></span> <span class='ocrx_word' id='word_1_532' title='bbox 1149 4663 1374 4724; x_wconf 84' lang='lat' dir='ltr'><strong>sineret.</strong></span> <span class='ocrx_word' id='word_1_533' title='bbox 1409 4664 1838 4720; x_wconf 88' lang='lat' dir='ltr'><strong>immortalitatis</strong></span> <span class='ocrx_word' id='word_1_534' title='bbox 1891 4670 2112 4738; x_wconf 93' lang='lat' dir='ltr'><strong>cupido.</strong></span> <span class='ocrx_word' id='word_1_535' title='bbox 2151 4670 2222 4725; x_wconf 91' lang='lat' dir='ltr'><strong>Ut</strong></span> 
     </span>
    </p>
   </div>
   <div class='ocr_carea' id='block_1_60' title="bbox 656 4753 2222 4830">
    <p class='ocr_par' dir='ltr' id='par_1_60' title="bbox 656 4753 2222 4830">
     <span class='ocr_line' id='line_1_60' title="bbox 656 4753 2222 4830; baseline 0.006 -22"><span class='ocrx_word' id='word_1_536' title='bbox 656 4753 802 4808; x_wconf 85' lang='lat' dir='ltr'><strong>enim</strong></span> <span class='ocrx_word' id='word_1_537' title='bbox 829 4761 948 4823; x_wconf 92' lang='lat' dir='ltr'><strong>post</strong></span> <span class='ocrx_word' id='word_1_538' title='bbox 978 4770 1158 4810; x_wconf 91' lang='lat' dir='ltr'><strong>rerum</strong></span> <span class='ocrx_word' id='word_1_539' title='bbox 1189 4755 1367 4810; x_wconf 84' lang='lat' dir='ltr'><strong>exitus</strong></span> <span class='ocrx_word' id='word_1_540' title='bbox 1395 4756 1602 4823; x_wconf 92' lang='lat' dir='ltr'><strong>docuit,</strong></span> <span class='ocrx_word' id='word_1_541' title='bbox 1632 4767 1687 4813; x_wconf 90' lang='lat' dir='ltr'><strong>et</strong></span> <span class='ocrx_word' id='word_1_542' title='bbox 1718 4761 1888 4830; x_wconf 89' lang='lat' dir='ltr'><strong>gratia</strong></span> <span class='ocrx_word' id='word_1_543' title='bbox 1922 4760 2014 4816; x_wconf 87' lang='lat' dir='ltr'><strong>Dei</strong></span> <span class='ocrx_word' id='word_1_544' title='bbox 2043 4764 2222 4817; x_wconf 89' lang='lat' dir='ltr'><strong>omni-</strong></span> 
     </span>
    </p>
   </div>
   <div class='ocr_carea' id='block_1_61' title="bbox 655 4835 2221 4927">
    <p class='ocr_par' dir='ltr' id='par_1_61' title="bbox 655 4835 2221 4927">
     <span class='ocr_line' id='line_1_61' title="bbox 655 4835 2221 4927; baseline 0.006 -27"><span class='ocrx_word' id='word_1_545' title='bbox 655 4847 892 4918; x_wconf 87' lang='lat' dir='ltr'><strong>potentis</strong></span> <span class='ocrx_word' id='word_1_546' title='bbox 915 4848 1168 4912; x_wconf 90' lang='lat' dir='ltr'><strong>ostendit,</strong></span> <span class='ocrx_word' id='word_1_547' title='bbox 1193 4849 1306 4906; x_wconf 67' lang='lat' dir='ltr'><strong>hzee</strong></span> <span class='ocrx_word' id='word_1_548' title='bbox 1335 4866 1420 4904; x_wconf 91' lang='lat' dir='ltr'><strong>me</strong></span> <span class='ocrx_word' id='word_1_549' title='bbox 1450 4852 1617 4904; x_wconf 89' lang='lat' dir='ltr'><strong>animi</strong></span> <span class='ocrx_word' id='word_1_550' title='bbox 1647 4835 1886 4908; x_wconf 32' lang='lat' dir='ltr'><strong>intentio.</strong></span> <span class='ocrx_word' id='word_1_551' title='bbox 1902 4855 1968 4908; x_wconf 92' lang='lat' dir='ltr'><strong>ad</strong></span> <span class='ocrx_word' id='word_1_552' title='bbox 1992 4856 2221 4927; x_wconf 87' lang='lat' dir='ltr'><strong>inquisi-</strong></span> 
     </span>
    </p>
   </div>
   <div class='ocr_carea' id='block_1_62' title="bbox 2325 3768 3917 3842">
    <p class='ocr_par' dir='ltr' id='par_1_62' title="bbox 2325 3768 3917 3842">
     <span class='ocr_line' id='line_1_62' title="bbox 2325 3768 3917 3842; baseline 0.002 -20"><span class='ocrx_word' id='word_1_553' title='bbox 2325 3769 2380 3822; x_wconf 90' lang='lat' dir='ltr'><strong>in</strong></span> <span class='ocrx_word' id='word_1_554' title='bbox 2416 3768 2684 3838; x_wconf 91' lang='lat' dir='ltr'><strong>profundo</strong></span> <span class='ocrx_word' id='word_1_555' title='bbox 2711 3770 2950 3838; x_wconf 85' lang='lat' dir='ltr'><strong>pectoris</strong></span> <span class='ocrx_word' id='word_1_556' title='bbox 2974 3770 3284 3833; x_wconf 80' lang='lat' dir='ltr'><strong>cruciabar,</strong></span> <span class='ocrx_word' id='word_1_557' title='bbox 3311 3770 3456 3840; x_wconf 86' lang='lat' dir='ltr'><strong>quod</strong></span> <span class='ocrx_word' id='word_1_558' title='bbox 3483 3787 3661 3840; x_wconf 89' lang='lat' dir='ltr'><strong>neque</strong></span> <span class='ocrx_word' id='word_1_559' title='bbox 3698 3771 3917 3842; x_wconf 78' lang='lat' dir='ltr'><strong>aliquid</strong></span> 
     </span>
    </p>
   </div>
   <div class='ocr_carea' id='block_1_63' title="bbox 2324 3859 3919 3931">
    <p class='ocr_par' dir='ltr' id='par_1_63' title="bbox 2324 3859 3919 3931">
     <span class='ocr_line' id='line_1_63' title="bbox 2324 3859 3919 3931; baseline 0.003 -19"><span class='ocrx_word' id='word_1_560' title='bbox 2324 3875 2390 3913; x_wconf 77' lang='lat' dir='ltr'><strong>ex</strong></span> <span class='ocrx_word' id='word_1_561' title='bbox 2421 3859 2525 3920; x_wconf 88' lang='lat' dir='ltr'><strong>his,</strong></span> <span class='ocrx_word' id='word_1_562' title='bbox 2551 3875 2670 3928; x_wconf 65' lang='lat' dir='ltr'><strong>quae</strong></span> <span class='ocrx_word' id='word_1_563' title='bbox 2697 3859 3041 3924; x_wconf 86' lang='lat' dir='ltr'><strong>dicebantur,</strong></span> <span class='ocrx_word' id='word_1_564' title='bbox 3073 3867 3328 3930; x_wconf 74' lang='lat' dir='ltr'><strong>tanquam</strong></span> <span class='ocrx_word' id='word_1_565' title='bbox 3355 3860 3566 3914; x_wconf 81' lang='lat' dir='ltr'><strong>ﬁrmum</strong></span> <span class='ocrx_word' id='word_1_566' title='bbox 3598 3869 3795 3916; x_wconf 80' lang='lat' dir='ltr'><strong>tenere</strong></span> <span class='ocrx_word' id='word_1_567' title='bbox 3817 3878 3919 3931; x_wconf 81' lang='lat' dir='ltr'><strong>po-</strong></span> 
     </span>
    </p>
   </div>
   <div class='ocr_carea' id='block_1_64' title="bbox 2323 3950 3913 4021">
    <p class='ocr_par' dir='ltr' id='par_1_64' title="bbox 2323 3950 3913 4021">
     <span class='ocr_line' id='line_1_64' title="bbox 2323 3950 3913 4021; baseline 0.004 -19"><span class='ocrx_word' id='word_1_568' title='bbox 2323 3959 2516 4014; x_wconf 86' lang='lat' dir='ltr'><strong>teram,</strong></span> <span class='ocrx_word' id='word_1_569' title='bbox 2545 3967 2719 4020; x_wconf 81' lang='lat' dir='ltr'><strong>neque</strong></span> <span class='ocrx_word' id='word_1_570' title='bbox 2771 3951 3010 4019; x_wconf 88' lang='lat' dir='ltr'><strong>ahjicere</strong></span> <span class='ocrx_word' id='word_1_571' title='bbox 3054 3950 3389 4006; x_wconf 87' lang='lat' dir='ltr'><strong>desiderium</strong></span> <span class='ocrx_word' id='word_1_572' title='bbox 3423 3951 3783 4021; x_wconf 84' lang='lat' dir='ltr'><strong>requirendi;</strong></span> <span class='ocrx_word' id='word_1_573' title='bbox 3819 3957 3913 4008; x_wconf 82' lang='lat' dir='ltr'><strong>sed</strong></span> 
     </span>
    </p>
   </div>
   <div class='ocr_carea' id='block_1_65' title="bbox 2325 4039 3914 4111">
    <p class='ocr_par' dir='ltr' id='par_1_65' title="bbox 2325 4039 3914 4111">
     <span class='ocr_line' id='line_1_65' title="bbox 2325 4039 3914 4111; baseline 0.001 -17"><span class='ocrx_word' id='word_1_574' title='bbox 2325 4052 2529 4110; x_wconf 86' lang='lat' dir='ltr'><strong>quanto</strong></span> <span class='ocrx_word' id='word_1_575' title='bbox 2567 4042 2739 4110; x_wconf 88' lang='lat' dir='ltr'><strong>magis</strong></span> <span class='ocrx_word' id='word_1_576' title='bbox 2769 4041 3043 4111; x_wconf 85' lang='lat' dir='ltr'><strong>negligere</strong></span> <span class='ocrx_word' id='word_1_577' title='bbox 3074 4039 3317 4094; x_wconf 88' lang='lat' dir='ltr'><strong>conabar</strong></span> <span class='ocrx_word' id='word_1_578' title='bbox 3351 4056 3412 4094; x_wconf 90' lang='lat' dir='ltr'><strong>ac</strong></span> <span class='ocrx_word' id='word_1_579' title='bbox 3440 4056 3720 4110; x_wconf 84' lang='lat' dir='ltr'><strong>spernere,</strong></span> <span class='ocrx_word' id='word_1_580' title='bbox 3757 4049 3914 4096; x_wconf 82' lang='lat' dir='ltr'><strong>tanta</strong></span> 
     </span>
    </p>
   </div>
   <div class='ocr_carea' id='block_1_66' title="bbox 2328 4131 3912 4201">
    <p class='ocr_par' dir='ltr' id='par_1_66' title="bbox 2328 4131 3912 4201">
     <span class='ocr_line' id='line_1_66' title="bbox 2328 4131 3912 4201; baseline 0.002 -16"><span class='ocrx_word' id='word_1_581' title='bbox 2328 4132 2634 4194; x_wconf 75' lang='lat' dir='ltr'><strong>ardentius,</strong></span> <span class='ocrx_word' id='word_1_582' title='bbox 2665 4140 2724 4185; x_wconf 93' lang='lat' dir='ltr'><strong>ut</strong></span> <span class='ocrx_word' id='word_1_583' title='bbox 2755 4147 2920 4201; x_wconf 92' lang='lat' dir='ltr'><strong>supra</strong></span> <span class='ocrx_word' id='word_1_584' title='bbox 2950 4131 3086 4194; x_wconf 74' lang='lat' dir='ltr'><strong>dixi,</strong></span> <span class='ocrx_word' id='word_1_585' title='bbox 3120 4132 3268 4187; x_wconf 81' lang='lat' dir='ltr'><strong>velut</strong></span> <span class='ocrx_word' id='word_1_586' title='bbox 3295 4147 3420 4185; x_wconf 91' lang='lat' dir='ltr'><strong>cum</strong></span> <span class='ocrx_word' id='word_1_587' title='bbox 3461 4133 3700 4201; x_wconf 90' lang='lat' dir='ltr'><strong>quadam</strong></span> <span class='ocrx_word' id='word_1_588' title='bbox 3754 4133 3912 4188; x_wconf 74' lang='lat' dir='ltr'><strong>vola-</strong></span> 
     </span>
    </p>
   </div>
   <div class='ocr_carea' id='block_1_67' title="bbox 2330 4221 3908 4292">
    <p class='ocr_par' dir='ltr' id='par_1_67' title="bbox 2330 4221 3908 4292">
     <span class='ocr_line' id='line_1_67' title="bbox 2330 4221 3908 4292; baseline 0.003 -19"><span class='ocrx_word' id='word_1_589' title='bbox 2330 4232 2473 4291; x_wconf 85' lang='lat' dir='ltr'><strong>ptate</strong></span> <span class='ocrx_word' id='word_1_590' title='bbox 2503 4222 2734 4276; x_wconf 89' lang='lat' dir='ltr'><strong>latenter</strong></span> <span class='ocrx_word' id='word_1_591' title='bbox 2765 4223 3012 4292; x_wconf 88' lang='lat' dir='ltr'><strong>irrepens</strong></span> <span class='ocrx_word' id='word_1_592' title='bbox 3042 4221 3417 4290; x_wconf 85' lang='lat' dir='ltr'><strong>hujuscemodi</strong></span> <span class='ocrx_word' id='word_1_593' title='bbox 3449 4223 3733 4292; x_wconf 89' lang='lat' dir='ltr'><strong>cogitatio,</strong></span> <span class='ocrx_word' id='word_1_594' title='bbox 3751 4238 3908 4277; x_wconf 85' lang='lat' dir='ltr'><strong>men-</strong></span> 
     </span>
    </p>
   </div>
   <div class='ocr_carea' id='block_1_68' title="bbox 2328 4312 3263 4382">
    <p class='ocr_par' dir='ltr' id='par_1_68' title="bbox 2328 4312 3263 4382">
     <span class='ocr_line' id='line_1_68' title="bbox 2328 4312 3263 4382; baseline 0.005 -18"><span class='ocrx_word' id='word_1_595' title='bbox 2328 4320 2434 4366; x_wconf 88' lang='lat' dir='ltr'><strong>tem</strong></span> <span class='ocrx_word' id='word_1_596' title='bbox 2462 4319 2623 4380; x_wconf 90' lang='lat' dir='ltr'><strong>atque</strong></span> <span class='ocrx_word' id='word_1_597' title='bbox 2649 4313 2887 4365; x_wconf 90' lang='lat' dir='ltr'><strong>animum</strong></span> <span class='ocrx_word' id='word_1_598' title='bbox 2923 4312 3263 4382; x_wconf 88' lang='lat' dir='ltr'><strong>possidebat.</strong></span> 
     </span>
    </p>
   </div>
   <div class='ocr_carea' id='block_1_69' title="bbox 2398 4403 3908 4478">
    <p class='ocr_par' dir='ltr' id='par_1_69' title="bbox 2398 4403 3908 4478">
     <span class='ocr_line' id='line_1_69' title="bbox 2398 4403 3908 4478; baseline 0.003 -21"><span class='ocrx_word' id='word_1_599' title='bbox 2398 4403 2487 4458; x_wconf 83' lang='lat' dir='ltr'><strong>IV.</strong></span> <span class='ocrx_word' id='word_1_600' title='bbox 2528 4403 2932 4475; x_wconf 88' lang='lat' dir='ltr'><strong>Coangustatus</strong></span> <span class='ocrx_word' id='word_1_601' title='bbox 2975 4407 3140 4478; x_wconf 81' lang='lat' dir='ltr'><strong>igitur</strong></span> <span class='ocrx_word' id='word_1_602' title='bbox 3166 4405 3482 4460; x_wconf 90' lang='lat' dir='ltr'><strong>inventione</strong></span> <span class='ocrx_word' id='word_1_603' title='bbox 3528 4421 3743 4465; x_wconf 88' lang='lat' dir='ltr'><strong>rerum.</strong></span> <span class='ocrx_word' id='word_1_604' title='bbox 3795 4408 3908 4462; x_wconf 84' lang='lat' dir='ltr'><strong>aie-</strong></span> 
     </span>
    </p>
   </div>
   <div class='ocr_carea' id='block_1_70' title="bbox 2329 4493 3905 4564">
    <p class='ocr_par' dir='ltr' id='par_1_70' title="bbox 2329 4493 3905 4564">
     <span class='ocr_line' id='line_1_70' title="bbox 2329 4493 3905 4564; baseline 0.003 -17"><span class='ocrx_word' id='word_1_605' title='bbox 2329 4493 2450 4547; x_wconf 88' lang='lat' dir='ltr'><strong>bam</strong></span> <span class='ocrx_word' id='word_1_606' title='bbox 2479 4495 2618 4562; x_wconf 88' lang='lat' dir='ltr'><strong>apud</strong></span> <span class='ocrx_word' id='word_1_607' title='bbox 2655 4497 3032 4564; x_wconf 87' lang='lat' dir='ltr'><strong>memetipsum</strong></span> <span class='ocrx_word' id='word_1_608' title='bbox 3065 4515 3076 4550; x_wconf 94' lang='lat'>:</span> <span class='ocrx_word' id='word_1_609' title='bbox 3108 4495 3248 4564; x_wconf 88' lang='lat' dir='ltr'><strong>Quid</strong></span> <span class='ocrx_word' id='word_1_610' title='bbox 3297 4496 3533 4549; x_wconf 86' lang='lat' dir='ltr'><strong>inaniter</strong></span> <span class='ocrx_word' id='word_1_611' title='bbox 3563 4496 3905 4562; x_wconf 83' lang='lat' dir='ltr'><strong>laboramus,</strong></span> 
     </span>
    </p>
   </div>
   <div class='ocr_carea' id='block_1_71' title="bbox 2322 4585 3908 4658">
    <p class='ocr_par' dir='ltr' id='par_1_71' title="bbox 2322 4585 3908 4658">
     <span class='ocr_line' id='line_1_71' title="bbox 2322 4585 3908 4658; baseline 0.003 -22"><span class='ocrx_word' id='word_1_612' title='bbox 2322 4600 2446 4637; x_wconf 91' lang='lat' dir='ltr'><strong>eum</strong></span> <span class='ocrx_word' id='word_1_613' title='bbox 2498 4585 2824 4640; x_wconf 81' lang='lat' dir='ltr'><strong>manifestus</strong></span> <span class='ocrx_word' id='word_1_614' title='bbox 2855 4586 2926 4641; x_wconf 91' lang='lat' dir='ltr'><strong>sit</strong></span> <span class='ocrx_word' id='word_1_615' title='bbox 2958 4587 3220 4641; x_wconf 91' lang='lat' dir='ltr'><strong>terminus</strong></span> <span class='ocrx_word' id='word_1_616' title='bbox 3249 4587 3472 4641; x_wconf 83' lang='lat' dir='ltr'><strong>rerum?</strong></span> <span class='ocrx_word' id='word_1_617' title='bbox 3501 4585 3558 4640; x_wconf 90' lang='lat' dir='ltr'><strong>Si</strong></span> <span class='ocrx_word' id='word_1_618' title='bbox 3589 4587 3740 4640; x_wconf 89' lang='lat' dir='ltr'><strong>enim</strong></span> <span class='ocrx_word' id='word_1_619' title='bbox 3786 4598 3908 4658; x_wconf 89' lang='lat' dir='ltr'><strong>post</strong></span> 
     </span>
    </p>
   </div>
   <div class='ocr_carea' id='block_1_72' title="bbox 2326 4676 3908 4746">
    <p class='ocr_par' dir='ltr' id='par_1_72' title="bbox 2326 4676 3908 4746">
     <span class='ocr_line' id='line_1_72' title="bbox 2326 4676 3908 4746; baseline 0.004 -17"><span class='ocrx_word' id='word_1_620' title='bbox 2326 4683 2556 4729; x_wconf 86' lang='lat' dir='ltr'><strong>mortem</strong></span> <span class='ocrx_word' id='word_1_621' title='bbox 2608 4691 2716 4729; x_wconf 89' lang='lat' dir='ltr'><strong>non</strong></span> <span class='ocrx_word' id='word_1_622' title='bbox 2763 4691 2881 4742; x_wconf 91' lang='lat' dir='ltr'><strong>ero,</strong></span> <span class='ocrx_word' id='word_1_623' title='bbox 2915 4691 3062 4731; x_wconf 90' lang='lat' dir='ltr'><strong>nunc</strong></span> <span class='ocrx_word' id='word_1_624' title='bbox 3090 4676 3366 4746; x_wconf 86' lang='lat' dir='ltr'><strong>superﬂuo</strong></span> <span class='ocrx_word' id='word_1_625' title='bbox 3408 4677 3660 4744; x_wconf 90' lang='lat' dir='ltr'><strong>crucior;</strong></span> <span class='ocrx_word' id='word_1_626' title='bbox 3695 4677 3746 4732; x_wconf 92' lang='lat' dir='ltr'><strong>si</strong></span> <span class='ocrx_word' id='word_1_627' title='bbox 3782 4697 3908 4735; x_wconf 81' lang='lat' dir='ltr'><strong>vero</strong></span> 
     </span>
    </p>
   </div>
   <div class='ocr_carea' id='block_1_73' title="bbox 2300 4767 3904 4842">
    <p class='ocr_par' dir='ltr' id='par_1_73' title="bbox 2300 4767 3904 4842">
     <span class='ocr_line' id='line_1_73' title="bbox 2300 4767 3904 4842; baseline 0.001 -20"><span class='ocrx_word' id='word_1_628' title='bbox 2300 4768 2432 4842; x_wconf 18' lang='lat' dir='ltr'><strong>[erit</strong></span> <span class='ocrx_word' id='word_1_629' title='bbox 2479 4767 2613 4822; x_wconf 90' lang='lat' dir='ltr'><strong>mihi</strong></span> <span class='ocrx_word' id='word_1_630' title='bbox 2661 4767 2766 4821; x_wconf 83' lang='lat' dir='ltr'><strong>vita</strong></span> <span class='ocrx_word' id='word_1_631' title='bbox 2801 4776 2924 4838; x_wconf 91' lang='lat' dir='ltr'><strong>post</strong></span> <span class='ocrx_word' id='word_1_632' title='bbox 2952 4768 3185 4832; x_wconf 88' lang='lat' dir='ltr'><strong>obitum,</strong></span> <span class='ocrx_word' id='word_1_633' title='bbox 3219 4783 3499 4824; x_wconf 85' lang='lat' dir='ltr'><strong>servemus</strong></span> <span class='ocrx_word' id='word_1_634' title='bbox 3530 4769 3606 4822; x_wconf 89' lang='lat' dir='ltr'><strong>illi</strong></span> <span class='ocrx_word' id='word_1_635' title='bbox 3641 4771 3774 4824; x_wconf 66' lang='lat' dir='ltr'><strong>vitae</strong></span> <span class='ocrx_word' id='word_1_636' title='bbox 3823 4772 3904 4826; x_wconf 86' lang='lat' dir='ltr'><strong>sui</strong></span> 
     </span>
    </p>
   </div>
   <div class='ocr_carea' id='block_1_74' title="bbox 2327 4859 3906 4930">
    <p class='ocr_par' dir='ltr' id='par_1_74' title="bbox 2327 4859 3906 4930">
     <span class='ocr_line' id='line_1_74' title="bbox 2327 4859 3906 4930; baseline 0.003 -17"><span class='ocrx_word' id='word_1_637' title='bbox 2327 4861 2585 4929; x_wconf 88' lang='lat' dir='ltr'><strong>temporis</strong></span> <span class='ocrx_word' id='word_1_638' title='bbox 2612 4867 2813 4922; x_wconf 86' lang='lat' dir='ltr'><strong>motus,</strong></span> <span class='ocrx_word' id='word_1_639' title='bbox 2840 4874 2910 4914; x_wconf 86' lang='lat' dir='ltr'><strong>ne</strong></span> <span class='ocrx_word' id='word_1_640' title='bbox 2942 4859 3080 4915; x_wconf 89' lang='lat' dir='ltr'><strong>forte</strong></span> <span class='ocrx_word' id='word_1_641' title='bbox 3113 4861 3218 4928; x_wconf 89' lang='lat' dir='ltr'><strong>his,</strong></span> <span class='ocrx_word' id='word_1_642' title='bbox 3251 4876 3372 4930; x_wconf 66' lang='lat' dir='ltr'><strong>quae</strong></span> <span class='ocrx_word' id='word_1_643' title='bbox 3401 4876 3548 4917; x_wconf 88' lang='lat' dir='ltr'><strong>nunc</strong></span> <span class='ocrx_word' id='word_1_644' title='bbox 3575 4864 3788 4930; x_wconf 88' lang='lat' dir='ltr'><strong>patior.</strong></span> <span class='ocrx_word' id='word_1_645' title='bbox 3811 4865 3906 4917; x_wconf 81' lang='lat' dir='ltr'><strong>aii-</strong></span> 
     </span>
    </p>
   </div>
   <div class='ocr_carea' id='block_1_75' title="bbox 647 4941 3908 5020">
    <p class='ocr_par' dir='ltr' id='par_1_75' title="bbox 647 4941 3908 5020">
     <span class='ocr_line' id='line_1_75' title="bbox 647 4941 3908 5020; baseline 0.004 -26"><span class='ocrx_word' id='word_1_646' title='bbox 647 4941 856 4996; x_wconf 88' lang='lat' dir='ltr'><strong>-tionem</strong></span> <span class='ocrx_word' id='word_1_647' title='bbox 883 4941 1150 5007; x_wconf 82' lang='lat' dir='ltr'><strong>veritatis,</strong></span> <span class='ocrx_word' id='word_1_648' title='bbox 1180 4951 1232 4998; x_wconf 91' lang='lat' dir='ltr'><strong>et</strong></span> <span class='ocrx_word' id='word_1_649' title='bbox 1261 4944 1590 5013; x_wconf 83' lang='lat' dir='ltr'><strong>agnitionem</strong></span> <span class='ocrx_word' id='word_1_650' title='bbox 1620 4961 1762 5001; x_wconf 67' lang='lat' dir='ltr'><strong>verae</strong></span> <span class='ocrx_word' id='word_1_651' title='bbox 1805 4947 1944 5002; x_wconf 91' lang='lat' dir='ltr'><strong>lucis</strong></span> <span class='ocrx_word' id='word_1_652' title='bbox 1973 4949 2219 5006; x_wconf 81' lang='lat' dir='ltr'><strong>adduxit.</strong></span> <span class='ocrx_word' id='word_1_653' title='bbox 2251 4947 2291 5001; x_wconf 93' lang='lat' dir='ltr'><strong>C</strong></span> <span class='ocrx_word' id='word_1_654' title='bbox 2323 4965 2430 5019; x_wconf 88' lang='lat' dir='ltr'><strong>qua</strong></span> <span class='ocrx_word' id='word_1_655' title='bbox 2475 4966 2560 5006; x_wconf 91' lang='lat' dir='ltr'><strong>me</strong></span> <span class='ocrx_word' id='word_1_656' title='bbox 2611 4950 2688 5005; x_wconf 87' lang='lat' dir='ltr'><strong>ibi</strong></span> <span class='ocrx_word' id='word_1_657' title='bbox 2735 4951 2977 5005; x_wconf 87' lang='lat' dir='ltr'><strong>tristiora</strong></span> <span class='ocrx_word' id='word_1_658' title='bbox 3008 4950 3304 5020; x_wconf 76' lang='lat' dir='ltr'><strong>excipiant,</strong></span> <span class='ocrx_word' id='word_1_659' title='bbox 3335 4951 3442 5008; x_wconf 86' lang='lat' dir='ltr'><strong>nisi</strong></span> <span class='ocrx_word' id='word_1_660' title='bbox 3471 4952 3560 5020; x_wconf 90' lang='lat' dir='ltr'><strong>pie</strong></span> <span class='ocrx_word' id='word_1_661' title='bbox 3603 4967 3673 5006; x_wconf 91' lang='lat' dir='ltr'><strong>ac</strong></span> <span class='ocrx_word' id='word_1_662' title='bbox 3723 4954 3908 5008; x_wconf 75' lang='lat' dir='ltr'><strong>sobrie</strong></span> 
     </span>
    </p>
   </div>
   <div class='ocr_carea' id='block_1_76' title="bbox 1959 5101 2628 5160">
    <p class='ocr_par' dir='ltr' id='par_1_76' title="bbox 1959 5101 2628 5160">
     <span class='ocr_line' id='line_1_76' title="bbox 1959 5101 2628 5160; baseline 0.004 -3"><span class='ocrx_word' id='word_1_663' title='bbox 1959 5101 2323 5159; x_wconf 70' lang='lat' dir='ltr'><strong>COTELERII</strong></span> <span class='ocrx_word' id='word_1_664' title='bbox 2392 5102 2628 5160; x_wconf 71' lang='lat' dir='ltr'><strong>NOT/E.</strong></span> 
     </span>
    </p>
   </div>
   <div class='ocr_carea' id='block_1_77' title="bbox 724 5232 2215 5314">
    <p class='ocr_par' dir='ltr' id='par_1_77' title="bbox 724 5232 2215 5314">
     <span class='ocr_line' id='line_1_77' title="bbox 724 5232 2215 5314; baseline 0.005 -27"><span class='ocrx_word' id='word_1_665' title='bbox 724 5232 800 5314; x_wconf 64' lang='lat'><strong>{4)</strong></span> <span class='ocrx_word' id='word_1_666' title='bbox 842 5232 916 5314; x_wconf 70' lang='lat' dir='ltr'><strong>pe</strong></span> <span class='ocrx_word' id='word_1_667' title='bbox 963 5233 1106 5314; x_wconf 45' lang='lat' dir='ltr'><strong>obitu</strong></span> <span class='ocrx_word' id='word_1_668' title='bbox 1147 5235 1372 5314; x_wconf 77' lang='lat' dir='ltr'><strong>nuntiat_</strong></span> <span class='ocrx_word' id='word_1_669' title='bbox 1403 5235 1568 5314; x_wconf 54' lang='lat' dir='ltr'><strong>Betti.</strong></span> <span class='ocrx_word' id='word_1_670' title='bbox 1616 5235 1692 5289; x_wconf 88' lang='lat' dir='ltr'><strong>Ita</strong></span> <span class='ocrx_word' id='word_1_671' title='bbox 1737 5241 2215 5314; x_wconf 84' lang='lat' dir='ltr'><strong>omnes_eod_i_ees.</strong></span> 
     </span>
    </p>
   </div>
   <div class='ocr_carea' id='block_1_78' title="bbox 655 5302 2218 5378">
    <p class='ocr_par' dir='ltr' id='par_1_78' title="bbox 655 5302 2218 5378">
     <span class='ocr_line' id='line_1_78' title="bbox 655 5302 2218 5378; baseline 0.005 -23"><span class='ocrx_word' id='word_1_672' title='bbox 655 5302 948 5378; x_wconf 65' lang='lat' dir='ltr'><strong>Epistola_m</strong></span> <span class='ocrx_word' id='word_1_673' title='bbox 981 5303 1273 5378; x_wconf 78' lang='lat' dir='ltr'><strong>Clementis</strong></span> <span class='ocrx_word' id='word_1_674' title='bbox 1308 5305 1375 5357; x_wconf 91' lang='lat' dir='ltr'><strong>ad</strong></span> <span class='ocrx_word' id='word_1_675' title='bbox 1415 5304 1676 5360; x_wconf 76' lang='lat' dir='ltr'><strong>Iacobum</strong></span> <span class='ocrx_word' id='word_1_676' title='bbox 1721 5309 1958 5378; x_wconf 64' lang='lat' dir='ltr'><strong>praeponi</strong></span> <span class='ocrx_word' id='word_1_677' title='bbox 2002 5312 2218 5364; x_wconf 89' lang='lat' dir='ltr'><strong>solitam</strong></span> 
     </span>
    </p>
   </div>
   <div class='ocr_carea' id='block_1_79' title="bbox 651 5371 2220 5449">
    <p class='ocr_par' dir='ltr' id='par_1_79' title="bbox 651 5371 2220 5449">
     <span class='ocr_line' id='line_1_79' title="bbox 651 5371 2220 5449; baseline 0.004 -22"><span class='ocrx_word' id='word_1_678' title='bbox 651 5371 839 5449; x_wconf 76' lang='lat' dir='ltr'><strong>libris,</strong></span> <span class='ocrx_word' id='word_1_679' title='bbox 873 5371 1333 5449; x_wconf 57' lang='lat' dir='ltr'><strong>Recognitionum,</strong></span> <span class='ocrx_word' id='word_1_680' title='bbox 1372 5371 1995 5449; x_wconf 20' lang='lat' dir='ltr'><strong>aperteidicit‘Pbotius.</strong></span> <span class='ocrx_word' id='word_1_681' title='bbox 2043 5381 2220 5449; x_wconf 82' lang='lat' dir='ltr'><strong>Atque</strong></span> 
     </span>
    </p>
   </div>
   <div class='ocr_carea' id='block_1_80' title="bbox 655 5443 2214 5513">
    <p class='ocr_par' dir='ltr' id='par_1_80' title="bbox 655 5443 2214 5513">
     <span class='ocr_line' id='line_1_80' title="bbox 655 5443 2214 5513; baseline 0.003 -17"><span class='ocrx_word' id='word_1_682' title='bbox 655 5444 842 5513; x_wconf 83' lang='lat' dir='ltr'><strong>eadem</strong></span> <span class='ocrx_word' id='word_1_683' title='bbox 873 5443 924 5494; x_wconf 91' lang='lat' dir='ltr'><strong>in</strong></span> <span class='ocrx_word' id='word_1_684' title='bbox 956 5443 1144 5513; x_wconf 72' lang='lat' dir='ltr'><strong>codice</strong></span> <span class='ocrx_word' id='word_1_685' title='bbox 1174 5443 1532 5501; x_wconf 66' lang='lat' dir='ltr'><strong>Carnieliticm</strong></span> <span class='ocrx_word' id='word_1_686' title='bbox 1563 5443 2214 5513; x_wconf 68' lang='lat' dir='ltr'><strong>Bibliotheeazinseritur,</strong></span> 
     </span>
    </p>
   </div>
   <div class='ocr_carea' id='block_1_81' title="bbox 655 5511 2212 5588">
    <p class='ocr_par' dir='ltr' id='par_1_81' title="bbox 655 5511 2212 5588">
     <span class='ocr_line' id='line_1_81' title="bbox 655 5511 2212 5588; baseline 0.005 -22"><span class='ocrx_word' id='word_1_687' title='bbox 655 5514 795 5588; x_wconf 72' lang='lat' dir='ltr'><strong>inter</strong></span> <span class='ocrx_word' id='word_1_688' title='bbox 824 5512 1000 5588; x_wconf 59' lang='lat' dir='ltr'><strong>Ruﬁni</strong></span> <span class='ocrx_word' id='word_1_689' title='bbox 1039 5511 1414 5588; x_wconf 59' lang='lat' dir='ltr'><strong>Prtefa&#39;tionem</strong></span> <span class='ocrx_word' id='word_1_690' title='bbox 1472 5531 1535 5571; x_wconf 82' lang='lat' dir='ltr'><strong>ac</strong></span> <span class='ocrx_word' id='word_1_691' title='bbox 1575 5518 1728 5588; x_wconf 81' lang='lat' dir='ltr'><strong>ipsas</strong></span> <span class='ocrx_word' id='word_1_692' title='bbox 1794 5511 2212 5588; x_wconf 75' lang='lat' dir='ltr'><strong>Recognitioncs.</strong></span> 
     </span>
    </p>
   </div>
   <div class='ocr_carea' id='block_1_82' title="bbox 727 5582 2215 5654">
    <p class='ocr_par' dir='ltr' id='par_1_82' title="bbox 727 5582 2215 5654">
     <span class='ocr_line' id='line_1_82' title="bbox 727 5582 2215 5654; baseline 0.005 -19"><span class='ocrx_word' id='word_1_693' title='bbox 727 5583 804 5651; x_wconf 81' lang='grc'><strong>(5)</strong></span> <span class='ocrx_word' id='word_1_694' title='bbox 843 5582 1006 5634; x_wconf 81' lang='lat' dir='ltr'><strong>Linus</strong></span> <span class='ocrx_word' id='word_1_695' title='bbox 1039 5593 1088 5654; x_wconf 70' lang='lat' dir='ltr'><strong>et</strong></span> <span class='ocrx_word' id='word_1_696' title='bbox 1116 5582 1314 5654; x_wconf 68' lang='lat' dir='ltr'><strong>Clems.</strong></span> <span class='ocrx_word' id='word_1_697' title='bbox 1343 5601 1439 5638; x_wconf 88' lang='lat' dir='ltr'><strong>seu</strong></span> <span class='ocrx_word' id='word_1_698' title='bbox 1476 5582 1659 5654; x_wconf 85' lang='lat' dir='ltr'><strong>potius</strong></span> <span class='ocrx_word' id='word_1_699' title='bbox 1690 5582 1998 5650; x_wconf 61' lang='lat' dir='ltr'><strong>Anactetus,</strong></span> <span class='ocrx_word' id='word_1_700' title='bbox 2027 5603 2085 5643; x_wconf 92' lang='lat' dir='ltr'><strong>ut</strong></span> <span class='ocrx_word' id='word_1_701' title='bbox 2117 5591 2215 5642; x_wconf 87' lang='lat' dir='ltr'><strong>ha-</strong></span> 
     </span>
    </p>
   </div>
   <div class='ocr_carea' id='block_1_83' title="bbox 654 5651 2212 5726">
    <p class='ocr_par' dir='ltr' id='par_1_83' title="bbox 654 5651 2212 5726">
     <span class='ocr_line' id='line_1_83' title="bbox 654 5651 2212 5726; baseline 0.005 -21"><span class='ocrx_word' id='word_1_702' title='bbox 654 5651 785 5726; x_wconf 81' lang='lat' dir='ltr'><strong>bent</strong></span> <span class='ocrx_word' id='word_1_703' title='bbox 810 5669 1023 5726; x_wconf 80' lang='lat' dir='ltr'><strong>quoque</strong></span> <span class='ocrx_word' id='word_1_704' title='bbox 1053 5653 1442 5726; x_wconf 85' lang='lat' dir='ltr'><strong>Cand.,Carm.</strong></span> <span class='ocrx_word' id='word_1_705' title='bbox 1475 5651 1527 5709; x_wconf 82' lang='lat' dir='ltr'><strong>et</strong></span> <span class='ocrx_word' id='word_1_706' title='bbox 1556 5656 1673 5726; x_wconf 73' lang='lat' dir='ltr'><strong>Pet.</strong></span> <span class='ocrx_word' id='word_1_707' title='bbox 1700 5657 1891 5713; x_wconf 84' lang='lat' dir='ltr'><strong>Fuisse</strong></span> <span class='ocrx_word' id='word_1_708' title='bbox 1921 5661 2021 5712; x_wconf 90' lang='lat' dir='ltr'><strong>hos</strong></span> <span class='ocrx_word' id='word_1_709' title='bbox 2053 5660 2212 5726; x_wconf 87' lang='lat' dir='ltr'><strong>duos,</strong></span> 
     </span>
    </p>
   </div>
   <div class='ocr_carea' id='block_1_84' title="bbox 655 5723 2216 5795">
    <p class='ocr_par' dir='ltr' id='par_1_84' title="bbox 655 5723 2216 5795">
     <span class='ocr_line' id='line_1_84' title="bbox 655 5723 2216 5795; baseline 0.006 -24"><span class='ocrx_word' id='word_1_710' title='bbox 655 5723 808 5775; x_wconf 79' lang='lat' dir='ltr'><strong>urbis</strong></span> <span class='ocrx_word' id='word_1_711' title='bbox 837 5723 1035 5795; x_wconf 54' lang='lat' dir='ltr'><strong>“Otila:</strong></span> <span class='ocrx_word' id='word_1_712' title='bbox 1063 5723 1346 5795; x_wconf 73' lang='lat' dir='ltr'><strong>episcopos</strong></span> <span class='ocrx_word' id='word_1_713' title='bbox 1366 5763 1378 5786; x_wconf 95' lang='lat'><strong>,</strong></span> <span class='ocrx_word' id='word_1_714' title='bbox 1415 5727 1519 5795; x_wconf 87' lang='lat' dir='ltr'><strong>sub</strong></span> <span class='ocrx_word' id='word_1_715' title='bbox 1555 5725 1716 5780; x_wconf 93' lang='lat' dir='ltr'><strong>Petro</strong></span> <span class='ocrx_word' id='word_1_716' title='bbox 1745 5731 2009 5795; x_wconf 89' lang='lat' dir='ltr'><strong>apostolo,</strong></span> <span class='ocrx_word' id='word_1_717' title='bbox 2027 5723 2216 5785; x_wconf 52' lang='lat' dir='ltr'><strong>existi;</strong></span> 
     </span>
    </p>
   </div>
   <div class='ocr_carea' id='block_1_85' title="bbox 657 5791 2222 5870">
    <p class='ocr_par' dir='ltr' id='par_1_85' title="bbox 657 5791 2222 5870">
     <span class='ocr_line' id='line_1_85' title="bbox 657 5791 2222 5870; baseline 0.006 -24"><span class='ocrx_word' id='word_1_718' title='bbox 657 5803 804 5847; x_wconf 80' lang='lat' dir='ltr'><strong>mant</strong></span> <span class='ocrx_word' id='word_1_719' title='bbox 836 5808 955 5848; x_wconf 87' lang='lat' dir='ltr'><strong>cum</strong></span> <span class='ocrx_word' id='word_1_720' title='bbox 1003 5791 1197 5845; x_wconf 78' lang='lat' dir='ltr'><strong>Rufino</strong></span> <span class='ocrx_word' id='word_1_721' title='bbox 1231 5793 1401 5857; x_wconf 85' lang='lat' dir='ltr'><strong>Beda,</strong></span> <span class='ocrx_word' id='word_1_722' title='bbox 1430 5794 1716 5862; x_wconf 77' lang='lat' dir='ltr'><strong>Rabanus,</strong></span> <span class='ocrx_word' id='word_1_723' title='bbox 1759 5791 1964 5870; x_wconf 71' lang='lat' dir='ltr'><strong>llaymo</strong></span> <span class='ocrx_word' id='word_1_724' title='bbox 1985 5791 2004 5865; x_wconf 60' lang='grc'><strong>,⁷</strong></span> <span class='ocrx_word' id='word_1_725' title='bbox 2031 5802 2122 5870; x_wconf 81' lang='lat' dir='ltr'><strong>qui</strong></span> <span class='ocrx_word' id='word_1_726' title='bbox 2156 5800 2222 5856; x_wconf 90' lang='lat' dir='ltr'><strong>de</strong></span> 
     </span>
    </p>
   </div>
   <div class='ocr_carea' id='block_1_86' title="bbox 2321 5239 3907 5311">
    <p class='ocr_par' dir='ltr' id='par_1_86' title="bbox 2321 5239 3907 5311">
     <span class='ocr_line' id='line_1_86' title="bbox 2321 5239 3907 5311; baseline 0.002 -16"><span class='ocrx_word' id='word_1_727' title='bbox 2321 5243 2447 5295; x_wconf 89' lang='lat' dir='ltr'><strong>vitis</strong></span> <span class='ocrx_word' id='word_1_728' title='bbox 2502 5239 2870 5293; x_wconf 79' lang='lat' dir='ltr'><strong>Romanorum</strong></span> <span class='ocrx_word' id='word_1_729' title='bbox 2927 5239 3664 5311; x_wconf 9' lang='lat' dir='ltr'><strong>pontiﬁcumrscripserunt,</strong></span> <span class='ocrx_word' id='word_1_730' title='bbox 3715 5252 3907 5298; x_wconf 83' lang='lat' dir='ltr'><strong>auctor</strong></span> 
     </span>
    </p>
   </div>
   <div class='ocr_carea' id='block_1_87' title="bbox 2321 5307 3904 5383">
    <p class='ocr_par' dir='ltr' id='par_1_87' title="bbox 2321 5307 3904 5383">
     <span class='ocr_line' id='line_1_87' title="bbox 2321 5307 3904 5383; baseline 0.002 -19"><span class='ocrx_word' id='word_1_731' title='bbox 2321 5311 2584 5383; x_wconf 67' lang='lat' dir='ltr'><strong>Chroniei</strong></span> <span class='ocrx_word' id='word_1_732' title='bbox 2626 5307 3425 5383; x_wconf 69' lang='lat' dir='ltr'><strong>episcoporum_Metensium,</strong></span> <span class='ocrx_word' id='word_1_733' title='bbox 3473 5311 3702 5379; x_wconf 89' lang='lat' dir='ltr'><strong>aliique.</strong></span> <span class='ocrx_word' id='word_1_734' title='bbox 3768 5313 3904 5383; x_wconf 65' lang='lat' dir='ltr'><strong>Lege</strong></span> 
     </span>
    </p>
   </div>
   <div class='ocr_carea' id='block_1_88' title="bbox 2322 5379 3901 5451">
    <p class='ocr_par' dir='ltr' id='par_1_88' title="bbox 2322 5379 3901 5451">
     <span class='ocr_line' id='line_1_88' title="bbox 2322 5379 3901 5451; baseline 0.001 -17"><span class='ocrx_word' id='word_1_735' title='bbox 2322 5380 2682 5451; x_wconf 84' lang='lat' dir='ltr'><strong>Epiphaniuni</strong></span> <span class='ocrx_word' id='word_1_736' title='bbox 2737 5380 2936 5451; x_wconf 74' lang='lat' dir='ltr'><strong>lueresi</strong></span> <span class='ocrx_word' id='word_1_737' title='bbox 2975 5379 3080 5444; x_wconf 75' lang='grc'><strong>27,</strong></span> <span class='ocrx_word' id='word_1_738' title='bbox 3121 5383 3177 5442; x_wconf 84' lang='lat'><strong>6,</strong></span> <span class='ocrx_word' id='word_1_739' title='bbox 3218 5390 3273 5433; x_wconf 92' lang='lat' dir='ltr'><strong>et</strong></span> <span class='ocrx_word' id='word_1_740' title='bbox 3311 5397 3432 5450; x_wconf 77' lang='lat' dir='ltr'><strong>quze</strong></span> <span class='ocrx_word' id='word_1_741' title='bbox 3466 5383 3792 5437; x_wconf 90' lang='lat' dir='ltr'><strong>notavimus</strong></span> <span class='ocrx_word' id='word_1_742' title='bbox 3843 5379 3901 5436; x_wconf 69' lang='lat' dir='ltr'><strong>id</strong></span> 
     </span>
    </p>
   </div>
   <div class='ocr_carea' id='block_1_89' title="bbox 2322 5449 3898 5520">
    <p class='ocr_par' dir='ltr' id='par_1_89' title="bbox 2322 5449 3898 5520">
     <span class='ocr_line' id='line_1_89' title="bbox 2322 5449 3898 5520; baseline 0.003 -16"><span class='ocrx_word' id='word_1_743' title='bbox 2322 5449 2487 5520; x_wconf 76' lang='lat' dir='ltr'><strong>caput</strong></span> <span class='ocrx_word' id='word_1_744' title='bbox 2527 5450 2595 5504; x_wconf 71' lang='lat'><strong>46</strong></span> <span class='ocrx_word' id='word_1_745' title='bbox 2629 5449 2749 5504; x_wconf 88' lang='lat' dir='ltr'><strong>libri</strong></span> <span class='ocrx_word' id='word_1_746' title='bbox 2784 5464 2863 5520; x_wconf 14' lang='grc' dir='ltr'><strong>νγιι</strong></span> <span class='ocrx_word' id='word_1_747' title='bbox 2891 5450 3125 5520; x_wconf 70' lang='lat' dir='ltr'><strong>Constit.</strong></span> <span class='ocrx_word' id='word_1_748' title='bbox 3164 5449 3360 5516; x_wconf 75' lang='lat' dir='ltr'><strong>apost.,</strong></span> <span class='ocrx_word' id='word_1_749' title='bbox 3411 5453 3539 5505; x_wconf 88' lang='lat' dir='ltr'><strong>item</strong></span> <span class='ocrx_word' id='word_1_750' title='bbox 3589 5451 3898 5510; x_wconf 84' lang='lat' dir='ltr'><strong>Marianum</strong></span> 
     </span>
    </p>
   </div>
   <div class='ocr_carea' id='block_1_90' title="bbox 2323 5518 3635 5587">
    <p class='ocr_par' dir='ltr' id='par_1_90' title="bbox 2323 5518 3635 5587">
     <span class='ocr_line' id='line_1_90' title="bbox 2323 5518 3635 5587; baseline 0.002 -14"><span class='ocrx_word' id='word_1_751' title='bbox 2323 5518 2568 5581; x_wconf 82' lang='lat' dir='ltr'><strong>Scotum,</strong></span> <span class='ocrx_word' id='word_1_752' title='bbox 2618 5536 2680 5573; x_wconf 91' lang='lat' dir='ltr'><strong>ac</strong></span> <span class='ocrx_word' id='word_1_753' title='bbox 2711 5519 2993 5587; x_wconf 90' lang='lat' dir='ltr'><strong>epistolam</strong></span> <span class='ocrx_word' id='word_1_754' title='bbox 3022 5518 3214 5573; x_wconf 81' lang='lat' dir='ltr'><strong>Joanni</strong></span> <span class='ocrx_word' id='word_1_755' title='bbox 3251 5522 3312 5574; x_wconf 90' lang='lat' dir='ltr'><strong>Ill</strong></span> <span class='ocrx_word' id='word_1_756' title='bbox 3351 5522 3635 5576; x_wconf 90' lang='lat' dir='ltr'><strong>tributam.</strong></span> 
     </span>
    </p>
   </div>
   <div class='ocr_carea' id='block_1_91' title="bbox 2391 5589 3899 5659">
    <p class='ocr_par' dir='ltr' id='par_1_91' title="bbox 2391 5589 3899 5659">
     <span class='ocr_line' id='line_1_91' title="bbox 2391 5589 3899 5659; baseline 0.001 -17"><span class='ocrx_word' id='word_1_757' title='bbox 2391 5591 2469 5657; x_wconf 88' lang='lat'><strong>(6)</strong></span> <span class='ocrx_word' id='word_1_758' title='bbox 2494 5589 2775 5642; x_wconf 73' lang='lat' dir='ltr'><strong>Pudicitia:</strong></span> <span class='ocrx_word' id='word_1_759' title='bbox 2799 5590 3031 5641; x_wconf 80' lang='lat' dir='ltr'><strong>studium</strong></span> <span class='ocrx_word' id='word_1_760' title='bbox 3057 5591 3211 5658; x_wconf 80' lang='lat' dir='ltr'><strong>gessi.</strong></span> <span class='ocrx_word' id='word_1_761' title='bbox 3240 5590 3303 5642; x_wconf 81' lang='lat' dir='ltr'><strong>Et</strong></span> <span class='ocrx_word' id='word_1_762' title='bbox 3325 5590 3516 5659; x_wconf 88' lang='lat' dir='ltr'><strong>lgnatii</strong></span> <span class='ocrx_word' id='word_1_763' title='bbox 3539 5589 3899 5658; x_wconf 84' lang='lat' dir='ltr'><strong>interpolator</strong></span> 
     </span>
    </p>
   </div>
   <div class='ocr_carea' id='block_1_92' title="bbox 2325 5659 3898 5728">
    <p class='ocr_par' dir='ltr' id='par_1_92' title="bbox 2325 5659 3898 5728">
     <span class='ocr_line' id='line_1_92' title="bbox 2325 5659 3898 5728; baseline 0.003 -16"><span class='ocrx_word' id='word_1_764' title='bbox 2325 5659 2495 5728; x_wconf 81' lang='lat' dir='ltr'><strong>Epist.</strong></span> <span class='ocrx_word' id='word_1_765' title='bbox 2523 5660 2589 5712; x_wconf 86' lang='lat' dir='ltr'><strong>ad</strong></span> <span class='ocrx_word' id='word_1_766' title='bbox 2616 5659 3067 5727; x_wconf 66' lang='lat' dir='ltr'><strong>Philadelphiam,</strong></span> <span class='ocrx_word' id='word_1_767' title='bbox 3096 5667 3160 5712; x_wconf 79' lang='lat' dir='ltr'><strong>n0</strong></span> <span class='ocrx_word' id='word_1_768' title='bbox 3184 5661 3238 5723; x_wconf 67' lang='lat'><strong>4,</strong></span> <span class='ocrx_word' id='word_1_769' title='bbox 3261 5661 3596 5715; x_wconf 88' lang='lat' dir='ltr'><strong>Clementem</strong></span> <span class='ocrx_word' id='word_1_770' title='bbox 3631 5675 3760 5713; x_wconf 84' lang='lat' dir='ltr'><strong>cum</strong></span> <span class='ocrx_word' id='word_1_771' title='bbox 3795 5665 3898 5716; x_wconf 78' lang='lat' dir='ltr'><strong>vir-</strong></span> 
     </span>
    </p>
   </div>
   <div class='ocr_carea' id='block_1_93' title="bbox 2325 5729 3896 5801">
    <p class='ocr_par' dir='ltr' id='par_1_93' title="bbox 2325 5729 3896 5801">
     <span class='ocr_line' id='line_1_93' title="bbox 2325 5729 3896 5801; baseline -0.001 -19"><span class='ocrx_word' id='word_1_772' title='bbox 2325 5731 2540 5801; x_wconf 80' lang='lat' dir='ltr'><strong>ginibus</strong></span> <span class='ocrx_word' id='word_1_773' title='bbox 2587 5729 2838 5782; x_wconf 82' lang='lat' dir='ltr'><strong>collocat.</strong></span> <span class='ocrx_word' id='word_1_774' title='bbox 2894 5729 3047 5792; x_wconf 81' lang='lat' dir='ltr'><strong>Quod</strong></span> <span class='ocrx_word' id='word_1_775' title='bbox 3082 5741 3207 5801; x_wconf 87' lang='lat' dir='ltr'><strong>_tum</strong></span> <span class='ocrx_word' id='word_1_776' title='bbox 3263 5747 3446 5801; x_wconf 83' lang='lat' dir='ltr'><strong>prosa,</strong></span> <span class='ocrx_word' id='word_1_777' title='bbox 3489 5737 3606 5784; x_wconf 89' lang='lat' dir='ltr'><strong>tum</strong></span> <span class='ocrx_word' id='word_1_778' title='bbox 3653 5741 3896 5786; x_wconf 81' lang='lat' dir='ltr'><strong>carmine</strong></span> 
     </span>
    </p>
   </div>
   <div class='ocr_carea' id='block_1_94' title="bbox 2329 5800 2974 5854">
    <p class='ocr_par' dir='ltr' id='par_1_94' title="bbox 2329 5800 2974 5854">
     <span class='ocr_line' id='line_1_94' title="bbox 2329 5800 2974 5854; baseline 0 -2"><span class='ocrx_word' id='word_1_779' title='bbox 2329 5800 2645 5854; x_wconf 76' lang='lat' dir='ltr'><strong>Aldliolmus</strong></span> <span class='ocrx_word' id='word_1_780' title='bbox 2667 5801 2974 5854; x_wconf 78' lang='lat' dir='ltr'><strong>celebravit.</strong></span> 
     </span>
    </p>
   </div>
  </div>
