4050 6336
163 367 306 444 i209

1364 377 1939 438 RECOGNITIONUM
1979 379 2108 438 LIB.
2148 377 2188 432 Ι.

3296 380 3434 436 ιιὶίθ

159 505 370 568 vixero,
402 509 456 559 et
487 501 787 558 secundum
819 501 1208 556 nonnullorum
1232 499 1534 557 sententias
1563 501 1738 572 phi‘lo—
1767 507 1815 565 Α
1843 501 1946 555 sim
1982 500 2039 553 in
2069 497 2302 568 imperio
2337 495 2540 553 Tiberii
2583 498 2838 566 Caesaris,
2881 499 3038 559 initio
3080 517 3149 557 ex
3191 501 3433 560 Orientis

161 599 479 667 sophorum,
513 595 1012 668 Pyriphlegethonti
1065 594 1230 649 ﬂuvio
1269 594 1354 650 vel
1385 591 1642 656 Tartaro,
1678 601 1739 650 ut

163 689 432 760 Sisyphus
476 697 532 744 et
577 687 793 759 Tityus,
825 697 880 744 et
918 696 978 742 ut
1007 685 1160 743 lxion
1193 702 1258 740 ac
1285 685 1552 740 Tantalus
1580 692 1740 740 aeter-

160 781 250 834 nis
279 781 332 833 in
365 780 580 836 inferno
613 778 898 849 suppliciis
925 778 1134 835 tradar.
1169 777 1234 831 Et
1260 790 1455 833 rursus
1478 775 1611 829 mihi
1633 774 1740 846 ipsi

160 872 558 942 respondebam
595 890 609 926 :
643 855 749 926 Sed
781 870 896 925 haec
927 867 1124 925 fabulae
1153 877 1303 930 sunt,
1321 876 1416 922 aut
1447 870 1494 923 si
1526 868 1601 922 ita
1632 875 1739 934 est,

157 964 214 1019 in
247 967 410 1021 rebus
437 965 620 1020 dubiis
661 971 883 1035 prastat
914 965 1002 1033 pie
1033 961 1383 1030 vivere._Sed
1416 945 1612 1015 iterum
1653 975 1742 1014 re-

156 1061 415 1130 putabam
450 1075 687 1124 mecum,
722 1057 999 1128 quomodo
1035 1071 1253 1127 possem
1285 1055 1390 1110 sub
1409 1054 1628 1108 incerto
1651 1052 1742 1122 ju-

155 1153 323 1208 stitiae
373 1152 620 1218 przemio,
670 1166 701 1204 a
751 1149 964 1221 peccati
1012 1163 1100 1203 me
1144 1146 1373 1202 libidine
1423 1144 1744 1201 continere?

154 1238 389 1300 Maxime
418 1252 544 1298 cum
577 1244 766 1305 etiam,
799 1257 921 1312 quze
964 1243 1037 1298 sit
1065 1242 1183 1310 ipsa
1206 1239 1443 1309 justitia,
1478 1254 1603 1309 qua:
1629 1237 1743 1298 Deo

151 1337 389 1404 placeat,
417 1333 562 1405 apud
605 1350 692 1389 me
742 1333 1009 1387 habeatur
1056 1332 1351 1395 incertum,
1382 1338 1438 1386 et
1471 1346 1650 1399 neque
1694 1330 1740 1386 si

153 1429 485 1483 immortalis
524 1428 596 1483 sit
641 1426 848 1490 anima,
879 1441 942 1480 ac
974 1421 1071 1489 sit,
1093 1441 1218 1495 quae
1259 1423 1470 1493 aliquid
1518 1437 1744 1494 sperare

150 1521 350 1589 possit,
383 1533 699 1588 agnoscam,
730 1533 908 1588 neque
938 1517 1071 1588 quid
1101 1517 1237 1573 certi
1268 1515 1514 1571 futurum
1547 1517 1621 1570 sit
1650 1530 1745 1572 no-

147 1611 343 1665 verim.
369 1607 478 1664 Nec
511 1617 692 1664 tamen
716 1609 1002 1680 quiescere
1031 1608 1099 1664 ab
1130 1607 1513 1678 hujuscemodi
1537 1607 1744 1678 cogita-

150 1701 401 1756 tionibus
431 1716 679 1771 possum.

219 1790 287 1848 ν.
329 1791 472 1858 Quid
522 1793 689 1862 igitur
733 1789 971 1849 faciam?
1009 1789 1307 1863 Egyptum
1335 1799 1541 1861 petam,
1575 1797 1744 1861 atque

1841 590 2092 663 partibus
2140 596 2382 659 sumpto,
2433 592 2680 660 pervenit
2728 593 2794 646 ad
2835 607 2960 661 nos,
2993 601 3049 649 et
3091 610 3186 665 per
3215 595 3430 666 singula

1841 684 2258 746 convalescens,
2303 683 2452 738 velut
2496 696 2527 737 a
2569 681 2682 739 Deo
2716 683 2897 741 bonus
2940 687 3158 757 quidam
3207 691 3434 745 nuntius

1841 775 2068 841 missus,
2100 775 2421 830 universum
2469 775 2715 844 replebat
2744 778 2956 843 orbem,
2989 794 3091 833 nec
3122 782 3436 849 patiebatur

1843 867 2085 924 divinam
2119 869 2458 923 voluntatem
2485 868 2707 924 silentio
2740 868 2848 940 tegi
2880 870 2978 940 (τ).
3021 869 3438 928 Diﬂ‘undebatur

1842 971 1974 1032 ergo
1999 976 2097 1030 per
2127 960 2340 1031 singula
2369 961 2512 1026 loca,
2558 959 2917 1027 annuntians,
2950 964 3094 1032 quod
3137 972 3284 1019 esset
3313 967 3436 1034 qui-

1843 1050 1972 1107 dam
2016 1035 2076 1106 in
2121 1051 2334 1116 Iudaea,
2368 1052 2461 1122 qui
2494 1061 2715 1121 sumpto
2760 1066 2789 1105 a
2821 1058 3068 1124 tempore
3099 1057 3241 1112 veris
3271 1072 3434 1112 exor-

1843 1141 1938 1198 dio
1955 1143 2058 1213 (8),
2074 1159 2303 1214 regnum
2328 1143 2425 1199 Dei
2447 1144 2760 1214 evangeliza
2771 1151 2849 1199 ret
2869 1143 2898 1198 Ι
2905 1146 3098 1214 udazis,
3123 1148 3288 1219 idque
3310 1163 3437 1218 per-

1843 1243 2102 1305 cepturos
2147 1236 2356 1294 diceret
2402 1251 2520 1301 eos,
2552 1237 2644 1307 qui
2675 1238 3058 1294 mandatorum
3103 1257 3330 1296 suorum
3377 1249 3435 1298 et

1843 1326 2110 1384 doctrina:
2142 1329 2393 1385 instituta
2423 1339 2757 1387 servassent.
2797 1332 2866 1388 Ut
2896 1341 3074 1388 autem
3102 1349 3283 1388 sermo
3310 1334 3433 1404 ejus

1845 1419 1951 1475 ﬁde
1987 1419 2210 1489 dignus,
2244 1437 2309 1476 ac
2335 1421 2639 1478 divinitatis
2684 1424 2879 1492 plenus
2925 1439 3051 1480 esse
3097 1425 3432 1491 crederetur,

1842 1510 2076 1566 virtutes
2100 1511 2325 1575 multas,
2360 1518 2415 1566 et
2446 1511 2604 1583 signa
2640 1528 2704 1570 ac
2747 1515 2996 1586 prodigia
3039 1517 3178 1569 mira
3223 1516 3435 1574 elﬁcere

1839 1601 2094 1671 iussione
2123 1602 2240 1657 sola
2264 1603 2578 1671 dicebatur,
2611 1605 2686 1660 ita
2721 1615 2799 1671 ut,
2841 1614 3099 1678 tanquam
3131 1623 3160 1662 a
3192 1607 3300 1664 Deo
3344 1626 3438 1680 po-

1844 1699 2098 1750 testatem
2127 1693 2358 1759 habens,
2390 1695 2591 1751 surdos
2622 1695 2827 1753 faceret
2855 1698 3044 1753 audire
3066 1707 3120 1756 et
3150 1715 3328 1756 caecos
3351 1702 3435 1756 vi-

1846 1785 1995 1852 dere,
2028 1787 2254 1843 claudos
2280 1788 2540 1859 erigeret,
2574 1797 2738 1860 atque
2787 1804 3006 1846 omnem
3060 1791 3432 1849 inﬁrmitatem

145 1881 225 1936 ibi
258 1881 637 1953 hierophantis
667 1883 754 1938 vel
798 1881 1082 1954 prophetis
1116 1881 1207 1952 qui
1260 1882 1440 1953 adytis
1466 1888 1736 1951 prazsunt,
1770 1883 1812 1941 Β
1841 1887 2184 1951 cimctosque
2225 1880 2502 1937 daemones
2549 1896 2617 1938 ex
2666 1882 2982 1940 hominibus
3011 1884 3293 1956 eliugaret,
3335 1887 3431 1942 sed

145 1974 364 2030 amicus
392 1972 618 2036 eﬂiciar,
647 1980 702 2028 et
725 1973 958 2044 pecunia
987 1973 1058 2028 ab
1086 1973 1168 2030 eis
1197 1972 1490 2028 invitatum
1518 1988 1738 2044 magum

142 2064 438 2136 precabor,
468 2071 528 2119 ut
558 2064 760 2120 educat
804 2062 937 2117 mihi
968 2063 1208 2121 animam
1241 2063 1310 2119 de
1348 2061 1602 2127 infernis,
1645 2074 1744 2134 per

140 2173 270 2215 eam
321 2159 484 2228 quam
527 2157 966 2212 necromantiam
997 2164 1216 2221 vocant,
1249 2165 1509 2227 tanquam
1543 2157 1610 2212 de
1639 2156 1744 2210 ali-

142 2265 261 2321 quo
287 2249 507 2321 negotio
535 2249 827 2305 consulere
855 2249 1120 2320 cupienti.
1157 2238 1287 2304 Mihi
1329 2264 1462 2304 vero
1489 2249 1606 2306 haec
1637 2249 1743 2305 erit

142 2341 483 2399 consultatio
511 2360 523 2395 :
558 2340 605 2401 si
634 2339 963 2395 immortalis
990 2349 1076 2396 εει
1105 2340 1308 2396 anima.
1349 2337 1611 2396 Probatio
1639 2355 1742 2394 au-

141 2444 259 2489 tem
289 2435 506 2501 animae,
536 2434 684 2504 quod
715 2433 1047 2489 immortalis
1080 2435 1172 2496 sit,
1206 2447 1318 2488 non
1367 2450 1438 2491 ex
1488 2449 1554 2491 eo
1596 2433 1742 2506 quod

141 2525 413 2596 loquitur,
443 2525 550 2579 erit
579 2524 714 2581 mihi
740 2530 914 2588 certa,
946 2523 1032 2578 vel
1061 2539 1127 2578 ex
1151 2537 1217 2578 eo
1243 2524 1390 2593 quod
1420 2525 1608 2590 audio,
1647 2526 1743 2580 sed

141 2635 211 2675 ex
245 2633 311 2674 eo
341 2618 486 2688 quod
513 2618 708 2684 video;
735 2624 796 2671 ut
825 2617 1002 2674 oculis
1030 2616 1170 2672 meis
1191 2628 1426 2674 cernens
1456 2630 1600 2682 eam,
1621 2634 1745 2674 cer-

141 2711 420 2766 tissimam
447 2711 516 2766 de
550 2710 766 2780 reliquo
795 2709 1227 2768 immortalitatis
1256 2709 1378 2779 ejus
1408 2712 1739 2767 sententiam

142 2810 386 2858 teneam.
419 2801 608 2873 Neque
637 2803 784 2858 enim
818 2802 962 2858 ultra
1006 2802 1208 2873 p0tcrit
1246 2803 1535 2858 veritatem
1565 2803 1740 2868 visus,

143 2896 441 2952 verborum
483 2894 699 2953 fallacia
749 2905 804 2952 et
850 2895 1059 2950 auditio
1106 2895 1319 2949 incerta
1352 2894 1594 2952 turbare.
1635 2891 1746 2950 Ve—

149 2988 462 3043 rumtamen
494 2985 636 3041 hanc
671 2987 846 3057 ipsam
877 2985 1330 3042 deliberationem
1367 3001 1545 3041 meam
1581 2986 1744 3042 retuli

149 3076 220 3133 ad
265 3075 556 3147 quemdam
606 3074 932 3130 familiarem
984 3085 1165 3129 meum
1200 3073 1614 3145 philosOphum;
1646 3074 1742 3146 qui

148 3168 287 3224 mihi
316 3167 610 3224 consilium
643 3166 814 3234 dedit,
845 3182 916 3223 ne
954 3166 1060 3223 hoc
1091 3166 1273 3225 facere
1303 3168 1584 3226 auderem.
1616 3165 1744 3226 Sive

147 3261 323 3326 enim,
358 3261 557 3332 inquit,
582 3260 838 3316 evocanti
870 3271 1030 3331 mago
1054 3275 1165 3315 non
1199 3260 1420 3316 obediat
1445 3259 1650 3326 anima,
1684 3267 1744 3318 tu
1771 3246 1814 3304 ί)

147 3360 278 3425 post
328 3352 444 3407 haec
491 3344 752 3424 tanquam
783 3349 919 3406 nihil
951 3368 1074 3408 esse
1099 3359 1301 3424 putans
1328 3361 1452 3424 post
1484 3359 1738 3418 mortem,

149 3444 556 3516 desperabiliui
584 3443 754 3506 vives,
787 3443 991 3516 quippe
1018 3443 1119 3514 qui
1159 3450 1213 3499 et
1261 3441 1454 3498 illicita
1491 3449 1744 3499 tentare-

149 3539 254 3595 ris.
290 3537 348 3591 Si
375 3552 507 3592 vero
549 3544 607 3593 et
655 3535 859 3606 aliquid
891 3535 967 3590 ibi
1003 3535 1191 3591 videre
1235 3535 1335 3590 tibi
1364 3535 1520 3591 visus
1549 3535 1741 3601 fueris,

151 3643 279 3700 quae
306 3626 405 3682 tibi
430 3626 644 3697 religio,
674 3633 769 3680 aut
796 3639 917 3695 qua:
949 3623 1125 3693 pietas
1156 3639 1223 3679 ex
1255 3622 1464 3679 illicitis
1496 3623 1747 3700 tradetur

151 3731 207 3780 et
238 3719 460 3790 impiis?
496 3713 737 3774 Exosum
762 3715 1005 3786 namque
1035 3713 1324 3771 Divinitati
1359 3716 1745 3785 hujuscemodi

153 3810 436 3882 negotium
487 3807 694 3871 ferunt,
726 3815 780 3862 et
808 3805 1093 3862 adversari
1138 3806 1307 3861 Deum
1354 3805 1442 3862 bis
1496 3807 1590 3877 qui
1626 3807 1745 3861 ani-

153 3918 279 3958 mas
303 3907 428 3971 post
459 3899 864 3956 absolutionem
896 3913 1191 3968 corporum
1224 3903 1446 3953 vexant.
1462 3897 1576 3970 Ego
1593 3914 1742 3967 vero,

154 3992 247 4049 his
292 3982 518 4053 auditis,
566 3987 776 4062 pigrior
823 3987 1048 4060 quidem
1101 4004 1223 4044 sum
1265 3988 1511 4045 redditus
1542 3991 1609 4045 ad
1641 3991 1746 4047 hoc

152 4086 305 4157 quod
336 4083 617 4156 parabam,
649 4099 752 4138 nec
776 4089 958 4138 tamen
990 4098 1385 4153 usquequaque
1408 4089 1504 4138 aut
1527 4084 1749 4156 deside-

156 4179 303 4233 rium
348 4187 554 4249 ponere
591 4183 872 4246 poteram,
909 4182 1006 4229 aut
1051 4174 1359 4230 molestiam
1398 4175 1749 4247 cogitationis

158 4273 248 4342 abj
260 4273 428 4326 icere.

229 4363 321 4420 Vl.
363 4365 430 4420 Et
457 4379 526 4419 ne
550 4363 712 4435 longa
740 4371 866 4416 utar
890 4359 1230 4424 narratione,
1262 4375 1388 4415 cum
1415 4359 1506 4416 his
1527 4375 1636 4446 lego
1657 4377 1754 4418 co-

159 4458 447 4529 gitationis
467 4472 600 4514 meae
628 4455 851 4511 aestibus
883 4453 1144 4523 agitarer,
1169 4450 1314 4506 fama
1343 4451 1593 4524 quasdam
1627 4469 1756 4508 sen~

1790 1993 1796 1998 ·
1843 1979 1899 2029 et
1926 1972 2143 2029 oblatos
2170 1970 2275 2028 sibi
2309 1983 2560 2031 mortuos
2593 1976 2905 2040 suscitaret,
2941 1973 3189 2048 leprosos
3214 1995 3434 2052 quoque

1844 2062 2284 2121 eminus‘videns
2317 2074 2561 2135 curaret,
2590 2075 2644 2124 et
2671 2067 2806 2122 nihil
2838 2069 3062 2124 omnino
3087 2079 3254 2135 esset,
3287 2071 3434 2143 quod

1843 2156 1895 2212 ci
1917 2157 2258 2227 impossibile
2286 2157 2586 2214 videretur.
2619 2157 2745 2214 Haec
2769 2168 2825 2215 et
2855 2160 3049 2215 horum
3083 2161 3282 2217 similia
3305 2179 3436 2233 pro-

1841 2262 2005 2303 cessu
2043 2247 2327 2318 temporis,
2376 2250 2590 2306 crebris
2631 2249 2746 2319 jam
2789 2267 2900 2304 non
2948 2252 3290 2321 rumoribus,
3338 2253 3436 2310 sed

1845 2337 2156 2394 manifestis
2187 2338 3045 2409 quodammodo'adventantium
3075 2359 3141 2400 ex
3171 2330 3279 2399 illis
3309 2360 3438 2416 par-

1844 2430 1996 2486 tibus
2025 2430 2236 2487 nuntiis
2269 2431 2652 2498 firmabantur,
2677 2440 2731 2490 et
2761 2434 2877 2505 ipsa
2900 2431 3013 2506 jam
3044 2451 3143 2508 per
3168 2435 3287 2495 dies
3318 2437 3436 2494 sin-

1846 2521 2006 2593 gulos
2037 2523 2116 2577 rei
2150 2523 2354 2580 veritas
2384 2525 2724 2594 patesCebat.

1916 2611 2035 2670 Vll.
2079 2615 2322 2687 Denique
2353 2617 2410 2672 in
2443 2618 2578 2673 urbe
2607 2632 2703 2688 per
2734 2618 2852 2674 loca
2885 2627 3190 2676 conventus
3234 2621 3350 2679 fieri
3380 2633 3436 2680 et

1845 2706 1914 2764 de
1941 2707 2048 2764 hoc
2078 2723 2334 2765 sermone
2365 2710 2613 2775 tractari,
2641 2714 2808 2778 atque
2852 2712 2909 2765 in
2955 2713 3318 2771 admiratione
3347 2729 3438 2773 res

1846 2798 2037 2855 haberi
2066 2801 2255 2872 coepit,
2287 2802 2542 2872 quisnam
2574 2801 2622 2857 is
2652 2809 2821 2867 esset,
2853 2803 2950 2874 qui
2983 2806 3326 2876 apparuerit,
3348 2807 3435 2864 vel

1845 2890 1978 2961 quid
2002 2893 2179 2946 nuntii
2206 2907 2238 2946 a
2270 2891 2384 2948 Deo
2409 2892 2728 2949 hominibus
2761 2893 3086 2962 detulisset;
3120 2895 3296 2951 donec
3330 2898 3435 2952 sub

1845 2982 2038 3040 eodem
2066 2998 2213 3039 anno
2244 2985 2328 3037 vir
2357 2984 2581 3054 quidam
2617 2990 2806 3040 astans
2855 2985 2912 3039 in
2960 2985 3116 3041 urbis
3144 2987 3268 3041 loco
3293 2987 3439 3046 cele-

1844 3073 2108 3139 berrimo,
2140 3075 2506 3144 proclamaret
2535 3072 2604 3128 ad
2633 3074 2919 3145 populum,
2955 3074 3148 3131 dicens
3181 3096 3195 3132 :
3238 3076 3438 3132 Audite

1846 3180 1955 3230 me,
1982 3178 2018 3220 ο
2059 3165 2209 3224 cives
2251 3161 2522 3232 Romani;
2557 3162 2731 3220 Filius
2769 3165 2865 3221 Dei
2894 3166 3051 3222 adest
3091 3168 3148 3222 in
3189 3169 3436 3238 partibus

1846 3254 2068 3321 Iudaeae,
2102 3255 2430 3327 promittens
2458 3250 2713 3311 omnibus
2757 3258 3071 3314 volentibus
3123 3260 3313 3315 audire
3353 3277 3435 3326 se,
3467 3323 3472 3326 ,

1844 3348 2014 3404 vitam
2042 3355 2328 3415 aeternam,
2357 3347 2403 3405 si
2432 3347 2559 3418 quis
2584 3355 2766 3402 tamen
2796 3347 2872 3419 (9)
2907 3349 3209 3404 secundum
3239 3351 3435 3406 volun-

1847 3443 2014 3492 tatem
2036 3437 2178 3508 ejus,
2211 3451 2241 3490 a
2270 3451 2380 3507 quo
2409 3435 2614 3491 missus
2644 3442 2728 3491 est
2763 3435 2856 3492 Dei
2886 3436 3087 3504 Patris,
3116 3447 3272 3495 actus
3299 3457 3432 3496 suos

1801 3600 1803 3602 η
1847 3531 2132 3590 direxerit.
2153 3527 2385 3602 Propter
2411 3529 2557 3601 quod
2581 3531 2962 3586 convertimini
2996 3547 3026 3586 a
3057 3533 3214 3588 malis
3238 3534 3306 3588 ad
3337 3535 3441 3589 bo-

1848 3639 1943 3692 na,
1971 3639 2004 3679 a
2025 3622 2421 3694 temporalibus
2454 3621 2523 3676 ad
2549 3632 2773 3678 aeterna.
2804 3623 3098 3694 Agnoscite
3117 3639 3287 3680 unum
3315 3641 3441 3684 esse

1849 3715 2022 3772 Deum
2052 3715 2177 3771 caeli
2202 3722 2472 3785 terraeque
2501 3723 2792 3780 reetorem,
2819 3716 2873 3768 in
2895 3717 3055 3784 c'njus
3080 3717 3248 3786 justis
3277 3732 3440 3788 aspe-

1851 3808 2036 3866 ctibus
2086 3823 2186 3863 vos
2235 3807 2426 3876 injusti
2477 3807 2749 3862 mundum
2779 3807 2900 3876 ejus
2929 3808 3205 3869 habitatis.
3239 3807 3344 3864 Sed
3391 3812 3440 3868 si

1850 3899 2234 3958 convertimini
2254 3907 2308 3956 et
2331 3899 2632 3963 secundum
2661 3900 2996 3954 voluntatem
3023 3901 3145 3970 ejus
3165 3901 3347 3972 agitis,
3366 3903 3436 3958 ad

1851 3993 2098 4048 futurum
2130 3995 2391 4048 sarculum
2421 3994 2706 4049 venientes
2756 4000 2811 4048 et
2852 3993 3041 4048 aeterni
3067 3991 3266 4061 effecti,
3299 3995 3441 4051 inef-

1851 4084 2111 4141 fabilibus
2153 4086 2274 4152 ejus
2321 4084 2484 4142 bonis
2532 4100 2597 4139 ac
2629 4084 2870 4154 praemiis
2901 4083 3280 4154 periruemini.
3307 4085 3441 4142 Erat

1854 4186 2036 4234 autem
2063 4178 2150 4232 vir
2179 4179 2303 4243 iste,
2335 4178 2427 4248 qui
2462 4178 2578 4233 inec
2607 4177 2936 4247 loquebatur
2967 4177 3032 4230 ad
3061 4177 3342 4247 populum,
3369 4195 3438 4235 ex

1856 4269 2100 4326 Orientis
2145 4270 2417 4340 partibus,
2459 4270 2684 4323 natione
2723 4268 2983 4324 Hebraeus
3029 4269 3166 4338 (10),
3217 4271 3441 4327 nomine

1860 4362 2164 4427 Barnabas,
2196 4364 2290 4433 qui
2321 4380 2380 4420 se
2404 4364 2570 4418 etiam
2593 4379 2760 4418 unum
2788 4378 2852 4417 ex
2878 4362 2999 4432 ejus
3021 4361 3307 4433 discipulis
3324 4364 3441 4436 (Η)

1863 4469 1988 4510 esse
2020 4453 2258 4521 dicebat,
2289 4458 2632 4524 missumque
2659 4454 2731 4509 ob
2752 4453 2877 4517 hoc,
2909 4461 2968 4507 ut
2993 4452 3109 4506 hate
3131 4451 3442 4512 volentibus

1479 4565 1848 4623 COTELERII
1902 4566 2145 4625 NOTE.

234 4693 315 4766 (7)
369 4692 517 4766 T695,
569 4690 629 4745 1η
676 4686 972 4754 Έτεειιπο,
1014 4696 1210 4759 legere,
1258 4681 1410 4756 (ιιιοίὶ
1453 4683 1752 4754 respondet
1783 4691 1826 4746 D
1864 4673 2316 4766 Alexandrinum,
2347 4681 2726 4766 Eusebiumiet
2766 4678 3272 4766 EpiphanipnnSie
3298 4691 3440 4766 Tio-

159 4763 646 4838 Gréecod-o'vé‘few.
895 4836 898 4838 γ
978 4829 992 4838 _
1188 4827 1221 4838 η
1300 4823 1352 4838 η
1420 4831 1433 4838 ,
1542 4823 1586 4838 ,γ
1635 4821 1648 4836 ,

237 4836 314 4909 (8)
337 4823 562 4909 Sumpta
581 4850 613 4886 a
637 4841 866 4909 tempore.
886 4827 1274 4909 veriscngdio.
1300 4823 1748 4909 biarterIOgium

161 4893 482 4977 Hieronymi
513 4893 770 4977 dictum}
817 4897 1251 4977 KalendL_Maii.
1285 4893 1749 4977 ένεξηιξηῃτφάί-

162 4965 392 5033 εαιὶοηὶἕ
426 4973 642 5028 Domini
671 4972 840 5027 nostri
871 4969 1001 5024 Iesu
1032 4968 1254 5024 Christi.
1285 4965 1748 5020 Wandalbertus:

275 5045 458 5118 Maias
487 5045 665 5118 prima
688 5049 868 5096 sacrat
892 5040 1094 5118 Chl-isti
1117 5037 1366 5118 doctrina
1379 5033 1676 5118 alendus.

239 5117 321 5190 (9)
363 5115 422 5170 Si
450 5106 567 5186 qni:
596 5125 792 5172 tamen,
821 5120 927 5166 etc.
959 5107 1246 5194 Frecull'us
1280 5125 1294 5162 :
1329 5106 1390 5161 Si
1430 5106 1520 5188 qui
1549 5114 1747 5186 tamen,

164 5196 223 5245 et
246 5187 558 5246 direxerint,
577 5181 1036 5254 quemadmodum
1059 5197 1114 5234 tn
1147 5177 1364 5254 (iunco,
1387 5175 1563 5254 Sumit
1584 5175 1753 5254 modo

167 5243 363 5330 postea
394 5272 456 5310 ac
477 5243 713 5325 priainiis
737 5254 893 5330 abest
921 5268 950 5330 ξι
982 5247 1234 5330 Frecull'o
1258 5255 1312 5301 et
1338 5243 1369 5301 εἰ
1394 5245 1618 5330 graecis.
1653 5243 1755 5330 No:

168 5315 339 5383 ianda
377 5315 597 5397 quoque
631 5324 786 5397 varia
818 5316 1364 5397 lectiondocendi'pro
1409 5315 1618 5368 dicendi
1637 5322 1756 5397 ἔαρι

171 5382 411 5474 utraque'
449 5382 780 5446 co'nferenda
826 5403 950 5445 cum
983 5385 1188 5441 Graecis
1228 5382 1498 5455 Epitomcs
1539 5397 1603 5436 ac
1632 5382 1752 5440 (Ile.

170 5472 562 5517 mentiaorum.’
1159 5501 1161 5503 .

243 5534 367 5606 (1οὶ
399 5528 632 5586 Natione
677 5528 953 5606 Περι-φας.
1005 5525 1309 5606 Barnabam
1359 5522 1619 5606 Cxprittm
1671 5521 1754 5604 ia-

170 5593 329 5659 ciunt
351 5603 677 5672 interpretes
709 5600 776 5658 ad
805 5601 927 5672 Act.
953 5614 1028 5662 tv,
1052 5597 1144 5659 56,
1177 5610 1396 5672 necnon
1410 5593 1756 5672 Epiphanius

171 5675 369 5730 haeresi
426 5663 525 5736 ὅθ’,
590 5687 640 5727 c.
691 5671 785 5736 25,
831 5668 1193 5739 Hieronymus
1213 5665 1326 5739 _in_
1358 5663 1649 5739 Catalogo,
1702 5675 1756 5719 et

173 5742 482 5801 Alexander
510 5735 808 5797 monachus
835 5741 888 5793 in
919 5735 1180 5794 Encomio
1207 5736 1263 5789 S.
1293 5735 1576 5789 Barnalne.

250 5815 364 5884 (li)
397 5813 569 5868 Unum
591 5828 655 5868 es
677 5813 787 5876 eius
817 5809 1115 5881 discipulis.
1143 5807 1219 5864 Ita
1248 5803 1389 5878 apud
1419 5805 1752 5865 Clementem

1863 4774 1971 4830 que
2004 4761 2059 4814 in
2085 4745 2358 4830 Citronico
2379 4764 2572 4830 vocato
2600 4745 3272 4830 .4lex_andr;irt9,nDnrothei
3291 4745 3442 4830 Syn-

1856 4815 1992 4894 opsi,
2035 4823 2458 4898 et_Laud_atione
2495 4820 2812 4898 Alexandri.
2977 4815 3121 4898 Beda
3148 4815 3443 4898 negatqu-

1855 4883 2015 4950 li'rmo
2057 4894 2219 4948 nixus
2259 4893 2635 4948 fundamento.
2668 4887 2891 4951 Mirum,
2933 4883 3441 4955 inquit,Re‘tracta-

1855 4967 2006 5020 tione
2040 4963 2113 5036 in
2156 4965 2290 5036 Acta
2346 4963 2743 5036 apostolorum,
2785 4957 2853 5012 ad
2896 4971 3026 5036 cap:
3078 4955 3132 5017 4,
3181 4956 3442 5036 ιηιοιηοάᾳ

1853 5037 1992 5089 hunc
2025 5024 2678 5104 Barnabam,quipostea
2723 5046 2842 5104 cum
2887 5024 3442 5104 Paulo_gentium.¢st

1859 5107 2136 5159 Ordinatus
2168 5093 2436 5172 apostOlds
2463 5093 2506 5165 ,'
2529 5119 2590 5155 ac
2631 5110 2746 5169 post
2777 5093 3134 5172 longum‘cjus
3165 5093 3444 5172 contuber-

1860 5178 2006 5230 nium
2036 5163 2268 5244 Cyprnm
2301 5175 2438 5227 unde
2459 5163 2606 5226 ortus
2629 5163 3236 5244 fuerat,_p'r(ed_icaturus
3263 5163 3440 5230 rediit,

1861 5238 2126 5301 Eusebius
2155 5249 2210 5299 in
2241 5244 2482 5299 Historia
2536 5238 2931 5298 ecclesiastica,
2966 5238 3029 5289 de
3066 5252 3282 5288 numero
3329 5251 3446 5289 esu

1861 5332 1964 5370 tu
1991 5316 2372 5384 discipulorum
2407 5313 2614 5386 Domini
2644 5310 2936 5366 Saluatoris
2968 5307 3286 5386 arbitratur,
3321 5321 3442 5357 cum

1859 5383 2144 5456 manifeste
2172 5386 2368 5440 scribat
2419 5385 2479 5438 Β.
2538 5383 2708 5436 Lucas
2751 5397 2868 5456 eum
2918 5387 3033 5446 post
3083 5383 3444 5456 ascensionem

1862 5449 2078 5512 Domini
2125 5457 2193 5510 ad
2223 5457 2598 5524 discipulatum
2643 5451 3003 5527 apostolorum
3047 5449 3295 5527 venisse;
3338 5449 3446 5527 nisi

1861 5529 1999 5597 forte
2045 5515 2467 5595 putandum'est
2495 5566 2509 5589 ,
2565 5515 2685 5597 eum
2741 5523 2888 5588 prius
2935 5521 3010 5597 ita
3058 5515 3445 5597 discipulattlm

1864 5584 2065 5655 Christi
2112 5608 2368 5662 secutum,
2414 5607 2472 5649 ut
2498 5584 2748 5648 vnccdum'
2780 5590 3155 5662 renuntiauerit
3199 5584 3442 5662 omnibus

1862 5681 1980 5740 qua:
2029 5655 2366 5737 possidebat,
2411 5666 2771 5740 quod__utrum
2831 5660 3142 5732 evmtgelicw
3186 5655 3436 5712 doctrina

1863 5736 2179 5805 convenerit,
2211 5740 2374 5795 cuivis
2411 5736 2668 5806 facillime
2686 5741 2853 5798 patet.
