4066 6334
648 423 782 484 12η

1504 420 1559 477 S.
1603 417 2050 474 CLEblEi‘iTlSl
2091 417 2257 472 ὶὶΟΜ.
2302 416 2505 471 ΡΟΝΤ.
2547 416 2779 472 ΟΡΕΒᾹ
2820 416 3052 472 DUBlA.

3784 419 3913 474 liii

644 541 933 596 indicaret.
965 537 1176 604 Quibus
1203 551 1303 606 ego
1338 534 1562 598 auditis,
1595 549 1720 588 cum
1751 533 1962 602 reliqua
1987 532 2232 585 multitu-
2264 536 2311 592 Α
2340 531 2684 600 omnipotens
2705 529 3044 585 abscondita
3063 529 3217 584 vobis
3235 530 3563 585 voluntatem
3588 545 3919 600 suam,quos

644 631 771 686 dine
805 630 960 700 sequi
991 630 1114 684 eum
1141 628 1281 697 coepi
1308 633 1362 680 et
1401 624 1611 688 audire,
1645 627 1768 693 qua:
1801 623 2030 677 diceret.
2065 621 2230 676 intel-

643 723 874 793 ligebam
908 735 1041 776 sane
1089 718 1236 789 quod
1286 717 1424 770 nihil
1470 715 1773 770 dialectica:
1817 714 1952 768 artis
1994 722 2142 768 esset
2172 712 2229 767 in

643 816 883 881 homine,
918 814 1012 869 sed
1044 811 1367 883 simpliciter
1391 817 1444 864 et
1467 810 1675 878 absque
1701 807 1811 883 ullo
1835 805 2052 861 dicendi
2078 804 2225 867 fuco,

644 925 767 981 qua:
815 906 1062 962 audisset
1111 919 1142 957 a
1188 902 1327 957 Filio
1372 899 1466 954 Dei
1502 900 1587 954 vel
1614 898 1865 958 vidisset.
1906 903 2223 966 exponeret.

641 1001 987 1056 Assertiones
1016 996 1160 1050 enim
1196 1008 1327 1048 suas
1375 1006 1490 1046 non
1534 995 1983 1058 argumentorum
2027 989 2227 1040 virtute

641 1091 944 1153 muniebat,
975 1087 1071 1142 sed
1099 1066 1395 1140 verborum
1453 1089 1506 1137 et
1562 1080 1918 1142 mirabilium,
1955 1093 2076 1148 qua:
2126 1093 2224 1130 an—

640 1181 959 1243 nuntiabat,
1008 1185 1176 1232 testes
1214 1175 1436 1237 multos,
1483 1188 1549 1228 ex
1597 1173 1716 1242 ipso
1764 1172 1930 1225 etiam
1984 1171 2223 1224 circum-

640 1280 820 1327 stante
849 1269 1071 1340 populo,
1102 1266 1460 1338 producebat.

712 1384 845 1439 Vill.
885 1382 1087 1437 Verum
1120 1379 1381 1449 quoniam
1417 1375 1484 1430 ad
1513 1388 1600 1437 ea,
1634 1387 1758 1443 qute
1813 1372 2028 1426 sincere
2075 1369 2224 1422 dice-

637 1477 860 1538 bautur,
893 1460 1123 1526 libenter
1152 1483 1395 1522 aunuere
1421 1465 1657 1535 populus
1704 1470 1758 1518 et
1810 1460 2060 1535 amplecti
2105 1474 2221 1514 ser-

638 1582 855 1624 moncm
890 1563 1190 1635 simplicem
1223 1559 1409 1628 cmpit,
1440 1558 1496 1610 hi
1528 1553 1625 1627 qui
1666 1555 1770 1611 sibi
1808 1552 2021 1629 eruditi
2066 1550 2220 1606 vide-

636 1665 839 1718 bantur
864 1661 950 1715 vel
980 1653 1317 1727 philosophi,
1353 1649 1534 1706 ridere
1562 1647 1840 1703 hominem
1869 1660 1931 1700 ac
1961 1658 2222 1713 spernere

635 1763 872 1817 cepere,
901 1753 954 1800 et
989 1742 1444 1815 syllogismorum
1487 1739 1542 1791 in
1581 1752 1705 1791 eum
1743 1734 2048 1790 tendiculas
2074 1733 2221 1786 velut

635 1837 977 1893 validissima
1009 1849 1162 1887 arma
1200 1829 1552 1902 proferrem
1574 1828 1666 1883 ille
1713 1826 1998 1881 interritus
2028 1831 2081 1879 et
2107 1823 2221 1878 vel-

640 1940 698 1987 ut
744 1933 1102 1987 deliramenta
1137 1928 1380 1997 argutias
1410 1939 1602 1979 eorum
1634 1923 1864 1985 ducens,
1899 1938 1968 1976 ne
1997 1935 2222 1991 respon-

636 2029 791 2080 sione
821 2023 1036 2095 quidem
1070 2021 1265 2089 dignos
1301 2016 1602 2087 judicabat,
1636 2014 1730 2069 sed
1761 2029 1824 2068 ea
1854 2029 1975 2082 quas
2019 2027 2220 2082 prepo-

635 2123 842 2180 sucrat,
873 2113 1269 2182 exsequebatur
1301 2107 1630 2178 intrepidus.
1672 2106 1917 2174 Denique
1961 2120 2085 2158 cum
2133 2103 2219 2156 lo-

634 2211 820 2281 quenti
851 2208 900 2261 ei
932 2206 1153 2277 quidam
1187 2203 1586 2274 proposuisset,
1627 2214 1727 2252 cur
1756 2199 1831 2252 ita
1865 2197 2043 2251 factus
2074 2203 2220 2251 esset

634 2302 794 2356 culex
827 2299 961 2369 (l2).
997 2305 1055 2352 ut
1087 2311 1212 2348 cum
1251 2294 1323 2348 sit
1357 2291 1560 2346 animal
1593 2290 1875 2358 exiguum,
1906 2292 1959 2340 et
1992 2299 2088 2340 sex
2125 2285 2221 2338 ba-

571 2413 574 2415 λ
635 2394 759 2448 beat
803 2390 991 2459 pedes,
1025 2389 1251 2455 insuper
1280 2385 1477 2438 addita:
1509 2382 1620 2437 sint
1647 2381 1695 2434 ei
1728 2389 1780 2433 et
1807 2379 1925 2440 alae,
1958 2376 2220 2445 elephant-

635 2495 722 2539 tus
747 2499 880 2537 vero
909 2496 1035 2535 cum
1065 2479 1138 2535 sit
1166 2479 1404 2531 immane
1435 2473 1635 2527 animal
1659 2485 1835 2540 neque
1858 2470 1973 2523 alas
1996 2469 2216 2531 habeat,

633 2575 868 2647 quatudr
899 2580 1106 2628 tantum
1141 2568 1307 2640 pedes
1342 2567 1537 2621 habeat
1571 2584 1582 2618 :
1615 2563 1684 2618 ad
1705 2563 1818 2616 hate
1843 2562 1932 2616 ille
1955 2577 2021 2615 ne
2046 2560 2220 2630 respi-

635 2669 787 2722 ciens
827 2665 1069 2735 quidem,
1106 2675 1416 2716 sermonem
1465 2672 1650 2719 suum,
1685 2670 1848 2725 quem
1905 2653 2218 2722 importana

635 2758 938 2830 propositio
968 2757 1354 2822 interruperat,
1387 2750 1708 2805 continuata
1746 2745 2046 2809 intentione
2095 2757 2218 2811 per-

637 2851 852 2922 agebat,
891 2849 992 2901 hac
1025 2847 1142 2902 sola
1174 2843 1547 2899 admonitione
1580 2857 1675 2911 per
1699 2839 1942 2908 singulas
1972 2848 2219 2904 quasque

632 2941 1060 3011 interruptiones
1087 2939 1269 2992 addita
1307 2956 1318 2990 :
1351 2934 1461 2990 Nos
1487 2934 1606 3002 ejus
1639 2932 1731 3002 qui
1764 2931 1913 2984 misit
1954 2943 2056 2982 nos
2095 2941 2218 2980 ver-

633 3037 704 3091 ba
735 3036 987 3102 factaque
1021 3031 1295 3085 mirabilia
1326 3029 1654 3081 annuntiare
1682 3025 1839 3079 vobis
1892 3023 1946 3076 in
1997 3020 2217 3074 manda-

636 3129 709 3184 tis
739 3127 1024 3187 habemus,
1058 3122 1326 3189 ﬁdemque
1351 3132 1540 3174 eorum
1576 3133 1697 3187 qua:
1724 3115 1977 3175 dicimus,
2010 3127 2121 3166 non
2149 3126 2216 3165 ex

634 3215 971 3288 argumentis
1017 3221 1134 3267 arte
1189 3210 1456 3280 qrmsitis,
1493 3207 1588 3264 sed
1621 3223 1686 3262 ex
1723 3205 1878 3259 vobis
1909 3203 2044 3272 ipsis
2087 3216 2218 3271 pro-
2242 3237 2285 3294 Ο

635 3309 817 3363 ductis
847 3306 1082 3360 testibus
1113 3301 1460 3358 conﬁrmare.
1492 3299 1745 3368 Agnosco
1771 3297 1916 3351 enim
1948 3293 2216 3364 plurimos

637 3407 821 3454 astare
851 3397 906 3450 in
935 3395 1115 3451 medio
1137 3401 1378 3448 vestrum
1399 3407 1464 3445 ex
1497 3391 1602 3455 liis,
1625 3405 1763 3458 quos
1791 3401 1899 3440 una
1928 3385 2215 3440 nobiscum

636 3488 859 3544 memini
891 3486 1112 3541 audisse
1140 3500 1260 3554 qua:
1291 3483 1621 3544 audivimus,
1659 3488 1713 3534 et
1740 3478 1944 3533 vidisse
1971 3492 2091 3547 quae
2133 3477 2216 3531 vi-

637 3579 839 3633 dimus.
877 3576 959 3631 Sit
990 3584 1168 3630 autem
1213 3577 1267 3628 in
1300 3581 1481 3628 vestra
1511 3579 1795 3642 potestate,
1845 3569 1926 3623 vel
1971 3568 2216 3636 recipere

634 3683 756 3737 quae
786 3666 1193 3727 annuntiamus,
1226 3665 1311 3718 vel
1337 3678 1613 3732 spernere.
1635 3661 1746 3715 Nos
1779 3659 1924 3714 enim
1957 3660 2103 3727 quod
2127 3675 2216 3712 ex-

636 3757 824 3827 pedire
853 3758 1006 3811 vobis
1034 3757 1307 3817 novimus,
1340 3763 1522 3808 tacere
1560 3767 1669 3805 non
1721 3764 2038 3820 possumus,
2085 3750 2213 3817 quia

636 3850 816 3920 nobis,
853 3848 898 3902 si
929 3855 1229 3910 taceamus,
1257 3846 1518 3900 damnum
1569 3851 1674 3907 est,
1717 3842 1873 3896 vobis
1914 3857 2062 3904 vero,
2093 3856 2214 3909 qua:

635 3939 893 4003 dicimus,
927 3939 971 3993 si
1001 3953 1110 3991 non
1141 3937 1448 4005 recipiatis,
1485 3933 1776 4004 pernicies.
1813 3930 1918 3986 Sed
1952 3938 2004 3984 et
2033 3929 2212 3985 stultis

637 4029 1107 4101 prepositionibus
1136 4027 1335 4082 vestris
1362 4026 1691 4095 respondere
1710 4023 1968 4093 perfacile
1985 4024 2209 4092 possim,

638 4123 684 4178 si
717 4120 960 4176 veritatis
989 4119 1262 4174 discenda:
1298 4132 1467 4172 causa
1515 4116 1853 4185 quaereretis,
1905 4113 1974 4169 de
2020 4111 2213 4167 culicis

637 4211 762 4266 dico
795 4220 956 4280 atque
985 4209 1291 4279 elephantis
1313 4206 1648 4270 differentia;
1681 4206 1777 4260 sed
1805 4219 1950 4258 nunc
1973 4205 2039 4258 de
2059 4217 2214 4258 crea-

637 4301 777 4356 turis
805 4299 986 4355 dicere
1018 4297 1174 4352 vobis
1203 4295 1408 4366 aliquid
1440 4294 1738 4350 absurdum
1780 4301 1884 4357 est,
1925 4308 2050 4347 cum
2069 4307 2100 4345 a
2123 4307 2214 4346 vo-

636 4391 722 4448 bis
753 4391 868 4460 ipse
897 4389 1138 4443 omnium
1168 4385 1394 4441 Creator
1418 4392 1471 4437 et
1499 4382 1762 4438 Conditor
1795 4382 2100 4452 ignoretur.

705 4479 798 4535 IX.
843 4470 1178 4533 llaec'autem
1209 4490 1334 4529 cum
1362 4474 1611 4537 dixisset,
1645 4474 1790 4528 velut
1822 4487 1885 4527 ex
1919 4485 2030 4525 uno
2078 4483 2210 4523 con-

2334 624 2611 695 agniti‘one
2655 623 2740 678 sui
2781 621 3030 692 praevidit
3059 622 3332 691 indignos,
3359 622 3502 676 sicut
3551 637 3617 677 ex
3667 623 3759 678 bis
3804 639 3920 692 quae

2333 729 2479 768 nunc
2505 713 2688 783 agitis,
2720 728 2914 768 sanum
2939 712 3274 783 sapientibus
3301 714 3478 782 palam
3503 721 3606 768 est.
3638 711 3779 767 Nam
3799 728 3920 768 cum

2331 805 2562 859 videatis
2583 804 2973 874 praedicatores
3000 803 3301 858 voluntatis
3331 802 3423 858 Dei
3456 804 3770 869 advenisse,
3795 806 3918 874 quia

2331 897 2536 950 nullam
2589 911 2771 952 sermo
2819 911 3010 950 eorum
3059 896 3429 962 grammaticae
3459 897 3593 952 artis
3625 899 3917 953 scientiam

2330 989 2635 1060 proﬁtetur,
2671 988 2767 1042 sed
2798 987 3144 1056 simplicibus
3188 994 3243 1041 et
3274 988 3534 1057 impolitis
3568 988 3919 1044 sermonibus

2329 1081 2611 1150 perferunt
2643 1081 2710 1134 ad
2744 1096 2840 1135 vos
2871 1079 3053 1133 divina
3086 1078 3363 1141 mandata,
3400 1078 3473 1131 ita
3513 1089 3571 1134 ut
3599 1095 3798 1134 omnes
3826 1080 3917 1150 qui

2329 1173 2581 1234 audiunt,
2611 1172 2767 1241 sequi
2801 1171 3015 1241 possint
3047 1179 3101 1225 et
3133 1171 3438 1240 intelligere
3468 1187 3588 1240 qua:
3616 1171 3917 1237 dicuntur;

2328 1262 2517 1317 ridetis
2545 1262 2739 1316 salutis
2770 1271 2969 1316 vestra:
2993 1261 3278 1316 ministros
3305 1270 3357 1315 et
3387 1261 3632 1328 nuntios,
3663 1262 3915 1332 ignoran-

2327 1363 2408 1409 tes
2472 1355 2600 1424 quia
2631 1360 2834 1418 vestra,
2865 1352 2959 1421 qui
2986 1351 3140 1406 vobis
3166 1351 3326 1420 periti
3378 1359 3432 1406 et
3474 1352 3803 1422 eloquentes
3835 1352 3917 1406 vi-

2325 1445 2550 1506 demini,
2570 1444 2953 1500 condemnatio
2970 1452 3073 1509 est,
3101 1444 3247 1514 quod
3276 1445 3422 1514 apud
3444 1452 3689 1514 agrestes
3712 1448 3769 1499 et
3791 1445 3918 1499 bar-

2325 1537 2486 1590 baros
2516 1534 2749 1589 habetur
2778 1534 3028 1588 veritatis
3057 1534 3422 1605 agnitio.Qu:e
3449 1550 3572 1589 cum
3600 1534 3669 1588 ad
3696 1551 3797 1590 vos
3827 1535 3921 1589 ad-

2324 1627 2554 1688 venerit,
2588 1641 2688 1680 ncc
2715 1627 2874 1696 quasi
2909 1626 3122 1696 hospita
3155 1627 3477 1696 suscipitur,
3512 1643 3632 1697 qum
3672 1628 3782 1682 nisi
3833 1630 3916 1683 in-

2325 1717 2685 1787 temperantia
2717 1724 2899 1771 vestra
2929 1724 2982 1770 et
3012 1717 3180 1770 libido
3207 1717 3521 1781 obsisteret,
3548 1718 3686 1772 civis
3717 1734 3843 1774 esse
3866 1727 3917 1773 et

2325 1810 2615 1865 vernacula
2641 1809 2957 1874 debuisset;
2985 1817 3043 1860 ut
3072 1824 3137 1862 ex
3172 1807 3256 1864 his
3281 1810 3610 1878 arguamini,
3632 1811 3782 1880 quod
3808 1826 3913 1864 nou

2323 1903 2568 1956 veritatis
2617 1899 2780 1954 amici
2819 1907 2873 1954 et
2907 1898 3240 1968 philosophi,
3274 1901 3370 1954 sed
3416 1901 3702 1969 jactantize
3737 1913 3916 1958 secta-

2324 1999 2494 2054 tores,
2527 2001 2581 2046 et
2609 1991 2886 2061 vaniloqui
2919 1991 3074 2054 estis,
3109 1993 3203 2059 qui
3232 1991 3517 2046 veritatem
3547 2007 3658 2046 non
3691 1993 3747 2046 in
3783 1994 3916 2047 sim-

2323 2083 2560 2153 plicibus
2590 2082 2795 2147 verbis,
2827 2081 2920 2137 sed
2953 2083 3006 2135 in
3042 2083 3279 2137 versutis
3326 2091 3381 2137 et
3427 2084 3644 2139 callidis
3686 2084 3916 2139 creditis

2324 2175 2591 2236 habitare,
2613 2183 2663 2229 et
2687 2174 3112 2229 innumerabilia
3133 2175 3425 2230 verborum
3451 2173 3732 2244 profertis,
3752 2177 3911 2231 unius

2323 2267 2473 2322 verbi
2509 2281 2856 2342 nequaquam
2888 2267 3064 2336 pretio
3101 2266 3445 2336 pensitanda.
3480 2267 3621 2332 Quid
3653 2284 3789 2337 ergo
3822 2285 3916 2337 pu-

2322 2359 2452 2412 tatis
2484 2358 2726 2411 futurum
2771 2357 2839 2411 dc
2867 2357 3043 2419 vobis,
3077 2371 3176 2412 vos
3205 2371 3237 2409 o
3272 2357 3450 2410 omnis
3497 2358 3659 2411 turba
3695 2356 3914 2412 Graeco-

2321 2467 2464 2516 rum,
2497 2450 2542 2504 si
2572 2453 2676 2503 erit
2695 2450 2961 2518 judicium
2980 2448 3095 2513 Dei,
3121 2449 3267 2503 sicut
3291 2449 3394 2503 iste
3417 2447 3713 2504 dicit?Sed
3741 2465 3910 2512 nunc,

2322 2543 2636 2598 omittentes
2672 2542 2852 2595 ridere
2903 2540 2957 2594 in
3007 2538 3304 2609 perniciem
3336 2540 3502 2595 vestri
3531 2541 3707 2593 virum
3743 2539 3912 2605 hunc,

2322 2632 2650 2703 respondeat
2675 2632 2809 2685 milii
2837 2631 2929 2701 qui
2960 2631 3076 2684 vult
3098 2647 3165 2685 ex
3196 2630 3372 2694 vobis,
3398 2631 3657 2702 quoniam
3689 2631 3912 2701 quidem

2321 2727 2440 2780 solo
2471 2725 2672 2777 latratu
2705 2732 2890 2778 vestro
2940 2722 3250 2778 obturbatis
3296 2723 3460 2776 etiam
3496 2739 3688 2777 eorum
3722 2738 3909 2785 aures,

2321 2818 2413 2886 qui
2446 2817 2583 2871 salvi
2616 2832 2738 2871 esse
2767 2816 2981 2878 volunt,
3015 2822 3068 2868 et
3100 2821 3312 2869 mentes
3341 2829 3462 2884 qua:
3506 2814 3573 2868 ad
3616 2813 3782 2867 ﬁdem
3819 2829 3912 2882 pa-

2322 2913 2454 2961 ratae
2485 2913 2635 2970 sunt,
2670 2906 2737 2960 ad
2769 2905 3105 2959 inﬁdelitatis
3130 2905 3343 2973 lapsum
3404 2904 3604 2959 vestris
3642 2904 3906 2958 obturba-

2321 2999 2562 3052 tionibus
2602 2996 2892 3052 declinatis
2925 3015 2938 3050 :
2970 3011 3091 3065 quae
3128 2995 3282 3050 vobis
3313 2995 3416 3049 erit
3447 3010 3687 3065 unquam
3722 2994 3906 3055 venia,

2319 3091 2411 3161 qui
2455 3089 2768 3144 Divinitatis
2810 3089 3085 3152 nuntium,
3118 3088 3523 3158 promittentem
3554 3087 3714 3141 vobis
3758 3086 3910 3156 agni-

2319 3184 2524 3236 tionem
2558 3180 2674 3245 Dei,
2696 3181 2888 3235 ridetis
2919 3189 2972 3236 et
2996 3178 3214 3251 injuriis
3238 3179 3491 3235 afﬁcitis?
3523 3195 3688 3249 quem
3718 3180 3914 3248 utique

2319 3273 2534 3328 etiamsi
2566 3273 2703 3326 nihil
2735 3273 2983 3328 veritatis
3014 3272 3250 3336 aﬁ‘erret,
3285 3287 3385 3342 pro
3416 3271 3535 3340 ipso
3592 3280 3775 3325 tamen
3808 3272 3906 3325 be-

2319 3365 2600 3437 nignitatis
2625 3380 2750 3434 erga
2783 3379 2878 3418 vos
2909 3364 3213 3435 proposito,
3247 3371 3464 3434 gratum
3504 3371 3914 3433 acceptumque

2318 3458 2520 3513 habere
2547 3456 2840 3511 deberetis.

2386 3551 2456 3608 X.
2498 3549 2624 3604 llaec
2650 3557 2704 3603 et
2736 3549 2823 3603 bis
2854 3549 3054 3604 similia
3083 3563 3209 3602 cum
3229 3560 3612 3617 prosequerer,
3632 3546 3914 3616 plurimus

2316 3641 2549 3696 astantis
2582 3639 2766 3710 populi
2798 3638 3053 3693 fremitus
3081 3636 3628 3700 concitabatur,dum
3659 3636 3753 3690 alii
3787 3638 3911 3692 vel-

2317 3743 2375 3790 ut
2416 3749 2544 3805 erga
2585 3732 2856 3802 hospitem
2900 3731 3257 3786 miseratione
3287 3736 3661 3792 moverentur,
3693 3744 3912 3784 meum-

2316 3844 2421 3898 que
2454 3840 2763 3881 sermonem
2790 3831 2849 3877 ut
2879 3830 3277 3893 consequenter
3305 3820 3549 3875 habitum
3579 3821 3904 3890 probarent.

2315 3921 2404 3972 alii
2437 3917 2745 3989 petulantes
2787 3923 2841 3969 et
2887 3913 3096 3979 stolidi,
3123 3913 3179 3966 in
3218 3928 3305 3967 me
3332 3926 3551 3981 quoque
3581 3910 3812 3979 pariter,
3847 3916 3908 3963 ut

2315 4010 2369 4063 in
2401 4009 2728 4073 Barnabam,
2760 4004 3006 4061 eﬁ‘renati
3061 4002 3230 4083 animi
3278 4002 3620 4055 iracundiam
3655 4001 3908 4054 concita-

2315 4108 2453 4156 rent.
2482 4099 2586 4156 Sed
2619 4114 2742 4153 cum
2770 4095 2839 4151 ad
2870 4110 3153 4164 vesperam
3179 4094 3290 4163 jam
3316 4092 3614 4148 declinaret
3645 4092 3790 4156 dies,
3815 4108 3906 4163 ap-

2315 4194 2582 4262 prehensa
2618 4189 2884 4244 Barnabze
2910 4188 3157 4249 dextera,
3189 4185 3559 4239 obluctantem
3591 4184 3721 4238 licet
3747 4200 3896 4246 eum.

2313 4286 2380 4339 ad
2426 4299 2602 4338 meam
2655 4291 2836 4336 tamen
2867 4280 3067 4335 adduxi
3100 4279 3343 4343 domum,
3376 4284 3539 4347 atque
3570 4277 3645 4331 ibi
3677 4293 3901 4333 manere

2314 4376 2437 4440 feci,
2477 4391 2548 4430 ne
2575 4374 2699 4444 quis
2733 4372 2873 4429 forte
2903 4389 2967 4428 ex
3003 4371 3225 4426 indocili
3250 4370 3412 4440 vulgo
3441 4369 3694 4439 injiceret
3713 4370 3765 4425 ei
3792 4385 3902 4424 rua-

2312 4485 2437 4524 nus.
2467 4465 2835 4537 Aliquantulis
2863 4463 3028 4535 igitur
3051 4461 3245 4517 diebus
3277 4476 3383 4514 una
3412 4459 3597 4529 positi,
3617 4460 3898 4515 disseren-

638 4587 826 4635 sensu,
865 4568 1271 4637 indisciplinato
1301 4580 1396 4620 ore
1422 4579 1612 4619 omnes
1661 4563 1824 4620 simul
1853 4564 2024 4617 risum
2054 4559 2211 4615 dede-
2247 4575 2284 4625 r.
2313 4570 2366 4616 te
2396 4577 2460 4616 eo
2493 4556 2757 4630 [paucis],
2792 4569 3103 4610 sermonem
3131 4553 3378 4607 veritatis
3427 4552 3661 4606 libenter
3702 4550 3896 4606 audie-

638 4679 721 4727 re,
752 4663 998 4716 incutere
1028 4660 1078 4714 ei
1109 4658 1489 4713 verecundiam
1520 4672 1584 4712 ac
1611 4658 1887 4714 silentium
1931 4656 2210 4726 imponere

639 4754 942 4826 cupientes,
974 4750 1376 4820 barbarumque
1395 4761 1449 4804 et
1471 4751 1653 4805 minus
1682 4764 1828 4804 sana:
1854 4747 2054 4803 mentis
2082 4761 2208 4803 eum

639 4851 1030 4906 acclamantes.
1063 4847 1175 4917 Ego
1195 4861 1325 4900 vero
1354 4861 1476 4900 cum
1511 4845 1626 4899 haec
1651 4845 1726 4898 ita
1760 4844 1872 4899 ﬁeri
1904 4857 2205 4906 cernerem,

639 4940 757 4995 zelo
785 4937 1021 5009 quodam
1055 4935 1241 4990 nescio
1274 4934 1417 4989 unde
1445 4933 1704 5003 repletus,
1739 4948 1803 4986 ac
1837 4932 2091 5003 religioso
2121 4929 2208 4984 fu-

637 5046 763 5086 rore
793 5043 1114 5092 succensus,
1148 5028 1308 5083 silere
1331 5041 1438 5080 non
1478 5026 1648 5096 potui,
1682 5024 1776 5080 sed
1807 5039 1931 5078 cum
1963 5023 2111 5078 omni
2139 5022 2206 5075 li-

638 5121 849 5177 bertate
895 5120 1238 5190 proclamans
1277 5135 1292 5174 :
1331 5116 1654 5173 Rectissime
1707 5115 1848 5170 Deus
1873 5157 1887 5182 ,
1939 5115 2161 5186 inquam
2193 5147 2209 5172 ο

2311 4656 2471 4721 bam;
2502 4651 2728 4722 urgebat
2754 4658 2934 4702 tamen
2968 4644 3389 4717 profectionem,
3426 4643 3618 4699 dicens
3644 4659 3705 4699 se
3749 4644 3894 4698 diem

2311 4746 2511 4808 festum
2557 4739 2840 4813 religionis
2888 4753 3020 4801 sum,
3054 4737 3148 4808 qui
3195 4737 3525 4801 immineret,
3557 4734 3895 4790 omnimodis

2310 4838 2451 4908 apud
2482 4833 2722 4889 Judteam
2753 4832 3178 4892 celebraturum,
3212 4829 3396 4900 ibique
3425 4827 3493 4883 de
3523 4829 3740 4898 reliquo
3768 4842 3893 4882 cum

2313 4930 2428 4987 suis
2471 4925 2685 4981 civibus
2737 4939 2802 4978 ac
2850 4921 3115 4977 fratribus
3145 4936 3586 4990 permansurum.
3611 4920 3896 4976 evidenter

2312 5020 2565 5076 indicans
2606 5016 2820 5087 injuriae
2852 5029 2911 5069 se
2940 5014 3169 5068 horrore
3197 5013 3532 5083 perculsum.

2374 5109 2464 5169 Xl.
2508 5110 2748 5178 Denique
2790 5122 2914 5161 cum
2958 5121 3060 5178 ego
3094 5105 3330 5159 dicerem
3361 5123 3373 5158 :
3408 5101 3491 5157 Tu
3513 5102 3649 5157 mihi
3676 5109 3890 5156 tantum

1933 5308 2294 5366 COTELEBII
2349 5307 2581 5365 ΝΟΤΔΕ.

714 5474 825 5542 (1‘2)
867 5474 975 5529 Cur
1012 5475 1087 5526 ita
1130 5474 1301 5541 factus
1344 5483 1476 5542 esset
1506 5468 2077 5542 culeleieronymus,
2105 5467 2175 5520 l.l

642 5537 888 5603 aduersus
919 5537 1256 5615 Pelagianos,
1291 5543 1321 5594 7
1364 5561 1377 5596 ;
1421 5541 1701 5608 Elephanti
1747 5537 1911 5592 tantie
1951 5537 2124 5615 molis,
2154 5547 2204 5590 et

641 5616 857 5687 gryplies
891 5618 940 5667 in
959 5609 1337 5687 sua'gravitale
1365 5622 1678 5687 causentur_._
1701 5626 1795 5663 cur
1825 5609 2093 5679 quaternis
2115 5622 2203 5675 pe-

641 5681 794 5741 dibus
843 5681 1122 5744 incedant,
1173 5701 1290 5736 cum
1338 5698 1530 5736 musca:
1573 5681 1886 5749 calicesque,
1928 5691 1978 5732 et
2013 5687 2204 5749 caztera

644 5756 942 5824 hujusmodi
985 5755 1276 5808 animantia
1316 5753 1409 5806 sub
1448 5751 1686 5821 pennulis
1719 5747 1867 5824 senos
1903 5747 2204 5824 pedes__l_ta-

644 5819 833 5892 beant;
875 5835 925 5882 ει
968 5825 1130 5896 aliqui
1165 5819 1622 5890 vermicuti’sint,
1654 5822 1744 5891 qui
1787 5821 1945 5875 tantis
1984 5819 2203 5890 pedibus

2307 5473 2574 5527 scateant,
2613 5473 2668 5516 ut
2700 5461 3108 5516 innumerabiles
3152 5461 3314 5515 simul
3350 5469 3519 5514 matus
3565 5459 3716 5513 nulla
3752 5462 3890 5515 acies

2307 5533 2726 5602 comprehendat.
2765 5532 2830 5585 Et
2862 5547 2947 5594 ιιι,
2977 5542 3161 5585 contra
3191 5530 3466 5602 Ruﬁnum,
3499 5529 3532 5583 8
3567 5548 3580 5584 :
3621 5529 3766 5600 Ergo
3790 5533 3892 5585 nisi

2308 5605 2401 5658 tibi
2424 5601 2682 5657 rationem
2706 5603 3004 5666 reddidero,
3032 5618 3193 5670 quare
3221 5601 3465 5668 formica,
3503 5616 3728 5669 parvum
3771 5603 3885 5655 ani-

2307 5675 2415 5728 mal
2438 5684 2486 5727 et
2514 5683 2785 5742 punctum,
2811 5683 2864 5725 ut
2891 5674 2966 5726 ita
2989 5670 3182 5736 dicam,
3208 5672 3465 5742 corporis,
3493 5685 3586 5723 sex
3606 5670 3768 5742 pedes
3795 5673 3890 5724 Im-

2308 5745 2460 5868 beat
2492 5740 2608 5798 cum
2635 5743 2938 5812 elephantus
2958 5783 2971 5807 ,
3016 5751 3165 5797 tanta
3193 5741 3349 5797 moles
3368 5781 3383 5809 ,
3416 5749 3647 5809 quatuor
3668 5740 3888 5808 pedibus

2309 5832 2442 5868 ιιιςεί
2464 5831 2538 5868 at.
3087 5839 3091 5844 ‘

2309 5831 2538 5871 ιηεείωι.
3087 5839 3091 5844 ‘
