4066 6334
208 430 356 487 1213

1426 423 1994 481 RECOGNlTlONUM
2032 421 2163 480 LIB.
2202 424 2239 478 Ι.

3318 423 3454 498 ’12η

192 540 463 617 ejus'viri,
494 560 655 615 quem
687 545 1004 615 apparuisse
1029 543 1187 606 dicis,
1212 558 1419 613 expone
1441 543 1769 607 doctrinam,
1801 552 1848 609 Α
1944 539 2081 595 Xlli.
2123 542 2192 594 At
2226 536 2655 610 benignissimus
2706 537 2918 607 Petrus,
2966 540 3155 595 audito
3205 542 3451 608 nomine,

190 652 245 697 et
265 655 370 710 ego
403 640 540 695 meis
572 639 921 695 sermonibus
956 645 1049 691 tua
1079 637 1226 691 dicta
1264 652 1619 706 componens,
1650 651 1770 689 om-

189 732 494 802 nipotentis
536 730 632 787 Dei
676 747 905 802 regnum
944 730 1325 799 justitiamque
1358 727 1685 798 praedicabo,
1716 734 1769 781 et

190 831 314 894 post
345 824 462 877 Haec
490 823 537 878 si
568 822 829 883 volueris,
862 822 1025 876 etiam
1069 819 1337 889 navigabo
1380 826 1580 883 tecum,
1614 816 1771 871 valde

184 916 335 969 enim
366 915 553 970 videre
582 913 744 983 cupio
767 911 1031 974 Iudaeam,
1062 912 1342 966 vobiscum
1374 908 1627 963 fortassis
1653 924 1770 979 per-

186 1016 356 1076 petuo
399 1020 812 1076 permansurus.
875 1003 958 1057 Ad
1027 1003 1143 1057 haac
1186 1003 1275 1057 ille
1310 1022 1322 1057 :
1356 1000 1459 1065 Tu,
1492 1001 1689 1071 inquit,
1721 1000 1768 1055 si

183 1097 409 1166 quidem
440 1094 625 1151 videre
656 1097 737 1150 vis
766 1095 998 1165 patriam
1028 1102 1298 1156 nostram,
1331 1103 1384 1148 et
1409 1092 1623 1148 discere
1649 1108 1769 1161 qua:

183 1188 489 1248 desideras,
520 1186 632 1254 jam
658 1202 803 1240 nunc
834 1200 1047 1239 mecum
1078 1185 1284 1255 pariter
1310 1184 1541 1254 naviga;
1568 1182 1615 1237 si
1639 1199 1768 1239 vero

182 1288 235 1345 te
264 1282 475 1350 aliquid
506 1288 671 1343 tenet,
700 1279 855 1347 signa
902 1279 1001 1333 tibi
1048 1277 1403 1332 habitationis
1436 1286 1638 1331 nostra:
1668 1276 1767 1331 de-

179 1372 513 1441 relinquam,
545 1379 603 1426 ut
634 1387 758 1425 cum
787 1372 971 1425 venire
992 1369 1253 1435 volueris,
1284 1369 1531 1425 invenire
1560 1384 1662 1424 nos
1688 1368 1767 1422 fa-

179 1463 282 1515 cile
313 1463 532 1532 possis;
564 1477 664 1531 ego
690 1462 835 1517 enim
860 1462 1101 1516 crastino
1129 1461 1231 1516 iter
1260 1460 1563 1531 aggrediar.
1594 1459 1765 1527 Quem

178 1555 271 1608 ubi
302 1555 643 1613 immobilem
689 1553 819 1616 vidi,
849 1552 1107 1618 descendi
1152 1568 1276 1607 cum
1327 1554 1447 1622 ipso
1481 1568 1656 1622 usque
1698 1552 1765 1607 ad

178 1651 426 1712 portum,
458 1659 522 1696 ac
550 1644 840 1713 diligenter
865 1643 934 1697 ab
960 1658 1026 1697 eo
1055 1644 1232 1715 signa,
1264 1660 1385 1714 quae
1412 1644 1649 1705 dixerat,
1675 1642 1768 1696 ha-

174 1733 469 1789 bitationis
496 1736 702 1805 accepi,
735 1734 925 1789 dicens
949 1736 998 1790 ei
1028 1755 1041 1789 :
1070 1736 1197 1805 quia
1229 1734 1334 1788 nisi
1362 1734 1765 1805 aliquantulum

174 1824 430 1892 pecunia:
458 1824 772 1879 necessario
808 1825 941 1877 mihi
971 1833 1118 1879 esset
1161 1840 1190 1878 a
1232 1824 1573 1880 debitoribus
1604 1840 1765 1895 repo-

1871 648 2167 687 accurrens
2219 632 2468 702 protinus
2519 631 2736 685 inhtnsit
2782 632 2989 687 osCulis
3039 633 3197 697 meis,
3229 642 3284 688 et
3329 644 3455 705 post

1870 725 1985 778 haec
2012 739 2137 778 cum
2167 724 2357 779 sedere
2389 739 2475 778 me
2504 721 2742 785 fecisset,
2778 724 2852 775 ait
2884 740 2897 777 :
2931 722 3075 777 Bene
3105 723 3280 780 fecisti
3312 741 3453 796 prae-

1869 815 2165 871 dicatorem
2194 814 2436 870 veritatis
2457 813 2694 883 hospitio
2715 814 2953 883 recipere
2972 813 3297 879 Barnabam,
3316 816 3455 871 nihil

1867 907 2074 962 veritus
2127 906 2309 977 populi
2364 906 2688 961 insanientis
2743 905 3021 973 furorem;
3068 907 3262 962 beatus
3318 908 3452 963 eris.

1872 992 2024 1048 Sicut
2052 997 2195 1048 enim
2227 1004 2283 1048 tu
2304 996 2537 1064 legatum
2566 995 2813 1050 veritatis
2830 997 2980 1050 omni
2998 997 3205 1052 honore
3220 996 3445 1069 dignum

1867 1084 2096 1151 duxisti,
2130 1086 2204 1139 ita
2240 1093 2292 1140 te
2322 1101 2542 1155 quoque
2594 1070 3034 1156 peregrinantem
3088 1094 3141 1141 et
3178 1086 3450 1156 hospitem

1869 1177 2072 1231 veritas
2102 1177 2219 1247 ipsa
2252 1177 2533 1246 suscipiet,
2556 1184 2609 1230 et
2632 1176 2804 1231 civem
2832 1178 3067 1247 proprize
3099 1177 3255 1233 urbis
3283 1177 3456 1234 ascri-

1868 1264 1981 1327 bet,
2023 1270 2077 1318 et
2104 1270 2233 1317 tunc
2265 1265 2361 1319 tibi
2393 1265 2500 1319 erit
2530 1264 2788 1335 gaudium
2831 1280 3109 1337 magnum,
3141 1268 3288 1337 quod
3335 1268 3454 1323 exi-

1866 1370 2029 1426 guam
2059 1371 2206 1409 nunc
2236 1354 2558 1425 impartiens
2598 1357 2851 1426 gratiam,
2898 1366 3230 1412 :eternorum
3280 1359 3453 1415 bono-

1868 1458 1990 1501 rum
2038 1447 2212 1501 lateres
2263 1448 2542 1503 scriberis.
2571 1447 2729 1504 Nunc
2761 1465 2893 1519 ergo
2934 1465 3003 1504 ne
3039 1450 3261 1505 labores
3281 1464 3451 1521 expo-

1866 1555 1996 1595 nere
2024 1541 2155 1594 mihi
2195 1541 2436 1594 animum
2474 1549 2663 1604 tuum;
2696 1547 2895 1594 cuncta
2933 1540 3076 1594 enim
3105 1540 3172 1597 de
3200 1548 3253 1593 te
3294 1548 3347 1593 et
3383 1541 3450 1596 de

1868 1631 2114 1686 moribus
2141 1632 2250 1685 tuis
2279 1630 2559 1683 Barnabas
2597 1629 2741 1684 ﬁdeli
2775 1644 3026 1684 sermone
3047 1628 3287 1695 edocuit,
3311 1645 3450 1700 quo-

1866 1724 1998 1778 tidie
2030 1739 2167 1793 pene
2193 1730 2247 1777 et
2278 1722 2651 1776 indesinenter
2689 1723 2959 1777 bonorum
2991 1731 3208 1776 tuorum
3242 1738 3447 1776 inemo-

1865 1818 2003 1871 riam
2036 1824 2308 1885 repetens.
2330 1815 2394 1869 Et
2416 1823 2475 1871 ut
2502 1816 2599 1870 tibi
2624 1816 2882 1883 breviter,
2908 1823 3167 1886 tanquam
3200 1816 3443 1871 unanimi

173 1914 470 1979 scendum,
502 1914 638 1969 nihil
687 1914 911 1969 omnino
942 1915 1251 1979 ditionem,
1289 1917 1544 1971 velociter
1574 1924 1758 1971 tamen
1788 1896 1831 1955 Β
1854 1908 1967 1978 jam
1994 1908 2191 1970 amico,
2219 1907 2365 1977 quod
2392 1909 2445 1961 in
2474 1923 2533 1961 re
2556 1916 2638 1962 est
2659 1905 2935 1970 deﬁniam.
2956 1906 3003 1960 si
3029 1906 3164 1959 nihil
3195 1906 3446 1976 estquod

172 2007 442 2077 insequar
486 2008 590 2061 iter
619 2014 795 2062 tuum.
828 2006 964 2062 Cum
1011 2008 1127 2063 htec
1173 2007 1458 2072 dixissem,
1490 2023 1763 2064 commen-

172 2098 304 2153 dato
335 2114 406 2153 eo
433 2098 695 2153 attentius
727 2097 835 2163 his,
866 2098 960 2169 qui
988 2099 1112 2152 navi
1144 2105 1433 2168 praeerant,
1468 2113 1759 2169 regressus

170 2209 295 2248 sum
318 2193 522 2247 tristis.
555 2191 802 2246 Habebat
827 2192 973 2246 enim
1004 2206 1089 2246 me
1120 2190 1430 2244 recordatio
1460 2198 1761 2244 consuetu-

169 2285 318 2338 dinis
352 2284 485 2339 boni
518 2283 754 2354 hospitis
783 2292 838 2337 et
868 2284 1059 2352 optimi
1089 2282 1273 2337 amici.

241 2373 364 2428 ΧΠ.
410 2374 611 2429 Diebus
637 2382 817 2447 autem
850 2374 1042 2443 paucis
1084 2378 1411 2435 remoratus,
1442 2380 1495 2426 et
1524 2372 1609 2427 his
1638 2389 1759 2442 qua:

169 2465 517 2521 debebantur
562 2480 628 2518 ex
672 2470 824 2533 parte
883 2462 1067 2531 aliqua
1133 2459 1430 2531 proﬂigatis
1477 2460 1759 2530 (plurima

160 2558 320 2611 enim
358 2556 653 2613 festinandi
695 2556 875 2611 studio
903 2554 1138 2625 neglexi,
1174 2569 1241 2607 ne
1276 2569 1305 2605 a
1336 2554 1619 2623 proposito
1663 2554 1761 2606 im-

170 2652 464 2723 pedirer),
518 2650 804 2722 enavigavi
852 2650 1115 2705 continuo
1147 2649 1202 2701 in
1232 2646 1498 2709 Judaeum,
1533 2654 1587 2701 et
1634 2652 1759 2717 post

171 2745 289 2801 dies
322 2742 643 2813 quindecim
676 2743 980 2797 Caesaream
998 2740 1292 2805 Stratonis,
1330 2756 1451 2809 quae
1481 2747 1564 2794 est
1594 2737 1761 2793 Palm-

171 2835 332 2888 stinze
388 2835 519 2889 urbs
564 2834 824 2898 maxima,
857 2833 1116 2904 appulsus
1166 2848 1308 2887 sum.
1342 2831 1587 2900 Cumque
1632 2830 1757 2883 navi

170 2938 457 2995 egressus,
489 2922 782 2993 hospitium
808 2937 1129 2993 quaererem,
1163 2936 1381 2976 rumore
1409 2922 1595 2992 pepuli
1615 2936 1760 2976 com-

170 3016 287 3085 peri
348 3014 494 3085 quod
526 3014 719 3069 Petrus
749 3015 989 3084 quidam,
1024 3013 1171 3069 illius
1211 3013 1305 3082 qui
1350 3014 1405 3066 in
1448 3010 1632 3067 Judata
1662 3028 1758 3082 ap—

171 3105 382 3174 paruit,
412 3111 467 3159 et
511 3104 668 3175 signa
716 3104 886 3157 multa
916 3118 981 3157 ac
1011 3101 1267 3173 prodigia’
1293 3101 1556 3159 divinitus
1605 3114 1757 3173 gesta

166 3190 314 3252 inter
364 3196 615 3250 homines
655 3193 916 3258 ostendit,
950 3194 1256 3263 discipulus
1305 3193 1753 3266 probatissimus,

1866 2004 1924 2052 te
1961 1997 2242 2068 impediat,
2272 1997 2375 2052 iter
2405 2012 2504 2068 age
2526 1998 2837 2063 nobiscum,
2866 2005 2921 2052 et
2962 1998 3089 2053 audi
3136 2014 3445 2053 sermonem

1861 2090 2135 2155 veritatis,
2170 2107 2334 2161 quem
2380 2091 2618 2145 habituri
2672 2106 2864 2147 sumus
2892 2106 2990 2161 per
3037 2092 3154 2146 loca
3202 2092 3441 2156 singula,

1863 2196 2151 2252 usquequo
2175 2182 2244 2235 ad
2273 2181 2450 2252 ipsam
2484 2182 2642 2236 nobis
2684 2183 3112 2251 perveniendum
3140 2183 3212 2238 sit
3250 2184 3441 2237 urbem

1861 2271 2120 2339 Romam;
2146 2279 2200 2327 et
2229 2251 2459 2327 nunc'tu
2492 2275 2536 2327 si
2568 2273 2700 2343 quid
2731 2274 3036 2335 desideras.
3066 2275 3254 2329 dicito.
3454 2284 3457 2285 '

1930 2361 2073 2418 XIV.
2110 2364 2355 2434 Cumque
2382 2365 2430 2418 ei
2458 2366 2856 2435 exposuissem,
2887 2367 3016 2435 quid
3048 2367 3291 2422 abinitio
3317 2383 3445 2437 pro-

1862 2455 2025 2525 positi
2054 2457 2337 2525 gesserim,
2367 2465 2420 2510 et
2444 2456 2719 2526 quomodo
2747 2473 2844 2529 per
2872 2458 3063 2514 inanes
3100 2460 3307 2516 effusus
3338 2462 3440 2515 sim

1860 2549 2191 2619 quaestiones
2225 2546 2314 2620 [et
2350 2549 2441 2603 illa
2471 2553 2811 2621 omnia,quaa
2843 2552 2962 2619 tibi,
2994 2552 3213 2608 domine
3245 2555 3319 2608 mi
3344 2553 3441 2608 Ja-

1860 2637 2021 2705 cobe,
2055 2638 2110 2690 in
2131 2638 2417 2708 principiis
2432 2638 2687 2703 indicavi,
2708 2641 2785 2694 uti
2804 2657 2871 2696 ne
2885 2642 3071 2696 eadem
3094 2651 3333 2712 repetam
3348 2643 3438 2715 ⁸⁸],

1861 2729 2099 2784 libenter
2138 2731 2386 2800 promisi,
2424 2747 2548 2786 cum
2595 2731 2715 2803 ipso
2745 2749 2833 2789 me
2867 2734 2970 2790 iter
3002 2742 3287 2803 acturum;
3337 2737 3441 2791 hoc

1860 2834 1945 2878 est
1972 2823 2140 2887 enim,
2173 2822 2279 2888 aio,
2323 2826 2468 2895 quod
2510 2826 2864 2896 cupidissime
2899 2829 3305 2899 exspectabam.
3331 2828 3439 2884 Ve-

1859 2920 2165 2967 rumtamen
2214 2915 2367 2982 prius
2413 2914 2549 2967 mihi
2576 2917 2739 2985 cupio
2770 2917 3035 2972 rationem
3060 2919 3311 2975 veritatis
3341 2936 3434 2973 ex-

1859 3004 2024 3074 poni,
2053 3011 2112 3058 ut
2148 3005 2341 3071 sciam,
2374 3005 2421 3061 si
2455 3006 2724 3071 mortalis,
2758 3022 2829 3063 an
2860 3010 3182 3065 immortalis
3211 3011 3282 3065 sit
3319 3012 3439 3065 ani-

1859 3110 1969 3159 ma,
1998 3103 2053 3151 et
2103 3098 2151 3151 si
2196 3096 2545 3161 immortalis,
2574 3108 2756 3153 utrum
2788 3115 2887 3170 pro
2920 3101 3005 3157 bis
3034 3117 3156 3172 quae
3186 3102 3275 3157 hic
3305 3104 3436 3172 agit,

1861 3188 2096 3244 ducatur
2142 3189 2211 3245 ad
2250 3191 2541 3267 judicium.
2577 3192 2681 3248 Sed
2718 3202 2772 3248 et
2803 3212 2924 3265 qua:
2952 3198 3438 3270 sitjustitia,,quze

169 3291 420 3346 crastino
463 3303 585 3343 cum
636 3286 859 3342 Simone
910 3285 1147 3356 quodam
1181 3285 1531 3341 Samaritano
1561 3301 1627 3341 ex
1657 3302 1754 3340 ca-
1781 3252 1826 3310 ε
1858 3280 1969 3336 Deo
1994 3283 2227 3352 placeat,
2267 3285 2407 3340 scire
2433 3284 2849 3341 desidero.Tum
2876 3295 3159 3355 praeterea,
3188 3292 3233 3347 si
3258 3290 3437 3349 factus

171 3382 332 3436 stello
383 3380 689 3435 Gethonum
738 3377 894 3449 (15),
950 3377 1241 3432 habiturus
1272 3385 1418 3432 esset
1460 3377 1754 3433 verborum

169 3473 646 3543 quaestionumque
697 3480 995 3526 certamen.
1028 3468 1243 3535 Quibus
1272 3484 1373 3539 ego
1403 3469 1627 3534 auditis,
1664 3484 1756 3525 ro—

168 3565 367 3636 gabam
397 3563 761 3619 demonstrari
791 3562 923 3616 mihi
949 3562 1069 3631 ejus
1095 3561 1389 3632 hospitium
1415 3580 1429 3629 ;
1458 3560 1605 3633 quod
1629 3576 1753 3617 cum

168 3657 519 3726 reperissem,
552 3665 715 3727 atque
758 3662 886 3709 ante
928 3653 1072 3709 fores
1102 3653 1495 3718 constitissem,
1538 3655 1753 3724 ingere-

168 3746 293 3802 bam
342 3747 590 3816 ianitori,
622 3747 874 3815 quisnam
907 3759 1083 3801 essem
1119 3755 1281 3816 atque
1312 3745 1457 3799 unde
1488 3744 1752 3799 adventa-

168 3858 316 3909 rem;
352 3851 404 3898 et
433 3857 562 3896 ecce
590 3839 867 3893 Barnabas
893 3837 1214 3908 procedens,
1248 3838 1430 3892 statim
1465 3844 1524 3890 ut
1549 3851 1635 3891 me
1663 3836 1749 3891 vi-

166 3930 266 3996 dit,
296 3930 352 3983 in
378 3929 695 3999 complexus
725 3941 874 3982 meos
897 3925 1162 3989 cucurrit,
1194 3925 1390 3994 gaudio
1414 3925 1745 3995 lacrymans,

167 4031 335 4092 atque
382 4022 781 4092 apprehensum
815 4036 903 4076 me
932 4034 1097 4074 manu
1142 4016 1527 4072 introducebat
1557 4016 1624 4070 ad
1653 4014 1753 4071 Pe-

168 4122 339 4169 trum.
370 4111 543 4179 Quem
572 4127 697 4167 cum
724 4111 858 4166 mihi
887 4112 1101 4166 eminus
1125 4107 1489 4167 ostendisset:
1512 4108 1613 4163 llic
1640 4117 1744 4176 est,

166 4207 365 4277 inquit,
399 4204 615 4268 Petrus,
648 4219 809 4275 quem
840 4203 940 4258 tibi
967 4204 1263 4271 maximum
1294 4218 1414 4259 esse
1444 4204 1499 4257 in
1528 4202 1623 4258 Dei
1655 4218 1743 4258 sa-

166 4300 373 4368 pientia
401 4296 672 4361 dicebam,
693 4298 891 4367 cuique
908 4296 975 4352 de
996 4309 1047 4352 te
1072 4312 1266 4352 rursus
1290 4297 1408 4351 sine
1436 4298 1743 4377 cessatione

165 4390 382 4446 locutus
436 4404 579 4445 sum.
628 4388 915 4459 Ingredere
955 4388 1122 4458 igitur
1182 4375 1442 4458 tanquam
1508 4375 1647 4444 bene
1692 4389 1741 4443 ei

167 4484 440 4554 cognitus.
473 4480 667 4535 Omnia
707 4480 851 4533 enim
881 4495 1002 4549 quae
1029 4480 1087 4534 in
1115 4487 1170 4535 te
1211 4489 1337 4536 sunt
1382 4480 1544 4543 bona,
1574 4481 1758 4536 veris-'

1858 3380 1943 3429 est
1972 3374 2232 3439 mundus,
2266 3377 2352 3431 vel
2381 3394 2550 3447 quare
2579 3378 2775 3442 lactus,
2802 3390 2894 3434 aut
2926 3381 2971 3434 si
3003 3382 3297 3438 solvendus
3327 3391 3431 3449 est,

1857 3480 1927 3519 an
1960 3465 2013 3521 in
2041 3467 2236 3522 melius
2265 3469 2632 3534 renovandus,
2666 3477 2759 3523 aut
2797 3471 2841 3524 si
2888 3473 3109 3527 omnino
3156 3483 3276 3543 post
3321 3476 3434 3531 haec

1855 3573 1965 3613 nou
1997 3560 2100 3613 erit
2125 3559 2384 3624 mundus,
2416 3568 2469 3616 et
2497 3576 2566 3616 ne
2595 3577 2691 3631 per
2719 3562 2931 3633 singula
2961 3566 3299 3634 progrediar,
3319 3567 3432 3622 haec

1854 3659 2018 3721 atque
2048 3652 2240 3706 horum
2270 3654 2467 3708 similia
2494 3662 2553 3708 ut
2585 3670 2643 3709 se
2674 3654 2932 3720 habeant,
2954 3658 3165 3712 discere
3189 3675 3273 3713 me
3296 3662 3432 3717 velle

1854 3744 2132 3814 respondi.
2166 3744 2248 3799 Ad
2278 3744 2392 3799 haec
2435 3744 2630 3800 Petrus
2662 3765 2675 3801 :
2710 3746 2971 3811 Breviter,
3006 3748 3201 3819 inquit,
3236 3750 3357 3815 tibi,
3396 3768 3430 3807 o

1851 3834 2124 3900 Clemens,
2159 3851 2343 3891 rerum
2370 3836 2653 3892 scientiam
2681 3838 2915 3905 tradam,
2946 3848 2999 3894 et
3038 3842 3289 3895 ausculta
3310 3843 3427 3911 jam

1851 3942 2018 3981 nunc.

1920 4017 2037 4075 XV.
2079 4016 2344 4077 Voluntas
2394 4019 2488 4076 Dei
2541 4027 2595 4075 et
2636 4023 2928 4077 consilium
2974 4025 3130 4077 latuit
3177 4026 3427 4083 homincs

1848 4112 2037 4169 multis
2084 4129 2152 4170 ex
2198 4114 2404 4169 causis.
2446 4112 2629 4170 Primo
2679 4114 2896 4184 quidem
2944 4132 3044 4187 pro
3084 4118 3427 4175 institutione

1848 4205 2012 4269 mala,
2045 4218 2143 4274 pro
2170 4203 2549 4259 sodalitatibus
2594 4205 2871 4279 pessimis,
2904 4222 3005 4277 pro
3030 4210 3427 4268 consuetudine

1845 4309 2103 4367 nequam,
2137 4310 2236 4365 pro
2272 4296 2560 4365 colloquiis
2607 4311 2716 4350 non
2766 4295 2955 4362 bonis,
3009 4313 3109 4368 pro
3162 4314 3426 4369 praesum-

1845 4391 2124 4462 ptionibus
2165 4389 2347 4445 minus
2378 4389 2638 4457 rectis“,
2685 4404 2785 4460 pro
2827 4389 2932 4459 his,
2972 4391 3217 4462 inquam,
3246 4395 3425 4448 enmi-

1841 4482 1966 4546 bus,
1999 4482 2232 4552 primum
2260 4497 2435 4547 error,
2469 4480 2664 4536 deinde
2688 4487 3053 4552 contemptus,
3081 4489 3196 4537 tum
3229 4484 3423 4539 inlide-

164 4577 300 4631 sime
323 4573 609 4645 comperit,
638 4579 694 4629 et
717 4571 1027 4641 religiosum
1056 4572 1393 4643 propositum
1422 4580 1577 4626 tuum
1608 4572 1735 4626 dili—
1769 4613 1813 4668 Β
1841 4572 1968 4628 litas
1996 4581 2049 4628 et
2068 4574 2271 4628 malitia
2297 4574 2432 4645 (14),
2459 4574 2689 4628 avaritia
2718 4590 2937 4644 quoque
2962 4583 3016 4629 et
3037 4590 3177 4630 vana
3202 4576 3421 4646 jactan-

164 4673 353 4738 genter
380 4664 621 4735 agnovit,
650 4678 714 4718 ex
746 4676 856 4732 quo
880 4670 934 4717 et
963 4678 1180 4718 summo
1229 4664 1501 4720 desiderio
1555 4666 1737 4734 agitur

162 4748 488 4812 videndi'te.
522 4752 677 4808 Unde
711 4766 964 4822 magnum
995 4754 1045 4809 ei
1075 4754 1239 4809 hodie
1268 4770 1468 4808 munus
1514 4756 1651 4810 meis
1681 4762 1736 4809 te

165 4847 417 4901 manibus
446 4842 649 4908 odero;
687 4842 958 4913 simulque
981 4843 1163 4899 oblato
1206 4860 1314 4905 me.
1359 4846 1434 4899 ait
1465 4864 1476 4899 :
1513 4843 1612 4899 Hic
1650 4852 1736 4901 est

143 4938 438 5001 Clemens,
466 4935 645 4991 Petre.

234 5126 283 5159 ⁸⁵
321 5124 451 5190 Qua:
479 5124 637 5180 uncis
672 5124 1018 5188 inclusimus,
1068 5125 1268 5180 desunt
1301 5126 1356 5179 in
1392 5132 1552 5193 utroq

1841 4663 1937 4729 tia,
1971 4663 2185 4734 aliaque
2213 4664 2299 4719 bis
2331 4663 2529 4718 similia
2575 4663 2741 4728 mala,
2773 4668 2923 4718 velut
2965 4664 3150 4721 fumus
3197 4666 3419 4737 quidam

1839 4754 2164 4819 immensus,
2197 4755 2510 4811 universam
2547 4754 2769 4809 domum
2807 4754 2971 4825 hujus
3017 4757 3206 4812 mundi
3239 4758 3419 4827 reple~

1839 4845 1937 4910 vit,
1968 4852 2022 4900 et
2069 4845 2443 4901 habitantibus
2490 4846 2820 4902 intrinsecus
2866 4845 3419 4920 intuendi‘Condito-

1840 4951 1956 4992 rem
1980 4952 2163 5001 suum,
2190 4943 2470 5006 aspectum
2497 4936 2728 4992 liberum
2756 4954 2863 4992 non
2892 4937 3063 5002 dedit,
3094 4954 3272 5010 neque
3293 4955 3415 5010 quae

1558 5132 1627 5179 ue
1672 5123 1834 5195 codd.
1866 5123 2047 5195 Lipss.
2076 5132 2130 5178 et
2173 5123 2232 5177 in
2264 5124 2764 5195 quihusdamaliis.
2826 5124 2870 5155 ⁸⁸
2910 5123 3081 5180 Codd.
3111 5122 3289 5195 Lipss.
3327 5124 3412 5177 his

164 5214 397 5271 pergunt
441 5210 565 5267 cap.
610 5209 726 5265 seq.
779 5196 1067 5251 vocabulis
1094 5212 1106 5247 :
1137 5195 1474 5265 Impossibile
1497 5212 1624 5265 ergo
1657 5193 1721 5249 de
1746 5194 1900 5249 rebus
1923 5193 2138 5261 divinis,
2171 5193 2301 5261 etc;
2334 5196 2546 5265 reliqua
2577 5194 2793 5250 desunt.

1463 5366 1829 5425 COTELERII
1860 5366 2091 5423 ΝΟΤᾹΞ.

236 5580 349 5648 (15)
408 5576 509 5634 Eat
541 5578 757 5641 castello
806 5576 1138 5648 Gethonum,
1173 5577 1251 5632 De
1295 5576 1516 5648 nomine
1564 5574 1727 5643 hujus

162 5646 269 5707 vici
290 5648 478 5707 Graeco
506 5651 741 5706 diximus
760 5651 825 5715 ad
856 5646 1287 5706 Constitutiones.
1316 5646 1520 5699 Latinae
1544 5654 1725 5699 autem

162 5721 534 5784 expressionis
560 5721 853 5775 varietates
892 5719 1102 5774 videbis
1132 5720 1221 5771 hic
1240 5759 1256 5782 ,
1285 5725 1341 5772 et
1375 5716 1517 5771 infra
1548 5716 1724 5784 capite

164 5789 218 5856 Ἰ,
233 5784 358 5848 libri
377 5790 664 5857 n.Quibns
690 5789 823 5844 adde
838 5789 997 5843 aliam
1039 5787 1266 5843 Freculli
1298 5796 1428 5857 tom.
1460 5784 1525 5849 ll,
1560 5786 1652 5840 lil).
1681 5800 1718 5851 ι,

166 5855 283 5936 cap.
330 5862 420 5920 20.
461 5855 540 5918 De
578 5862 718 5926 rica,
752 5860 963 5931 inquit,
993 5862 1080 5930 qui
1120 5860 1316 5914 dicitur
1353 5855 1551 5913 Gittho.
1584 5857 1730 5934 Cor-p

1835 5581 1995 5647 rupte
2016 5574 2156 5647 apud
2198 5573 2571 5647 Philastripm,
2622 5576 2677 5630 in
2720 5573 2941 5647 Simone
2976 5592 2989 5630 :
3023 5572 3099 5628 De
3128 5575 3254 5630 villa
3285 5593 3402 5647 qua

1833 5641 1916 5699 est
1936 5641 2146 5699 Cit/reus
2179 5647 2425 5699 vocitata.
2450 5645 2619 5700 Porro
2649 5646 2889 5701 scribere
2915 5653 3133 5713 praestat
3154 5663 3251 5716 per
3276 5641 3401 5703 {vel

1829 5732 1876 5781 εν
1892 5730 2206 5798 sese?”
2228 5733 2259 5798 ξι
2280 5732 2315 5798 ῖη
2335 5724 2517 5798 stre"
2540 5734 2567 5769 ν
2585 5731 2868 5798 quam“
2899 5733 2956 5798 '3.-

1901 5784 2022 5861 (l4)_
2057 5784 2187 5838 Tum
2223 5784 2511 5861 inﬁdelitas
2550 5784 2867 5843 et’malilia.
2904 5788 3133 5848 Ruﬁnus
3160 5789 3400 5861 legebat,

1831 5855 2080 5928 πονηρία,
2112 5871 2218 5912 non
2252 5858 2491 5925 πορνεία.
