4066 6334
607 385 764 441 ’1315

1495 375 2031 437 S.'CLEMENTI‘SI
2069 375 2235 434 “OM.
2276 374 2477 431 PONT.
2518 374 2748 431 OPEBA
2787 376 3012 432 DUBIA.

3732 383 3877 440 i2”)

620 500 670 552 el
691 503 877 553 essent
902 496 1100 568 placita
1130 493 1620 568 pervidendi.Quid
1652 496 1817 564 igitur
1849 496 1934 550 his
1960 496 2053 564 qui
2077 501 2204 548 sunt
2231 496 2275 552 Α
2306 508 2425 561 quae.
2447 492 2514 546 ad
2538 509 2623 547 me
2656 493 2870 546 locutus
2895 501 3000 557 est,
3035 493 3086 547 in
3111 493 3354 550 ordinem
3382 494 3655 565 redigens,
3677 497 3884 554 Iibrum

617 587 953 644 intrinsecus
984 588 1238 642 convenit
1253 588 1300 658 η
1323 588 1429 640 nisi
1470 597 1528 641 ut
1558 602 1625 641 ex
1654 586 1858 641 intimis
1884 587 2196 656 praecordiis

618 680 855 733 clamore
887 679 1120 749 prolato,
1149 678 1414 730 auxilium
1453 677 1709 732 invocent
1737 678 1880 745 ejus,
1913 693 2072 747 quem
2104 691 2194 730 so—

618 767 730 824 lum
758 770 953 824 domus
997 769 1144 822 fumo
1177 769 1382 837 repleta
1426 783 1535 822 non
1575 767 1799 830 claudit,
1842 777 1899 822 ut
1928 766 2192 821 accedens

593 860 824 930 aperiat
865 859 1091 929 januam
1119 859 1338 923 domus,
1372 873 1482 928 quo
1529 861 1704 930 possit
1747 858 1929 912 fumus
1973 857 2190 929 quidem

615 950 709 1021 qui
735 950 1067 1006 intrinsecus
1088 949 1340 1013 habetur,
1368 950 1608 1014 excludi,
1636 950 1729 1004 lux
1755 963 1886 1004 vero
1913 949 2043 1005 solis
2070 963 2193 1019 quae

614 1042 962 1097 extrinsecus
996 1040 1325 1111 resplendet,
1354 1041 1562 1095 induci.

689 1129 830 1189 XVI.
871 1129 1028 1185 Hunc
1055 1146 1185 1200 ergo
1210 1132 1302 1201 qui
1330 1131 1397 1186 ad
1433 1131 1696 1186 auxilium
1718 1131 1932 1197 domus,
1961 1131 2190 1201 caligine

613 1220 954 1290 Ignorantia,
983 1228 1038 1275 et
1064 1221 1319 1276 vitiorum
1370 1221 1517 1276 fumo
1563 1223 1800 1291 repletae.
1833 1221 2186 1292 perquiritur,

613 1313 766 1368 illum
810 1328 934 1368 esse
965 1312 1220 1375 dicimus,
1257 1313 1351 1381 qui
1394 1313 1701 1381 appellatur
1744 1329 1906 1368 verus
1953 1313 2188 1384 prophe—

612 1413 667 1461 ta
699 1405 836 1477 (I5),
870 1406 962 1476 qui
993 1405 1144 1461 solus
1179 1406 1487 1460 illuminare
1522 1406 1731 1459 animas
1765 1405 2047 1472 hominum
2091 1420 2190 1474 po-

611 1503 740 1557 test,
775 1495 849 1548 ita
885 1503 944 1549 ut
975 1495 1151 1549 oculis
1170 1495 1287 1548 suis
1315 1493 1459 1548 viam
1491 1493 1689 1547 salutis
1716 1493 1995 1549 evidenter
2027 1493 2192 1563 inspi-

550 1601 559 1608 ’
611 1582 780 1637 ciant.
810 1581 980 1637 Aliter
1007 1581 1154 1638 enim
1183 1581 1521 1651 impossibile
1548 1590 1667 1647 est,
1698 1580 1766 1636 de
1795 1583 1960 1638 rebus
1988 1581 2189 1638 divinis

609 1673 939 1742 aeternisque
963 1674 1453 1741 cognoscere,siisi
1496 1673 1589 1743 qui
1636 1674 1705 1730 ab
1753 1673 1858 1729 isto
1890 1689 2017 1730 vero
2055 1689 2186 1746 pro-

611 1763 772 1833 pheta
802 1763 1079 1826 didicerit;
1117 1763 1162 1795 “
1180 1765 1305 1834 quia
1336 1765 1475 1820 sicut
1499 1765 1615 1834 ipse
1643 1764 1804 1835 paulo
1832 1772 1959 1820 ante
1986 1781 2187 1821 memo-

2299 581 2368 638 de
2399 599 2527 636 vero
2570 583 2828 652 prepheta
2861 585 3188 654 conscripsi,
3227 603 3462 657 eumque
3493 589 3560 643 de
3593 591 3882 655 Caesarea,

2300 674 2366 727 ad
2399 683 2471 739 te,
2508 675 2628 744 ipso
2661 674 2906 743 jubente,
2939 678 3242 733 transmisi.
3276 677 3498 734 Dicebat
3526 682 3675 734 enim
3721 698 3888 736 man-

2295 765 2482 821 datum
2521 783 2579 821 se
2611 768 2890 836 accepisse
2932 771 3029 824 abs
3070 779 3141 833 te,
3178 777 3235 823 ut
3264 786 3359 839 per
3386 770 3631 841 singulos
3669 788 3879 853 annos,

2294 858 2341 912 si
2372 872 2480 926 qua
2522 865 2708 912 essent
2746 873 2778 913 a
2821 873 2881 914 se
2921 859 3066 914 dicta
3099 867 3381 931 gestaque,
3416 861 3482 916 ad
3514 871 3565 916 te
3594 860 3887 937 descripta

2291 947 2688 1002 transmitteret
2709 947 2774 1002 ⁵⁷.
2812 947 3024 1005 Interea
3056 951 3213 1007 initio
3251 952 3520 1008 sermonis
3566 953 3676 1016 sui,
3711 970 3885 1026 quem

2293 1038 2466 1105 prima
2501 1036 2590 1092 die
2618 1037 2808 1095 habuit
2838 1040 2904 1093 ad
2929 1056 3016 1096 me
3038 1042 3106 1097 de
3135 1058 3264 1098 vero
3289 1043 3552 1114 propheta
3581 1052 3634 1098 ει
3657 1044 3725 1100 de
3752 1048 3885 1106 alii!

2292 1126 2564 1198 plurimis,
2599 1143 2722 1184 cum
2759 1145 2843 1186 me
2872 1131 3226 1188 instruxisset
3265 1135 3581 1204 plenissime
3607 1177 3621 1201 ,
3665 1139 3886 1195 addidit

2292 1220 2456 1274 etiam
2495 1220 2610 1277 haec
2639 1237 2652 1273 :
2685 1219 2854 1290 Vide,
2908 1223 3116 1294 inquit,
3151 1227 3218 1280 de
3247 1227 3477 1298 reliquo,
3510 1240 3564 1287 et
3609 1233 3884 1288 interesto

2292 1311 2616 1368 tractatibus
2652 1312 2789 1368 meis
2817 1331 2832 1380 ;
2874 1329 3035 1383 quos,
3062 1316 3107 1371 si
3137 1318 3359 1384 quando
3389 1325 3692 1379 necessitas
3725 1333 3881 1378 attu-

2291 1401 2435 1464 lerit,
2471 1401 2682 1459 habebo
2720 1421 2844 1462 cum
2877 1406 2964 1467 his
3012 1409 3107 1479 qui
3153 1412 3571 1482 contradicunt;
3606 1417 3884 1472 adversus

2293 1508 2431 1563 quos
2464 1493 2782 1564 disputans,
2809 1498 2972 1552 etiam
2999 1500 3043 1554 si
3078 1499 3218 1558 forte
3249 1493 3478 1565 inferior
3503 1505 3658 1563 visus
3693 1508 3878 1572 fuero,

2290 1598 2401 1640 non
2430 1585 2681 1651 verebor,
2714 1602 2784 1644 ne
2808 1586 2947 1646 forte
2971 1596 3028 1644 tu
3061 1590 3128 1648 de
3151 1591 3261 1657 bis,
3288 1610 3410 1664 qum
3434 1596 3530 1650 tibi
3564 1611 3594 1649 ιι
3625 1612 3714 1651 me
3746 1606 3881 1652 sunt

2290 1676 2513 1743 tradita,
2549 1677 2605 1733 in
2633 1677 2860 1735 dubium
2900 1689 3115 1750 venias,
3158 1681 3288 1755 quia
3317 1687 3532 1743 etiamsi
3572 1704 3675 1759 ego
3721 1691 3880 1745 visus

2291 1766 2447 1824 fuero
2477 1771 2748 1841 superari,
2778 1788 2888 1827 non
2923 1782 3104 1831 tamen
3139 1775 3345 1834 idcirco
3376 1787 3428 1832 et
3449 1794 3536 1843 ea,
3565 1795 3689 1850 quae
3712 1782 3880 1836 nobis

610 1854 795 1919 rabas,
829 1852 960 1912 ﬁdes
988 1867 1168 1910 rerum
1200 1870 1604 1927 causarumque
1639 1857 1944 1920 sententiae,
1974 1871 2072 1926 pro
2104 1856 2189 1913 in-
2219 1856 2264 1912 Β
2291 1875 2454 1921 verus
2483 1863 2748 1933 propheta
2789 1864 3032 1931 tradidit,
3057 1866 3272 1923 inﬁrma
3303 1869 3656 1930 videbuntur.
3700 1872 3882 1944 Spero

609 1946 785 2017 geniis
836 1947 1009 2017 magis
1060 1945 1469 2003 defendentium
1514 1947 1908 2018 ponderantur.
1943 1945 2098 2004 Unde
2133 1955 2187 2003 et

609 2036 800 2093 eadem
830 2052 996 2094 causa
1046 2054 1192 2092 nunc
1236 2039 1387 2108 justa
1410 2078 1424 2101 .
1459 2055 1605 2095 nunc
1633 2047 1854 2108 putatur
1882 2041 2108 2110 injusta,
2135 2051 2189 2097 et

611 2129 758 2200 quod
809 2129 972 2184 modo
1019 2145 1209 2185 verum
1258 2131 1564 2198 videbatur,
1617 2134 1842 2188 alterius
1887 2135 2188 2191 assertione

612 2218 811 2274 falsum
841 2221 1073 2277 videtur.
1105 2222 1212 2276 Ista
1241 2221 1310 2278 de
1358 2237 1524 2294 causa
1561 2223 1839 2294 religionis
1885 2241 1952 2281 ac
2014 2227 2188 2296 picta-

611 2313 684 2369 tis
733 2311 868 2368 ﬁdes
915 2313 1029 2372 veri
1082 2314 1364 2385 propheta:
1402 2317 1751 2387 priesentiam
1779 2317 2094 2389 postulavit,
2127 2325 2186 2374 ut

609 2403 729 2472 ipse
754 2404 913 2458 nobis
938 2402 1141 2460 diceret
1168 2406 1235 2460 de
1269 2405 1519 2476 singulis,
1549 2414 1710 2478 prout
1735 2423 1793 2463 se
1827 2409 1944 2477 ipsa
1984 2410 2186 2466 veritas

608 2492 797 2559 habet,
867 2504 922 2551 et
967 2494 1189 2550 doceret
1230 2496 1502 2566 quomodo
1548 2507 1796 2568 oporteat
1842 2500 1908 2555 de
1955 2501 2184 2572 singuiis

607 2583 778 2641 credi.
805 2584 870 2638 Et
916 2586 1039 2642 ideo
1090 2596 1217 2643 ante
1261 2589 1445 2642 omnia
1491 2589 1650 2645 ﬁdem
1698 2591 1995 2665 prephetm,
2037 2594 2184 2649 omni

607 2690 740 2731 cum
754 2679 1160 2736 examinatione
1179 2689 1394 2751 Oportet
1411 2684 1651 2754 probari;
1671 2701 1830 2755 quem
1848 2701 1972 2740 cum
1988 2701 2186 2757 cogno-

607 2769 751 2825 veris
782 2785 910 2825 vere
936 2786 1058 2826 esse
1087 2773 1431 2843 prophetam.
1449 2775 1517 2830 de
1541 2776 1752 2846 reliquo
1774 2786 1968 2832 cuncta
1989 2778 2038 2832 ei
2065 2793 2183 2835 cre-

605 2857 704 2915 das
737 2867 972 2929 oportet,
1011 2875 1113 2917 nec
1144 2863 1286 2917 ultra
1333 2865 1607 2922 discutere
1655 2883 1780 2923 eum
1826 2884 1923 2938 per
1969 2870 2182 2940 singula

604 2964 727 3020 quae
748 2948 1014 3016 docuerit,
1043 2952 1135 3008 sed
1167 2953 1367 3009 habere
1399 2954 1553 3010 ﬁrma
1583 2966 1635 3012 et
1665 2966 1857 3012 sancta
1883 2974 2005 3030 quae
2028 2960 2180 3026 dicit,

607 3042 841 3111 quaque
874 3042 1125 3112 quamvis
1153 3042 1256 3099 ﬁde
1282 3045 1489 3115 suscipi
1517 3045 1821 3109 videantur,
1869 3049 2182 3106 antehabita

604 3141 788 3187 tamen
837 3131 1160 3203 probatione
1207 3135 1526 3192 creduntur.
1563 3137 1700 3192 Cum
1745 3140 1888 3194 enim
1917 3143 2082 3196 semel
2113 3159 2181 3200 ex

603 3223 760 3278 initio
788 3224 1068 3294 propheta:
1101 3227 1305 3281 veritas
1334 3229 1641 3282 examinata
1679 3231 2006 3298 constiterit,
2053 3233 2181 3289 relic

602 3329 713 3385 qua
744 3314 962 3370 demum
986 3315 1088 3372 ﬁde
1104 3318 1372 3374 audienda
1399 3327 1528 3375 sunt
1558 3329 1612 3376 et
1639 3323 1891 3385 tenenda,
1923 3340 2028 3394 qua
2051 3342 2175 3385 eum

600 3405 883 3461 doctorem
901 3407 1148 3464 veritatis
1170 3425 1290 3464 esse
1313 3410 1426 3479 jam
1453 3419 1687 3469 constat.
1714 3412 1779 3466 Et
1802 3417 1944 3473 sicut
1965 3425 2174 3474 certum

599 3505 706 3562 est,
737 3506 936 3553 cuncta
965 3500 1262 3554 secundum
1284 3501 1527 3558 veritatis
1551 3506 1790 3574 regulam
1814 3506 1985 3560 teneri
2011 3522 2174 3578 opor-

601 3596 736 3653 tere,
770 3605 890 3660 qua:
921 3590 987 3644 ad
1019 3590 1257 3646 divinam
1286 3594 1569 3648 scientiam
1600 3603 1870 3665 spectant,
1904 3598 1976 3652 ita
2006 3600 2171 3656 indu.

602 3683 829 3737 bitatum
855 3688 961 3746 est,
985 3697 1014 3734 a
1044 3683 1196 3736 nullo
1226 3684 1332 3738 alio
1362 3684 1468 3739 nisi
1498 3685 1568 3741 ab
1593 3686 1711 3756 ipso
1743 3691 1861 3743 solo
1891 3690 2016 3743 sciri
2047 3706 2174 3763 pos-

598 3791 679 3842 se,
709 3774 854 3843 quod
884 3789 1074 3830 verum
1106 3786 1209 3831 est.

669 3861 829 3918 XVII.
867 3864 931 3919 Et
961 3866 1046 3920 his
1074 3866 1258 3933 dictis,
1283 3874 1394 3922 tam
1427 3869 1559 3924 mihi
1586 3879 1773 3941 aperte
1795 3879 1848 3928 et
1882 3882 1987 3927 tam
2021 3874 2171 3930 dilu-

596 3953 740 4018 cide,
763 3955 890 4024 quis
920 3957 1022 4010 .'3te
1057 3964 1203 4012 esset
1236 3957 1528 4027 prepheta,
1565 3968 1620 4013 et
1655 3960 1929 4030 quomodo
1958 3960 2170 4018 inveni-

595 4053 768 4109 retur,
800 4047 1072 4116 exposuit,
1105 4055 1162 4102 ut
1183 4063 1282 4117 ego
1313 4047 1443 4102 mihi
1481 4056 1607 4103 ante
1636 4052 1826 4106 oculos
1868 4052 2088 4120 habere,
2113 4063 2167 4114 et

596 4154 761 4194 manu
819 4145 1164 4195 contrectare
1210 4139 1423 4195 viderer
1477 4144 1860 4216 probationes,
1909 4162 2046 4216 quas
2098 4149 2166 4208 de

596 4233 915 4303 prephetica
947 4235 1172 4288 veritate
1214 4212 1556 4305 protulerat,’
1588 4237 1905 4309 ingentique
1926 4212 2166 4314 -stupore

593 4324 877 4394 deﬁgercr,
908 4326 1181 4395 quomodo
1219 4342 1283 4382 ea
1314 4343 1436 4396 qua:
1473 4343 1664 4387 omnes
1701 4340 1988 4402 qumrunt,
2033 4343 2162 4394 ante

593 4417 784 4474 oculos
830 4418 1009 4488 posita
1041 4419 1225 4475 nullus
1261 4420 1428 4478 videt.
1481 4419 1638 4479 Unde
1679 4423 1908 4493 jubente
1953 4443 2041 4495 eo,
2099 4445 2160 4486 ea

2207 3204 2253 3268 C

2291 1957 2474 2008 tamen
2507 1954 2653 2022 quod
2687 1969 2791 2010 nec
2837 1956 2894 2011 in
2936 1956 3404 2028 disputationibus
3443 1977 3798 2032 superemur,
3829 1966 3880 2020 si

2285 2042 2450 2102 modo
2491 2031 2848 2103 rationabiles
2876 2047 2987 2103 sint
3017 2049 3295 2106 auditores
3318 2059 3373 2108 et
3397 2031 3560 2108 amici
3593 2055 3876 2120 veritatis,

2287 2134 2382 2206 qui
2409 2135 2724 2194 discernere
2756 2139 2973 2195 valeant
3002 2143 3110 2199 vim
3153 2143 3507 2215 'speciemque
3549 2147 3877 2216 verborum,

2285 2236 2340 2284 et
2372 2243 2668 2307 agnoscere
2707 2231 2801 2302 qui
2857 2247 3039 2288 sermo
3072 2249 3139 2290 ex
3168 2242 3291 2290 arte
3313 2236 3612 2307 sophistica
3662 2241 3874 2304 veniat,

2285 2334 2396 2375 non
2431 2306 2717 2376 veritatem
2751 2325 3066 2390 continens,
3111 2327 3207 2382 sed
3249 2326 3543 2400 imaginem
3589 2331 3877 2395 veritatis,

2285 2417 2338 2466 et
2368 2411 2463 2482 qui
2512 2413 2584 2468 sit
2621 2414 2713 2486 qui
2762 2415 3085 2486 simpliciter
3143 2434 3208 2475 ac
3255 2419 3375 2476 sine
3417 2420 3542 2476 t‘uco
3581 2424 3872 2493 prolatus,

2285 2517 2504 2559 omnem
2525 2505 2633 2561 vim
2668 2521 2775 2562 non
2808 2509 2862 2562 in
2891 2509 3073 2580 specie
3098 2517 3150 2566 ct
3175 2519 3400 2577 ornatu,
3427 2513 3520 2573 sed
3550 2514 3603 2576 in
3637 2517 3876 2572 veritate

2286 2601 2339 2648 et
2372 2596 2591 2652 ratione
2612 2600 2913 2667 possideat.

2357 2684 2545 2743 XVIII.
2586 2689 2667 2744 Ad
2709 2690 2826 2752 hare
2871 2707 2971 2763 ego
2999 2712 3010 2751 :
3041 2692 3431 2764 Omnipotcnti,
3465 2696 3720 2768 inquam,
3762 2699 3882 2756 Deo.

2287 2780 2493 2848 gratias
2525 2794 2648 2850 ago,
2669 2781 2799 2852 quia
2824 2791 2882 2836 ut
2901 2782 3229 2850 desideravi,
3258 2786 3561 2848 instructus
3580 2805 3727 2847 sum.
3768 2790 3874 2848 Ve-

2285 2876 2596 2926 rumtamen
2641 2869 2709 2927 de
2748 2889 2833 2928 me
2885 2874 2939 2930 in
2989 2883 3199 2933 tantum
3247 2895 3369 2936 esse
3403 2882 3568 2939 debes
3609 2900 3870 2952 securus,

2284 2960 2431 3032 quod
2455 2961 2522 3016 de
2542 2964 2628 3017 his
2653 2979 2774 3034 qua
2798 2965 2962 3046 didici
2988 2971 3087 3026 abs
3111 2980 3185 3035 te,
3211 2972 3264 3026 in
3287 2972 3511 3030 dubium
3542 2980 3728 3036 venire
3755 2999 3870 3040 non

2285 3053 2518 3121 possim,
2553 3064 2613 3109 ut
2645 3057 2689 3112 si
2715 3067 2770 3111 tu
2798 3057 2914 3128 ipse
2943 3061 3076 3116 velis
3108 3063 3404 3135 aliquando
3433 3067 3591 3124 tidem
3623 3088 3804 3128 meam
3837 3090 3876 3128 a.

2284 3158 2415 3198 vero
2465 3146 2729 3215 propheta
2764 3150 3100 3216 transferre,
3129 3158 3352 3213 omnino
3386 3175 3496 3215 non
3525 3163 3744 3232 possis;
3791 3167 3870 3225 ita

2283 3235 2448 3308 pleno
2475 3238 2674 3309 spiritu
2708 3239 2900 3306 hausi,
2931 3256 3052 3313 qua:
3089 3247 3387 3307 tradidisti.
3437 3249 3503 3306 Et
3536 3268 3605 3310 ne
3636 3264 3799 3324 putes
3823 3259 3869 3288 ⁸⁸

2284 3344 2546 3401 magnum
2579 3333 2675 3387 tibi
2717 3348 2804 3388 me
2831 3334 3034 3405 aliquid
3067 3337 3336 3407 polliceri,
3367 3342 3510 3412 quod
3539 3343 3608 3399 ab
3633 3345 3736 3401 hac
3759 3347 3870 3405 ﬁde

2282 3437 2473 3493 negem
2516 3439 2602 3479 me
2640 3440 2802 3495 posse
2835 3428 3158 3495 transferri,
3190 3440 3402 3487 certum
3443 3441 3528 3490 est
3569 3437 3713 3506 apud
3750 3454 3861 3506 me,

2280 3516 2408 3585 quia
2448 3518 2765 3587 quicunque
2805 3519 3086 3582 hominum
3134 3522 3276 3578 hanc
3318 3523 3385 3580 de
3423 3541 3553 3583 vero
3594 3531 3862 3601 prepheta

2280 3607 2555 3676 acceperit
2584 3608 2875 3674 rationem,
2901 3612 3150 3669 dubitare
3176 3615 3317 3670 ultra
3345 3617 3411 3672 de
3433 3617 3657 3676 veritate
3683 3625 3860 3679 nulla-

2280 3703 2440 3753 tenus
2462 3701 2680 3768 poterit.
2706 3700 2770 3755 Et
2790 3702 2912 3758 ideo
2939 3705 3154 3760 conﬁdo
3180 3707 3243 3762 de
3267 3708 3368 3764 hoc
3393 3711 3581 3766 divino
3603 3713 3860 3784 dogmate

2280 3790 2497 3844 caelitus
2530 3790 2771 3856 deﬁnito,
2801 3794 2856 3848 in
2886 3811 2995 3866 quo
3031 3798 3210 3854 omnis
3248 3815 3338 3856 ars
3368 3803 3591 3860 malitiae
3621 3820 3857 3877 supera-

2277 3885 2385 3935 tur.
2444 3881 2722 3941 Adversus
2769 3887 3108 3971 prephetiam
3149 3892 3350 3971 etenim
3392 3910 3571 3966 neque
3613 3913 3705 3953 ars
3747 3903 3857 3957 ulla

2277 3983 2425 4027 stare
2456 3973 2704 4038 suﬁiciet,
2739 3992 2915 4047 neque
2943 3965 3342 4049 sophismatum
3382 3965 3854 4058 syllogismorum-

2274 4079 2381 4133 quo
2402 4068 2674 4122 versutiae.
2711 4067 2819 4124 Sed
2849 4074 3028 4127 omnis
3060 4075 3154 4145 qui
3184 4075 3420 4132 audierit
3449 4080 3516 4136 de
3553 4097 3687 4136 vero
3727 4101 3852 4153 pro-

2274 4154 2455 4224 pheta,
2479 4172 2704 4214 neccsse
2722 4166 2809 4215 est
2827 4169 2885 4213 ut
2909 4165 3092 4217 statim
3116 4164 3446 4222 desiderium
3475 4173 3662 4241 rapiat
3680 4174 3851 4243 ipsius

2273 4248 2518 4304 veritatis
2543 4289 2558 4314 ,
2597 4265 2698 4305 nec
2744 4253 2886 4307 ultra
2918 4255 3021 4310 sub
3061 4260 3355 4317 occasione
3387 4263 3501 4316 veri
3530 4267 3848 4334 qumrendi,

2269 4338 2519 4395 diversos
2548 4343 2786 4411 patietur
2806 4359 3040 4402 errores.
3061 4346 3290 4420 Propter
3311 4353 3475 4423 quod,
3504 4355 3724 4413 domine
3752 4360 3845 4424 ini,

2269 4446 2303 4486 ο
2345 4431 2539 4500 Pctre,
2571 4436 2698 4491 nolo
2727 4438 2811 4494 sis
2841 4439 2984 4493 ultra
3027 4443 3614 4519 sollicitua'tanquam
3665 4449 3734 4505 de
3783 4467 3846 4506 eo

667 4546 1881 4656 ἶρκῗ-ξθρδξιοιῖξξιτρρξεηέιυῇιὶ
1893 4565 2350 4656 cap.:._desunt.in
2383 4577 2618 4656 utroque
2646 4573 2805 4656 codd.
2840 4573 3020 4646 Lipss.
3066 4579 3438 4656 "Vocabula:
3469 4581 3614 4656 Unde
3629 4586 3844 4656 jubeuta

589 4632 748 4707 eo:
776 4623 1152 4707 transmitteret
1204 4639 1314 4679 non
1375 4626 1632 4698 leguntur
1679 4631 1735 4685 in
1776 4623 2155 4707 codd.'Lipss.

593 4686 756 4746 codd.
793 4687 850 4743 Li
858 4706 974 4761 pss.

2271 4639 2316 4672 ⁸⁸
2387 4639 2459 4696 Et
2522 4639 2586 4698 ne
2635 4655 2785 4714 putes
2823 4639 3190 4718 --'pcrveniat
3247 4652 3446 4708 desunt
3497 4655 3553 4710 in
3609 4639 3846 4727 iitroque

1881 4857 2245 4920 COTELERII
2296 4861 2527 4920 ΝΟΤιλΕ.

660 4974 1247 5074 {15Lg'l‘jgpgff‘g‘gi
1257 4998 1407 5074 ferus
1436 4985 1704 5074 propheta.
1725 4986 1953 5045 Locutio
1972 5008 2153 5074 nu_sur-
2182 4998 2228 5054 D
2256 4993 2455 5074 διέπαιξε
2478 4998 2754 5069 Epitomes
2793 5003 2897 5059 ista
2929 5007 3146 5072 omisit,
3171 5009 3450 5066 Catholica
3471 5028 3601 5070 vero
3627 5017 3836 5074 substi-

589 5054 713 5126 pata
756 5049 974 5126 quidem
1011 5051 1079 5102 ab
1110 5051 1400 5126 Ambrosio
1430 5049 1482 5109 in
1515 5049 1710 5126 psalm.
1737 5075 1926 5124 cxvni,
1969 5063 2057 5126 65,
2094 5073 2150 5118 et

589 5117 660 5194 ab
678 5116 1432 5194 auctore__(3_'ommentai‘iorum
1467 5116 1525 5178 iri
1552 5116 1974 5194 Lamentationes
2001 5116 2152 5189 lere;

587 5186 708 5238 mire
734 5187 876 5260 apud
894 5187 1282 5260 Hieronymum
1311 5195 1376 5249 ad
1403 5211 1460 5258 ιι,
1487 5196 1540 5259 9,
1567 5199 1779 5254 merito.
1818 5189 2026 5256 Verum
2047 5186 2152 5258 ﬁsu-

590 5263 774 5336 specta
803 5257 859 5336 in
894 5258 979 5312 his
1010 5257 1255 5336 lib_ris,i_n
1281 5257 1511 5334 epistOla
1529 5257 1603 5319 ad
1636 5267 2005 5336 Jacobum,oin
2033 5257 2154 5329 Cle-

584 5327 866 5410 mentinis,
899 5337 1033 5410 utet
1065 5327 1350 5410 Prop/tetri,
1388 5336 1846 5410 atqueProplieta
1876 5327 2152 5410 varitatisi;

583 5396 712 5463 quia
736 5404 893 5469 jeste
921 5396 1254 5469 Epiphanio,
1287 5396 1477 5460 haeresi
1510 5407 1600 5469 50,
1632 5396 1866 5463 Ebionaei
1899 5396 2157 5469 Periodo:

582 5479 704 5519 rum
720 5463 879 5547 _Petri
905 5463 1365 5547 Clementinarum
1403 5463 1840 5547 interpolatores,
1864 5463 2146 5538 Christum

582 5536 921 5660 Eophetam,
955 5549 1006 5595 et
1050 5543 1367 5611 prophetam
1409 5536 1656 5601 veritatis
1693 5536 1966 5618 appellare
2007 5536 2150 5610 Sole:-

656 5613 745 5660 ηιε
782 5605 942 5660 quasi
960 5625 1168 5660 merum
1202 5613 1504 5660 hominpm-
1541 5617 1688 5660 invia
1723 5625 2148 5660 nmnmnntarin.

656 5605 942 5685 M;_q_uasi
960 5605 1168 5685 merum
1200 5613 1506 5685 hominem;
1535 5617 1692 5685 juxta
1722 5605 2148 5685 argumentatio-

581 5690 704 5728 nem
755 5675 1051 5758 fluendo“,
1101 5685 1156 5736 in
1193 5684 1394 5758 eodem
1442 5675 1744 5758 Epiphanio
1785 5675 1982 5747 haeresi
2034 5675 2142 5758 57747,

580 5760 731 5833 num,
756 5748 811 5810 ὅ,
832 5747 1163 5833 yebmique
1189 5753 1243 5807 in
1267 5753 1422 5833 Nilg,
1447 5747 1934 5833 tib.'I,_epist:4I27,
1960 5770 2010 5816 et
2035 5747 2150 5833 opi1

580 5816 795 5875 nionem
829 5816 1160 5882 Esseuorum
1193 5825 1333 5891 apud
1365 5816 1734 5887 P’hilastr'iu'm.
1770 5816 2145 5892 Unde'aucvtror

2255 5068 2378 5158 iuit.
2406 5068 2584 5158 Atque
2624 5089 2691 5158 e‘x
2736 5074 2860 5156 istis
2895 5068 3192 5158 castigabis
3227 5096 3491 5158 errorem,
3519 5068 3838 5158 seu—potius

2255 5137 2621 5218 ignorantiam
2661 5142 2763 5198 hac
2802 5145 2856 5199 in
2871 5137 3078 5272 lparte",
3120 5150 3342 5208 Davidis
3384 5137 3836 5219 Blondelliivviri

2255 5211 2393 5264 alias
2421 5208 2748 5272 doctissimi.
2774 5215 2829 5269 in
2919 5219 3278 5272 roleaomenis
3313 5223 3379 5272 ad
3417 5226 3836 5272 nseudmlsidn.

2255 5209 2393 5294 alias
2421 5208 2748 5294 doctissimi,
2774 5215 2835 5294 in
2871 5208 3278 5294 Iiroleg'omenis
3308 5223 3379 5294 ad
3416 5208 3836 5294 pseudoLI'sid'o;

2256 5292 2398 5345 rum,
2423 5294 2545 5349 cap.
2579 5282 2663 5359 II,
2888 5282 3129 5359 Denique
3160 5291 3266 5347 huc
3298 5282 3477 5348 facere
3508 5282 3725 5353 videtur
3747 5282 3831 5353 id-

2255 5363 2362 5439 eqs.
2404 5353 2928 5439 corruptuslsidori
2967 5353 3218 5439 libi-vui}
3257 5361 3555 5439 Originum,
3603 5383 3725 5439 cap.
3763 5371 3826 5426 5.:

2260 5417 2522 5510 L-‘bt'om'tre
2544 5417 2811 5510 σιτίὶιυφ
2830 5444 2920 5510 per
2939 5417 3243 5510 prophetarit
3271 5417 3465 5510 solum,
3490 5417 3830 5510 seruati-'1';

2254 5499 2393 5541 stum
2420 5501 2608 5559 putant
2635 5493 3279 5619 eiectuha,inisi'doceret
3302 5495 3541 5559 Histaria
3580 5493 3828 5563 ετίίεὲἳα-

2254 5559 2386 5612 stica
2407 5575 2438 5612 a
2472 5560 2673 5616 Ruﬁno
2701 5581 2876 5619 versa.
2915 5570 2998 5619 egi
3028 5571 3258 5619 debere-
3288 5571 3556 5619 Christum
3588 5595 3680 5619 πρι-
3705 5597 3828 5619 πη..

2250 5559 2386 5648 ειεξιτ
2407 5575 2438 5612 a
2472 5560 2673 5648 Iiuﬁno
2701 5559 2998 5648 ve.rsa,7Ie_gi
3028 5571 3258 5635 debere,
3288 5571 3557 5648 Christum
3584 5559 3828 5648 per

2248 5629 2442 5721 fartim:
2475 5632 2680 5721 solum,
2723 5629 2892 5721 pirum
2924 5629 3132 5721 j‘t'tstum
3169 5629 3358 5721 patqnt
3398 5629 3673 5714 επαιυῖγῇ
3704 5629 3828 5721 rquo

2248 5657 2442 5696 ,cuum
2480 5657 2680 5700 wmm,
2723 5657 2892 5690 mrum
2924 5657 3132 5708 Justum
3169 5657 3358 5765 fetant
3398 5657 3673 5714 elfertum,
3717 5667 3823 5721 quo

2248 5699 2611 5792 modos-tiam
2642 5707 3126 5792 quidamnveieres
3193 5713 3293 5767 ibri
3336 5730 3471 5792 mss.
3510 5725 3823 5792 apocrypha

2248 5766 2502 5861 {Epistoipg
2523 5766 2734 5861 Lentuli
2754 5793 2767 5842 ;
2784 5779 2850 5861 in
2881 5766 3473 5861 orthodoxographis—t
3503 5766 3610 5861 ᾇέἷ

2251 5855 2281 5891 a
2312 5841 2548 5909 gentibus
2581 5841 2828 5915 propheta
2851 5851 3110 5908 ueritatis.
