4066 6334
184 430 321 487 ﬁt?

1443 422 2012 484 RECOGNITIONUM
2052 422 2179 479 ΗΒ.
2216 424 2254 479 ἰ.

178 546 270 617 qui
313 543 522 600 nesciat
561 544 692 614 quid
725 543 1028 612 acceperit,
1094 542 1159 596 ct‘
1187 554 1450 613 quantum
1481 543 1585 598 sibi
1612 555 1764 597 com-
1868 548 1923 595 et
1956 554 1987 594 a
2012 555 2145 610 quo,
2168 547 2223 595 et
2247 554 2346 610 per
2373 552 2535 610 quem
2569 536 2651 593 vel
2688 543 2913 609 propter
2937 550 3131 607 quem;
3167 542 3353 590 utrum
3383 534 3454 591 ab

177 639 409 692 missum
445 636 519 691 sit
550 636 831 701 muneris;
875 643 1063 689 certus
1107 646 1260 703 esto,
1295 636 1441 706 quod
1480 635 1675 691 scienti
1709 643 1764 691 et

177 728 503 799 intelligenti
544 727 775 799 gratiam
829 726 1147 791 contulisti,
1190 743 1290 783 nec
1336 727 1495 783 facile
1535 741 1762 797 possum

171 820 382 893 decipi,
418 834 521 892 pro
550 835 617 875 eo
655 819 833 889 quod,
876 835 999 891 quae
1045 820 1141 875 diu
1190 819 1607 883 desiderabam,
1651 821 1763 877 cito

171 915 361 969 videor
394 912 646 983 adeptus.
680 909 870 968 Potest
917 913 1067 968 enim
1110 914 1227 969 fieri
1260 922 1321 968 ut
1355 914 1497 969 alius
1543 912 1765 969 deside-

169 1021 299 1062 rans
328 1006 441 1062 cito
475 1004 838 1076 adipiscatur,
861 1005 1004 1062 alius
1038 1021 1142 1063 nec
1173 1005 1331 1063 tarde
1359 1005 1428 1061 ad
1450 1006 1763 1063 desiderata

168 1098 481 1168 perveniat.
1578 1112 1585 1125 ’

233 1187 381 1244 XIX.
423 1187 490 1243 Et
531 1187 763 1255 Petrus,
802 1188 891 1245 his
922 1205 952 1244 a
980 1205 1069 1246 me
1099 1191 1305 1248 auditis
1335 1210 1347 1245 :
1388 1188 1606 1246 Gratias
1637 1206 1759 1263 ago,

166 1281 377 1351 inquit,
418 1278 532 1335 Deo
578 1296 724 1348 meo,
752 1290 806 1338 et
837 1298 935 1354 pro
968 1284 1149 1339 salute
1180 1292 1301 1347 tua,
1331 1292 1385 1339 et
1428 1300 1527 1354 pro
1574 1284 1764 1355 requie

166 1387 319 1440 mea;
355 1372 515 1427 valde
548 1374 694 1429 enim
724 1375 991 1443 delector,
1043 1377 1171 1447 quia
1213 1376 1553 1433 intellexisse
1590 1385 1642 1431 te
1680 1377 1763 1430 vic

161 1464 289 1529 deo,
335 1474 544 1537 quanta
578 1467 653 1522 sit
685 1470 910 1524 virtutis
957 1469 1293 1540 prophetica:
1324 1468 1664 1540 magnitudo,
1707 1477 1762 1524 et

162 1559 292 1629 quia
322 1600 335 1623 ,
379 1567 438 1614 ut
477 1562 561 1616 ais
581 1600 595 1625 ,
629 1576 731 1616 nec
755 1562 802 1616 si
833 1578 934 1633 ego
961 1564 1077 1633 ipse
1100 1562 1316 1633 cupiam
1339 1604 1353 1629 ,
1394 1563 1542 1633 quod
1580 1562 1756 1619 absit!

160 1653 361 1721 potero
401 1660 455 1709 te
484 1660 857 1710 transvertere
890 1655 945 1709 in
980 1656 1143 1709 aliam
1186 1654 1363 1711 fidem.
1403 1654 1482 1709 Ex
1520 1655 1622 1711 hoc
1644 1656 1758 1724 jam

162 1744 351 1815 incipe
402 1761 527 1803 esse
574 1746 897 1811 nobiscum,
949 1754 1003 1803 et
1058 1748 1305 1802 crastina
1354 1746 1443 1803 die
1492 1748 1758 1804 interesto

159 1834 642 1909 disputationibus
673 1841 923 1907 nostris;
956 1841 1062 1896 erit
1108 1842 1255 1896 enim
1304 1842 1439 1896 mihi
1474 1852 1757 1898 certamen

158 1948 288 1987 cum
326 1930 554 1989 Simone
579 1931 755 2006 Mago.
788 1933 1037 2004 Cumque
1068 1935 1183 1989 inec
1213 1934 1466 2000 dixisset,
1500 1938 1751 2004 secessit,

158 2036 217 2081 ut
252 2027 443 2083 cibum
466 2034 684 2098 caperet
708 2042 834 2082 eum
865 2028 982 2083 suis
1008 2027 1147 2099 (l6),
1181 2043 1268 2083 me
1292 2035 1475 2083 autem
1504 2044 1755 2084 seorsum

154 2121 309 2176 vesci
342 2118 533 2189 jussit.
584 2118 652 2173 Et
700 2130 823 2190 post
863 2118 1049 2175 cibum
1090 2135 1213 2173 cum
1262 2120 1479 2174 laudem
1514 2120 1759 2177 dedisset

155 2210 269 2266 Deo
299 2220 361 2267 et
386 2214 591 2282 gratias
623 2212 846 2282 egisset,
880 2212 1043 2267 etiam
1076 2212 1241 2282 hujus
1264 2213 1437 2283 ipsius
1467 2212 1593 2267 facti
1626 2214 1759 2270 milii

156 2301 405 2357 reddidit
437 2305 729 2367 rationem,
760 2311 815 2359 et
846 2304 1077 2368 addidit,
1112 2304 1303 2361 dicens
1333 2322 1345 2358 :
1386 2304 1487 2361 Det
1516 2305 1616 2362 tibi
1648 2305 1757 2363 Do-

154 2394 347 2450 minus
396 2384 691 2465 exaequari
722 2397 882 2453 nobis
929 2397 988 2451 in
1038 2398 1337 2463 omnibus,
1392 2407 1451 2454 ut
1499 2409 1757 2471 percepto

153 2484 490 2557 baptismate
520 2490 703 2557 possis
742 2488 809 2542 ad
854 2490 1101 2544 eamdem
1132 2490 1423 2545 nobiscum
1455 2494 1757 2549 convenire

154 2593 431 2634 mensam.
473 2579 537 2634 Et
573 2580 659 2636 bis
702 2580 903 2646 dictis,
935 2578 1223 2652 quiescere
1262 2600 1350 2639 me
1392 2586 1591 2655 jussit;
1640 2586 1755 2656 jam

152 2672 302 2723 enim
344 2671 408 2725 ad
454 2687 707 2727 somnum
734 2680 788 2728 et
816 2684 1013 2730 natura
1044 2679 1317 2748 corporis,
1349 2688 1402 2733 et
1434 2679 1577 2733 ratio
1610 2688 1753 2734 tem-

156 2762 317 2831 poris
355 2762 645 2821 invitabat.

222 2853 351 2912 XX.
393 2855 622 2913 Postera
660 2873 787 2915 vero
815 2861 904 2916 die
935 2863 1241 2918 matutinus
1262 2862 1327 2917 ad
1352 2880 1454 2919 nos
1488 2865 1761 2932 ingredie-

150 2946 319 3004 luatur
345 2948 661 3019 Zacciizeus,
686 2962 740 3007 et
772 2968 898 3008 cum
934 2956 1248 3019 salutasset,
1275 2956 1361 3010 ait.
1384 2957 1448 3011 ad
1481 2956 1707 3013 Petrum
1737 2976 1751 3011 :

152 3042 349 3100 Differt
379 3044 568 3100 Simon
598 3047 919 3103 certaminis
956 3045 1100 3103 diem
1133 3048 1189 3102 in
1219 3050 1565 3104 undecimam
1600 3068 1756 3107 inen—

153 3137 229 3192 sis
286 3139 617 3207 praesentis,
674 3157 795 3211 qua:
852 3150 939 3196 est
994 3152 1117 3211 post
1158 3153 1367 3213 septem
1403 3143 1538 3199 dies.
1596 3142 1751 3200 Tunc

1866 647 1999 699 uno,
2029 646 2100 686 an
2140 631 2443 696 a'duobus,
2478 646 2545 685 an
2593 646 2625 685 ι
2672 630 2863 684 multis
2895 644 3154 700 accepere
3188 630 3451 686 substan-

1867 723 2033 790 tiam;
2065 731 2121 780 et
2156 732 2342 778 utrum
2371 737 2438 778 ex
2473 723 2642 778 nullis
2674 722 3061 779 substantibus
3083 765 3097 787 ,
3141 737 3210 777 an
3240 738 3305 777 ex
3347 722 3451 775 ali-

1865 816 2066 887 quibus
2106 825 2326 889 sumpta
2374 817 2520 882 sint,
2567 825 2621 873 et
2668 815 2966 884 adornata;
3007 825 3121 871 tum
3175 816 3223 873 si
3268 816 3452 885 aliqua

1866 910 2041 967 virtus
2081 920 2165 966 est
2194 912 2252 965 in
2280 910 2591 974 altissimis,
2620 916 2715 964 aut
2753 910 2810 963 in
2837 908 3104 975 infernis;
3142 907 3191 963 si
3231 917 3317 963 est
3352 908 3454 961 ali-

1866 1001 1997 1073 quid
2032 1004 2228 1058 melius
2259 1003 2541 1067 omnibus,
2574 1010 2667 1057 aut
2696 1001 2914 1057 cunctis
2941 1000 3209 1065 inferius;
3243 1002 3289 1055 si
3322 1007 3453 1056 sunt

1866 1095 2032 1166 aliqui
2062 1102 2269 1159 motus,
2308 1104 2400 1150 aut
2427 1096 2595 1161 nulli;
2629 1097 2675 1151 si
2705 1096 2821 1150 haec
2849 1110 2970 1166 quae
2991 1095 3267 1157 videntur,
3294 1104 3452 1149 erant

1866 1202 2104 1259 semper,
2142 1197 2199 1245 et
2227 1196 2434 1257 erunt;
2486 1189 2531 1245 si
2579 1191 2843 1245 exstitere
2888 1188 3039 1243 nullo
3082 1182 3366 1259 cperante,
3398 1195 3452 1242 et

1865 1280 2018 1335 nullo
2055 1268 2303 1337 solvente
2333 1282 2667 1336 dilabentur.
2708 1281 2789 1345 Si,
2824 1282 3068 1352 inquam,
3102 1296 3166 1335 ex
3209 1281 3295 1336 his
3342 1280 3449 1335 ini-

1865 1373 2000 1428 tium
2030 1375 2308 1444 acceperit
2356 1374 2688 1445 disputatio,
2714 1382 2848 1445 puto
2873 1373 3019 1443 quod
3050 1389 3115 1428 ea
3149 1388 3271 1443 quae
3301 1386 3450 1443 quae

1864 1474 2076 1531 rentur,
2109 1466 2361 1537 diligenti
2396 1467 2807 1522 examinatione
2850 1467 3107 1521 discussa
3142 1464 3302 1519 facile
3340 1464 3454 1517 cla-

1863 1568 2102 1615 rescant.
2140 1559 2279 1613 Cum
2325 1566 2508 1615 autem
2552 1560 2669 1614 haec
2717 1560 3017 1614 claruerint
3045 1598 3058 1623 ,
3091 1573 3281 1614 eorum
3330 1572 3453 1626 qua:

1864 1661 2193 1723 sequuntur,
2216 1652 2270 1707 in
2300 1662 2555 1724 promptu
2582 1653 2886 1724 reperietur
2917 1652 3144 1723 agnitio.
3179 1650 3292 1721 Ego
3317 1650 3451 1721 quid

1864 1746 2130 1801 senserim
2160 1746 2400 1817 protuli;
2432 1745 2566 1817 quid
2589 1748 2763 1801 etiam‘
2784 1746 2884 1800 tibi
2908 1747 3179 1810 videatur,
3205 1745 3452 1800 indicare

1862 1853 1931 1893 ne
1958 1839 2155 1907 pigeat.

1934 1929 2076 1985 XXI.
2113 1930 2195 1985 Ad
2226 1931 2343 1987 haec
2380 1929 2579 1987 Petrus
2615 1946 2628 1982 :
2676 1931 2807 1997 Dic,
2850 1930 3058 2004 inquit,
3098 1932 3317 1989 interim
3361 1930 3450 1987 Si—

1861 2024 2041 2092 moni,
2075 2024 2237 2079 faciat
2272 2034 2332 2079 ut
2360 2026 2522 2091 libet,
2562 2033 2747 2081 certus
2805 2028 2971 2097 quod,
3024 2026 3213 2081 divina
3261 2026 3453 2081 Provi-

1861 2116 2048 2172 dentia
2079 2118 2347 2189 largiente
2369 2157 2384 2181 ,
2416 2135 2632 2189 semper
2680 2136 2780 2175 nos
2815 2120 3053 2175 inveniet
3109 2127 3347 2191 paratos.
3385 2118 3452 2172 Et

1861 2212 2161 2269 Zacclizeus
2206 2212 2579 2285 quidemquae
2612 2215 2884 2280 audierat,
2926 2229 3185 2283 egressus
3230 2220 3312 2268 est
3360 2210 3450 2264 Si-

1861 2308 2011 2361 moni
2044 2308 2315 2363 nuntiare.
2354 2306 2553 2364 Petrus
2595 2324 2728 2363 vero
2763 2308 3067 2379 respiciens
3111 2307 3179 2360 ad
3224 2321 3363 2369 nos,
3398 2309 3451 2358 et

1861 2397 2173 2470 intelligens
2200 2400 2585 2454 contristatum
2625 2416 2712 2456 me
2740 2416 2863 2456 esse
2898 2415 2995 2471 pro
3024 2399 3286 2453 dilatione
3321 2412 3449 2451 cer-

1862 2493 2118 2557 taminis,
2174 2494 2290 2547 ait:
2322 2493 2426 2559 Qui
2478 2494 2655 2549 credit
2705 2493 2906 2550 sumini
2956 2493 3050 2549 Dei
3102 2495 3449 2565 providentia

1858 2583 2171 2654 dispensari
2204 2585 2493 2651 mundum,
2525 2602 2637 2640 non
2678 2586 2860 2651 debet,
2897 2602 2931 2641 0
2970 2588 3145 2643 amice
3170 2567 3447 2654 Clemens,

1858 2674 1926 2731 de
1951 2678 2185 2747 singulis
2216 2692 2338 2747 quae
2369 2692 2589 2749 quoque
2634 2681 2795 2734 modo
2827 2680 3106 2746 accidunt,
3148 2698 3447 2752 aSpernan-

1858 2775 1943 2825 ter
1966 2770 2235 2840 accipere,
2269 2780 2455 2827 certus
2483 2771 2628 2842 quod
2650 2773 2865 2843 iustitia
2886 2772 3004 2839 Dei,
3030 2776 3193 2830 etiam
3218 2792 3303 2839 ea,
3329 2793 3449 2847 quae

1858 2862 2136 2932 superﬂua
2167 2863 2430 2919 videntur
2454 2872 2552 2917 aut
2581 2866 2881 2928 contraria.
2908 2868 2963 2920 in
2993 2882 3330 2939 unoquoque
3360 2887 3452 2925 no-

1858 2954 2009 3023 gotio
2062 2964 2379 3026 opportuno
2431 2956 2581 3010 exitu
2631 2960 3075 3029 competentique
3128 2961 3446 3030 dispensat,

1857 3049 2135 3120 praecipue
2178 3058 2361 3105 tamen
2402 3066 2531 3121 erga
2564 3044 2658 3106 eos
2718 3052 2815 3121 qui
2848 3068 2973 3107 eum
3004 3052 3327 3109 familiarius
3358 3071 3454 3110 co-

1858 3143 2008 3209 lunt;
2040 3148 2095 3196 et
2127 3141 2308 3197 ideo”
2342 3144 2436 3213 qui
2478 3144 2546 3198 de
2583 3143 2702 3208 bis,
2738 3154 2798 3198 ut
2844 3145 2979 3210 dixi,
3029 3154 3215 3201 certus
3254 3158 3359 3213 est,
3401 3148 3448 3203 si

128 3220 299 3283 enim
338 3233 509 3301 magis
542 3246 774 3286 vacuum
818 3233 925 3287 sibi
971 3233 1316 3304 disceptandi
1358 3248 1571 3306 tempus
1608 3238 1752 3293 atlir-
1779 3246 1824 3305 (ι
1859 3234 1990 3306 quid
2022 3235 2239 3289 eveniat
2270 3244 2463 3291 contra
2502 3236 2856 3301 sententiam,
2892 3239 3043 3292 novit
3090 3253 3189 3307 pro
3215 3256 3279 3294 c0
3311 3254 3449 3293 tne:-

154 3330 287 3377 mat.
322 3321 429 3378 Sed
454 3334 506 3378 et
528 3326 662 3379 mihi
682 3325 898 3380 videtur
921 3330 1426 3397 eoruperendinatio
1448 3332 1567 3393 eius
1588 3333 1753 3389 etiam

155 3415 323 3470 nobis
366 3432 491 3471 esse
530 3419 881 3485 necessaria,
914 3428 972 3473 ut
1014 3422 1205 3490 plures
1255 3426 1611 3487 conveniant,
1661 3429 1755 3495 qui

152 3507 549 3578 disputationis
582 3520 783 3567 nostra
813 3513 895 3566 vel
928 3512 1208 3568 auditores
1240 3518 1323 3570 vel
1351 3516 1569 3583 judices
1598 3518 1751 3573 fiant.

158 3596 555 3657 Verumtamen
593 3602 637 3657 si
668 3604 953 3672 probabile
986 3606 1083 3660 tibi
1131 3606 1362 3671 videtur,
1400 3608 1544 3663 inter
1572 3627 1755 3668 moras

152 3706 239 3755 ea,
274 3707 399 3762 qua:
442 3693 497 3747 in
543 3698 978 3752 controversiain
1020 3698 1208 3755 venire
1248 3716 1409 3769 posse
1440 3704 1750 3772 opinamur,

152 3782 298 3838 inter
325 3785 693 3858 nosmetipsos
722 3788 875 3857 prius
896 3788 1349 3857 discutiamus,et
1375 3797 1756 3866 unusquisque

151 3886 434 3944 nostrum,
466 3896 589 3939 (εικῆ
625 3898 748 3950 qua:
777 3884 1131 3953 proponenda
1164 3886 1273 3939 sint
1298 3899 1350 3941 et
1377 3903 1497 3957 quae
1522 3905 1754 3959 respon-

155 3967 364 4029 denda,
399 3970 739 4041 cognoverit,
781 3972 924 4041 apud
956 3974 1314 4042 semetipsum
1351 3985 1669 4045 pertractet,
1706 3978 1753 4033 si

150 4069 305 4115 recte
336 4077 395 4115 se
426 4061 683 4127 habeant,
718 4077 813 4117 aut
838 4066 885 4119 si
917 4066 1166 4121 invenire
1196 4070 1397 4137 poterit
1419 4070 1627 4139 aiiquid
1649 4070 1751 4124 ad-

152 4154 439 4209 versarius
467 4154 615 4226 quod
642 4156 888 4225 objiciat,
923 4167 1017 4211 aut
1040 4175 1149 4229 quo
1178 4160 1393 4228 objecta
1427 4160 1747 4221 frustretur.

152 4246 209 4300 Si
244 4262 376 4301 vero
409 4262 477 4301 ex
503 4249 652 4303 omni
688 4249 878 4316 latere,
915 4266 1038 4321 qua:
1070 4267 1100 4304 a
1130 4253 1289 4307 nobis
1320 4253 1554 4308 dicenda
1590 4266 1745 4321 sunt,

146 4338 416 4393 claruerit
447 4354 573 4395 esse
602 4342 835 4405 munita,
871 4343 945 4396 ita
972 4343 1193 4399 demum
1230 4346 1570 4403 conﬁdenter
1600 4367 1750 4420 qure-

150 4432 351 4487 stionis
400 4432 618 4487 ineatur
666 4435 977 4489 exordium.
1037 4435 1102 4490 Et
1138 4440 1360 4507 quidem
1390 4441 1433 4469 δ”
1462 4456 1584 4495 mea
1633 4444 1748 4499 haec

146 4531 233 4577 est
284 4528 589 4592 sententia,
640 4530 786 4597 quod
838 4539 963 4583 ante
1001 4531 1183 4585 omnia
1228 4533 1436 4603 requiri
1472 4510 1745 4605 oporteat,

148 4617 282 4685 quid
322 4618 395 4672 sit
421 4616 667 4673 Omnium
718 4620 995 4690 primum,
1054 4625 1257 4693 quidve
1318 4628 1739 4696 immediatum,

145 4712 294 4779 quod
326 4712 490 4767 etiam
522 4728 745 4769 causam
778 4731 900 4771 esse
930 4717 1175 4772 omnium
1205 4735 1327 4790 qua:
1352 4736 1499 4789 sunt,
1536 4725 1743 4779 docen-

144 4802 276 4858 dum
304 4812 421 4872 est;
454 4805 651 4863 deinde
682 4818 880 4863 cuncta
921 4825 1043 4880 qua:
1082 4822 1236 4877 sunt,
1271 4815 1317 4869 si
1370 4812 1515 4870 facta
1569 4830 1699 4873 sunt
1726 4859 1739 4881 ,

228 4944 387 4999 "Et

143 5016 306 5073 codd.
352 5017 534 5089 Lipss.

1859 3344 2040 3383 rorem
2072 3327 2139 3384 de
2177 3330 2377 3385 animis
2408 3331 2699 3400 expellere,
2736 3331 2946 3385 meliori
2978 3334 3249 3387 sententia
3281 3334 3451 3386 mani~

1860 3419 2061 3476 festum
2095 3422 2326 3485 habens,
2365 3423 2511 3493 quod
2536 3423 2948 3494 dispensatione
2972 3424 3102 3479 boni
3136 3423 3250 3490 Dei,
3283 3427 3447 3479 etiam

1857 3514 2003 3585 quod
2032 3517 2371 3569 contrarium
2406 3525 2650 3585 putatur,
2687 3524 2935 3571 vertatur
2972 3518 3027 3571 in
3062 3519 3270 3573 melius.
3309 3517 3448 3573 Pro-

1858 3618 1979 3680 pter
2008 3608 2175 3679 quod,
2210 3622 2243 3662 o
2274 3608 2553 3672 Clemens.
2584 3608 2905 3663 etiamnunc
2938 3624 3048 3663 non
3077 3620 3128 3664 te
3158 3612 3448 3667 contristet

1858 3702 1997 3771 Magi
2032 3701 2278 3758 Simonis
2306 3702 2410 3755 ista
2434 3701 2645 3756 dilatio.
2673 3702 2852 3756 Credo
2875 3704 3021 3756 enim
3050 3704 3198 3772 quod
3230 3719 3324 3772 per
3354 3703 3445 3759 Dei

1855 3795 2257 3866 providentiam
2302 3802 2519 3864 gestant
2571 3795 2641 3848 sit
2695 3793 2762 3847 ad
2814 3793 3108 3849 utilitatem
3154 3803 3337 3859 tuam,
3386 3801 3448 3847 ut

1859 3893 2065 3963 possim
2107 3893 2207 3947 ti'bi
2256 3893 2527 3946 rationem
2562 3891 2687 3945 ﬁdei
2725 3902 2957 3955 nostrzn,
2996 3891 3049 3944 in
3089 3890 3194 3945 hac
3238 3901 3444 3961 septem

1856 3986 2069 4039 dierum
2112 3984 2717 4053 comperendinatione,
2746 3986 2952 4053 abs-que
2994 3984 3177 4053 aliquo
3212 3985 3475 4054 strepitu-

1807 4140 1811 4145 ,
1857 4095 1955 4151 per
1983 4079 2234 4132 ordinem
2262 4092 2430 4133 consc
2454 4085 2669 4147 [uenter
2693 4092 2965 4145 exponere
2994 4075 3294 4129 secundum
3328 4085 3444 4129 tra-

1854 4172 2121 4227 ditionem
2143 4171 2186 4201 ⁷¹
2220 4170 2333 4224 veri
2368 4170 2668 4239 prophetat,
2692 4171 2786 4239 qui
2820 4170 2971 4223 solus
2996 4170 3118 4237 scit,
3152 4186 3272 4239 qua:
3301 4168 3445 4223 facta

1855 4276 2020 4331 sunt,
2057 4272 2115 4317 ut
2149 4266 2292 4318 iacta
2326 4263 2459 4325 sint,
2497 4272 2550 4317 et
2582 4279 2703 4333 quae
2736 4264 2893 4325 fiunt,
2930 4270 2987 4315 ut
3032 4264 3181 4325 tiam,
3217 4279 3445 4332 quaeque

1852 4363 2055 4419 erunt,
2111 4366 2167 4409 ut
2217 4364 2411 4420 erunt;
2466 4370 2589 4423 quo:
2638 4362 2821 4408 tamen
2875 4353 3165 4406 manifeste
3223 4355 3442 4422 quidem

1852 4450 2021 4514 dicta,
2046 4465 2156 4503 non
2182 4458 2365 4502 tamen
2392 4447 2685 4501 manifeste
2716 4447 2921 4516 scripta
2948 4456 3095 4511 sunt,
3126 4447 3175 4499 Eu
3206 4454 3441 4509 tantum,

1855 4550 1914 4597 ut
1938 4557 2062 4596 cum
2096 4543 2376 4611 leguntur,
2412 4541 2643 4610 intelligi
2674 4539 2795 4593 sine
2828 4533 3141 4608 expesi'tore
3174 4556 3281 4593 non
3318 4556 3444 4607 pos-

1854 4637 1967 4691 sint
2009 4644 2233 4705 propter
2272 4642 2562 4705 peccatum
2591 4632 2735 4703 quod
2768 4632 3073 4685 coadolevit
3106 4631 3441 4696 hominibus,

1854 4730 1999 4784 sicut
2028 4728 2283 4797 superius
2316 4728 2574 4782 diximus.
2619 4725 2829 4779 Idcirco
2864 4725 3030 4793 igitur
3068 4723 3443 4792 explanabnn-

1854 4828 1946 4877 ιω·
1972 4820 2067 4875 tibi
2105 4836 2201 4891 per
2231 4836 2315 4875 me
2354 4819 2563 4885 omnia,
2596 4825 2657 4871 ut
2688 4817 2741 4871 in
2778 4816 2862 4871 his
2890 4833 3011 4886 qua:
3045 4816 3249 4885 scripta
3293 4824 3441 4881 sunt,

413 4946 1021 5050 σξξάεηιτῑ-ἑερενὶςῖιιτ
1043 4956 1251 5050 μσηιὶβὶρ
1292 4974 1398 5012 non
1435 4961 1758 5032 iegunturin
1790 4976 2022 5038 utroque
2052 4969 2214 5024 codd.
2234 4965 2411 5037 Lipss.
2492 4968 2538 4999 ⁷ο
2580 4965 2649 5019 1L:
2678 4965 2923 5020 idco—in
2949 4961 3132 5018 melius
3163 4958 3361 5013 dcsuul
3389 4960 3443 5012 in

709 5024 1007 5076 Secundum
1040 5024 1714 5105 traditionem—agnoscas
1756 5024 1957 5095 desuni
1989 5040 2047 5096 in
2077 5040 2236 5096 codd.
2288 5024 2471 5109 Lipss.

1460 5204 1828 5281 COTELERII
1878 5210 2112 5267 noris.

214 5361 623 5437 (16)_Secessit,
652 5374 711 5418 ut
742 5362 916 5437 cibum
944 5380 1151 5437 caperet
1172 5388 1290 5424 cum
1314 5372 1445 5433 suis,
1472 5381 1578 5427 etc.
1608 5372 1742 5429 Pas-

144 5430 419 5513 εηῄηξέξεο
469 5430 1040 5513 ᾼέΡάμΑῑξιαη-ιξείιιιίι
1088 5438 1211 5497 Lib.
1259 5442 1349 5513 Ide
1412 5430 1737 5513 uirginitate,

144 5522 203 5593 ρ..
240 5504 379 5593 1052
416 5520 431 5559 :
474 5506 606 5593 :Egi‘)
633 5507 687 5559 δὲ
718 5508 914 5590 ερρερῇ
952 5506 1339 5593 κατηχουμέινλῃ
1387 5515 1446 5593 ὲκ(
1470 5504 1741 5593 {pag-reg,

144 5578 221 5647 μὴ
260 5576 604 5647 συνευχὲᾳὸω
640 5575 912 5647 petisti»?
952 5575 1345 5647 πιστῶν,ὀὺδὲ
1384 5586 1455 5647 μὴ
1502 5575 1702 5645 ὲαθίσὲῗ

144 5646 338 5715 φάγείν
366 5646 460 5698 τὸν

143 5733 219 5783 Vl,
248 5732 371 5786 cap.
412 5716 484 5772 92

682 5580 777 5629 ετὰ
804 5580 912 5631 τῶν
952 5580 1345 5656 πιςτῶνίοὺδὲ
1384 5586 1455 5656 μὴ
1502 5580 1746 5650 adﬂigat}

553 5648 684 5768 vos;
712 5663 804 5700 dou
842 5653 957 5719 μετ’
989 5648 1179 5722 αὐτῆς.
1212 5648 1611 5724 Capitularium
1647 5648 1739 5711 lib.

553 5750 561 5768 ι
601 5735 667 5768 on
699 5720 853 5768 liceat
886 5720 1171 5768 (molientis
1204 5740 1322 5768 Cum
1354 5728 1739 5768 nnlprlmmpm's

513 5720 667 5775 :Non
699 5720 853 5772 liceat
886 5720 1171 5787 baptizatus
1204 5720 1323 5777 cmn
1354 5728 1741 5782 catechumenis

147 5788 495 5851 manducare,
517 5804 611 5841 nec
630 5790 865 5842 arratum
895 5793 971 5846 eis
1002 5793 1149 5857 dare,
1184 5794 1261 5848 vel
1287 5814 1375 5849 are
1399 5797 1509 5851 illis
1531 5798 1739 5852 dicere:

144 5867 343 5927 quanto
397 5860 1277 5937 magian-cuntFerrommunicatis
1336 5876 1401 5920 ab
1475 5872 1739 5937 episcopo,

146 5940 237 5985 aut
267 5944 383 5985 sum
415 5928 694 6000 gentilibus
715 5935 738 5987 ἱ)
774 5930 1073 6003 Epist‘frptis
1106 5945 1284 5991 tamen
1314 5956 1435 5992 cum
1466 5928 1742 5994 (ζ’ῡιιείίιιιῖ

1837 5379 1976 5455 tino
2001 5379 2334 5455 imperatore
2356 5374 2623 5455 “nondum
2666 5374 2942 5455 baptizato
2982 5375 3247 5455 epulatos
3265 5371 3443 5455 fuisse.

1851 5452 2012 5525 testis
2054 5446 2172 5525 est“
2191 5451 2312 5525 lide_
2336 5449 2859 5525 dignus__l:3u__sebius,
2882 5446 3263 5525 nquamvismei.
3301 5446 3438 5525 nolit

1850 5522 2079 5577 credere
2128 5515 2470 5592 Nicephorus
2536 5520 2815 5592 Callistus.
2849 5518 2985 5592 bed
3037 5515 3435 5592 et__Cli_ris_t.iani

1852 5592 2007 5646 multi
2042 5608 2151 5647 non
2192 5585 2329 5647 adeo
2364 5606 2393 5645 ει
2428 5591 2655 5661 paganis
2688 5590 3075 5661 rel'ugicliarn:_
3102 5585 3256 5661 Unde
3288 5585 3436 5639 Non-

1852 5678 1977 5717 nam
2012 5674 2241 5716 matrem
2277 5656 2443 5717 suam
2477 5656 2661 5717 laudat
2700 5656 2997 5729 Gregorius
3032 5656 3431 5719 Nazianzenus,

1849 5732 1995 5801 quod
2040 5735 2225 5788 cibum
2274 5749 2399 5789 cum
2440 5733 2710 5787 idolorum
2750 5730 3054 5785 cultoribus
3089 5743 3433 5801 communem

1851 5799 2129 5874 nunquam
2168 5804 2449 5867 habuerit,
2503 5820 2605 5857 nec
2648 5803 2882 5874 gentilis
2916 5801 3130 5874 femina:
3180 5799 3435 5874 inanibus

1848 5870 2097 5932 dextiam
2127 5875 2397 5946 iujrcerit,
2442 5884 2533 5929 aut
2565 5870 2713 5931 labra
2752 5872 2919 5928 labris
2952 5870 3253 5928 niisrucrit.
