4050 6336
677 364 818 420 ﬁll)

1562 359 1614 413 S.
1656 357 2050 412 CLEMENTIS
2092 358 2109 410 l
2147 357 2312 412 ROM.

2354 352 2556 409 PONT.
2595 350 2822 406 OPUH
2859 349 3085 402 DL’BIA.
3813 347 3928 402 ,ρει

672 477 910 534 dilucide
963 491 1083 546 qum
1141 477 1213 530 sit
1258 474 1526 529 sententia
1579 474 1907 544 Iegislatoris
1951 489 2237 542 agnoscas.
2270 478 2316 533 Α
2347 487 2451 524 non
2483 469 2686 528 omnia,
2719 467 2846 535 quia
2879 475 3137 532 tanquam
3167 463 3457 517 vernacula
3489 463 3710 518 animae
3735 479 3865 517 mea:
3883 471 3923 518 et

741 567 906 621 XXII.
938 568 1183 638 Cumque
1216 566 1330 619 haec
1369 566 1619 631 dixisset,
1649 581 1920 634 exponere
1966 566 2094 617 mihi
2127 565 2241 615 sin-

671 660 796 730 gula
838 660 905 715 de
955 660 1078 720 bis.
1141 675 1261 728 qua:
1306 659 1360 712 in
1408 657 1710 726 quaestione
1749 671 1872 711 esse
1917 656 2240 709 videbantur

668 748 804 819 legis
834 749 1089 820 capitulis
1124 749 1289 817 ccepit
1314 788 1327 811 ,
1358 748 1426 802 ab
1455 741 1611 800 initio
1657 758 1922 800 creatura-3
1963 761 2134 815 usque
2172 745 2236 797 ad

670 841 724 896 id
751 841 1035 910 temporis,
1062 856 1171 910 quo
1197 840 1264 893 ad
1289 855 1410 894 eum
1442 839 1746 892 Cmsaream
1771 838 2059 892 devolutus
2091 852 2232 890 sum.

667 931 793 986 Hzcc
825 931 959 985 mihi
1003 933 1215 993 dicens,
1256 931 1447 985 dilatio
1478 930 1717 984 Simonis
1751 930 2011 992 contulit,
2054 937 2112 982 ut
2141 943 2236 998 per

665 1024 913 1078 ordinem
939 1032 1138 1077 cuncta
1163 1037 1571 1093 cognoscerem.
1605 1024 1775 1085 Alias,
1808 1023 2003 1092 inquit,
2035 1036 2233 1076 secun-

666 1113 794 1167 dum
837 1130 898 1168 ea
942 1129 1063 1184 qua:
1108 1115 1487 1184 opportunitas
1529 1115 1800 1169 sermonis
1842 1113 2108 1178 attulerit,
2164 1112 2234 1166 de

665 1202 896 1272 singulis
927 1204 1256 1272 quibusque,
1293 1220 1414 1273 quae
1436 1219 1582 1257 nunc
1612 1203 2051 1273 compendiosius
2091 1203 2233 1256 dixi-

664 1310 808 1355 mus,
853 1294 1019 1349 latius
1047 1296 1402 1359 disseremus,
1437 1305 1496 1350 ut
1525 1296 1824 1352 secundum
1865 1312 1926 1350 ea
1953 1311 2075 1366 quae
2111 1296 2230 1366 pol-

661 1385 845 1441 Iicitus
895 1403 1014 1442 sum
1061 1384 1182 1450 tibi,
1226 1390 1440 1458 plenius
1465 1389 1532 1444 de
1553 1390 1806 1444 omnibus
1829 1389 2231 1458 perfectiusque

659 1493 959 1552 cognoscas
981 1481 1049 1534 ".
1096 1481 1234 1546 Quia
1260 1496 1390 1551 ergo
1435 1481 1696 1536 hodierna
1746 1481 1923 1534 adhuc
1945 1480 2104 1534 nobis
2132 1496 2228 1534 su-

659 1581 840 1641 perest
862 1572 1000 1636 dies,
1034 1589 1097 1627 ex
1125 1573 1207 1626 his
1238 1588 1358 1642 qum
1387 1573 1552 1627 dilata
1585 1581 1733 1636 sunt,
1767 1575 1890 1628 volo
1915 1573 2013 1627 tibi
2037 1590 2230 1630 rursus

656 1678 720 1717 ea
748 1679 869 1732 quae
903 1663 1048 1718 dicta
1074 1679 1202 1720 sunt
1230 1665 1468 1719 breviter
1492 1666 1710 1728 iterare,
1742 1672 1802 1719 ut
1827 1664 2000 1736 magis
2031 1665 2128 1720 tibi
2161 1666 2226 1720 ad

659 1754 977 1808 memoriam
1031 1763 1380 1811 revocentur.
1427 1754 1491 1809 Et
1539 1756 1665 1810 exin
1713 1756 1877 1827 cmpit
1923 1755 2027 1811 hoc
2067 1758 2228 1812 modo

2343 561 2581 628 ingenita
2607 559 2797 612 effecta
2831 566 2979 620 sunt,
3015 572 3135 626 qua:
3160 556 3367 610 dixisti.
3393 554 3647 609 Nimium
3685 558 3833 610 enim
3862 559 3922 610 si-

2341 652 2496 706 tienti
2538 651 2670 704 mihi
2701 650 3083 704 dulcissimum
3115 649 3370 718 poculum
3411 649 3746 716 porrexisti.
3781 647 3842 701 Et
3868 666 3920 702 ne

2338 744 2582 814 putes“,
2616 742 2760 811 quod
2790 757 2973 795 rerum
3000 741 3306 803 immemor,
3338 741 3519 794 verbis
3551 750 3606 794 te
3637 755 3918 811 occupem,

2332 835 2444 902 jam
2481 849 2630 886 nunc
2674 848 2798 902 qua:
2825 833 2973 886 dicta
3003 839 3132 885 sunt
3164 831 3217 884 in
3251 833 3575 884 memoriam
3607 832 3915 892 revocabo;

2337 925 2392 979 in
2421 941 2533 995 quo
2566 939 2653 977 me
2681 923 2981 992 plurimum
3010 922 3164 991 juvat
3194 920 3330 974 ordo
3359 920 3765 990 disputationis
3803 930 3912 974 tum.

2335 1014 2549 1069 Etenim
2600 1015 2728 1084 quia
2781 1021 3186 1082 consequenter
3219 1010 3424 1064 directa
3460 1019 3588 1066 sunt
3632 1021 3694 1066 et
3736 1012 3916 1065 librate

2333 1105 2606 1167 ordinata,
2641 1121 2763 1175 quae
2797 1104 2962 1166 dicis,
2987 1101 3193 1156 idcirco
3221 1111 3274 1155 et
3309 1101 3467 1156 facile
3495 1103 3562 1156 ad
3591 1102 3911 1156 memoriam

2331 1199 2543 1253 ordinis
2587 1197 2674 1251 sui
2720 1195 2880 1250 lineis
2925 1202 3275 1248 revocantur.
3315 1191 3541 1246 Multum
3575 1208 3826 1262 namque
3855 1193 3911 1244 ad

2330 1288 2732 1344 recordandum
2783 1285 3008 1356 prodest
3049 1285 3188 1339 ordo
3240 1284 3555 1352 dictorum;
3605 1301 3742 1340 cum
3775 1287 3907 1339 enim

2331 1381 2572 1435 recolere
2609 1381 2822 1450 singula
2864 1393 2961 1448 per
3007 1378 3453 1447 consequentiam
3503 1379 3785 1448 cmperis,
3830 1377 3907 1429 ubi

2330 1472 2535 1541 aliquid
2568 1471 2744 1537 deest,
2780 1470 2965 1525 statim
2997 1484 3194 1525 sensus
3230 1468 3481 1537 inquirit,
3509 1477 3563 1521 et
3594 1484 3727 1521 cum
3767 1468 3907 1520 inve-

2329 1564 2491 1626 nerit,
2529 1569 2731 1625 servat,
2778 1568 2874 1614 aut
2915 1567 3086 1622 certe,
3119 1559 3165 1614 si
3198 1559 3531 1630 investigare
3552 1560 3853 1629 nequierit,
3877 1573 3901 1609 a

2329 1655 2598 1724 magistro
2628 1654 2909 1724 requirere
2940 1668 3050 1707 non
3083 1651 3305 1723 pigebit.
3343 1650 3447 1706 Sed
3486 1667 3555 1707 ne
3586 1667 3802 1705 moram
3832 1650 3903 1704 fa-

2328 1745 2467 1799 ciam
2499 1747 2554 1798 in
2586 1744 2862 1800 reddendo
2881 1759 2944 1799 ea
2971 1758 3091 1814 qua:
3121 1743 3304 1813 poscis
3328 1758 3357 1796 a
3387 1759 3492 1809 me,
3519 1754 3766 1798 retexam
3790 1743 3902 1796 bre-

656 1846 932 1899 mentibus
977 1845 1113 1901 meis
1145 1847 1403 1901 innovare
1433 1863 1553 1916 qua:
1597 1825 1811 1901 dixerat
1847 1866 1860 1901 ε
1907 1845 2222 1914 Meministi,
2257 1825 2299 1879 Β
2327 1840 2467 1894 viter
2492 1853 2613 1908 quae
2650 1837 2717 1892 de
2753 1837 3000 1892 veritatis
3029 1837 3347 1892 deﬁnitione
3375 1836 3675 1894 tradidisti.

653 1950 688 1988 o
715 1936 892 1990 amice
936 1936 1222 1998 Clemens,
1255 1954 1376 2007 quae
1405 1938 1537 1992 mihi
1572 1938 1734 1992 fuerit
1775 1939 1842 1994 de
1883 1948 2087 1996 aeterno
2123 1956 2225 1995 sa:-

652 2026 798 2089 culo,
815 2043 878 2082 ac
913 2027 1073 2082 ﬁnem
1103 2031 1694 2091 nescientemarratio?
1715 2029 1851 2083 Tum
1882 2047 1982 2101 ego
2017 2031 2222 2096 :Nihil,

652 2117 898 2188 inquam,
933 2135 966 2173 ο
1006 2118 1184 2184 Petre,
1222 2121 1515 2190 aliquando
1546 2122 1823 2190 retinebo,
1853 2123 1898 2178 si
1934 2123 2037 2180 hoc
2066 2124 2227 2178 omit-

653 2216 768 2264 tere
798 2216 891 2264 aut
919 2209 1169 2265 oblivisci
1203 2219 1452 2280 potuero.

721 2298 914 2355 XXIII.
947 2300 1015 2355 Et
1043 2300 1239 2357 Petrus
1283 2303 1519 2360 libenter
1561 2311 1663 2358 bac
1701 2319 1820 2358 mea
1865 2304 2224 2374 responsione

650 2401 940 2461 suscepta:
975 2390 1234 2448 Gratulor
1261 2395 1378 2458 tibi,
1415 2396 1611 2464 inquit,
1645 2395 1791 2464 quod
1823 2397 1896 2449 ita
1926 2397 2223 2467 responde-

649 2481 752 2545 ris,
775 2490 829 2536 et
857 2497 968 2538 non
990 2483 1138 2554 quod
1159 2484 1274 2539 bzec
1307 2486 1424 2555 ipsa
1455 2485 1615 2542 facile
1641 2486 1794 2544 dicas
1815 2489 1880 2551 ⁷³,
1917 2488 2011 2542 sed
2037 2496 2090 2543 te
2119 2504 2225 2543 me-

649 2573 879 2629 minisse
907 2576 1236 2644 protuleris;
1265 2592 1387 2647 quae
1417 2579 1562 2633 enim
1591 2595 1804 2633 summa
1830 2590 1978 2647 sunt,
2002 2580 2224 2635 silentio

649 2662 910 2719 honorari
948 2666 1163 2720 volunt.
1215 2667 1298 2722 Ad
1331 2666 1490 2722 ﬁdem
1535 2677 1717 2724 tamen
1755 2686 1974 2734 eorum,
2003 2687 2126 2737 quae
2155 2671 2223 2726 de

647 2754 1018 2813 inell‘abilibus
1039 2757 1466 2827 meministi,dic
1489 2775 1612 2830 qua:
1641 2761 1845 2816 retines
1873 2777 1935 2816 ex
1969 2761 2075 2827 bis,
2099 2778 2223 2833 quae

645 2847 705 2904 In
733 2848 855 2904 loco
886 2850 1130 2905 secundo
1178 2865 1209 2904 a
1250 2851 1412 2907 nobis
1451 2851 1594 2906 dicta
1645 2863 1792 2916 sunt,
1836 2870 1958 2924 qua:
1987 2847 2218 2926 proferri

649 2937 810 2996 facile
851 2949 1088 3011 queunt,
1135 2950 1194 2996 ut
1239 2944 1529 3014 pervidens
1562 2948 1909 3002 tenacitatem
1943 2948 2222 3004 memoriae

649 3035 778 3098 tute,
808 3030 875 3084 de
898 3031 1100 3110 quibus
1131 3032 1276 3096 volo,
1304 3041 1612 3104 promptms
1643 3036 1741 3091 tibi
1775 3036 2032 3103 indicem,
2069 3048 2123 3095 et
2157 3040 2221 3094 li-

645 3119 838 3176 benter
857 3123 1116 3191 aperiam.
1139 3120 1278 3177 Tum
1290 3137 1412 3194 ego,
1433 3125 1524 3182 ubi
1546 3126 1751 3182 adverti
1769 3143 1891 3182 eum
1910 3130 2216 3186 auditorum

645 3213 907 3267 memoria
935 3213 1192 3283 gaudere,
1224 3213 1344 3269 Non
1375 3217 1573 3282 solum,
1603 3218 1847 3288 inquam,
1882 3220 2214 3278 definitionis

646 3307 752 3355 tua":
790 3316 999 3357 memor
1037 3319 1191 3371 sum,
1223 3306 1318 3360 sed
1356 3313 1411 3360 et
1458 3307 1834 3376 prtelinitionis
1879 3312 2047 3378 illius,
2093 3331 2216 3385 quae

645 3393 773 3439 ante
800 3387 1166 3444 deﬁnitionem
1199 3392 1375 3460 posita
1417 3403 1520 3458 est,
1544 3401 1598 3449 et
1634 3397 1879 3452 omnium
1923 3415 2061 3469 pene
2091 3417 2214 3472 qua

645 3476 972 3545 exposuisti,
1001 3492 1224 3532 sensum
1273 3481 1546 3552 integrum
1577 3500 1768 3554 servo,
1801 3489 2016 3545 etiamsi
2047 3491 2209 3546 verba
2239 3522 2246 3533 ι

2245 3171 2291 3232 C

700 3598 870 3696 _Ut
894 3613 1778 3696 .segundunt—cogttoscasdesunt
1818 3623 1872 3677 in
1913 3624 2072 3680 codd.
2107 3625 2284 3696 Lipss.

2397 1926 2589 1983 XXIV.
2637 1926 2769 1981 Erat
2799 1942 3040 1997 semper,
3073 1935 3128 1982 et
3162 1934 3268 1994 est,
3315 1935 3372 1982 et
3415 1929 3520 1983 erit
3565 1929 3706 1982 illud
3740 1943 3770 1981 a
3800 1943 3898 1998 quo

2325 2017 2502 2088 prima
2524 2018 2780 2073 voluntas
2809 2017 2991 2088 genita
3028 2018 3464 2086 sempiternitate
3493 2028 3736 2085 constat,
3763 2027 3814 2074 et
3840 2035 3896 2072 ex

2325 2112 2502 2181 prima
2553 2111 2834 2164 voluntate
2883 2109 3080 2164 iterum
3136 2111 3390 2165 voluntas
3422 2110 3557 2182 (l7).
3605 2109 3744 2165 Post
3794 2111 3898 2164 haec

2325 2203 2586 2265 mundus,
2620 2218 2686 2256 ex
2719 2201 2923 2256 mundo
2951 2207 3188 2271 tempus,
3223 2217 3287 2254 ex
3317 2203 3419 2255 hoc
3455 2201 3745 2255 hominum
3770 2203 3898 2255 mul-

2325 2296 2523 2359 titudo,
2543 2312 2608 2350 ex
2634 2293 2982 2352 multitudine
3003 2295 3199 2350 electio
3226 2295 3548 2358 amicorum,
3579 2310 3646 2349 ex
3673 2311 3892 2364 quorum

2325 2388 2688 2461 unanimitate
2709 2385 2998 2471 paciﬁcum
3022 2373 3368 2440 construitur
3402 2385 3494 2440 Dei
3524 2402 3774 2456 regnum.
3803 2386 3894 2438 lle-

2325 2481 2472 2550 quua
2503 2477 2668 2545 vero,
2700 2493 2820 2547 quae
2860 2477 2974 2532 haec
3002 2477 3274 2547 consequi
3328 2477 3629 2538 deberent,
3672 2478 3810 2532 alias
3850 2487 3896 2529 te

2324 2572 2458 2626 mihi
2498 2573 2778 2626 dicturum
2813 2585 2936 2625 esse
2966 2570 3317 2640 promiseras.
3349 2566 3481 2622 Post
3510 2567 3651 2630 haec,
3686 2582 3812 2621 cum
3835 2567 3895 2619 de

2323 2672 2576 2719 creatura
2599 2663 2787 2717 mundi
2811 2661 3187 2732 exposuisses,
3208 2658 3578 2714 deﬁnitionem
3599 2657 3718 2723 Dei,
3741 2674 3893 2730 quam

2323 2756 2378 2811 in
2407 2765 2709 2826 conspectu
2745 2754 2992 2810 omnium
3016 2753 3320 2823 primorum
3355 2753 3675 2822 angelorum
3710 2751 3776 2806 de
3805 2767 3896 2807 sua

2321 2850 2608 2905 voluntate
2637 2848 2912 2921 promisit,
2955 2861 3228 2917 quamque
3264 2852 3522 2900 aeternam
3555 2845 3731 2912 legem
3769 2860 3896 2899 cun-

2321 2944 2428 2998 ctis
2448 2943 2661 3007 statuit,
2684 2941 2968 3010 intimasti,
2995 2949 3050 2996 et
3070 2939 3216 3012 quod
3239 2939 3348 2995 duo
3373 2954 3541 3011 regna
3560 2939 3674 3011 (l8)
3695 2941 3893 3010 posuit,

2321 3034 2608 3108 praesentis
2638 3031 2761 3087 dico
2801 3031 3068 3100 temporis
3093 3038 3148 3085 et
3177 3029 3367 3092 futuri,
3395 3036 3452 3084 et
3481 3039 3730 3099 tempora
3762 3031 3896 3083 utri-

2320 3141 2430 3196 que
2476 3125 2788 3188 constituit,
2821 3122 3130 3193 statuitque
3169 3121 3476 3191 exspectari
3502 3121 3701 3191 judicii
3730 3120 3891 3184 diem,

2323 3232 2485 3286 quam
2509 3216 2624 3285 ipse
2649 3213 2916 3277 definivit,
2945 3213 3002 3268 in
3029 3228 3137 3283 qua
3164 3209 3411 3266 habenda
3444 3211 3513 3266 sit
3542 3226 3750 3274 rerum,
3784 3214 3896 3265 ani-

2323 3324 2650 3378 tuarumque
2677 3306 2962 3370 discretio,
2994 3312 3055 3358 ut
3095 3303 3246 3374 impii
3273 3302 3493 3373 quidem
3529 3317 3629 3373 pro
3658 3304 3896 3373 peccatis

2322 3401 2440 3454 suis
2473 3400 2583 3469 igni
2621 3398 2911 3456 tradantur
2939 3404 3167 3459 aeterno,
3200 3394 3252 3448 bi
3286 3410 3416 3449 vero
3463 3394 3556 3464 qui
3595 3393 3894 3449 secundum

2318 3490 2657 3547 voluntatem
2690 3488 2995 3542 conditoris
3021 3485 3117 3542 Dei
3154 3486 3388 3566 vixerint
3407 3524 3421 3548 ,
3453 3499 3552 3556 pro
3580 3485 3742 3540 bonis
3771 3501 3893 3556 ope-

2359 3627 2408 3658 ⁷³
2468 3637 2518 3678 et
2547 3642 2650 3679 non
2682 3623 2892 3693 quod—
2911 3621 3130 3676 libenter
3155 3619 3387 3693 aperiam
3417 3616 3617 3693 desunt
3637 3617 3892 3693 _in_c_odd.

644 3677 821 3766 Eiplss.
894 3682 1088 3766 “'Qttzn
1115 3677 1418 3754 sequuniur
1439 3705 1612 3762 usque
1641 3693 1709 3748 ad
1739 3695 1828 3748 illa
1855 3677 2071 3765 cap.f5~5'
2093 3677 2357 3751 illibata
2384 3716 2399 3753 :
2422 3677 2730 3766 animi,
2758 3710 2865 3752 non
2887 3696 3142 3763 leguntur
3162 3677 3218 3745 in
3244 3698 3480 3758 utroque
3509 3688 3678 3744 codd.
3703 3685 3888 3758 Lipss.

647 3748 782 3804 Vide
808 3748 1022 3820 praefat.

1912 3913 2283 3971 COTELERII

720 4058 843 4130 (ιη
880 4057 944 4110 Et
977 4075 1044 4112 es;
1078 4060 1250 4128 prima
1291 4060 1777 4130 votuntate_iterum
1823 4064 2086 4113 uoluntas.
2144 4059 2218 4114 Dc

650 4127 786 4187 Filio
813 4127 1065 4185 Clemens
1101 4129 1505 4198 Alexandrinus
1549 4127 1769 4198 l’wdag.
1798 4145 1883 4188 ιιι,
1909 4145 2030 4198 cap.
2065 4131 2162 4184 ult.
2199 4148 2212 4183 :

645 4199 850 4270 ἀγαθοῦ
882 4199 1093 4272 Πατρδς
1129 4197 1652 4272 ἀγαθδνβοιὲημαί
1672 4197 1882 4272 δινοηιη
1906 4214 1959 4261 v,
1993 4215 2044 4268 ι).
2067 4200 2169 4272 547
2198 4219 2210 4254 ε

646 4267 856 4342 Θέλημα
888 4267 1378 4342 πανὲοκρατορρκόν
1395 4286 1407 4296 ’
1429 4267 1822 4342 Tertullianus,
1856 4269 1936 4342 De
1952 4267 2209 4342 oratione,

647 4339 826 4414 capi}
848 4364 873 4414 ξ
902 4341 1021 4408 Ipse
1049 4339 1436 4414 eratpoluntas
1455 4351 1502 4414 et
1522 4349 1752 4414 potestas
1781 4339 1985 4414 Patris.
2015 4341 2070 4394 In
2093 4339 2216 4414 Ot'i-

648 4409 808 4482 geite,
838 4410 914 4466 De
935 4411 1204 4480 principiis
1226 4451 1240 4475 ,
1266 4418 1321 4462 et
1351 4411 1473 4482 alibi
1509 4428 1521 4464 :
1557 4409 1733 4463 Natus
1767 4410 2045 4482 ex_Patre.
2078 4413 2214 4464 velut

648 4480 887 4537 uoluntas
942 4499 1007 4536 ea:
1055 4491 1222 4534 mente
1269 4481 1570 4548 procedens.
1632 4481 1782 4546 Apud
1831 4480 2211 4542 Athanasium,

2333 3915 2566 3972 NOTIE.

2323 4058 2431 4112 Deo
2460 4076 2572 4112 esse
2602 4059 2740 4130 quod
2757 4058 2938 4131 Arelle;
2969 4059 3074 4113 had
3091 4059 3240 4123 velle,
3265 4057 3403 4131 quod
3443 4075 3650 4129 sapere,
3683 4070 3740 4116 et
3772 4064 3890 4118 relic

2323 4145 2451 4199 qua.
2477 4129 2630 4195 Quod
2653 4131 2719 4183 ad
2749 4129 3006 4199 Spiritum
3031 4129 3524 4199 sanctumspectat,
3550 4133 3888 4188 commodum

2325 4197 2377 4252 in
2398 4197 2728 4255 Bibliotheca
2757 4197 2922 4270 [{egia
2955 4202 3079 4256 cod.
3113 4216 3218 4256 ms.
3255 4197 3415 4272 5026,
3448 4201 3594 4272 istud
3622 4201 3889 4272 fragmen-

2321 4277 2436 4324 tum
2470 4280 2659 4325 nostro
2689 4269 2988 4340 ascriptum
3013 4273 3217 4326 inveni.
3254 4269 3390 4325 Illud
3423 4269 3735 4338 rejecimus'
3754 4275 3887 4328 intra

2324 4341 2377 4395 in
2410 4343 2709 4411 subjectam
2735 4342 3193 4411 Rccognitionibus
3216 4342 3562 4412 Appendicem
3583 4340 3889 4399 Monumen-

2321 4421 2516 4474 torum,
2551 4428 2700 4465 num.
2734 4414 2784 4467 1.

2394 4480 2507 4554 (18)
2549 4482 2668 4534 Duo
2701 4482 3078 4554 regnaLQund
3119 4479 3232 4538 haec
3273 4480 3584 4554 similiaque
3611 4485 3887 4554 complura

647 4562 788 4634 orat.
816 4553 850 4606 3
878 4563 931 4607 et
953 4553 1228 4634 ρηξοηιιςα
1251 4552 1498 4634 Attianos,
1524 4566 1577 4620 p.
1604 4549 1730 4634 4.02,
1892 4569 1918 4634 εΔ
1938 4551 2218 4634 ﬂentque}
2249 4553 2294 4607 D
2322 4549 2526 4634 iit-istis
2542 4549 2866 4634 apocryphis
2895 4549 3593 4634 Ebionismumredoleant,
3615 4549 3886 4634 auctorem

647 4624 857 4693 Θὲλημα
887 4621 980 4674 τοῦ
1017 4623 1245 4693 Πατρός.
1285 4622 1776 4693 Siniiliaquelegas
1805 4620 2068 4693 Victorthi
2091 4620 2215 4674 ’Δί’τί

649 4694 741 4748 lib.
765 4690 808 4755 't',
841 4694 1087 4746 adversus
1125 4690 1334 4754 Arium,
1366 4690 1613 4746 Faustini
1653 4692 1864 4746 diaconi
1896 4691 1962 4743 ad
1992 4690 2219 4745 Flaccil-

648 4765 777 4824 Iam,
816 4762 1001 4832 Cyrilli
1045 4763 1394 4818 Alexandrini
1424 4772 1611 4815 contra
1640 4761 2215 4829 Anthropomorphitas,

647 4849 769 4903 cap.
800 4835 886 4895 l4,
931 4843 984 4888 et
1029 4835 1283 4895 aliorum,
1317 4834 1384 4887 de
1425 4833 1624 4902 quibus
1667 4832 2027 4903 Hieronymus
2066 4832 2218 4885 initio

647 4902 1169 4958 Commentariorum
1205 4905 1256 4957 in
1295 4903 1588 4972 Epistolam
1619 4902 1688 4954 ad
1716 4902 1987 4971 Ephesios,
2019 4911 2074 4958 et
2106 4903 2217 4955 Au-

646 4974 902 5044 gustinus
921 4992 1019 5044 Axv,
1058 4975 1128 5028 De
1153 4974 1439 5036 Trinitate,
1486 4973 1575 5035 20,
1609 4988 1820 5027 necnon
1846 4975 2077 5027 duarum
2096 4989 2218 5043 syn-

647 5042 877 5097 odorum
909 5042 1327 5107 Toletanarum,
1380 5045 1601 5098 decima:
1631 5045 1833 5112 quinta:
1880 5059 1944 5096 ac.
1991 5042 2217 5097 decimis

649 5123 833 5168 sextae.
865 5113 1068 5171 Prioris
1099 5118 1253 5170 locus
1288 5117 1341 5167 in
1370 5117 1513 5169 binis
1537 5115 1744 5168 levibus
1769 5115 1980 5168 mendis
2009 5115 2211 5167 cubat:

646 5183 935 5238 Diximus:
981 5186 1236 5239 Voluntas
1280 5186 1455 5255 genuit
1493 5185 1812 5237 uoluntatem
1837 5223 1852 5244 .
1884 5186 2017 5255 sicut
2048 5194 2096 5236 et
2126 5200 2215 5235 sa—

646 5256 842 5312 Dientia
864 5259 1200 5326 sapientiam.
1239 5254 1390 5322 Quod
1425 5255 1504 5308 vir
1539 5256 1630 5307 ille
1669 5256 1936 5309 incuriosa
1978 5254 2212 5308 lectionis

650 5335 1042 5380 transcursione
1061 5330 1386 5397 praeteriens,
1409 5326 1728 5397 existimavit
1757 5326 1866 5397 ha’c
1897 5327 2016 5393 ipsa
2043 5326 2214 5397 nenii-

649 5412 738 5459 κα,
767 5398 824 5450 id
839 5393 1133 5464 asulege'in
1152 5408 1243 5450 aut
1260 5396 1852 5466 potiusjuxta,errandi
1873 5397 2092 5450 occasio
2112 5393 2214 5447 fuit

652 5466 907 5538 brevians
930 5467 1233 5538 Scriptura)
1254 5467 1551 5531 relativum,
1577 5476 1669 5518 aut
1686 5466 2212 5538 secundum_t_:ompa-

650 5537 905 5592 rationem
926 5535 1168 5592 humanm
1193 5535 1379 5591 mentis
1419 5553 1513 5590 nos
1543 5537 1796 5604 posuisse.
1824 5545 1931 5590 etc.
1968 5535 2079 5588 Nos
2111 5550 2212 5587 att-

652 5618 752 5661 tem
803 5625 904 5663 non
952 5611 1235 5662 secundum
1289 5610 1423 5661 hanc
1479 5610 1920 5674 comparationem
1969 5607 2212 5658 humata

651 5681 858 5742 mentis,
885 5696 972 5731 nec
996 5681 1278 5733 secundum
1299 5679 1596 5740 relativum,
1623 5679 1709 5730 sed
1734 5679 2017 5731 secundant
2037 5692 2212 5729 essen-

652 5749 781 5800 tiam
832 5751 1101 5803 diximus:
1140 5750 1391 5804 Voluntas
1428 5764 1492 5803 ea:
1531 5748 1830 5807 voluntate,
1869 5750 2003 5800 sicut
2036 5757 2084 5800 et
2122 5763 2212 5798 sa-

655 5821 848 5882 pientia
871 5835 935 5875 ex
964 5822 1244 5889 sapientia.
1276 5819 1385 5873 Hoc
1411 5822 1548 5872 enim
1575 5834 1638 5872 ea:
1665 5817 1853 5890 (dubio
1891 5818 2078 5888 procul
2108 5817 2208 5888 est)

2321 4625 2517 4693 damus
2548 4623 2911 4693 Epiphanium
2945 4624 3217 4681 haereseos
3245 4624 3392 4693 illius
3424 4630 3603 4693 capite
3644 4623 3713 4676 16
3747 4645 3760 4679 ;
3792 4628 3888 4679 Δύο

2317 4691 2374 4744 δέ
2406 4711 2574 4761 τινας,
2595 4691 2692 4756 di;
2723 4695 2876 4762 ἔφην,
2912 4693 3229 4747 συνιστῶσιν
3253 4695 3317 4746 ὲκ
3345 4691 3882 4762 Θεοῦίτεταγμένους·

2317 4763 2413 4836 ἕνα
2455 4765 2552 4836 μὲν
2592 4764 2684 4836 sou
2712 4761 2944 4835 Χριίστδν
2967 4805 2981 4831 ,
3014 4765 3107 4836 {va
3217 4763 3306 4816 τὸν
3345 4761 3607 4836 διάῦρλον.
3651 4761 3762 4836 Καὶ
3802 4765 3887 4818 τὸν

2320 4835 2420 4903 μὲν
2450 4833 2681 4905 Χριστὸν
2711 4833 2928 4903 λέγουσι
2957 4833 3052 4886 τοῦ
3088 4834 3368 4904 μέλλοντος
3393 4833 3587 4896 αἰῶνος
3614 4834 3885 4905 εἰληφέναι

2314 4905 2407 4978 τὸν
2438 4903 2655 4978 κλῆρον’
2690 4907 2780 4958 τὸν
2806 4905 2862 4957 δὲ
2875 4905 3148 4978 ’διᾴᾷο-λον,
3170 4905 3356 4978 τᾳῦτον
3384 4903 3778 4978 πεπιᾳτεῦσθαρι
3801 4908 3884 4958 τὸν

2315 4975 2502 5048 αξῶνα·
2528 4973 2592 5028 ἔκ
2624 4976 2936 5048 amavi};
2957 4975 3130 5048 δῆθεν
3145 4974 3238 5027 τοῦ
3271 4973 3728 5048 παντοκράτρρος,
3752 4978 3885 5028 κατὰ

2315 5047 2530 5116 αἴτησιν
2559 5044 2832 5117 ἑκαιξέρων
2859 5044 3056 5117 αὐτῶν.
3090 5044 3234 5098 Duos
3255 5087 3269 5108 ,
3307 5055 3363 5098 ut
3384 5045 3509 5117 jam
3537 5045 3652 5097 dixi
3671 5085 3687 5117 ,
3718 5063 3750 5097 a
3783 5048 3884 5100 Deo

2314 5115 2627 5172 constitutos
2648 5115 2887 5171 asserunt
2907 5133 2925 5179 ;
2945 5116 3211 5169 Christum
3249 5126 3299 5169 et
3329 5115 3620 5169 diabolum.
3649 5115 3881 5181 Quonim

2314 5187 2397 5240 illi
2440 5189 2628 5252 futuri,
2667 5189 2785 5240 huic
2833 5188 3105 5254 prwsentis
3143 5187 3326 5240 sazculi
3362 5194 3592 5251 potestas
3633 5197 3711 5238 est
3753 5204 3884 5241 com-

2315 5260 2522 5312 missa:
2562 5260 2716 5328 idque
2754 5260 2882 5310 adeo
2913 5258 3284 5327 omnipotentis
3317 5256 3462 5328 illius
3511 5255 3786 5320 mandato,
3818 5259 3879 5310 ad

2308 5326 2994 5398 utriusquepostulationem
3015 5326 3125 5381 esse
3148 5331 3368 5397 (aetum.
3404 5326 3524 5392 Quo
3549 5343 3611 5380 ex
3643 5327 3764 5383 loco
3795 5328 3877 5382 Ius

2313 5397 2498 5453 oritur
2531 5397 2687 5454 alteri
2717 5400 2913 5468 capitis
2942 5399 2995 5463 ὅ,
3023 5414 3182 5465 quem
3225 5400 3493 5466 interpres
3542 5397 3878 5468 indiligenter

2313 5473 2368 5523 in
2410 5470 2662 5524 Latinum
2697 5470 2969 5524 convertit
3008 5487 3020 5520 :
3055 5469 3277 5522 Πάντων
3319 5485 3378 5520 τε
3418 5468 3762 5539 κυριεροντα,
3793 5471 3877 5522 καὶ

2312 5541 2546 5611 Χριστὸν
2571 5540 2842 5609 λέγεσθαι,
2869 5540 2959 5592 τὸν
2986 5541 3161 5592 ἐκεῖσε
3184 5540 3240 5592 δὲ
3275 5538 3448 5592 αἰῶνα
3478 5538 3875 5610 κεχληρῶσϐαε.

2313 5611 2427 5666 Hoc
2459 5623 2542 5666 est
2583 5631 2595 5664 :
2626 5617 2793 5675 Atque
2823 5614 3059 5665 omnium
3095 5627 3269 5664 rerum
3310 5611 3645 5662 dominatum
3695 5621 3874 5675 tenere,

2311 5693 2359 5734 et
2391 5683 2650 5751 appellari
2685 5681 3000 5736 Christum:
3031 5683 3082 5736 in
3115 5690 3310 5736 sortem
3346 5696 3464 5734 vero
3495 5683 3760 5748 accepisse
3787 5698 3869 5736 εει

2313 5755 2487 5808 culum
2512 5755 2648 5824 quod
2673 5752 2784 5806 illic
2813 5754 2934 5806 erit.
