4050 6336
186 366 317 423 1221

1402 356 1970 415 ΒΕΕΟΟΝΙΉΟΝΙῘΜ
2009 357 2133 411 LIB.
2178 358 2216 411 I.

3299 354 3438 411 £222

180 483 334 538 ribus
374 479 755 536 benedictione
799 485 1085 548 suscepta,
1120 475 1428 530 clarissima
1476 474 1597 528 luce
1641 470 1751 525 ful-
1786 477 1828 530 Α
1856 477 1912 525 ct
1958 468 2025 522 de
2057 466 2318 522 memoria
2347 467 2511 536 rupit,
2551 467 2714 519 etiam
2743 465 2788 521 si
2806 465 2934 519 velit
2965 463 3162 520 salvari
3197 479 3310 519 non
3341 482 3438 535 po-

179 583 388 646 gentes,
429 573 727 628 introducti
759 571 828 626 ad
859 579 1117 626 aeternam
1144 569 1327 625 sedem
1347 607 1362 632 ,
1391 574 1444 622 et
1491 567 1544 620 in
1576 566 1758 619 incor-

181 667 434 736 ruptione
476 666 772 732 durantes,
817 663 1174 718 ineﬂ'abilium
1223 662 1493 716 bonorum
1527 671 1755 712 munera

179 764 386 811 aeterna
424 755 748 826 percipiant.

252 867 417 924 XXV.
461 868 586 923 llaec
617 885 701 924 me
733 876 1115 939 prosequente,
1147 866 1346 937 gaudio
1372 863 1627 936 perfusus
1654 863 1754 918 Pc-

179 970 301 1018 trus
329 968 384 1016 et
415 967 675 1030 tanquam
710 973 873 1028 super
915 958 1027 1011 lilio
1066 956 1394 1027 tripudians,
1433 971 1499 1008 ne
1530 955 1667 1007 forte
1698 953 1751 1006 in

173 1055 512 1123 reliquorum
542 1049 803 1104 memoria
827 1049 1096 1112 titubans,
1120 1048 1500 1103 erubescerem
1532 1054 1754 1116 propter

174 1161 272 1201 eos
302 1143 396 1213 qui
424 1142 688 1197 aderant:
719 1139 935 1195 Sufﬁcit
955 1179 970 1205 ,
1011 1139 1206 1210 inquit,
1250 1154 1283 1193 ο
1313 1137 1568 1217 Clemens
1594 1155 1608 1202 ;
1639 1137 1754 1190 evi—

173 1236 393 1291 dentius
419 1233 563 1290 enim
591 1236 704 1287 haec
731 1218 894 1304 quam
920 1248 950 1286 a
983 1248 1068 1286 me
1095 1232 1213 1300 ipso
1235 1233 1482 1301 exposita
1515 1230 1750 1292 fuerant,

171 1325 418 1380 edidisti.
446 1323 513 1378 Et
547 1337 648 1394 ego
677 1325 765 1379 aio
794 1343 806 1378 :
841 1323 1111 1378 Narrandi
1134 1323 1406 1384 ordinem,
1431 1330 1484 1376 et
1515 1311 1751 1378 lucidius

170 1431 238 1470 ea
266 1430 388 1486 qua
414 1429 502 1469 res
543 1414 747 1485 expetit
789 1412 1123 1484 proferendi,
1162 1412 1402 1466 eruditio
1427 1412 1587 1466 nobis
1619 1427 1754 1466 con-

169 1508 299 1562 tulit
328 1506 593 1570 liberalis,
619 1521 726 1577 qua
760 1507 804 1561 si
837 1513 1058 1561 utamur
1081 1507 1136 1560 In
1168 1505 1513 1576 antiquitatis
1549 1506 1753 1559 errori-

167 1600 300 1665 bus,
329 1599 382 1654 in
414 1599 711 1670 perniciem
745 1598 867 1653 vitae
895 1600 1188 1656 verborum
1220 1597 1419 1654 decore
1462 1613 1526 1652 ac
1567 1598 1752 1653 suavi-

166 1701 282 1749 tate
322 1689 652 1762 decidimus;
685 1694 730 1749 si
774 1709 905 1750 vero
945 1692 1014 1748 ad
1062 1693 1414 1750 asserendam
1461 1693 1746 1748 veritatem

164 1784 533 1842 eruditionem
564 1788 835 1843 sermonis
862 1794 914 1842 et
943 1783 1556 1857 gratiam'conferamus
1576 1825 1590 1847 ,
1617 1791 1750 1855 puto

163 1894 235 1935 ex
276 1879 376 1933 hoc
406 1894 514 1932 non
553 1894 746 1950 parum
779 1877 1034 1934 utilitatis
1071 1878 1303 1948 acquiri.
1336 1875 1744 1940 Verumtamen,

167 1967 247 2023 mi
297 1968 518 2024 domine
566 1967 756 2033 Petre,
788 1975 993 2040 quanta
1041 1983 1130 2023 me
1168 1967 1457 2024 arbitraris
1504 1968 1749 2038 gratula—

167 2060 320 2115 tione
346 2061 639 2126 sublatum,
672 2077 795 2116 cum
832 2061 887 2115 in
919 2061 1132 2115 czeteris
1158 2059 1435 2122 omnibus,
1464 2069 1576 2114 tum
1610 2073 1750 2129 prae-

165 2150 331 2220 cipue
360 2150 415 2203 in
458 2150 608 2206 illius
644 2150 910 2206 doctrina;
955 2149 1246 2212 sententia,
1281 2163 1387 2218 qua
1422 2151 1504 2203 ais
1537 2165 1552 2204 :
1594 2147 1749 2203 Unus

161 2252 256 2300 est
302 2242 467 2308 Deus,
516 2245 675 2314 cujus
722 2259 861 2314 Opus
909 2243 1148 2298 mundus
1197 2249 1320 2306 est,
1364 2243 1589 2312 quique,
1620 2241 1747 2312 quia

159 2335 352 2405 justus
391 2343 475 2391 est
519 2334 850 2391 omnimodis
874 2375 889 2401 ,
933 2333 1232 2404 unicuique
1260 2349 1362 2404 pro
1391 2333 1606 2388 actibus
1632 2331 1747 2388 suis

165 2428 378 2484 reddet.
431 2427 498 2482 Et
545 2435 670 2500 post
699 2428 816 2484 haec
844 2426 1140 2493 addidisti,
1174 2426 1404 2484 dicens:
1440 2425 1546 2482 Pro
1588 2427 1748 2497 cujus

163 2521 437 2592 dogmatis
464 2521 769 2578 assertione
791 2522 1075 2577 innumera
1100 2523 1392 2577 verborum
1422 2520 1596 2574 millia
1627 2535 1748 2574 mo-

162 2610 473 2680 vebuntur;
508 2611 602 2668 sed
634 2613 690 2668 in
720 2613 835 2676 his,
879 2613 1079 2684 quibus
1119 2613 1236 2668 veri
1285 2611 1562 2682 prophetae
1609 2625 1748 2664 con-

163 2718 328 2760 cessa
348 2713 430 2760 est
451 2705 702 2770 scientia,
725 2705 904 2760 omnis
927 2706 1032 2762 ista
1054 2704 1348 2760 verborum
1375 2703 1511 2758 silva
1531 2702 1749 2758 succisa

163 2803 274 2852 est.
322 2795 388 2850 Et
439 2805 660 2867 propter
698 2797 804 2852 hoc
849 2812 974 2852 cum
1009 2796 1144 2851 mihi
1177 2794 1470 2851 tradideris
1506 2795 1574 2850 de
1613 2808 1747 2849 vero

162 2886 432 2957 prepheta
453 2901 784 2953 sermonem,
808 2887 956 2943 omni
981 2903 1067 2943 me
1088 2887 1458 2944 assertionum
1492 2887 1749 2942 ﬁrmitate

163 2976 463 3032 roborasti.
489 2975 621 3032 Inde
640 2976 877 3047 denique
901 2991 1003 3047 ego
1029 2991 1153 3031 cum
1175 2975 1536 3033 advenissem
1563 2977 1618 3029 in
1643 2975 1748 3029 hoc

160 3085 441 3127 summam
484 3069 655 3127 totius
694 3071 977 3142 religionis
1020 3070 1352 3141 pietatisque
1402 3069 1771 3131 consistere,-

1861 563 2019 628 terit;
2059 561 2235 632 perdit
2265 561 2408 614 enim
2439 560 2604 623 viam,
2637 573 2742 628 qua
2775 559 3089 628 pervenitur
3138 558 3204 610 ad
3245 557 3433 615 vitam.

1860 653 2090 722 Propter
2121 651 2265 722 quod
2317 666 2384 706 eo
2414 651 2587 719 magis
2615 660 2929 718 repetamus
2963 665 3081 718 quae
3105 651 3250 704 dicta
3284 659 3436 716 sunt,

1857 753 1910 800 et
1939 745 2330 800 confirmemus
2360 759 2424 799 ea
2475 744 2528 796 in
2552 743 2715 796 cordc
2746 749 2876 807 tuo;
2913 741 2964 794 id
3024 749 3128 804 est,
3161 744 3439 811 quomodo

1858 839 1942 892 vel
1987 853 2017 891 a
2043 854 2150 908 quo
2179 837 2359 891 factus
2386 837 2456 891 sit
2487 834 2747 898 mundus,
2784 841 2840 886 ut
2869 833 3163 887 tendamus
3203 834 3270 888 ad
3301 837 3442 889 ami-

1859 933 2046 987 citiam
2088 929 2423 985 Conditoris.
2476 928 2732 982 Amicitia
2791 911 2972 980 autem
3013 927 3246 981 elliritur
3299 928 3439 983 bene

1861 1022 2096 1078 vivendo
2128 1030 2182 1077 et
2203 1021 2471 1077 voluntati
2507 1021 2626 1090 ejus
2659 1019 2986 1081 obediendo,
3030 1031 3160 1088 qua:
3185 1021 3440 1076 voluntas

1858 1115 2104 1168 omnium
2154 1113 2454 1171 viventium
2526 1113 2612 1167 lex
2682 1119 2785 1167 est.
2845 1111 3091 1167 Breviter
3150 1128 3281 1182 ergo
3339 1112 3440 1168 tibi

1858 1207 1972 1261 haec
1999 1205 2189 1260 eadem
2247 1204 2506 1259 firuiioris
2553 1218 2721 1258 causa
2783 1204 3058 1257 memoriae
3105 1211 3438 1260 retexcmus.

1925 1296 2142 1353 XXVII.
2187 1295 2245 1351 In
2305 1295 2579 1367 principio
2616 1310 2742 1350 eum
2782 1293 3003 1349 fecisset
3056 1293 3198 1349 Deus
3238 1296 3438 1350 cmlum

1853 1399 1906 1446 et
1946 1391 2239 1454 terram",
2274 1397 2536 1458 tanquam
2577 1388 2799 1443 domum
2841 1403 3027 1450 unam,
3057 1387 3175 1457 ipsa
3215 1403 3334 1458 quae
3372 1403 3440 1441 ex

1853 1486 2183 1555 corporibus
2223 1483 2413 1538 mundi
2456 1481 2668 1539 reddita
2706 1491 2793 1537 est
2823 1482 3039 1545 umbra,
3073 1481 3159 1536 his
3198 1498 3321 1551 quae
3359 1481 3444 1533 in-

1853 1579 2130 1632 trinsecus
2168 1578 2356 1632 clausa
2396 1576 2644 1640 fuerant,
2683 1575 2937 1630 tenebras
2953 1589 3019 1628 ex
3037 1589 3096 1628 se
3133 1572 3303 1630 dedit.
3335 1571 3441 1628 Sed

1852 1685 1978 1724 cum
2007 1670 2264 1724 voluntas
2290 1669 2384 1724 Dei
2417 1669 2813 1723 introduxisset
2850 1668 3047 1730 lucem,
3073 1667 3310 1721 tenebrae
3339 1667 3444 1720 illa:

1853 1778 1976 1832 quae
2013 1778 2080 1817 ex
2105 1763 2300 1816 umbra
2335 1777 2628 1832 corporum
2661 1761 2820 1815 factae
2852 1760 3070 1815 fuerant
3090 1759 3239 1832 _(19),
3265 1760 3444 1812 conti-

1853 1871 1964 1910 nuo
1985 1855 2263 1910 devorata
2291 1864 2457 1922 sunt;
2490 1862 2622 1908 tunc
2652 1853 2851 1909 deinde
2877 1853 2968 1906 lux
2999 1853 3054 1906 in
3094 1852 3261 1915 diem,
3289 1859 3444 1906 teneo

1853 1950 1966 2004 bra:
1999 1948 2335 2019 deputantur
2377 1950 2431 2003 in
2486 1956 2725 2003 noctem.
2772 1945 2892 2000 Jam
2951 1960 3082 2001 vero
3126 1959 3290 2015 aqua,
3322 1958 3444 2014 quae

1852 2051 1970 2098 erat
1998 2044 2144 2099 intra
2174 2045 2464 2107 mundum,
2495 2044 2549 2097 in
2590 2042 2769 2098 medio
2798 2040 2960 2110 primi
3001 2039 3149 2096 illius
3184 2038 3313 2092 cmli
3340 2048 3447 2091 ter-

1853 2153 2037 2209 neque
2077 2138 2298 2210 spatio,
2356 2138 2515 2208 quasi
2576 2137 2701 2207 gelu
2751 2143 3009 2188 concreta
3064 2140 3120 2186 et
3177 2131 3442 2203 crystallo

1853 2231 2087 2286 solidata
2118 2230 2471 2294 distenditur,
2492 2237 2546 2284 et
2569 2228 2886 2298 bujusmodi
2919 2228 3262 2280 firmamento
3295 2226 3443 2278 velut

1853 2324 2305 2379 intercluduntur
2336 2324 2515 2378 media
2545 2322 2673 2378 coeli
2719 2336 2785 2375 ac
2819 2329 2982 2374 terrae
3021 2319 3199 2388 spatia
3228 2335 3243 2384 ;
3278 2318 3443 2387 idque

1851 2418 2252 2471 ﬁrmamentum
2275 2417 2477 2469 caelum
2509 2413 2774 2470 Conditor
2817 2411 3128 2481 appellavit,
3161 2409 3442 2480 antiquio-

1851 2510 1930 2564 ris
1957 2509 2109 2563 illius
2133 2509 2400 2562 vocabulo
2423 2513 2818 2576 nuncupatum.
2855 2503 2918 2557 Et
2939 2505 3015 2558 ita
3043 2505 3214 2558 totius
3244 2505 3440 2568 mundi

1851 2600 2182 2665 machinam,
2207 2615 2348 2655 cuin.
2384 2615 2492 2653 una
2518 2600 2714 2654 domus
2741 2605 2910 2660 esset,
2947 2597 3005 2650 in
3058 2597 3200 2650 duas
3241 2595 3441 2650 dividit

1850 2695 2123 2765 regiones.
2181 2692 2483 2749 Divisionis
2540 2699 2723 2747 autem
2747 2691 2864 2745 haec
2889 2687 2994 2743 fuit
3023 2704 3212 2755 causa,
3239 2699 3299 2744 ut
3348 2704 3443 2742 su-

1850 2801 2023 2858 perna
2049 2787 2203 2858 regio
2233 2787 2444 2857 angelis
2474 2786 2870 2849 habitaculum,
2897 2783 3128 2838 inferior
3147 2797 3280 2838 vero
3309 2797 3444 2852 pra:-

1851 2879 2007 2936 beret
2061 2879 2401 2934 hominibus.
2457 2877 2590 2935 Post
2643 2877 2759 2932 haec
2807 2877 2954 2947 quod
3011 2877 3286 2946 reliquum
3339 2874 3444 2928 fuit

1851 2971 1908 3028 in
1937 2971 2294 3028 inferioribus
2327 2987 2620 3042 aquarum,
2647 2970 2807 3040 jussu
2854 2970 3155 3024 voluntatis
3193 2975 3434 3029 aeternae,

1851 3066 2011 3122 locus
2038 3065 2208 3120 maris
2252 3073 2308 3118 et
2363 3066 2532 3120 chaos
2591 3063 2844 3119 effectum
2892 3060 3121 3131 recepit,
3153 3060 3342 3128 eisque
3370 3057 3437 3110 ad

161 3162 316 3217 illico
347 3161 606 3234 respondi
640 3177 655 3212 :
687 3160 902 3232 Optime
930 3170 1257 3233 prosecutus
1285 3173 1368 3242 es,
1398 3159 1582 3228 Petre,
1615 3176 1744 3232 pro-
1774 3171 1816 3230 ο
1849 3158 2102 3215 demersa
2122 3165 2177 3213 et
2214 3172 2461 3213 concava
2487 3155 2892 3220 deﬂuentibus,
2916 3149 3071 3208 arida
3097 3152 3320 3223 quidem
3348 3167 3442 3221 ap-

160 3261 286 3325 pter
306 3255 452 3326 quod
477 3244 781 3326 de'reliquo
801 3255 918 3326 jam
945 3263 1209 3327 tanquam
1235 3255 1456 3320 scienti,
1490 3269 1611 3327 qua:
1635 3255 1746 3310 sint

163 3345 520 3403 fundamenta
543 3347 669 3402 ﬁdei
694 3355 748 3404 et
775 3349 1018 3418 pietatis,
1048 3349 1166 3405 veri
1190 3347 1470 3419 prophetae
1490 3348 1745 3403 traditio-

161 3454 264 3494 nes
304 3438 690 3495 incunctanter
719 3455 953 3510 expone,
988 3439 1077 3494 cui
1111 3440 1212 3495 soli
1251 3439 1585 3494 credendum
1621 3453 1745 3494 esse

159 3531 447 3587 evidenter
478 3532 773 3602 probatum.
802 3529 906 3588 est.
932 3525 1099 3587 Illam
1141 3547 1272 3587 vero
1316 3531 1740 3602 expositionem,

157 3638 288 3694 qua:
330 3622 727 3692 assertionibus
756 3633 810 3679 et
838 3622 1180 3694 argumentis
1218 3620 1480 3693 indigeat,
1509 3619 1745 3675 infideli-

155 3719 266 3774 bus
303 3697 711 3788 servafquibus
745 3717 989 3772 nondum
1024 3714 1370 3771 committere
1411 3713 1744 3786 propheticre

151 3809 351 3880 gratiae
381 3808 796 3865 indubitabilem
820 3807 1156 3879 judicaveris
1175 3806 1356 3863 ﬁdem.
1383 3805 1595 3861 Etcum
1625 3807 1743 3862 hac

155 3899 443 3964 dixissem,
501 3908 559 3954 tu
582 3906 922 3970 utrumque,
966 3900 1214 3972 inquam,
1249 3899 1528 3970 pollicitus
1556 3915 1616 3954 es
1639 3937 1655 3962 ,
1687 3907 1743 3954 et

156 3991 304 4044 hanc
328 3999 379 4046 te
404 3990 538 4045 mihi
565 3990 868 4061 simplicem
893 3991 1293 4062 expositionem
1317 4005 1382 4046 ac
1404 3990 1575 4046 totius
1594 4005 1742 4045 erro-

154 4083 239 4139 ris
277 4090 584 4154 expertem,
630 4092 684 4139 et
729 4083 876 4137 illam
906 4098 1029 4153 quae
1070 4097 1169 4153 per
1207 4082 1456 4152 singulas
1492 4096 1740 4152 quasque

153 4176 490 4246 quaestiones
517 4174 845 4247 explicatur,
870 4191 992 4248 quae
1011 4177 1397 4240 movebuntur,
1419 4176 1472 4230 in
1496 4182 1741 4246 tempore

153 4269 518 4322 traditurum.
552 4267 618 4321 Et
649 4277 773 4340 post
803 4269 918 4324 haec
939 4267 1245 4338 exposuisti
1275 4284 1376 4339 per
1404 4265 1682 4331 ordinem,
1708 4283 1739 4321 a

152 4358 430 4430 principio
460 4357 652 4414 mundi
694 4375 870 4430 usque
900 4360 968 4415 ad
998 4375 1242 4430 praesens
1284 4364 1518 4430 tempus
1541 4374 1736 4414 conse-

151 4451 437 4522 quentiam
479 4467 694 4518 rerum;
727 4459 782 4508 et
817 4452 864 4508 si
903 4451 1119 4523 placet,
1157 4467 1383 4524 possum
1428 4453 1746 4509 memoriter

156 4545 422 4600 universa
455 4551 724 4602 retexere.

227 4658 418 4731 XXVI.
466 4659 549 4717 Ad
579 4661 696 4717 bare
731 4661 928 4720 Petrus
969 4681 983 4717 :
1012 4661 1322 4734 Magnifice,
1356 4663 1566 4734 inquit,
1593 4663 1741 4719 dele-

151 4759 301 4819 ctor,
322 4762 366 4810 o'
385 4752 663 4821 Clemens,
689 4755 838 4827 quod
887 4763 1002 4812 tam
1053 4764 1174 4812 tuto
1205 4757 1359 4812 cordi
1402 4758 1568 4814 verba
1591 4771 1744 4812 com-

157 4846 422 4915 mittam;
455 4839 752 4905 memoriam
789 4865 1028 4921 namque
1081 4865 1208 4906 esse
1261 4865 1452 4906 eorum
1483 4866 1606 4922 quae
1655 4850 1743 4906 di-

153 4945 379 5004 cuntur,
429 4938 694 4995 indicium
743 4949 830 4997 est
877 4942 933 4996 in
981 4952 1237 5013 promptu
1282 4943 1482 4998 habere
1510 4957 1738 5014 operum

154 5028 350 5086 ﬁdem:
386 5032 474 5088 cui
499 5048 632 5090 vero
662 5034 838 5092 malus
857 5034 1071 5090 daemon
1097 5035 1293 5093 salutis
1324 5035 1490 5092 verba
1525 5034 1741 5090 furatur

227 5209 274 5241 ⁷⁵
302 5205 440 5269 Gen.
474 5227 512 5266 ι.
535 5229 537 5232 ⁴

1849 3245 2034 3324 paruit
2048 3259 2214 3308 terra.
2239 3251 2707 3323 Congregationes
2731 3255 2916 3302 autem
2935 3245 3443 3318 aquarum,ellecta

1849 3354 1981 3402 sunt
2013 3347 2206 3401 maria.
2262 3344 2331 3400 Et
2372 3345 2644 3416 posthaec
2692 3350 2863 3409 terra,
2910 3355 3033 3414 quae
3086 3353 3439 3412 apparuerat,

1849 3440 2144 3496 herbarum
2175 3447 2229 3494 et
2265 3439 2631 3510 virgultorum
2681 3437 2898 3493 diversa
2923 3449 3126 3506 genera
3156 3433 3436 3503 produxit,

1853 3534 2032 3590 fontes
2090 3548 2310 3605 quoque
2361 3540 2414 3588 et
2448 3529 2646 3588 fluvios
2709 3546 2816 3586 non
2876 3530 3053 3586 solum
3116 3529 3171 3582 in
3217 3527 3435 3598 planis,

1851 3628 1948 3682 sed
1967 3635 2023 3684 et
2049 3626 2105 3682 in
2139 3627 2418 3682 montibus
2438 3625 2700 3696 protulit;
2737 3632 2792 3678 et
2823 3638 2903 3679 SIC
2921 3629 3117 3677 cuncta
3135 3629 3437 3692 praeparata

1851 3728 2003 3784 sunt,
2031 3727 2090 3774 ut
2114 3717 2432 3773 hominibus
2455 3718 2547 3788 qui
2578 3717 2894 3770 habitarent
2927 3718 2984 3768 in
3039 3729 3124 3777 ea,
3155 3722 3302 3767 esset
3348 3711 3434 3765 fa-

1850 3815 2030 3870 cultas
2061 3813 2147 3868 bis
2179 3812 2438 3867 omnibus
2466 3827 2568 3880 pro
2598 3810 2829 3864 arbitrio
2861 3807 2962 3872 uti,
3016 3807 3072 3862 id
3101 3813 3184 3863 est
3225 3809 3339 3862 sive
3369 3808 3436 3860 ad

1852 3907 1992 3962 bona
2019 3905 2208 3969 velint,
2236 3892 2352 3959 sive
2382 3905 2546 3959 etiam
2581 3903 2646 3957 ad
2682 3903 2842 3958 mala.

1920 3995 2155 4051 XXVIII.
2213 3995 2345 4051 Post
2375 3997 2490 4052 haec
2549 3997 2724 4052 stellis
2757 3995 2992 4050 adornat
3037 3993 3242 4050 cmlum
3284 3993 3434 4048 istud

1847 4091 2090 4147 visibile.’
2139 4088 2323 4146 Solem
2364 4106 2606 4160 quoque
2649 4098 2704 4146 et
2747 4090 2932 4143 lunam
2989 4089 3144 4158 ponit
3167 4089 3223 4141 in
3255 4102 3340 4154 eo,
3376 4095 3436 4140 ut

1848 4186 2075 4241 alterius
2104 4185 2311 4240 lumine
2337 4184 2477 4245 dies.
2503 4195 2556 4260 et
2589 4201 2697 4241 nox
2737 4193 2984 4239 uteretur
3043 4184 3291 4245 alterius,
3351 4183 3429 4236 si-

1822 4267 2074 4347 rnulque
2099 4284 2164 4331 ut
2193 4284 2379 4332 essent
2405 4277 2610 4331 indicio
2629 4293 2811 4331 rerum
2847 4279 3271 4348 praeteritarum,
3294 4293 3432 4347 prte-

1849 4369 2090 4424 sentium
2122 4378 2178 4424 ct
2209 4368 2540 4425 futurarum.
2590 4369 2697 4423 Pro
2722 4370 2898 4440 signis
2944 4370 3091 4424 enim
3122 4377 3430 4439 temporum

1851 4466 1996 4522 facta
2025 4473 2156 4524 sunt
2188 4481 2254 4521 ac
2285 4467 2522 4530 dierum,
2557 4481 2678 4536 qua:
2700 4465 2958 4520 videntur
2984 4464 3205 4534 quidem
3232 4465 3300 4517 ab
3325 4479 3437 4516 out-

1853 4563 2037 4626 nibus,
2069 4561 2453 4630 intelliguntur
2485 4567 2667 4613 autem
2698 4557 2766 4611 ab
2795 4556 3030 4611 eruditis
3051 4565 3104 4610 et
3127 4556 3434 4626 intelligen-

1851 4656 2002 4711 tibus
2031 4655 2189 4710 solis.
2244 4653 2493 4724 Cumque
2542 4657 2667 4721 post
2695 4650 2812 4704 haec
2859 4649 2928 4703 de
2981 4658 3128 4702 terra
3174 4656 3228 4701 et
3273 4650 3432 4716 aquis

1851 4748 2082 4824 produci
2106 4746 2371 4818 jussisset
2401 4743 2724 4806 animantia,
2743 4740 3060 4811 paradisum
3093 4738 3243 4803 fecit,
3265 4755 3427 4808 quem

1850 4850 1904 4898 et
1933 4840 2255 4896 deliciarum
2297 4837 2479 4891 locum
2511 4834 2836 4890 nominavit.
2889 4831 3022 4888 Post
3085 4831 3198 4885 haec
3246 4838 3427 4884 autem

1851 4935 2039 4990 omnia
2069 4932 2346 4988 hominem
2381 4929 2531 4994 fecit,
2556 4936 2781 4999 propter
2797 4943 2958 4998 quem
2993 4919 3190 4980 cuncta
3218 4939 3429 4995 praepa-

1849 5036 2091 5097 raverat,
2142 5019 2303 5098 cujus
2355 5027 2573 5081 interna
2611 5022 2823 5095 species
2859 5031 2945 5076 est
2977 5019 3255 5089 antiquior
3286 5016 3425 5087 (ΞΟ),

1461 5407 1828 5480 corneam:
1882 5408 2117 5465 ΝοΤΑῑ.

229 5565 342 5638 (19)
384 5563 632 5639 Tenebrae
661 5564 793 5639 iure,
822 5583 938 5639 qua:
965 5567 1241 5639 ea:_t_tmbra
1279 5567 1555 5639 corporum
1588 5569 1743 5638 facta

153 5635 390 5724 lauerant.
425 5635 760 5720 Consulendi
794 5635 1006 5724 veteres
1037 5635 1740 5724 Ijexaelraneri'lnterpretes,

151 5707 282 5773 cum
315 5708 555 5765 Caesario
603 5719 801 5778 quaest.
833 5708 896 5762 61
941 5719 995 5779 et
1043 5708 1168 5773 IM,
1210 5707 1459 5779 Cedreno
1489 5707 1740 5779 aliisque.

155 5780 395 5850 Cedrenj
420 5779 585 5834 verba
616 5786 873 5850 corrupta
895 5777 1193 5834 videntur!
1226 5778 1299 5832 Τὸ
1325 5779 1435 5850 γὰρ
1469 5777 1657 5850 multo;
1679 5780 1743 5832 ὲκ

162 5852 266 5922 τῆς
292 5847 389 5903 τοῦ
442 5848 673 5923 οὐρανοῦ
702 5849 1086 5917 ὲφαπλώσεως,
1136 5850 1233 5902 καὶ
1281 5849 1350 5903 τὰ
1401 5847 1505 5904 ὐπὸ
1550 5849 1741 5904 τούτου

1847 5570 2160 5641 σκεπόμενα.
2177 5570 2419 5641 γέγονεν.
2451 5570 2592 5635 Quid
2616 5570 2664 5624 si
2691 5569 2962 5640 legamus.
2989 5571 3130 5624 κατά
3154 5571 3275 5624 Ιοςο
3300 5567 3417 5633 καί,

1845 5639 1948 5694 hoc
1983 5639 2147 5696 sensu
2182 5659 2196 5695 :
2235 5639 2480 5694 Tenebrm
2505 5642 2663 5703 enim,
2700 5639 2814 5694 criti
2849 5644 3146 5696 extensione
3175 5657 3328 5710 super
3355 5655 3421 5692 ea

1850 5727 1967 5781 quae
2001 5710 2188 5781 αικξιιο
2220 5710 2525 5781 tegebantur
2551 5712 2906 5767 exstiterunt?

1889 5779 2243 5853 -(‘20)7Cujuis
2272 5779 2502 5835 interna
2546 5782 2738 5853 species
2785 5791 2862 5834 est
2902 5784 3188 5853 antiquior.
3235 5781 3421 5853 Codex

1846 5848 2081 5908 Cai'mel.
2126 5848 2221 5922 qui
2271 5853 2417 5907 notis
2454 5851 2848 5923 utarginalibus
2879 5853 2932 5908 in
2984 5848 3190 5909 textum
3235 5852 3423 5907 relatis
