4050 6336
727 360 864 417 απτ

1573 357 1629 412 S.
1665 356 2061 412 CLEMENTIS
2096 356 2114 410 ι
2149 355 2314 412 ΒΟΜ.
2359 354 2560 410 PONT.
2601 353 2826 410 OPERA
2865 353 3090 409 DUBIA.

3827 355 3936 408 1223

725 475 935 544 plenius
957 489 1079 532 eum
1110 476 1176 531 de
1198 475 1285 532 his
1309 488 1430 547 quae
1463 475 1667 531 sentire
1690 477 1877 546 cmpit,
1902 475 2141 529 edocuit.
2177 473 2283 532 Sed
2314 483 2357 540 Α
2388 474 2621 544 patriam
2663 482 2886 539 terram,
2938 476 3127 531 decem
3183 470 3358 541 plagis
3405 469 3740 525 calestibus
3770 468 3941 530 εῐεείιν

721 568 774 621 et
799 562 940 638 quid
968 568 1150 638 generi
1180 569 1298 638 ejus
1326 582 1389 622 ac
1423 567 1727 638 posteritati
1757 567 2068 631 deberetur,
2101 574 2286 621 osten—

720 655 822 720 dit.
850 665 902 713 et
935 675 1043 714 non
1061 667 1167 714 tam
1199 660 1278 716 eis
1301 646 1485 714 danda
1506 659 1620 713 haec
1648 659 1787 724 loca,
1818 673 1979 729 quam
2011 658 2284 713 reddenda

719 749 991 818 promisit.

793 835 1030 894 XXXIII.
1061 837 1230 910 Igitur
1258 838 1530 893 Abraham
1553 852 1678 892 cum
1707 853 1890 893 rerum
1919 851 2116 892 causas
2145 835 2285 893 desi-

719 927 931 983 deraret
970 943 1281 1000 agnoscere,
1316 928 1477 999 idque
1507 943 1690 1002 secum
1716 929 1919 982 intenta
1951 938 2131 982 mente
2160 944 2284 998 per-

718 1020 976 1084 volveret,
1038 1021 1286 1091 apparuit
1331 1020 1381 1075 ei
1431 1036 1592 1076 verus
1643 1018 1935 1089 Propheta,
1985 1021 2076 1090 qui
2132 1022 2282 1076 solus

721 1104 1000 1161 hominum
1047 1109 1209 1162 corda
1255 1116 1310 1164 et
1343 1111 1681 1179 propositum
1739 1112 1908 1175 novit,
1936 1112 2192 1164 'etomnia
2231 1111 2280 1164 ei

715 1211 836 1265 quae
864 1195 1204 1253 desiderabat
1244 1201 1478 1270 aperuit,
1517 1201 1828 1257 Divinitatis
1879 1202 2158 1257 scientiam
2183 1203 2280 1258 do-

715 1287 848 1351 cuit,
889 1290 1075 1348 mundi
1126 1291 1388 1361 originem
1421 1293 1688 1363 ﬁnemque
1741 1295 1942 1362 pariter
1998 1296 2276 1361 indicavit,

714 1377 909 1431 animae
940 1379 1397 1436 immortalitatem
1448 1396 1510 1436 ac
1552 1383 1767 1438 vivendi
1799 1384 2046 1438 instituta
2080 1387 2279 1454 quibus

712 1466 822 1521 Deo
879 1469 1219 1538 placeretur,
1276 1473 1545 1536 ostendit,
1616 1483 2023 1532 resurrecturos
2062 1491 2280 1547 quoque

712 1565 974 1621 mortuos,
1005 1573 1069 1613 ac
1085 1559 1351 1627 judicium
1379 1559 1644 1625 futurum,
1675 1563 1944 1617 bonorum
1965 1579 2281 1620 remunera-

708 1648 932 1712 tionem,
962 1650 1227 1703 malorum
1256 1666 1468 1720 pmnas,
1522 1652 1673 1721 justo
1699 1662 1895 1708 cuncta
1943 1655 2272 1710 moderando

701 1737 911 1807 judicio
936 1739 1264 1805 declaravit,
1297 1742 1656 1812 omnibusque
1708 1744 1809 1798 rite
1840 1759 1904 1798 ac
1947 1744 2279 1802 suﬂicienter

2387 567 2644 636 populum
2693 578 2824 620 vero
2861 565 2954 622 Dei
2977 564 3167 621 eduxit
3195 580 3262 619 ex
3294 561 3553 634 Egypto.
3613 559 3732 616 Sed
3763 559 3853 630 qui
3871 575 3943 614 suo

2389 656 2708 725 perfuerant
2737 673 2805 711 ex
2850 656 3142 729 Egyptiis,
3172 655 3475 725 conspirati
3510 667 3642 706 cum
3686 652 3941 708 animosi-

2383 730 2494 798 tate
2523 747 2664 814 regis
2691 747 2798 810 sui,
2831 748 3061 800 insecuti
3101 755 3228 801 sunt
3285 744 3586 807 Hebraeos;
3635 757 3791 811 quos
3840 756 3939 794 cum

2384 837 2718 903 reperissent
2749 852 2911 906 super
2937 836 3090 890 littus
3115 835 3307 896 maris,
3341 842 3395 886 et
3426 834 3752 888 interimere
3774 846 3941 885 ornnea

2384 939 2447 978 ac
2482 924 2662 981 delere
2725 930 3048 997 cogitarent,
3103 924 3316 994 Moyses
3373 925 3624 978 oratione
3666 921 3741 975 ad
3794 920 3942 974 Deum

2386 1016 2506 1071 fusa
2531 1033 2680 1072 mare
2723 1018 2777 1072 in
2807 1019 2946 1073 duas
2989 1024 3176 1087 partes
3201 1016 3407 1077 divisit,
3438 1015 3512 1067 ita
3547 1024 3604 1068 ut
3651 1028 3801 1084 aqua
3829 1012 3941 1066 dex-

2383 1117 2496 1162 tera
2545 1110 2785 1178 laevaque
2840 1108 2999 1178 quasi
3039 1108 3160 1177 gelu
3209 1114 3466 1162 concreta
3525 1109 3850 1167 teneretur,
3899 1110 3941 1156 et

2382 1199 2614 1267 populus
2669 1199 2888 1268 quidem
2921 1197 3014 1252 Dei
3049 1198 3311 1251 transiret
3353 1197 3498 1250 velut
3547 1195 3656 1248 iter
3709 1194 3939 1251 aridum.

2383 1290 2730 1358 insequentes
2764 1304 2894 1344 vero
2927 1304 3022 1343 eos
3049 1289 3290 1360 ngyptii
3323 1297 3528 1342 temere
3573 1285 3818 1355 ingressi
3862 1301 3943 1338 ne-

2382 1387 2656 1435 carentur.
2709 1379 2811 1434 Ubi
2840 1380 2983 1433 enim
3018 1381 3246 1434 ultimus
3271 1395 3337 1432 ex
3366 1377 3729 1431 Hebraeorum
3761 1376 3943 1445 populo

2380 1470 2647 1530 ascendit,
2697 1468 3078 1541 Egyptiorum
3128 1484 3349 1540 quoque
3389 1467 3624 1523 ultimus
3674 1466 3944 1523 descendit

2379 1561 2436 1614 in
2463 1576 2631 1625 mare,
2664 1569 2717 1615 et
2746 1562 3010 1615 continuo
3038 1575 3192 1630 aqua:
3219 1561 3390 1615 maris
3429 1574 3548 1628 quae
3576 1567 3642 1612 ut
3676 1559 3802 1629 gelu
3826 1572 3945 1612 eoa-

2379 1654 2581 1708 strictae
2605 1653 2945 1716 tenebantur,
2970 1661 3242 1722 praecepto
3268 1652 3390 1720 ejus
3411 1651 3505 1720 qui
3535 1650 3941 1705 constrinxerat

2379 1741 2655 1806 relaxatae,
2683 1757 2873 1811 pcenas
2920 1743 2988 1798 de
3026 1743 3322 1812 impiorum
3355 1741 3553 1811 populo
3587 1748 3819 1810 recepta
3858 1754 3940 1790 na-

708 1829 920 1884 edoctis
949 1828 1014 1882 ad
1046 1829 1201 1884 sedes
1234 1846 1426 1887 rursus
1466 1832 1768 1888 invisibiles
1789 1836 2033 1890 secessit.
2072 1835 2273 1892 Verum
2308 1815 2352 1870 B
2377 1841 2510 1887 tura:
2537 1849 2648 1887 suae
2679 1834 2932 1888 libertate
2959 1842 3332 1902 sumpserunt.

705 1933 829 1972 cum
866 1919 1042 1972 adhuc
1067 1920 1336 1974 Abraham
1390 1922 1444 1974 in
1483 1922 1786 1992 ignorantia
1813 1933 2142 1992 versaretur,
2166 1931 2273 1982 sic-

705 2013 765 2058 ut
795 2005 890 2061 tibi
922 2015 976 2062 et
1004 2016 1159 2062 antea
1188 2009 1301 2077 jam
1328 2009 1587 2072 diximus,
1648 2013 1764 2065 nati
1784 2022 1911 2067 sunt
1937 2014 1986 2068 ei
2015 2014 2110 2068 ﬁlii
2137 2016 2268 2081 duo,

701 2113 937 2167 quorum
961 2114 1104 2155 unus
1120 2097 1333 2164 lsmael,
1369 2101 1510 2158 alius
1534 2100 1844 2159 Heliesdros
1875 2105 1986 2177 (52)
2018 2107 2269 2176 appellati

704 2197 853 2245 sunt.
907 2189 986 2245 Ex
1030 2192 1139 2245 alio
1181 2191 1423 2246 barbarie
1476 2201 1697 2262 gentes,
1729 2210 1796 2248 ex
1846 2195 1951 2248 alio
1980 2195 2269 2252 Persarum

702 2280 886 2352 populi
920 2281 1276 2337 descendunt.
1318 2281 1362 2336 Ε
1401 2283 1602 2352 quibus
1625 2285 1873 2339 nonnulli
1903 2285 2269 2343 Brachmano-

704 2388 822 2426 rum
852 2373 1016 2427 vitam
1046 2380 1101 2428 et
1129 2374 1306 2428 vicina
1338 2374 1588 2429 instituta
1615 2378 1807 2431 sectati
1830 2386 1979 2444 sunt,
2007 2380 2099 2434 alii
2123 2381 2266 2450 apud

701 2464 958 2519 Arabiam
999 2465 1384 2530 consederunt,
1410 2481 1478 2521 ex
1502 2477 1732 2537 quorum
1762 2472 1998 2540 posteris
2021 2475 2266 2529 nonnulli

700 2554 864 2608 etiam
898 2553 951 2606 in
976 2551 1268 2624 «Egyptum
1302 2553 1535 2634 dispersi
1573 2564 1721 2614 sunt.
1767 2557 1898 2615 Inde
1942 2562 2176 2634 denique
2211 2560 2266 2619 et

703 2644 954 2699 Indorum
981 2645 1202 2714 quidam
1232 2652 1288 2698 et
1314 2643 1694 2715 Egyptiorum
1750 2649 2068 2705 circumcidi
2124 2652 2266 2705 didi-

699 2750 835 2790 cere
861 2750 924 2788 ac
954 2735 1192 2804 purioris
1240 2734 1604 2790 observantia:
1657 2752 1780 2793 esse
1836 2756 1997 2810 quam
2060 2744 2262 2808 caeteri,

701 2827 825 2882 licet
866 2841 1126 2897 processu
1178 2827 1436 2894 temporis
1492 2831 1881 2897 quamplurimi
1953 2848 2143 2888 eorum
2195 2837 2262 2889 ad

700 2916 1030 2986 impietatem
1053 2923 1326 2971 verterent
1353 2927 1726 2987 argumentum
1755 2929 1809 2976 et
1857 2921 2114 2978 indicium
2165 2939 2261 2979 ca-

697 3007 920 3063 stitatis.

767 3097 1002 3155 XXXiV.
1037 3097 1419 3156 Verumtamen
1449 3118 1577 3156 cum
1621 3117 1719 3159 nos
1765 3104 1905 3160 duos
1957 3105 2095 3163 ﬁlios
2119 3115 2259 3162 tem-

697 3204 846 3259 pore,
898 3205 1007 3261 quo
1054 3191 1232 3247 adhuc
1287 3194 1340 3246 in
1400 3195 1704 3264 ignorantia
1772 3211 1950 3251 rerum
2015 3200 2262 3268 vixerat,

696 3283 1049 3346 suscepisset.
1081 3283 1172 3336 Dei
1205 3285 1478 3354 agnitione
1507 3295 1757 3357 percepta
1790 3290 1919 3358 petit
1941 3290 2008 3344 ab
2037 3307 2119 3357 eo,
2137 3294 2265 3362 quia

694 3381 810 3428 erat
834 3374 1034 3442 justus,
1069 3381 1128 3427 ut
1156 3390 1222 3428 ex
1249 3373 1380 3429 Sara
1409 3391 1530 3445 qua:
1555 3376 1603 3430 ei
1626 3386 1743 3431 erat
1772 3382 1970 3448 conjux
2004 3381 2262 3452 legitima,

696 3479 820 3519 cum
863 3474 1009 3520 esset
1049 3465 1274 3531 sterilis,
1319 3466 1520 3520 habere
1573 3469 1881 3538 progeniem
1931 3481 2259 3541 mereretur;

693 3561 748 3609 et
771 3559 999 3625 accepit,
1042 3570 1201 3626 quem
1228 3565 1281 3611 et
1312 3555 1463 3611 Isaac
1495 3560 1813 3623 nominavit,
1856 3575 1921 3613 ex
1947 3576 2055 3630 quo
2093 3572 2256 3618 natus

691 3655 779 3702 est
803 3645 1005 3712 Jacob,
1051 3647 1117 3702 de
1144 3645 1312 3702 Jacob
1359 3656 1539 3703 autem
1593 3649 1879 3705 duodecim
1909 3653 2250 3721 patriarchae,

692 3744 748 3791 et
773 3752 837 3792 ex
870 3736 1004 3808 ipsis
1033 3736 1314 3792 duodecim
1344 3740 1683 3810 septuaginta
1707 3741 1815 3795 du’o
1845 3743 1978 3812 (35).
2015 3742 2079 3797 Hi
2112 3745 2254 3801 fame

691 3837 882 3885 exorta
924 3830 979 3884 in
1030 3830 1324 3902 Egyptum
1351 3833 1577 3885 veniunt
1611 3848 1736 3887 cum
1769 3836 1916 3889 omni
1940 3827 2099 3891 demo
2124 3855 2248 3905 sua,

690 3931 745 3979 et
782 3923 924 3978 intra
969 3939 1144 3978 annos
1180 3923 1607 3994 quadringentos
1633 3925 1744 3997 (54)
1792 3927 2168 3985 benedictione
2197 3940 2251 3986 et

690 4015 1051 4085 promissione
1078 4015 1171 4070 Dei
1200 4015 1565 4085 multiplicati,
1586 4015 1961 4088 allligebantur
1983 4023 2052 4076 ab
2081 4023 2248 4095 IEgy-

691 4107 836 4175 ptiis.
894 4104 1139 4176 Cumque
1184 4106 1572 4176 allligerentur,
1622 4111 1873 4179 apparuit
1914 4127 2076 4167 verus
2114 4113 2250 4168 Pro-

688 4208 848 4276 pheta
878 4204 1047 4275 Moysi
1073 4206 1140 4273 ⁸ο,
1165 4216 1218 4260 et
1241 4205 1525 4278 Egyptios
1554 4207 1771 4278 quidem
1816 4205 2146 4268 resistentes,
2176 4217 2244 4256 ne

690 4296 1036 4351 Hebraeorum
1092 4297 1324 4366 populus
1375 4297 1546 4353 exiret
1601 4298 1670 4353 ab
1710 4297 1792 4352 eis
1843 4304 1898 4350 et
1941 4295 2140 4350 rediret
2174 4291 2243 4347 ad

752 4425 802 4458 ⁸⁸
840 4424 1011 4480 Exod.
1050 4440 1134 4480 Ill.
1210 4423 1254 4455 “
1294 4421 1470 4480 lCor.
1498 4439 1552 4479 x.

2444 1923 2657 1979 XXXV.
2691 1923 2822 1978 Post
2871 1925 2986 1978 haec
3013 1924 3250 1994 Moyses,
3285 1922 3378 1976 Dei
3423 1926 3606 1976 omnia
3659 1921 3942 1991 providen—

2372 2014 2444 2069 tis
2473 2022 2746 2084 praecepto
2771 2013 3122 2069 Hebraeorum
3151 2012 3410 2083 populum
3439 2011 3632 2066 eduxit
3687 2012 3745 2066 in
3771 2012 3940 2066 deser-

2371 2109 2513 2168 tum,
2539 2112 2594 2159 et
2621 2103 2725 2159 iter
2754 2103 3160 2166 brevissimum,
3186 2099 3334 2170 quod
3367 2101 3470 2156 fert
3507 2100 3574 2154 de
3609 2098 3853 2170 Egypto
3883 2102 3938 2153 ad

2377 2196 2639 2262 ledaeam,
2671 2197 3007 2266 relinquens,
3037 2211 3132 2265 per
3157 2196 3349 2265 longos
3377 2194 3543 2249 eremi
3583 2194 3704 2263 (35)
3741 2195 3933 2262 plebem

2376 2287 2534 2344 duxit
2563 2285 2862 2352 anfractus,
2901 2299 2959 2342 ut
2980 2275 3337 2357 quadraginta
3369 2301 3642 2341 annorum
3669 2285 3936 2340 exenitiis

2377 2380 2516 2435 mala
2551 2393 2670 2447 quae
2713 2381 2796 2432 eis
2835 2393 2902 2431 ex
2948 2375 3327 2448 Egyptiorum
3377 2378 3626 2432 moribus
3660 2393 3769 2432 usu
3803 2377 3935 2444 longi

2366 2470 2629 2539 temporis
2659 2467 3019 2529 inoleverant,
3049 2465 3402 2519 innovatione
3429 2473 3656 2520 mutata
3713 2480 3942 2522 consue-

2368 2560 2576 2615 tudinis
2606 2559 2866 2614 aboleret.
2924 2542 3144 2612 Interea‘
3159 2556 3376 2609 venitur
3404 2555 3470 2607 ad
3516 2563 3767 2609 montem
3799 2554 3939 2615 Sina,

2365 2659 2421 2705 et
2469 2649 2596 2705 inde
2625 2651 2709 2703 lex
2759 2650 2859 2711 eis,
2899 2648 3128 2702 vocibus
3158 2655 3212 2701 et
3263 2646 3570 2701 visionibus
3625 2647 3944 2701 carie-stibis

2366 2743 2602 2797 traditur
2654 2742 2846 2796 decem
2917 2741 3231 2809 conscripta
3307 2739 3644 2818 praeceptis;
3711 2754 3943 2809 quorm

2366 2833 2601 2901 primum
2653 2830 3054 2903 etmaximum
3089 2828 3212 2892 fuit,
3250 2838 3309 2881 ut
3357 2831 3535 2898 ipsum
3576 2829 3768 2882 solum
3816 2828 3947 2882 cole-

2364 2928 2484 2976 rent
2517 2921 2709 2985 Deum,
2739 2933 2840 2974 nec
2892 2921 3059 2973 ullam
3089 2919 3193 2972 sibi
3239 2919 3400 2972 aliam
3427 2921 3673 2988 speciem
3717 2919 3810 2974 vel
3843 2919 3947 2972 for-

2368 3029 2513 3069 mam
2565 3018 2870 3066 statuerent
2919 3010 2986 3063 ad
3026 3009 3339 3064 colendum.
3406 3008 3512 3063 Sed
3563 3023 3691 3062 cum
3735 3009 3947 3080 Moyses

2364 3103 2701 3159 ascendisset
2737 3101 2804 3155 ad
2841 3107 3102 3165 montem,
3133 3100 3320 3169 ibique
3357 3100 3551 3154 diebus
3579 3101 3946 3170 quadraginta

2371 3200 2698 3267 moraretur,
2749 3191 2985 3261 populus
3030 3191 3123 3260 qui
3156 3190 3346 3245 decem
3400 3189 3575 3258 plagis
3621 3204 3945 3258 percussam

2365 3283 2578 3338 viderat
2607 3281 2924 3351 Egyptum,
2957 3289 3010 3336 et
3037 3281 3350 3350 disruptum
3408 3295 3564 3334 mare
3603 3294 3671 3332 ac
3716 3281 3948 3348 pedibus

2365 3373 2693 3443 digressum,
2739 3386 2942 3426 manna
2971 3385 3189 3440 quoque
3240 3370 3347 3424 sibi
3403 3384 3505 3439 pro
3553 3383 3698 3438 pane
3727 3373 3947 3426 eminus

2364 3467 2551 3521 datum
2579 3474 2632 3519 et
2655 3481 2722 3519 ex
2752 3464 3006 3534 sequenti
3033 3470 3183 3532 petra
3212 3463 3469 3532 poculum
3493 3462 3881 3516 ministratur:
3909 3464 3948 3494 “

2361 3560 2504 3632 (qua:
2531 3558 2740 3626 species
2798 3556 2907 3609 cibi
2929 3554 3043 3625 (36)
3067 3568 3163 3623 per
3204 3553 3461 3606 virtutem
3515 3549 3641 3613 Dei,
3673 3552 3736 3606 in
3783 3569 3943 3623 quem

2361 3653 2592 3723 quisque
2611 3648 3000 3710 desiderasset,
3028 3650 3335 3700 verteretur
3385 3643 3684 3713 saporem),
3711 3659 3948 3714 cumque

2373 3744 2476 3798 sub
2503 3743 2658 3812 plaga
2686 3741 2810 3796 caeli
2840 3739 3150 3795 ardentiore
3183 3737 3345 3807 positi
3371 3744 3574 3799 essent,
3617 3748 3690 3788 ne
3725 3735 3944 3789 aestibus

2375 3843 2756 3905 coquerentur,
2778 3834 2921 3888 nube
2942 3831 3405 3886 obumbrabantur
3425 3828 3481 3880 in
3507 3825 3616 3890 die,
3637 3837 3809 3880 nocte
3832 3840 3946 3880 vero

2357 3923 2608 3976 columna
2650 3917 2790 3986 ignis
2834 3912 3310 3972 illuminabantur,
3346 3923 3415 3961 ne
3463 3908 3531 3960 ad
3551 3909 3730 3961 eremi
3780 3909 3943 3963 vasti-

2358 4024 2522 4068 tatem
2551 4013 2747 4065 horror
2782 4021 3003 4078 quoque
3041 4002 3323 4058 accederet
3357 4002 3722 4054 tenebrarum
3756 4020 3768 4054 :
3803 4016 3941 4060 cum,

2360 4109 2608 4176 inquam.
2644 4107 2955 4156 moraretur
2982 4096 3238 4165 Moyses,
3288 4093 3394 4161 ipsi
3448 4092 3765 4145 secundum
3829 4107 3938 4161 spe-

2357 4202 2496 4255 ciem
2552 4196 2766 4268 Apidis,
2822 4205 2984 4262 quem
3017 4189 3124 4242 coli
3166 4188 3220 4240 in
3267 4183 3502 4255 Egypto
3537 4183 3824 4248 viderant,
3855 4198 3941 4236 au-

2356 4305 2510 4346 reum
2544 4291 2731 4357 ‘caput
2796 4282 2954 4339 vituli
3009 4278 3272 4333 facientes
3315 4276 3695 4330 adoraverunt
3730 4276 3868 4346 (57),
3893 4283 3940 4329 et

1973 4578 2337 4636 COTELERH
2390 4576 2622 4633 ΝΟΤᾸΕ.

760 4699 874 4769 (52)
919 4699 1242 4753 Heliesaror.
1277 4698 1562 4768 Exemplar
1581 4697 2060 4769 Candelerianum,
2088 4694 2253 4769 Elies-
2289 4703 2327 4756 ι)
2355 4703 2426 4769 tes
2475 4692 2689 4769 vestigia
2740 4690 3148 4769 commeantium
3172 4727 3188 4749 ,
3227 4692 3459 4769 canente
3506 4698 3734 4764 suorum
3788 4682 3938 4769 bera-

683 4766 830 4824 dros.
856 4766 1279 4824 'Carrueliticum
1301 4810 1316 4833 ,
1364 4766 1737 4823 Helimesdros.
1775 4767 1929 4822 Petiti
1957 4807 1970 4827 ,
2011 4766 2252 4819 Heli/tes-

684 4841 831 4893 drus.
850 4837 988 4893 Puto
1009 4857 1131 4894 esse
1158 4839 1295 4893 idem
1317 4855 1512 4892 nomen
1539 4856 1599 4893 ac
1617 4837 1932 4908 Ἐλιέζερος,
1956 4837 2248 4896 Eliezerus,

687 4909 985 4964 Damascus
1017 4910 1241 4974 Eliezer,
1282 4909 1480 4963 Cenes.
1515 4925 1582 4962 xv
1605 4950 1619 4970 ,
1654 4909 1720 4973 2,
1755 4924 1848 4976 per
1877 4925 2035 4976 quem
2069 4909 2248 4960 locum

683 4980 949 5034 evertitur
985 4980 1165 5032 fabula
1204 4981 1313 5032 hate
1339 5019 1353 5041 ,
1401 4994 1428 5031 a
1471 4979 1974 5046 pseudo-Clemente
2007 4993 2070 5029 ex
2121 4989 2252 5042 apo-

682 5051 890 5119 cryplto
917 5051 1217 5113 vetustiori,
1237 5059 1293 5102 ut
1317 5050 1548 5113 videtur,
1576 5050 1878 5119 desumpta.
1901 5048 2039 5119 Lege
2067 5046 2159 5099 lib.
2183 5060 2244 5103 ll,

683 5117 802 5188 cap.
843 5120 913 5184 ις
964 5119 1286 5174 Clementina
1331 5121 1518 5174 bomil.
1571 5120 1624 5183 2,
1674 5136 1726 5171 n.
1781 5118 1829 5182 1,
1880 5128 1932 5172 et
1982 5117 2246 5184 Epitumes

682 5205 804 5258 cap.
894 5190 984 5244 20.

756 5255 866 5330 (55)
923 5259 1265 5328 Septuaginta
1317 5259 1441 5330 duo.
1505 5257 1774 5330 Numerus
1817 5257 1925 5330 iste
1966 5271 2070 5309 non
2123 5255 2250 5330 con?-

682 5327 810 5383 Stal.
830 5327 1231 5399 Con_staret762,
1261 5331 1387 5399 quia
1417 5329 1508 5394 62,
1540 5345 1662 5383 cum
1697 5327 1985 5381 duodecim
2019 5327 2247 5399 patriar-

681 5399 800 5454 cliis
838 5409 890 5452 et
929 5394 1369 5462 JacoboJaeiﬁnt
1411 5401 1476 5454 75
1498 5440 1512 5464 ,
1547 5407 1678 5468 quot
1711 5407 1987 5466 ponuntur
2021 5394 2048 5448 a
2083 5394 2244 5468 LXX.

681 5467 876 5523 Genes.
910 5486 1054 5532 XLVI,
1079 5471 1167 5531 ‘27,
1193 5476 1246 5524 et
1270 5469 1439 5525 Exod.
1476 5488 1514 5531 ι,
1547 5467 1599 5532 5,
1627 5471 1857 5537 indeque
1880 5469 2000 5519 Act.
2027 5483 2122 5528 vu,
2159 5467 2243 5537 M.

753 5540 865 5608 (54)
908 5539 1063 5593 Intra
1091 5557 1251 5593 annos
1285 5541 1709 5609 quadringentos.
1730 5536 2002 5593 Gencseos
2046 5553 2132 5599 xv,
2158 5536 2243 5600 15,

683 5609 772 5663 ubi
802 5610 1125 5663 consulendi
1154 5612 1494 5677 interpretes.

752 5680 887 5748 (ἥδ).
910 5680 1009 5732 Per
1039 5680 1215 5748 longos
1252 5682 1428 5745 eremi,
1479 5690 1583 5734 etc.
1620 5678 1694 5731 ita
1741 5679 1859 5747 lego
1901 5679 1954 5729 in
1987 5692 2236 5730 sermone

685 5746 916 5803 suam
953 5746 1284 5806 confessoris
1305 5793 1318 5814 ,
1352 5766 1469 5822 cap.
1501 5751 1533 5804 5
1570 5772 1580 5804 ι
1620 5746 1813 5804 Omnes
1840 5750 2000 5822 igitur
2022 5764 2236 5818 sequen-

2345 5675 2530 5730 δωλον,
2564 5671 2595 5740 ἢ
2631 5671 2803 5733 τοῦδε,
2846 5670 2878 5738 ἢ

2342 5743 2542 5819 χρυσὸν
2585 5732 2674 5792 ἐπὶ
2712 5732 2798 5793 τὸν
2827 5732 3047 5808 «eam
3083 5736 3294 5789 εἴδωλον
3329 5735 3466 5804 ὅπερ
3500 5734 3568 5786 ἂν
3620 5732 3796 5806 τύκῖῧ
3849 5743 3932 5784 χιι

2361 4766 2535 4816 thrum
2583 4753 2815 4835 ingresso
2862 4763 2993 4835 (nim
3041 4757 3305 4826 ingressi),
3341 4753 3738 4833 notjisrimoque
3783 4755 3939 4835 plebis

2358 4835 2456 4887 Dei
2479 4835 2545 4885 ad
2577 4825 2820 4884 na’turale
2853 4825 3000 4882 littus
3043 4825 3390 4894 transgresso.
3424 4825 3498 4874 ita
3520 4832 3646 4875 sunt
3675 4825 3938 4894 montibus

2359 4920 2616 4974 aquarum
2664 4901 2920 4974 involuti,
2951 4908 3011 4974 ut
3053 4893 3230 4950 nullus
3277 4902 3567 4974 remanere:
3606 4893 3699 4960 qui
3742 4893 3938 4974 [actem

2359 4961 2500 5026 domi
2533 4971 2882 5025 residentibus
2909 4961 3120 5036 referre
3160 4967 3433 5032 potuisset.
3478 4961 3542 5036 Et
3572 4976 3699 5030 cap.
3737 4965 3770 5014 6
3809 4982 3821 5014 ;
3861 4963 3941 5014 Si:

2356 5061 2440 5096 eos
2470 5060 2560 5113 per
2589 5043 2864 5113 desertum_
2892 5031 3244 5113 quudraqintu
3284 5050 3446 5086 annos
3474 5031 3551 5113 ad,
3576 5042 3780 5113 terrain
3823 5051 3938 5110 pm.

2350 5101 2615 5167 missionis
2633 5101 3002 5172 circumdtticit,
3021 5101 3183 5158 donec
3196 5108 3552 5157 desuescerent
3570 5101 3936 5154 idololatrian:

2351 5185 2413 5236 de
2444 5201 2546 5252 qua
2563 5191 2712 5234 erant
2738 5180 2931 5243 educti,
2963 5186 3010 5230 et
3039 5192 3195 5248 quam
3218 5175 3507 5241 ubicunque
3526 5172 3768 5225 venirent
3791 5183 3939 5224 erant

2350 5253 2630 5307 inventuri.

2423 5324 2534 5392 (56)
2577 5322 2706 5386 Qua:
2751 5321 2941 5388 species
2975 5318 3097 5379 cibi,
3130 5323 3237 5368 etc.
3275 5312 3518 5392 Desine“
3561 5314 3632 5366 ad
3663 5315 3856 5365 locum
3891 5312 3940 5363 li-

2352 5383 2435 5449 bri
2461 5383 2923 5462 sapientiam'cap.
2959 5404 3072 5448 va,
3099 5402 3242 5462 vers.
3275 5384 3369 5462 20,

2423 5451 2552 5534 (257)-
2578 5461 2687 5529 Ipsi
2717 5451 3001 5534 secundum
3025 5457 3244 5534 speciem
3273 5451 3934 5534 epidis...__ndoraverur:t.

2356 5521 2753 5587 Scribittamen
2779 5532 2926 5582 hunc
2950 5531 3000 5580 in
3026 5521 3242 5579 modum
3269 5522 3506 5577 Joannes
3526 5521 3931 5582 Damasceuus,

2355 5621 2442 5668 ιιι,
2473 5613 2656 5655 contra
2699 5598 3070 5668 Ieonomachos
3271 5593 3680 5668 {deindein}
3713 5594 3839 5653 Διὸς
3871 5595 3934 5668 s3-

2915 5667 3087 5731 τοῦδε,
3129 5666 3239 5718 ἀλλ’
3275 5664 3348 5724 ὼς
3387 5663 3575 5730 ἔτυχεν
3607 5663 3824 5715 ἔδωκαν
3853 5663 3934 5712 τὸν
