4050 6336
139 411 273 471 1229

1324 406 1895 467 RECOGNITIONUM
1930 407 2057 464 LIB.
2097 411 2134 463 Ι.

3262 410 3418 467 125οι

135 540 257 599 post
294 537 375 584 tot
429 544 494 583 ac
535 535 686 583 tanta
733 544 854 598 qua:
883 529 1134 583 viderant
1159 525 1452 587 mirabilia,
1502 523 1703 578 veteris
1731 527 1781 584 Α
1882 521 2348 594 XXXVllngitur
2374 521 2588 593 Moyses
2602 521 2671 589 ⁸⁸,
2705 521 2792 578 his
2820 521 3254 590 administratis,
3287 525 3401 580 Au-

131 621 540 675 consuetudinis
582 618 773 675 sordes
823 620 1048 674 elimare
1109 635 1140 672 a
1193 633 1252 671 se
1302 625 1464 684 atque
1499 615 1714 669 abster-

131 726 256 779 gere
286 710 669 780 nequiverunt.
703 708 768 761 Et
801 708 869 763 Ob
889 709 990 764 hoc
1023 709 1202 763 brevis
1235 707 1398 777 spatii
1434 706 1538 758 iter
1560 705 1710 774 quod

131 817 193 854 ex
222 799 455 870 Egypto
481 801 632 854 ducit
671 798 739 852 ad
764 796 1003 852 Iudaeam
1046 798 1358 866 relinquens
1377 837 1391 858 ,
1443 795 1710 848 immenso

129 892 298 945 eremi
344 890 552 944 ambitu
610 889 720 957 egit
747 903 844 942 eos
883 887 1118 957 Moyses,
1166 885 1213 940 si
1246 883 1386 937 forte
1408 879 1609 952 possit,
1649 889 1708 933 ut

128 984 382 1053 superius
455 981 918 1044 memoravimus,
983 988 1212 1033 vetustte
1278 974 1705 1030 consuetudinis

127 1077 269 1130 mala
335 1075 561 1130 novellae
626 1073 991 1130 institutionis
1059 1070 1465 1144 permutatione
1519 1069 1706 1123 discu-

126 1175 262 1219 tere.

201 1238 443 1310 XXXVI.
498 1255 633 1312 Cum
668 1254 884 1310 interim
925 1252 1099 1308 ﬁdelis
1125 1259 1180 1306 et
1214 1252 1453 1321 prudens
1483 1250 1703 1320 dispen-

123 1355 276 1402 sator
325 1346 534 1424 Moyses
581 1346 896 1421 pervidens,
953 1344 1153 1413 populo
1190 1357 1257 1396 ex
1309 1340 1700 1411 Egyptiorum

121 1438 397 1496 consortio
420 1443 583 1494 altius
617 1437 919 1494 inolevissc
940 1434 1129 1490 vitium
1156 1432 1320 1486 idolis
1356 1429 1697 1489 immolandi,

114 1546 217 1588 nec
247 1549 408 1604 posse
442 1533 510 1587 de
538 1534 618 1589 eis
654 1533 895 1587 radicem
930 1527 1058 1584 mali
1095 1525 1260 1592 hujus
1289 1523 1489 1586 excidi,
1511 1523 1702 1575 immo-

114 1625 230 1679 lare
276 1624 498 1694 quidem
544 1625 624 1678 eis
665 1621 963 1686 concessit,
1017 1617 1112 1676 sed
1143 1615 1254 1670 Deo
1297 1615 1400 1670 soli
1443 1615 1548 1668 hoc
1579 1612 1696 1667 ﬁeri

115 1718 388 1785 permisit,
423 1724 482 1769 ut
522 1715 760 1770 mediam
787 1711 1194 1783 quodammodo
1224 1714 1434 1780 partem
1469 1705 1584 1759 vitii
1618 1706 1698 1758 al-

110 1809 224 1862 tius
246 1808 421 1862 inoliti
461 1813 734 1862 resccaret
758 1824 772 1872 ;
802 1806 963 1861 aliam
993 1819 1122 1858 vero
1137 1802 1393 1866 mediam,
1414 1813 1510 1867 per
1529 1796 1695 1850 alium

107 1909 165 1955 et
213 1900 283 1954 ad
330 1900 479 1954 aliud
537 1907 753 1968 tempus
789 1902 1094 1951 reservaret
1132 1891 1528 1948 emenda'ndam
1553 1930 1565 1951 ,
1602 1903 1700 1973 per

107 1993 264 2046 illum
313 1993 542 2053 scilicet,
595 1991 662 2045 de
691 2006 799 2060 quo
828 1990 944 2059 ipse
966 1988 1106 2042 dixit
1132 2004 1145 2040 :
1192 1985 1512 2055 PrOphetam
1543 1982 1684 2035 vobis

103 2085 384 2138 suscitabit
419 2083 530 2153 (58)
565 2082 818 2136 Dominus
847 2080 987 2134 Deus
1026 2089 1191 2134 vester
1222 2079 1355 2131 sicut
1388 2093 1488 2140 me,
1522 2077 1692 2145 ipsum

103 2176 292 2229 audite
331 2176 618 2229 secundum
673 2175 848 2235 omnia
871 2161 987 2243 quia
1016 2173 1211 2224 dixerit
1244 2169 1411 2224 vobis.
1454 2170 1687 2236 Quium-

99 2284 202 2336 σιω
227 2267 361 2320 enim
379 2283 481 2321 non
500 2265 729 2320 audierit
743 2265 1048 2335 prophetam
1066 2263 1237 2329 illum,
1255 2261 1694 2316 exterminabitur

97 2360 284 2411 anima
306 2358 419 2426 ejus
443 2358 504 2410 de
525 2357 717 2426 populo
752 2372 847 2410 suo
868 2356 936 2411 “.

182 2448 448 2503 XXXVII.
476 2450 556 2504 Ad
602 2451 715 2503 haec
742 2455 924 2502 autem
977 2451 1140 2502 etiam
1174 2447 1354 2501 locum
1388 2446 1598 2511 statuit,
1633 2445 1688 2498 in

96 2558 213 2612 quo
251 2543 368 2597 solo
403 2543 593 2596 liceret
629 2541 709 2596 eis
758 2541 1044 2594 immolare
1084 2539 1196 2594 Deo
1218 2540 1283 2594 ⁸³.
1335 2538 1452 2593 Hoc
1509 2545 1689 2592 autem

96 2642 275 2688 totum
305 2648 370 2688 eo
413 2641 710 2704 prospectu
748 2632 1062 2703 gerebatur,
1089 2637 1148 2684 ut
1185 2646 1308 2684 cum
1339 2638 1557 2700 tempus
1585 2645 1689 2699 op-

96 2736 395 2796 portunum
426 2728 666 2781 venisset
716 2734 769 2780 et
805 2724 1131 2780 didicissent
1183 2739 1278 2794 per
1339 2723 1682 2794 prophetam,

99 2819 234 2887 quia
267 2816 409 2872 Deus
448 2816 880 2871 misericordiam
908 2816 1014 2870 vult
1042 2822 1094 2869 et
1126 2830 1233 2868 non
1257 2814 1590 2871 sacrificium
1613 2813 1684 2878 ⁸⁵,

92 2905 348 2965 viderent
374 2923 498 2962 eum
531 2908 626 2976 qui
675 2921 770 2962 eos
814 2905 1033 2960 doceret
1085 2906 1264 2959 locum
1318 2904 1416 2959 Dei
1446 2906 1679 2960 electum

91 3012 222 3052 esse
243 3000 564 3068 sapientiam
594 2999 742 3067 ejus,
778 3001 831 3053 in
861 3014 970 3069 quo
1000 2999 1319 3053 conveniret
1351 2998 1534 3052 oll'erri
1579 2998 1681 3052 ho-

92 3084 233 3140 stias
276 3087 404 3151 Deo,
432 3089 577 3142 hunc
602 3097 781 3143 autem
813 3089 992 3154 locum
1013 3129 1027 3153 ,
1059 3089 1152 3159 qui
1183 3089 1250 3142 ad
1287 3096 1500 3158 tempus
1531 3088 1684 3143 vide-

92 3169 259 3231 batur
295 3171 537 3244 electus,
589 3181 998 3235 incursionibus
1056 3181 1296 3235 hostium
1336 3188 1391 3235 ct
1448 3181 1679 3238 excidiis
1710 3215 1750 3270 C

89 3283 241 3340 saepe
300 3280 576 3336 vexatum,
638 3279 691 3326 et
732 3271 799 3324 ad
857 3273 1110 3325 ultimum
1150 3288 1369 3342 quoque
1427 3271 1681 3328 audirent

91 3362 316 3430 penitus
373 3349 817 3415 excidendum”.
868 3363 927 3415 ln
975 3362 1134 3431 cujus
1194 3365 1272 3417 rei
1323 3362 1481 3417 Iidem
1514 3363 1680 3418 etiam

89 3457 223 3504 ante
254 3448 544 3504 adventum
605 3450 718 3505 veri
771 3452 1083 3521 prophetae,
1140 3453 1232 3521 qui
1264 3460 1409 3508 esset
1469 3453 1680 3508 hostias

87 3553 222 3591 cum
275 3539 395 3592 loco
437 3539 644 3608 pariter
679 3541 1087 3610 repudiaturus,
1135 3557 1277 3611 διῆρε
1316 3543 1384 3596 ab
1429 3543 1678 3603 hostibus

89 3628 384 3696 populatus
424 3636 508 3682 est
557 3638 608 3683 et
641 3629 764 3699 igne
811 3629 1110 3694 incensus;
1145 3640 1308 3700 atque
1340 3634 1393 3684 in
1439 3633 1671 3702 captivi—

88 3727 263 3772 tatem
327 3720 564 3789 pOpulus
601 3719 875 3776 abductus
937 3724 989 3775 in
1038 3732 1253 3776 exteras
1303 3724 1574 3787 nationes,
1625 3733 1679 3778 et

85 3810 290 3867 exinde
321 3829 445 3865 cum
486 3813 553 3866 ad
583 3813 1014 3867 misericordiam
1051 3809 1142 3869 Dei
1170 3814 1488 3884 confugeret
1521 3832 1678 3870 revo-

84 3913 250 3959 catus
296 3906 414 3969 est,
461 3913 518 3958 ut
553 3920 648 3974 per
694 3905 807 3959 ιιωο
866 3904 1174 3968 doceretur,
1228 3907 1355 3976 quia
1407 3907 1678 3961 saerilicia

84 3989 328 4049 oﬂerens
366 3997 660 4066 expellitur
691 4003 746 4048 et
785 3996 840 4048 in
895 4011 1090 4050 manus
1130 3998 1368 4050 hostium
1411 3998 1668 4064 traditur,

84 4084 525 4141 misericordiam
557 4101 686 4140 vero
719 4085 923 4140 faciens
956 4097 1008 4141 et
1059 4089 1352 4157 justitiam,
1412 4091 1530 4144 sine
1580 4105 1670 4145 sa-

82 4176 316 4231 criﬁciis
346 4177 414 4234 de
444 4180 755 4247 captivitate
774 4182 1037 4242 liberatur
1062 4190 1114 4234 et
1136 4181 1188 4234 in
1211 4191 1411 4235 terram
1438 4183 1671 4250 patriam

84 4263 419 4321 restituitur.
471 4264 578 4323 Sed
636 4267 738 4324 hoc
770 4271 1072 4340 intelligere
1121 4285 1325 4338 paucos
1383 4272 1674 4324 admodum

83 4355 311 4410 accidit.
345 4355 537 4414 Plures
572 4359 716 4413 enim
739 4361 953 4415 etiamsi
990 4361 1194 4416 sentire
1233 4362 1348 4415 haec
1388 4371 1443 4416 ct
1480 4364 1677 4416 adver-

83 4452 208 4500 tere
238 4455 510 4516 poterant,
543 4450 688 4519 vulgi
722 4452 1228 4506 tamenirrationali
1248 4453 1505 4521 opinione
1531 4464 1675 4508 tene-

1814 626 1912 665 sen
1950 611 2242 681 quemdam
2284 614 2508 667 nomine
2539 628 2867 682 praeponens
2898 614 3102 684 populo
3123 652 3138 678 ,
3171 613 3266 684 qui
3300 629 3399 670 eos

1812 712 2094 758 revocaret
2146 704 2216 758 ad
2266 711 2499 774 patriam
2555 713 2797 768 terram,
2855 704 2973 775 ipse
3026 704 3093 760 ad
3151 715 3397 761 montem

1810 795 2104 864 quemdam
2135 805 2408 866 praecepto
2459 793 2548 851 Dei
2601 795 2840 852 viventis
2888 795 3226 862 ascendens,
3281 799 3396 854 illic

1809 886 2102 943 defunctus
2151 899 2278 954 est;
2329 888 2491 958 cujus
2543 894 2728 943 tamen
2781 888 2913 943 talis
2965 889 3069 943 fuit
3117 904 3301 952 mors,
3336 897 3398 944 ut

1810 995 1988 1049 usque
2016 979 2072 1033 in
2105 979 2434 1035 hodiernum
2463 980 2606 1034 diem
2654 980 2996 1050 sepulturam
3043 981 3167 1049 ejus
3208 982 3396 1036 nullus

1809 1070 2100 1125 invenerit.
2134 1068 2204 1125 Ut
2234 1086 2362 1141 ergo
2388 1072 2624 1141 populus
2655 1073 2893 1141 patrium
2920 1058 3149 1142 contigit
3178 1073 3351 1128 solum
3373 1111 3394 1138 ,

1805 1175 1903 1231 per
1947 1161 2351 1230 providentiam
2397 1160 2491 1217 Dei
2534 1161 2711 1230 primo
2752 1163 2939 1217 statim
2989 1161 3244 1233 ingressu
3286 1162 3397 1217 ini~

1804 1269 2036 1323 quarum
2077 1254 2323 1324 gentium
2371 1253 2709 1308 habitatores
2745 1252 3025 1323 fugantur,
3059 1262 3113 1309 et
3141 1255 3244 1324 ipsi
3276 1254 3394 1310 ha:-

1805 1344 2094 1399 reditatcm
2128 1355 2412 1414 paternam
2442 1344 2630 1412 judice
2679 1353 2829 1400 sorte
2871 1346 3204 1416 suscipiunt.
3251 1346 3392 1401 Tum

1802 1436 2001 1493 deinde
2059 1454 2156 1508 per
2214 1439 2554 1508 aliquantum
2602 1438 2864 1509 temporis
2904 1437 3220 1508 judicibus,
3278 1456 3390 1495 non

1799 1531 2023 1602 regibus
2056 1531 2344 1600 gubernari
2369 1570 2384 1596 ,
2418 1538 2562 1585 statu
2594 1529 2982 1599 tranquilliora
3015 1529 3288 1586 durarunt
3316 1525 3386 1586 ".

1800 1616 1904 1672 Ubi
1935 1634 2066 1673 vero
2095 1626 2358 1689 tyrannos
2389 1619 2494 1674 sibi
2525 1619 2697 1689 magis
2729 1619 3035 1690 quzesivere
3075 1635 3240 1691 quam
3287 1636 3378 1676 re—

1798 1724 1928 1778 ges,
1978 1717 2111 1763 tunc
2155 1710 2318 1763 etiam
2369 1711 2423 1764 in
2471 1710 2622 1774 loco,
2652 1711 2745 1784 qui
2791 1713 2871 1766 eis
2902 1711 3174 1768 orationis
3215 1727 3386 1768 causa

1805 1799 1984 1854 fuerat
2029 1800 2486 1870 prindestinatus,
2523 1802 2784 1872 templum
2818 1817 2916 1872 pro
2949 1803 3249 1858 ambitione
3292 1819 3386 1858 re.

1803 1892 1890 1962 gia
1921 1900 2315 1958 construxcre,
2349 1901 2405 1948 et
2435 1893 2513 1948 sic
2547 1908 2643 1963 per
2673 1881 2920 1949 ordinem
2953 1895 3174 1965 regibus
3203 1894 3388 1966 impiis

1801 1984 1904 2039 sibi
1936 1985 2170 2039 invicem
2203 1984 2632 2039 succedentibus
2658 2026 2672 2051 ,
2704 1985 2773 2039 ad
2802 1986 3042 2056 majores
3074 1985 3388 2058 impietates

1799 2076 1964 2131 etiam
1998 2077 2235 2146 populus
2266 2077 2582 2131 declinavit.

1869 2158 2114 2224 XXXIX.
2159 2166 2230 2222 Ut
2259 2173 2440 2223 autem
2472 2176 2690 2238 tempus
2723 2169 2918 2224 adesse
2949 2170 3145 2242 erepit,
3177 2186 3287 2242 quo
3328 2158 3385 2226 id

1795 2260 1940 2330 quod
1969 2259 2161 2315 deesse
2189 2260 2392 2332 Moysis
2443 2261 2711 2316 institutis
2751 2261 2991 2316 diximus
3035 2263 3382 2334 impleretur,

1793 2361 1846 2408 et
1886 2353 2149 2423 propheta
2186 2369 2345 2423 quem
2386 2353 2747 2424 prtecinuerat
2787 2361 3114 2424 appareret,
3150 2355 3244 2424 qui
3286 2361 3383 2410 e08

1794 2448 1972 2520 primo
2027 2463 2122 2517 per
2172 2447 2610 2501 misericordiam
2657 2445 2752 2501 Dei
2799 2443 3048 2502 moneret
3091 2459 3311 2502 cessare
3351 2463 3383 2501 a

1791 2539 2114 2604 sacrificiis,
2148 2545 2203 2592 et
2235 2555 2300 2593 ne
2335 2537 2474 2593 forte
2503 2547 2759 2608 putarent
2789 2537 3141 2593 cessantibus
3180 2538 3382 2596 hostiis

1793 2633 2178 2687 remissionem
2214 2631 2319 2686 sibi
2354 2647 2463 2685 non
2515 2631 2628 2685 fieri
2671 2637 3059 2700 peccatorum,
3107 2632 3381 2702 baptisma

1787 2723 1868 2778 eis
1899 2738 1995 2793 per
2023 2738 2221 2792 aquam
2259 2723 2483 2787 statuit,
2515 2723 2569 2775 in
2599 2737 2709 2792 quo
2739 2723 2805 2776 ab
2838 2722 3093 2778 omnibus
3129 2725 3373 2794 peccatis

1787 2814 2046 2868 invocato
2093 2814 2215 2883 ejus
2259 2814 2483 2866 nomine
2527 2812 2894 2876 solverentur,
2946 2813 3000 2866 et
3044 2811 3113 2868 de
3157 2809 3374 2886 reliquo

1785 2906 2083 2976 perfectam
2116 2906 2285 2959 vitam
2333 2913 2627 2973 sequentes
2659 2903 2714 2956 in
2747 2901 3165 2960 immortalitate
3210 2905 3378 2960 dura-

1784 3006 1946 3061 rent,
1998 3013 2108 3050 non
2161 2991 2435 3066 pecudum
2489 2995 2759 3064 sanguine
2807 2998 2903 3049 sed
2949 2995 3232 3066 sapientia:
3280 2995 3376 3054 Dei

1787 3089 2169 3160 purificatione
2205 3089 2442 3158 purgati.
2493 3086 2738 3157 Denique
2786 3085 2952 3141 etiam
3000 3087 3103 3142 hoc
3146 3090 3375 3158 ponitur

1784 3180 2006 3236 evidens
2052 3180 2233 3250 magni
2290 3179 2539 3250 mysterii
2585 3179 2749 3246 hujus
2796 3176 3060 3231 indicium
3110 3179 3254 3247 (59),
3313 3188 3375 3234 ut

1784 3272 1965 3327 omnis
2012 3271 2107 3342 qui
2152 3270 2382 3326 credens
2437 3269 2719 3339 prophetae
2760 3268 2889 3322 huic
2916 3308 2930 3330 ,
2977 3268 3069 3338 qui
3112 3274 3142 3323 a
3187 3263 3375 3341 Moyse

1788 3364 2086 3435 praedictus
2131 3371 2247 3428 est,
2299 3363 2614 3433 baptizatur
2658 3362 2712 3415 in
2767 3355 2988 3414 nomine
3034 3360 3249 3430 ipsius,
3302 3361 3372 3416 ab

1781 3457 2001 3512 excidio
2033 3447 2159 3511 belli
2189 3455 2336 3526 quod
2370 3454 2666 3508 incredulae
2697 3453 2846 3524 genti
2873 3453 3122 3507 imminet
3151 3467 3215 3506 ac
3249 3453 3371 3508 loco

1781 3550 1922 3620 ipsi,
1960 3557 2209 3605 servetur
2242 3548 2477 3610 illaesus,
2509 3562 2617 3600 non
2645 3545 2932 3599 credentes
2962 3559 3090 3598 vero
3122 3552 3370 3600 extorres

1781 3641 1904 3694 loco
1939 3645 1992 3694 et
2021 3653 2191 3707 regno
2224 3639 2353 3691 [iant
2375 3678 2390 3702 ,
2426 3647 2486 3692 ut
2515 3638 2600 3692 vel
2633 3637 2786 3691 inviti
2823 3636 3131 3706 intelligant
3158 3644 3211 3691 et
3237 3637 3371 3692 obo-

1781 3733 1936 3786 diant
1967 3730 2239 3785 voluntati
2274 3729 2389 3785 Dei.

1848 3823 1960 3877 XL.
1981 3823 2075 3877 llis
2106 3823 2272 3891 igitur
2304 3819 2813 3890 itaprreordinatis,
2855 3815 3014 3874 adest
3044 3820 3138 3890 qui
3170 3833 3369 3888 exspe-

1781 3917 2059 3978 ctabatur,
2094 3914 2298 3968 indicia
2332 3913 2417 3967 sui
2450 3911 2652 3983 quibus
2685 3913 2838 3966 fieret
2880 3912 3237 3976 manifestus,
3287 3912 3367 3966 si-

1779 4022 1882 4078 gna
1932 4015 1985 4060 et
2032 4004 2281 4075 prodigia
2324 4001 2607 4058 deferens.
2670 4000 2776 4056 Sed
2809 4018 2878 4056 ne
2910 4001 2989 4055 sic
3018 4001 3236 4071 quidem
3271 4015 3370 4070 po-

1781 4093 1944 4162 pulus
1981 4091 2254 4155 credidit,
2300 4091 2392 4160 qui
2441 4090 2508 4143 ad
2555 4090 2670 4143 haec
2709 4089 2983 4143 credenda
3028 4097 3107 4144 tot
3146 4089 3366 4144 saeculis

1779 4184 2027 4239 eruditus
2063 4190 2145 4238 est
2175 4201 2190 4249 ;
2224 4191 2279 4236 et
2309 4198 2418 4235 non
2451 4182 2629 4236 solum
2665 4197 2775 4235 non
2820 4180 3083 4245 credidit,
3131 4182 3224 4236 sed
3268 4181 3366 4234 ad-

1780 4276 1918 4330 didit
1947 4274 2252 4328 inlidelitati
2302 4273 2738 4343 blasphemiam,
2784 4280 3041 4326 ‘voracem
3084 4272 3361 4326 hominem

1779 4374 1832 4421 et
1866 4365 2402 4420 ventri~scrvientem
2436 4364 2502 4428 ⁸⁸,
2537 4379 2600 4418 ac
2630 4363 2877 4418 daemone
2922 4363 3008 4433 agi
3051 4378 3174 4417 eum
3203 4403 3218 4427 ,
3263 4364 3360 4434 qui

1779 4455 1849 4508 ob
1877 4455 2107 4507 salutem
2140 4468 2296 4509 suam
2329 4461 2586 4515 venerat,
2631 4437 2854 4507 dicens.
2902 4450 2959 4506 In
3003 4459 3217 4506 tantum
3263 4470 3363 4509 ne-

77 4535 310 4592 bantur.
361 4537 665 4595 Paucorum
689 4558 926 4612 namque
956 4551 1041 4597 est
1087 4553 1235 4599 recta
1262 4559 1387 4598 cum
1419 4545 1674 4600 libertate
1707 4556 1750 4609 1)
1782 4548 1956 4617 quitia
1999 4547 2274 4600 malorum
2325 4545 2650 4599 ministeriis
2691 4546 2866 4607 valet,
2919 4545 3068 4616 quod
3113 4545 3220 4600 nisi
3258 4545 3360 4599 Sa-

82 4631 389 4686 sententia.

1778 4639 1982 4710 pientia
2029 4637 2125 4691 Dei
2169 4636 2436 4692 adfuisset
2483 4637 2569 4691 his
2608 4638 2703 4707 qui
2752 4638 2988 4710 diligunt
3030 4642 3358 4708 verit-atem.

251 4761 592 4864 Deut.xvm_,
630 4793 858 4864 15;Act.
890 4809 969 4855 ιιι,
1002 4793 1213 4856 22,25.
1292 4796 1339 4826 ⁸³
1372 4795 1527 4849 Deut.
1587 4813 1684 4858 xu,
1739 4796 1827 4860 il;
1879 4794 1921 4849 ll
1982 4795 2160 4850 l’aral.
2213 4811 2310 4860 vu,
2369 4795 2456 4850 12.
2536 4797 2580 4829 “
2624 4796 2814 4853 Matth.
2876 4814 2952 4862 ix,
3014 4799 3097 4864 l3;
3147 4817 3248 4863 xu.
3301 4801 3355 4854 7.

83 4859 128 4890 "
166 4857 360 4914 Matth.
389 4876 536 4924 xxiv,
561 4862 596 4913 εὶ
620 4881 634 4928 ;
662 4862 795 4917 Luc.
817 4880 931 4928 ιιι,
957 4864 1044 4918 44.

1139 4864 1180 4894 ³η
1215 4864 1372 4919 Deut.
1403 4883 1554 4929 xxxi,
1592 4883 1760 4930 χχχιι,
1802 4882 1983 4921 xxxnv.

2083 4868 2126 4898 ιτ
2171 4865 2184 4919 |
2219 4864 2349 4935 Reg.
2379 4881 2496 4922 \‘lll.
2580 4867 2623 4898 ⁸⁸
2665 4867 2852 4922 Matth.
2886 4885 2960 4934 ix;
2992 4869 3152 4925 Joan.
3188 4888 3282 4926 vn.

1388 5038 1521 5094 COT
1531 5039 1753 5094 ELERll
1815 5041 2044 5113 ΝΟΤίΕ.

80 5193 648 5266 ἀνῆλθεν-ὲκξιὺπωμα
681 5193 995 5266 βουκρἁνου.
1036 5196 1086 5248 ld
1122 5205 1202 5249 est
1232 5216 1244 5250 :
1279 5195 1400 5248 Non
1425 5199 1560 5249 enim
1593 5199 1662 5266 fc-

81 5262 270 5319 cerimt
299 5262 465 5326 laris,
497 5275 586 5316 aut
617 5265 771 5330 hujus
802 5262 1004 5319 illiusve
1034 5268 1398 5324 simulacrum.
1426 5269 1514 5320 sed
1541 5262 1663 5320 abs-

79 5352 183 5406 que
220 5344 368 5406 certo
400 5335 615 5386 consilio
664 5352 851 5386 aurum
883 5337 1133 5388 dederunt
1177 5348 1228 5388 ut
1274 5340 1418 5405 [ἔθνει
1464 5339 1663 5391 idolum

79 5405 433 5474 quodcunque
452 5422 564 5457 sors
596 5406 901 5467 obtulisset;
935 5417 1086 5475 atque
1114 5409 1186 5458 ita
1217 5411 1341 5459 exiit
1376 5409 1546 5461 borini
1574 5426 1663 5460 ca-

77 5477 209 5543 pitis
239 5476 450 5542 efﬁgies.

158 5545 273 5613 (58)
321 5544 632 5611 Prophetam
672 5544 812 5597 vobis
837 5547 1132 5607 suscitabit,
1163 5557 1267 5601 etc.
1297 5547 1462 5602 Recte
1491 5566 1660 5602 mem—

80 5618 271 5671 brana:
287 5613 464 5683 Regize
479 5626 526 5666 et
546 5616 602 5667 P.
628 5615 804 5678 Ριτιιιι,
826 5634 962 5684 ιμιςις.
982 5633 1089 5685 ριξρ
1107 5621 1284 5672 oculis
1308 5623 1477 5670 Labeo
1500 5637 1510 5669 :
1533 5620 1667 5672 Deus

82 5696 254 5740 vester
282 5687 416 5737 sicut
455 5703 532 5738 me
558 5700 575 5738 :
621 5688 790 5750 ipsum
818 5687 995 5739 audite
1015 5689 1295 5740 secundum
1331 5690 1523 5751 omnia,
1559 5701 1663 5743 etv,

83 5758 141 5809 In
167 5753 431 5829 Chronico
448 5755 860 5829 [larlct'iarioseu
883 5759 1272 5829 Alexandrino,
1296 5778 1341 5827 p.
1367 5762 1464 5810 180
1492 5779 1501 5811 :
1531 5762 1666 5829 [lpo-

83 5829 268 5906 φήτην
307 5827 431 5892 ὑμῖν
481 5827 766 5890 ἀναστήσει
813 5828 1012 5896 Κύριος
1054 5833 1080 5881 ὁ
1115 5831 1243 5890 Θεὸς
1273 5831 1334 5880 ἐκ
1368 5830 1472 5880 τῶν
1508 5827 1661 5881 ἀδέλ-

83 5897 206 5964 φών
239 5897 315 5957 ὡς
349 5897 462 5963 ἐμὲ.
516 5898 686 5946 Ᾱὺτῡῦ
736 5897 1022 5949 imissa“):
1060 5917 1195 5951 x111
1232 5902 1432 5952 πάντα,
1469 5904 1563 5952 ὅτα
1601 5904 1662 5952 ἂν

1771 5200 1899 5274 sirm
1915 5199 2049 5269 πρὸς
2063 5203 2228 5274 ὑμᾶς.
2248 5203 2437 5274 Ἔσται
2456 5203 2531 5274 62;,
2559 5204 2704 5274 πᾶσα.
2721 5203 2887 5274 ψυχὴ,
2911 5203 3030 5273 ἥτις
3048 5205 3146 5257 οὐκ
3169 5206 3352 5261 ἀκούει

1772 5269 2174 5343 τᾳῦλπροςρήτου
2205 5273 2429 5334 ἐκείνου,
2462 5269 2967 5343 ὲξολοθρεύθῆὲιὲτάι
3001 5276 3063 5328 ὲκ
3097 5275 3189 5328 τοῦ
3223 5277 3356 5332 λαοῦ

1775 5340 2294 5416 αὑτῆςηνέιεὶοιιρε
2320 5347 2480 5395 etiam
2524 5340 2746 5413 Syriaca
2790 5340 2841 5397 et
2878 5345 3111 5398 Arabica
3155 5362 3355 5416 agnos-

1771 5408 1923 5467 cunt.
1951 5408 2012 5462 de
2045 5414 2236 5478 populo
2265 5431 2379 5467 suo.

1842 5481 1955 5554 (.39)
2004 5481 2114 5533 Hoc
2137 5485 2348 5554 ponitur
2379 5484 2581 5537 evidens
2617 5485 2793 5552 magni
2819 5486 3054 5554 mysterii
3076 5486 3231 5551 hujus
3262 5488 3348 5538 iu-

1773 5549 2012 5624 diciunz,_
2032 5561 2137 5606 etc.
2176 5552 2230 5606 Si
2266 5556 2351 5606 cui
2389 5556 2488 5607 ista
2527 5565 2654 5607 sunt
2687 5549 2922 5607 obscura
2951 5594 2964 5615 ,
3006 5549 3151 5624 legat
3181 5558 3347 5610 Euse-

1777 5621 2104 5694 bium,flist.
2145 5625 2232 5678 lib.
2263 5638 2342 5684 ιιι,
2363 5641 2481 5694 cap.
2502 5626 2570 5690 ὅς
2612 5625 3000 5693 lipipltanium,
3039 5621 3227 5680 limresi
3256 5628 3344 5691 ‘29,

1774 5692 2013 5764 ιιιιιιιτ-Ίς
2046 5693 2175 5764 [μεν.
2211 5696 2299 5753 50,
2331 5692 2478 5748 illum.
2516 5697 2577 5756 :2;
2619 5692 2737 5749 Lib.
2790 5700 2851 5747 de
2892 5713 3052 5750 naeus.
3088 5708 3132 5747 rt
3161 5701 3345 5764 ροηά..

1770 5778 1888 5827 «ap.
1925 5762 2007 5838 Ni;
2043 5763 2430 5838 'l_'lioo-lnrillt_m
2462 5767 2525 5819 ad
2558 5766 2834 5819 Zacharia‘
2863 5784 2970 5830 xzv,
3003 5769 3054 5831 ‘3;
3085 5762 3350 5838 Nicepho-

1771 5846 1911 5892 rum,
1969 5834 2299 5898 Cedrcnum,
2364 5835 2698 5903 Frcculfum,
2756 5848 2864 5891 etc.
2922 5839 3005 5893 Ab
3050 5841 3116 5893 iis
3168 5834 3346 5895 lucent

1770 5912 1930 5968 putat.
