4066 6334
1517 385 1575 441 8.
1612 385 2014 443 CLEMENTIS
2044 386 2064 441 I
2098 385 2265 446 ROM.
2304 388 2508 447 ΡΟΝΤ.
2547 389 2779 447 OPERA
2815 390 3043 449 DUBIA.

3800 380 3919 458 issi

662 508 860 552 omnes
901 509 1044 565 pene
1085 493 1254 551 simul
1300 495 1504 568 impius
1555 511 1714 553 error
1763 499 2090 556 involveret.
2140 498 2255 556 Nos
2282 523 2330 581 Α
2360 502 2576 570 locum,
2629 520 2795 575 quem
2846 521 2958 560 non
3003 513 3233 577 potuere
3283 519 3662 580 resurgentem
3717 509 3918 579 tenere.

656 599 793 659 ergo
819 587 1030 659 primos
1059 589 1224 660 elegit
1266 588 1562 646 duodecim
1607 590 1712 647 sibi
1758 592 2082 657 credentes,
2113 607 2256 664 quos

665 681 954 752 apostolos
995 682 1305 736 nominavit
1335 681 1403 746 ⁸⁸,
1444 682 1797 752 postmodum
1845 683 1984 739 alios
2034 691 2259 755 septua-

659 773 810 844 ginta
838 772 983 828 duos
1013 773 1128 843 (40)
1174 774 1600 845 probatissimos
1644 772 1950 845 discipulos
1982 774 2052 839 ”,
2083 783 2144 830 ut
2173 774 2256 830 vel

658 861 766 919 hoc
794 863 958 920 modo
984 865 1263 935 recognita
1322 865 1562 936 imagine
1595 863 1801 936 Moysis
1827 864 2078 921 crederet
2108 865 2254 920 mul-

658 956 828 1012 titudc
867 956 938 1022 ’⁸,
971 959 1101 1028 quia
1134 959 1223 1014 hic
1253 965 1375 1026 est,
1404 972 1566 1030 quem
1599 958 1850 1029 praedixit
1881 958 2096 1025 Moyses
2123 975 2258 1015 ven-

658 1056 846 1104 turum
877 1052 1200 1121 prophetam
1233 1048 1305 1108 θ’.

729 1141 868 1199 XLI.
913 1141 1020 1198 Sed
1049 1141 1304 1198 fortassis
1332 1142 1478 1198 dicat
1504 1143 1708 1214 aliquis
1729 1185 1744 1210 ,
1770 1143 1897 1214 quia
1923 1142 2124 1198 imitari
2152 1159 2256 1197 nu—

658 1250 872 1291 merum
899 1235 1213 1305 cuicunque
1246 1236 1514 1306 possibile
1547 1245 1674 1302 est;
1709 1242 1763 1289 ct
1791 1233 1925 1304 quid
1973 1234 2038 1289 de
2082 1236 2256 1305 signis

656 1336 713 1382 et
761 1328 1065 1383 virtutibus
1124 1327 1314 1392 dicet,
1366 1345 1488 1398 quae
1545 1329 1648 1383 iste
1707 1328 1987 1383 faciebat?
2045 1328 2254 1382 Etenim

660 1418 874 1492 Moyses
902 1421 1136 1476 virtutes
1167 1430 1222 1475 et
1253 1422 1521 1476 sanitates
1565 1421 1773 1476 fecerat
1806 1421 1861 1474 in
1910 1419 2167 1491 Egypto.
2204 1419 2256 1475 Is

660 1527 882 1584 quoque
904 1552 920 1578 ,
954 1528 1120 1584 quem
1154 1513 1270 1583 ipse
1303 1513 1558 1583 praedixit
1589 1512 1732 1568 sicut
1762 1528 1822 1567 se
1853 1513 2034 1581 ipsum
2069 1527 2256 1567 surre-

660 1615 881 1659 cturum
914 1607 1237 1675 prephetam
1259 1647 1272 1668 ,
1304 1621 1431 1659 cum
1460 1620 1678 1659 onmem
1711 1606 2028 1674 languorem
2057 1611 2111 1658 et
2136 1619 2256 1660 om-

662 1705 786 1746 nem
818 1691 1189 1746 infirmitatem
1223 1705 1441 1747 curaret
1474 1692 1528 1746 in
1563 1695 1716 1762 plebe
1737 1734 1751 1757 ,
1783 1694 2015 1747 virtutes
2047 1693 2254 1748 faceret

662 1782 985 1840 innumeras
1008 1823 1023 1847 ,
1059 1785 1224 1837 vitam
1263 1786 1670 1856 evangelizaret
1705 1792 1964 1838 mternam
1987 1826 2002 1845 ,
2052 1786 2119 1838 ab
2150 1785 2255 1838 im-

2356 611 2574 666 magum
2610 596 2904 665 dicebant;
2938 597 3032 652 alii
3065 597 3340 654 finxerunt
3371 599 3614 658 furatum
3647 601 3719 658 ".

2429 685 2611 742 XLIII.
2654 686 3048 743 Verumtamen
3081 688 3284 746 veritas
3314 691 3517 762 ubique
3544 692 3822 749 vincebat.
3854 694 3921 750 Ad

2357 778 2621 834 Indicium
2645 780 2793 836 enim
2818 820 2833 842 ,
2860 779 3008 851 quod
3034 781 3148 835 haec
3180 781 3365 836 divina
3390 784 3592 839 virtute
3623 795 3922 854 agerentur,

2355 881 2459 921 nos
2498 868 2592 938 qui
2639 867 2923 924 fueramus
2968 869 3329 939 paucissimi,
3378 888 3642 943 processu
3669 868 3922 941 'dierutu,

2355 960 2689 1030 astipulante
2730 959 2864 1026 Deo,
2895 961 3069 1016 multo
3114 966 3302 1033 plures
3345 980 3512 1035 quam
3562 966 3640 1022 illi
3671 967 3927 1023 efﬁcieba-

2355 1060 2501 1106 mur,
2540 1046 2614 1099 ita
2656 1054 2716 1100 ut
2759 1048 3060 1118 aliquando
3102 1051 3551 1120 pertimescerent
3593 1055 3925 1119 sacerdotes,

2361 1151 2428 1190 ne
2450 1134 2590 1191 forte
2624 1152 2722 1207 per
2744 1136 2837 1193 Dei
2865 1140 3264 1207 providentiam
3295 1144 3362 1197 ad
3389 1143 3771 1202 confusionem
3796 1146 3928 1216 ipso-

2355 1243 2515 1291 rum,
2563 1228 2618 1282 in
2679 1227 2838 1284 fidem
2893 1241 3140 1286 nostram
3188 1233 3482 1290 universus
3525 1238 3764 1306 p0pulus
3809 1252 3929 1291 con-

2357 1321 2573 1374 veniret
2598 1338 2614 1388 ;
2644 1319 2971 1392 frequenter
3001 1324 3285 1380 mitlentes
3317 1327 3385 1381 ad
3418 1343 3521 1383 nos
3550 1329 3848 1398 rogabant,
3879 1336 3932 1382 ut

2356 1413 2437 1467 eis
2471 1413 2538 1467 de
2585 1411 2715 1468 Jesu
2761 1414 3199 1480 dissereremus,
3238 1417 3284 1472 si
3335 1417 3453 1489 ipse
3494 1430 3641 1476 esset
3679 1421 3932 1492 propheta

2355 1521 2516 1575 quem
2541 1505 2758 1576 Moyses
2788 1508 3042 1577 praedixit
3069 1549 3082 1571 ,
3110 1511 3202 1580 qui
3231 1518 3312 1565 est
3337 1510 3593 1567 Christus
3615 1521 3851 1567 aeternus
3869 1511 3932 1564 ’⁷.

2357 1597 2435 1652 De
2467 1599 2570 1652 hoc
2597 1600 2744 1653 enim
2781 1599 2900 1654 solo
2932 1600 3094 1654 nobis
3125 1602 3219 1671 qui
3247 1602 3587 1659 credidimus
3630 1604 3685 1657 in
3722 1602 3900 1659 .Iesum
3921 1643 3933 1664 .

2358 1691 2650 1746 adversum
2696 1707 2806 1746 non
2856 1693 3147 1749 credentes
3179 1693 3401 1750 .Iudteos
3431 1695 3656 1770 videtur
3689 1712 3811 1751 esse
3841 1695 3938 1749 dif-

2358 1785 2611 1840 ferentia.
2646 1783 2848 1840 Verum
2896 1801 3022 1840 cum
3073 1787 3388 1857 frequenter
3429 1805 3595 1856 super
3642 1790 3746 1843 hoc
3790 1804 3939 1858 roga—

663 1875 771 1944 piis
802 1885 962 1931 actus
990 1884 1075 1931 est
1111 1876 1164 1930 in
1198 1893 1417 1930 crucem
1449 1895 1462 1943 ;
1499 1877 1645 1948 quod
1685 1886 1864 1931 tamen
1901 1879 2105 1930 factum
2137 1879 2251 1931 vir-
2284 1873 2326 1932 Β
2355 1886 2516 1940 rent,
2565 1893 2667 1932 nos
2717 1887 2900 1933 autem
2953 1888 3325 1951 opportunum
3375 1888 3591 1951 tempus
3644 1881 3939 1951 requirere-

663 1976 781 2022 tute
825 1968 947 2037 ejus
987 1984 1314 2022 conversum
1351 1976 1433 2022 est
1479 1969 1532 2022 in
1581 1969 1803 2022 bonum.
1857 1968 2100 2038 Denique
2129 1983 2254 2021 cum

664 2068 970 2130 pateretur,
1006 2062 1186 2114 omnis
1220 2062 1266 2116 ei
1300 2076 1628 2129 compassus
1672 2072 1756 2115 cst
1799 2061 2085 2128 umndus;
2130 2075 2255 2116 nam

665 2161 720 2207 et
751 2152 834 2207 sol
865 2153 1197 2207 obscuratus
1228 2161 1311 2206 est
1335 2193 1348 2214 ,
1386 2162 1714 2223 montesque
1762 2152 1998 2221 disrupti
2022 2193 2034 2214 ,
2069 2159 2122 2206 et
2172 2166 2260 2205 se-

669 2244 859 2312 pulcra
890 2244 1163 2314 patefacta
1201 2253 1358 2307 sunt,
1387 2246 1568 2299 velum
1597 2246 1784 2315 templi
1813 2248 2045 2299 scissum
2077 2253 2161 2298 est
2188 2244 2256 2308 9’,

664 2337 816 2392 velut
849 2338 1158 2392 lamentans
1187 2339 1459 2392 excidium
1493 2339 1614 2391 loco
1645 2339 1955 2391 imminens.
1985 2336 2050 2388 Et
2076 2344 2258 2389 tamen

667 2445 793 2484 cum
825 2431 1011 2484 omnis
1043 2430 1281 2484 mundus
1309 2438 1620 2485 commotus
1651 2431 1758 2493 sit,
1795 2431 1896 2500 ipsi
1942 2431 2260 2483 etiamnunc

668 2521 737 2575 ad
771 2523 1191 2592 inquisitionem
1226 2530 1510 2577 tantarum
1544 2538 1726 2578 rerum
1761 2523 2076 2576 nullatenus
2105 2536 2261 2575 com-

672 2625 988 2669 moventur.

738 2707 898 2764 XLII.
932 2707 1130 2764 Verum
1164 2710 1426 2778 quoniam
1501 2711 1874 2765 necessarium
1916 2715 2036 2764 erat
2095 2715 2155 2762 ut
2195 2708 2251 2762 in

668 2803 849 2856 locum
885 2818 1076 2856 eorum
1106 2804 1199 2872 qui
1233 2803 1500 2857 increduli
1537 2803 1965 2872 permanebant,
1996 2815 2261 2855 vocaren-

667 2903 760 2948 tur
792 2903 980 2964 gentes
1003 2935 1017 2958 ,
1051 2901 1110 2948 ut
1145 2895 1449 2965 replerctur
1486 2895 1575 2948 ille
1607 2910 1871 2947 numerus
1903 2893 1998 2962 qui
2029 2892 2258 2945 demon-

668 2994 878 3041 stratus
921 2985 1099 3040 fuerat
1141 2986 1376 3039 Abrahte
1431 2986 1497 3049 νδ,
1544 2986 1782 3038 mittitur
1832 2985 1885 3038 in
1938 2985 2259 3038 universum

670 3077 936 3132 mundum
967 3078 1226 3134 salutaris
1255 3077 1408 3149 regni
1435 3077 1528 3132 Dei
1561 3077 1896 3149 praedicatio.
1921 3076 2260 3132 Perturban-

667 3176 761 3222 tur
789 3169 862 3222 ob
894 3169 997 3222 hoc
1028 3168 1294 3223 mundani
1327 3168 1558 3240 spiritus
1582 3209 1596 3233 ,
1631 3170 1722 3238 qui
1771 3170 2079 3225 libertatem
2111 3183 2260 3240 quae-

668 3260 925 3314 rentibus
957 3276 1174 3330 semper
1205 3260 1517 3324 obsistunt,
1546 3268 1601 3315 et
1634 3261 1701 3315 ad
1733 3260 2124 3317 destruendam
2161 3260 2257 3315 Dei

668 3350 1089 3406 adiﬁcationem
1118 3368 1368 3407 errorum
1416 3352 1702 3408 machinas
1734 3362 2023 3423 quaerunt,
2056 3353 2259 3423 quibus

670 3443 758 3504 hi.
792 3443 886 3514 qui
938 3443 1005 3496 ad
1053 3444 1250 3498 salutis
1296 3451 1350 3498 ct
1394 3445 1667 3500 libertatis
1719 3446 1947 3515 gloriam
1994 3444 2257 3508 tendunt,

671 3534 1010 3590 obsistentes
1043 3543 1098 3590 et
1129 3551 1334 3606 agones
1366 3535 1657 3591 adversum
1703 3553 1800 3592 eos
1844 3552 1952 3590 non
1999 3538 2261 3592 minimos

669 3625 1007 3682 desudantes
1031 3667 1046 3688 ,
1083 3627 1341 3682 fortiOres
1370 3628 1591 3690 effecti,
1641 3627 1709 3681 ad
1758 3628 1955 3684 salutis
1997 3643 2259 3683 coronam

671 3720 898 3773 veniant
927 3735 1034 3774 non
1072 3721 1192 3774 sine
1222 3721 1403 3792 palma
1436 3722 1700 3776 victoria}.
1734 3720 1957 3776 Interim
1989 3737 2112 3776 cum
2144 3738 2267 3792 pas-

669 3827 767 3866 sus
799 3819 982 3876 esset,
1018 3822 1071 3866 et
1102 3813 1169 3865 ab
1203 3813 1342 3866 hora
1367 3822 1529 3878 [sexta
1562 3830 1736 3884 usque
1767 3814 1833 3868 ad
1866 3830 2064 3870 nonam
2100 3832 2262 3871 mun-

669 3903 796 3956 dum
830 3903 1068 3958 tenebrae
1095 3907 1427 3974 pressissent
1449 3906 1517 3968 ’⁸,
1546 3907 1662 3962 sole
1685 3906 1899 3962 reddito
1925 3921 1988 3961 ac
2011 3907 2173 3963 rebus
2201 3908 2256 3962 in

677 3995 929 4049 ordinem
965 3997 1267 4061 restitutis,
1300 4000 1467 4053 etiam
1512 3998 1762 4054 homines
1805 4015 2040 4070 nequam
2085 4001 2152 4055 ad
2198 4018 2258 4056 se

670 4095 834 4158 atque
867 4088 934 4140 ad
968 4104 1148 4143 mores
1180 4106 1312 4144 suos
1344 4098 1490 4144 metu
1522 4105 1775 4146 cessante
1814 4093 2053 4163 regressi
2097 4101 2249 4148 sunt.

668 4177 805 4232 Nam
835 4180 1056 4248 quidam
1092 4194 1281 4234 eorum
1311 4195 1436 4235 cum
1468 4182 1617 4236 omni
1662 4183 1913 4238 custodia
1964 4193 2250 4240 servantes

731 4334 778 4367 ’θ
811 4335 1000 4390 Matth.
1030 4353 1086 4391 ι.

671 4421 764 4473 xv;
801 4406 922 4460 Act.
960 4423 1077 4462 xm.

1161 4338 1206 4370 ⁹⁶
1243 4334 1374 4392 Luc.
1409 4353 1463 4394 ι.

1171 4407 1216 4439 ⁸⁸
1255 4407 1443 4462 Matth.
1476 4426 1650 4476 xxvu,
1682 4415 1772 4469 45.

1559 4342 1601 4373 ⁹¹
1640 4340 1803 4400 Num.
1836 4356 1910 4406 XI,
1955 4342 2044 4398 16.
2120 4345 2166 4378 ⁹¹
2205 4342 2363 4397 Deut.
2403 4358 2560 4403 xvtu,
2593 4342 2682 4396 15.

1849 4414 1896 4445 ’⁸
1937 4413 2125 4469 Matth.
2160 4430 2355 4478 uvnl,
2392 4414 2480 4468 I5.
2557 4412 2602 4445 "'
2639 4410 2798 4466 Joan.
2833 4427 2933 4475 xu,
2967 4410 3085 4480 54..

2361 1984 2514 2031 mus,
2545 1968 2850 2036 septimana
2876 1969 2990 2038 jam
3023 1986 3131 2023 una
3164 1986 3228 2025 ex
3261 1973 3517 2040 passione
3549 1970 3769 2024 Domini
3802 1986 3941 2025 com-

2361 2060 2611 2130 plebatur
2638 2075 2910 2115 annorum
2935 2101 2949 2126 ,
2985 2063 3222 2118 ecclesia
3257 2063 3472 2116 Domini
3519 2064 3572 2116 in
3609 2061 3941 2118 Hierusalem

2360 2153 2658 2206 constituta
2690 2153 3074 2222 c0piosissime
3111 2154 3478 2224 multiplicata
3529 2155 3815 2209 crescebat
3858 2168 3944 2223 per

2361 2245 2625 2301 Jacobum
2652 2287 2666 2309 ,
2701 2246 2794 2317 qui
2830 2262 2858 2299 a
2893 2246 3126 2300 Domino
3172 2248 3457 2300 ordinatus
3490 2254 3572 2301 est
3619 2247 3675 2301 in
3718 2262 3782 2302 ea
3827 2249 3941 2317 epi-

2362 2354 2563 2406 scopus
2585 2379 2600 2399 .
2634 2339 2961 2393 rectissimis
2993 2337 3500 2406 dispensationibus
3531 2339 3860 2407 gubernata.

2431 2425 2618 2482 XLIV.
2657 2429 2794 2483 Cum
2849 2439 3034 2483 autem
3091 2444 3192 2482 nos
3243 2428 3536 2484 duodecim
3596 2429 3836 2499 apostoli
3886 2429 3945 2482 ad

2361 2519 2505 2575 diem
2559 2519 2781 2575 Pascha:
2821 2535 2947 2573 eum
3001 2521 3212 2590 ingenti
3256 2506 3618 2576 multitudine
3664 2521 3948 2576 convenis-

2363 2631 2583 2678 semus,
2633 2615 2871 2686 ingressi
2930 2615 3220 2669 ecclesiam
3280 2615 3512 2669 fratrum
3567 2617 3950 2686 unusquisque

2362 2717 2613 2762 nostrum
2636 2750 2650 2772 ,
2683 2706 2885 2761 Iacobo
2912 2707 3291 2778 interrogante
3320 2724 3441 2778 quae
3465 2723 3493 2760 a
3523 2709 3685 2764 nobis
3714 2725 3812 2779 per
3839 2710 3950 2764 loca

2365 2799 2577 2870 singula
2610 2809 2768 2870 gesta
2803 2801 2914 2854 sint
2935 2840 2948 2861 ,
2979 2799 3243 2854 audiente
3275 2800 3478 2870 popqu
3514 2800 3760 2855 breviter
3791 2816 3952 2871 expo-

2363 2893 2566 2946 nimus.
2603 2891 2661 2944 In
2694 2892 2898 2962 quibus
2932 2890 3174 2960 Caiphas
3209 2891 3454 2961 pontifex
3481 2931 3496 2954 ,
3529 2891 3720 2946 missis
3753 2893 3819 2944 ad
3860 2908 3953 2946 nos

2363 2983 2780 3047 sacerdotibus,
2814 2992 2973 3055 rogat
3006 2985 3195 3038 venire
3246 2983 3312 3038 ad
3357 2999 3447 3047 se,
3496 2992 3556 3036 ut
3603 2991 3699 3037 aut
3744 2985 3953 3039 ratione

2362 3075 2660 3132 doceamus
2690 3091 2816 3130 eum
2839 3115 2856 3139 ,
2891 3076 3020 3146 quia
3052 3075 3216 3130 Jesus
3248 3086 3491 3131 aeternus
3533 3085 3616 3132 est
3662 3077 3950 3139 Christus,

2362 3176 2457 3222 aut
2487 3169 2606 3240 ipse
2638 3183 2740 3222 nos
2772 3168 3003 3232 doceat,
3038 3170 3166 3238 quia
3200 3184 3309 3224 non
3354 3179 3467 3236 est,
3513 3184 3622 3240 quo
3655 3170 3709 3222 in
3749 3179 3953 3223 utram-

2364 3262 2493 3317 libet
2536 3260 2697 3315 Iidem
2745 3261 3044 3316 universus
3087 3263 3324 3332 populus
3369 3261 3737 3327 conveniret;
3771 3273 3820 3316 et
3855 3261 3952 3314 hoc

2362 3355 2540 3408 facere
2574 3369 2674 3408 nos
2705 3351 3021 3423 frequenter
3048 3361 3264 3407 exorat.
3296 3351 3408 3407 Nos
3438 3368 3569 3407 vero
3596 3368 3747 3423 saepe
3777 3352 3953 3408 distu-

2359 3447 2524 3502 limus
2546 3486 2558 3507 .
2596 3455 2812 3515 tempus
2845 3459 3063 3514 semper
3101 3445 3466 3514 Opportunius
3494 3445 3864 3515 requirentes.
3894 3443 3954 3497 Et

2361 3554 2461 3608 ego
2489 3537 2747 3592 Clemens
2782 3534 3043 3607 respondi
3079 3536 3145 3589 ad
3192 3537 3336 3591 hoc:
3386 3534 3527 3591 Puto
3565 3536 3715 3607 quod
3756 3546 3810 3590 et
3853 3536 3953 3589 hoc

2363 3628 2542 3697 ipsum
2596 3626 2744 3697 quod
2795 3631 3084 3698 quaeritur,
3133 3636 3319 3680 utrum
3376 3628 3492 3697 ipse
3537 3627 3608 3682 sit
3654 3627 3952 3686 Christus.

2363 3720 2597 3774 nmltum
2623 3719 2801 3789 prosit
2832 3719 2899 3772 ad
2929 3718 3054 3774 fidei
3088 3719 3358 3773 rationem
3394 3719 3506 3792 (Η)
3529 3759 3545 3782 ,
3578 3719 3789 3788 alioqui
3822 3735 3955 3773 nun-

2359 3829 2524 3884 quam
2560 3813 2805 3882 pontifex
2843 3827 2943 3882 pro
2978 3811 3082 3865 hoc
3113 3819 3222 3865 tam
3255 3810 3572 3880 frequenter
3601 3819 3828 3881 rogaret
3849 3851 3864 3874 ,
3896 3820 3950 3864 ut

2361 3906 2428 3960 de
2456 3905 2681 3961 Christo
2709 3906 2796 3960 vel
2830 3903 3179 3959 disceretvel
3205 3901 3449 3957 doceret.
3476 3900 3543 3956 Et
3572 3899 3780 3958 Petrus
3808 3921 3821 3956 :
3857 3901 3953 3957 Re-

2360 4005 2446 4051 cte
2475 3995 2813 4067 respondisti
2843 4034 2858 4059 ,
2890 4009 2924 4048 o
2950 3992 3230 4048 Clemens.
3263 3989 3420 4046 Sicut
3450 3993 3599 4048 enim
3634 3995 3756 4049 sine
3779 3995 3951 4048 oculis

2360 4103 2587 4143 eernere
2619 4103 2783 4142 nemo
2817 4094 2998 4158 potest
3021 4124 3035 4149 ,
3073 4099 3175 4139 nec
3207 4085 3327 4139 sine
3359 4084 3587 4140 auribus
3618 4099 3820 4155 capere
3857 4100 3952 4139 au-

2359 4181 2532 4237 ditum
2555 4221 2569 4246 ,
2601 4181 2683 4235 vel
2713 4180 2924 4250 absque
2967 4177 3199 4232 naribus
3240 4168 3531 4230 odoratum
3554 4215 3569 4241 ,
3614 4188 3796 4237 neque
3835 4177 3952 4232 sine

2760 4340 2806 4372 "
2846 4338 3039 4393 Matth.
3073 4353 3246 4401 xxvu,
3278 4337 3369 4403 45,
3401 4334 3491 4400 5!,
3532 4335 3623 4390 52.
3727 4333 3776 4366 ”
3810 4331 3948 4392 Gen-

1969 4589 2335 4645 COTELERII
2396 4587 2629 4646 NOTIE.

746 4759 861 4829 (ιο)
899 4759 1149 4833 Septima.
1174 4760 1684 4833 duos.Varialectio
1706 4759 1910 4833 Lue.x,
1933 4762 2079 4826 I,l7,
2112 4762 2252 4830 apud
2289 4777 2330 4831 ι)
2360 4764 2580 4824 tionem,
2599 4762 2690 4826 24;
2710 4761 2967 4833 Eusebio,
2995 4761 3564 4833 Demonstryvangel,
3589 4761 3682 4817 lib.
3714 4778 3798 4824 Ill,
3824 4773 3947 4832 cap.

672 4831 896 4886 Graecos
923 4840 977 4885 ct
1006 4830 1251 4903 Latinos.
1277 4832 1647 4903 ἑϐδομήκοντα
1664 4841 1716 4886 et
1739 4832 2108 4903 ἑϐδομήκοντα
2138 4834 2251 4897 δύο,

671 4911 775 4949 ιιι
827 4909 894 4972 et,
916 4921 1087 4958 usu.
1125 4901 1311 4957 Verum
1337 4901 1606 4970 quoniam,
1635 4901 2084 4972 iiiqllitOi-igcnes
2108 4905 2252 4958 hom.

669 4972 761 5035 27,
779 4972 831 5026 in
855 4971 1143 5044 Numeros,
1165 4991 1268 5026 non
1286 4975 1454 5026 solum
1482 4971 1891 5044 illosduodecim
1912 4971 2060 5044 elegit
2086 4973 2260 5028 Denti-

670 5060 770 5098 nus
788 5053 837 5096 et
865 5042 1112 5096 Salvator
1135 5056 1333 5106 noster,
1371 5044 1460 5097 sed
1491 5054 1539 5097 et
1567 5042 1702 5098 alios
1728 5042 2058 5114 septuaginta
2099 5045 2252 5106 duos;

671 5116 872 5168 idcirco
898 5131 1004 5185 non
1029 5115 1199 5167 solum
1237 5114 1514 5167 duodecim
1542 5115 1731 5182 fontes,
1751 5115 1838 5167 sed
1857 5125 1904 5168 et
1918 5118 2254 5185 septuaginta

670 5185 792 5238 dua:
821 5184 1036 5238 arbores
1061 5186 1367 5238 scribuntur
1391 5202 1502 5240 esse
1535 5186 1857 5253 palmarum.
1894 5184 1956 5237 Iit
1999 5184 2186 5241 liomil.
2223 5186 2252 5237 7

674 5259 726 5308 in
764 5253 1008 5325 l-Ixodum
1045 5275 1057 5308 :
1093 5255 1177 5309 lbi
1199 5256 1358 5310 etiam
1401 5255 1614 5310 arbores
1646 5257 1968 5324 reperientur
1997 5272 2099 5310 Lxx
2140 5257 2254 5325 pal-

673 5341 904 5396 marum.
957 5323 1080 5380 Non
1127 5329 1267 5380 enim
1312 5328 1414 5380 soli
1462 5342 1538 5380 xu
1587 5323 1813 5396 apostoli
1856 5328 2013 5392 ﬁdem
2052 5323 2252 5381 Clu-isti

671 5394 1112 5466 praedicaverunt,
1147 5397 1236 5450 sed
1258 5408 1306 5451 et
1338 5398 1433 5450 alii
1457 5413 1563 5452 ut
1597 5394 1829 5451 missiad
1854 5397 2251 5464 prn'dicandum

673 5467 884 5540 rerbttm
903 5468 997 5522 Dei
1011 5470 1424 5540 referunturjter
1441 5485 1569 5540 quos
1587 5469 1793 5540 palmas
1807 5469 2040 5540 victoria:
2056 5467 2258 5523 Christi

673 5537 903 5609 mundus
933 5537 1260 5609 agnosceret.
1301 5537 1393 5593 Sic
1428 5537 1570 5609 apud
1605 5537 1664 5593 S.
1697 5538 2086 5609 Augustinum,
2119 5547 2252 5594 tom.

803 5607 1009 5664 Auctor
1042 5608 1228 5692 Qperis
1252 5613 1344 5692 de
1365 5607 1695 5663 mirabilibus
1741 5607 1910 5692 sacra
1943 5607 2254 5692 Scriptura,

675 5681 771 5735 lib.
807 5696 846 5744 I,
878 5694 999 5751 cap.
1043 5681 1098 5739 9.
1139 5683 1352 5734 conl‘ert
1383 5695 1509 5736 cum
1545 5695 1695 5751 usu
1724 5680 2011 5751 discipulis
2043 5680 2258 5751 linguas

673 5764 828 5806 um
886 5749 1038 5805 ortas
1076 5766 1108 5804 a
1139 5766 1289 5806 uxu
1332 5752 1469 5808 viris
1506 5751 1576 5807 ad
1617 5749 2034 5807 cdiflcationem
2088 5749 2260 5806 turris

678 5819 1022 5892 Babylonica:
1051 5823 1419 5892 congregatis,
1454 5830 1508 5878 et
1534 5836 1685 5876 um
1711 5821 1959 5876 seniores
1989 5836 2084 5892 per
2109 5819 2260 5892 Moy-

678 5889 1034 5951 scm'elcctos
1068 5911 1081 5950 :
1117 5889 1307 5949 cutn'a
1342 5890 1703 5960 Tertulliano,
1740 5889 2071 5968 iv_admiui
2109 5889 2261 5946 uar-

2360 4834 2416 4900 2;
2449 4833 2681 4888 Eusebio
2709 4849 2772 4887 ac
2806 4832 3140 4901 Theophane
3173 4834 3228 4886 in
3265 4831 3467 4888 Catena
3505 4832 3815 4886 Grrecorum
3849 4831 3952 4887 Pa-

2364 4915 2502 4958 trum
2537 4902 2861 4973 adLucam;
2883 4905 3150 4973 Gregorio
3180 4902 3455 4973 Nysseno,
3479 4904 3553 4958 De
3602 4903 3728 4957 Vita
3757 4903 3950 4970 Hosis,

2360 4991 2414 5045 p.
2448 4976 2574 5040 illi;
2611 4963 2965 5045 Hieronymo,
2985 4963 3146 5044 Epist.
3177 4963 3486 5045 lituum.
3511 4974 3564 5037 6,
3593 4975 3831 5044 aliisque
3863 4963 3951 5030 re;

2361 5043 2701 5101 centioribus
2727 5086 2742 5109 ,
2780 5043 2833 5100 in
2875 5043 3103 5116 figuram
3146 5061 3248 5099 ut
3298 5043 3699 5115 diseipulorum
3742 5043 3952 5116 popan-

2360 5125 2451 5171 tur
2493 5133 2596 5171 Lxx
2641 5117 2890 5171 seniores
2919 5114 3240 5178 'Israelitici,
3287 5131 3390 5186 ex}
3423 5114 3615 5186 palmte
3664 5114 3752 5170 ad,
3781 5114 3950 5179 Etim,

2357 5198 2412 5242 et
2441 5203 2548 5257 ιιι
2576 5187 2829 5242 nationes
2855 5202 2884 5239 a
2916 5202 3021 5240 tn
3052 5186 3286 5257 posteris
3323 5183 3437 5241 Noe
3470 5186 3741 5242 ducentes
3780 5186 3955 5257 origi-

2355 5274 2500 5313 nem.
2540 5256 2713 5312 Porro
2743 5273 3006 5312 numerus
3039 5256 3191 5312 Lxxu
3249 5271 3663 5326 pergnulnerum
3703 5273 3814 5312 ιιι
3861 5256 3956 5312 ex-

2354 5329 2513 5398 primi
2545 5337 2741 5398 potest.
2773 5337 2834 5382 ut
2855 5329 3062 5383 dictum
3090 5327 3192 5382 fuit
3222 5325 3290 5383 ad
3319 5325 3534 5382 Henna:
3559 5341 3599 5394 ι,
3626 5326 3680 5394 5,
3708 5344 3824 5383 non
3855 5342 3955 5380 au-

2356 5408 2463 5456 tem
2497 5415 2600 5453 ιιι
2636 5414 2732 5467 per
2764 5414 2939 5454 Lxxu.

2428 5469 2540 5540 (Μ)
2586 5465 2739 5523 Fidei
2766 5470 3047 5524 rationem.
3076 5467 3342 5540 Codicum
3381 5465 3700 5540 Sorbonici,
3727 5467 3952 5523 Thuani

2356 5548 2411 5598 et
2441 5539 2856 5603 Candeleriani,
2891 5551 2976 5595 est
3017 5539 3422 5610 πιστοπτοίησιν,
3461 5553 3492 5592 a
3536 5539 3708 5610 verbo
3736 5557 3954 5610 πιστο-

2361 5613 2533 5665 ποιεῖν
2565 5610 3101 5680 θιᾷςπιστοποιεζσθαι,
3146 5625 3256 5679 quo
3284 5606 3513 5680 utuntur
3549 5606 3748 5680 Ignatii
3777 5611 3953 5665 inter-

2363 5683 2578 5752 polator
2615 5678 2797 5752 Epist.
2812 5681 2882 5735 ad
2913 5678 3190 5752 Ephesios,
3221 5696 3279 5752 n_.
3305 5678 3394 5743 18.
3419 5678 3633 5752 ductor
3664 5678 3951 5752 Constitu-

2367 5748 2568 5807 iionum
2591 5748 2846 5822 apostol.,
2871 5748 3061 5823 lib.“
3091 5765 3214 5821 cap.
3234 5749 3379 5823 _6,Aet
3404 5748 3651 5823 Cyrillus
3684 5750 3952 5807 Hieroso-

2364 5820 2684 5894 Iymitanu's,
2715 5831 2828 5894 tum
2869 5821 2923 5876 in
2969 5822 3075 5894 fine
3113 5820 3469 5894 praefationis'
3495 5820 3564 5878 ad
3606 5822 3946 5885 Catulum.

2365 5891 2482 5951 tum
2507 5895 2562 5950 in
2598 5893 2872 5968 principio
2899 5891 3200 5950 catechesis
3224 5891 3311 5948 η.
