4066 6334
701 414 844 472 i355

1548 417 1602 474 8.
1640 417 2030 473 CLEMENTIS
2062 416 2079 471 Ι
2115 417 2280 475 ROM.
2316 418 2517 476 PONT.
2558 422 2785 478 OPERA
2822 422 3054 485 ΒΗΜΛ.

3808 432 3920 489 1236

690 542 821 587 eum
856 530 1126 598 dixisset,
1161 546 1285 611 non.
1321 531 1671 588 dubitaretur
1699 543 1753 588 et
1785 536 2105 604 prephetam
2147 550 2271 606 eum
2307 544 2349 617 Α
2377 536 2429 591 hi
2479 552 2605 593 vero
2646 539 2738 608 qui
2769 539 2905 593 nihil
2946 540 3013 595 de
3040 541 3159 609 ipso
3193 542 3409 611 penitus
3439 542 3746 605 audierant,
3776 554 3921 600 etve‘

692 618 901 687 fuisse,
950 622 1169 679 etiamsi
1220 624 1486 694 scriptum
1535 640 1644 679 non
1686 634 1835 679 esset
1884 626 1938 679 in
1992 627 2149 695 lege:
2193 628 2269 679 ita

693 726 822 768 cum
854 721 1067 768 certum
1114 715 1186 769 sit
1229 730 1355 772 eum
1399 714 1722 785 prophetam
1768 714 1973 782 fuisse,
2018 716 2271 771 similiter

689 810 903 859 certum
933 816 1018 860 est
1054 815 1110 859 et
1138 806 1283 875 quod
1318 816 1519 860 unctus
1551 808 1651 871 sit,
1682 808 1812 878 quia
1844 807 1963 862 sine
1994 818 2270 876 unguento

689 895 1022 967 prophetare
1061 912 1167 950 non
1203 904 1440 967 poterat.
1474 896 1675 953 Verum
1720 899 1821 952 hoc
1862 898 2035 968 magis
2086 899 2269 955 dicere

691 993 751 1043 te
782 986 1066 1058 oportuit,
1100 989 1146 1044 si
1178 988 1415 1044 chrisma
1458 999 1579 1058 arte
1624 990 1960 1061 merpolica
2001 992 2268 1060 composi-

689 1084 809 1133 tum
857 1087 942 1133 est
974 1080 1043 1133 ab
1086 1079 1305 1144 Aaron,
1353 1080 1629 1151 quomodo
1671 1080 1883 1150 primus
1934 1081 2095 1136 homo
2149 1098 2268 1154 per-

688 1171 819 1241 ungi
862 1172 1039 1241 potuit
1080 1182 1357 1242 unguento
1398 1181 1561 1236 ante,
1604 1174 2020 1243 compositionis
2054 1175 2265 1231 artibus

687 1258 934 1313 nondum
966 1261 1243 1340 repertis?
1296 1259 1363 1313 Et
1398 1275 1501 1330 ego
1532 1260 1793 1330 respondi
1821 1280 1833 1314 :
1891 1258 2011 1313 Non
2041 1275 2126 1314 me
2162 1268 2265 1313 tra-

686 1346 903 1414 ducas,
933 1348 1136 1417 Petre;
1173 1366 1280 1419 non
1343 1351 1490 1406 enim
1530 1351 1595 1405 de
1636 1360 1917 1427 unguento
1958 1352 2262 1425 composito

683 1450 741 1498 et
770 1441 1057 1512 temporali
1091 1442 1216 1496 oleo
1270 1441 1483 1511 loquor,
1531 1441 1624 1496 sed
1669 1442 1737 1496 de
1783 1443 1879 1495 illo
1928 1442 2167 1511 simplici
2207 1452 2262 1496 et

681 1544 923 1597 ueterno,
974 1533 1120 1605 quod
1174 1549 1203 1587 a
1256 1533 1368 1597 Deo
1416 1532 1622 1587 factum
1673 1549 1798 1601 esse
1847 1534 2127 1601 docuisti,
2190 1535 2259 1589 ad

681 1626 842 1695 cujus
907 1624 1324 1695 similitudinem
1376 1625 1521 1679 istud
1576 1625 1942 1696 compositum
2009 1640 2132 1680 esse
2192 1626 2260 1681 ab

687 1716 1003 1772 hominibus
1031 1716 1190 1772 dicis.

752 1806 983 1879 XLVIII.
1026 1807 1091 1865 Et
1138 1806 1332 1862 Petrus
1365 1807 1432 1861 ad
1472 1806 1607 1871 hare,
1664 1812 1724 1861 ut
1760 1806 2062 1875 videbatur,
2114 1806 2257 1861 indi-

2373 626 2521 681 nisse
2548 627 2815 690 credunt,
2845 637 2899 684 et
2932 636 3219 685 venturum
3248 640 3487 702 sperant.
3521 632 3588 686 Et
3618 635 3694 688 ita
3739 636 3789 688 in
3823 650 3923 688 oru-

2370 718 2530 773 nibus
2568 718 2851 787 prophetia
2899 720 3075 776 fidelis
3117 725 3388 792 apparuit,
3437 740 3559 794 quae
3600 725 3739 779 dixit
3769 726 3921 795 ipsum

2370 824 2491 864 esse
2516 811 2979 878 exspectationem
3009 813 3273 882 gentium.
3318 814 3654 869 Erraverunt
3694 832 3820 887 ergo
3842 817 3925 871 .lu-

2371 900 2472 955 dati
2503 901 2571 955 de
2598 902 2776 971 primo
2804 899 3019 956 Domini
3053 903 3288 959 adventu
3318 924 3333 971 ;
3385 915 3440 961 et
3468 907 3610 960 inter
3649 922 3751 962 nos
3778 916 3925 978 atque

2366 993 2517 1061 ipsos
2556 992 2621 1046 de
2661 992 2765 1045 hoc
2792 1001 2875 1047 est
2905 993 3022 1047 solo
3050 992 3360 1050 dissidium.
3413 994 3548 1049 Nam
3577 996 3723 1063 quod
3756 1005 3927 1050 ventu-

2366 1098 2463 1137 rus
2494 1084 2565 1136 sit
2594 1081 2870 1147 Christus,
2923 1092 3127 1137 norunt
3174 1086 3337 1139 etiam
3379 1086 3484 1156 ipsi
3513 1094 3566 1141 et
3597 1074 3925 1156 exspectant;

2364 1173 2510 1243 quod
2556 1182 2736 1228 autem
2778 1175 2893 1243 jam
2943 1178 3156 1229 venerit
3195 1177 3248 1229 in
3280 1176 3587 1233 humilitate
3613 1178 3703 1231 hic
3740 1178 3829 1247 qui
3856 1177 3927 1229 die

2364 1263 2507 1333 citur
2528 1264 2709 1327 Jesus,
2744 1265 3015 1335 ignorant.
3052 1263 3121 1317 Et
3155 1265 3210 1319 in
3239 1266 3342 1321 hoc
3386 1268 3621 1321 maxime
3670 1266 3787 1336 ejus
3815 1282 3929 1322 con-

2364 1352 2611 1409 ﬁrmatur
2661 1354 2946 1417 adventus,
3003 1355 3149 1423 quod
3202 1356 3252 1410 ei
3300 1370 3410 1409 non
3455 1370 3647 1411 omnes
3690 1355 3925 1410 credunt.

2430 1444 2517 1500 Ll.
2577 1444 2734 1519 Hunc
2769 1462 2898 1516 ergo
2945 1447 3089 1503 Deus
3134 1446 3433 1501 destinavit
3480 1447 3533 1499 in
3582 1446 3694 1501 {me
3733 1448 3927 1511 mundi,

2362 1537 2490 1607 quia
2535 1535 2871 1607 impossibile
2915 1546 3034 1592 erat
3080 1538 3393 1619 mortaliu’m
3427 1538 3568 1591 mala
3596 1540 3818 1608 purgari
3844 1554 3931 1609 per

2362 1616 2527 1703 alium
2550 1668 2564 1693 ,
2594 1628 2803 1699 integra
2844 1628 3112 1683 duntaxat
3144 1616 3494 1700 permanente
3520 1629 3747 1683 humani
3779 1645 3930 1700 gene-

2362 1719 2440 1789 ris
2468 1729 2741 1786 creatura,
2776 1721 2881 1773 hoc
2930 1728 3017 1775 est
3064 1720 3216 1775 salva
3264 1720 3478 1775 arbitrii
3521 1720 3794 1775 libertate.
3828 1719 3929 1774 Hoc

2360 1810 2526 1879 igitur
2566 1819 2710 1877 statu
2759 1810 3018 1865 incolumi
3052 1817 3359 1873 reservato,
3412 1811 3647 1865 invitare
3692 1811 3841 1865 venit
3870 1810 3929 1863 ad

679 1915 855 1971 gnans
886 1918 901 1955 :
938 1899 1079 1965 Quid
1128 1906 1309 1969 putas,
1359 1898 1634 1964 Clemens,
1680 1899 1808 1971 quia
1850 1913 2042 1953 omnes
2080 1898 2259 1952 omnia
2291 1898 2333 1953 Β
2361 1918 2589 1973 regnum
2615 1903 2794 1971 justos
2828 1918 3077 1973 quosque
3118 1911 3171 1955 et
3214 1917 3311 1957 eos
3339 1903 3430 1972 qui
3459 1903 3677 1972 placere
3712 1903 3928 1957 studue-

682 2000 808 2047 ante
856 1999 1069 2062 tempus
1122 1992 1262 2046 scire
1304 1990 1637 2062 possumus?
1680 1988 1784 2043 Sed
1825 2004 1970 2043 nunc
2003 1989 2080 2042 uti
2123 2003 2191 2043 ne
2229 2003 2259 2041 a

680 2084 962 2159 proposito
1010 2097 1261 2141 sermone
1298 2081 1640 2144 recedamus,
1674 2082 1808 2135 alias
1841 2080 1936 2134 tibi
1979 2095 2102 2134 cum
2132 2094 2261 2151 pro-

679 2172 857 2228 fectus
899 2181 1026 2233 tuus
1066 2172 1392 2227 manifestus
1427 2171 1625 2239 fuerit,
1658 2172 1724 2226 de
1764 2171 1847 2227 bis
1888 2172 2127 2241 apertius
2166 2187 2256 2225 ex-

679 2279 965 2333 ponemus.
998 2263 1151 2318 Tunc
1182 2271 1361 2331 autem
1382 2272 1659 2334 unguento
1690 2263 1991 2332 composito
2018 2278 2257 2333 peruncs

678 2363 771 2410 tus
801 2354 1045 2424 pontifex
1080 2354 1162 2408 vel
1193 2355 1493 2424 propheta,
1528 2353 1619 2407 Dei
1644 2338 2171 2409 altarewsuccendens
2201 2354 2257 2407 in

677 2448 823 2501 omni
861 2446 1063 2500 mundo
1098 2448 1281 2501 clarus
1312 2446 1631 2500 habebatur.
1659 2442 1763 2499 Sed
1796 2452 1918 2514 post
1943 2444 2125 2499 Aaron
2161 2446 2254 2515 qui

682 2538 932 2610 pontifex
966 2537 1088 2603 fuit,
1120 2539 1259 2593 alius
1288 2553 1353 2593 ex
1376 2538 1531 2608 aquis
1565 2538 1879 2599 assumitur,
1904 2551 2012 2591 non
2037 2534 2257 2608 Moysen

675 2630 822 2706 dico,
867 2629 960 2687 sed
993 2630 1142 2683 illum
1172 2628 1262 2699 qui
1296 2628 1353 2683 in
1400 2629 1557 2697 aquis
1595 2627 1847 2695 baptismi
1876 2625 2049 2681 Filius
2086 2642 2115 2679 a
2147 2626 2257 2683 Deo

675 2724 999 2794 appellatus
1028 2730 1111 2778 est
1159 2723 1226 2777 θ’.
1282 2719 1440 2776 Jesus
1493 2735 1727 2789 namque
1775 2726 1877 2779 est,
1935 2720 2028 2789 qui
2073 2718 2249 2791 ignem

675 2814 827 2868 illum
857 2829 1018 2885 quem
1064 2812 1398 2866 accendebat
1430 2809 1673 2881 pontifex
1722 2824 1820 2878 pro
1850 2810 2088 2880 peccatis
2109 2849 2125 2874 ,
2168 2826 2257 2865 re-

674 2907 868 2980 stinxit
892 2922 986 2976 per
1013 2906 1265 2978 baptismi
1291 2905 1639 2975 gratiami;ex
1659 2918 1768 2973 quo
1794 2902 1938 2955 enim
1970 2903 2057 2956 hic
2084 2918 2221 2972 appa
2239 2931 2254 2943 -

675 2999 805 3062 ruit,
835 2998 1068 3058 cessavit
1096 2998 1357 3061 chrisma,
1391 3010 1487 3065 per
1510 2994 1652 3065 quod
1683 2995 2029 3073 pontificatus
2048 2994 2255 3065 praebe-

674 3090 871 3154 batur,
910 3091 995 3144 vel
1029 3089 1334 3169 prophetia,
1369 3088 1451 3141 vel
1484 3104 1732 3157 regnum.

742 3180 927 3246 XLIX.
982 3180 1140 3236 Hunc
1170 3181 1334 3250 igitur
1372 3178 1684 3235 adfuturum
1730 3179 1977 3252 praedixit
2015 3178 2248 3251 Moyses,

673 3274 767 3345 qui
796 3274 967 3345 legem
1002 3272 1097 3343 Dei
1122 3272 1435 3344 hominibus
1462 3271 1723 3339 tradidit;
1753 3270 1847 3325 sed
1876 3278 1930 3326 et
1960 3272 2099 3325 alius
2124 3280 2251 3327 ante

672 3365 887 3435 ipsum,
942 3365 1084 3421 sicut
1131 3365 1227 3419 tibi
1277 3372 1329 3420 et
1362 3372 1487 3419 ante
1526 3365 1636 3432 jam
1693 3362 1908 3418 tradidi.
1961 3362 2078 3431 Ipse
2123 3377 2252 3432 ergo

672 3455 934 3511 indicavit
990 3471 1115 3510 eum
1168 3462 1457 3509 venturum
1505 3454 1684 3524 primo
1745 3454 1962 3524 quidem
2015 3453 2249 3507 adventu

675 3546 936 3601 humilem
958 3584 973 3609 ,
1008 3544 1251 3601 secundo
1280 3560 1409 3600 vero
1446 3545 1765 3615 gloriosum.
1801 3542 1864 3596 Et
1888 3542 2099 3612 primus
2129 3542 2251 3613 qui-

669 3640 794 3695 dem
830 3637 944 3708 jam
994 3638 1251 3708 impletus
1278 3645 1383 3699 est,
1417 3652 1541 3691 cum
1575 3635 1723 3690 venit
1752 3645 1806 3689 et
1843 3634 2049 3697 docuit,
2090 3640 2143 3688 et
2166 3634 2258 3704 ju-

669 3730 773 3786 de'x
802 3729 1045 3784 omnium
1073 3727 1354 3797 judicatus
1385 3734 1489 3790 est,
1528 3740 1591 3780 ac
1624 3728 1971 3795 peremptus."
1998 3722 2249 3777 Secundo

668 3833 798 3875 vero
826 3817 1062 3872 adventu
1090 3816 1443 3886 judicaturus
1478 3814 1750 3877 adveniet,
1800 3821 1853 3868 et
1889 3813 2083 3881 impios
2125 3812 2249 3881 qui-

667 3910 791 3966 dem
838 3908 1244 3983 condemnabit,
1294 3907 1414 3979 pios
1457 3922 1587 3961 vero
1635 3910 1690 3959 in
1728 3905 2065 3959 consortium
2093 3903 2247 3970 regni

669 4002 1100 4071 societatemque
1129 4000 1411 4070 suscipiet.
1441 3997 1604 4054 Fides
1631 4013 1760 4053 vero
1797 3997 2021 4053 secundi
2054 3996 2247 4051 adven-
2282 4024 2287 4030 ι

624 4093 631 4099 ’
664 4102 756 4148 tus
782 4099 997 4147 constat
1018 4105 1083 4146 ex
1119 4092 1321 4162 primo.
1358 4088 1651 4159 Prophetas
1688 4088 1832 4143 enim
1864 4087 1931 4141 de
1960 4085 2135 4156 primo
2166 4086 2245 4140 Io-

663 4185 778 4241 cuti
810 4189 974 4248 sunt,
1017 4189 1071 4237 et
1118 4181 1394 4253 praecipue
1436 4178 1606 4233 Jaeob
1646 4188 1700 4233 et
1727 4177 1961 4249 Moyses,
1994 4177 2241 4231 nonnulli

662 4283 846 4334 tamen
874 4274 1039 4329 etiam
1062 4272 1129 4328 de
1151 4270 1415 4327 secundo.
1446 4268 1553 4338 Sed
1579 4269 1986 4337 magniﬁcentia
2016 4270 2242 4345 prophe-

662 4368 752 4423 tia:
779 4368 834 4421 in
864 4366 967 4422 hoc
989 4365 1225 4418 maxime
1260 4363 1669 4432 comprobatur,
1707 4360 1853 4431 quod
1878 4361 2012 4416 nihil
2043 4377 2240 4417 secun-

663 4462 791 4514 dum
840 4457 1285 4528 consequentiam
1338 4469 1521 4509 rerum
1569 4453 1636 4509 de
1698 4452 1901 4507 futuris
1948 4452 2233 4520 dixerunt;

2360 2002 2489 2047 runt
2531 1994 2603 2057 ei,
2653 1994 2855 2063 quibus
2882 1994 3022 2047 bona
3054 1994 3344 2047 ineffabilia
3377 1994 3704 2062 praeparavit
3740 2001 3794 2047 et
3822 1991 3933 2048 Hie-

2359 2086 2595 2139 rusalem
2624 2085 2895 2139 civitatem
2919 2086 3219 2148 coslcstem,
3247 2100 3368 2155 qua:
3394 2100 3559 2154 super
3590 2084 3928 2154 splendorem

2362 2178 2493 2232 solis
2542 2174 2770 2245 fulgebit
2820 2176 2873 2229 in
2930 2176 3263 2230 habitatione
3308 2183 3645 2230 sanctorum.
3702 2176 3930 2244 lnjustos

2358 2284 2487 2323 vero
2518 2276 2571 2323 et
2600 2269 2815 2337 impios,
2845 2276 2900 2322 et
2930 2267 3024 2337 qui
3064 2283 3163 2337 pro
3194 2267 3366 2321 nihilo
3395 2266 3703 2321 habuerunt
3745 2268 3927 2331 Deum,

2358 2357 2819 2427 commissamque
2870 2357 2977 2411 sibi
3009 2358 3174 2410 vitam
3208 2356 3422 2411 diversa
3454 2357 3520 2410 ad
3560 2357 3766 2426 ﬂagitia
3812 2372 3932 2411 con-

2357 2451 2639 2515 tulerunt,
2667 2464 2729 2502 ac
2757 2456 2973 2518 tempus
3003 2449 3187 2517 operis
3209 2448 3368 2516 justi,
3398 2448 3722 2502 exercitium
3762 2448 3931 2504 fecere

2358 2542 2598 2605 malitiae,
2639 2544 3073 2612 competentibus
3123 2543 3367 2614 ipsisque
3411 2542 3588 2612 dignis
3637 2542 3931 2597 ultionibus

2356 2632 2551 2687 tradet.
2599 2633 2809 2687 Caetera
2852 2649 2981 2687 vero
3008 2650 3129 2703 qua:
3160 2634 3233 2687 lbi
3282 2647 3540 2703 gerentur
3590 2632 3831 2704 proferri
3882 2642 3933 2687 et

2356 2721 2562 2791 eloqui,
2589 2737 2767 2791 neque
2793 2723 3003 2793 angelis
3030 2739 3205 2793 neque
3234 2723 3551 2777 hominibus
3575 2723 3657 2778 fas
3686 2732 3809 2788 est;
3841 2723 3932 2778 sed

2357 2810 2460 2865 hoc
2488 2819 2701 2865 tantum
2729 2812 2872 2866 scire
2907 2827 3007 2866 nos
3047 2812 3275 2876 sufficit,
3308 2811 3453 2880 quod
3480 2813 3642 2865 bonis
3672 2820 3934 2867 :eternam

2355 2903 2621 2958 bonorum
2658 2904 3059 2973 possessionem
3083 2902 3327 2958 conferet
3358 2902 3519 2957 Deus.

2423 2993 2534 3047 ιιι.
2586 2992 2684 3049 llis
2724 2994 2792 3047 ab
2823 3009 2887 3049 eo
2930 2994 3093 3048 dictis
3147 3011 3245 3065 ego
3286 2994 3584 3064 respondi:
3621 2992 3680 3047 Si
3726 2992 3931 3051 Christi

2353 3101 2521 3156 regno
2573 3086 2841 3141 fruentur
2872 3086 2950 3151 hi,
2987 3101 3126 3157 quos
3169 3087 3348 3155 justos
3379 3085 3646 3140 invenerit
3675 3086 3799 3154 ejus
3831 3089 3929 3139 ad-

2356 3184 2570 3239 ventus,
2604 3192 2735 3246 ergo
2753 3178 2845 3247 qui
2875 3184 3001 3231 ante
3039 3176 3329 3231 adventum
3355 3176 3474 3245 ejus
3498 3176 3746 3230 defunCti
3779 3186 3927 3241 sunt,

2355 3286 2523 3341 regno
2559 3274 2779 3342 penitus
2820 3272 3127 3327 carebunt?
3160 3271 3295 3325 Tum
3323 3270 3520 3326 Petrus
3554 3290 3565 3324 :
3613 3269 3779 3341 Cogis
3820 3287 3927 3333 me,

2354 3347 2550 3431 inquit,
2601 3353 2634 3417 ο
2681 3361 2956 3427 Clemens,
3004 3364 3185 3432 aliqua
3230 3361 3297 3417 de
3343 3362 3714 3417 ineﬂ‘abilibus
3757 3362 3931 3432 publi-

2351 3468 2495 3510 care.
2540 3453 2930 3509 Verumtamen
2971 3454 3330 3525 quoadusque
3379 3453 3609 3523 proferri
3648 3454 3797 3518 licet,
3852 3453 3931 3506 fa-

2350 3558 2474 3600 cere
2494 3560 2603 3600 non
2632 3546 2856 3616 pigebit.
2896 3544 3147 3603 Christus
3172 3586 3187 3612 ,
3230 3544 3323 3616 qui
3349 3544 3419 3601 ab
3443 3546 3599 3599 initio
3628 3553 3681 3600 et
3714 3561 3931 3615 semper

2347 3643 2486 3699 erat,
2517 3651 2613 3705 per
2636 3636 2882 3706 singulas
2913 3651 3159 3706 quasque
3181 3636 3559 3706 generationes
3593 3636 3724 3705 piis.
3755 3636 3929 3690 laten-

2346 3734 2430 3780 ter
2458 3727 2604 3791 licet,
2638 3743 2853 3799 semper
2882 3735 3061 3782 tamen
3084 3727 3296 3790 aderat,
3325 3728 3411 3781 his
3432 3727 3727 3797 praecipue,
3758 3742 3787 3781 a
3815 3727 3933 3796 qui-

2348 3816 2451 3871 bus
2487 3817 2928 3886 exspectabatur,
2965 3816 3270 3886 quibusque
3310 3814 3622 3885 frequenter
3650 3816 3927 3885 apparbit.

2350 3906 2453 3961 Sed
2485 3923 2594 3961 non
2632 3915 2749 3962 erat
2780 3913 3013 3978 tempus,
3060 3916 3119 3959 ut
3159 3915 3289 3960 tunc
3320 3906 3576 3960 resolutis
3599 3906 3927 3975 corporibus

2345 3992 2498 4049 ﬁeret
2546 3996 2916 4061 resurrectio;
2953 3994 3049 4049 sed
3082 3993 3197 4049 brec
3238 3994 3414 4064 magis
3453 3993 3826 4048 remuneratio
3848 3994 3928 4046 vi-

2345 4084 2575 4139 debatur
2606 4101 2636 4139 a
2665 4083 2796 4152 Deo,
2847 4092 2907 4139 ut
2946 4086 3039 4155 qui
3090 4086 3429 4140 inveniretur
3456 4085 3642 4153 justus
3666 4124 3680 4147 ,
3715 4084 3928 4139 diutius

2343 4187 2687 4246 permaneret
2717 4177 2770 4231 in
2803 4192 3054 4248 corpore,
3099 4186 3191 4229 aut
3224 4184 3393 4239 certe,
3418 4177 3561 4232 sicut
3588 4176 3655 4230 de
3679 4176 3925 4245 quodam

2338 4266 2489 4334 justo
2539 4266 2821 4321 evidenter
2873 4265 3109 4320 refertur
3156 4266 3209 4319 in
3257 4267 3457 4321 litteris
3513 4265 3645 4335 legis
3688 4265 3731 4331 ¹,
3772 4264 3919 4335 quod

2340 4358 2682 4421 transtulerit
2731 4373 2855 4413 eum
2904 4357 3065 4412 Deus.
3106 4356 3279 4411 Simili
3312 4357 3559 4426 exemplo
3593 4355 3758 4411 etiam
3792 4370 3917 4409 cum

2339 4450 2554 4505 caeteris
2589 4458 2798 4520 gestum
2835 4456 2918 4503 est
2962 4449 3051 4518 qui
3109 4450 3229 4518 ejus
3270 4448 3535 4501 voluntati
3567 4448 3919 4517 placuerunt,

661 4550 1185 4622 alioquimstimasse
1219 4548 1401 4619 potius
1433 4546 1709 4615 sapientes
1731 4547 1852 4610 viri,
1883 4546 2029 4616 quod
2052 4561 2234 4600 rerum
2268 4562 2312 4617 ι)
2338 4549 2397 4593 ut
2438 4541 2505 4593 ad
2557 4540 2871 4610 paradisum
2916 4540 3167 4593 translati
3219 4546 3508 4593 serventur
3551 4537 3617 4591 ad
3658 4554 3919 4607 regnum,

658 4642 1051 4713 consequentia
1080 4640 1401 4706 dictaverat,
1436 4637 1775 4693 viderentur.

730 4732 793 4807 L.
825 4730 982 4798 Quod
1015 4737 1195 4785 autem
1227 4730 1371 4795 dico,
1397 4729 1502 4782 tale
1535 4736 1620 4805 cst
1664 4748 1675 4782 :
1709 4726 1987 4783 Christum
2027 4727 2230 4798 suscipi

658 4840 690 4879 a
720 4823 921 4892 .ludzeis
950 4823 1017 4877 ad
1049 4837 1187 4892 quos
1229 4829 1475 4890 venerat,
1515 4827 1569 4874 et
1599 4820 1745 4875 credi
1775 4821 1845 4883 ei,
1887 4820 1982 4891 qui
2006 4835 2232 4890 exspec-

656 4915 878 4970 tabatur
925 4913 992 4969 ad
1040 4912 1270 4967 salutem
1318 4912 1503 4982 populi
1566 4912 1868 4966 secundum
1913 4911 2233 4967 traditiones

654 5016 904 5079 patrum,
937 5021 1281 5076 consequens
1313 5012 1450 5067 erat,
1478 5014 1665 5074 gentes
1687 5019 1815 5059 vero
1846 5004 2051 5063 alienas
2083 5003 2150 5059 ab
2167 5020 2233 5058 eo

656 5097 793 5164 fore,
852 5098 1049 5167 quibus
1102 5109 1279 5164 neque
1329 5093 1659 5162 promissum
1709 5089 2006 5161 quidquam
2051 5090 2116 5145 de
2164 5106 2229 5146 eo

653 5204 830 5260 neque
852 5188 1231 5242 annuntiatum
1278 5183 1492 5248 fuerat,
1538 5183 1645 5236 imo
1674 5176 1873 5252 quibus
1907 5197 1974 5237 ne
2006 5182 2227 5237 nomine

651 5276 870 5347 quidem
909 5276 1026 5347 ipso
1066 5273 1357 5345 aliquando
1400 5273 1733 5335 innotuerat.
1780 5269 1845 5344 Et
1875 5278 2059 5342 tamen
2106 5286 2229 5341 pro-

651 5370 827 5440 phetae
847 5409 862 5432 ,
892 5376 1082 5422 contra
1110 5368 1355 5423 ordinem
1384 5372 1437 5419 et
1466 5364 1910 5432 consequentiam
1938 5378 2121 5418 rerum
2146 5362 2230 5441 di—

650 5477 779 5518 xere
807 5474 929 5517 cum
978 5460 1432 5530 exspectationem
1461 5455 1702 5524 gentium
1739 5455 1829 5518 ‘°°,
1879 5463 1932 5509 et
1962 5471 2071 5509 non
2119 5453 2218 5508 Ju-

648 5552 887 5607 dreorum
937 5550 1200 5604 futurum.
1233 5546 1311 5601 Ita
1347 5545 1581 5614 denique
1611 5551 1665 5599 et
1693 5551 1905 5613 gestum
1935 5552 2039 5599 est.
2075 5543 2210 5599 Cum

646 5645 791 5703 enim
817 5644 1053 5699 venisset
1082 5682 1095 5703 ,
1132 5642 1197 5696 ab
1220 5640 1307 5694 his
1336 5637 1427 5708 qui
1456 5651 1579 5691 cum
1612 5643 1929 5704 exspectare
1955 5636 2217 5691 videban-

649 5746 737 5794 tur
751 5749 813 5788 ex
840 5732 1132 5787 traditione
1154 5729 1443 5798 majorum,
1468 5724 1692 5781 omnino
1717 5724 1936 5795 agnitus
1965 5741 2073 5781 non
2093 5732 2175 5780 est
2200 5744 2215 5793 ;

716 5909 762 5941 "
800 5906 987 5963 Matth.
1014 5923 1092 5972 ιιι,
1130 5905 1214 5961 l7.
1288 5907 1358 5981 δ”
1400 5886 1533 5961 Gen.
1567 5918 1719 5971 xLIx,
1759 5904 1841 5958 l0.
1922 5904 1932 5931 ί
1981 5901 2113 5954 Gen.
2142 5916 2192 5965 v,
2222 5899 2310 5961 Ξιι.

2335 4646 2523 4687 eorum
2561 4646 2690 4685 vero
2726 4630 2817 4699 qui
2870 4646 2974 4683 non
3009 4630 3075 4684 ad
3126 4631 3395 4699 integrum
3426 4637 3652 4699 potuere
3690 4630 3921 4699 explere

2332 4738 2578 4779 normam
2602 4723 2853 4789 iustitiae,
2892 4722 2987 4778 sed
3018 4723 3231 4793 aliquas
3271 4723 3325 4775 in
3360 4738 3460 4777 sua
3490 4736 3657 4775 carne
3688 4721 3921 4774 malitia.-

2331 4816 2592 4885 reliquias
2638 4814 2897 4879 habuere,
2935 4829 3167 4882 corpora
3216 4813 3436 4883 quidem
3473 4811 3915 4873 resolverentur,

2333 4909 2525 4963 animae
2554 4922 2683 4961 vero
2715 4915 3065 4961 servarentur
3095 4905 3151 4959 in
3183 4905 3348 4960 bonis
3388 4904 3636 4974 laetisque
3669 4904 3915 4973 regioni-

2332 4999 2458 5064 bus,
2492 5007 2551 5053 ut
2582 4998 2636 5053 in
2680 4998 3085 5057 resurrectione
3124 5004 3488 5058 mortuorum,
3522 5009 3647 5048 cum
3684 5009 3785 5049 sua
3819 5008 3912 5047 re-

2330 5091 2596 5161 ceperint,
2642 5090 2758 5159 ipsa
2802 5089 2915 5157 jam
2979 5088 3316 5145 resolutione
3376 5086 3632 5156 purgati,
3676 5100 3781 5155 pro
3824 5084 3916 5136 his

2328 5195 2449 5248 quae
2482 5180 2620 5234 bene
2664 5185 2969 5247 gesserant,
3016 5186 3219 5233 aeterna
3250 5177 3564 5231 haereditate
3600 5176 3913 5245 potiantur.

2326 5268 2393 5322 Et
2422 5268 2548 5323 ideo
2578 5267 2723 5335 beati
2764 5274 2890 5321 sunt
2926 5283 3117 5323 omnes
3146 5268 3241 5337 qui
3278 5280 3506 5345 regnum
3547 5263 3754 5320 Christi
3792 5264 3916 5318 fue—

2323 5361 2436 5415 rint
2494 5358 2699 5429 adepti,
2746 5358 2873 5428 quia
2920 5374 3027 5413 non
3061 5359 3238 5415 solum
3292 5356 3509 5431 inferni,
3539 5372 3733 5427 poenas
3770 5355 3918 5410 εαυ-

2323 5451 2489 5521 gient,
2520 5450 2616 5506 sed
2639 5458 2693 5506 et
2722 5449 3171 5519 incorruptibiles
3194 5448 3619 5519 permanebunt,
3649 5458 3709 5503 et
3738 5446 3915 5517 primi

2323 5541 2489 5596 Deum
2536 5541 2752 5597 Patrem
2792 5541 3089 5605 videbunt,
3123 5550 3287 5611 atque
3322 5541 3462 5595 inter
3505 5541 3715 5610 primos
3756 5537 3913 5609 apud

2321 5633 2491 5688 Deum
2528 5633 2754 5688 honoris
2790 5634 3036 5689 ordinem
3076 5641 3507 5701 consequentur.

2397 5722 2526 5780 Llll.
2561 5723 2789 5795 Propter
2819 5724 2964 5796 quod
2995 5741 3101 5780 non
3147 5723 3370 5779 minima
3397 5722 3465 5779 de
3496 5722 3717 5778 Christo
3759 5736 3909 5792 qur
