4050 6336
159 473 296 529 19.57

1371 462 1945 524 RECOGMTIONUM
1982 463 2110 517 LIB.
2147 463 2189 519 Ι.

3284 459 3424 514 1258

157 592 262 646 stio
283 589 535 654 habetur,
554 594 610 643 et
639 585 881 643 inﬁdeles
906 587 1109 657 quique
1130 601 1198 641 ex
1231 583 1435 639 Iudaeis
1462 585 1730 637 immensa
1761 587 1804 641 Α
1833 577 2029 647 cipulis
2071 573 2298 631 Joannis
2343 575 2480 646 (66),
2527 575 2621 645 qui
2671 575 2997 631 videbantur
3041 591 3167 633 esse
3212 574 3418 645 magni,

153 682 446 736 adversum
487 694 588 734 nos
628 679 844 734 insania
886 687 1331 741 commoventur,
1375 685 1624 730 verentes
1665 690 1734 729 ne

154 769 296 827 forte
339 773 457 842 ipse
490 768 584 832 sit,
633 771 688 825 in
720 787 882 841 quem
918 778 1312 839 peccaverunt;
1365 777 1419 823 et
1462 782 1528 822 eo
1562 767 1734 836 magis

153 871 334 920 motus
365 863 650 927 increscit,
688 864 838 933 quod
877 865 1080 925 sciunt,
1114 861 1296 916 statim
1335 868 1392 914 ut
1416 875 1540 914 eum
1579 859 1731 914 cruci

150 953 392 1016 alﬁxere.
428 956 740 1010 universum
780 956 831 1008 ei
877 969 1226 1022 compassum
1269 968 1392 1008 esse
1443 951 1729 1014 mundum,

151 1062 465 1117 corpusque
496 1047 615 1116 ejus
643 1046 893 1117 diligenti
923 1062 953 1100 a
983 1063 1042 1102 se
1061 1045 1314 1100 custodia
1345 1052 1730 1099 conservatum

150 1155 427 1210 nusquam
481 1141 896 1210 comparuisse,
958 1148 1119 1208 atque
1173 1136 1240 1189 ad
1294 1135 1453 1190 ﬁdem
1493 1133 1730 1188 nominis

151 1231 276 1300 ejus
325 1229 641 1285 innumeras
693 1229 1071 1283 multitudines
1111 1226 1426 1280 convenire.
1472 1222 1629 1278 Unde
1677 1229 1731 1277 et

148 1317 423 1387 compulsi
463 1326 590 1374 sunt
636 1334 741 1372 una
788 1333 914 1372 cum
965 1315 1219 1387 pontiﬁce
1257 1314 1484 1383 Caipha,
1532 1312 1729 1380 szepius

151 1411 370 1466 mittere
413 1411 479 1464 ad
512 1425 612 1464 nos
638 1449 652 1473 ,
701 1418 758 1463 ut
787 1409 855 1464 de
899 1408 1135 1462 nominis
1166 1407 1287 1474 ejus
1323 1406 1549 1459 veritate
1577 1419 1728 1473 qua:—

148 1506 386 1554 reretur.
443 1500 688 1569 Cumque
744 1500 937 1554 crebro
979 1499 1339 1566 deposcerent
1391 1501 1450 1547 ut
1493 1493 1561 1548 de
1600 1491 1729 1546 Jesu

149 1599 248 1643 aut
283 1589 557 1644 discerent
601 1597 694 1642 aut
727 1589 1009 1651 docerent,
1051 1590 1095 1642 si
1127 1589 1245 1656 ipse
1279 1594 1424 1641 esset
1450 1585 1726 1650 Christus,

149 1681 329 1734 visum
371 1682 528 1736 nobis
563 1691 646 1735 est
675 1680 978 1734 ascendere
1024 1679 1090 1733 ad
1121 1679 1402 1748 templum,
1449 1685 1508 1732 et
1544 1692 1728 1731 coram

148 1773 308 1826 omni
363 1774 562 1844 populo
617 1775 912 1842 protestari
954 1773 1018 1828 de
1069 1788 1153 1836 eo,
1208 1773 1372 1828 simul
1419 1779 1471 1824 et
1501 1785 1729 1840 arguere

141 1859 369 1918 Iudaeos
395 1863 462 1917 de
496 1865 702 1929 multis,
735 1880 856 1933 qua:
895 1865 962 1918 ab
990 1864 1070 1918 eis
1109 1863 1348 1917 absurde
1376 1861 1723 1932 gerebantur.

1836 675 2197 739 segregarunt
2229 684 2289 723 se
2318 684 2346 721 a
2388 667 2589 738 populo
2617 674 2671 722 et
2703 666 3026 738 magistrum
3057 682 3218 722 suum
3250 666 3419 720 veluti

1832 757 2112 816 Christum
2160 759 2550 829 praedicarunt.
2596 757 2722 812 Haec
2763 771 2942 813 autem
2975 757 3162 812 omnia
3211 773 3421 830 prama-

1832 865 1950 910 rata
1985 863 2115 909 sunt
2141 854 2460 916 schismata,
2505 860 2563 905 ut
2587 860 2640 908 et
2676 851 2809 908 ﬁdes
2830 851 3038 908 Christi
3056 867 3152 923 per
3168 850 3287 907 haec
3315 853 3419 906 itu-

1831 946 2130 1017 pediretur,
2164 953 2217 1000 et
2243 946 2531 1014 baptisma.

1900 1036 2010 1092 LV.
2052 1035 2462 1098 Verumtamen,
2508 1041 2567 1088 ut
2617 1033 2802 1092 dicere
2853 1049 3224 1106 cmperamus,
3285 1050 3413 1090 cum

1830 1127 2145 1198 frequenter
2187 1141 2289 1182 nos
2331 1125 2573 1194 pontifex
2611 1139 2708 1194 per
2759 1124 3074 1180 sacerdotes
3128 1132 3412 1194 rogasset,

1831 1225 1891 1272 ut
1928 1218 1996 1271 de
2039 1216 2169 1278 Jesu
2211 1232 2396 1272 sermo
2425 1216 2583 1272 nobis
2623 1216 2915 1271 haberetur
2954 1215 3023 1270 ad
3064 1215 3412 1280 alterutrum,

1831 1308 1923 1362 ubi
1951 1317 2323 1377 opportunum
2368 1307 2546 1362 visum
2588 1315 2672 1362 est
2715 1315 2769 1361 et
2809 1307 2959 1362 omni
2993 1305 3251 1363 Ecclesiae
3294 1307 3413 1378 pla-

1830 1400 1964 1461 cuit,
1999 1398 2354 1453 ascendimus
2396 1398 2464 1452 ad
2496 1399 2780 1468 templum,
2815 1407 2868 1454 et
2905 1407 3114 1456 stantes
3144 1401 3196 1453 in
3227 1399 3415 1471 gradi-

1833 1491 1936 1546 bus
1966 1508 2073 1545 una
2103 1508 2227 1546 cum
2261 1491 2518 1546 ﬁdelibus
2560 1493 2825 1546 fratribus
2866 1495 3106 1558 nostris,
3139 1493 3284 1549 facto
3313 1508 3412 1563 po-

1833 1584 1944 1654 puli
1983 1598 2198 1640 summo
2220 1585 2457 1645 silentio,
2495 1585 2644 1655 prior
2673 1585 2912 1655 pontifex
2937 1585 3104 1656 C(Bpit
3133 1586 3410 1642 adhortari

1819 1676 2114 1745 pOpulum,
2143 1686 2201 1730 ut
2231 1677 2498 1746 patienter
2517 1685 2570 1730 et
2595 1693 2718 1731 cum
2745 1679 2927 1747 quiete
2949 1679 3196 1741 audiant,
3219 1678 3414 1734 simul-

1831 1783 1937 1835 que
1962 1783 2150 1822 eorum
2174 1784 2294 1838 qua:
2318 1769 2548 1824 dicenda
2582 1778 2710 1823 sunt
2765 1776 2933 1825 testes
2953 1771 3235 1839 etjudices
3256 1771 3409 1826 ﬁant.

1832 1854 1971 1909 Tum
2002 1857 2200 1912 deinde
2242 1857 2431 1912 multis
2462 1857 2716 1912 laudibus
2748 1857 2983 1913 eﬁ'erens
3013 1857 3412 1913 sacriﬁciorum

143 1952 211 2008 ιιι
243 1955 440 2008 multas
469 1955 668 2009 etenim
698 1956 811 2024 jam
850 1963 1033 2025 partes
1074 1955 1309 2024 p0pulus
1353 1951 1726 2015 scindebatur,
1761 1940 1802 1994 Β
1833 1948 2018 2010 ritum,
2078 1948 2173 2018 qui
2211 1947 2294 2014 ad
2354 1949 2736 2003 remissionem
2774 1959 3122 2018 peccatorum
3170 1947 3414 2002 humano

145 2046 310 2100 initio
343 2055 560 2116 sumpto
595 2062 624 2099 a
653 2047 866 2102 Joanne
893 2047 1157 2116 Baptista.

219 2137 354 2193 LIV.
387 2138 524 2192 Cum
561 2140 706 2194 enim
747 2140 860 2208 jam
900 2139 1211 2194 immineret
1245 2145 1402 2194 ortus
1428 2139 1634 2196 Christi
1658 2141 1725 2196 ad

144 2233 418 2286 sacriﬁcia
459 2233 680 2302 quidem
723 2232 1071 2302 reprimenda
1095 2273 1108 2296 ,
1156 2232 1410 2300 baptismi
1443 2248 1572 2287 vero
1601 2249 1726 2303 gra-

144 2322 278 2375 tiam
333 2322 692 2393 largiendam,
750 2324 1008 2377 inimicus
1059 2339 1125 2376 ex
1173 2323 1260 2377 his
1308 2338 1431 2391 quae
1467 2323 1725 2391 praedicta

147 2412 365 2468 fuerant
402 2416 595 2469 adesse
651 2423 869 2484 tempus
911 2414 1246 2485 intelligens,
1292 2415 1524 2486 {diversa
1576 2417 1726 2471 schi-

146 2514 293 2560 ntata
325 2507 654 2575 operabatur
691 2507 744 2560 in
792 2509 993 2577 populo
1025 2508 1173 2578 (44),
1208 2519 1264 2562 ut
1304 2510 1347 2565 si
1392 2509 1533 2564 forte
1572 2513 1725 2581 prius

145 2607 432 2669 peccatum
471 2602 742 2670 potuisset
781 2601 1008 2666 aboleri,
1058 2602 1300 2658 secunda
1335 2603 1535 2675 corrigi
1565 2606 1725 2674 culpa

143 2706 258 2746 non
290 2701 494 2762 posset.
542 2693 670 2748 Erat
703 2710 833 2766 ergo
869 2694 1105 2763 primum
1139 2696 1377 2751 schisma
1409 2713 1600 2751 eorum
1630 2696 1724 2766 qui

139 2782 474 2839 dicebantur
532 2783 853 2850 Sadduczci,
929 2787 1088 2841 initio
1143 2786 1375 2864 Joannis
1422 2789 1536 2858 jam
1589 2805 1726 2860 pene

141 2876 491 2947 temporibus
519 2888 756 2947 sumpto.
788 2877 965 2948 Hique
991 2889 1049 2933 ut
1080 2881 1570 2950 czeterisjustiores
1590 2882 1723 2952 (45),

141 2985 437 3041 segregare
470 2987 528 3025 se
559 2985 775 3041 ccepere
805 2985 835 3024 a
868 2973 1051 3042 pepuli
1089 2983 1256 3039 ctetu,
1295 2984 1350 3029 et
1384 2983 1725 3029 mortuorum

139 3065 612 3119 resurrectionem
656 3066 902 3134 negare'
939 3065 1104 3137 idque
1155 3074 1479 3136 argumento
1535 3069 1726 3123 inﬁde-

139 3155 319 3210 litatis
377 3172 647 3221 asserere,
728 3158 973 3214 dicentes
1030 3175 1141 3214 non
1197 3176 1319 3215 esse
1377 3161 1602 3230 dignum
1666 3171 1724 3219 ut

143 3250 305 3316 quasi
340 3249 444 3304 sub
481 3249 734 3307 mercede
767 3252 1048 3322 proposita
1082 3253 1296 3308 colatur
1325 3254 1486 3310 Deus.
1521 3256 1724 3312 Auctor

143 3357 277 3396 vero
311 3344 600 3399 sententia}
644 3344 809 3412 hujus
853 3347 1063 3414 primus
1094 3345 1408 3411 Dositheus,
1456 3351 1728 3407 secundus

141 3431 334 3487 Simon
360 3432 480 3491 fuit.
507 3437 662 3490 Aliud
688 3437 1019 3490 Samaraaum
1041 3437 1279 3491 schisma
1307 3445 1423 3504 est;
1456 3440 1557 3505 ipsi
1581 3443 1725 3496 enim

140 3528 608 3585 resurrectionem
643 3540 985 3584 mortuorum
1026 3539 1289 3602 negantes
1309 3542 1583 3597 asserunt,
1617 3553 1725 3591 non

140 3622 202 3674 in
227 3619 636 3693 Hierosolymis,
677 3622 770 3677 sed
807 3623 861 3675 in
895 3631 1077 3677 monte
1118 3621 1338 3678 Garizin
1387 3626 1723 3682 adorandum

137 3725 268 3764 esse
312 3710 499 3766 Deum.
550 3711 652 3777 Qui
688 3718 866 3764 tamen
897 3726 1062 3763 unum
1100 3726 1287 3765 verum
1315 3713 1632 3781 prophetam
1655 3730 1722 3768 ex

145 3801 348 3872 Inysis
386 3804 866 3857 vaticinationibus
899 3809 1045 3856 recte
1092 3812 1506 3872 exspectantes,
1545 3807 1725 3876 pravi-

140 3902 256 3948 tate
302 3893 547 3949 Dosithei
591 3895 829 3964 impediti
862 3903 1011 3957 sunt,
1042 3910 1109 3948 ne
1133 3895 1277 3948 hunc
1307 3912 1466 3964 quem
1501 3913 1727 3968 exspec-

142 3984 353 4046 tabant,
407 3984 695 4038 crederent
751 3999 874 4038 esse
915 3983 1123 4038 Jesum.
1188 3981 1392 4039 Scriba:
1428 4003 1646 4056 quoque
1669 3998 1725 4042 et

142 4073 402 4129 Pharisaei
437 4075 492 4129 in
514 4076 660 4130 aliud
685 4075 921 4130 schisma
945 4074 1308 4131 deducuntur.
1342 4075 1447 4131 Sed
1472 4078 1525 4131 hi
1549 4081 1724 4149 bapti-

141 4166 251 4222 zati
293 4182 323 4220 a
358 4166 590 4226 Joanne.
622 4175 674 4222 et
702 4169 850 4222 velut
889 4170 1095 4224 clavem
1123 4171 1276 4238 regni
1303 4171 1566 4225 caelorum
1597 4188 1718 4226 ver-

142 4256 273 4311 bum
299 4259 544 4316 veritatis
568 4267 820 4314 tenentes
860 4275 923 4314 ex
962 4259 1164 4330 Moysis
1201 4261 1495 4318 traditione
1524 4280 1712 4319 susce-

141 4358 317 4420 ptum,
356 4351 957 4407 occultaruntoauribus
986 4354 1165 4424 populi
1198 4362 1237 4408 ³.
1285 4353 1390 4411 Sed
1420 4364 1474 4410 et
1500 4372 1568 4412 ex
1593 4356 1709 4413 dis-

222 4510 246 4541 ⁸
270 4507 459 4571 Matth.
494 4522 630 4572 nu,
657 4509 746 4562 23.
821 4509 842 4539 '
877 4506 1006 4563 Luc.
1042 4525 1120 4574 st,
1153 4509 1241 4566 52.

1833 2039 2019 2110 generi
2073 2039 2335 2095 divinitus
2387 2051 2531 2096 esset
2584 2040 2852 2105 indultus,
2899 2040 3236 2096 causabatur
3281 2039 3414 2096 Jesu

1831 2131 2007 2186 nostri
2047 2132 2314 2201 baptisma
2349 2133 2494 2188 velut
2524 2139 2716 2185 contra
2755 2133 2868 2187 haec
2896 2148 3072 2202 nuper
3104 2131 3409 2186 inductum.

1834 2220 1941 2276 Sed
1972 2223 2437 2292 propositionibus
2469 2223 2588 2290 ejus
2621 2237 2918 2277 occurrens
2951 2221 3261 2285 Matthaaus,
3293 2220 3414 2275 evi-

1831 2309 2024 2365 denter
2051 2312 2291 2365 ostendit
2365 2311 2510 2381 quod
2561 2311 2607 2366 si
2652 2311 2777 2381 quis
2823 2310 2949 2366 Jesn
2998 2312 3270 2381 baptisma
3304 2327 3412 2366 non

1832 2402 1996 2458 fuerit
2051 2412 2402 2463 consecutus.
2456 2396 2659 2460 is'non
2707 2404 2883 2458 solum
2940 2406 3203 2459 ccelorum
3243 2421 3414 2476 regno

1831 2493 2213 2559 fraudabitur,
2245 2511 2432 2549 verum
2467 2505 2519 2551 et
2542 2497 2595 2549 in
2632 2495 3037 2551 resurrectione
3065 2504 3412 2551 mortuorum

1830 2602 1938 2640 non
1984 2588 2189 2656 absque
2244 2587 2486 2656 periculo
2535 2586 2663 2651 erit,
2715 2587 2931 2641 etiamsi
2973 2586 3128 2642 bona:
3181 2588 3310 2643 vita:
3355 2597 3410 2643 et

1829 2684 1989 2732 recta:
2017 2681 2214 2733 mentis
2245 2679 2600 2748 prmrogativa
2641 2681 2942 2735 muniatur.
2978 2677 3104 2734 Haec
3128 2687 3184 2736 et
3220 2679 3310 2737 his
3334 2680 3415 2737 si-

1831 2771 1976 2824 milia
2005 2778 2330 2840 prosecutus
2363 2771 2515 2825 siluit
2545 2769 2850 2826 Mattheus.

1900 2881 2034 2938 LVI.
2097 2881 2204 2937 Sed
2251 2881 2677 2938 Sadducworum
2719 2898 2867 2954 pars,
2917 2897 3039 2954 quae
3089 2889 3253 2954 negat
3286 2896 3412 2939 esse

1829 2977 2290 3031 resurrectionem
2334 2983 2699 3038 mortuorum,
2756 2976 3035 3044 indignata
3080 2982 3187 3039 est,
3235 2973 3310 3029 ita
3343 2982 3409 3028 ut

1830 3070 2047 3139 quidam
2111 3085 2177 3123 ex
2236 3069 2371 3138 ipsis
2431 3068 2498 3123 de
2555 3069 2734 3123 medio
2807 3068 2992 3138 populi
3051 3068 3407 3130 exclamaret,

1829 3161 2019 3216 dicens
2054 3163 2282 3214 multum
2322 3176 2508 3216 errare
2539 3176 2634 3214 eos
2670 3161 2762 3230 qui
2797 3167 2987 3230 putent
3028 3169 3276 3216 mortuos
3308 3159 3410 3213 ali-

1830 3253 2051 3323 quando
2078 3269 2385 3324 resurgere.
2421 3251 2626 3308 Contra
2663 3251 2810 3306 hunc
2841 3250 3088 3307 Andreas
3119 3266 3274 3306 meus
3299 3249 3411 3303 fra-

1831 3354 1915 3400 ter
1942 3345 2302 3415 respondens,
2347 3345 2534 3399 docuit
2553 3360 2798 3399 errorem
2833 3361 2940 3398 non
2971 3360 3095 3398 esse
3115 3383 3129 3407 ,
3163 3342 3256 3396 sed
3282 3357 3406 3396 cer-

1827 3436 2098 3491 tissimam
2129 3435 2311 3499 ﬁdem,
2341 3436 2488 3506 quod
2521 3438 2719 3490 mortui
2751 3443 3063 3505 resurgant,
3097 3434 3405 3491 secundum

1825 3542 1888 3582 ea
1915 3543 2036 3596 quae
2063 3527 2247 3583 docuit
2275 3528 2321 3583 is
2349 3568 2364 3591 ,
2408 3544 2568 3598 quem
2600 3526 2812 3598 Moyses
2843 3528 3092 3596 praedixit
3116 3537 3406 3582 venturum

1828 3620 2146 3689 pr0phetam
2169 3637 2183 3686 ;
2216 3627 2309 3673 aut
2332 3621 2376 3675 si
2404 3636 2515 3674 non
2541 3620 2817 3674 videretur
2842 3621 2924 3674 eis
2948 3621 3063 3688 ipse
3093 3634 3214 3673 esse
3241 3634 3404 3688 quem

1826 3714 2075 3782 praedixit
2107 3711 2334 3784 Moyses,
2352 3713 2418 3768 de
2449 3712 2572 3776 hoc,
2617 3713 2817 3782 inquit,
2851 3713 3027 3782 primo
3067 3714 3402 3781 requiratur,

1828 3811 1888 3858 ut
1939 3820 2063 3858 cum
2101 3804 2380 3859 evidenter
2428 3805 2544 3874 ipse
2600 3803 2765 3858 fuerit
2813 3803 3108 3873 probatus,
3148 3802 3287 3857 nihil
3335 3802 3412 3861 de

1825 3895 2038 3966 reliquo
2097 3911 2260 3967 super
2319 3897 2411 3951 his
2451 3911 2573 3966 qua:
2622 3895 2810 3951 docuit
2875 3894 3204 3964 ambigatur.
3277 3890 3402 3948 Haec

1826 3995 2005 4044 autem
2023 3998 2078 4044 et
2094 3989 2178 4044 his
2202 3988 2404 4044 similia
2428 3989 2584 4058 plura
2600 3994 2935 4060 protestatus
2954 3986 3104 4041 siluit
3127 3984 3396 4040 Andreas.

1895 4078 2053 4135 ωἰι.
2100 4079 2408 4135 Samarazus
2446 4095 2574 4135 vero
2613 4079 2856 4150 quidam,
2896 4077 3171 4134 contraria
3203 4077 3402 4147 p0pulo

1821 4181 1876 4229 et
1909 4173 2020 4228 Deo
2060 4173 2310 4244 loquens,
2341 4181 2395 4227 et
2431 4189 2607 4243 neque
2645 4181 2890 4226 mortuos
2928 4184 3183 4225 asserens
3207 4183 3401 4222 resur-

1837 4274 2110 4328 recturos,
2145 4281 2472 4334 nequeeum
2495 4265 2587 4334 qui
2611 4274 2692 4319 est
2729 4260 2783 4318 in
2813 4262 3153 4318 Hierusalem
3186 4261 3396 4314 cultum

1826 4355 1924 4412 Dei
1967 4357 2436 4423 tenendum,.sed
2470 4364 2707 4413 montem
2732 4354 2948 4411 Garizin
2985 4353 3352 4412 venerandum
3375 4379 3392 4406 ι

1430 4686 1794 4746 COTELERH
1847 4687 2078 4747 NOTAE.

210 4890 325 4974 (μ)
371 4889 586 4974 Diversa
612 4891 1317 4974 schismata‘operabaturdn
1339 4889 1548 4974 populo.
1573 4889 1708 4974 Pro-

1826 4891 1912 4974 τῇ,
1964 4890 2236 4974 cor-(rigere
2285 4888 2546 4974 debemus
2587 4888 2812 4974 Suldam
2848 4887 3237 4974 τΣαδᾷῗυκαῐιζξ
3284 4892 3392 4944 ἀπὸ

140 4960 258 5016 fero
293 4960 346 5016 in
382 4976 440 5015 re
468 4961 684 5029 vulgata
717 4961 919 5030 aliquid
961 4978 1066 5016 non
1110 4961 1256 5015 omni
1300 4978 1361 5014 ex
1397 4969 1550 5030 parte
1592 4963 1711 5014 vul-

136 5039 323 5102 gatum
375 5051 388 5102 ς
435 5030 731 5102 formulam
789 5029 1028 5086 Graecam
1077 5029 1425 5089 renuntiandi
1472 5029 1712 5086 Judaicaa

139 5099 410 5173 religioni,
435 5099 893 5173 Hebraeorumque
923 5103 1116 5173 ritibus
1145 5111 1200 5155 et
1247 5103 1412 5173 sectis
1409 5118 1447 5173 _,'
1482 5102 1712 5171 amplio—

139 5170 370 5226 rem'illa
409 5187 530 5242 qut;
566 5170 1215 5242 habetur'Euchologiigp.
1248 5170 1370 5225 544.
1409 5170 1713 5242 Eamcom-

137 5242 395 5312 plectitur
421 5240 592 5312 codex
615 5240 815 5312 Regius
849 5242 1004 5297 1818.
1031 5240 1100 5281 4—
1122 5241 1310 5297 Exstat
1335 5257 1461 5296 vero
1485 5241 1624 5294 infra
1657 5242 1711 5296 in

138 5309 372 5439 Ἀρρειιιέ.
421 5309 660 5366 Monum.
700 5309 798 5368 bis
863 5312 1128 5383 Recognit.
1197 5312 1349 5366 libris
1419 5312 1660 5380 subjecta
1693 5351 1710 5376 ,

138 5396 290 5435 num.
367 5423 378 5435 .

137 5396 290 5435 num.
323 5396 378 5435 2.

181 5397 432 5521 "(Tm-ﬁn
461 5452 665 5506 cwteris
685 5451 958 5520 justiores.
1000 5451 1212 5521 Allusio
1237 5450 1300 5506 ad
1326 5465 1521 5505 nomen
1587 5449 1713 5506 Hie-

138 5520 425 5592 ronymus,
461 5523 562 5576 sub
603 5522 762 5576 ﬁnem
811 5522 933 5577 libri
973 5539 1035 5576 ιιι
1105 5520 1617 5576 Commentariorum
1660 5524 1711 5575 in

138 5590 452 5644 Mattheum
500 5607 518 5643 :
582 5590 864 5644 Sadduccei
918 5602 1092 5644 autem
1153 5593 1242 5644 aui
1300 5593 1711 5644 internretantur

138 5590 452 5644 Martiarum
500 5607 518 5643 :
582 5590 864 5646 Sadduccei
918 5602 1092 5647 autem
1153 5593 1242 5661 qui
1300 5593 1711 5659 interpretantur

126 5663 286 5733 justi,
310 5670 359 5724 et
381 5662 482 5729 ipsi
511 5661 848 5733 uindicabant
873 5663 974 5716 sibi
1015 5662 1151 5733 quod
1185 5679 1285 5715 non
1316 5660 1709 5733 erantr'l‘heo-

135 5731 750 5815 phylactusuadmﬂatth.
784 5733 957 5815 LIIL7,
996 5731 1066 5815 De
1112 5732 1475 5815 Sqdducwisa
1500 5732 1706 5815 Ἑρμη-

133 5801 484 5873 vaticinatus,
518 5802 732 5855 δίκαιοι.
784 5802 946 5855 Σεδὲκ
993 5803 1099 5873 γὰρ
1153 5804 1186 5871 ἡ
1235 5801 1574 5872 δικαιοσύνη(
1604 5801 1706 5854 Δι-

133 5873 322 5944 ῃαζᾳυς
349 5872 456 5941 γὰρ
488 5873 711 5944 tantoa;
741 5873 1040 5944 ᾠγόμαζον.
1073 5872 1163 5926 ἺΙ
1211 5873 1318 5925 ἀπὸ
1360 5873 1709 5944 αἱρεᾼςξιᾶρχου

133 5942 320 6005 ξαδὼκ
363 5940 733 6011 ὀνομάζονται.
764 5940 936 6010 Unde,
981 5958 1042 5999 ac
1071 5959 1133 6000 ex
1164 5940 1434 6000 similibus
1477 5940 1710 6014 Epipha-

1816 4963 2000 5016 τόπου.
2052 4956 2780 5032 δότίρεγετθιηάπὸγτρόποτέ,
2811 4977 2842 5012 a
2890 4956 3137 5032 moribus.
3195 4957 3393 5014 Remo.

1817 5034 1925 5088 lior
1945 5040 2029 5086 est
2058 5027 2365 5086 emendatio
2397 5027 2606 5094 Drusii,‘
2639 5045 2700 5082 ιιι
2733 5028 2804 5082 De
2827 5030 2978 5084 sectis
2997 5027 3308 5082 Judreorum
3332 5031 3387 5094 4,

1817 5104 1936 5156 ἀπὸ·
1954 5102 2226 5154 Δοσιθέὸυ.

1892 5173 2002 5243 (46)
2045 5171 2128 5228 Ea:
2157 5168 2697 5243 discipulisloannis;
2723 5176 2838 5243 etc.
2872 5167 3119 5243 Vigilius
3146 5167 3391 5239 Tapsen-

1820 5237 1906 5298 sisi
1929 5237 2021 5296 lib.
2083 5257 2099 5296 ι
2129 5237 2311 5295 contra
2342 5241 2547 5302 Arium,
2576 5241 2863 5295 Sabellium
2884 5249 2932 5292 et
2950 5237 3244 5292 ’Photinuni
3266 5256 3388 5310 cap.

1819 5314 1891 5368 20
1917 5333 1928 5366 :
1971 5312 2037 5365 Et
2064 5314 2186 5382 quia
2225 5311 2376 5364 multi
2404 5314 2706 5382 dogmatum
2741 5322 2987 5382 novorum
3026 5318 3265 5363 auctores
3294 5328 3390 5362 eat-

1819 5328 1928 5368 zu:
1971 5328 2037 5365 nt
2064 5330 2186 5382 quia
2225 5328 2374 5364 mum
2404 5328 2706 5433 aogmamm
2741 5328 2987 5363 novorum
3026 5328 3265 5363 auctores
3294 5328 3390 5362 ex-

1817 5385 2086 5446 stiterant,
2126 5383 2380 5436 doctrina:
2432 5399 2460 5434 o
2501 5383 2693 5434 viantes
2747 5380 3076 5447 apostolicae,
3116 5391 3392 5448 omnesque

1817 5465 2099 5508 sectatores
2133 5471 2254 5507 suos
2285 5452 2568 5519 discipulos
2599 5450 2961 5514 nominabant,
2994 5465 3083 5504 nec
3116 5459 3232 5503 erat
3276 5452 3390 5504 ulla

1815 5526 2043 5578 nominis
2095 5524 2342 5577 discretio
2389 5523 2526 5576 inter
2573 5539 2718 5575 veros
2763 5521 3028 5589 falsosque
3073 5520 3386 5589 discipulos,

1814 5596 1919 5649 sive
1941 5595 2027 5656 qui
2059 5594 2277 5658 Christi,
2309 5594 2414 5647 sive
2443 5594 2532 5662 qui
2573 5591 2831 5662 Dosithei,
2862 5592 2967 5645 sive
3005 5590 3250 5654 Theodte,
3282 5593 3388 5646 sive

1810 5663 1969 5718 Judte
1999 5665 2299 5734 cujusdam,
2334 5661 2637 5734 siveetiam
2679 5661 2905 5734 Joannis
2952 5671 3267 5734 sectatores,
3299 5664 3388 5734 qui

1812 5752 1866 5789 se
1902 5731 2432 5805 quasi'Cltristotita
2483 5733 2809 5805 membrana:
2833 5731 3015 5801 Regia:
3065 5749 3121 5805 n.
3172 5731 3387 5796 358.1%

1809 5803 1978 5860 editio
2022 5803 2349 5864 Cassandri)
2384 5804 2590 5857 credere
2625 5803 2955 5872 fatebantur;
3001 5804 3281 5861 noluerunt
3329 5813 3388 5859 ut

1819 5895 1920 5931 uno
1946 5877 2324 5946 discipulorum
2355 5876 2558 5929 nomine
2592 5886 2944 5929 censerentur.
