4066 6334
201 360 344 418 ηιι

1427 355 1998 414 ΒΕΟΟΟΝΙΤΙΟΝΗΜ
2032 355 2163 412 LIB.
2199 355 2244 412 I.

3321 359 3464 417 ηις

199 476 428 540 atolus,
462 489 688 531 monere
719 473 981 545 pupulum
1013 475 1214 547 cmpit,
1250 491 1318 530 ne
1347 474 1475 528 odio
1517 472 1782 526 haberent
1812 476 1856 532 Α
1888 479 2256 533 mortuorum,
2292 477 2596 524 bamaritas
2632 467 2701 524 de
2749 471 3170 528 consecratione
3201 470 3463 530 Hierusa-

193 565 394 622 Jesum
427 583 605 636 neque
633 566 1078 636 blasphemarcnt
1105 583 1252 621 eum.
1281 566 1450 619 Multo
1477 565 1623 618 enim
1661 577 1782 617 esse

177 659 453 722 ,rectius,
499 660 665 714 etiam
718 658 996 728 ignoranti
1049 660 1133 712 vel
1182 659 1451 712 dubitanti
1505 657 1572 710 de
1613 655 1778 718 Jesu,

199 764 399 804 amare
432 766 553 805 eum
587 765 750 819 quam
780 750 984 806 odisse.
1014 749 1278 803 Charitati
1311 751 1455 804 enim
1484 749 1625 801 Deus
1651 762 1780 815 pm

198 839 376 891 mium
407 839 591 909 posuit
618 877 633 902 ,
669 839 812 893 odiis
844 854 1081 910 poenam.
1117 838 1230 893 Iloc
1265 841 1442 908 ipsum
1473 838 1616 890 enim
1641 875 1656 899 ,
1704 837 1784 889 in-

202 929 363 997 quit,
428 928 574 999 quod
624 928 909 984 Iudaicum
941 944 1144 999 corpus
1195 929 1492 998 assumpsit
1533 938 1587 982 et
1641 930 1784 980 inter

199 1017 434 1076 Iudaeos
476 1029 636 1076 natus
680 1028 766 1076 est
797 1060 812 1085 ,
842 1035 952 1091 quo
985 1020 1145 1074 modo
1179 1035 1289 1074 non
1319 1020 1580 1073 omnibus
1627 1018 1781 1072 vobis

200 1112 486 1166 incentiva
516 1115 600 1167 sui
631 1113 835 1168 amoris
878 1112 1154 1167 incussit?
1183 1111 1308 1165 Hinc
1351 1120 1405 1165 et
1450 1112 1537 1166 his
1583 1112 1779 1165 similia

199 1218 331 1256 cum
365 1212 709 1271 perorasset,
743 1203 955 1257 dicendi
990 1203 1149 1256 ﬁnem
1181 1202 1327 1256 fecit.

271 1291 416 1347 LXI.
463 1293 617 1348 Tunc
641 1294 875 1364 Caiphas
903 1293 1206 1348 doctrinam
1238 1292 1366 1346 Jesu
1401 1295 1624 1362 culpare
1655 1301 1745 1346 ten
1772 1323 1781 1332 -

195 1385 378 1446 tabat,
411 1386 600 1440 dicens
625 1400 749 1438 eum
775 1401 863 1440 res
889 1401 1059 1439 vanas
1093 1387 1334 1438 locutum
1369 1405 1379 1439 :
1418 1385 1606 1438 beatos
1633 1385 1778 1437 enim

195 1491 475 1546 pauperes
504 1477 642 1529 dixit
671 1477 714 1540 ⁷,
746 1485 797 1531 et
830 1485 1079 1531 terrenas
1143 1477 1258 1531 fore
1307 1479 1780 1533 remunerationes

192 1569 476 1635 promisit,
499 1584 563 1623 ac
585 1583 852 1624 summam
875 1569 1120 1623 muneris
1147 1571 1199 1622 in
1223 1576 1439 1622 terrena
1467 1569 1781 1626 lirereditatc

190 1658 516 1721 constituit,
542 1657 788 1726 cibisque
816 1673 878 1711 ac
900 1666 1031 1728 potu
1056 1675 1152 1713 eos
1175 1660 1266 1728 qui
1288 1659 1558 1726 justitiam
1591 1676 1777 1713 scrva-

193 1748 334 1813 rint,
377 1750 628 1818 promisit
651 1765 772 1811 esse
795 1751 1159 1813 saturandos;
1190 1759 1244 1805 et
1273 1751 1360 1805 his
1393 1751 1591 1805 similia
1611 1753 1778 1806 multa

1885 562 2012 624 Iern,
2057 578 2164 616 non
2219 570 2400 614 tamen
2448 561 2679 630 ingressi
2732 563 3009 617 civitatem
3059 565 3331 633 ipsorum,
3362 565 3460 620 sed

1884 653 2099 723 publice
2131 653 2492 722 disputantes,
2546 650 2767 708 Scribas
2797 665 2944 709 ‘vero
2972 664 3026 710 et
3056 655 3364 712 Pharisaeos
3397 658 3463 712 de

1883 761 2055 817 regno
2101 746 2392 807 caelorum,
2421 745 2723 814 discipulos
2751 745 3004 806 Joannis,
3038 764 3104 802 ne
3135 750 3458 806 scandalum

1885 845 2203 910 paterentur
2244 838 2298 890 in
2342 835 2573 898 Joanne,
2606 851 2822 890 omnem
2857 853 2987 891 vero
3019 840 3298 908 populum,
3331 842 3458 911 quia

1881 928 2044 984 Iesus
2095 937 2178 983 est
2226 929 2482 982 Christus
2526 936 2785 982 internus.
2836 930 2912 981 Ad
2964 931 3214 984 ultimum
3276 941 3459 988 autem

1884 1019 2070 1073 monui
2104 1035 2219 1080 eos,
2258 1029 2313 1070 nt
2345 1017 2662 1087 priusquam
2693 1020 3145 1087 progrederemur
3177 1022 3242 1076 ad
3270 1032 3462 1095 gentes

1886 1112 2181 1182 prmdicare
2213 1112 2292 1163 cis
2325 1111 2654 1178 agnitionem
2702 1109 2794 1164 Dei
2839 1109 3039 1174 Patris,
3071 1114 3172 1183 ipsi
3207 1116 3460 1170 reconci-

1885 1206 2148 1257 narentur
2173 1204 2280 1256 Deo
2321 1205 2684 1270 suscipientes
2710 1201 2903 1254 Filium
2937 1204 3077 1271 ejus.
3110 1207 3280 1260 Aliter
3310 1208 3457 1263 enim

1885 1297 2034 1348 nullo
2059 1299 2218 1347 modo
2254 1312 2344 1348 cos
2371 1295 2585 1346 ostendi
2621 1309 2780 1361 pOSse
2814 1295 3033 1358 salvari,
3069 1298 3171 1350 nisi
3203 1313 3298 1365 per
3331 1313 3457 1353 san-

1883 1385 1956 1435 cti
1983 1382 2223 1451 Spiritus
2256 1383 2485 1452 gratiam
2517 1383 2672 1434 trime
2712 1382 3078 1440 invocationis
3112 1385 3244 1440 dilui
3277 1389 3458 1458 bapti-

1883 1481 2055 1526 smate
2083 1480 2458 1540 properarent.
2495 1481 2546 1525 et
2577 1471 2971 1527 Eucharistiam
3004 1475 3208 1531 Christi
3243 1478 3458 1535 Domini

1885 1565 2218 1626 sumerent“,
2252 1565 2338 1616 cui
2381 1565 2505 1626 soli,
2539 1562 2604 1617 de
2637 1564 2718 1617 his
2749 1581 2869 1632 qua:
2897 1567 3081 1620 docuit
3121 1571 3343 1625 credere
3367 1572 3456 1628 de-

1885 1653 2094 1716 berent,
2138 1662 2194 1705 ut
2229 1655 2306 1706 sic
2333 1662 2590 1707 aeternam
2617 1655 2846 1708 salutem
2878 1660 3138 1727 consequi
3183 1678 3462 1718 mereren-

1887 1753 1997 1809 tur,
2027 1746 2185 1799 aliter
2233 1761 2362 1799 vero
2406 1746 2748 1815 impossibile
2802 1763 3028 1816 prorsus
3059 1767 3180 1806 esse
3213 1757 3463 1811 reconci-

189 1839 462 1894 docuisse
514 1842 960 1910 deprehenditur.
994 1841 1094 1897 Cui
1153 1841 1391 1897 Thomas
1442 1844 1779 1912 respondens
1814 1813 1854 1870 Β
1888 1839 2007 1891 liari
2041 1854 2135 1893 eos
2160 1838 2288 1902 Deo,
2313 1839 2476 1893 etiam
2510 1841 2555 1892 si
2589 1840 2732 1894 mille
2754 1840 2802 1894 ei
2835 1855 2960 1894 aras
2999 1851 3051 1897 et
3088 1844 3281 1899 altaria
3312 1849 3461 1902 mille

190 1933 386 2002 arguit
411 1949 534 1986 eum
565 1931 772 1988 frustra
791 1943 1131 1996 causantem,
1157 1935 1475 1998 ostendens,
1498 1937 1626 2004 quia
1648 1953 1776 2004 pro-

191 2025 383 2095 phetae
429 2025 625 2093 magis,
660 2026 860 2094 quibus
891 2027 1056 2080 etiam
1090 2028 1205 2096 ipse
1246 2029 1443 2090 credit,
1472 2029 1544 2080 ita
1577 2029 1781 2084 docue-

191 2117 333 2179 rint,
368 2132 472 2171 nec
514 2125 697 2170 tamen
729 2121 1002 2186 quomodo
1032 2126 1196 2173 erunt
1235 2119 1347 2172 haec
1383 2127 1476 2171 aut
1506 2120 1780 2188 quomodo

191 2209 601 2278 percipientur,
628 2210 989 2273 ostenderint,
1010 2209 1171 2265 Jesus
1189 2227 1316 2265 vero
1343 2211 1577 2281 qualiter
1605 2211 1778 2280 accipi

190 2299 316 2354 haec
349 2300 609 2365 debeant,
641 2301 1121 2356 demonstraverit.
1167 2301 1231 2355 Et
1282 2317 1406 2357 cum
1460 2303 1576 2357 hzec
1616 2312 1780 2372 atque

193 2390 288 2446 his
322 2391 525 2446 similia
556 2393 714 2461 plura
746 2393 997 2456 dixisset,
1033 2393 1187 2448 siluit
1211 2394 1374 2448 etiam
1412 2392 1670 2448 Thomas.

267 2479 431 2537 LXII.
449 2480 580 2538 Post
595 2482 708 2537 hzec
725 2498 943 2538 rursum
959 2483 1195 2554 Caiphas
1211 2500 1296 2538 me
1310 2486 1549 2548 intuens.
1565 2493 1618 2540 et
1633 2499 1781 2541 nunc

193 2583 262 2630 ut
288 2589 547 2641 monens,
580 2591 729 2634 nunc
756 2590 889 2630 vero
918 2583 977 2629 ut
1014 2577 1265 2646 culparis,
1293 2576 1531 2642 dicebat,
1560 2593 1781 2634 cessare

195 2682 286 2723 me
308 2667 511 2722 debere
555 2669 623 2722 de
665 2668 878 2736 reliquo
910 2683 939 2720 a
965 2670 1351 2739 praedicatione
1381 2670 1585 2724 Christi
1624 2669 1778 2735 Jesu,

197 2774 269 2813 ne
300 2759 359 2812 in
387 2759 682 2828 perniciem
717 2762 821 2815 mei
853 2761 958 2814 hoc
991 2775 1231 2831 agerem,
1269 2776 1405 2816 neve
1448 2763 1564 2832 ipse
1593 2779 1782 2818 errore

195 2850 466 2920 deceptus
499 2852 635 2906 alios
662 2867 884 2923 quoque
909 2869 1032 2909 meo
1055 2869 1241 2909 errore
1281 2855 1610 2925 deciperem.
1642 2854 1781 2909 Tum

196 2951 464 3014 praeterea
488 2945 751 3014 arguebat
780 2961 866 2999 me
896 2946 1240 3008 temeritatis,
1271 2947 1416 3016 quod
1446 2964 1569 3001 cum
1602 2964 1780 3003 essem

199 3033 320 3103 ipse
347 3034 654 3104 imperitus,
686 3035 926 3104 piscator
951 3043 1006 3090 et
1035 3039 1294 3104 rusticus,
1323 3039 1561 3094 cilicium
1597 3043 1782 3096 subire

1883 1931 2239 1985 succendant.

1955 2023 2139 2077 LXIV.
2184 2021 2294 2077 Nos
2351 2025 2517 2088 enim,
2573 2024 2817 2093 inquam,
2849 2042 2947 2095 pro
2995 2037 3146 2082 certo
3189 2032 3462 2101 comperi-

1883 2133 2025 2179 mus,
2079 2116 2226 2185 quod
2281 2131 2446 2186 super
2496 2117 2784 2172 sacriﬁciis
2832 2135 2952 2187 qua:
3003 2120 3231 2184 otTertis,
3283 2125 3456 2180 multo

1882 2210 2055 2278 magis
2111 2217 2466 2277 exasperatur
2515 2206 2678 2269 Deus,
2746 2209 3143 2264 sacriﬁciorum
3215 2222 3459 2283 tempore

1880 2300 2149 2354 duntaxat
2176 2302 2408 2370 expleto.
2438 2300 2503 2353 Et
2530 2302 2655 2370 quia
2681 2316 2776 2354 vos
2808 2318 2917 2355 non
2950 2304 3110 2358 vultis
3138 2321 3456 2374 agnoscere,

1882 2408 2164 2448 emensum
2205 2409 2327 2448 esse
2371 2394 2484 2462 jam
2541 2402 2756 2462 tempus
2812 2393 3020 2449 hostias
3069 2395 3352 2462 oﬁercndi,
3387 2401 3459 2454 ob

1884 2488 1987 2541 hoc
2023 2487 2338 2540 destruetur
2363 2496 2416 2540 et
2437 2487 2696 2556 templum
2725 2487 2861 2558 (£9),
2912 2496 2963 2542 et
2995 2489 3328 2545 abominatio
3362 2494 3460 2547 de-

1885 2578 2178 2633 solationis
2210 2586 2482 2632 statuetur
2518 2579 2573 2632 in
2606 2579 2724 2632 loco
2757 2580 3003 2643 sancto”,
3038 2589 3090 2634 et
3127 2591 3256 2636 tunc
3283 2586 3460 2653 genti-

1883 2672 1985 2726 bus
2036 2669 2388 2738 Evangelium
2469 2670 2856 2740 przedicabitur
2943 2670 3006 2724 ad
3083 2673 3456 2730 testimonium

1883 2766 2073 2826 vestri,
2109 2773 2167 2818 ut
2199 2781 2264 2819 ex
2298 2765 2516 2817 illorum
2558 2764 2660 2818 ﬁde
2692 2773 2870 2818 vestra
2905 2765 3197 2820 inﬁdelitas
3239 2768 3457 2835 judice-

1885 2869 1995 2914 tur.
2030 2857 2222 2914 Omnis
2247 2858 2444 2913 etenim
2471 2857 2708 2911 mundus
2740 2857 2973 2911 diversis
3013 2861 3350 2927 temporibus
3376 2861 3462 2916 di-

1883 2968 2074 3008 versas
2109 2952 2332 3006 malitia:
2358 2951 2709 3020 aagritudines
2740 2951 2964 3019 patitur,
2999 2951 3080 3004 vel
3127 2968 3222 3020 per
3268 2968 3460 3010 omnes

1884 3045 2233 3117 generaliter,
2270 3045 2350 3098 vel
2371 3059 2467 3114 per
2495 3043 2740 3112 singulos
2772 3058 3020 3112 quosque
3052 3045 3380 3112 specialiter,
3405 3055 3459 3101 et

197 3125 448 3180 doctoris
476 3126 756 3182 auderem.
782 3125 908 3182 Haec
929 3137 985 3182 et
1005 3129 1110 3181 alia
1151 3131 1306 3199 plura
1339 3131 1424 3187 his
1457 3132 1656 3187 similia
1706 3134 1783 3187 di-
1805 3158 1852 3218 ο
1887 3137 2009 3192 ideo
2040 3137 2246 3206 indiget
2285 3136 2522 3198 medico,
2566 3136 2660 3204 qui
2714 3150 2840 3188 eum
2889 3135 3072 3190 visitet
3104 3135 3166 3190 ad
3202 3138 3454 3193 salutem.

196 3216 372 3280 centi,
419 3231 520 3287 ego
569 3233 790 3289 quoque
825 3219 882 3272 in
938 3218 1055 3273 haec
1112 3221 1276 3275 verba
1327 3225 1778 3292 respondizMihi

197 3311 426 3379 quidem
481 3311 667 3368 minus
727 3328 863 3381 esse
904 3317 1157 3386 periculi,
1189 3317 1259 3380 si,
1294 3326 1354 3371 ut
1397 3319 1514 3386 ipse
1545 3319 1642 3382 ait,
1680 3321 1781 3376 iste

198 3417 316 3456 non
353 3403 429 3457 sit
455 3403 730 3470 Christus,
776 3408 906 3477 quia
957 3410 1238 3466 doctorem
1269 3410 1405 3479 legis
1448 3414 1778 3480 receperim;

199 3492 311 3562 ipsi
369 3509 498 3548 vero
542 3495 734 3564 Ingens
769 3512 894 3552 esse
948 3499 1272 3563 discrimen,
1321 3500 1368 3554 si
1421 3500 1512 3554 hic
1560 3502 1677 3571 ipse
1709 3503 1780 3556 sit

196 3583 474 3647 Christus,
509 3586 655 3640 sicut
693 3595 748 3642 et
801 3598 949 3643 certe
977 3597 1080 3646 est.
1114 3590 1227 3662 Ego
1256 3595 1400 3647 enim
1435 3594 1600 3648 credo
1651 3595 1778 3649 huic

195 3675 292 3746 qui
327 3678 604 3747 apparuit;
647 3678 764 3749 ipse
804 3689 985 3736 autem
1017 3684 1105 3736 cui
1148 3684 1238 3736 alii
1273 3683 1431 3738 ﬁdem
1469 3701 1690 3741 servare
1720 3702 1780 3741 se

195 3766 398 3832 credit,
433 3770 525 3838 qui
568 3770 752 3826 nullus
803 3773 1096 3842 apparuit?
1126 3772 1182 3827 Si
1216 3789 1346 3830 vero
1390 3781 1444 3830 ct
1498 3775 1686 3840 idiota,
1720 3785 1778 3832 ut

196 3860 304 3923 ais,
340 3869 394 3915 et
426 3860 714 3932 imperitus
739 3878 802 3918 ac
826 3865 1066 3935 piscator
1095 3876 1149 3923 et
1171 3868 1434 3931 rusticus,
1461 3872 1626 3940 super
1655 3887 1778 3941 pre-

195 3959 450 4030 sbyteros
496 3961 774 4030 sapientes
831 3962 1150 4034 intelligam,
1205 3964 1309 4019 hoc
1373 3965 1493 4029 tibi,
1527 3967 1776 4036 inquam,

193 4051 374 4123 magis
405 4059 609 4107 metum
643 4053 804 4108 debet
836 4054 1102 4111 incutere.
1136 4054 1271 4109 Nam
1303 4057 1349 4111 si
1373 4073 1438 4111 ex
1468 4058 1778 4112 eruditione

193 4143 381 4214 aliqua
412 4143 701 4215 disputans
733 4145 1037 4202 obtinerem
1073 4160 1170 4202 vos
1195 4147 1470 4216 sapientes
1501 4157 1554 4203 et
1599 4149 1780 4204 erudi-

193 4243 308 4300 tos,
333 4236 606 4291 videretur
617 4238 804 4305 utique
817 4238 1065 4292 doctrina
1080 4239 1184 4293 hoc
1201 4240 1331 4293 mihi
1349 4240 1492 4311 longi
1516 4241 1776 4310 temporis

191 4339 250 4384 et
295 4336 406 4385 non
441 4331 639 4386 divina:
670 4331 889 4386 virtutis
930 4333 1101 4402 gratia
1132 4333 1456 4398 contulisse,
1489 4348 1636 4387 nunc
1670 4348 1773 4387 au-

192 4431 304 4480 tem
332 4440 480 4488 cum,
505 4432 564 4479 ut
583 4424 717 4489 dixi,
741 4441 842 4480 nos
869 4425 1105 4494 imperiti
1129 4439 1226 4479 vos
1245 4425 1517 4496 sapientes
1548 4427 1776 4480 convin-

1884 3229 1996 3286 Nos
2025 3246 2155 3300 ergo
2174 3237 2542 3298 protestamur
2565 3227 2742 3286 vobis,
2766 3235 2818 3280 et
2839 3228 2983 3296 quod
3012 3244 3456 3300 unumquemque

1881 3331 2126 3378 vestrum
2158 3323 2315 3376 latuit
2339 3322 2678 3376 nuntiamus.
2706 3318 2963 3374 Vestrum
3011 3329 3094 3374 est
3124 3319 3452 3388 deliberare,

1883 3416 2014 3487 quid
2044 3415 2296 3484 expediat
2325 3413 2497 3468 vobis.

1953 3505 2115 3560 LXV.
2160 3505 2254 3560 His
2284 3520 2312 3558 a
2338 3520 2423 3558 me
2453 3504 2638 3567 dictis,
2664 3502 2928 3572 ingemuit
2957 3503 3135 3557 omnis
3164 3502 3458 3558 multitudo

1883 3600 2253 3663 sacerdotum,
2303 3597 2446 3668 quod
2487 3597 2568 3652 eis
2607 3596 2674 3650 de
2711 3595 2899 3665 templi
2930 3595 3287 3652 subversione
3312 3612 3453 3666 pra:-

1881 3693 2135 3748 dixerim.
2171 3691 2326 3757 Quod
2359 3706 2483 3744 cum
2522 3689 2754 3743 vidisset
2779 3686 3040 3741 Garnaliel
3074 3689 3328 3758 princeps
3359 3704 3457 3758 po-

1881 3786 1996 3856 puli
2052 3785 2168 3855 (qui
2209 3784 2442 3837 latenter
2495 3780 2662 3834 frater
2716 3789 2904 3832 noster
2931 3787 3049 3832 erat
3098 3779 3152 3832 in
3205 3779 3328 3846 ﬁde,
3359 3777 3455 3832 sed

1881 3877 2112 3932 consilio
2140 3883 2331 3929 nostro
2354 3874 2493 3927 inter
2522 3887 2619 3926 eos
2645 3879 2760 3926 erat
2793 3868 2907 3941 [50]
2934 3871 2974 3938 ),
3006 3871 3133 3939 quia
3164 3871 3319 3925 valde
3345 3871 3456 3926 fre-

1879 3975 2092 4023 merent
2121 3974 2174 4022 et
2201 3965 2404 4036 ingenti
2427 3964 2716 4017 adversum
2742 3977 2843 4016 nos
2869 3961 3052 4016 furore
3074 3971 3453 4027 moverentur,

1879 4075 2176 4132 assurgens
2202 4059 2279 4112 ait
2303 4057 2346 4088 ¹⁰
2376 4076 2388 4111 :
2421 4055 2698 4121 Quiescite
2731 4055 3029 4127 paulisper,
3063 4069 3096 4106 o
3140 4053 3244 4106 viri
3273 4051 3452 4108 Israe-

1880 4155 2010 4215 litae,
2043 4167 2153 4206 non
2181 4149 2326 4204 enim
2359 4147 2644 4202 advertitis
2693 4147 3050 4201 tentationem
3091 4159 3212 4214 quae
3269 4145 3455 4202 immi-

1878 4253 1972 4300 net
1994 4243 2170 4306 vobis,
2203 4248 2426 4312 pr0pter
2441 4240 2587 4310 quod
2610 4238 2844 4294 desinite
2874 4237 2941 4292 ab
2969 4236 3283 4290 hominibus
3305 4236 3452 4301 istis,

1877 4344 1932 4393 et
1962 4337 2008 4392 si
2030 4334 2248 4406 quidem
2279 4332 2502 4387 humani
2550 4329 2765 4385 consilii
2800 4339 2887 4384 est
2922 4327 3067 4399 quod
3105 4336 3293 4398 agunt,
3335 4327 3449 4386 cito

1878 4427 2137 4490 cessabit,
2171 4425 2216 4482 si
2245 4433 2427 4480 autem
2459 4439 2488 4477 a
2519 4423 2631 4478 Deo
2653 4430 2758 4486 est,
2790 4438 2891 4476 cur
2924 4423 3041 4478 sine
3058 4435 3223 4476 causa
3255 4435 3451 4490 pecca-

189 4517 372 4571 cimus
395 4525 449 4571 et
479 4533 806 4587 superamus
826 4557 841 4582 ,
884 4519 972 4573 cui
1014 4533 1234 4573 sensum
1286 4519 1507 4574 habenti
1539 4535 1648 4573 non
1675 4534 1772 4588 pa—
1804 4505 1847 4561 Ι)
1878 4522 1950 4577 tis
2004 4534 2106 4575 nec
2148 4517 2418 4590 proﬁcitis
2460 4515 2796 4587 quidquam?
2819 4514 2912 4569 Dei
2933 4514 3078 4568 enim
3106 4513 3445 4572 voluntatem

191 4609 303 4665 Iam
334 4617 443 4674 est,
481 4611 612 4680 quia
653 4610 756 4665 hoc
787 4625 897 4665 non
928 4610 1183 4666 humana:
1225 4613 1453 4684 argutia:
1482 4627 1620 4683 opus
1664 4619 1768 4675 est,

189 4703 289 4760 sed
312 4703 508 4757 divina
545 4703 844 4758 voluntatis
872 4710 926 4757 et
967 4704 1247 4758 muneris?

262 4793 444 4852 LXIII.
488 4793 612 4850 Ilaec
657 4796 824 4868 igitur
865 4803 917 4848 et
949 4797 1055 4850 alia
1085 4797 1398 4865 hujusmodi
1433 4811 1768 4866 prosequen-

188 4896 299 4952 tes,
330 4897 737 4958 consequenter
779 4891 1065 4960 protestati
1107 4906 1300 4946 sumus
1353 4905 1416 4945 ac
1476 4890 1768 4944 docuimus

189 4994 294 5036 nos
323 4979 564 5049 imperiti
616 4988 670 5035 et
719 4983 1045 5051 piscatores,
1080 4982 1396 5038 sacerdotes
1440 4982 1659 5051 quidem
1700 4980 1768 5036 de

191 5087 304 5126 uno
351 5074 469 5126 solo
521 5070 632 5127 Deo
674 5074 819 5136 εαξη,
868 5074 1198 5131 Sadduczeos
1243 5076 1312 5132 de
1364 5077 1767 5132 resurrectione

1880 4615 2005 4684 quis
2034 4617 2217 4686 potest
2252 4605 2728 4678 superare?Nunc
2751 4621 2904 4677 ergo,
2937 4601 3196 4673 quoniam
3220 4602 3444 4672 quidem

1874 4706 1932 4760 in
1965 4717 2248 4774 vesperam
2271 4700 2518 4771 vergitur
2545 4698 2686 4760 dies,
2705 4697 2946 4750 crastino
2965 4697 3066 4751 hoc
3097 4696 3216 4767 ipso
3238 4696 3294 4750 in
3323 4697 3450 4753 loco

1875 4797 2229 4853 audientibus
2255 4793 2433 4856 vobis,
2467 4805 2568 4861 ego
2593 4790 2710 4860 ipse
2733 4803 2857 4842 cum
2892 4788 3014 4842 istis
3043 4789 3354 4858 disputabo,
3386 4794 3450 4846 ut

1876 4903 2094 4944 omnem
2130 4899 2373 4941 errorem
2396 4883 2574 4954 palam
2607 4895 2855 4951 arguam,
2883 4879 3227 4950 dilucideque
3251 4878 3444 4934 confuq

1871 4990 2000 5035 tem.
2035 4977 2102 5032 Et
2126 4978 2213 5034 bis
2243 4976 2408 5031 dictis
2443 4987 2732 5043 repressus
2765 4979 2850 5026 est
2877 4987 3068 5026 eorum
3097 4971 3445 5040 aliquatenus

1873 5070 2048 5134 furor,
2078 5083 2144 5123 ea
2193 5065 2465 5138 praecipue
2511 5078 2629 5134 spe,
2679 5061 2826 5132 quod
2845 5059 2943 5115 'die
2969 5062 3212 5117 crastina
3239 5062 3446 5119 erroris

253 5247 588 5324 "Matth._v_r;
610 5248 755 5324 _L_uc.
792 5265 846 5304 x.
912 5250 934 5282 ⁸
955 5249 1024 5304 Et
1046 5254 1597 5312 audiam—sumerent
1628 5257 1828 5312 desunt
1857 5255 1913 5310 in
1945 5253 2104 5310 codd.
2165 5250 2314 5324 Lips.
2343 5250 2396 5306 1.
2473 5251 2496 5284 ⁸
2520 5248 2675 5304 Deut.
2714 5261 2792 5313 Ix,
2820 5245 2925 5315 27;
2952 5245 3141 5303 Matth.
3169 5263 3321 5314 xxiv,
3353 5249 3442 5311 15,

193 5320 238 5354 ⁸⁸
264 5319 383 5375 Act.
412 5337 465 5384 ν,
507 5320 700 5376 55-59.

1488 5473 1853 5531 COTELERII
1909 5472 2144 5529 NOTE.

261 5613 374 5684 (I9)
418 5613 726 5668 Destructur
759 5623 806 5669 et
845 5615 1110 5682 templum.
1137 5612 1354 5668 Similes
1378 5611 1759 5684 przedictiones

190 5681 652 5755 complectebatur
684 5686 820 5738 alius
845 5681 980 5739 liber
1021 5681 1394 5755 apocryphusJ
1424 5685 1661 5753 scriptus
1692 5681 1760 5735 de

228 5757 575 5810 raadicatione
604 5754 748 5810 Petri
783 5765 836 5810 ct
884 5755 1036 5809 Pauli
1072 5757 1126 5811 in
1159 5753 1291 5811 ui‘bc
1331 5753 1522 5812 lioina.
1557 5755 1762 5806 Auctor

233 5828 506 5886 actantius
534 5825 630 5886 lib.
667 5843 738 5894 tv,
774 5844 898 5891 cap.
920 5827 1001 5883 2i.

1939 5611 2050 5681 (50)
2089 5611 2191 5666 Sed
2222 5611 2439 5666 consilio
2471 5621 2649 5666 nostra
2674 5621 2810 5666 inter
2839 5629 2926 5666 eos
2957 5623 3090 5668 erat.
3141 5611 3442 5682 Vulpinum

1867 5682 1972 5736 hoc
1996 5683 2307 5754 consilium,
2347 5683 2608 5754 apostolis
2643 5682 2925 5754 indignum
2967 5693 3070 5738 est.
3109 5683 3328 5753 Decepit
3359 5697 3444 5737 ta—

1869 5768 1991 5806 men
2035 5753 2228 5834 Bedam
2287 5753 2772 5822 pseudo-Clemens
2803 5753 3006 5812 Ruﬁni.
3066 5755 3132 5810 At
3180 5771 3289 5816 non
3341 5769 3446 5836 ego

1871 5823 2124 5886 credulus
2155 5825 2285 5886 illis.
