4066 6334
654 410 796 468 1245

1505 417 1564 474 S.
1600 419 1997 477 CLEMENTIS
2028 423 2046 477 1
2082 424 2247 484 ROM.
2283 431 2484 490 PONT.
2519 435 2748 492 OPERA
2781 436 3004 493 DUBIA.

3757 446 3900 501 ιειι

648 543 753 583 nos
776 528 990 597 publice
1009 530 1318 623 arguendos
1350 539 1654 601 sperarent.
1692 532 1759 586 Et
1793 535 1874 589 sic
1922 550 2047 590 cum
2091 553 2224 608 pace
2251 555 2298 609 Α
2325 542 2508 601 dicere
2532 547 2676 616 quod
2707 550 2923 606 sentitis
2952 551 3217 620 apertius.
3243 567 3343 623 ego
3366 561 3426 607 ut
3455 541 3554 610 vos
3598 556 3763 611 etiam
3795 560 3900 616 bu-

648 620 907 689 populum
948 619 1176 676 dimisit.

721 709 905 765 LXVI.
944 709 1054 767 Nos
1096 728 1228 766 vero
1273 729 1398 767 cum
1446 716 1791 771 venissemus
1839 717 1906 770 ad
1959 717 2222 774 Iacobum

646 802 1125 862 nostrum,omnia
1167 817 1287 871 quae
1331 804 1476 856 dicta
1525 816 1787 873 gestaque
1822 806 2040 859 fuerant
2065 823 2227 878 expo-

645 898 862 954 nentes,
889 891 1032 962 apud
1063 908 1185 946 eum
1211 895 1337 948 cibo
1369 903 1586 962 sumpto
1611 901 1936 960 mansimus,
1969 902 2221 968 omnipo-

645 981 780 1034 tenti
809 980 920 1034 Deo
949 996 1043 1050 per
1065 989 1237 1034 totam
1272 990 1485 1036 noctem
1513 984 1910 1052 supplicantes,
1954 996 2014 1038 ut
2074 986 2224 1040 futu-

644 1086 723 1125 ra!
764 1072 1156 1141 disputationis
1205 1089 1389 1126 sermo
1439 1074 1804 1127 indubitatam
1864 1075 1986 1128 fidei
2020 1085 2222 1132 nostra:

648 1168 964 1220 ostenderet
1021 1164 1324 1218 veritatem.
1376 1162 1543 1232 Igitur
1599 1172 1818 1232 postera
1855 1165 1942 1219 die
1982 1163 2220 1221 Jacobus

643 1257 938 1323 episcopus
994 1254 1283 1308 nobiscum
1334 1255 1496 1307 simul
1544 1261 1595 1308 et
1655 1268 1778 1308 cum
1810 1258 1957 1309 omni
1987 1259 2218 1313 ecclesia

641 1349 891 1402 ascendit
912 1347 978 1400 ad
1009 1348 1292 1417 templum,
1323 1347 1414 1400 ubi
1440 1348 1708 1416 ingentem
1742 1350 2046 1418 reperimus
2078 1352 2219 1403 mul-

638 1439 950 1502 titudinem,
982 1453 1009 1490 a
1038 1439 1219 1492 medio
1245 1439 1423 1493 noctis
1447 1446 1852 1508 exspectantem
1898 1455 2019 1495 nos.
2054 1439 2218 1496 Steti-

637 1545 762 1584 mus
792 1546 921 1600 ergo
956 1531 1008 1582 in
1045 1529 1200 1592 locis,
1231 1529 1431 1598 quibus
1483 1538 1536 1583 et
1594 1530 1767 1599 prius,
1800 1539 1858 1583 ut
1887 1531 2215 1586 eminentius

636 1629 849 1677 stantes
902 1621 972 1675 ab
1022 1623 1279 1675 universo
1329 1623 1529 1690 populo
1560 1638 1932 1677 cernerentur.
1969 1625 2216 1694 Cumque

635 1721 780 1769 esset
805 1729 1076 1767 summum
1113 1695 1388 1767 silen‘tium
1422 1714 1647 1777 factum,
1678 1715 1961 1778 Gamaliel,
2003 1719 2118 1787 qui,
2156 1727 2214 1772 ut

634 1821 800 1875 supra
820 1805 1083 1868 diximus,
1106 1816 1307 1860 nostra:
1333 1805 1453 1859 fidei
1479 1816 1615 1867 erat.
1643 1808 2053 1874 dispensatione
2083 1827 2212 1865 vero

2320 639 2414 706 jus
2443 644 2734 697 occasione
2759 644 2976 700 timoris
2995 644 3308 710 absolvam,
3335 649 3464 717 jurn
3479 651 3637 706 vobis
3659 667 3755 722 per
3776 670 3900 707 orn-

2327 731 2663 799 nipotentem
2689 732 2861 788 Deum
2901 747 2954 790 et
2987 737 3254 792 viventem
3291 740 3343 794 in
3370 743 3592 805 saecula,
3617 745 3743 812 quia
3772 745 3899 799 nul-

2324 821 2434 874 lum
2458 825 2770 890 permittam
2796 826 3024 895 injicere
3052 828 3206 884 vobis
3231 845 3445 886 manus.
3465 830 3740 889 Habentes
3765 849 3900 905 ergo

2321 911 2486 979 hujus
2541 911 2835 979 juramenti
2885 915 2987 968 mei
3042 930 3257 971 omnem
3297 916 3443 973 hunc
3495 922 3754 990 populum
3789 930 3900 977 tes-

2321 1009 2458 1064 tem,
2491 1010 2544 1055 et
2582 1003 2839 1059 idoneum
2889 1006 3086 1075 pignus
3137 1011 3468 1063 sacramenti
3503 1012 3678 1065 nostri
3709 1012 3897 1070 foedus

2319 1100 2587 1157 tenentes,
2623 1095 2832 1164 absque
2858 1097 2965 1150 ulla
2995 1098 3349 1153 cunctatione
3395 1104 3772 1172 unusquisque
3802 1121 3898 1160 ve-

2323 1191 2496 1236 strum
2542 1185 2687 1253 quod
2721 1186 2914 1241 didicit
2940 1189 3202 1259 proferat,
3232 1197 3288 1246 et
3316 1208 3416 1246 nos
3442 1193 3648 1260 jratres
3684 1197 3898 1252 intente

2316 1283 2371 1328 et
2397 1290 2521 1327 cum
2546 1277 2765 1330 silentio
2789 1279 3095 1335 audiamus.

2385 1362 2617 1419 LXVIII.
2661 1363 2789 1419 Haec
2817 1367 3009 1424 dicens
3054 1369 3317 1426 Gamaliel
3365 1389 3472 1427 non
3521 1375 3680 1428 valde
3708 1375 3896 1442 place-

2316 1453 2410 1507 bat
2440 1452 2679 1521 Caiphae,
2712 1463 2788 1518 et,
2845 1465 2904 1509 ut
2963 1459 3266 1524 videbatur,
3314 1474 3628 1533 suspectum
3679 1465 3894 1522 habens

2315 1557 2461 1604 eum,
2498 1543 2613 1612 ipse
2655 1547 2826 1616 magis
2855 1547 3094 1602 inserere
3143 1567 3202 1605 se
3231 1551 3504 1606 subtiliter
3553 1553 3893 1621 disputatio-

2315 1633 2476 1688 nibus
2518 1637 2715 1705 cuzpit:
2771 1639 3062 1694 subridens
3102 1632 3246 1696 enim
3281 1643 3344 1696 ad
3377 1659 3439 1696 ea
3472 1660 3594 1711 quae
3624 1644 3891 1698 Gamaliel

2313 1725 2546 1787 dixerat,
2577 1727 2842 1782 Jacobqu
2880 1731 3266 1801 episc0porum
3311 1734 3616 1802 principem
3653 1737 3764 1805 (51)
3797 1750 3892 1788 sa-

2313 1818 2593 1872 cerdotum
2620 1822 2870 1891 princeps
2901 1824 3111 1885 orabat,
3137 1834 3193 1878 ut
3222 1825 3288 1878 de
3317 1825 3540 1881 Christo
3573 1843 3684 1880 non
3709 1828 3892 1880 aliun-

633 1903 889 1953 manebat
917 1898 1057 1952 inter
1085 1899 1262 1968 ipsos,
1295 1909 1354 1951 ut
1401 1901 1444 1952 si
1480 1900 1698 1969 quando
1726 1902 1970 1970 iniquum
2005 1904 2207 1974 aliquid
2242 1898 2282 1952 Β
2311 1909 2379 1963 de
2405 1926 2587 1965 sermo
2617 1928 2778 1982 quam
2807 1914 2874 1968 de
2902 1916 3192 1984 scripturis
3223 1918 3395 1978 fieret,
3424 1926 3481 1970 ut
3511 1918 3776 1974 sciamus.
3803 1919 3891 1970 in-

631 1993 920 2047 adversum
979 2007 1080 2045 nos
1123 2001 1214 2044 aut
1259 1992 1484 2060 impium
1536 1993 1877 2057 molirentur,
1926 1995 2008 2049 vel
2061 1997 2208 2069 ipsos

635 2083 874 2145 consilio
911 2082 1231 2150 reprimeret
1264 2083 1559 2152 prudenter
1579 2091 1787 2152 aptato,
1823 2087 1906 2139 vel
1943 2102 2041 2142 nos
2065 2104 2212 2142 com-

632 2181 879 2231 .oneret
905 2179 961 2225 ut
991 2180 1083 2223 aut
1116 2185 1313 2226 curare
1361 2181 1454 2224 aut
1505 2172 1780 2226 declinare
1813 2191 2126 2244 possemus;
2162 2181 2208 2234 is

631 2278 764 2333 ergo
795 2271 1055 2331 tauquam
1091 2261 1384 2315 adversum
1420 2279 1521 2315 nos
1553 2278 1741 2330 agens,
1777 2267 1928 2333 prior
1958 2270 2204 2321 omnium

627 2357 950 2426 episcopum
999 2353 1265 2408 Jacobum
1301 2357 1521 2409 intuens
1574 2356 1676 2409 boc
1725 2357 1888 2410 modo
1935 2358 2205 2414 allocutus

627 2455 762 2503 est:

699 2539 908 2595 LXVII.
949 2539 1007 2594 Si
1035 2555 1136 2610 ego
1163 2538 1427 2595 Gamaliel
1460 2556 1636 2610 neque
1669 2540 2000 2596 eruditionis
2047 2559 2200 2606 meae.

630 2649 808 2702 neque
840 2634 1138 2688 senectutis
1170 2633 1523 2703 Opprobrium
1558 2633 1722 2698 duco,
1757 2634 1970 2689 discere
1995 2636 2202 2707 aliquid

629 2737 660 2776 a
696 2722 937 2790 parvulis
966 2731 1020 2775 et
1051 2723 1118 2776 ab
1151 2724 1440 2792 imperitis,
1478 2724 1524 2776 si
1553 2724 1684 2792 quid
1717 2724 1856 2779 forte
1883 2735 1967 2781 est
1998 2728 2203 2782 utilita-

628 2816 700 2869 tis
743 2823 838 2867 aut
891 2814 1086 2869 salutis
1135 2815 1419 2883 acquirere
1481 2814 1594 2884 (qui
1629 2815 1774 2868 enim
1808 2817 2204 2872 rationabiliter

621 2904 781 2970 vivit,
804 2905 910 2958 scit
932 2905 1058 2974 quia
1088 2905 1224 2970 nihil
1247 2913 1330 2960 est
1361 2907 1538 2959 anima
1569 2907 1905 2976 pretiosius),
1925 2911 2200 2977 quomodo

625 3009 740 3049 non
779 2996 1036 3050 omnibus
1078 2997 1312 3052 amabile
1364 3005 1468 3061 est,
1493 3000 1821 3070 cunctisque
1856 3010 2193 3072 exoptatum,

622 3094 688 3139 ut
714 3103 836 3156 qua:
867 3087 1082 3158 ignorat
1119 3090 1318 3153 discat,
1350 3104 1471 3160 qua:
1502 3091 1754 3147 didicerit
1798 3094 2024 3148 doceat?
2059 3094 2194 3148 Cer-

618 3177 896 3236 tissimtln
921 3193 1157 3249 namque
1172 3189 1276 3244 est,
1299 3196 1518 3250 quoque
1538 3198 1712 3252 neque
1733 3185 1992 3248 amicitia,
2018 3200 2192 3254 neque

2311 2003 2452 2070 quit,
2487 2012 2668 2059 utrum
2701 2004 2861 2060 Jesus
2895 2007 3012 2076 ipse
3063 2008 3135 2061 sit
3181 2006 3458 2071 Christus,
3487 2023 3554 2062 an
3581 2025 3712 2064 non.
3743 2008 3887 2063 Tum

2306 2089 2566 2158 Iacobus,
2595 2095 2788 2164 primo,
2822 2095 3016 2164 inquit,
3042 2097 3404 2164 requiramus,
3429 2113 3492 2152 ex
3517 2099 3715 2168 quibus
3745 2100 3889 2153 scri-

2313 2186 2496 2252 pturis
2525 2187 2872 2256 potissimum
2912 2187 3336 2256 disputationem
3377 2188 3566 2244 haberi
3603 2199 3884 2260 oporteat.

2309 2276 2376 2328 At
2405 2277 2494 2330 ille
2516 2279 2602 2331 vix
2627 2279 2920 2349 aliquando
2941 2279 3152 2334 ratione
3180 2282 3294 2350 ipsa
3324 2292 3614 2350 superatus
3649 2280 3885 2353 respon-

2307 2367 2406 2428 dit,
2437 2383 2503 2421 ex
2557 2369 2670 2438 lege
2713 2368 3040 2432 habendam,
3073 2379 3127 2424 et
3158 2380 3280 2440 post
3319 2373 3422 2427 hoc
3447 2373 3612 2427 etiam
3643 2377 3886 2445 prophe-

2307 2465 2487 2510 tarum
2526 2457 2736 2512 addidit
2777 2463 3128 2516 mentionem.

2377 2544 2561 2601 LXIX.
2606 2547 2704 2601 Cui
2737 2547 2974 2605 Jacobus
2999 2559 3188 2606 noster
3217 2556 3382 2624 cmpit
3407 2557 3714 2624 ostendere,
3748 2562 3882 2630 quia

2305 2644 2359 2691 et
2388 2637 2667 2706 prapbetae
2694 2653 2814 2706 qua:
2836 2639 3048 2702 dicunt,
3083 2658 3146 2696 ex
3180 2644 3295 2713 lege
3327 2647 3662 2714 sumpserint
3683 2659 3737 2704 et
3771 2653 3882 2722 legi

2304 2743 2546 2782 consona
2577 2729 2688 2782 sint
2721 2729 2909 2785 locuti.
2950 2729 3056 2786 Sed
3085 2741 3137 2786 et
3161 2733 3399 2791 delibris
3428 2737 3738 2810 Regnorum
3769 2742 3883 2798 dis-

2301 2818 2475 2873 seruit
2508 2818 2710 2888 aliqua,
2759 2823 3052 2890 quomodo,
3095 2834 3148 2879 et
3179 2829 3510 2896 quando,-e:
3532 2846 3560 2884 a
3591 2848 3701 2901 quo
3736 2836 3880 2888 scri-

2301 2910 2378 2980 pti
2411 2910 2542 2973 sint,
2567 2921 2619 2964 et
2650 2914 2926 2980 quomodo
2957 2914 3037 2969 eis
3069 2917 3141 2990 uti
3165 2927 3432 2988 oporteat.
3465 2922 3710 2994 Cumque
3739 2936 3789 2979 et
3809 2928 3880 2980 de

2300 3001 2415 3070 lege
2436 3003 2752 3069 plenissime
2775 3004 3133 3074 disputasset,
3159 3024 3222 3062 ac
3247 3011 3461 3080 singula
3493 3017 3690 3084 quatde
3711 3016 3879 3071 Chri-

2299 3098 2386 3145 sto
2409 3099 2556 3154 sunt,
2581 3093 2871 3162 purissima
2895 3099 3236 3167 expositione
3255 3104 3574 3171 protuliSSet
3594 3107 3646 3159 in
3671 3109 3874 3172 lucem,

2303 3182 2548 3236 ostendit
2577 3183 3066 3243 abundantissimis
3087 3189 3524 3259 probationibus,
3556 3198 3682 3263 quia
3713 3195 3876 3251 Jesus

621 3269 1008 3340 propinquitas
1039 3273 1278 3340 generis,
1319 3289 1494 3343 neque
1527 3275 1678 3342 regni
1732 3277 2044 3331 sublimitas
2093 3277 2193 3330 ho-
2221 3264 2261 3321 C
2294 3281 2378 3330 est
2408 3274 2682 3339 Christus,
2717 3286 2770 3331 et
2803 3277 2857 3330 in
2908 3280 3027 3349 ipso
3079 3283 3334 3339 universa
3380 3301 3500 3355 qua:
3554 3286 3621 3341 de
3677 3289 3875 3342 humili

619 3364 755 3420 mini
788 3362 948 3416 debet
977 3376 1099 3417 esse
1121 3364 1418 3432 pretiosior
1439 3365 1687 3418 veritate.
1708 3362 1774 3418 Et
1807 3382 1901 3421 vos
1928 3381 2058 3436 ergo
2081 3367 2183 3420 fra-

618 3465 756 3521 tres,
787 3457 831 3511 si
862 3456 990 3525 quid
1017 3458 1249 3526 amplius
1301 3459 1490 3522 nostis,
1526 3461 1726 3528 populo
1769 3460 1860 3515 Dei
1897 3463 1990 3531 qui
2015 3468 2190 3526 adest,

617 3549 860 3618 itemque
889 3547 1155 3604 fratribus
1185 3550 1381 3603 vestris
1410 3550 1653 3618 proferre
1677 3568 1783 3606 non
1810 3555 2009 3623 pigeat,
2043 3558 2190 3610 omni

615 3640 819 3712 populo
849 3640 1081 3694 libenter
1129 3648 1183 3693 et
1225 3647 1337 3693 tota
1393 3643 1680 3711 conquiete
1712 3660 1830 3714 qua:
1874 3645 2057 3701 dicitis
2093 3662 2188 3701 au-

615 3733 819 3787 diente.
845 3730 1130 3798 Quomodo
1157 3733 1300 3787 enim
1323 3748 1430 3786 non
1463 3734 1567 3788 hoc
1590 3735 1753 3790 faciat
1781 3738 2035 3806 populus,
2062 3754 2187 3794 cum

613 3824 882 3892 meipsum
909 3823 1088 3876 videat
1117 3834 1301 3878 secum
1326 3823 1526 3893 pariter
1553 3826 1689 3879 velle
1714 3843 1744 3880 a
1775 3829 1930 3884 vobis
1951 3828 2187 3896 discere,

612 3915 663 3969 si
704 3913 833 3984 quid
867 3913 1005 3969 forte
1029 3915 1263 3983 amplius
1286 3914 1441 3968 vobis
1481 3915 1736 3969 revelavit
1777 3917 1953 3974 Deus?
1977 3918 2033 3973 Si
2058 3936 2184 3975 vero

614 4020 712 4090 vos
737 4006 793 4060 in
821 4005 1006 4075 aliquo
1034 4003 1310 4074 indigetis,
1346 4005 1600 4060 similiter
1637 4009 1801 4061 etiam
1834 4026 1932 4064 vos
1962 4026 1991 4063 a
2024 4013 2184 4068 nobis

610 4113 720 4153 non
769 4096 948 4168 pigeat
999 4096 1206 4159 doceri,
1241 4103 1299 4148 ut
1350 4111 1480 4166 erga
1535 4105 1824 4168 utramque
1875 4108 2106 4169 partem,
2135 4102 2180 4156 si

608 4187 743 4260 quid
773 4187 949 4251 deest,
979 4187 1270 4258 adimpleat
1295 4186 1458 4244 Deus.
1487 4187 1643 4252 Quod
1699 4189 1746 4243 si
1797 4190 1994 4260 aliquis
2041 4189 2178 4248 forte

607 4295 709 4335 vos
738 4294 883 4334 nunc
915 4279 1174 4334 sollicitat
1206 4287 1403 4341 metus,
1460 4287 1685 4350 propter
1734 4283 2028 4338 nonnullos
2076 4299 2178 4338 no-

605 4378 849 4424 suorum
899 4369 992 4440 qui
1045 4368 1420 4438 przejudicatis
1489 4368 1780 4424 adversum
1834 4386 1931 4426 vos
1979 4371 2177 4428 animis

619 4467 873 4526 utuntur,
910 4466 966 4515 et
1019 4459 1251 4515 insidias
1279 4474 1470 4514 eorum
1513 4471 1784 4526 verentes,
1824 4477 1934 4517 non
1965 4463 2178 4520 audetis

2293 3365 2414 3434 ejus
2450 3366 2686 3420 adventu
2739 3366 2955 3431 fuerant
3007 3372 3288 3438 praedicta,
3324 3375 3688 3443 complentur.
3723 3376 3874 3433 Duos

2292 3456 2438 3511 enim
2487 3457 2606 3525 ejus
2649 3458 2939 3527 pradictos
2989 3477 3110 3516 esse
3161 3461 3348 3518 docuit
3379 3459 3667 3529 adventus,
3697 3485 3870 3521 ιιιιιιιιι

2294 3551 2623 3606 humilitatis
2674 3569 2835 3622 quem
2896 3553 3250 3624 adimplevit,
3303 3559 3469 3614 alium
3524 3561 3713 3630 gloria;
3773 3562 3869 3631 qui

2291 3651 2544 3712 speratur
2576 3644 2906 3713 implendus,
2942 3661 3064 3697 cum
3114 3648 3292 3701 veniet
3322 3649 3451 3704 dare
3484 3665 3708 3720 regnum
3748 3668 3872 3706 cre-

2293 3733 2552 3788 dentibus
2577 3736 2630 3787 in
2665 3750 2723 3789 se
2755 3741 2809 3787 et
2845 3739 3192 3792 servantibus
3223 3738 3407 3792 omnia
3433 3757 3552 3806 qua?
3585 3744 3867 3812 praecepit.

2290 3826 2542 3898 Cumque
2573 3827 2642 3882 de
2677 3827 2766 3882 his
2797 3829 3081 3883 evidenter
3131 3833 3386 3901 populum
3437 3835 3744 3898 docuisset,
3778 3836 3870 3888 ad-

2287 3917 2452 3971 debat
2498 3917 2662 3970 etiam
2691 3917 2826 3986 hoc;
2876 3921 3003 3989 quia
3045 3922 3150 3976 nisi
3184 3924 3305 3991 quis
3334 3925 3641 3993 baptizatus
3672 3926 3870 3981 fuisset

2289 4008 2344 4062 in
2373 4023 2513 4078 aqua
2547 4009 2650 4065 sub
2681 4011 3043 4079 appellatione
3103 4015 3258 4068 trina:
3303 4015 3686 4081 beatitudinis,
3718 4020 3869 4073 sicut

2285 4091 2472 4154 docuit
2501 4115 2666 4155 verus
2695 4103 2985 4170 propheta,
3021 4120 3198 4174 neque
3220 4108 3599 4162 remissionem
3635 4111 3865 4180 accipe.

2283 4199 2366 4246 ret
2396 4200 2768 4261 peccatorum,
2801 4209 2977 4263 neque
3002 4196 3250 4251 introiret
3273 4199 3326 4252 in
3351 4215 3514 4270 regna
3545 4202 3859 4256 caalorum:

2281 4289 2335 4335 et
2371 4283 2508 4335 hanc
2533 4297 2658 4338 esse
2690 4281 2783 4336 Dei
2821 4281 3092 4359 [ingeniti]
3122 4289 3537 4356 prmﬁnitionem
3565 4291 3866 4346 conﬁrma-

2280 4374 2377 4427 vit.
2430 4373 2642 4439 Quibus
2690 4374 2854 4428 etiam
2888 4379 2924 4407 ”
2961 4377 3074 4433 haec
3141 4380 3351 4436 addidit
3389 4401 3402 4436 :
3438 4381 3619 4437 Nolite
3669 4392 3864 4453 putare

2281 4479 2382 4520 nos
2405 4464 2544 4518 duos
2572 4464 2844 4534 ingenitas
2887 4467 3069 4524 dicere
3100 4471 3253 4536 deos,
3287 4480 3382 4526 aut
3411 4489 3582 4527 unum
3617 4474 3859 4529 divisum

718 4662 759 4695 ιι
798 4660 1075 4750 Υοςαὺιιιξι
1101 4657 1494 4750 ρειξριιξέειὶαιη
1519 4657 1685 4750 τριε-
1699 4657 1995 4750 ferociam
2026 4660 2252 4717 dicimus
2310 4681 2419 4720 non
2457 4667 2791 4738 legunturin
2828 4672 2992 4728 codd.
3031 4671 3205 4742 Lips.,
3235 4675 3326 4745 qui
3357 4644 3520 4730 etiam
3547 4693 3670 4734 voc.
3714 4681 3857 4750 inge-

612 4734 734 4797 niti,
755 4732 902 4803 quod
932 4731 1092 4787 uncis
1125 4729 1487 4796 includimus,
1525 4743 1632 4782 non
1660 4741 1988 4799 agnoscunt.

1867 4864 2230 4967 CQTELERII
2267 4894 2499 4953 ΝΟΜ).

679 5049 1086 5168 (Etljacobum
1117 5050 1472 5120 episcoporum
1495 5056 1796 5134 principem.
1827 5040 2174 5141 Candleleria-
2205 5077 2250 5136 υ

679 5130 686 5168 Ι
745 5121 907 5168 etiam
933 5115 1122 5168 codex.
1158 5114 1412 5168 Iacobum
1450 5137 1747 5168 enrsmnnm
1773 5143 1784 5153 -
1812 5123 1958 5168 Pan-1
1996 5128 2148 5168 Dum.

606 5114 718 5194 nos
745 5116 907 5194 etiam
933 5115 1122 5180 codex,
1143 5114 1412 5194 'laro'ttptm
1450 5114 1784 5194 episcopum,-
1812 5123 1958 5180 Petri
1992 5128 2171 5194 Petiti,

608 5183 868 5263 Iacobum
901 5196 1134 5263 nostrum
1160 5190 1440 5263 principem
1461 5183 1487 5255 ,5
1514 5183 1651 5246 infra
1688 5183 1804 5263 cap.
1847 5199 2049 5263 penult,
2082 5183 2174 5252 1a:

609 5255 771 5342 605-18
805 5255 1242 5342 ar‘chiepjscoptu.
1290 5255 1343 5342 ιι)
1384 5264 1613 5342 concilio
1653 5255 1919 5342 Epliesiiio
1952 5255 2106 5338 parte
2133 5288 2168 5342 t,

605 5340 664 5407 ςε-
689 5324 760 5407 ’5ρ
787 5342 800 5378 :
845 5324 1524 5407 ’la-¥(€)§?UI&WOST_6‘AOB_¥_G1
1545 5324 1987 5407 ᾁρχιέπισκὸποιῖ.
2017 5324 2169 5407 Apud

609 5391 858 5478 Rhotium
907 5395 1154 5478 Biblioth.
1202 5402 1344 5478 βοά..
1370 5401 1520 5478 ἓῖῦη
1550 5391 1848 5478 Hesychius
1896 5391 2170 5478 presbjtﬁcr

609 5462 1150 5544 HigI'OSOIYFnHaI-HIS,
1166 5468 1257 5521 τὸν
1280 5470 1386 5544 τῷν
1415 5472 1600 5541 ἱερέων
1625 5462 1722 5542 ήῆκε
1733 5462 2016 5544 μόνα,’τῶν
2037 5462 2172 5532 cirro-

609 5533 808 5620 στέλκξέν
844 5533 1370 5620 sitiens-.2?
1403 5533 1476 5594 ἐν’
1510 5533 1767 5620 issam;
1797 5533 2078 5620 ικόρυφήνο
2114 5553 2167 5604 ιη

615 5581 799 5586 --ν-ν..
867 5581 939 5586 ---
994 5581 1238 5609 -.ν-Γλνν,
1285 5581 1323 5591 ν.
1352 5581 1366 5592 ν
1403 5581 1456 5594 ..ν
1512 5581 1765 5610 ηυγυιιιυιις,
1821 5581 2078 5620 ιυγυγιὶν.
2114 5581 2166 5604 Ill

608 5605 817 5680 gehplio
842 5605 991 5680 licgii
1019 5610 1221 5680 codicis
1250 5581 1369 5670 70$,
1394 5615 1534 5680 quod
1565 5618 1715 5680 posui
1740 5617 1892 5671 initio
1917 5629 2166 5675 notarum

606 5671 1015 5759 EtnBarna‘ba'm,
1045 5678 1256 5759 αἶρῷτρς
1286 5671 1774 5759 ἐςτίσῖιοποξς-υιιόρ
1805 5702 1833 5740 a
1869 5671 2170 5759 Niceplioro

605 5739 1026 5826 CP._catatogus
1073 5739 1508 5826 Patriarcharum
1557 5739 2165 5826 Hierosolymitan'orum

604 5815 804 5899 texitur
857 5820 1296 5899 anteca'talogns
1333 5824 1659 5899 reliquorum
1713 5815 2161 5899 patriarcharum:

607 5880 836 5952 Rufinus
885 5884 1143 5950 Historia:
1178 5880 1542 5950 ecclesiastica:
1586 5880 2162 5959 En.sébii'a's"£}&§£

2275 5059 2316 5132 ι,
2350 5075 2409 5123 n,
2433 5075 2481 5132 cf.
2513 5061 2545 5132 ir
2580 5080 2592 5115 :
2624 5061 2993 5129 Apostolorum
3030 5064 3343 5132 episcopum.
3392 5063 3638 5132 Denique
3682 5066 3851 5126 Nico.

2277 5131 2396 5185 laus
2431 5131 2820 5194 Methonensis,
2844 5135 2911 5188 de
2946 5131 3285 5187 Eucharistia
3321 5153 3333 5188 :
3379 5134 3435 5188 '0
3486 5131 3630 5199 θεῖος
3679 5139 3854 5194 Ἰάκω-

2274 5201 2367 5277 ϐος
2409 5203 2441 5277 Si
2471 5201 2583 5277 ,υἱοῦ
2630 5202 2846 5277 apt-gron
2878 5205 2979 5277 καὶ
3024 5205 3263 5277 μεγάλῳ
3292 5206 3590 5277 ἀργιερέψ
3624 5209 3854 5277 ἀδελφὸς

2274 5273 2367 5341 {at
2404 5271 2681 5341 διάδοχοςζ
2712 5271 2835 5341 Haec
2875 5275 2928 5328 in
2969 5271 3176 5327 laudem
3236 5271 3464 5330 Jacobia
3507 5275 3664 5334 Sedis
3721 5271 3852 5336 vero

2274 5338 2757 5418 ilierosoly'initicze
2788 5339 2995 5418 illustre
3028 5346 3365 5418 prreconiutn
3387 5347 3701 5416 suppeditat
3731 5348 3852 5418 Ερίο

2272 5415 2409 5490 stola
2432 5410 2630 5490 Justini
2657 5414 2998 5490 imperatoris
3019 5410 3695 5490 ad‘ﬂormisdam‘papam,
3728 5410 3851 5490 qua

2273 5482 2625 5558 subsequitur
2646 5482 2888 5558 ejusdem
2917 5482 3655 5558 pontiﬁcisseptuagesunam
3682 5482 3851 5558 qliar-

2269 5557 2403 5611 tam,
2427 5551 2787 5623 liisceverbis
2809 5571 2821 5607 :
2849 5554 2932 5605 Ad
2955 5551 3280 5623 colligendas
3301 5567 3349 5609 et
3381 5551 3839 5613 a'dunandas'ub'r

2267 5636 2364 5696 que
2391 5621 2708 5696 venerabiles
2743 5621 3026 5696 Ecglesias,
3049 5621 3097 5678 et
3130 5624 3674 5696 Hierosolymitanam
3701 5647 3834 5696 pne.

2268 5688 2417 5757 Cipus
2444 5691 2590 5772 :_cui
2625 5688 2875 5772 tqmenU.
2908 5705 3111 5772 tantum
3141 5688 3729 5772 esuvetaéditjotnnés
3759 5701 3846 5768 fa-

2265 5761 2791 5834 ιιονεηιἰηιρεηάιιηε9
2818 5761 2970 5834 quasi
2993 5766 3152 5818 matri
3175 5765 3467 5819 Christiani
3501 5761 3770 5830 nominis;
3789 5778 3848 5823 ut

2268 5846 2414 5908 nemo
2445 5833 2821 5908 gudeat_ab_ea
2853 5851 2961 5888 sese
2986 5836 3319 5908 discernere.
3373 5834 3588 5905 Videsis
3631 5842 3848 5908 princi-

2267 5901 2413 5956 nium
2445 5900 2700 5978 Epistula:
2732 5904 3029 5964 Clementis
3052 5907 3116 5961 ad
3148 5905 3432 5973 Jacobum,
3458 5900 3842 5981 et’Epi'tomes.
