  <div class='ocr_page' id='page_1' title='image "/cluster/home/n/w/nwhite01/storage/ocr_20150623/1/pst.000005711796/631.png"; bbox 0 0 4066 6334; ppageno 0'>
   <div class='ocr_carea' id='block_1_1' title="bbox 582 332 727 389">
    <p class='ocr_par' dir='ltr' id='par_1_1' title="bbox 582 332 727 389">
     <span class='ocr_line' id='line_1_1' title="bbox 582 332 727 389; baseline 0.007 -2"><span class='ocrx_word' id='word_1_1' title='bbox 582 332 727 389; x_wconf 67' lang='grc' dir='ltr'><strong>12η</strong></span> 
     </span>
    </p>
   </div>
   <div class='ocr_carea' id='block_1_2' title="bbox 1449 329 2955 392">
    <p class='ocr_par' dir='ltr' id='par_1_2' title="bbox 1449 329 2955 392">
     <span class='ocr_line' id='line_1_2' title="bbox 1449 329 2955 392; baseline 0.004 -6"><span class='ocrx_word' id='word_1_2' title='bbox 1449 329 1505 386; x_wconf 74' lang='grc'><strong>8.</strong></span> <span class='ocrx_word' id='word_1_3' title='bbox 1543 330 1937 389; x_wconf 64' lang='lat' dir='ltr'><strong>CLEMENTIS</strong></span> <span class='ocrx_word' id='word_1_4' title='bbox 1971 331 1991 386; x_wconf 83' lang='grc' dir='ltr'>ι</span> <span class='ocrx_word' id='word_1_5' title='bbox 2023 332 2188 387; x_wconf 69' lang='grc' dir='ltr'><strong>ΒΟΜ.</strong></span> <span class='ocrx_word' id='word_1_6' title='bbox 2228 332 2428 388; x_wconf 74' lang='lat' dir='ltr'><strong>PONT.</strong></span> <span class='ocrx_word' id='word_1_7' title='bbox 2465 333 2693 392; x_wconf 65' lang='lat' dir='ltr'><strong>OPERA</strong></span> <span class='ocrx_word' id='word_1_8' title='bbox 2727 335 2955 392; x_wconf 77' lang='lat' dir='ltr'><strong>DUBIA.</strong></span> 
     </span>
    </p>
   </div>
   <div class='ocr_carea' id='block_1_3' title="bbox 587 448 3862 521">
    <p class='ocr_par' dir='ltr' id='par_1_3' title="bbox 587 448 3862 521">
     <span class='ocr_line' id='line_1_3' title="bbox 587 448 3862 521; baseline -0 -13"><span class='ocrx_word' id='word_1_9' title='bbox 587 461 758 518; x_wconf 82' lang='lat' dir='ltr'><strong>stum,</strong></span> <span class='ocrx_word' id='word_1_10' title='bbox 791 459 845 506; x_wconf 89' lang='lat' dir='ltr'><strong>et</strong></span> <span class='ocrx_word' id='word_1_11' title='bbox 902 449 1156 505; x_wconf 72' lang='lat' dir='ltr'><strong>virtutem</strong></span> <span class='ocrx_word' id='word_1_12' title='bbox 1216 465 1485 506; x_wconf 82' lang='lat' dir='ltr'><strong>summam</strong></span> <span class='ocrx_word' id='word_1_13' title='bbox 1515 449 1715 504; x_wconf 76' lang='lat' dir='ltr'><strong>excelsi</strong></span> <span class='ocrx_word' id='word_1_14' title='bbox 1753 448 1849 505; x_wconf 85' lang='lat' dir='ltr'><strong>Dei</strong></span> <span class='ocrx_word' id='word_1_15' title='bbox 1896 449 2033 520; x_wconf 62' lang='grc'><strong>(52),</strong></span> <span class='ocrx_word' id='word_1_16' title='bbox 2066 451 2160 519; x_wconf 85' lang='lat' dir='ltr'><strong>qui</strong></span> <span class='ocrx_word' id='word_1_17' title='bbox 2195 458 2234 512; x_wconf 74' lang='grc' dir='ltr'><strong>Α</strong></span> <span class='ocrx_word' id='word_1_18' title='bbox 2267 466 2333 505; x_wconf 88' lang='lat' dir='ltr'><strong>eo</strong></span> <span class='ocrx_word' id='word_1_19' title='bbox 2375 453 2788 521; x_wconf 83' lang='lat' dir='ltr'><strong>baptizarentur</strong></span> <span class='ocrx_word' id='word_1_20' title='bbox 2830 455 2884 507; x_wconf 89' lang='lat' dir='ltr'><strong>in</strong></span> <span class='ocrx_word' id='word_1_21' title='bbox 2922 454 3143 507; x_wconf 83' lang='lat' dir='ltr'><strong>nomine</strong></span> <span class='ocrx_word' id='word_1_22' title='bbox 3186 451 3338 515; x_wconf 89' lang='lat' dir='ltr'><strong>Iesu,</strong></span> <span class='ocrx_word' id='word_1_23' title='bbox 3373 451 3637 510; x_wconf 79' lang='lat' dir='ltr'><strong>inimicus</strong></span> <span class='ocrx_word' id='word_1_24' title='bbox 3689 453 3862 506; x_wconf 85' lang='lat' dir='ltr'><strong>homo</strong></span> 
     </span>
    </p>
   </div>
   <div class='ocr_carea' id='block_1_4' title="bbox 589 541 2162 613">
    <p class='ocr_par' dir='ltr' id='par_1_4' title="bbox 589 541 2162 613">
     <span class='ocr_line' id='line_1_4' title="bbox 589 541 2162 613; baseline -0.004 -12"><span class='ocrx_word' id='word_1_25' title='bbox 589 549 661 601; x_wconf 84' lang='lat' dir='ltr'><strong>sit</strong></span> <span class='ocrx_word' id='word_1_26' title='bbox 695 559 859 613; x_wconf 82' lang='lat' dir='ltr'><strong>supra</strong></span> <span class='ocrx_word' id='word_1_27' title='bbox 917 542 1258 596; x_wconf 91' lang='lat' dir='ltr'><strong>conditorem</strong></span> <span class='ocrx_word' id='word_1_28' title='bbox 1306 541 1520 606; x_wconf 90' lang='lat' dir='ltr'><strong>mundi,</strong></span> <span class='ocrx_word' id='word_1_29' title='bbox 1557 542 1829 610; x_wconf 89' lang='lat' dir='ltr'><strong>simulque</strong></span> <span class='ocrx_word' id='word_1_30' title='bbox 1885 542 2162 595; x_wconf 77' lang='lat' dir='ltr'><strong>mirabilia</strong></span> 
     </span>
    </p>
   </div>
   <div class='ocr_carea' id='block_1_5' title="bbox 590 634 2167 708">
    <p class='ocr_par' dir='ltr' id='par_1_5' title="bbox 590 634 2167 708">
     <span class='ocr_line' id='line_1_5' title="bbox 590 634 2167 708; baseline -0.003 -16"><span class='ocrx_word' id='word_1_31' title='bbox 590 638 823 708; x_wconf 87' lang='lat' dir='ltr'><strong>plurima</strong></span> <span class='ocrx_word' id='word_1_32' title='bbox 854 635 1151 693; x_wconf 83' lang='lat' dir='ltr'><strong>ostendens</strong></span> <span class='ocrx_word' id='word_1_33' title='bbox 1188 634 1327 689; x_wconf 87' lang='lat' dir='ltr'><strong>alios</strong></span> <span class='ocrx_word' id='word_1_34' title='bbox 1385 635 1658 696; x_wconf 88' lang='lat' dir='ltr'><strong>dubitare,</strong></span> <span class='ocrx_word' id='word_1_35' title='bbox 1697 634 1833 688; x_wconf 91' lang='lat' dir='ltr'><strong>alios</strong></span> <span class='ocrx_word' id='word_1_36' title='bbox 1891 634 2167 688; x_wconf 81' lang='lat' dir='ltr'><strong>declinare</strong></span> 
     </span>
    </p>
   </div>
   <div class='ocr_carea' id='block_1_6' title="bbox 591 725 2166 796">
    <p class='ocr_par' dir='ltr' id='par_1_6' title="bbox 591 725 2166 796">
     <span class='ocr_line' id='line_1_6' title="bbox 591 725 2166 796; baseline -0.004 -12"><span class='ocrx_word' id='word_1_37' title='bbox 591 731 779 784; x_wconf 80' lang='lat' dir='ltr'><strong>fecerit</strong></span> <span class='ocrx_word' id='word_1_38' title='bbox 824 727 892 781; x_wconf 90' lang='lat' dir='ltr'><strong>ad</strong></span> <span class='ocrx_word' id='word_1_39' title='bbox 950 744 1039 793; x_wconf 84' lang='lat' dir='ltr'><strong>se;</strong></span> <span class='ocrx_word' id='word_1_40' title='bbox 1102 735 1414 796; x_wconf 86' lang='lat' dir='ltr'><strong>cunctaque</strong></span> <span class='ocrx_word' id='word_1_41' title='bbox 1464 725 1752 795; x_wconf 77' lang='lat' dir='ltr'><strong>diligenter</strong></span> <span class='ocrx_word' id='word_1_42' title='bbox 1787 733 2064 794; x_wconf 89' lang='lat' dir='ltr'><strong>comperta</strong></span> <span class='ocrx_word' id='word_1_43' title='bbox 2096 725 2166 778; x_wconf 89' lang='lat' dir='ltr'><strong>ab</strong></span> 
     </span>
    </p>
   </div>
   <div class='ocr_carea' id='block_1_7' title="bbox 588 817 2163 890">
    <p class='ocr_par' dir='ltr' id='par_1_7' title="bbox 588 817 2163 890">
     <span class='ocr_line' id='line_1_7' title="bbox 588 817 2163 890; baseline -0.004 -15"><span class='ocrx_word' id='word_1_44' title='bbox 588 822 696 884; x_wconf 89' lang='lat' dir='ltr'><strong>his,</strong></span> <span class='ocrx_word' id='word_1_45' title='bbox 733 820 825 890; x_wconf 91' lang='lat' dir='ltr'><strong>qui</strong></span> <span class='ocrx_word' id='word_1_46' title='bbox 860 820 1014 889; x_wconf 88' lang='lat' dir='ltr'><strong>prius</strong></span> <span class='ocrx_word' id='word_1_47' title='bbox 1044 818 1128 872; x_wconf 89' lang='lat' dir='ltr'><strong>vel</strong></span> <span class='ocrx_word' id='word_1_48' title='bbox 1162 819 1298 871; x_wconf 88' lang='lat' dir='ltr'><strong>socii</strong></span> <span class='ocrx_word' id='word_1_49' title='bbox 1332 818 1474 885; x_wconf 84' lang='lat' dir='ltr'><strong>ejus,</strong></span> <span class='ocrx_word' id='word_1_50' title='bbox 1514 817 1599 890; x_wconf 76' lang='lat' dir='ltr'><strong>yel</strong></span> <span class='ocrx_word' id='word_1_51' title='bbox 1638 817 1893 886; x_wconf 88' lang='lat' dir='ltr'><strong>discipuli</strong></span> <span class='ocrx_word' id='word_1_52' title='bbox 1924 817 2163 877; x_wconf 88' lang='lat' dir='ltr'><strong>fuerant,</strong></span> 
     </span>
    </p>
   </div>
   <div class='ocr_carea' id='block_1_8' title="bbox 588 907 2162 980">
    <p class='ocr_par' dir='ltr' id='par_1_8' title="bbox 588 907 2162 980">
     <span class='ocr_line' id='line_1_8' title="bbox 588 907 2162 980; baseline -0.004 -14"><span class='ocrx_word' id='word_1_53' title='bbox 588 920 639 966; x_wconf 87' lang='lat' dir='ltr'><strong>et</strong></span> <span class='ocrx_word' id='word_1_54' title='bbox 676 917 798 980; x_wconf 85' lang='lat' dir='ltr'><strong>post</strong></span> <span class='ocrx_word' id='word_1_55' title='bbox 827 909 928 962; x_wconf 88' lang='lat' dir='ltr'><strong>hoc</strong></span> <span class='ocrx_word' id='word_1_56' title='bbox 963 908 1026 961; x_wconf 90' lang='lat' dir='ltr'><strong>ad</strong></span> <span class='ocrx_word' id='word_1_57' title='bbox 1065 907 1383 960; x_wconf 81' lang='lat' dir='ltr'><strong>Zacchaeum</strong></span> <span class='ocrx_word' id='word_1_58' title='bbox 1415 907 1663 960; x_wconf 91' lang='lat' dir='ltr'><strong>conversi</strong></span> <span class='ocrx_word' id='word_1_59' title='bbox 1699 914 1850 969; x_wconf 90' lang='lat' dir='ltr'><strong>sunt,</strong></span> <span class='ocrx_word' id='word_1_60' title='bbox 1884 907 2162 961; x_wconf 80' lang='lat' dir='ltr'><strong>indicavit.</strong></span> 
     </span>
    </p>
   </div>
   <div class='ocr_carea' id='block_1_9' title="bbox 592 996 2165 1069">
    <p class='ocr_par' dir='ltr' id='par_1_9' title="bbox 592 996 2165 1069">
     <span class='ocr_line' id='line_1_9' title="bbox 592 996 2165 1069; baseline -0.003 -15"><span class='ocrx_word' id='word_1_61' title='bbox 592 1002 740 1056; x_wconf 83' lang='lat' dir='ltr'><strong>Multi</strong></span> <span class='ocrx_word' id='word_1_62' title='bbox 787 1008 913 1056; x_wconf 91' lang='lat' dir='ltr'><strong>sunt</strong></span> <span class='ocrx_word' id='word_1_63' title='bbox 965 1014 1114 1069; x_wconf 87' lang='lat' dir='ltr'><strong>ergo,</strong></span> <span class='ocrx_word' id='word_1_64' title='bbox 1149 999 1328 1068; x_wconf 81' lang='lat' dir='ltr'><strong>inquit</strong></span> <span class='ocrx_word' id='word_1_65' title='bbox 1356 996 1619 1060; x_wconf 91' lang='lat' dir='ltr'><strong>Iacobus,</strong></span> <span class='ocrx_word' id='word_1_66' title='bbox 1653 1015 1684 1051; x_wconf 91' lang='lat'><strong>0</strong></span> <span class='ocrx_word' id='word_1_67' title='bbox 1716 997 1896 1059; x_wconf 86' lang='lat' dir='ltr'><strong>Petre,</strong></span> <span class='ocrx_word' id='word_1_68' title='bbox 1929 1015 2165 1068; x_wconf 64' lang='lat' dir='ltr'><strong>quorum</strong></span> 
     </span>
    </p>
   </div>
   <div class='ocr_carea' id='block_1_10' title="bbox 588 1090 2167 1159">
    <p class='ocr_par' dir='ltr' id='par_1_10' title="bbox 588 1090 2167 1159">
     <span class='ocr_line' id='line_1_10' title="bbox 588 1090 2167 1159; baseline -0.003 -12"><span class='ocrx_word' id='word_1_69' title='bbox 588 1092 781 1147; x_wconf 87' lang='lat' dir='ltr'><strong>salutis</strong></span> <span class='ocrx_word' id='word_1_70' title='bbox 816 1105 981 1144; x_wconf 90' lang='lat' dir='ltr'><strong>causa</strong></span> <span class='ocrx_word' id='word_1_71' title='bbox 1034 1090 1304 1159; x_wconf 88' lang='lat' dir='ltr'><strong>proficisci</strong></span> <span class='ocrx_word' id='word_1_72' title='bbox 1350 1098 1402 1142; x_wconf 85' lang='lat' dir='ltr'><strong>te</strong></span> <span class='ocrx_word' id='word_1_73' title='bbox 1431 1097 1666 1158; x_wconf 85' lang='lat' dir='ltr'><strong>oportet,</strong></span> <span class='ocrx_word' id='word_1_74' title='bbox 1703 1098 1755 1143; x_wconf 92' lang='lat' dir='ltr'><strong>et</strong></span> <span class='ocrx_word' id='word_1_75' title='bbox 1785 1103 2018 1159; x_wconf 81' lang='lat' dir='ltr'><strong>arguere</strong></span> <span class='ocrx_word' id='word_1_76' title='bbox 2051 1105 2167 1143; x_wconf 89' lang='lat' dir='ltr'><strong>ma-</strong></span> 
     </span>
    </p>
   </div>
   <div class='ocr_carea' id='block_1_11' title="bbox 588 1180 2162 1254">
    <p class='ocr_par' dir='ltr' id='par_1_11' title="bbox 588 1180 2162 1254">
     <span class='ocr_line' id='line_1_11' title="bbox 588 1180 2162 1254; baseline -0.001 -18"><span class='ocrx_word' id='word_1_77' title='bbox 588 1200 736 1254; x_wconf 89' lang='lat' dir='ltr'><strong>gum,</strong></span> <span class='ocrx_word' id='word_1_78' title='bbox 768 1197 830 1234; x_wconf 85' lang='lat' dir='ltr'><strong>ac</strong></span> <span class='ocrx_word' id='word_1_79' title='bbox 861 1195 1169 1236; x_wconf 81' lang='lat' dir='ltr'><strong>sermonem</strong></span> <span class='ocrx_word' id='word_1_80' title='bbox 1203 1180 1449 1233; x_wconf 80' lang='lat' dir='ltr'><strong>veritatis</strong></span> <span class='ocrx_word' id='word_1_81' title='bbox 1485 1180 1717 1245; x_wconf 88' lang='lat' dir='ltr'><strong>docere;</strong></span> <span class='ocrx_word' id='word_1_82' title='bbox 1746 1180 1840 1235; x_wconf 91' lang='lat' dir='ltr'><strong>sed</strong></span> <span class='ocrx_word' id='word_1_83' title='bbox 1876 1181 2010 1234; x_wconf 90' lang='lat' dir='ltr'><strong>nihil</strong></span> <span class='ocrx_word' id='word_1_84' title='bbox 2045 1196 2162 1234; x_wconf 89' lang='lat' dir='ltr'><strong>mo-</strong></span> 
     </span>
    </p>
   </div>
   <div class='ocr_carea' id='block_1_12' title="bbox 590 1271 2163 1342">
    <p class='ocr_par' dir='ltr' id='par_1_12' title="bbox 590 1271 2163 1342">
     <span class='ocr_line' id='line_1_12' title="bbox 590 1271 2163 1342; baseline -0.003 -13"><span class='ocrx_word' id='word_1_85' title='bbox 590 1275 747 1338; x_wconf 84' lang='lat' dir='ltr'><strong>reris.</strong></span> <span class='ocrx_word' id='word_1_86' title='bbox 774 1289 952 1342; x_wconf 88' lang='lat' dir='ltr'><strong>neque</strong></span> <span class='ocrx_word' id='word_1_87' title='bbox 983 1281 1034 1326; x_wconf 91' lang='lat' dir='ltr'><strong>te</strong></span> <span class='ocrx_word' id='word_1_88' title='bbox 1064 1271 1357 1325; x_wconf 83' lang='lat' dir='ltr'><strong>contristet</strong></span> <span class='ocrx_word' id='word_1_89' title='bbox 1404 1271 1548 1339; x_wconf 93' lang='lat' dir='ltr'><strong>quod</strong></span> <span class='ocrx_word' id='word_1_90' title='bbox 1589 1271 1740 1324; x_wconf 91' lang='lat' dir='ltr'><strong>solus</strong></span> <span class='ocrx_word' id='word_1_91' title='bbox 1773 1271 2163 1340; x_wconf 82' lang='lat' dir='ltr'><strong>proﬁcisceris,</strong></span> 
     </span>
    </p>
   </div>
   <div class='ocr_carea' id='block_1_13' title="bbox 588 1364 2164 1434">
    <p class='ocr_par' dir='ltr' id='par_1_13' title="bbox 588 1364 2164 1434">
     <span class='ocr_line' id='line_1_13' title="bbox 588 1364 2164 1434; baseline -0.004 -11"><span class='ocrx_word' id='word_1_92' title='bbox 588 1369 767 1423; x_wconf 90' lang='lat' dir='ltr'><strong>sciens</strong></span> <span class='ocrx_word' id='word_1_93' title='bbox 799 1367 1049 1423; x_wconf 89' lang='lat' dir='ltr'><strong>comitem</strong></span> <span class='ocrx_word' id='word_1_94' title='bbox 1085 1366 1183 1418; x_wconf 86' lang='lat' dir='ltr'><strong>tibi</strong></span> <span class='ocrx_word' id='word_1_95' title='bbox 1216 1372 1265 1418; x_wconf 88' lang='lat' dir='ltr'><strong>et</strong></span> <span class='ocrx_word' id='word_1_96' title='bbox 1297 1365 1602 1432; x_wconf 87' lang='lat' dir='ltr'><strong>adjutorem</strong></span> <span class='ocrx_word' id='word_1_97' title='bbox 1636 1365 1803 1418; x_wconf 87' lang='lat' dir='ltr'><strong>Deum</strong></span> <span class='ocrx_word' id='word_1_98' title='bbox 1839 1381 1933 1434; x_wconf 86' lang='lat' dir='ltr'><strong>per</strong></span> <span class='ocrx_word' id='word_1_99' title='bbox 1955 1364 2164 1429; x_wconf 88' lang='lat' dir='ltr'><strong>Iesum,</strong></span> 
     </span>
    </p>
   </div>
   <div class='ocr_carea' id='block_1_14' title="bbox 586 1456 2162 1529">
    <p class='ocr_par' dir='ltr' id='par_1_14' title="bbox 586 1456 2162 1529">
     <span class='ocr_line' id='line_1_14' title="bbox 586 1456 2162 1529; baseline -0.002 -16"><span class='ocrx_word' id='word_1_100' title='bbox 586 1466 640 1513; x_wconf 89' lang='lat' dir='ltr'><strong>ct</strong></span> <span class='ocrx_word' id='word_1_101' title='bbox 673 1458 780 1512; x_wconf 82' lang='lat' dir='ltr'><strong>cito</strong></span> <span class='ocrx_word' id='word_1_102' title='bbox 811 1474 906 1529; x_wconf 89' lang='lat' dir='ltr'><strong>per</strong></span> <span class='ocrx_word' id='word_1_103' title='bbox 939 1457 1059 1525; x_wconf 85' lang='lat' dir='ltr'><strong>ejus</strong></span> <span class='ocrx_word' id='word_1_104' title='bbox 1092 1457 1318 1527; x_wconf 82' lang='lat' dir='ltr'><strong>gratiam</strong></span> <span class='ocrx_word' id='word_1_105' title='bbox 1355 1457 1557 1510; x_wconf 90' lang='lat' dir='ltr'><strong>multos</strong></span> <span class='ocrx_word' id='word_1_106' title='bbox 1591 1456 1688 1510; x_wconf 85' lang='lat' dir='ltr'><strong>tibi</strong></span> <span class='ocrx_word' id='word_1_107' title='bbox 1726 1459 1908 1512; x_wconf 89' lang='lat' dir='ltr'><strong>socios</strong></span> <span class='ocrx_word' id='word_1_108' title='bbox 1937 1465 1991 1511; x_wconf 89' lang='lat' dir='ltr'><strong>et</strong></span> <span class='ocrx_word' id='word_1_109' title='bbox 2024 1473 2162 1510; x_wconf 88' lang='lat' dir='ltr'><strong>una-</strong></span> 
     </span>
    </p>
   </div>
   <div class='ocr_carea' id='block_1_15' title="bbox 589 1549 2167 1620">
    <p class='ocr_par' dir='ltr' id='par_1_15' title="bbox 589 1549 2167 1620">
     <span class='ocr_line' id='line_1_15' title="bbox 589 1549 2167 1620; baseline 0 -16"><span class='ocrx_word' id='word_1_110' title='bbox 589 1553 764 1605; x_wconf 86' lang='lat' dir='ltr'><strong>nimes</strong></span> <span class='ocrx_word' id='word_1_111' title='bbox 799 1551 932 1604; x_wconf 89' lang='lat' dir='ltr'><strong>fore.</strong></span> <span class='ocrx_word' id='word_1_112' title='bbox 969 1549 1104 1604; x_wconf 89' lang='lat' dir='ltr'><strong>Dato</strong></span> <span class='ocrx_word' id='word_1_113' title='bbox 1139 1565 1271 1604; x_wconf 88' lang='lat' dir='ltr'><strong>sane</strong></span> <span class='ocrx_word' id='word_1_114' title='bbox 1300 1565 1546 1619; x_wconf 85' lang='lat' dir='ltr'><strong>operam,</strong></span> <span class='ocrx_word' id='word_1_115' title='bbox 1575 1559 1632 1602; x_wconf 93' lang='lat' dir='ltr'><strong>ut</strong></span> <span class='ocrx_word' id='word_1_116' title='bbox 1668 1565 1763 1620; x_wconf 90' lang='lat' dir='ltr'><strong>per</strong></span> <span class='ocrx_word' id='word_1_117' title='bbox 1798 1551 2044 1620; x_wconf 90' lang='lat' dir='ltr'><strong>singulos</strong></span> <span class='ocrx_word' id='word_1_118' title='bbox 2068 1566 2167 1604; x_wconf 85' lang='lat' dir='ltr'><strong>an-</strong></span> 
     </span>
    </p>
   </div>
   <div class='ocr_carea' id='block_1_16' title="bbox 587 1641 2166 1714">
    <p class='ocr_par' dir='ltr' id='par_1_16' title="bbox 587 1641 2166 1714">
     <span class='ocr_line' id='line_1_16' title="bbox 587 1641 2166 1714; baseline 0 -18"><span class='ocrx_word' id='word_1_119' title='bbox 587 1660 689 1698; x_wconf 90' lang='lat' dir='ltr'><strong>nos</strong></span> <span class='ocrx_word' id='word_1_120' title='bbox 747 1645 1020 1714; x_wconf 67' lang='lat' dir='ltr'><strong>praecipua</strong></span> <span class='ocrx_word' id='word_1_121' title='bbox 1070 1659 1297 1712; x_wconf 71' lang='lat' dir='ltr'><strong>qua-que</strong></span> <span class='ocrx_word' id='word_1_122' title='bbox 1361 1658 1427 1696; x_wconf 84' lang='lat' dir='ltr'><strong>ex</strong></span> <span class='ocrx_word' id='word_1_123' title='bbox 1484 1641 1671 1713; x_wconf 15' lang='lat' dir='ltr'><strong>dictis.</strong></span> <span class='ocrx_word' id='word_1_124' title='bbox 1707 1642 1985 1712; x_wconf 78' lang='lat' dir='ltr'><strong>gestisque</strong></span> <span class='ocrx_word' id='word_1_125' title='bbox 2055 1643 2166 1697; x_wconf 89' lang='lat' dir='ltr'><strong>tuis</strong></span> 
     </span>
    </p>
   </div>
   <div class='ocr_carea' id='block_1_17' title="bbox 587 1734 2164 1806">
    <p class='ocr_par' dir='ltr' id='par_1_17' title="bbox 587 1734 2164 1806">
     <span class='ocr_line' id='line_1_17' title="bbox 587 1734 2164 1806; baseline 0.001 -16"><span class='ocrx_word' id='word_1_126' title='bbox 587 1737 794 1806; x_wconf 88' lang='lat' dir='ltr'><strong>scripta</strong></span> <span class='ocrx_word' id='word_1_127' title='bbox 852 1737 1036 1790; x_wconf 88' lang='lat' dir='ltr'><strong>mittas</strong></span> <span class='ocrx_word' id='word_1_128' title='bbox 1081 1734 1148 1787; x_wconf 89' lang='lat' dir='ltr'><strong>ad</strong></span> <span class='ocrx_word' id='word_1_129' title='bbox 1198 1751 1302 1801; x_wconf 85' lang='lat' dir='ltr'><strong>me,</strong></span> <span class='ocrx_word' id='word_1_130' title='bbox 1343 1743 1396 1787; x_wconf 88' lang='lat' dir='ltr'><strong>ct</strong></span> <span class='ocrx_word' id='word_1_131' title='bbox 1439 1735 1672 1788; x_wconf 79' lang='lat' dir='ltr'><strong>maxime</strong></span> <span class='ocrx_word' id='word_1_132' title='bbox 1704 1750 1799 1804; x_wconf 87' lang='lat' dir='ltr'><strong>per</strong></span> <span class='ocrx_word' id='word_1_133' title='bbox 1828 1736 2164 1804; x_wconf 85' lang='lat' dir='ltr'><strong>septimanas</strong></span> 
     </span>
    </p>
   </div>
   <div class='ocr_carea' id='block_1_18' title="bbox 587 1799 2238 1891">
    <p class='ocr_par' dir='ltr' id='par_1_18' title="bbox 587 1799 2238 1891">
     <span class='ocr_line' id='line_1_18' title="bbox 587 1799 2238 1891; baseline 0.001 -12"><span class='ocrx_word' id='word_1_134' title='bbox 587 1841 882 1879; x_wconf 83' lang='lat' dir='ltr'><strong>annorum.</strong></span> <span class='ocrx_word' id='word_1_135' title='bbox 915 1824 976 1877; x_wconf 80' lang='lat' dir='ltr'><strong>Et</strong></span> <span class='ocrx_word' id='word_1_136' title='bbox 1005 1825 1091 1878; x_wconf 88' lang='lat' dir='ltr'><strong>bis</strong></span> <span class='ocrx_word' id='word_1_137' title='bbox 1124 1823 1286 1878; x_wconf 88' lang='lat' dir='ltr'><strong>dictis</strong></span> <span class='ocrx_word' id='word_1_138' title='bbox 1311 1824 1574 1879; x_wconf 86' lang='lat' dir='ltr'><strong>dimissus</strong></span> <span class='ocrx_word' id='word_1_139' title='bbox 1597 1823 1664 1877; x_wconf 89' lang='lat' dir='ltr'><strong>ab</strong></span> <span class='ocrx_word' id='word_1_140' title='bbox 1712 1839 1798 1891; x_wconf 88' lang='lat' dir='ltr'><strong>eo,</strong></span> <span class='ocrx_word' id='word_1_141' title='bbox 1843 1841 1939 1879; x_wconf 79' lang='lat' dir='ltr'><strong>sex</strong></span> <span class='ocrx_word' id='word_1_142' title='bbox 1972 1825 2165 1881; x_wconf 91' lang='lat' dir='ltr'><strong>diebus</strong></span> <span class='ocrx_word' id='word_1_143' title='bbox 2199 1799 2238 1854; x_wconf 71' lang='grc' dir='ltr'><strong><em>Β</em></strong></span> 
     </span>
    </p>
   </div>
   <div class='ocr_carea' id='block_1_19' title="bbox 585 1917 1166 1988">
    <p class='ocr_par' dir='ltr' id='par_1_19' title="bbox 585 1917 1166 1988">
     <span class='ocr_line' id='line_1_19' title="bbox 585 1917 1166 1988; baseline -0.002 -16"><span class='ocrx_word' id='word_1_144' title='bbox 585 1919 808 1988; x_wconf 84' lang='lat' dir='ltr'><strong>perveni</strong></span> <span class='ocrx_word' id='word_1_145' title='bbox 838 1917 1166 1972; x_wconf 69' lang='lat' dir='ltr'><strong>Caesaream.</strong></span> 
     </span>
    </p>
   </div>
   <div class='ocr_carea' id='block_1_20' title="bbox 660 2007 2169 2079">
    <p class='ocr_par' dir='ltr' id='par_1_20' title="bbox 660 2007 2169 2079">
     <span class='ocr_line' id='line_1_20' title="bbox 660 2007 2169 2079; baseline 0.001 -14"><span class='ocrx_word' id='word_1_146' title='bbox 660 2007 889 2065; x_wconf 76' lang='lat' dir='ltr'><strong>LXXIII.</strong></span> <span class='ocrx_word' id='word_1_147' title='bbox 932 2007 1264 2079; x_wconf 83' lang='lat' dir='ltr'><strong>Ingredienti</strong></span> <span class='ocrx_word' id='word_1_148' title='bbox 1329 2021 1509 2064; x_wconf 88' lang='lat' dir='ltr'><strong>autem</strong></span> <span class='ocrx_word' id='word_1_149' title='bbox 1576 2011 1706 2065; x_wconf 91' lang='lat' dir='ltr'><strong>mihi</strong></span> <span class='ocrx_word' id='word_1_150' title='bbox 1757 2018 2000 2065; x_wconf 82' lang='lat' dir='ltr'><strong>occurrit</strong></span> <span class='ocrx_word' id='word_1_151' title='bbox 2031 2010 2169 2066; x_wconf 88' lang='lat' dir='ltr'><strong>Zac-</strong></span> 
     </span>
    </p>
   </div>
   <div class='ocr_carea' id='block_1_21' title="bbox 585 2103 2169 2168">
    <p class='ocr_par' dir='ltr' id='par_1_21' title="bbox 585 2103 2169 2168">
     <span class='ocr_line' id='line_1_21' title="bbox 585 2103 2169 2168; baseline 0 -10"><span class='ocrx_word' id='word_1_152' title='bbox 585 2103 771 2158; x_wconf 65' lang='lat' dir='ltr'><strong>chaztls</strong></span> <span class='ocrx_word' id='word_1_153' title='bbox 791 2103 1183 2158; x_wconf 88' lang='lat' dir='ltr'><strong>dilectissimus</strong></span> <span class='ocrx_word' id='word_1_154' title='bbox 1216 2103 1384 2158; x_wconf 82' lang='lat' dir='ltr'><strong>frater</strong></span> <span class='ocrx_word' id='word_1_155' title='bbox 1409 2114 1620 2168; x_wconf 89' lang='lat' dir='ltr'><strong>noster,</strong></span> <span class='ocrx_word' id='word_1_156' title='bbox 1658 2112 1711 2158; x_wconf 90' lang='lat' dir='ltr'><strong>et</strong></span> <span class='ocrx_word' id='word_1_157' title='bbox 1746 2103 2022 2160; x_wconf 64' lang='lat' dir='ltr'><strong>inhaarens</strong></span> <span class='ocrx_word' id='word_1_158' title='bbox 2051 2120 2169 2158; x_wconf 88' lang='lat' dir='ltr'><strong>am—</strong></span> 
     </span>
    </p>
   </div>
   <div class='ocr_carea' id='block_1_22' title="bbox 588 2197 2188 2268">
    <p class='ocr_par' dir='ltr' id='par_1_22' title="bbox 588 2197 2188 2268">
     <span class='ocr_line' id='line_1_22' title="bbox 588 2197 2188 2268; baseline 0.002 -18"><span class='ocrx_word' id='word_1_159' title='bbox 588 2197 839 2268; x_wconf 81' lang='lat' dir='ltr'><strong>plexibus</strong></span> <span class='ocrx_word' id='word_1_160' title='bbox 874 2199 1010 2252; x_wconf 90' lang='lat' dir='ltr'><strong>meis</strong></span> <span class='ocrx_word' id='word_1_161' title='bbox 1030 2198 1286 2267; x_wconf 77' lang='lat' dir='ltr'><strong>perduxit</strong></span> <span class='ocrx_word' id='word_1_162' title='bbox 1316 2197 1384 2251; x_wconf 92' lang='lat' dir='ltr'><strong>ad</strong></span> <span class='ocrx_word' id='word_1_163' title='bbox 1420 2198 1522 2253; x_wconf 90' lang='lat' dir='ltr'><strong>hoc</strong></span> <span class='ocrx_word' id='word_1_164' title='bbox 1553 2198 1607 2251; x_wconf 92' lang='lat' dir='ltr'><strong>in</strong></span> <span class='ocrx_word' id='word_1_165' title='bbox 1630 2213 1743 2268; x_wconf 92' lang='lat' dir='ltr'><strong>quo</strong></span> <span class='ocrx_word' id='word_1_166' title='bbox 1778 2198 1895 2266; x_wconf 91' lang='lat' dir='ltr'><strong>ipse</strong></span> <span class='ocrx_word' id='word_1_167' title='bbox 1925 2213 2188 2253; x_wconf 61' lang='lat' dir='ltr'><strong>comma-</strong></span> 
     </span>
    </p>
   </div>
   <div class='ocr_carea' id='block_1_23' title="bbox 587 2287 2170 2360">
    <p class='ocr_par' dir='ltr' id='par_1_23' title="bbox 587 2287 2170 2360">
     <span class='ocr_line' id='line_1_23' title="bbox 587 2287 2170 2360; baseline 0.001 -18"><span class='ocrx_word' id='word_1_168' title='bbox 587 2288 755 2342; x_wconf 88' lang='lat' dir='ltr'><strong>nebat</strong></span> <span class='ocrx_word' id='word_1_169' title='bbox 785 2287 1111 2357; x_wconf 89' lang='lat' dir='ltr'><strong>hospitium,</strong></span> <span class='ocrx_word' id='word_1_170' title='bbox 1136 2288 1426 2357; x_wconf 88' lang='lat' dir='ltr'><strong>requirens</strong></span> <span class='ocrx_word' id='word_1_171' title='bbox 1457 2303 1487 2340; x_wconf 90' lang='lat' dir='ltr'><strong>a</strong></span> <span class='ocrx_word' id='word_1_172' title='bbox 1522 2302 1607 2342; x_wconf 87' lang='lat' dir='ltr'><strong>me</strong></span> <span class='ocrx_word' id='word_1_173' title='bbox 1651 2289 1718 2342; x_wconf 90' lang='lat' dir='ltr'><strong>de</strong></span> <span class='ocrx_word' id='word_1_174' title='bbox 1771 2289 2004 2359; x_wconf 89' lang='lat' dir='ltr'><strong>singulis</strong></span> <span class='ocrx_word' id='word_1_175' title='bbox 2051 2291 2170 2360; x_wconf 89' lang='lat' dir='ltr'><strong>qui-</strong></span> 
     </span>
    </p>
   </div>
   <div class='ocr_carea' id='block_1_24' title="bbox 587 2379 2169 2450">
    <p class='ocr_par' dir='ltr' id='par_1_24' title="bbox 587 2379 2169 2450">
     <span class='ocr_line' id='line_1_24' title="bbox 587 2379 2169 2450; baseline -0.001 -14"><span class='ocrx_word' id='word_1_176' title='bbox 587 2381 802 2450; x_wconf 88' lang='lat' dir='ltr'><strong>busque</strong></span> <span class='ocrx_word' id='word_1_177' title='bbox 851 2379 1136 2444; x_wconf 83' lang='lat' dir='ltr'><strong>fratribus,</strong></span> <span class='ocrx_word' id='word_1_178' title='bbox 1184 2381 1460 2450; x_wconf 66' lang='lat' dir='ltr'><strong>praecipue</strong></span> <span class='ocrx_word' id='word_1_179' title='bbox 1514 2390 1694 2433; x_wconf 88' lang='lat' dir='ltr'><strong>tamen</strong></span> <span class='ocrx_word' id='word_1_180' title='bbox 1745 2380 1814 2436; x_wconf 91' lang='lat' dir='ltr'><strong>de</strong></span> <span class='ocrx_word' id='word_1_181' title='bbox 1861 2381 2169 2435; x_wconf 83' lang='lat' dir='ltr'><strong>honorabili</strong></span> 
     </span>
    </p>
   </div>
   <div class='ocr_carea' id='block_1_25' title="bbox 589 2473 2168 2543">
    <p class='ocr_par' dir='ltr' id='par_1_25' title="bbox 589 2473 2168 2543">
     <span class='ocr_line' id='line_1_25' title="bbox 589 2473 2168 2543; baseline -0.001 -15"><span class='ocrx_word' id='word_1_182' title='bbox 589 2473 759 2528; x_wconf 85' lang='lat' dir='ltr'><strong>fratre</strong></span> <span class='ocrx_word' id='word_1_183' title='bbox 789 2482 980 2528; x_wconf 88' lang='lat' dir='ltr'><strong>nostro</strong></span> <span class='ocrx_word' id='word_1_184' title='bbox 1012 2473 1237 2528; x_wconf 88' lang='lat' dir='ltr'><strong>Iacobo.</strong></span> <span class='ocrx_word' id='word_1_185' title='bbox 1275 2473 1527 2542; x_wconf 82' lang='lat' dir='ltr'><strong>Cumque</strong></span> <span class='ocrx_word' id='word_1_186' title='bbox 1556 2473 1800 2526; x_wconf 88' lang='lat' dir='ltr'><strong>audisset</strong></span> <span class='ocrx_word' id='word_1_187' title='bbox 1829 2487 1859 2525; x_wconf 90' lang='lat' dir='ltr'><strong>a</strong></span> <span class='ocrx_word' id='word_1_188' title='bbox 1892 2489 2000 2534; x_wconf 91' lang='lat' dir='ltr'><strong>me,</strong></span> <span class='ocrx_word' id='word_1_189' title='bbox 2024 2473 2168 2543; x_wconf 90' lang='lat' dir='ltr'><strong>quod</strong></span> 
     </span>
    </p>
   </div>
   <div class='ocr_carea' id='block_1_26' title="bbox 590 2559 2170 2630">
    <p class='ocr_par' dir='ltr' id='par_1_26' title="bbox 590 2559 2170 2630">
     <span class='ocr_line' id='line_1_26' title="bbox 590 2559 2170 2630; baseline -0.003 -11"><span class='ocrx_word' id='word_1_190' title='bbox 590 2580 701 2619; x_wconf 74' lang='lat' dir='ltr'><strong>uno</strong></span> <span class='ocrx_word' id='word_1_191' title='bbox 737 2564 914 2617; x_wconf 89' lang='lat' dir='ltr'><strong>adhuc</strong></span> <span class='ocrx_word' id='word_1_192' title='bbox 946 2562 1282 2616; x_wconf 89' lang='lat' dir='ltr'><strong>claudicaret</strong></span> <span class='ocrx_word' id='word_1_193' title='bbox 1339 2561 1494 2630; x_wconf 81' lang='lat' dir='ltr'><strong>pede,</strong></span> <span class='ocrx_word' id='word_1_194' title='bbox 1535 2559 1876 2629; x_wconf 87' lang='lat' dir='ltr'><strong>percontanti</strong></span> <span class='ocrx_word' id='word_1_195' title='bbox 1907 2561 2170 2614; x_wconf 83' lang='lat' dir='ltr'><strong>continuo</strong></span> 
     </span>
    </p>
   </div>
   <div class='ocr_carea' id='block_1_27' title="bbox 589 2652 2170 2723">
    <p class='ocr_par' dir='ltr' id='par_1_27' title="bbox 589 2652 2170 2723">
     <span class='ocr_line' id='line_1_27' title="bbox 589 2652 2170 2723; baseline -0.003 -12"><span class='ocrx_word' id='word_1_196' title='bbox 589 2671 834 2720; x_wconf 82' lang='lat' dir='ltr'><strong>causam,</strong></span> <span class='ocrx_word' id='word_1_197' title='bbox 859 2656 1042 2710; x_wconf 87' lang='lat' dir='ltr'><strong>omnia</strong></span> <span class='ocrx_word' id='word_1_198' title='bbox 1077 2655 1193 2708; x_wconf 67' lang='lat' dir='ltr'><strong>[HEC</strong></span> <span class='ocrx_word' id='word_1_199' title='bbox 1240 2669 1360 2723; x_wconf 74' lang='lat' dir='ltr'><strong>qua:</strong></span> <span class='ocrx_word' id='word_1_200' title='bbox 1394 2668 1539 2706; x_wconf 91' lang='lat' dir='ltr'><strong>nunc</strong></span> <span class='ocrx_word' id='word_1_201' title='bbox 1574 2652 1670 2706; x_wconf 88' lang='lat' dir='ltr'><strong>tibi</strong></span> <span class='ocrx_word' id='word_1_202' title='bbox 1707 2653 2085 2721; x_wconf 77' lang='lat' dir='ltr'><strong>exposuimus,</strong></span> <span class='ocrx_word' id='word_1_203' title='bbox 2118 2652 2170 2707; x_wconf 89' lang='lat' dir='ltr'><strong>ei</strong></span> 
     </span>
    </p>
   </div>
   <div class='ocr_carea' id='block_1_28' title="bbox 589 2745 2171 2817">
    <p class='ocr_par' dir='ltr' id='par_1_28' title="bbox 589 2745 2171 2817">
     <span class='ocr_line' id='line_1_28' title="bbox 589 2745 2171 2817; baseline -0.003 -13"><span class='ocrx_word' id='word_1_204' title='bbox 589 2749 873 2808; x_wconf 85' lang='lat' dir='ltr'><strong>enarravi;</strong></span> <span class='ocrx_word' id='word_1_205' title='bbox 929 2747 1205 2817; x_wconf 89' lang='lat' dir='ltr'><strong>quomodo</strong></span> <span class='ocrx_word' id='word_1_206' title='bbox 1237 2745 1279 2776; x_wconf 81' lang='lat'><strong>&quot;</strong></span> <span class='ocrx_word' id='word_1_207' title='bbox 1312 2746 1522 2800; x_wconf 84' lang='lat' dir='ltr'><strong>evocati</strong></span> <span class='ocrx_word' id='word_1_208' title='bbox 1569 2759 1817 2798; x_wconf 89' lang='lat' dir='ltr'><strong>essemus</strong></span> <span class='ocrx_word' id='word_1_209' title='bbox 1853 2762 1880 2798; x_wconf 86' lang='lat' dir='ltr'><strong>a</strong></span> <span class='ocrx_word' id='word_1_210' title='bbox 1913 2745 2171 2800; x_wconf 81' lang='lat' dir='ltr'><strong>sacerdo-</strong></span> 
     </span>
    </p>
   </div>
   <div class='ocr_carea' id='block_1_29' title="bbox 589 2821 2171 2910">
    <p class='ocr_par' dir='ltr' id='par_1_29' title="bbox 589 2821 2171 2910">
     <span class='ocr_line' id='line_1_29' title="bbox 589 2821 2171 2910; baseline -0.001 -13"><span class='ocrx_word' id='word_1_211' title='bbox 589 2843 737 2897; x_wconf 84' lang='lat' dir='ltr'><strong>tibus</strong></span> <span class='ocrx_word' id='word_1_212' title='bbox 765 2848 818 2896; x_wconf 92' lang='lat' dir='ltr'><strong>et</strong></span> <span class='ocrx_word' id='word_1_213' title='bbox 851 2839 1109 2910; x_wconf 85' lang='lat' dir='ltr'><strong>pontifice</strong></span> <span class='ocrx_word' id='word_1_214' title='bbox 1153 2837 1361 2907; x_wconf 88' lang='lat' dir='ltr'><strong>Caipha</strong></span> <span class='ocrx_word' id='word_1_215' title='bbox 1396 2837 1463 2890; x_wconf 91' lang='lat' dir='ltr'><strong>ad</strong></span> <span class='ocrx_word' id='word_1_216' title='bbox 1511 2837 1796 2907; x_wconf 88' lang='lat' dir='ltr'><strong>templum,</strong></span> <span class='ocrx_word' id='word_1_217' title='bbox 1830 2821 1883 2891; x_wconf 86' lang='lat' dir='ltr'><strong>et</strong></span> <span class='ocrx_word' id='word_1_218' title='bbox 1931 2837 2171 2895; x_wconf 89' lang='lat' dir='ltr'><strong>Iacobus</strong></span> 
     </span>
    </p>
   </div>
   <div class='ocr_carea' id='block_1_30' title="bbox 592 2932 2172 3003">
    <p class='ocr_par' dir='ltr' id='par_1_30' title="bbox 592 2932 2172 3003">
     <span class='ocr_line' id='line_1_30' title="bbox 592 2932 2172 3003; baseline -0.001 -14"><span class='ocrx_word' id='word_1_219' title='bbox 592 2934 1041 3003; x_wconf 87' lang='lat' dir='ltr'><strong>archiepiscopus</strong></span> <span class='ocrx_word' id='word_1_220' title='bbox 1075 2939 1228 2987; x_wconf 89' lang='lat' dir='ltr'><strong>stans</strong></span> <span class='ocrx_word' id='word_1_221' title='bbox 1259 2932 1314 2984; x_wconf 92' lang='lat' dir='ltr'><strong>in</strong></span> <span class='ocrx_word' id='word_1_222' title='bbox 1372 2933 1602 2987; x_wconf 90' lang='lat' dir='ltr'><strong>summis</strong></span> <span class='ocrx_word' id='word_1_223' title='bbox 1637 2933 1919 3002; x_wconf 85' lang='lat' dir='ltr'><strong>gradibus,</strong></span> <span class='ocrx_word' id='word_1_224' title='bbox 1953 2948 2048 3002; x_wconf 88' lang='lat' dir='ltr'><strong>per</strong></span> <span class='ocrx_word' id='word_1_225' title='bbox 2083 2949 2172 2988; x_wconf 58' lang='lat' dir='ltr'><strong>se.</strong></span> 
     </span>
    </p>
   </div>
   <div class='ocr_carea' id='block_1_31' title="bbox 593 3021 2168 3094">
    <p class='ocr_par' dir='ltr' id='par_1_31' title="bbox 593 3021 2168 3094">
     <span class='ocr_line' id='line_1_31' title="bbox 593 3021 2168 3094; baseline -0.001 -14"><span class='ocrx_word' id='word_1_226' title='bbox 593 3035 737 3094; x_wconf 89' lang='lat' dir='ltr'><strong>ptem</strong></span> <span class='ocrx_word' id='word_1_227' title='bbox 771 3025 1064 3078; x_wconf 87' lang='lat' dir='ltr'><strong>continuos</strong></span> <span class='ocrx_word' id='word_1_228' title='bbox 1098 3022 1214 3076; x_wconf 91' lang='lat' dir='ltr'><strong>dies</strong></span> <span class='ocrx_word' id='word_1_229' title='bbox 1240 3023 1500 3075; x_wconf 89' lang='lat' dir='ltr'><strong>universo</strong></span> <span class='ocrx_word' id='word_1_230' title='bbox 1536 3023 1735 3091; x_wconf 90' lang='lat' dir='ltr'><strong>populo</strong></span> <span class='ocrx_word' id='word_1_231' title='bbox 1765 3022 1831 3076; x_wconf 90' lang='lat' dir='ltr'><strong>de</strong></span> <span class='ocrx_word' id='word_1_232' title='bbox 1865 3021 2168 3091; x_wconf 80' lang='lat' dir='ltr'><strong>Scripturis</strong></span> 
     </span>
    </p>
   </div>
   <div class='ocr_carea' id='block_1_32' title="bbox 2267 542 3861 618">
    <p class='ocr_par' dir='ltr' id='par_1_32' title="bbox 2267 542 3861 618">
     <span class='ocr_line' id='line_1_32' title="bbox 2267 542 3861 618; baseline 0.001 -21"><span class='ocrx_word' id='word_1_233' title='bbox 2267 542 2507 598; x_wconf 77' lang='lat' dir='ltr'><strong>effecerit</strong></span> <span class='ocrx_word' id='word_1_234' title='bbox 2541 547 2630 599; x_wconf 89' lang='lat' dir='ltr'><strong>illa</strong></span> <span class='ocrx_word' id='word_1_235' title='bbox 2662 547 2869 609; x_wconf 89' lang='lat' dir='ltr'><strong>omnia,</strong></span> <span class='ocrx_word' id='word_1_236' title='bbox 2896 551 3018 616; x_wconf 67' lang='lat' dir='ltr'><strong>quae</strong></span> <span class='ocrx_word' id='word_1_237' title='bbox 3069 563 3234 618; x_wconf 88' lang='lat' dir='ltr'><strong>supra</strong></span> <span class='ocrx_word' id='word_1_238' title='bbox 3263 545 3528 611; x_wconf 80' lang='lat' dir='ltr'><strong>diximus,</strong></span> <span class='ocrx_word' id='word_1_239' title='bbox 3566 556 3626 601; x_wconf 91' lang='lat' dir='ltr'><strong>ut</strong></span> <span class='ocrx_word' id='word_1_240' title='bbox 3656 561 3725 601; x_wconf 82' lang='lat' dir='ltr'><strong>ne</strong></span> <span class='ocrx_word' id='word_1_241' title='bbox 3759 560 3861 602; x_wconf 85' lang='lat' dir='ltr'><strong>ea-</strong></span> 
     </span>
    </p>
   </div>
   <div class='ocr_carea' id='block_1_33' title="bbox 2268 638 2918 693">
    <p class='ocr_par' dir='ltr' id='par_1_33' title="bbox 2268 638 2918 693">
     <span class='ocr_line' id='line_1_33' title="bbox 2268 638 2918 693; baseline 0.005 -3"><span class='ocrx_word' id='word_1_242' title='bbox 2268 638 2390 691; x_wconf 89' lang='lat' dir='ltr'><strong>dem</strong></span> <span class='ocrx_word' id='word_1_243' title='bbox 2426 638 2621 690; x_wconf 89' lang='lat' dir='ltr'><strong>iterum</strong></span> <span class='ocrx_word' id='word_1_244' title='bbox 2647 638 2918 693; x_wconf 86' lang='lat' dir='ltr'><strong>dicamus.</strong></span> 
     </span>
    </p>
   </div>
   <div class='ocr_carea' id='block_1_34' title="bbox 2275 728 3861 805">
    <p class='ocr_par' dir='ltr' id='par_1_34' title="bbox 2275 728 3861 805">
     <span class='ocr_line' id='line_1_34' title="bbox 2275 728 3861 805; baseline 0.002 -23"><span class='ocrx_word' id='word_1_245' title='bbox 2275 799 2281 805; x_wconf 89' lang='lat'><strong>_</strong></span> <span class='ocrx_word' id='word_1_246' title='bbox 2339 728 2574 784; x_wconf 76' lang='lat' dir='ltr'><strong>LXXIV.</strong></span> <span class='ocrx_word' id='word_1_247' title='bbox 2604 731 2812 796; x_wconf 85' lang='lat' dir='ltr'><strong>Quibus</strong></span> <span class='ocrx_word' id='word_1_248' title='bbox 2845 731 3084 802; x_wconf 85' lang='lat' dir='ltr'><strong>cognitis</strong></span> <span class='ocrx_word' id='word_1_249' title='bbox 3114 731 3411 787; x_wconf 64' lang='lat' dir='ltr'><strong>Zacchaeus</strong></span> <span class='ocrx_word' id='word_1_250' title='bbox 3465 746 3664 786; x_wconf 87' lang='lat' dir='ltr'><strong>rursus</strong></span> <span class='ocrx_word' id='word_1_251' title='bbox 3713 731 3861 785; x_wconf 87' lang='lat' dir='ltr'><strong>mihi</strong></span> 
     </span>
    </p>
   </div>
   <div class='ocr_carea' id='block_1_35' title="bbox 2266 815 3857 892">
    <p class='ocr_par' dir='ltr' id='par_1_35' title="bbox 2266 815 3857 892">
     <span class='ocr_line' id='line_1_35' title="bbox 2266 815 3857 892; baseline 0 -16"><span class='ocrx_word' id='word_1_252' title='bbox 2266 838 2387 892; x_wconf 70' lang='lat' dir='ltr'><strong>qua:</strong></span> <span class='ocrx_word' id='word_1_253' title='bbox 2417 839 2447 877; x_wconf 89' lang='lat' dir='ltr'><strong>a</strong></span> <span class='ocrx_word' id='word_1_254' title='bbox 2488 821 2713 878; x_wconf 92' lang='lat' dir='ltr'><strong>Simone</strong></span> <span class='ocrx_word' id='word_1_255' title='bbox 2756 830 3047 892; x_wconf 85' lang='lat' dir='ltr'><strong>agerentur</strong></span> <span class='ocrx_word' id='word_1_256' title='bbox 3099 823 3361 891; x_wconf 79' lang='lat' dir='ltr'><strong>exponit;</strong></span> <span class='ocrx_word' id='word_1_257' title='bbox 3410 831 3465 877; x_wconf 91' lang='lat' dir='ltr'><strong>et</strong></span> <span class='ocrx_word' id='word_1_258' title='bbox 3518 815 3662 877; x_wconf 84' lang='lat' dir='ltr'><strong>inter</strong></span> <span class='ocrx_word' id='word_1_259' title='bbox 3709 822 3857 883; x_wconf 58' lang='lat' dir='ltr'><strong>haec,</strong></span> 
     </span>
    </p>
   </div>
   <div class='ocr_carea' id='block_1_36' title="bbox 2268 911 3860 982">
    <p class='ocr_par' dir='ltr' id='par_1_36' title="bbox 2268 911 3860 982">
     <span class='ocr_line' id='line_1_36' title="bbox 2268 911 3860 982; baseline 0 -16"><span class='ocrx_word' id='word_1_260' title='bbox 2268 913 2456 968; x_wconf 89' lang='lat' dir='ltr'><strong>nescio</strong></span> <span class='ocrx_word' id='word_1_261' title='bbox 2486 911 2630 966; x_wconf 87' lang='lat' dir='ltr'><strong>unde</strong></span> <span class='ocrx_word' id='word_1_262' title='bbox 2655 912 2874 981; x_wconf 90' lang='lat' dir='ltr'><strong>cognito</strong></span> <span class='ocrx_word' id='word_1_263' title='bbox 2901 911 3134 965; x_wconf 89' lang='lat' dir='ltr'><strong>adventu</strong></span> <span class='ocrx_word' id='word_1_264' title='bbox 3164 927 3317 974; x_wconf 89' lang='lat' dir='ltr'><strong>meo.</strong></span> <span class='ocrx_word' id='word_1_265' title='bbox 3370 914 3486 982; x_wconf 90' lang='lat' dir='ltr'><strong>ipse</strong></span> <span class='ocrx_word' id='word_1_266' title='bbox 3515 912 3738 966; x_wconf 86' lang='lat' dir='ltr'><strong>mandat</strong></span> <span class='ocrx_word' id='word_1_267' title='bbox 3784 913 3860 966; x_wconf 88' lang='lat' dir='ltr'><strong>ad</strong></span> 
     </span>
    </p>
   </div>
   <div class='ocr_carea' id='block_1_37' title="bbox 2268 1004 3860 1074">
    <p class='ocr_par' dir='ltr' id='par_1_37' title="bbox 2268 1004 3860 1074">
     <span class='ocr_line' id='line_1_37' title="bbox 2268 1004 3860 1074; baseline -0.001 -14"><span class='ocrx_word' id='word_1_268' title='bbox 2268 1021 2354 1061; x_wconf 90' lang='lat' dir='ltr'><strong>me</strong></span> <span class='ocrx_word' id='word_1_269' title='bbox 2385 1005 2575 1060; x_wconf 90' lang='lat' dir='ltr'><strong>Simon</strong></span> <span class='ocrx_word' id='word_1_270' title='bbox 2603 1021 2616 1058; x_wconf 86' lang='lat'><strong>:</strong></span> <span class='ocrx_word' id='word_1_271' title='bbox 2646 1005 2937 1068; x_wconf 86' lang='lat' dir='ltr'><strong>Audiente,</strong></span> <span class='ocrx_word' id='word_1_272' title='bbox 2971 1004 3168 1071; x_wconf 83' lang='lat' dir='ltr'><strong>inquit,</strong></span> <span class='ocrx_word' id='word_1_273' title='bbox 3218 1006 3420 1074; x_wconf 89' lang='lat' dir='ltr'><strong>populo</strong></span> <span class='ocrx_word' id='word_1_274' title='bbox 3466 1005 3554 1059; x_wconf 91' lang='lat' dir='ltr'><strong>die</strong></span> <span class='ocrx_word' id='word_1_275' title='bbox 3603 1006 3860 1058; x_wconf 82' lang='lat' dir='ltr'><strong>crastina</strong></span> 
     </span>
    </p>
   </div>
   <div class='ocr_carea' id='block_1_38' title="bbox 2267 1094 3862 1168">
    <p class='ocr_par' dir='ltr' id='par_1_38' title="bbox 2267 1094 3862 1168">
     <span class='ocr_line' id='line_1_38' title="bbox 2267 1094 3862 1168; baseline -0.001 -17"><span class='ocrx_word' id='word_1_276' title='bbox 2267 1097 2632 1168; x_wconf 85' lang='lat' dir='ltr'><strong>disputemus.</strong></span> <span class='ocrx_word' id='word_1_277' title='bbox 2684 1096 2786 1150; x_wconf 89' lang='lat' dir='ltr'><strong>Cui</strong></span> <span class='ocrx_word' id='word_1_278' title='bbox 2842 1112 2988 1167; x_wconf 88' lang='lat' dir='ltr'><strong>ego:</strong></span> <span class='ocrx_word' id='word_1_279' title='bbox 3023 1094 3167 1161; x_wconf 83' lang='lat' dir='ltr'><strong>Fiat,</strong></span> <span class='ocrx_word' id='word_1_280' title='bbox 3212 1097 3455 1166; x_wconf 88' lang='lat' dir='ltr'><strong>inquam,</strong></span> <span class='ocrx_word' id='word_1_281' title='bbox 3495 1101 3554 1149; x_wconf 84' lang='lat' dir='ltr'><strong>ut</strong></span> <span class='ocrx_word' id='word_1_282' title='bbox 3599 1095 3748 1150; x_wconf 89' lang='lat' dir='ltr'><strong>libet.</strong></span> <span class='ocrx_word' id='word_1_283' title='bbox 3788 1094 3862 1149; x_wconf 84' lang='lat' dir='ltr'><strong>Et</strong></span> 
     </span>
    </p>
   </div>
   <div class='ocr_carea' id='block_1_39' title="bbox 2269 1186 3862 1256">
    <p class='ocr_par' dir='ltr' id='par_1_39' title="bbox 2269 1186 3862 1256">
     <span class='ocr_line' id='line_1_39' title="bbox 2269 1186 3862 1256; baseline -0.001 -16"><span class='ocrx_word' id='word_1_284' title='bbox 2269 1188 2384 1242; x_wconf 67' lang='lat' dir='ltr'><strong>haec</strong></span> <span class='ocrx_word' id='word_1_285' title='bbox 2417 1187 2743 1256; x_wconf 86' lang='lat' dir='ltr'><strong>pollicitatio</strong></span> <span class='ocrx_word' id='word_1_286' title='bbox 2766 1201 2884 1241; x_wconf 90' lang='lat' dir='ltr'><strong>mea</strong></span> <span class='ocrx_word' id='word_1_287' title='bbox 2934 1188 3203 1242; x_wconf 78' lang='lat' dir='ltr'><strong>universa:</strong></span> <span class='ocrx_word' id='word_1_288' title='bbox 3249 1186 3487 1240; x_wconf 86' lang='lat' dir='ltr'><strong>innotuit</strong></span> <span class='ocrx_word' id='word_1_289' title='bbox 3520 1186 3752 1250; x_wconf 88' lang='lat' dir='ltr'><strong>civitati,</strong></span> <span class='ocrx_word' id='word_1_290' title='bbox 3777 1186 3862 1238; x_wconf 87' lang='lat' dir='ltr'><strong>ita</strong></span> 
     </span>
    </p>
   </div>
   <div class='ocr_carea' id='block_1_40' title="bbox 2268 1275 3861 1347">
    <p class='ocr_par' dir='ltr' id='par_1_40' title="bbox 2268 1275 3861 1347">
     <span class='ocr_line' id='line_1_40' title="bbox 2268 1275 3861 1347; baseline -0.003 -14"><span class='ocrx_word' id='word_1_291' title='bbox 2268 1286 2330 1333; x_wconf 90' lang='lat' dir='ltr'><strong>ut</strong></span> <span class='ocrx_word' id='word_1_292' title='bbox 2357 1279 2521 1333; x_wconf 89' lang='lat' dir='ltr'><strong>etiam</strong></span> <span class='ocrx_word' id='word_1_293' title='bbox 2546 1286 2604 1331; x_wconf 90' lang='lat' dir='ltr'><strong>tu</strong></span> <span class='ocrx_word' id='word_1_294' title='bbox 2635 1278 2730 1347; x_wconf 89' lang='lat' dir='ltr'><strong>qui</strong></span> <span class='ocrx_word' id='word_1_295' title='bbox 2766 1278 2879 1347; x_wconf 91' lang='lat' dir='ltr'><strong>ipsa</strong></span> <span class='ocrx_word' id='word_1_296' title='bbox 2913 1277 3002 1331; x_wconf 89' lang='lat' dir='ltr'><strong>die</strong></span> <span class='ocrx_word' id='word_1_297' title='bbox 3023 1277 3347 1339; x_wconf 87' lang='lat' dir='ltr'><strong>adveneras,</strong></span> <span class='ocrx_word' id='word_1_298' title='bbox 3374 1277 3621 1332; x_wconf 88' lang='lat' dir='ltr'><strong>discercs</strong></span> <span class='ocrx_word' id='word_1_299' title='bbox 3651 1292 3737 1330; x_wconf 88' lang='lat' dir='ltr'><strong>me</strong></span> <span class='ocrx_word' id='word_1_300' title='bbox 3762 1275 3861 1329; x_wconf 74' lang='lat' dir='ltr'><strong>die</strong></span> 
     </span>
    </p>
   </div>
   <div class='ocr_carea' id='block_1_41' title="bbox 2269 1369 3862 1441">
    <p class='ocr_par' dir='ltr' id='par_1_41' title="bbox 2269 1369 3862 1441">
     <span class='ocr_line' id='line_1_41' title="bbox 2269 1369 3862 1441; baseline -0.003 -17"><span class='ocrx_word' id='word_1_301' title='bbox 2269 1379 2489 1441; x_wconf 86' lang='lat' dir='ltr'><strong>postera</strong></span> <span class='ocrx_word' id='word_1_302' title='bbox 2515 1384 2640 1424; x_wconf 90' lang='lat' dir='ltr'><strong>cum</strong></span> <span class='ocrx_word' id='word_1_303' title='bbox 2678 1369 2900 1424; x_wconf 91' lang='lat' dir='ltr'><strong>Simone</strong></span> <span class='ocrx_word' id='word_1_304' title='bbox 2942 1369 3259 1422; x_wconf 87' lang='lat' dir='ltr'><strong>habiturum</strong></span> <span class='ocrx_word' id='word_1_305' title='bbox 3304 1383 3423 1423; x_wconf 89' lang='lat' dir='ltr'><strong>esse</strong></span> <span class='ocrx_word' id='word_1_306' title='bbox 3464 1375 3763 1429; x_wconf 87' lang='lat' dir='ltr'><strong>certamen,</strong></span> <span class='ocrx_word' id='word_1_307' title='bbox 3801 1376 3862 1420; x_wconf 87' lang='lat' dir='ltr'><strong>et</strong></span> 
     </span>
    </p>
   </div>
   <div class='ocr_carea' id='block_1_42' title="bbox 2271 1459 3859 1531">
    <p class='ocr_par' dir='ltr' id='par_1_42' title="bbox 2271 1459 3859 1531">
     <span class='ocr_line' id='line_1_42' title="bbox 2271 1459 3859 1531; baseline -0.003 -15"><span class='ocrx_word' id='word_1_308' title='bbox 2271 1462 2536 1531; x_wconf 87' lang='lat' dir='ltr'><strong>requisita</strong></span> <span class='ocrx_word' id='word_1_309' title='bbox 2566 1461 2851 1516; x_wconf 88' lang='lat' dir='ltr'><strong>mansione</strong></span> <span class='ocrx_word' id='word_1_310' title='bbox 2884 1461 3074 1516; x_wconf 79' lang='lat' dir='ltr'><strong>nbstra</strong></span> <span class='ocrx_word' id='word_1_311' title='bbox 3105 1459 3407 1516; x_wconf 90' lang='lat' dir='ltr'><strong>secundum</strong></span> <span class='ocrx_word' id='word_1_312' title='bbox 3434 1459 3638 1513; x_wconf 88' lang='lat' dir='ltr'><strong>indicia</strong></span> <span class='ocrx_word' id='word_1_313' title='bbox 3668 1473 3796 1528; x_wconf 68' lang='lat' dir='ltr'><strong>quae</strong></span> <span class='ocrx_word' id='word_1_314' title='bbox 3827 1469 3859 1512; x_wconf 84' lang='lat' dir='ltr'><strong>a</strong></span> 
     </span>
    </p>
   </div>
   <div class='ocr_carea' id='block_1_43' title="bbox 2268 1550 3856 1623">
    <p class='ocr_par' dir='ltr' id='par_1_43' title="bbox 2268 1550 3856 1623">
     <span class='ocr_line' id='line_1_43' title="bbox 2268 1550 3856 1623; baseline -0.003 -15"><span class='ocrx_word' id='word_1_315' title='bbox 2268 1553 2520 1608; x_wconf 85' lang='lat' dir='ltr'><strong>Barnaba</strong></span> <span class='ocrx_word' id='word_1_316' title='bbox 2559 1568 2876 1623; x_wconf 87' lang='lat' dir='ltr'><strong>acceperas,</strong></span> <span class='ocrx_word' id='word_1_317' title='bbox 2927 1553 3145 1607; x_wconf 90' lang='lat' dir='ltr'><strong>venires</strong></span> <span class='ocrx_word' id='word_1_318' title='bbox 3171 1553 3239 1607; x_wconf 87' lang='lat' dir='ltr'><strong>ad</strong></span> <span class='ocrx_word' id='word_1_319' title='bbox 3268 1567 3389 1606; x_wconf 91' lang='lat' dir='ltr'><strong>nos.</strong></span> <span class='ocrx_word' id='word_1_320' title='bbox 3446 1550 3558 1621; x_wconf 82' lang='lat' dir='ltr'><strong>Ego</strong></span> <span class='ocrx_word' id='word_1_321' title='bbox 3610 1567 3739 1606; x_wconf 87' lang='lat' dir='ltr'><strong>vero</strong></span> <span class='ocrx_word' id='word_1_322' title='bbox 3768 1551 3856 1605; x_wconf 88' lang='lat' dir='ltr'><strong>in-</strong></span> 
     </span>
    </p>
   </div>
   <div class='ocr_carea' id='block_1_44' title="bbox 2268 1645 3861 1715">
    <p class='ocr_par' dir='ltr' id='par_1_44' title="bbox 2268 1645 3861 1715">
     <span class='ocr_line' id='line_1_44' title="bbox 2268 1645 3861 1715; baseline 0.001 -18"><span class='ocrx_word' id='word_1_323' title='bbox 2268 1660 2459 1715; x_wconf 90' lang='lat' dir='ltr'><strong>gressu</strong></span> <span class='ocrx_word' id='word_1_324' title='bbox 2491 1654 2586 1698; x_wconf 91' lang='lat' dir='ltr'><strong>tuo</strong></span> <span class='ocrx_word' id='word_1_325' title='bbox 2616 1645 2689 1698; x_wconf 89' lang='lat' dir='ltr'><strong>ita</strong></span> <span class='ocrx_word' id='word_1_326' title='bbox 2717 1646 3023 1714; x_wconf 85' lang='lat' dir='ltr'><strong>gratulatus</strong></span> <span class='ocrx_word' id='word_1_327' title='bbox 3056 1661 3176 1699; x_wconf 86' lang='lat' dir='ltr'><strong>smn</strong></span> <span class='ocrx_word' id='word_1_328' title='bbox 3203 1683 3219 1708; x_wconf 96' lang='lat'><strong>,</strong></span> <span class='ocrx_word' id='word_1_329' title='bbox 3254 1654 3312 1698; x_wconf 93' lang='lat' dir='ltr'><strong>ut</strong></span> <span class='ocrx_word' id='word_1_330' title='bbox 3335 1645 3522 1698; x_wconf 86' lang='lat' dir='ltr'><strong>nescio</strong></span> <span class='ocrx_word' id='word_1_331' title='bbox 3551 1645 3698 1697; x_wconf 89' lang='lat' dir='ltr'><strong>unde</strong></span> <span class='ocrx_word' id='word_1_332' title='bbox 3732 1660 3861 1698; x_wconf 79' lang='lat' dir='ltr'><strong>mo-</strong></span> 
     </span>
    </p>
   </div>
   <div class='ocr_carea' id='block_1_45' title="bbox 2271 1735 3857 1804">
    <p class='ocr_par' dir='ltr' id='par_1_45' title="bbox 2271 1735 3857 1804">
     <span class='ocr_line' id='line_1_45' title="bbox 2271 1735 3857 1804; baseline -0.003 -14"><span class='ocrx_word' id='word_1_333' title='bbox 2271 1746 2380 1800; x_wconf 92' lang='lat' dir='ltr'><strong>tus,</strong></span> <span class='ocrx_word' id='word_1_334' title='bbox 2415 1735 2758 1791; x_wconf 79' lang='lat' dir='ltr'><strong>festinaverit</strong></span> <span class='ocrx_word' id='word_1_335' title='bbox 2786 1736 3006 1791; x_wconf 88' lang='lat' dir='ltr'><strong>animus</strong></span> <span class='ocrx_word' id='word_1_336' title='bbox 3037 1751 3191 1790; x_wconf 87' lang='lat' dir='ltr'><strong>meus</strong></span> <span class='ocrx_word' id='word_1_337' title='bbox 3223 1751 3498 1804; x_wconf 82' lang='lat' dir='ltr'><strong>exponere</strong></span> <span class='ocrx_word' id='word_1_338' title='bbox 3519 1735 3617 1788; x_wconf 85' lang='lat' dir='ltr'><strong>tibi</strong></span> <span class='ocrx_word' id='word_1_339' title='bbox 3650 1742 3857 1787; x_wconf 83' lang='lat' dir='ltr'><strong>cuncta</strong></span> 
     </span>
    </p>
   </div>
   <div class='ocr_carea' id='block_1_46' title="bbox 2268 1825 3860 1898">
    <p class='ocr_par' dir='ltr' id='par_1_46' title="bbox 2268 1825 3860 1898">
     <span class='ocr_line' id='line_1_46' title="bbox 2268 1825 3860 1898; baseline -0.004 -14"><span class='ocrx_word' id='word_1_340' title='bbox 2268 1828 2552 1893; x_wconf 84' lang='lat' dir='ltr'><strong>velociter,</strong></span> <span class='ocrx_word' id='word_1_341' title='bbox 2594 1828 2865 1898; x_wconf 59' lang='lat' dir='ltr'><strong>praecipue</strong></span> <span class='ocrx_word' id='word_1_342' title='bbox 2897 1835 3079 1880; x_wconf 92' lang='lat' dir='ltr'><strong>tamen</strong></span> <span class='ocrx_word' id='word_1_343' title='bbox 3116 1827 3260 1896; x_wconf 88' lang='lat' dir='ltr'><strong>quod</strong></span> <span class='ocrx_word' id='word_1_344' title='bbox 3293 1837 3379 1881; x_wconf 88' lang='lat' dir='ltr'><strong>est</strong></span> <span class='ocrx_word' id='word_1_345' title='bbox 3403 1827 3457 1880; x_wconf 88' lang='lat' dir='ltr'><strong>in</strong></span> <span class='ocrx_word' id='word_1_346' title='bbox 3512 1825 3618 1880; x_wconf 88' lang='lat' dir='ltr'><strong>fide</strong></span> <span class='ocrx_word' id='word_1_347' title='bbox 3675 1827 3860 1879; x_wconf 75' lang='lat' dir='ltr'><strong>maxi-</strong></span> 
     </span>
    </p>
   </div>
   <div class='ocr_carea' id='block_1_47' title="bbox 2269 1917 3860 1988">
    <p class='ocr_par' dir='ltr' id='par_1_47' title="bbox 2269 1917 3860 1988">
     <span class='ocr_line' id='line_1_47' title="bbox 2269 1917 3860 1988; baseline -0.003 -14"><span class='ocrx_word' id='word_1_348' title='bbox 2269 1935 2418 1974; x_wconf 91' lang='lat' dir='ltr'><strong>mum</strong></span> <span class='ocrx_word' id='word_1_349' title='bbox 2447 1920 2513 1974; x_wconf 90' lang='lat' dir='ltr'><strong>de</strong></span> <span class='ocrx_word' id='word_1_350' title='bbox 2538 1935 2666 1973; x_wconf 80' lang='lat' dir='ltr'><strong>vero</strong></span> <span class='ocrx_word' id='word_1_351' title='bbox 2694 1919 2982 1988; x_wconf 85' lang='lat' dir='ltr'><strong>propheta,</strong></span> <span class='ocrx_word' id='word_1_352' title='bbox 3025 1918 3172 1987; x_wconf 91' lang='lat' dir='ltr'><strong>quod</strong></span> <span class='ocrx_word' id='word_1_353' title='bbox 3211 1935 3380 1972; x_wconf 90' lang='lat' dir='ltr'><strong>unum</strong></span> <span class='ocrx_word' id='word_1_354' title='bbox 3434 1934 3498 1972; x_wconf 89' lang='lat' dir='ltr'><strong>ac</strong></span> <span class='ocrx_word' id='word_1_355' title='bbox 3531 1917 3703 1971; x_wconf 84' lang='lat' dir='ltr'><strong>totius</strong></span> <span class='ocrx_word' id='word_1_356' title='bbox 3753 1917 3860 1970; x_wconf 89' lang='lat' dir='ltr'><strong>do-</strong></span> 
     </span>
    </p>
   </div>
   <div class='ocr_carea' id='block_1_48' title="bbox 2269 2009 3856 2080">
    <p class='ocr_par' dir='ltr' id='par_1_48' title="bbox 2269 2009 3856 2080">
     <span class='ocr_line' id='line_1_48' title="bbox 2269 2009 3856 2080; baseline -0.003 -14"><span class='ocrx_word' id='word_1_357' title='bbox 2269 2012 2462 2066; x_wconf 78' lang='lat' dir='ltr'><strong>ctrinae</strong></span> <span class='ocrx_word' id='word_1_358' title='bbox 2493 2010 2908 2065; x_wconf 87' lang='lat' dir='ltr'><strong>fundamentum</strong></span> <span class='ocrx_word' id='word_1_359' title='bbox 2939 2011 3186 2065; x_wconf 86' lang='lat' dir='ltr'><strong>sufliccre</strong></span> <span class='ocrx_word' id='word_1_360' title='bbox 3239 2023 3403 2080; x_wconf 88' lang='lat' dir='ltr'><strong>posse</strong></span> <span class='ocrx_word' id='word_1_361' title='bbox 3437 2025 3544 2062; x_wconf 91' lang='lat' dir='ltr'><strong>non</strong></span> <span class='ocrx_word' id='word_1_362' title='bbox 3601 2009 3856 2079; x_wconf 82' lang='lat' dir='ltr'><strong>ambigo;</strong></span> 
     </span>
    </p>
   </div>
   <div class='ocr_carea' id='block_1_49' title="bbox 2268 2101 3858 2173">
    <p class='ocr_par' dir='ltr' id='par_1_49' title="bbox 2268 2101 3858 2173">
     <span class='ocr_line' id='line_1_49' title="bbox 2268 2101 3858 2173; baseline -0.003 -16"><span class='ocrx_word' id='word_1_363' title='bbox 2268 2111 2384 2157; x_wconf 83' lang='lat' dir='ltr'><strong>tum</strong></span> <span class='ocrx_word' id='word_1_364' title='bbox 2413 2103 2577 2159; x_wconf 88' lang='lat' dir='ltr'><strong>etiam</strong></span> <span class='ocrx_word' id='word_1_365' title='bbox 2603 2103 2647 2133; x_wconf 77' lang='lat'><em>“</em></span> <span class='ocrx_word' id='word_1_366' title='bbox 2671 2104 2888 2173; x_wconf 65' lang='lat' dir='ltr'><strong>scripta:</strong></span> <span class='ocrx_word' id='word_1_367' title='bbox 2915 2104 3048 2173; x_wconf 80' lang='lat' dir='ltr'><strong>legis</strong></span> <span class='ocrx_word' id='word_1_368' title='bbox 3078 2119 3173 2171; x_wconf 88' lang='lat' dir='ltr'><strong>per</strong></span> <span class='ocrx_word' id='word_1_369' title='bbox 3199 2101 3414 2172; x_wconf 85' lang='lat' dir='ltr'><strong>singula</strong></span> <span class='ocrx_word' id='word_1_370' title='bbox 3437 2117 3667 2172; x_wconf 66' lang='lat' dir='ltr'><strong>qumque</strong></span> <span class='ocrx_word' id='word_1_371' title='bbox 3699 2101 3858 2170; x_wconf 84' lang='lat' dir='ltr'><strong>capi-</strong></span> 
     </span>
    </p>
   </div>
   <div class='ocr_carea' id='block_1_50' title="bbox 2268 2192 3855 2263">
    <p class='ocr_par' dir='ltr' id='par_1_50' title="bbox 2268 2192 3855 2263">
     <span class='ocr_line' id='line_1_50' title="bbox 2268 2192 3855 2263; baseline -0.002 -17"><span class='ocrx_word' id='word_1_372' title='bbox 2268 2194 2382 2246; x_wconf 89' lang='lat' dir='ltr'><strong>tula</strong></span> <span class='ocrx_word' id='word_1_373' title='bbox 2420 2208 2655 2263; x_wconf 88' lang='lat' dir='ltr'><strong>quorum</strong></span> <span class='ocrx_word' id='word_1_374' title='bbox 2679 2193 2822 2247; x_wconf 89' lang='lat' dir='ltr'><strong>ratio</strong></span> <span class='ocrx_word' id='word_1_375' title='bbox 2869 2192 3149 2262; x_wconf 86' lang='lat' dir='ltr'><strong>poscebat,</strong></span> <span class='ocrx_word' id='word_1_376' title='bbox 3177 2194 3528 2247; x_wconf 85' lang='lat' dir='ltr'><strong>secretiorem</strong></span> <span class='ocrx_word' id='word_1_377' title='bbox 3562 2193 3658 2244; x_wconf 88' lang='lat' dir='ltr'><strong>tibi</strong></span> <span class='ocrx_word' id='word_1_378' title='bbox 3692 2192 3855 2245; x_wconf 86' lang='lat' dir='ltr'><strong>intel-</strong></span> 
     </span>
    </p>
   </div>
   <div class='ocr_carea' id='block_1_51' title="bbox 2270 2281 3858 2354">
    <p class='ocr_par' dir='ltr' id='par_1_51' title="bbox 2270 2281 3858 2354">
     <span class='ocr_line' id='line_1_51' title="bbox 2270 2281 3858 2354; baseline -0.002 -17"><span class='ocrx_word' id='word_1_379' title='bbox 2270 2284 2549 2354; x_wconf 87' lang='lat' dir='ltr'><strong>ligentiam</strong></span> <span class='ocrx_word' id='word_1_380' title='bbox 2578 2283 2831 2354; x_wconf 86' lang='lat' dir='ltr'><strong>patefeci,</strong></span> <span class='ocrx_word' id='word_1_381' title='bbox 2871 2299 2980 2337; x_wconf 91' lang='lat' dir='ltr'><strong>non</strong></span> <span class='ocrx_word' id='word_1_382' title='bbox 3012 2283 3342 2336; x_wconf 87' lang='lat' dir='ltr'><strong>occultansa</strong></span> <span class='ocrx_word' id='word_1_383' title='bbox 3379 2290 3431 2335; x_wconf 91' lang='lat' dir='ltr'><strong>te</strong></span> <span class='ocrx_word' id='word_1_384' title='bbox 3465 2297 3564 2335; x_wconf 88' lang='lat' dir='ltr'><strong>nec</strong></span> <span class='ocrx_word' id='word_1_385' title='bbox 3594 2281 3858 2334; x_wconf 85' lang='lat' dir='ltr'><strong>traditio-</strong></span> 
     </span>
    </p>
   </div>
   <div class='ocr_carea' id='block_1_52' title="bbox 2269 2373 3858 2444">
    <p class='ocr_par' dir='ltr' id='par_1_52' title="bbox 2269 2373 3858 2444">
     <span class='ocr_line' id='line_1_52' title="bbox 2269 2373 3858 2444; baseline -0.005 -13"><span class='ocrx_word' id='word_1_386' title='bbox 2269 2393 2400 2431; x_wconf 90' lang='lat' dir='ltr'><strong>num</strong></span> <span class='ocrx_word' id='word_1_387' title='bbox 2430 2377 2594 2431; x_wconf 88' lang='lat' dir='ltr'><strong>bona.</strong></span> <span class='ocrx_word' id='word_1_388' title='bbox 2627 2377 2758 2441; x_wconf 74' lang='lat' dir='ltr'><strong>Qua:</strong></span> <span class='ocrx_word' id='word_1_389' title='bbox 2784 2391 2910 2430; x_wconf 82' lang='lat' dir='ltr'><strong>vero</strong></span> <span class='ocrx_word' id='word_1_390' title='bbox 2933 2382 3229 2444; x_wconf 84' lang='lat' dir='ltr'><strong>supersunt</strong></span> <span class='ocrx_word' id='word_1_391' title='bbox 3259 2375 3527 2443; x_wconf 87' lang='lat' dir='ltr'><strong>incipiens</strong></span> <span class='ocrx_word' id='word_1_392' title='bbox 3551 2390 3580 2425; x_wconf 92' lang='lat' dir='ltr'><strong>a</strong></span> <span class='ocrx_word' id='word_1_393' title='bbox 3607 2373 3696 2426; x_wconf 89' lang='lat' dir='ltr'><strong>die</strong></span> <span class='ocrx_word' id='word_1_394' title='bbox 3729 2388 3858 2425; x_wconf 84' lang='lat' dir='ltr'><strong>cra-</strong></span> 
     </span>
    </p>
   </div>
   <div class='ocr_carea' id='block_1_53' title="bbox 2271 2463 3858 2538">
    <p class='ocr_par' dir='ltr' id='par_1_53' title="bbox 2271 2463 3858 2538">
     <span class='ocr_line' id='line_1_53' title="bbox 2271 2463 3858 2538; baseline -0.004 -14"><span class='ocrx_word' id='word_1_395' title='bbox 2271 2469 2448 2532; x_wconf 86' lang='lat' dir='ltr'><strong>stina,</strong></span> <span class='ocrx_word' id='word_1_396' title='bbox 2485 2485 2552 2524; x_wconf 78' lang='lat' dir='ltr'><strong>ex</strong></span> <span class='ocrx_word' id='word_1_397' title='bbox 2605 2470 2690 2524; x_wconf 89' lang='lat' dir='ltr'><strong>his</strong></span> <span class='ocrx_word' id='word_1_398' title='bbox 2733 2484 2855 2538; x_wconf 76' lang='lat' dir='ltr'><strong>qua:</strong></span> <span class='ocrx_word' id='word_1_399' title='bbox 2888 2469 2942 2521; x_wconf 83' lang='lat' dir='ltr'><strong>in</strong></span> <span class='ocrx_word' id='word_1_400' title='bbox 2982 2467 3382 2536; x_wconf 78' lang='lat' dir='ltr'><strong>qinestionibus</strong></span> <span class='ocrx_word' id='word_1_401' title='bbox 3436 2481 3560 2518; x_wconf 89' lang='lat' dir='ltr'><strong>cum</strong></span> <span class='ocrx_word' id='word_1_402' title='bbox 3623 2463 3858 2518; x_wconf 85' lang='lat' dir='ltr'><strong>Simone</strong></span> 
     </span>
    </p>
   </div>
   <div class='ocr_carea' id='block_1_54' title="bbox 2271 2559 3857 2631">
    <p class='ocr_par' dir='ltr' id='par_1_54' title="bbox 2271 2559 3857 2631">
     <span class='ocr_line' id='line_1_54' title="bbox 2271 2559 3857 2631; baseline -0.004 -15"><span class='ocrx_word' id='word_1_403' title='bbox 2271 2563 2655 2624; x_wconf 82' lang='lat' dir='ltr'><strong>movebuntur,</strong></span> <span class='ocrx_word' id='word_1_404' title='bbox 2690 2578 2787 2631; x_wconf 90' lang='lat' dir='ltr'><strong>per</strong></span> <span class='ocrx_word' id='word_1_405' title='bbox 2830 2563 2948 2615; x_wconf 91' lang='lat' dir='ltr'><strong>dies</strong></span> <span class='ocrx_word' id='word_1_406' title='bbox 2997 2561 3244 2630; x_wconf 87' lang='lat' dir='ltr'><strong>singulos</strong></span> <span class='ocrx_word' id='word_1_407' title='bbox 3297 2559 3506 2621; x_wconf 87' lang='lat' dir='ltr'><strong>audies,</strong></span> <span class='ocrx_word' id='word_1_408' title='bbox 3562 2573 3857 2626; x_wconf 86' lang='lat' dir='ltr'><strong>usquequu</strong></span> 
     </span>
    </p>
   </div>
   <div class='ocr_carea' id='block_1_55' title="bbox 2271 2651 3854 2723">
    <p class='ocr_par' dir='ltr' id='par_1_55' title="bbox 2271 2651 3854 2723">
     <span class='ocr_line' id='line_1_55' title="bbox 2271 2651 3854 2723; baseline -0.003 -18"><span class='ocrx_word' id='word_1_409' title='bbox 2271 2652 2382 2709; x_wconf 90' lang='lat' dir='ltr'><strong>Deo</strong></span> <span class='ocrx_word' id='word_1_410' title='bbox 2415 2655 2632 2708; x_wconf 83' lang='lat' dir='ltr'><strong>favente</strong></span> <span class='ocrx_word' id='word_1_411' title='bbox 2657 2653 3008 2723; x_wconf 82' lang='lat' dir='ltr'><strong>perveniatur</strong></span> <span class='ocrx_word' id='word_1_412' title='bbox 3039 2652 3105 2706; x_wconf 87' lang='lat' dir='ltr'><strong>ad</strong></span> <span class='ocrx_word' id='word_1_413' title='bbox 3132 2651 3303 2720; x_wconf 84' lang='lat' dir='ltr'><strong>ipsam</strong></span> <span class='ocrx_word' id='word_1_414' title='bbox 3333 2666 3440 2719; x_wconf 91' lang='lat' dir='ltr'><strong>quo</strong></span> <span class='ocrx_word' id='word_1_415' title='bbox 3464 2652 3565 2703; x_wconf 89' lang='lat' dir='ltr'><strong>iter</strong></span> <span class='ocrx_word' id='word_1_416' title='bbox 3599 2659 3854 2702; x_wconf 89' lang='lat' dir='ltr'><strong>nostrum</strong></span> 
     </span>
    </p>
   </div>
   <div class='ocr_carea' id='block_1_56' title="bbox 2269 2740 3854 2816">
    <p class='ocr_par' dir='ltr' id='par_1_56' title="bbox 2269 2740 3854 2816">
     <span class='ocr_line' id='line_1_56' title="bbox 2269 2740 3854 2816; baseline -0.004 -17"><span class='ocrx_word' id='word_1_417' title='bbox 2269 2745 2617 2816; x_wconf 87' lang='lat' dir='ltr'><strong>dirigendum</strong></span> <span class='ocrx_word' id='word_1_418' title='bbox 2650 2746 2926 2799; x_wconf 88' lang='lat' dir='ltr'><strong>credimus</strong></span> <span class='ocrx_word' id='word_1_419' title='bbox 2975 2745 3166 2797; x_wconf 80' lang='lat' dir='ltr'><strong>urbem</strong></span> <span class='ocrx_word' id='word_1_420' title='bbox 3201 2741 3447 2795; x_wconf 79' lang='lat' dir='ltr'><strong>Ruinam.</strong></span> <span class='ocrx_word' id='word_1_421' title='bbox 3487 2741 3734 2809; x_wconf 88' lang='lat' dir='ltr'><strong>Cumque</strong></span> <span class='ocrx_word' id='word_1_422' title='bbox 3785 2740 3854 2793; x_wconf 86' lang='lat' dir='ltr'><strong>ad</strong></span> 
     </span>
    </p>
   </div>
   <div class='ocr_carea' id='block_1_57' title="bbox 2271 2831 3858 2904">
    <p class='ocr_par' dir='ltr' id='par_1_57' title="bbox 2271 2831 3858 2904">
     <span class='ocr_line' id='line_1_57' title="bbox 2271 2831 3858 2904; baseline -0.004 -15"><span class='ocrx_word' id='word_1_423' title='bbox 2271 2837 2386 2891; x_wconf 76' lang='lat' dir='ltr'><strong>hzec</strong></span> <span class='ocrx_word' id='word_1_424' title='bbox 2418 2837 2487 2891; x_wconf 87' lang='lat' dir='ltr'><strong>ab</strong></span> <span class='ocrx_word' id='word_1_425' title='bbox 2516 2852 2581 2890; x_wconf 90' lang='lat' dir='ltr'><strong>c0</strong></span> <span class='ocrx_word' id='word_1_426' title='bbox 2614 2837 2782 2898; x_wconf 87' lang='lat' dir='ltr'><strong>dicta,</strong></span> <span class='ocrx_word' id='word_1_427' title='bbox 2809 2852 3024 2889; x_wconf 88' lang='lat' dir='ltr'><strong>omnem</strong></span> <span class='ocrx_word' id='word_1_428' title='bbox 3057 2835 3286 2904; x_wconf 84' lang='lat' dir='ltr'><strong>gratiam</strong></span> <span class='ocrx_word' id='word_1_429' title='bbox 3311 2848 3396 2885; x_wconf 90' lang='lat' dir='ltr'><strong>me</strong></span> <span class='ocrx_word' id='word_1_430' title='bbox 3425 2831 3474 2885; x_wconf 88' lang='lat' dir='ltr'><strong>ei</strong></span> <span class='ocrx_word' id='word_1_431' title='bbox 3497 2831 3696 2884; x_wconf 88' lang='lat' dir='ltr'><strong>debere</strong></span> <span class='ocrx_word' id='word_1_432' title='bbox 3727 2846 3858 2898; x_wconf 57' lang='lat' dir='ltr'><strong>pro-</strong></span> 
     </span>
    </p>
   </div>
   <div class='ocr_carea' id='block_1_58' title="bbox 2273 2922 3857 2996">
    <p class='ocr_par' dir='ltr' id='par_1_58' title="bbox 2273 2922 3857 2996">
     <span class='ocr_line' id='line_1_58' title="bbox 2273 2922 3857 2996; baseline -0.004 -14"><span class='ocrx_word' id='word_1_433' title='bbox 2273 2930 2498 2990; x_wconf 89' lang='lat' dir='ltr'><strong>fiterer,</strong></span> <span class='ocrx_word' id='word_1_434' title='bbox 2553 2928 2942 2996; x_wconf 84' lang='lat' dir='ltr'><strong>l&#39;acturumque</strong></span> <span class='ocrx_word' id='word_1_435' title='bbox 2991 2926 3175 2979; x_wconf 87' lang='lat' dir='ltr'><strong>omnia</strong></span> <span class='ocrx_word' id='word_1_436' title='bbox 3229 2940 3314 2978; x_wconf 90' lang='lat' dir='ltr'><strong>me</strong></span> <span class='ocrx_word' id='word_1_437' title='bbox 3362 2939 3483 2993; x_wconf 80' lang='lat' dir='ltr'><strong>qua:</strong></span> <span class='ocrx_word' id='word_1_438' title='bbox 3530 2922 3857 2991; x_wconf 61' lang='lat' dir='ltr'><strong>praeciperet</strong></span> 
     </span>
    </p>
   </div>
   <div class='ocr_carea' id='block_1_59' title="bbox 2271 3014 3856 3088">
    <p class='ocr_par' dir='ltr' id='par_1_59' title="bbox 2271 3014 3856 3088">
     <span class='ocr_line' id='line_1_59' title="bbox 2271 3014 3856 3088; baseline -0.001 -17"><span class='ocrx_word' id='word_1_439' title='bbox 2271 3017 2678 3088; x_wconf 88' lang='lat' dir='ltr'><strong>promptissime</strong></span> <span class='ocrx_word' id='word_1_440' title='bbox 2711 3017 3019 3086; x_wconf 88' lang='lat' dir='ltr'><strong>pollicerer,</strong></span> <span class='ocrx_word' id='word_1_441' title='bbox 3046 3015 3170 3068; x_wconf 90' lang='lat' dir='ltr'><strong>cibo</strong></span> <span class='ocrx_word' id='word_1_442' title='bbox 3193 3023 3410 3084; x_wconf 88' lang='lat' dir='ltr'><strong>sumpto</strong></span> <span class='ocrx_word' id='word_1_443' title='bbox 3434 3014 3721 3083; x_wconf 88' lang='lat' dir='ltr'><strong>quiescere</strong></span> <span class='ocrx_word' id='word_1_444' title='bbox 3749 3029 3856 3069; x_wconf 76' lang='lat' dir='ltr'><strong>nos</strong></span> 
     </span>
    </p>
   </div>
   <div class='ocr_carea' id='block_1_60' title="bbox 605 3106 3283 3200">
    <p class='ocr_par' dir='ltr' id='par_1_60' title="bbox 605 3106 3283 3200">
     <span class='ocr_line' id='line_1_60' title="bbox 605 3106 3283 3200; baseline -0.003 -31"><span class='ocrx_word' id='word_1_445' title='bbox 605 3114 904 3169; x_wconf 88' lang='lat' dir='ltr'><strong>Dominicis</strong></span> <span class='ocrx_word' id='word_1_446' title='bbox 934 3109 1316 3181; x_wconf 85' lang='lat' dir='ltr'><strong>assignaverit,</strong></span> <span class='ocrx_word' id='word_1_447' title='bbox 1355 3108 1499 3180; x_wconf 91' lang='lat' dir='ltr'><strong>quod</strong></span> <span class='ocrx_word' id='word_1_448' title='bbox 1527 3109 1687 3164; x_wconf 88' lang='lat' dir='ltr'><strong>Iesus</strong></span> <span class='ocrx_word' id='word_1_449' title='bbox 1718 3120 1862 3164; x_wconf 88' lang='lat' dir='ltr'><strong>esset</strong></span> <span class='ocrx_word' id='word_1_450' title='bbox 1889 3106 2167 3173; x_wconf 77' lang='lat' dir='ltr'><strong>Christus,</strong></span> <span class='ocrx_word' id='word_1_451' title='bbox 2195 3143 2238 3200; x_wconf 63' lang='grc' dir='ltr'>ο</span> <span class='ocrx_word' id='word_1_452' title='bbox 2267 3109 2436 3179; x_wconf 82' lang='lat' dir='ltr'><strong>jussit</strong></span> <span class='ocrx_word' id='word_1_453' title='bbox 2459 3109 2676 3179; x_wconf 87' lang='lat' dir='ltr'><strong>sibique</strong></span> <span class='ocrx_word' id='word_1_454' title='bbox 2708 3111 2822 3179; x_wconf 89' lang='lat' dir='ltr'><strong>ipse</strong></span> <span class='ocrx_word' id='word_1_455' title='bbox 2852 3109 3091 3179; x_wconf 90' lang='lat' dir='ltr'><strong>quietem</strong></span> <span class='ocrx_word' id='word_1_456' title='bbox 3114 3107 3283 3162; x_wconf 85' lang='lat' dir='ltr'><strong>dedit.</strong></span> 
     </span>
    </p>
   </div>
   <div class='ocr_carea' id='block_1_61' title="bbox 591 3199 2169 3278">
    <p class='ocr_par' dir='ltr' id='par_1_61' title="bbox 591 3199 2169 3278">
     <span class='ocr_line' id='line_1_61' title="bbox 591 3199 2169 3278; baseline -0.008 -15"><span class='ocrx_word' id='word_1_457' title='bbox 591 3223 769 3278; x_wconf 88' lang='lat' dir='ltr'><strong>quove</strong></span> <span class='ocrx_word' id='word_1_458' title='bbox 815 3207 978 3261; x_wconf 89' lang='lat' dir='ltr'><strong>modo</strong></span> <span class='ocrx_word' id='word_1_459' title='bbox 1025 3204 1281 3258; x_wconf 85' lang='lat' dir='ltr'><strong>omnibus</strong></span> <span class='ocrx_word' id='word_1_460' title='bbox 1323 3202 1436 3272; x_wconf 88' lang='lat' dir='ltr'><strong>jam</strong></span> <span class='ocrx_word' id='word_1_461' title='bbox 1475 3201 1974 3272; x_wconf 86' lang='lat' dir='ltr'><strong>acquiescentibus,</strong></span> <span class='ocrx_word' id='word_1_462' title='bbox 2010 3206 2069 3254; x_wconf 80' lang='lat' dir='ltr'><strong>ut</strong></span> <span class='ocrx_word' id='word_1_463' title='bbox 2101 3199 2169 3252; x_wconf 91' lang='lat' dir='ltr'><strong>ab</strong></span> 
     </span>
    </p>
   </div>
   <div class='ocr_carea' id='block_1_62' title="bbox 669 3345 3864 3430">
    <p class='ocr_par' dir='ltr' id='par_1_62' title="bbox 669 3345 3864 3430">
     <span class='ocr_line' id='line_1_62' title="bbox 669 3345 3864 3430; baseline -0.005 -15"><span class='ocrx_word' id='word_1_464' title='bbox 669 3365 712 3398; x_wconf 78' lang='lat'>“</span> <span class='ocrx_word' id='word_1_465' title='bbox 754 3360 1343 3430; x_wconf 86' lang='lat' dir='ltr'><strong>Quomodo—dicamus</strong></span> <span class='ocrx_word' id='word_1_466' title='bbox 1390 3358 1591 3414; x_wconf 88' lang='lat' dir='ltr'><strong>desunt</strong></span> <span class='ocrx_word' id='word_1_467' title='bbox 1620 3359 1676 3413; x_wconf 90' lang='lat' dir='ltr'><strong>in</strong></span> <span class='ocrx_word' id='word_1_468' title='bbox 1707 3365 1942 3428; x_wconf 86' lang='lat' dir='ltr'><strong>utroque</strong></span> <span class='ocrx_word' id='word_1_469' title='bbox 1971 3356 2094 3411; x_wconf 90' lang='lat' dir='ltr'><strong>cod.</strong></span> <span class='ocrx_word' id='word_1_470' title='bbox 2133 3354 2281 3422; x_wconf 86' lang='lat' dir='ltr'><strong>Lips.</strong></span> <span class='ocrx_word' id='word_1_471' title='bbox 2352 3352 2398 3386; x_wconf 73' lang='grc'><strong>⁸⁸</strong></span> <span class='ocrx_word' id='word_1_472' title='bbox 2429 3351 2561 3407; x_wconf 86' lang='lat' dir='ltr'><strong>Tum</strong></span> <span class='ocrx_word' id='word_1_473' title='bbox 2589 3348 3172 3404; x_wconf 72' lang='lat' dir='ltr'><strong>etiam—traditionum</strong></span> <span class='ocrx_word' id='word_1_474' title='bbox 3226 3347 3361 3401; x_wconf 85' lang='lat' dir='ltr'><strong>bona</strong></span> <span class='ocrx_word' id='word_1_475' title='bbox 3423 3346 3628 3416; x_wconf 86' lang='lat' dir='ltr'><strong>pariter</strong></span> <span class='ocrx_word' id='word_1_476' title='bbox 3660 3345 3864 3400; x_wconf 86' lang='lat' dir='ltr'><strong>desunt</strong></span> 
     </span>
    </p>
   </div>
   <div class='ocr_carea' id='block_1_63' title="bbox 594 3431 1248 3504">
    <p class='ocr_par' dir='ltr' id='par_1_63' title="bbox 594 3431 1248 3504">
     <span class='ocr_line' id='line_1_63' title="bbox 594 3431 1248 3504; baseline -0.009 -13"><span class='ocrx_word' id='word_1_477' title='bbox 594 3437 651 3491; x_wconf 84' lang='lat' dir='ltr'><strong>in</strong></span> <span class='ocrx_word' id='word_1_478' title='bbox 681 3444 912 3504; x_wconf 86' lang='lat' dir='ltr'><strong>utroque</strong></span> <span class='ocrx_word' id='word_1_479' title='bbox 943 3434 1065 3487; x_wconf 86' lang='lat' dir='ltr'><strong>cod.</strong></span> <span class='ocrx_word' id='word_1_480' title='bbox 1098 3431 1248 3501; x_wconf 87' lang='lat' dir='ltr'><strong>Lips.</strong></span> 
     </span>
    </p>
   </div>
   <div class='ocr_carea' id='block_1_64' title="bbox 1864 3568 2506 3627">
    <p class='ocr_par' dir='ltr' id='par_1_64' title="bbox 1864 3568 2506 3627">
     <span class='ocr_line' id='line_1_64' title="bbox 1864 3568 2506 3627; baseline -0.006 0"><span class='ocrx_word' id='word_1_481' title='bbox 1864 3569 2231 3627; x_wconf 79' lang='lat' dir='ltr'><strong>COTELERII</strong></span> <span class='ocrx_word' id='word_1_482' title='bbox 2271 3568 2506 3626; x_wconf 66' lang='lat' dir='ltr'><strong>NOTA‘I.</strong></span> 
     </span>
    </p>
   </div>
   <div class='ocr_carea' id='block_1_65' title="bbox 594 3721 2168 3804">
    <p class='ocr_par' dir='ltr' id='par_1_65' title="bbox 594 3721 2168 3804">
     <span class='ocr_line' id='line_1_65' title="bbox 594 3721 2168 3804; baseline -0.013 -5"><span class='ocrx_word' id='word_1_483' title='bbox 594 3741 807 3800; x_wconf 86' lang='lat' dir='ltr'><strong>duobus</strong></span> <span class='ocrx_word' id='word_1_484' title='bbox 852 3735 1139 3792; x_wconf 89' lang='lat' dir='ltr'><strong>Societatis</strong></span> <span class='ocrx_word' id='word_1_485' title='bbox 1183 3732 1312 3788; x_wconf 84' lang='lat' dir='ltr'><strong>Iesu</strong></span> <span class='ocrx_word' id='word_1_486' title='bbox 1355 3730 1671 3804; x_wconf 79' lang='lat' dir='ltr'><strong>insignibus</strong></span> <span class='ocrx_word' id='word_1_487' title='bbox 1711 3725 1997 3804; x_wconf 72' lang='lat' dir='ltr'><strong>theologis,</strong></span> <span class='ocrx_word' id='word_1_488' title='bbox 2040 3721 2168 3804; x_wconf 78' lang='lat' dir='ltr'><strong>Dio-</strong></span> 
     </span>
    </p>
   </div>
   <div class='ocr_carea' id='block_1_66' title="bbox 596 3793 2165 3884">
    <p class='ocr_par' dir='ltr' id='par_1_66' title="bbox 596 3793 2165 3884">
     <span class='ocr_line' id='line_1_66' title="bbox 596 3793 2165 3884; baseline -0.013 -18"><span class='ocrx_word' id='word_1_489' title='bbox 783 3809 1001 3884; x_wconf 75' lang='lat' dir='ltr'><strong>Petavio</strong></span> <span class='ocrx_word' id='word_1_490' title='bbox 1049 3806 1133 3884; x_wconf 82' lang='lat' dir='ltr'><strong>ad_</strong></span> <span class='ocrx_word' id='word_1_491' title='bbox 1152 3793 1526 3884; x_wconf 40' lang='lat' dir='ltr'><strong>Epiphaniuﬁi.</strong></span> <span class='ocrx_word' id='word_1_492' title='bbox 1560 3799 1851 3884; x_wconf 37' lang='lat' dir='ltr'><strong>inﬁhazr‘esi</strong></span> <span class='ocrx_word' id='word_1_493' title='bbox 1875 3793 2165 3884; x_wconf 55' lang='lat' dir='ltr'><strong>“Simonia:</strong></span> 
     </span>
    </p>
   </div>
   <div class='ocr_carea' id='block_1_67' title="bbox 596 3865 2166 3945">
    <p class='ocr_par' dir='ltr' id='par_1_67' title="bbox 596 3865 2166 3945">
     <span class='ocr_line' id='line_1_67' title="bbox 596 3865 2166 3945; baseline -0.012 -7"><span class='ocrx_word' id='word_1_494' title='bbox 596 3865 811 3945; x_wconf 70' lang='lat' dir='ltr'><strong>norum,</strong></span> <span class='ocrx_word' id='word_1_495' title='bbox 843 3888 896 3934; x_wconf 87' lang='lat' dir='ltr'><strong>et</strong></span> <span class='ocrx_word' id='word_1_496' title='bbox 945 3865 1468 3943; x_wconf 58' lang='lat' dir='ltr'><strong>Francisc&#39;o&#39;Vigero</strong></span> <span class='ocrx_word' id='word_1_497' title='bbox 1515 3872 1570 3924; x_wconf 90' lang='lat' dir='ltr'><strong>in</strong></span> <span class='ocrx_word' id='word_1_498' title='bbox 1611 3868 1810 3923; x_wconf 86' lang='lat' dir='ltr'><strong>Euseb.</strong></span> <span class='ocrx_word' id='word_1_499' title='bbox 1864 3865 2166 3934; x_wconf 71' lang='lat' dir='ltr'><strong>Prwparat.</strong></span> 
     </span>
    </p>
   </div>
   <div class='ocr_carea' id='block_1_68' title="bbox 591 3945 1975 4022">
    <p class='ocr_par' dir='ltr' id='par_1_68' title="bbox 591 3945 1975 4022">
     <span class='ocr_line' id='line_1_68' title="bbox 591 3945 1975 4022; baseline -0.001 -15"><span class='ocrx_word' id='word_1_500' title='bbox 591 3950 948 4022; x_wconf 31' lang='lat' dir='ltr'><strong>evangelalib.</strong></span> <span class='ocrx_word' id='word_1_501' title='bbox 981 3965 1040 4014; x_wconf 84' lang='grc' dir='ltr'><strong>ιι,</strong></span> <span class='ocrx_word' id='word_1_502' title='bbox 1073 3963 1194 4016; x_wconf 85' lang='lat' dir='ltr'><strong>cap.</strong></span> <span class='ocrx_word' id='word_1_503' title='bbox 1233 3945 1317 3999; x_wconf 84' lang='grc'><strong>18.</strong></span> <span class='ocrx_word' id='word_1_504' title='bbox 1535 4009 1546 4022; x_wconf 43' lang='grc' dir='ltr'><strong><em>ο</em></strong></span> <span class='ocrx_word' id='word_1_505' title='bbox 1584 4009 1594 4020; x_wconf 46' lang='grc'><strong>·</strong></span> <span class='ocrx_word' id='word_1_506' title='bbox 1639 4007 1674 4022; x_wconf 47' lang='grc' dir='ltr'>ἢ</span> <span class='ocrx_word' id='word_1_507' title='bbox 1715 4009 1726 4018; x_wconf 52' lang='grc'><em>,</em></span> <span class='ocrx_word' id='word_1_508' title='bbox 1795 4007 1861 4022; x_wconf 63' lang='grc' dir='ltr'><strong>η,</strong></span> 
     </span>
    </p>
   </div>
   <div class='ocr_carea' id='block_1_69' title="bbox 667 4007 2170 4094">
    <p class='ocr_par' dir='ltr' id='par_1_69' title="bbox 667 4007 2170 4094">
     <span class='ocr_line' id='line_1_69' title="bbox 667 4007 2170 4094; baseline -0.018 -15"><span class='ocrx_word' id='word_1_509' title='bbox 667 4007 802 4094; x_wconf 49' lang='grc' dir='ltr'><strong>(ὕέλ</strong></span> <span class='ocrx_word' id='word_1_510' title='bbox 830 4007 1084 4094; x_wconf 73' lang='lat' dir='ltr'><strong>Virtutem</strong></span> <span class='ocrx_word' id='word_1_511' title='bbox 1113 4007 1374 4070; x_wconf 66' lang='lat' dir='ltr'><strong>summam</strong></span> <span class='ocrx_word' id='word_1_512' title='bbox 1402 4009 1594 4094; x_wconf 48' lang='lat' dir='ltr'><strong>eacelsi</strong></span> <span class='ocrx_word' id='word_1_513' title='bbox 1628 4007 1750 4094; x_wconf 49' lang='lat' dir='ltr'><strong>_Dei.&#39;</strong></span> <span class='ocrx_word' id='word_1_514' title='bbox 1795 4007 2010 4092; x_wconf 56' lang='lat' dir='ltr'><strong>hiiseris</strong></span> <span class='ocrx_word' id='word_1_515' title='bbox 2053 4018 2170 4094; x_wconf 60' lang='lat' dir='ltr'><strong>mo:</strong></span> 
     </span>
    </p>
   </div>
   <div class='ocr_carea' id='block_1_70' title="bbox 594 4074 2172 4151">
    <p class='ocr_par' dir='ltr' id='par_1_70' title="bbox 594 4074 2172 4151">
     <span class='ocr_line' id='line_1_70' title="bbox 594 4074 2172 4151; baseline -0.015 -1"><span class='ocrx_word' id='word_1_516' title='bbox 594 4074 685 4151; x_wconf 67' lang='lat' dir='ltr'><strong>dis</strong></span> <span class='ocrx_word' id='word_1_517' title='bbox 696 4074 1000 4147; x_wconf 66' lang='lat' dir='ltr'><strong>deformati</strong></span> <span class='ocrx_word' id='word_1_518' title='bbox 1034 4097 1162 4142; x_wconf 90' lang='lat' dir='ltr'><strong>sunt</strong></span> <span class='ocrx_word' id='word_1_519' title='bbox 1208 4097 1400 4139; x_wconf 78' lang='lat' dir='ltr'><strong>versus</strong></span> <span class='ocrx_word' id='word_1_520' title='bbox 1427 4074 2070 4151; x_wconf 32' lang='grc' dir='ltr'><strong>Αυοιοτίεηψευόωνύμου</strong></span> <span class='ocrx_word' id='word_1_521' title='bbox 2118 4082 2172 4127; x_wconf 90' lang='lat' dir='ltr'><strong>et</strong></span> 
     </span>
    </p>
   </div>
   <div class='ocr_carea' id='block_1_71' title="bbox 593 4148 2168 4296">
    <p class='ocr_par' dir='ltr' id='par_1_71' title="bbox 593 4148 2168 4296">
     <span class='ocr_line' id='line_1_71' title="bbox 593 4148 2168 4296; baseline -0.013 -79"><span class='ocrx_word' id='word_1_522' title='bbox 593 4148 900 4296; x_wconf 51' lang='grc' dir='ltr'><strong>ῗίνωνύμου,</strong></span> <span class='ocrx_word' id='word_1_523' title='bbox 937 4167 1058 4230; x_wconf 88' lang='lat' dir='ltr'><strong>post</strong></span> <span class='ocrx_word' id='word_1_524' title='bbox 1082 4154 1404 4212; x_wconf 89' lang='lat' dir='ltr'><strong>Tertulliani</strong></span> <span class='ocrx_word' id='word_1_525' title='bbox 1434 4152 1635 4222; x_wconf 89' lang='lat' dir='ltr'><strong>Opera,</strong></span> <span class='ocrx_word' id='word_1_526' title='bbox 1685 4148 1780 4204; x_wconf 91' lang='lat' dir='ltr'><strong>lib.</strong></span> <span class='ocrx_word' id='word_1_527' title='bbox 1831 4163 1869 4212; x_wconf 85' lang='grc' dir='ltr'><strong>ι,</strong></span> <span class='ocrx_word' id='word_1_528' title='bbox 1916 4150 2168 4198; x_wconf 81' lang='lat' dir='ltr'><strong>adversus</strong></span> 
     </span>
     <span class='ocr_line' id='line_1_72' title="bbox 658 4248 962 4287; baseline 0 0"><span class='ocrx_word' id='word_1_529' title='bbox 658 4249 916 4287; x_wconf 66' lang='grc' dir='ltr'><strong>αΓετοηεΙη</strong></span> <span class='ocrx_word' id='word_1_530' title='bbox 943 4248 962 4287; x_wconf 62' lang='grc' dir='ltr'><strong><em>ἔ</em></strong></span> 
     </span>
    </p>
   </div>
   <div class='ocr_carea' id='block_1_72' title="bbox 658 4248 962 4287">
    <p class='ocr_par' dir='ltr' id='par_1_72' title="bbox 658 4248 962 4287">
     <span class='ocr_line' id='line_1_73' title="bbox 658 4248 962 4287; baseline 0 0"><span class='ocrx_word' id='word_1_531' title='bbox 658 4250 745 4287; x_wconf 71' lang='grc' dir='ltr'><em>ατε</em></span> <span class='ocrx_word' id='word_1_532' title='bbox 751 4249 863 4287; x_wconf 67' lang='grc'><strong>80118</strong></span> <span class='ocrx_word' id='word_1_533' title='bbox 870 4249 916 4284; x_wconf 85' lang='grc' dir='ltr'><strong>ιη</strong></span> <span class='ocrx_word' id='word_1_534' title='bbox 943 4248 962 4287; x_wconf 74' lang='grc' dir='ltr'><strong><em>ἔ</em></strong></span> 
     </span>
    </p>
   </div>
   <div class='ocr_carea' id='block_1_73' title="bbox 2345 3721 3510 3792">
    <p class='ocr_par' dir='ltr' id='par_1_73' title="bbox 2345 3721 3510 3792">
     <span class='ocr_line' id='line_1_74' title="bbox 2345 3721 3510 3792; baseline -0.002 -14"><span class='ocrx_word' id='word_1_535' title='bbox 2345 3721 2606 3792; x_wconf 78' lang='lat' dir='ltr'><strong>Infandos</strong></span> <span class='ocrx_word' id='word_1_536' title='bbox 2633 3721 2774 3777; x_wconf 86' lang='lat' dir='ltr'><strong>omni</strong></span> <span class='ocrx_word' id='word_1_537' title='bbox 2799 3723 3016 3792; x_wconf 65' lang='lat' dir='ltr'><strong>magicae</strong></span> <span class='ocrx_word' id='word_1_538' title='bbox 3043 3722 3302 3776; x_wconf 82' lang='lat' dir='ltr'><strong>dementia</strong></span> <span class='ocrx_word' id='word_1_539' title='bbox 3330 3725 3510 3792; x_wconf 83' lang='lat' dir='ltr'><strong>plenos</strong></span> 
     </span>
    </p>
   </div>
   <div class='ocr_carea' id='block_1_74' title="bbox 2346 3793 3574 3857">
    <p class='ocr_par' dir='ltr' id='par_1_74' title="bbox 2346 3793 3574 3857">
     <span class='ocr_line' id='line_1_75' title="bbox 2346 3793 3574 3857; baseline 0 -11"><span class='ocrx_word' id='word_1_540' title='bbox 2346 3793 2649 3854; x_wconf 77' lang='lat' dir='ltr'><strong>Persuasit,</strong></span> <span class='ocrx_word' id='word_1_541' title='bbox 2678 3809 2788 3846; x_wconf 85' lang='lat' dir='ltr'><strong>sese</strong></span> <span class='ocrx_word' id='word_1_542' title='bbox 2818 3794 3058 3845; x_wconf 78' lang='lat' dir='ltr'><strong>virtutem</strong></span> <span class='ocrx_word' id='word_1_543' title='bbox 3087 3794 3257 3846; x_wconf 79' lang='lat' dir='ltr'><strong>dicere</strong></span> <span class='ocrx_word' id='word_1_544' title='bbox 3282 3811 3574 3857; x_wconf 84' lang='lat' dir='ltr'><strong>summam;</strong></span> 
     </span>
    </p>
   </div>
   <div class='ocr_carea' id='block_1_75' title="bbox 2348 3862 3758 3935">
    <p class='ocr_par' dir='ltr' id='par_1_75' title="bbox 2348 3862 3758 3935">
     <span class='ocr_line' id='line_1_76' title="bbox 2348 3862 3758 3935; baseline 0.005 -20"><span class='ocrx_word' id='word_1_545' title='bbox 2348 3862 2573 3935; x_wconf 81' lang='lat' dir='ltr'><strong>Fingere</strong></span> <span class='ocrx_word' id='word_1_546' title='bbox 2595 3864 3028 3935; x_wconf 16' lang='lat' dir='ltr'><strong>cuntmeret‘rice,</strong></span> <span class='ocrx_word' id='word_1_547' title='bbox 3056 3864 3203 3932; x_wconf 78' lang='lat' dir='ltr'><strong>nefas</strong></span> <span class='ocrx_word' id='word_1_548' title='bbox 3231 3881 3534 3935; x_wconf 86' lang='lat' dir='ltr'><strong>peragrare,</strong></span> <span class='ocrx_word' id='word_1_549' title='bbox 3559 3865 3758 3922; x_wconf 75' lang='lat' dir='ltr'><strong>volare.</strong></span> 
     </span>
    </p>
   </div>
   <div class='ocr_carea' id='block_1_76' title="bbox 2277 3933 3036 3989">
    <p class='ocr_par' dir='ltr' id='par_1_76' title="bbox 2277 3933 3036 3989">
     <span class='ocr_line' id='line_1_77' title="bbox 2277 3933 3036 3989; baseline 0.001 -1"><span class='ocrx_word' id='word_1_550' title='bbox 2277 3933 2407 3988; x_wconf 90' lang='lat' dir='ltr'><strong>Sine</strong></span> <span class='ocrx_word' id='word_1_551' title='bbox 2436 3934 2601 3987; x_wconf 90' lang='lat' dir='ltr'><strong>dubio</strong></span> <span class='ocrx_word' id='word_1_552' title='bbox 2632 3934 2797 3987; x_wconf 84' lang='lat' dir='ltr'><strong>scribi</strong></span> <span class='ocrx_word' id='word_1_553' title='bbox 2822 3933 2981 3988; x_wconf 88' lang='lat' dir='ltr'><strong>debet</strong></span> <span class='ocrx_word' id='word_1_554' title='bbox 3020 3951 3036 3989; x_wconf 89' lang='lat'>:</span> 
     </span>
    </p>
   </div>
   <div class='ocr_carea' id='block_1_77' title="bbox 2348 4002 3523 4072">
    <p class='ocr_par' dir='ltr' id='par_1_77' title="bbox 2348 4002 3523 4072">
     <span class='ocr_line' id='line_1_78' title="bbox 2348 4002 3523 4072; baseline 0 -15"><span class='ocrx_word' id='word_1_555' title='bbox 2348 4002 2580 4071; x_wconf 72' lang='lat' dir='ltr'><strong>Infando</strong></span> <span class='ocrx_word' id='word_1_556' title='bbox 2611 4003 2815 4057; x_wconf 82' lang='lat' dir='ltr'><strong>Simoni</strong></span> <span class='ocrx_word' id='word_1_557' title='bbox 2850 4005 3055 4072; x_wconf 82' lang='lat' dir='ltr'><strong>magica</strong></span> <span class='ocrx_word' id='word_1_558' title='bbox 3086 4003 3345 4057; x_wconf 83' lang='lat' dir='ltr'><strong>dementia</strong></span> <span class='ocrx_word' id='word_1_559' title='bbox 3372 4005 3523 4071; x_wconf 82' lang='lat' dir='ltr'><strong>pleno</strong></span> 
     </span>
    </p>
   </div>
   <div class='ocr_carea' id='block_1_78' title="bbox 2348 4074 3578 4133">
    <p class='ocr_par' dir='ltr' id='par_1_78' title="bbox 2348 4074 3578 4133">
     <span class='ocr_line' id='line_1_79' title="bbox 2348 4074 3578 4133; baseline 0 -5"><span class='ocrx_word' id='word_1_560' title='bbox 2348 4074 2649 4133; x_wconf 82' lang='lat' dir='ltr'><strong>Persuasit,</strong></span> <span class='ocrx_word' id='word_1_561' title='bbox 2684 4091 2792 4127; x_wconf 85' lang='lat' dir='ltr'><strong>sese</strong></span> <span class='ocrx_word' id='word_1_562' title='bbox 2813 4075 3052 4126; x_wconf 73' lang='lat' dir='ltr'><strong>virtutem</strong></span> <span class='ocrx_word' id='word_1_563' title='bbox 3075 4074 3246 4127; x_wconf 83' lang='lat' dir='ltr'><strong>dicere</strong></span> <span class='ocrx_word' id='word_1_564' title='bbox 3275 4091 3537 4128; x_wconf 83' lang='lat' dir='ltr'><strong>summam</strong></span> <span class='ocrx_word' id='word_1_565' title='bbox 3559 4090 3578 4128; x_wconf 90' lang='lat'><strong><em>:</em></strong></span> 
     </span>
    </p>
   </div>
   <div class='ocr_carea' id='block_1_79' title="bbox 2345 4143 3800 4215">
    <p class='ocr_par' dir='ltr' id='par_1_79' title="bbox 2345 4143 3800 4215">
     <span class='ocr_line' id='line_1_80' title="bbox 2345 4143 3800 4215; baseline 0.003 -18"><span class='ocrx_word' id='word_1_566' title='bbox 2345 4143 2590 4210; x_wconf 81' lang='lat' dir='ltr'><strong>Fingere,</strong></span> <span class='ocrx_word' id='word_1_567' title='bbox 2617 4159 2735 4197; x_wconf 83' lang='lat' dir='ltr'><strong>cum</strong></span> <span class='ocrx_word' id='word_1_568' title='bbox 2757 4145 3047 4208; x_wconf 84' lang='lat' dir='ltr'><strong>meretrice,</strong></span> <span class='ocrx_word' id='word_1_569' title='bbox 3077 4145 3248 4213; x_wconf 78' lang='lat' dir='ltr'><strong>nefas,</strong></span> <span class='ocrx_word' id='word_1_570' title='bbox 3272 4161 3576 4215; x_wconf 80' lang='lat' dir='ltr'><strong>peragrare,</strong></span> <span class='ocrx_word' id='word_1_571' title='bbox 3603 4147 3800 4204; x_wconf 77' lang='lat' dir='ltr'><strong>volare.</strong></span> 
     </span>
    </p>
   </div>
   <div class='ocr_carea' id='block_1_80' title="bbox 603 4370 3837 4414">
    <p class='ocr_par' dir='ltr' id='par_1_80' title="bbox 603 4370 3837 4414">
     <span class='ocr_line' id='line_1_81' title="bbox 603 4370 3837 4414; baseline -0.003 -17"><span class='ocrx_word' id='word_1_572' title='bbox 603 4370 3837 4414; x_wconf 55' lang='lat' dir='ltr'><strong>Mm</strong></span> 
     </span>
    </p>
   </div>
   <div class='ocr_carea' id='block_1_81' title="bbox 1675 4460 2762 4584">
    <p class='ocr_par' dir='ltr' id='par_1_81' title="bbox 1675 4460 2762 4584">
     <span class='ocr_line' id='line_1_82' title="bbox 1675 4460 2762 4584; baseline -0.006 -3"><span class='ocrx_word' id='word_1_573' title='bbox 1675 4493 2042 4584; x_wconf 81' lang='lat' dir='ltr'><strong>LIBER</strong></span> <span class='ocrx_word' id='word_1_574' title='bbox 2109 4460 2762 4579; x_wconf 82' lang='lat' dir='ltr'><strong>SECUNDUS.</strong></span> 
     </span>
    </p>
   </div>
   <div class='ocr_carea' id='block_1_82' title="bbox 669 4786 3849 4872">
    <p class='ocr_par' dir='ltr' id='par_1_82' title="bbox 669 4786 3849 4872">
     <span class='ocr_line' id='line_1_83' title="bbox 669 4786 3849 4872; baseline -0.008 -5"><span class='ocrx_word' id='word_1_575' title='bbox 669 4811 711 4868; x_wconf 91' lang='lat' dir='ltr'><strong>I.</strong></span> <span class='ocrx_word' id='word_1_576' title='bbox 744 4808 879 4866; x_wconf 89' lang='lat' dir='ltr'><strong>Cum</strong></span> <span class='ocrx_word' id='word_1_577' title='bbox 913 4812 1095 4861; x_wconf 83' lang='lat' dir='ltr'><strong>autem</strong></span> <span class='ocrx_word' id='word_1_578' title='bbox 1128 4801 1270 4866; x_wconf 87' lang='lat' dir='ltr'><strong>dies,</strong></span> <span class='ocrx_word' id='word_1_579' title='bbox 1327 4813 1449 4872; x_wconf 57' lang='lat' dir='ltr'><strong>quae</strong></span> <span class='ocrx_word' id='word_1_580' title='bbox 1473 4795 1542 4851; x_wconf 87' lang='lat' dir='ltr'><strong>ad</strong></span> <span class='ocrx_word' id='word_1_581' title='bbox 1593 4791 2011 4864; x_wconf 87' lang='lat' dir='ltr'><strong>disceptandum</strong></span> <span class='ocrx_word' id='word_1_582' title='bbox 2041 4806 2168 4847; x_wconf 91' lang='lat' dir='ltr'><strong>cum</strong></span> <span class='ocrx_word' id='word_1_583' title='bbox 2202 4796 2246 4852; x_wconf 88' lang='lat' dir='ltr'><strong>D</strong></span> <span class='ocrx_word' id='word_1_584' title='bbox 2276 4789 2554 4847; x_wconf 85' lang='lat' dir='ltr'><strong>Eliesdros</strong></span> <span class='ocrx_word' id='word_1_585' title='bbox 2583 4796 2637 4845; x_wconf 90' lang='lat' dir='ltr'><strong>et</strong></span> <span class='ocrx_word' id='word_1_586' title='bbox 2663 4788 2924 4854; x_wconf 88' lang='lat' dir='ltr'><strong>Phinecs,</strong></span> <span class='ocrx_word' id='word_1_587' title='bbox 2957 4786 3196 4843; x_wconf 80' lang='lat' dir='ltr'><strong>Lazarus</strong></span> <span class='ocrx_word' id='word_1_588' title='bbox 3227 4795 3279 4843; x_wconf 89' lang='lat' dir='ltr'><strong>et</strong></span> <span class='ocrx_word' id='word_1_589' title='bbox 3307 4786 3558 4855; x_wconf 85' lang='lat' dir='ltr'><strong>Eliseus;</strong></span> <span class='ocrx_word' id='word_1_590' title='bbox 3591 4794 3716 4857; x_wconf 83' lang='lat' dir='ltr'><strong>post</strong></span> <span class='ocrx_word' id='word_1_591' title='bbox 3751 4786 3849 4843; x_wconf 80' lang='lat' dir='ltr'><strong>hos</strong></span> 
     </span>
    </p>
   </div>
   <div class='ocr_carea' id='block_1_83' title="bbox 597 4883 2171 4962">
    <p class='ocr_par' dir='ltr' id='par_1_83' title="bbox 597 4883 2171 4962">
     <span class='ocr_line' id='line_1_84' title="bbox 597 4883 2171 4962; baseline -0.014 -1"><span class='ocrx_word' id='word_1_592' title='bbox 597 4903 820 4962; x_wconf 78' lang='lat' dir='ltr'><strong>Simone</strong></span> <span class='ocrx_word' id='word_1_593' title='bbox 841 4904 1049 4955; x_wconf 89' lang='lat' dir='ltr'><strong>statuta</strong></span> <span class='ocrx_word' id='word_1_594' title='bbox 1077 4895 1273 4956; x_wconf 89' lang='lat' dir='ltr'><strong>fuerat,</strong></span> <span class='ocrx_word' id='word_1_595' title='bbox 1301 4890 1646 4945; x_wconf 88' lang='lat' dir='ltr'><strong>illucesccret</strong></span> <span class='ocrx_word' id='word_1_596' title='bbox 1672 4926 1687 4952; x_wconf 95' lang='lat'><strong>,</strong></span> <span class='ocrx_word' id='word_1_597' title='bbox 1734 4885 1932 4941; x_wconf 86' lang='lat' dir='ltr'><strong>Petrus</strong></span> <span class='ocrx_word' id='word_1_598' title='bbox 1976 4883 2171 4954; x_wconf 87' lang='lat' dir='ltr'><strong>primis</strong></span> 
     </span>
    </p>
   </div>
   <div class='ocr_carea' id='block_1_84' title="bbox 595 4976 2169 5069">
    <p class='ocr_par' dir='ltr' id='par_1_84' title="bbox 595 4976 2169 5069">
     <span class='ocr_line' id='line_1_85' title="bbox 595 4976 2169 5069; baseline -0.013 -20"><span class='ocrx_word' id='word_1_599' title='bbox 595 4995 861 5069; x_wconf 81' lang='lat' dir='ltr'><strong>gallorum</strong></span> <span class='ocrx_word' id='word_1_600' title='bbox 915 4987 1175 5043; x_wconf 89' lang='lat' dir='ltr'><strong>cantibus</strong></span> <span class='ocrx_word' id='word_1_601' title='bbox 1232 4977 1778 5056; x_wconf 81' lang='lat' dir='ltr'><strong>surgensexcitavit</strong></span> <span class='ocrx_word' id='word_1_602' title='bbox 1830 4976 1993 5032; x_wconf 90' lang='lat' dir='ltr'><strong>etiam</strong></span> <span class='ocrx_word' id='word_1_603' title='bbox 2037 4990 2169 5041; x_wconf 87' lang='lat' dir='ltr'><strong>nos;</strong></span> 
     </span>
    </p>
   </div>
   <div class='ocr_carea' id='block_1_85' title="bbox 593 5066 2170 5146">
    <p class='ocr_par' dir='ltr' id='par_1_85' title="bbox 593 5066 2170 5146">
     <span class='ocr_line' id='line_1_86' title="bbox 593 5066 2170 5146; baseline -0.015 -3"><span class='ocrx_word' id='word_1_604' title='bbox 593 5066 813 5146; x_wconf 77' lang='lat' dir='ltr'><strong>eramus</strong></span> <span class='ocrx_word' id='word_1_605' title='bbox 846 5081 992 5139; x_wconf 82' lang='lat' dir='ltr'><strong>enim</strong></span> <span class='ocrx_word' id='word_1_606' title='bbox 1016 5081 1070 5133; x_wconf 90' lang='lat' dir='ltr'><strong>in</strong></span> <span class='ocrx_word' id='word_1_607' title='bbox 1101 5077 1290 5134; x_wconf 89' lang='lat' dir='ltr'><strong>eodem</strong></span> <span class='ocrx_word' id='word_1_608' title='bbox 1346 5072 1595 5128; x_wconf 89' lang='lat' dir='ltr'><strong>conclavi</strong></span> <span class='ocrx_word' id='word_1_609' title='bbox 1653 5068 1963 5124; x_wconf 87' lang='lat' dir='ltr'><strong>cubitantes</strong></span> <span class='ocrx_word' id='word_1_610' title='bbox 2004 5066 2170 5120; x_wconf 89' lang='lat' dir='ltr'><strong>simul</strong></span> 
     </span>
    </p>
   </div>
   <div class='ocr_carea' id='block_1_86' title="bbox 593 5157 2170 5238">
    <p class='ocr_par' dir='ltr' id='par_1_86' title="bbox 593 5157 2170 5238">
     <span class='ocr_line' id='line_1_87' title="bbox 593 5157 2170 5238; baseline -0.016 -2"><span class='ocrx_word' id='word_1_611' title='bbox 593 5193 788 5236; x_wconf 89' lang='lat' dir='ltr'><strong>omnes</strong></span> <span class='ocrx_word' id='word_1_612' title='bbox 837 5172 1119 5234; x_wconf 80' lang='lat' dir='ltr'><strong>tredecim,</strong></span> <span class='ocrx_word' id='word_1_613' title='bbox 1176 5171 1232 5225; x_wconf 90' lang='lat' dir='ltr'><strong>in</strong></span> <span class='ocrx_word' id='word_1_614' title='bbox 1279 5167 1480 5238; x_wconf 85' lang='lat' dir='ltr'><strong>quibus</strong></span> <span class='ocrx_word' id='word_1_615' title='bbox 1521 5165 1732 5235; x_wconf 89' lang='lat' dir='ltr'><strong>primus</strong></span> <span class='ocrx_word' id='word_1_616' title='bbox 1779 5167 1903 5232; x_wconf 84' lang='lat' dir='ltr'><strong>post</strong></span> <span class='ocrx_word' id='word_1_617' title='bbox 1943 5157 2170 5214; x_wconf 80' lang='lat' dir='ltr'><strong>Petrum</strong></span> 
     </span>
    </p>
   </div>
   <div class='ocr_carea' id='block_1_87' title="bbox 593 5252 2169 5336">
    <p class='ocr_par' dir='ltr' id='par_1_87' title="bbox 593 5252 2169 5336">
     <span class='ocr_line' id='line_1_88' title="bbox 593 5252 2169 5336; baseline -0.015 -8"><span class='ocrx_word' id='word_1_618' title='bbox 593 5271 911 5336; x_wconf 75' lang='lat' dir='ltr'><strong>Zaccbaeus,</strong></span> <span class='ocrx_word' id='word_1_619' title='bbox 934 5265 1129 5324; x_wconf 91' lang='lat' dir='ltr'><strong>deinde</strong></span> <span class='ocrx_word' id='word_1_620' title='bbox 1152 5262 1484 5336; x_wconf 81' lang='lat' dir='ltr'><strong>Sophonias,</strong></span> <span class='ocrx_word' id='word_1_621' title='bbox 1506 5257 1802 5328; x_wconf 86' lang='lat' dir='ltr'><strong>Iosephus,</strong></span> <span class='ocrx_word' id='word_1_622' title='bbox 1824 5262 1877 5311; x_wconf 92' lang='lat' dir='ltr'><strong>et</strong></span> <span class='ocrx_word' id='word_1_623' title='bbox 1895 5252 2169 5316; x_wconf 62' lang='lat' dir='ltr'><strong>Michazas,</strong></span> 
     </span>
    </p>
   </div>
   <div class='ocr_carea' id='block_1_88' title="bbox 2280 4878 3845 4955">
    <p class='ocr_par' dir='ltr' id='par_1_88' title="bbox 2280 4878 3845 4955">
     <span class='ocr_line' id='line_1_89' title="bbox 2280 4878 3845 4955; baseline -0.004 -16"><span class='ocrx_word' id='word_1_624' title='bbox 2280 4899 2382 4955; x_wconf 86' lang='lat' dir='ltr'><strong>ego</strong></span> <span class='ocrx_word' id='word_1_625' title='bbox 2402 4883 2655 4938; x_wconf 88' lang='lat' dir='ltr'><strong>Clemens</strong></span> <span class='ocrx_word' id='word_1_626' title='bbox 2679 4889 2731 4936; x_wconf 90' lang='lat' dir='ltr'><strong>et</strong></span> <span class='ocrx_word' id='word_1_627' title='bbox 2756 4881 3104 4943; x_wconf 79' lang='lat' dir='ltr'><strong>Nicodemus,</strong></span> <span class='ocrx_word' id='word_1_628' title='bbox 3128 4878 3323 4935; x_wconf 91' lang='lat' dir='ltr'><strong>deinde</strong></span> <span class='ocrx_word' id='word_1_629' title='bbox 3342 4879 3530 4935; x_wconf 84' lang='lat' dir='ltr'><strong>Niceta</strong></span> <span class='ocrx_word' id='word_1_630' title='bbox 3554 4887 3608 4934; x_wconf 83' lang='lat' dir='ltr'><strong>et</strong></span> <span class='ocrx_word' id='word_1_631' title='bbox 3634 4880 3845 4950; x_wconf 80' lang='lat' dir='ltr'><strong>Aquila.</strong></span> 
     </span>
    </p>
   </div>
   <div class='ocr_carea' id='block_1_89' title="bbox 2278 4969 3848 5043">
    <p class='ocr_par' dir='ltr' id='par_1_89' title="bbox 2278 4969 3848 5043">
     <span class='ocr_line' id='line_1_90' title="bbox 2278 4969 3848 5043; baseline -0.001 -18"><span class='ocrx_word' id='word_1_632' title='bbox 2278 4973 2372 5043; x_wconf 89' lang='lat' dir='ltr'><strong>qui</strong></span> <span class='ocrx_word' id='word_1_633' title='bbox 2403 4972 2619 5025; x_wconf 87' lang='lat' dir='ltr'><strong>fuerant</strong></span> <span class='ocrx_word' id='word_1_634' title='bbox 2671 4971 2825 5040; x_wconf 87' lang='lat' dir='ltr'><strong>prius</strong></span> <span class='ocrx_word' id='word_1_635' title='bbox 2856 4969 3114 5040; x_wconf 89' lang='lat' dir='ltr'><strong>discipuli</strong></span> <span class='ocrx_word' id='word_1_636' title='bbox 3175 4969 3456 5032; x_wconf 88' lang='lat' dir='ltr'><strong>Simonis,</strong></span> <span class='ocrx_word' id='word_1_637' title='bbox 3511 4979 3566 5025; x_wconf 89' lang='lat' dir='ltr'><strong>et</strong></span> <span class='ocrx_word' id='word_1_638' title='bbox 3621 4970 3848 5024; x_wconf 85' lang='lat' dir='ltr'><strong>docente</strong></span> 
     </span>
    </p>
   </div>
   <div class='ocr_carea' id='block_1_90' title="bbox 2279 5061 3847 5121">
    <p class='ocr_par' dir='ltr' id='par_1_90' title="bbox 2279 5061 3847 5121">
     <span class='ocr_line' id='line_1_91' title="bbox 2279 5061 3847 5121; baseline -0.004 0"><span class='ocrx_word' id='word_1_639' title='bbox 2279 5065 2542 5121; x_wconf 67' lang='lat' dir='ltr'><strong>Zaccharo</strong></span> <span class='ocrx_word' id='word_1_640' title='bbox 2568 5063 2817 5118; x_wconf 88' lang='lat' dir='ltr'><strong>conversi</strong></span> <span class='ocrx_word' id='word_1_641' title='bbox 2848 5070 2976 5120; x_wconf 87' lang='lat' dir='ltr'><strong>sunt</strong></span> <span class='ocrx_word' id='word_1_642' title='bbox 3008 5063 3073 5118; x_wconf 90' lang='lat' dir='ltr'><strong>ad</strong></span> <span class='ocrx_word' id='word_1_643' title='bbox 3106 5062 3265 5118; x_wconf 90' lang='lat' dir='ltr'><strong>fidem</strong></span> <span class='ocrx_word' id='word_1_644' title='bbox 3289 5062 3514 5118; x_wconf 85' lang='lat' dir='ltr'><strong>Christi.</strong></span> <span class='ocrx_word' id='word_1_645' title='bbox 3562 5061 3847 5119; x_wconf 76' lang='lat' dir='ltr'><strong>Mulierum</strong></span> 
     </span>
    </p>
   </div>
   <div class='ocr_carea' id='block_1_91' title="bbox 2280 5151 3846 5224">
    <p class='ocr_par' dir='ltr' id='par_1_91' title="bbox 2280 5151 3846 5224">
     <span class='ocr_line' id='line_1_92' title="bbox 2280 5151 3846 5224; baseline -0.007 -13"><span class='ocrx_word' id='word_1_646' title='bbox 2280 5171 2414 5212; x_wconf 86' lang='lat' dir='ltr'><strong>sane</strong></span> <span class='ocrx_word' id='word_1_647' title='bbox 2441 5155 2590 5208; x_wconf 90' lang='lat' dir='ltr'><strong>nulla</strong></span> <span class='ocrx_word' id='word_1_648' title='bbox 2623 5167 2850 5224; x_wconf 88' lang='lat' dir='ltr'><strong>prorsus</strong></span> <span class='ocrx_word' id='word_1_649' title='bbox 2883 5153 3091 5208; x_wconf 88' lang='lat' dir='ltr'><strong>aderat.</strong></span> <span class='ocrx_word' id='word_1_650' title='bbox 3125 5151 3372 5223; x_wconf 89' lang='lat' dir='ltr'><strong>Cumque</strong></span> <span class='ocrx_word' id='word_1_651' title='bbox 3402 5151 3580 5205; x_wconf 88' lang='lat' dir='ltr'><strong>adhuc</strong></span> <span class='ocrx_word' id='word_1_652' title='bbox 3626 5163 3846 5220; x_wconf 85' lang='lat' dir='ltr'><strong>vesper-</strong></span> 
     </span>
    </p>
   </div>
   <div class='ocr_carea' id='block_1_92' title="bbox 2279 5242 3849 5317">
    <p class='ocr_par' dir='ltr' id='par_1_92' title="bbox 2279 5242 3849 5317">
     <span class='ocr_line' id='line_1_93' title="bbox 2279 5242 3849 5317; baseline -0.005 -15"><span class='ocrx_word' id='word_1_653' title='bbox 2279 5248 2455 5302; x_wconf 91' lang='lat' dir='ltr'><strong>tinum</strong></span> <span class='ocrx_word' id='word_1_654' title='bbox 2503 5248 2686 5303; x_wconf 87' lang='lat' dir='ltr'><strong>lumen</strong></span> <span class='ocrx_word' id='word_1_655' title='bbox 2732 5245 2956 5300; x_wconf 89' lang='lat' dir='ltr'><strong>duraret</strong></span> <span class='ocrx_word' id='word_1_656' title='bbox 2987 5245 3122 5317; x_wconf 85' lang='lat'><strong>(59),</strong></span> <span class='ocrx_word' id='word_1_657' title='bbox 3157 5259 3349 5299; x_wconf 76' lang='lat' dir='ltr'><strong>omnes</strong></span> <span class='ocrx_word' id='word_1_658' title='bbox 3403 5242 3748 5307; x_wconf 82' lang='lat' dir='ltr'><strong>resedimus,</strong></span> <span class='ocrx_word' id='word_1_659' title='bbox 3795 5251 3849 5296; x_wconf 89' lang='lat' dir='ltr'><strong>et</strong></span> 
     </span>
    </p>
   </div>
   <div class='ocr_carea' id='block_1_93' title="bbox 1877 5388 2518 5452">
    <p class='ocr_par' dir='ltr' id='par_1_93' title="bbox 1877 5388 2518 5452">
     <span class='ocr_line' id='line_1_94' title="bbox 1877 5388 2518 5452; baseline -0.011 -1"><span class='ocrx_word' id='word_1_660' title='bbox 1877 5391 2244 5452; x_wconf 82' lang='lat' dir='ltr'><strong>COTELERII</strong></span> <span class='ocrx_word' id='word_1_661' title='bbox 2283 5388 2518 5446; x_wconf 64' lang='lat' dir='ltr'><strong>NOTAE.</strong></span> 
     </span>
    </p>
   </div>
   <div class='ocr_carea' id='block_1_94' title="bbox 664 5533 2165 5622">
    <p class='ocr_par' dir='ltr' id='par_1_94' title="bbox 664 5533 2165 5622">
     <span class='ocr_line' id='line_1_95' title="bbox 664 5533 2165 5622; baseline -0.013 -15"><span class='ocrx_word' id='word_1_662' title='bbox 664 5551 776 5622; x_wconf 81' lang='lat'><strong>(59)</strong></span> <span class='ocrx_word' id='word_1_663' title='bbox 809 5547 1047 5619; x_wconf 68' lang='lat' dir='ltr'><strong>Cumque</strong></span> <span class='ocrx_word' id='word_1_664' title='bbox 1070 5616 1080 5622; x_wconf 36' lang='lat'><em>.</em></span> <span class='ocrx_word' id='word_1_665' title='bbox 1103 5546 1273 5600; x_wconf 82' lang='lat' dir='ltr'><strong>adhuc</strong></span> <span class='ocrx_word' id='word_1_666' title='bbox 1300 5541 1654 5622; x_wconf 45' lang='lat' dir='ltr'><strong>uespertinum</strong></span> <span class='ocrx_word' id='word_1_667' title='bbox 1708 5537 1884 5622; x_wconf 67' lang='lat' dir='ltr'><strong>lumen</strong></span> <span class='ocrx_word' id='word_1_668' title='bbox 1914 5533 2165 5622; x_wconf 54' lang='lat' dir='ltr'><strong>duraret.</strong></span> 
     </span>
    </p>
   </div>
   <div class='ocr_carea' id='block_1_95' title="bbox 595 5604 2164 5676">
    <p class='ocr_par' dir='ltr' id='par_1_95' title="bbox 595 5604 2164 5676">
     <span class='ocr_line' id='line_1_96' title="bbox 595 5604 2164 5676; baseline -0.011 0"><span class='ocrx_word' id='word_1_669' title='bbox 595 5604 1002 5676; x_wconf 38' lang='lat' dir='ltr'><strong>Ms‘ICIanIleler.</strong></span> <span class='ocrx_word' id='word_1_670' title='bbox 1032 5616 1272 5671; x_wconf 80' lang='lat' dir='ltr'><strong>clareret.</strong></span> <span class='ocrx_word' id='word_1_671' title='bbox 1300 5613 1371 5669; x_wconf 90' lang='lat' dir='ltr'><strong>Ut</strong></span> <span class='ocrx_word' id='word_1_672' title='bbox 1393 5604 1843 5666; x_wconf 42' lang='lat' dir='ltr'><strong>&#39;Clementinorum</strong></span> <span class='ocrx_word' id='word_1_673' title='bbox 1870 5604 2056 5658; x_wconf 90' lang='lat' dir='ltr'><strong>homil.</strong></span> <span class='ocrx_word' id='word_1_674' title='bbox 2084 5618 2164 5676; x_wconf 87' lang='lat' dir='ltr'><strong>I_n.</strong></span> 
     </span>
    </p>
   </div>
   <div class='ocr_carea' id='block_1_96' title="bbox 596 5671 2164 5762">
    <p class='ocr_par' dir='ltr' id='par_1_96' title="bbox 596 5671 2164 5762">
     <span class='ocr_line' id='line_1_97' title="bbox 596 5671 2164 5762; baseline -0.015 -14"><span class='ocrx_word' id='word_1_675' title='bbox 596 5671 1067 5762; x_wconf 32' lang='lat' dir='ltr'><strong>uiri-figam</strong></span> <span class='ocrx_word' id='word_1_676' title='bbox 1102 5688 1192 5760; x_wconf 62' lang='grc' dir='ltr'><strong>τὸν</strong></span> <span class='ocrx_word' id='word_1_677' title='bbox 1246 5686 1344 5756; x_wconf 72' lang='grc' dir='ltr'><strong>μὲν</strong></span> <span class='ocrx_word' id='word_1_678' title='bbox 1382 5678 1706 5762; x_wconf 37' lang='grc' dir='ltr'><strong>,λύχνον-’ἐτι</strong></span> <span class='ocrx_word' id='word_1_679' title='bbox 1746 5677 2029 5762; x_wconf 34' lang='lat' dir='ltr'><strong>tempera}:</strong></span> <span class='ocrx_word' id='word_1_680' title='bbox 2069 5671 2164 5762; x_wconf 60' lang='lat' dir='ltr'><strong>Pe</strong></span> 
     </span>
    </p>
   </div>
   <div class='ocr_carea' id='block_1_97' title="bbox 596 5743 2160 5826">
    <p class='ocr_par' dir='ltr' id='par_1_97' title="bbox 596 5743 2160 5826">
     <span class='ocr_line' id='line_1_98' title="bbox 596 5743 2160 5826; baseline -0.02 1"><span class='ocrx_word' id='word_1_681' title='bbox 596 5743 747 5826; x_wconf 61' lang='lat' dir='ltr'><strong>iioie</strong></span> <span class='ocrx_word' id='word_1_682' title='bbox 768 5743 1054 5821; x_wconf 66' lang='lat' dir='ltr'><strong>lucei&#39;nam</strong></span> <span class='ocrx_word' id='word_1_683' title='bbox 1100 5757 1208 5814; x_wconf 85' lang='lat' dir='ltr'><strong>non</strong></span> <span class='ocrx_word' id='word_1_684' title='bbox 1247 5743 1657 5825; x_wconf 58' lang='lat' dir='ltr'><strong>exstinguendi,</strong></span> <span class='ocrx_word' id='word_1_685' title='bbox 1693 5747 1790 5804; x_wconf 87' lang='lat' dir='ltr'><strong>sed</strong></span> <span class='ocrx_word' id='word_1_686' title='bbox 1819 5744 2036 5803; x_wconf 86' lang='lat' dir='ltr'><strong>sinendi</strong></span> <span class='ocrx_word' id='word_1_687' title='bbox 2063 5743 2160 5797; x_wconf 89' lang='lat' dir='ltr'><strong>do-</strong></span> 
     </span>
    </p>
   </div>
   <div class='ocr_carea' id='block_1_98' title="bbox 2281 5516 3851 5588">
    <p class='ocr_par' dir='ltr' id='par_1_98' title="bbox 2281 5516 3851 5588">
     <span class='ocr_line' id='line_1_99' title="bbox 2281 5516 3851 5588; baseline -0.003 -5"><span class='ocrx_word' id='word_1_688' title='bbox 2281 5545 2381 5585; x_wconf 90' lang='lat' dir='ltr'><strong>nec</strong></span> <span class='ocrx_word' id='word_1_689' title='bbox 2412 5529 2557 5583; x_wconf 93' lang='lat' dir='ltr'><strong>ultro</strong></span> <span class='ocrx_word' id='word_1_690' title='bbox 2597 5532 3037 5588; x_wconf 84' lang='lat' dir='ltr'><strong>consumeretur,</strong></span> <span class='ocrx_word' id='word_1_691' title='bbox 3089 5516 3747 5588; x_wconf 14' lang='lat' dir='ltr'><strong>videndusﬂPlutarchus</strong></span> <span class='ocrx_word' id='word_1_692' title='bbox 3791 5521 3851 5578; x_wconf 77' lang='lat' dir='ltr'><strong>in</strong></span> 
     </span>
    </p>
   </div>
   <div class='ocr_carea' id='block_1_99' title="bbox 2279 5586 3844 5664">
    <p class='ocr_par' dir='ltr' id='par_1_99' title="bbox 2279 5586 3844 5664">
     <span class='ocr_line' id='line_1_100' title="bbox 2279 5586 3844 5664; baseline -0.013 -10"><span class='ocrx_word' id='word_1_693' title='bbox 2279 5597 2671 5664; x_wconf 74' lang='lat' dir='ltr'><strong>Quwsttonibus</strong></span> <span class='ocrx_word' id='word_1_694' title='bbox 2718 5586 3054 5664; x_wconf 82' lang='lat' dir='ltr'><strong>Romanis</strong></span> <span class='ocrx_word' id='word_1_695' title='bbox 3102 5588 3320 5664; x_wconf 34' lang='lat' dir='ltr'><strong>28L}.</strong></span> <span class='ocrx_word' id='word_1_696' title='bbox 3356 5587 3650 5641; x_wconf 78' lang='lat' dir='ltr'><strong>Monachus</strong></span> <span class='ocrx_word' id='word_1_697' title='bbox 3681 5586 3844 5664; x_wconf 57' lang='lat' dir='ltr'><strong>etiam</strong></span> 
     </span>
    </p>
   </div>
   <div class='ocr_carea' id='block_1_100' title="bbox 2278 5650 3851 5728">
    <p class='ocr_par' dir='ltr' id='par_1_100' title="bbox 2278 5650 3851 5728">
     <span class='ocr_line' id='line_1_101' title="bbox 2278 5650 3851 5728; baseline -0.015 -3"><span class='ocrx_word' id='word_1_698' title='bbox 2278 5650 2471 5725; x_wconf 55' lang='lat' dir='ltr'><strong>solitos</strong></span> <span class='ocrx_word' id='word_1_699' title='bbox 2498 5667 2564 5722; x_wconf 89' lang='lat' dir='ltr'><strong>ad</strong></span> <span class='ocrx_word' id='word_1_700' title='bbox 2603 5667 2781 5722; x_wconf 77' lang='lat' dir='ltr'><strong>lumen</strong></span> <span class='ocrx_word' id='word_1_701' title='bbox 2812 5650 3082 5728; x_wconf 74' lang='lat' dir='ltr'><strong>dormire,</strong></span> <span class='ocrx_word' id='word_1_702' title='bbox 3111 5650 3381 5717; x_wconf 76' lang='lat' dir='ltr'><strong>discimus</strong></span> <span class='ocrx_word' id='word_1_703' title='bbox 3413 5673 3481 5714; x_wconf 77' lang='lat' dir='ltr'><strong>ex</strong></span> <span class='ocrx_word' id='word_1_704' title='bbox 3521 5669 3710 5712; x_wconf 84' lang='lat' dir='ltr'><strong>eorum</strong></span> <span class='ocrx_word' id='word_1_705' title='bbox 3755 5650 3851 5704; x_wconf 67' lang='lat' dir='ltr'><strong>ke-</strong></span> 
     </span>
    </p>
   </div>
   <div class='ocr_carea' id='block_1_101' title="bbox 2281 5741 2445 5815">
    <p class='ocr_par' dir='ltr' id='par_1_101' title="bbox 2281 5741 2445 5815">
     <span class='ocr_line' id='line_1_102' title="bbox 2281 5741 2445 5815; baseline 0.012 -20"><span class='ocrx_word' id='word_1_706' title='bbox 2281 5741 2445 5815; x_wconf 76' lang='lat' dir='ltr'><strong>gulis.</strong></span> 
     </span>
    </p>
   </div>
   <div class='ocr_carea' id='block_1_102' title="bbox 3715 339 3930 395">
    <p class='ocr_par' dir='ltr' id='par_1_102' title="bbox 3715 339 3930 395">
     <span class='ocr_line' id='line_1_103' title="bbox 3715 339 3930 395; baseline -0.009 -1"><span class='ocrx_word' id='word_1_707' title='bbox 3715 339 3864 395; x_wconf 65' lang='lat'><strong>1348</strong></span> <span class='ocrx_word' id='word_1_708' title='bbox 3923 371 3930 380; x_wconf 65' lang='grc' dir='ltr'><strong>ε</strong></span> 
     </span>
    </p>
   </div>
  </div>
