4050 6336
169 396 326 455 1249

1385 389 1954 450 RECOGNITIONUM
1990 389 2122 449 LIB.
2157 389 2225 448 11.

3298 385 3440 446 ιςεο

168 510 384 569 Petrus
414 509 610 568 videns
629 507 856 581 vigilare
878 522 980 565 nos
1003 521 1066 563 ac
1109 505 1218 564 sibi
1262 505 1572 572 intendere,
1605 505 1758 562 salu.-
1785 508 1832 567 Α
1857 520 2112 571 noscere,
2159 504 2326 576 quis,
2379 502 2632 576 qualisve
2681 503 2755 560 sit
2777 500 2828 560 is
2869 503 2964 560 cui
3007 503 3441 562 immortalitatis

172 602 317 658 satis
346 601 505 658 nobis
536 600 799 657 continuo
827 597 922 655 dat
943 597 1218 653 sermonis
1237 596 1548 654 exordium.
1576 594 1764 652 lirari

167 707 269 749 me
284 691 541 764 equidem
574 691 771 756 fateor,
801 691 1006 746 fratres
1030 729 1046 755 ,
1092 689 1347 745 humana:
1394 696 1608 744 natura:
1631 688 1762 752 vim,

171 799 354 856 quam
386 784 454 839 ad
483 783 666 838 omnia
697 790 878 853 aptam
909 780 1254 851 habilemque
1276 796 1398 838 esse
1424 781 1604 838 video.
1650 778 1766 836 Hoc

174 883 372 932 autem
410 875 593 931 dicere
622 875 675 929 in
700 873 1021 929 memoriam
1046 873 1196 928 venit
1221 889 1289 929 ex
1320 872 1408 930 his
1435 887 1557 945 qua:
1599 871 1768 931 rebus

175 969 326 1040 ipsis
355 974 616 1039 expertus
639 981 781 1022 sum.
817 963 884 1022 Ut
906 965 1052 1023 enim
1083 965 1365 1022 transierit
1396 965 1635 1021 medium
1663 980 1767 1021 no-

180 1062 320 1125 etis,
337 1075 439 1132 ego
458 1067 653 1132 sponte
666 1059 780 1130 jam
797 1058 1038 1114 suscitor
1058 1065 1113 1114 et
1139 1058 1279 1113 ultra
1304 1073 1532 1116 somnus
1559 1071 1767 1130 nequa-

178 1167 357 1223 quam
387 1151 538 1206 venit
569 1150 635 1205 ad
663 1165 784 1217 me;
815 1149 960 1220 quod
992 1149 1125 1205 mihi
1173 1150 1375 1205 accidit
1402 1165 1469 1206 ex
1499 1165 1586 1214 eo.
1637 1149 1767 1220 quia

181 1256 247 1297 sn
275 1240 676 1296 consuetudine
708 1240 874 1296 habui
923 1242 1092 1296 verba
1125 1240 1340 1298 Domini
1385 1242 1512 1307 mei,
1546 1256 1669 1313 quae
1698 1239 1768 1295 ab

181 1339 315 1409 ipso
344 1337 647 1404 audieram,
669 1353 929 1393 revocare
957 1337 1025 1392 ad
1046 1340 1388 1404 memoriam,
1411 1345 1464 1394 et
1488 1353 1588 1408 pro
1616 1338 1768 1408 ipso-

178 1445 316 1483 rum
345 1429 621 1485 desiderio
652 1429 910 1484 suscitari
943 1430 1146 1486 animis
1176 1431 1312 1486 meis
1335 1437 1387 1485 et
1419 1429 1766 1502 cogitationi.

177 1520 293 1576 bus
320 1519 606 1589 imperavi,
632 1528 690 1574 ut
720 1521 987 1591 evigilans
1018 1520 1085 1574 ad
1117 1535 1181 1575 ea
1208 1529 1263 1575 et
1295 1521 1509 1592 singula
1540 1536 1768 1590 qua-que

174 1613 439 1668 recolens
467 1627 531 1666 ac
562 1620 816 1668 retexens
838 1611 1043 1682 possim
1071 1613 1386 1669 memoriter
1402 1613 1659 1668 retinere.
1692 1612 1770 1668 Ex

178 1703 296 1758 hoc
323 1718 452 1773 ergo
476 1743 490 1766 ,
525 1704 653 1758 dum
681 1706 830 1760 omni
860 1722 984 1760 cum
1017 1705 1312 1760 dulcedine
1350 1720 1634 1761 sermones
1664 1705 1770 1759 Do-

176 1794 326 1850 mini
356 1811 578 1850 versare
629 1796 682 1850 in
737 1812 858 1852 meo
895 1797 1064 1852 corde
1093 1797 1379 1863 desidero,
1422 1797 1769 1852 consuetudo

179 1886 429 1940 obtinuit
459 1888 742 1957 vigilandi,
776 1889 940 1944 etiam
981 1889 1028 1944 si
1060 1889 1198 1943 nihil
1227 1889 1299 1943 sit
1327 1889 1474 1959 quod
1523 1890 1768 1960 cogitare

177 1978 374 2033 velim.
407 1977 486 2032 lta
523 1995 652 2050 ergo
706 1981 964 2036 inetl‘abili
1013 1980 1250 2050 quadam
1295 1984 1534 2047 ratione,
1595 1984 1771 2037 intro-

179 2071 356 2126 ducta
381 2073 484 2125 alia
512 2072 934 2138 consuetudine,
955 2083 1113 2129 vetus
1137 2075 1480 2130 consuetudo
1502 2085 1769 2138 mutatur,

181 2172 244 2219 et
274 2163 328 2218 id
358 2179 550 2219 revera
584 2165 630 2218 si
662 2181 772 2220 non
806 2180 971 2235 supra
999 2166 1216 2220 modum
1251 2181 1436 2237 cogas,
1470 2165 1564 2219 sed
1598 2181 1773 2232 quan-

184 2263 309 2307 tum
349 2256 540 2326 recipit
577 2272 831 2311 mensura
867 2267 1096 2312 naturae.
1136 2256 1326 2327 Neque
1372 2256 1518 2312 enim
1552 2258 1772 2326 penitus

185 2362 387 2400 somno
419 2363 606 2402 carere
635 2349 895 2417 possibile
925 2357 1040 2415 est,
1081 2349 1288 2418 alioqui
1341 2364 1444 2403 nec
1474 2347 1618 2401 facta
1667 2363 1773 2403 nox

185 2437 391 2494 fuisset
424 2438 489 2492 ad
524 2439 786 2509 quietem.

263 2529 328 2587 ll.
364 2532 429 2586 Et
454 2549 553 2603 ego
586 2550 710 2587 cum
753 2534 1061 2590 audissem:
1097 2535 1335 2605 Optime,
1389 2537 1638 2606 inquam,
1691 2534 1773 2590 di-

188 2622 349 2686 xisti,
384 2621 567 2688 Petre,
590 2626 714 2694 quia
740 2625 1080 2680 consuetudo
1097 2625 1498 2681 consuetudine
1529 2641 1776 2680 cominu-

188 2724 366 2770 tatur.
401 2714 535 2769 Nam
577 2726 631 2771 ct
662 2732 760 2787 ego
788 2733 910 2771 cum
934 2717 1246 2786 navigarem
1281 2717 1456 2786 primo
1512 2717 1774 2771 turbabar

186 2816 248 2861 et
281 2807 427 2861 intra
460 2807 546 2862 me
575 2809 708 2862 mihi
742 2810 923 2862 omnia
956 2810 1338 2872 vertebantur,
1376 2810 1452 2864 ita
1483 2819 1540 2862 ut
1571 2809 1775 2879 suggil-

192 2899 301 2954 lari
327 2901 543 2955 viderer
564 2917 664 2956 nec
691 2900 833 2956 ferre
861 2917 1077 2972 possem
1105 2902 1353 2956 brumam
1385 2902 1498 2973 (σο)
1525 2912 1578 2956 et
1608 2904 1776 2957 mole-

191 2993 361 3047 stiam
387 2993 577 3055 maris,
608 3001 732 3064 post
756 3010 962 3064 paucos
984 3003 1164 3049 autem
1186 2993 1304 3049 dies
1323 2993 1416 3048 ubi
1436 2994 1778 3049 consuetudo

194 3084 341 3138 facta
371 3092 478 3149 est,
507 3086 869 3141 tolerabiliter
901 3086 1040 3140 ferre
1071 3085 1235 3155 cmpi,
1258 3086 1333 3139 ita
1363 3091 1422 3139 ut
1457 3100 1615 3139 mane
1662 3094 1777 3140 sta-

191 3182 294 3235 tim
325 3196 430 3236 una
464 3196 588 3236 cum
620 3182 805 3236 nautis
842 3181 1024 3235 cibum
1055 3197 1271 3236 sumere
1298 3181 1620 3244 delectarer,
1649 3196 1773 3235 cum
1804 3209 1846 3267 ο

193 3274 350 3344 prius
403 3281 528 3329 ante
579 3274 766 3327 horam
800 3273 1084 3342 septimam
1122 3271 1374 3343 capiendi
1405 3272 1512 3326 cibi
1544 3286 1778 3327 consue-

196 3367 334 3422 tudo
372 3383 481 3421 non
513 3376 680 3423 esset.
712 3366 866 3421 Nunc
897 3383 1029 3438 ergo
1069 3383 1134 3421 ex
1160 3367 1264 3421 ista
1315 3367 1430 3420 sola
1477 3373 1778 3421 consuetu-

196 3458 348 3520 dine,
375 3460 522 3512 circa
555 3458 688 3512 illud
737 3467 952 3528 tempus
981 3475 1090 3529 quo
1119 3458 1406 3512 comedere
1436 3473 1560 3512 cum
1593 3457 1779 3512 nautis

198 3549 467 3613 solebam,
511 3549 726 3604 esuries
760 3550 1014 3603 admonet
1041 3565 1145 3612 me,
1179 3549 1326 3618 quod
1373 3558 1556 3604 tamen
1584 3565 1780 3606 rursus

200 3637 580 3708 depellendum
609 3653 793 3709 spero,
827 3655 951 3693 cum
983 3640 1086 3693 alia
1121 3639 1285 3694 fuerit
1314 3640 1656 3695 consuetudo
1686 3656 1782 3695 su-

201 3739 409 3800 scepta.
445 3727 623 3787 Credo
656 3747 787 3802 ergo
811 3733 976 3785 etiam
1015 3732 1114 3786 tibi
1135 3732 1444 3802 vigiliarum
1484 3739 1782 3786 consuetu-

201 3823 409 3888 dinem,
443 3831 501 3878 ut
545 3825 819 3894 perhibes,
851 3827 1193 3892 institutam;
1247 3833 1302 3880 et
1330 3833 1638 3897 opportune
1677 3825 1780 3882 hoc

203 3927 474 3982 exponere
507 3916 750 3980 voluisti,
781 3924 842 3970 ut
881 3923 936 3971 et
959 3932 1060 3972 nos
1092 3916 1495 3986 aliquantulum
1530 3917 1711 3972 somni
1749 3931 1780 3970 a

205 4005 366 4063 nobis
395 4006 632 4076 abjicere
658 4017 821 4078 atque
845 4008 1086 4080 eli'ugare
1118 4025 1228 4065 non
1259 4011 1465 4081 pigeat,
1501 4017 1560 4065 ut
1603 4011 1783 4081 possi-

206 4116 328 4156 mus
357 4102 620 4157 doctrinze
650 4103 884 4158 viventis
908 4103 1155 4158 instituta
1178 4104 1478 4174 suscipere.
1507 4102 1609 4159 Ubi
1635 4104 1780 4158 enim

206 4193 418 4249 decocti
443 4193 644 4249 fuerint
678 4194 786 4248 cibi
808 4202 862 4250 et
890 4210 1044 4250 mens
1080 4195 1354 4266 acceperit
1382 4201 1654 4250 nocturna
1703 4195 1782 4250 si-

207 4282 397 4345 lentia,
417 4283 883 4354 Opportunissime
910 4299 1031 4354 quae
1059 4284 1328 4338 docentur
1357 4283 1616 4339 insident.

278 4374 365 4429 lli.
401 4373 466 4428 Et
493 4374 686 4429 Petrus
717 4374 949 4429 libenter
979 4375 1277 4443 accipiens.
1325 4373 1472 4443 quod
1502 4374 1784 4429 intellexe-

209 4467 314 4520 ritu
343 4463 676 4536 praefationis
702 4464 822 4532 ejus
845 4479 1069 4519 causam
1107 4463 1174 4517 ad
1212 4463 1506 4518 utilitatem
1537 4471 1781 4517 nostram

1864 598 2031 654 verba
2059 595 2337 654 credenda
2367 597 2534 652 sunt?
2562 594 2800 656 Solliciti
2828 596 2977 653 enim
3017 603 3074 652 et
3104 596 3262 653 valde
3288 595 3443 654 solli-

1865 688 1963 743 citi
1993 703 2118 745 esse
2144 687 2430 753 debemus.
2457 703 2528 746 ne
2549 687 2879 761 margaritas
2905 694 3128 743 nostras
3157 687 3442 746 mittamus

1865 788 1993 836 ante
2025 796 2229 852 porcos
2249 779 2313 837 “.

1936 874 2026 933 IV.
2067 875 2175 932 Sed
2199 882 2256 932 et
2284 874 2422 931 alias
2443 873 2515 930 ob
2559 887 2757 930 causas
2797 873 2933 929 utile
2983 879 3089 938 est,
3122 873 3224 930 viri
3273 873 3441 945 hujus

1865 968 2072 1026 habere
2105 983 2189 1023 me
2219 966 2496 1024 notitiam.
2556 965 2614 1022 Si
2647 966 2792 1022 enim
2826 965 3021 1030 sciam,
3071 966 3202 1039 quia
3246 965 3300 1021 in
3330 966 3440 1032 his,

1865 1063 1934 1119 de
1952 1061 2153 1133 quibus
2176 1075 2283 1116 non
2306 1067 2484 1131 potest
2501 1059 2740 1114 dubitari
2762 1059 2908 1131 quod
2928 1059 3075 1116 bona
3102 1060 3232 1123 sint,
3255 1074 3444 1115 emen-

1866 1153 2030 1210 datus
2058 1159 2144 1209 est
2192 1161 2245 1208 et
2299 1151 2674 1222 inculpabilis,
2716 1150 2821 1207 hoc
2857 1158 2964 1216 est,
3023 1150 3072 1206 si
3107 1151 3362 1213 sobrius,
3394 1149 3444 1206 si

1867 1246 2210 1311 misericors,
2245 1245 2291 1302 si
2321 1244 2530 1316 justus,
2558 1244 2605 1299 si
2631 1244 2781 1300 mitis
2805 1251 2860 1300 et
2881 1244 3158 1298 humanus
3186 1253 3290 1306 est.
3322 1257 3446 1314 quae

1869 1336 2061 1408 utique
2089 1337 2232 1392 bona
2263 1351 2384 1392 esse
2413 1335 2600 1390 nullus
2647 1335 2896 1406 ambigit,
2935 1343 3069 1389 tunc
3091 1350 3448 1405 consequens

1867 1429 2164 1492 videbitur,
2196 1436 2255 1484 ut
2285 1428 2335 1483 ei
2364 1428 2460 1499 qui
2503 1428 2718 1483 obtinet
2748 1428 2891 1483 bona
2941 1429 3231 1491 virtutum,
3277 1429 3446 1483 etiam

1870 1521 2014 1592 quod
2041 1522 2195 1577 deest
2229 1520 2352 1576 fidei
2383 1530 2436 1576 et
2467 1525 2713 1577 scientiae
2762 1521 3082 1577 conferatur
3103 1561 3116 1582 ,
3143 1530 3194 1576 et
3228 1522 3284 1577 in
3323 1522 3448 1592 qui-

1871 1615 1975 1669 bus
2005 1613 2270 1667 maculari
2300 1613 2516 1668 videtur
2544 1613 2666 1682 ejus
2690 1613 2823 1676 vita,
2855 1628 2976 1683 qua:
3010 1620 3094 1667 est
3118 1613 3172 1666 in
3219 1613 3448 1684 reliquis

1873 1707 2197 1776 probabilis,
2233 1707 2575 1762 emendetur.
2627 1704 2682 1760 Si
2711 1722 2843 1762 vero
2879 1706 2934 1759 in
2974 1705 3058 1760 liis
3103 1721 3224 1774 qua:
3267 1704 3448 1774 palam

1875 1807 2025 1862 sunt,
2057 1798 2300 1870 peccatis
2352 1799 2633 1854 involutus
2671 1805 2952 1868 permanet
3003 1807 3055 1850 et
3105 1797 3445 1866 inquinatus,

1873 1907 1982 1947 non
2007 1907 2092 1946 me
2114 1898 2332 1962 oportet
2364 1892 2412 1946 ei
2441 1891 2647 1961 aliquid
2673 1892 2740 1945 de
2772 1890 3161 1945 secretioribus
3186 1897 3240 1943 et
3269 1905 3450 1944 remo-

1871 1985 1944 2038 tis
1975 1984 2174 2038 divinae
2207 1983 2450 2038 scientiae
2479 1983 2755 2052 proloqui,
2792 1983 2885 2037 sed
2929 1982 3103 2052 magis
3154 1978 3449 2050 protestari

1870 2085 1925 2132 et
1955 2079 2252 2131 convenire
2281 2091 2430 2140 eum,
2467 2083 2524 2153 ut
2551 2091 2778 2144 peccare
2809 2075 3022 2129 desinat
3045 2081 3098 2126 et
3129 2081 3286 2126 actus
3317 2087 3452 2126 suos

1872 2185 1902 2223 a
1937 2169 2088 2224 vitiis
2129 2168 2404 2224 emendet.
2459 2168 2613 2234 Quod
2647 2168 2692 2222 si
2727 2167 3019 2237 ingesserit
3050 2181 3109 2221 se
3148 2175 3201 2220 et
3251 2180 3452 2234 provo-

1873 2263 2080 2316 caverit
2111 2276 2212 2315 nos
2251 2260 2456 2322 dicere.
2490 2276 2611 2330 qua:
2645 2275 2768 2314 eum
2808 2259 2990 2313 minus
3017 2267 3164 2312 recte
3202 2267 3450 2328 agentem

1875 2370 1982 2408 non
2020 2361 2236 2422 oportet
2268 2353 2476 2418 audire,
2512 2352 2806 2422 prudenter
2862 2367 2985 2405 eum
3037 2351 3303 2406 debemus
3334 2351 3453 2403 elu-

1873 2445 2040 2510 dere;
2099 2460 2224 2498 nam
2277 2444 2414 2497 nihil
2468 2444 2693 2499 omnino
2751 2442 3080 2512 respondere
3141 2441 3453 2495 auditorum

1875 2551 2040 2591 causa
2073 2537 2206 2590 utile
2238 2552 2348 2589 non
2399 2536 2638 2598 videtur,
2695 2552 2760 2588 ne
2811 2534 2949 2588 forte
2997 2534 3309 2590 existiment
3350 2549 3455 2587 nos

1876 2626 2254 2697 responsionis
2285 2626 2511 2696 penuria
2545 2625 2823 2678 declinare
2857 2630 3165 2686 certamen,
3209 2632 3261 2674 et
3319 2621 3455 2675 fides

1875 2735 2064 2774 eorum
2097 2718 2347 2782 laedatur,
2379 2733 2488 2771 non
2526 2715 2945 2786 intelligentium
2974 2714 3317 2784 propositum
3351 2728 3453 2766 no-

1875 2823 2072 2866 suum.

1949 2900 2015 2955 γ.
2048 2900 2296 2971 Cumque
2331 2901 2444 2954 haec
2490 2899 2686 2954 Petrus
2714 2899 2943 2952 dixisset
2997 2895 3064 2950 ad
3094 2911 3194 2949 nos
3219 2935 3232 2955 .
3264 2893 3453 2948 Niceta

1879 3002 2036 3064 rogat
2066 2993 2308 3064 permitti
2345 2993 2446 3047 sibi
2478 2991 2659 3045 dicere
2685 2990 2912 3058 aliquid,
2949 2995 3111 3057 atque
3139 2987 3455 3056 indulgente

1878 3083 2043 3138 Petro
2072 3099 2196 3137 cum
2243 3083 2404 3138 venia
2460 3081 2672 3150 inquit:
2721 3077 2963 3133 Onsecro
3001 3085 3074 3138 te.
3126 3076 3346 3130 domine
3381 3075 3454 3128 mi

1879 3176 2061 3242 Petre,
2102 3175 2293 3230 audias
2325 3191 2409 3228 me
2436 3175 2594 3228 valde
2625 3173 2919 3228 sollicitum
2961 3170 3042 3223 tui
3069 3177 3122 3224 et
3154 3177 3452 3229 verentem,

1883 3284 1952 3321 ne
1997 3265 2138 3321 forte
2171 3265 2226 3320 in
2254 3265 2555 3320 certamine
2580 3263 2723 3334 quod
2758 3261 2856 3315 tibi
2891 3270 2977 3316 est
3029 3275 3154 3314 cum
3211 3258 3453 3318 Simone,

1881 3363 2128 3432 superari
2159 3359 2420 3415 videaris.
2456 3356 2606 3412 Solet
2635 3355 2781 3410 enim
2814 3354 3130 3424 frequenter
3179 3351 3452 3414 accidere,

1881 3463 1940 3509 ut
1962 3454 2054 3524 qui
2077 3452 2358 3507 veritatem
2380 3449 2643 3506 defendit.
2663 3462 2770 3502 non
2799 3461 3012 3516 semper
3035 3444 3298 3504 obtineat,
3324 3443 3456 3496 dum

1881 3554 1976 3601 aut
1998 3547 2052 3600 in
2077 3545 2260 3616 aliquo
2290 3542 2548 3617 praeventi
2575 3550 2704 3598 sunt
2727 3541 3027 3600 auditores,
3047 3545 3138 3591 aut
3160 3552 3266 3591 non
3293 3551 3457 3604 gran-

1881 3638 2004 3693 dem
2033 3651 2222 3692 curam
2277 3634 2520 3690 melioris
2549 3633 2835 3689 sententia).
2874 3637 3091 3701 gerunt.
3127 3627 3302 3698 Super
3343 3627 3459 3682 lucc

1883 3737 2065 3784 autem
2117 3728 2300 3784 omnia
2350 3733 2403 3781 et
2434 3727 2551 3795 ipse
2603 3723 2793 3779 Simon
2826 3721 3343 3778 vehementissimus
3371 3725 3458 3772 est

1882 3826 2090 3881 orator,
2122 3817 2178 3872 in
2212 3825 2328 3872 arte
2359 3815 2644 3870 dialectica
2667 3821 2720 3867 et
2745 3811 3186 3883 syllogismorum
3213 3808 3460 3863 tendicu—

1882 3914 1951 3967 lis
1980 3911 2275 3974 enutritus,
2310 3907 2456 3980 quod
2487 3913 2666 3960 autem
2696 3912 2781 3959 est
2824 3904 3080 3958 omnibus
3116 3902 3358 3973 gravius.
3403 3908 3460 3954 et

1885 4003 1940 4058 in
1966 4009 2084 4057 arte
2109 4001 2318 4072 magica
2342 3997 2496 4052 valde
2521 3994 2894 4061 exercitatus;
2917 4001 2970 4048 et
3001 3993 3123 4047 ideo
3153 3999 3356 4057 metuo,
3390 4006 3459 4046 ne

1884 4094 2025 4150 forte
2057 4103 2165 4148 tam
2189 4091 2366 4146 valide
2393 4107 2458 4146 ex
2489 4091 2638 4147 omni
2687 4097 2844 4160 parte
2869 4087 3132 4146 munitus,
3164 4083 3305 4153 apud
3363 4097 3459 4137 eos

1883 4187 1977 4257 qui
2003 4188 2254 4258 ignorant
2299 4199 2455 4243 eum.
2510 4183 2648 4237 falsa
2675 4183 2915 4250 allegans
2948 4185 3172 4250 putetur
3210 4191 3334 4230 vera
3365 4173 3461 4228 de-

1885 4279 2126 4334 fendere.
2160 4277 2345 4346 Neque
2376 4275 2521 4331 enim
2553 4274 2632 4329 vel
2665 4289 2767 4328 nos
2806 4272 2906 4342 ipsi
2933 4285 3056 4324 eum
3090 4268 3462 4338 potuissemus

1883 4368 2124 4439 cﬂ‘ugere
2151 4374 2206 4423 et
2229 4365 2473 4421 converti
2499 4363 2562 4418 ad
2600 4361 2913 4421 Dominum,
2948 4357 3052 4412 nisi
3078 4356 3206 4410 dum
3239 4353 3460 4420 adjuto-

1887 4475 1975 4514 res
1996 4457 2117 4528 ejus
2137 4463 2190 4512 et
2207 4469 2456 4510 errorum
2482 4453 2618 4508 socii
2636 4451 2861 4512 fuimus,
2883 4447 3294 4518 agnovissemus
3314 4442 3462 4513 quod

210 4558 499 4630 prolatam,
555 4557 878 4613 collaudans
908 4572 995 4612 me
1038 4554 1368 4610 adhortandi
1408 4565 1464 4610 et
1518 4553 1783 4609 incitandi
1816 4548 1860 4604 Ι)
1888 4551 2147 4620 deceptor
2182 4554 2328 4603 esset
2353 4561 2418 4600 ac
2439 4560 2632 4616 magus

211 4653 329 4708 sine
349 4650 516 4707 dubio
538 4650 736 4722 gratia,
756 4656 1182 4720 consequentcm
1201 4649 1368 4718 erepit
1390 4645 1646 4716 expedire
1666 4660 1785 4700 ser-

211 4758 463 4800 monem:
521 4741 903 4813 Opportunum
935 4741 1068 4796 mihi
1118 4756 1265 4794 nunc
1293 4748 1350 4794 et
1405 4737 1780 4794 necessarium

211 4820 451 4900 videtur,
486 4835 554 4892 de
579 4835 666 4891 his
687 4851 809 4906 quae
849 4835 1137 4890 imminent
1167 4834 1348 4904 aliqua
1397 4831 1696 4894 discutere,
1729 4831 1784 4885 id

211 4937 296 4984 est
326 4927 393 4982 de
419 4923 680 4996 Simone.
716 4925 871 4981 Scire
917 4925 1062 4980 enim
1096 4924 1256 4979 velim
1277 4965 1293 4990 ,
1325 4923 1524 4994 quibus
1563 4921 1635 4977 sit
1666 4935 1784 4975 mo-

214 5019 367 5076 ribus
396 5025 450 5074 et
503 5018 703 5088 quibus
734 5017 970 5083 actibus,
1000 5015 1146 5087 quod
1180 5014 1335 5080 mihi,
1398 5013 1445 5070 si
1476 5013 1602 5086 quis
1652 5012 1781 5078 scit,

218 5110 461 5168 iudicare
484 5127 594 5166 non
631 5118 852 5177 cesset;
880 5108 1049 5164 refert
1077 5109 1224 5164 enim
1268 5108 1374 5162 ista
1418 5119 1781 5178 prmnoscere.

216 5203 348 5262 Nam
383 5205 429 5259 si
453 5204 509 5258 in
539 5204 813 5259 mandatis
839 5203 1126 5266 habemus,
1159 5210 1220 5256 ut
1244 5202 1530 5258 venientes
1552 5199 1621 5255 ad
1649 5199 1786 5255 civi-

217 5304 379 5352 tatem
401 5296 682 5350 discamus
704 5296 878 5364 prius,
900 5295 1026 5365 quis
1048 5294 1103 5349 in
1132 5309 1196 5349 ea
1223 5293 1422 5364 dignus
1453 5291 1526 5348 sit
1557 5298 1616 5344 ut
1638 5290 1784 5362 apud

216 5405 338 5446 eum
367 5389 550 5444 cibum
583 5402 868 5444 sumamus
900 5388 978 5455 ¹⁸;
1035 5396 1244 5459 quanto
1297 5385 1473 5457 magis
1527 5383 1786 5440 convenit

327 5547 373 5580 ⁸⁸
412 5543 604 5600 Iatth.
632 5559 701 5612 x;
745 5543 879 5598 Luc.
916 5559 971 5599 x.
1060 5541 1104 5574 "
1143 5540 1334 5597 llattb.
1368 5554 1447 5596 vlt
1500 5537 1553 5594 ϐ.

1959 4640 2050 4697 γι.
2093 4640 2230 4696 Cum
2260 4639 2376 4694 haec
2403 4635 2592 4693 Niceta
2622 4635 2876 4697 dixisset,
2901 4629 3100 4701 Aquila
3135 4641 3352 4698 quoque
3372 4640 3464 4680 ro-

1885 4749 2021 4808 gans
2045 4734 2149 4791 sibi
2172 4730 2394 4788 dicendi
2424 4729 2737 4785 facultatem
2763 4723 2906 4786 dari,
2955 4722 3058 4776 hoc
3091 4719 3254 4774 modo
3295 4717 3462 4770 etiam

1887 4830 2007 4899 ipse
2035 4833 2361 4899 prosecutus
2393 4832 2508 4880 est:
2559 4820 2810 4888 Suscipe,
2846 4831 3053 4887 quaeso,
3083 4823 3136 4870 et
3179 4811 3286 4866 mei
3333 4822 3464 4878 erga

1888 4928 1942 4976 te
1965 4920 2170 4975 amoris
2197 4933 2408 4984 curam,
2448 4914 2652 4986 optime
2679 4910 2875 4975 Petre;
2903 4915 2958 4962 et
2983 4921 3084 4976 ego
3117 4903 3264 4960 enim
3307 4900 3467 4954 valde

1889 5011 2162 5068 sollicitus
2195 5024 2315 5066 sum
2338 5023 2435 5079 pro
2459 5013 2536 5061 te.
2565 5003 2677 5060 Nec
2710 4999 3084 5072 reprehendas
3113 5011 3217 5051 nos
3248 4995 3303 5048 in
3333 4993 3463 5055 hoc,

1883 5105 2013 5177 quia
2045 5120 2233 5159 curam
2264 5117 2451 5174 gerere
2482 5098 2715 5168 alicujus
2749 5111 2816 5152 ex
2850 5093 3042 5149 atl'ectu
3083 5085 3468 5177 venit,_negli-

1885 5173 2010 5267 gere
2035 5202 2215 5248 autem
2249 5173 2359 5250 non
2394 5190 2578 5245 minus
2607 5194 2692 5242 est
2743 5198 2910 5257 quam
2965 5179 3171 5236 odisse.
3235 5173 3462 5229 Testem

1883 5304 2014 5344 vero
2040 5287 2234 5343 invoco
2256 5285 2451 5346 Deum.
2475 5282 2605 5354 quia
2625 5295 2735 5336 non
2763 5285 2823 5333 ut
2848 5275 3154 5348 segniorem
3179 5281 3232 5326 te
3259 5269 3314 5324 in
3341 5283 3468 5324 cer»

1886 5382 2094 5437 tamine
2114 5380 2296 5438 sciens
2313 5386 2498 5434 metuo
2521 5389 2621 5446 pro
2645 5380 2721 5438 te,
2753 5370 2954 5442 quippe
2971 5368 3067 5439 qui
3090 5379 3192 5422 nec
3217 5375 3462 5436 unquam

1511 5687 1872 5751 COTELER“
1911 5686 2141 5744 ΝΟΤΕ.

296 5861 411 5940 (ω)
451 5808 726 5922 Brennum.
751 5859 1004 5930 CaudeL,
1042 5867 1096 5916 et
1141 5855 1377 5918 Carmel.
1433 5869 1673 5929 quoque,
1721 5852 1983 5922 brumam,
2011 5850 2156 5924 quod
2210 5855 2315 5916 est,
2347 5843 2567 5920 βρόμον,
2613 5840 2899 5914 (nntium.
