4066 6334
631 296 759 351 125!

1481 299 1548 357 S.‘
1576 300 1972 359 CLEMENTIS
2006 303 2027 359 Ι
2060 302 2226 360 ROM.
2264 303 2466 361 PONT.
2502 304 2728 361 OPERA
2766 304 2992 362 DUBIA.

3740 316 3881 371 ηδε

625 414 728 465 tibi
758 420 956 481 praesto
987 413 1181 469 fuerim
1211 414 1539 487 disputanti,
1566 416 1661 473 sed
1699 420 1791 489 qui
1825 419 1972 494 illius
2003 420 2195 490 impie-
2224 429 2272 485 Α
2302 420 2357 475 in
2401 436 2629 475 numero
2675 419 2888 476 dierum
2928 417 3093 490 positi
3136 420 3507 494 videbantur),
3545 420 3739 480 Simon
3788 425 3879 483 hic

625 508 769 559 tates
798 504 936 561 bene
973 521 1249 571 noverim,
1301 509 1765 565 existimationem
1808 517 1959 565 tuam
2015 513 2195 580 cogito

626 595 867 651 simulet
897 598 1111 654 animos
1151 600 1494 664 auditorum,
1529 608 1584 655 et
1633 602 1807 670 ipsius
1835 610 1962 656 ante
2011 603 2195 657 omnia

623 686 870 741 veritatis
902 695 1126 745 statum.
1164 689 1467 750 Vehemens
1507 691 1707 745 etenim
1754 699 1837 745 est
1882 698 1970 747 hic
2003 708 2194 763 magus

619 777 688 830 ad
718 779 902 833 omnia
932 796 1270 852 quaacunque
1288 778 1519 835 voluerit
1543 790 1597 835 et
1628 797 1792 848 supra
1825 784 2044 838 modum
2074 801 2195 840 sce-

620 870 827 936 IeStus;
857 870 912 924 in
947 872 1200 925 omnibus
1222 872 1365 925 enim
1390 883 1515 937 eum
1540 871 1828 944 diligenter
1847 875 2190 943 agnovimus,

620 969 810 1031 utpote
840 966 931 1033 qui
963 980 993 1017 a
1023 980 1192 1034 puero
1225 948 1496 1019 malorum
1526 964 1649 1034 ejus
1700 965 1980 1020 auditores
2017 964 2192 1018 fueri-

619 1064 742 1105 mus
774 1062 829 1107 et
862 1054 1118 1118 ministri,
1139 1062 1194 1109 et
1227 1053 1333 1109 nisi
1364 1068 1464 1108 nos
1492 1053 1583 1110 Dei
1609 1069 1763 1121 amor
1784 1054 2094 1125 abrupisset
2122 1061 2191 1108 ah

618 1154 707 1206 eo,
742 1143 797 1197 in
853 1143 1058 1199 eisdem
1104 1160 1227 1199 cum
1284 1146 1404 1216 ipso
1431 1152 1598 1201 etiam
1648 1160 1795 1201 nunc
1845 1160 2193 1200 versaremur

620 1233 781 1289 malis
808 1250 824 1301 ;
859 1240 954 1289 sed
986 1235 1265 1307 ingenitus
1295 1237 1517 1307 quidam
1546 1238 1707 1293 nobis
1746 1252 1874 1307 erga
1905 1235 2074 1291 Deum
2108 1236 2190 1289 af-

621 1323 817 1390 fectus,
848 1328 1055 1381 scelera
1086 1328 1306 1398 quidem
1338 1329 1459 1399 ejus
1482 1344 1670 1393 exosa,
1702 1328 1909 1381 cultum
1933 1343 2063 1383 vero
2094 1326 2190 1381 Dei

619 1418 906 1473 amabilem
936 1418 1085 1475 fecit.
1118 1413 1271 1475 Unde
1291 1429 1345 1475 et
1365 1421 1604 1475 arbitror
1630 1435 1768 1493 opus
1794 1419 1964 1474 fuisse
1993 1418 2190 1473 divinae

610 1500 995 1577 providentiae,
1046 1519 1104 1564 ut
1142 1526 1244 1564 nos
1279 1512 1455 1581 primo
1515 1510 1815 1566 familiares
1857 1510 1977 1578 ejus
2008 1509 2188 1565 eﬂccti

619 1600 873 1654 notitiam
903 1614 1224 1671 caperemus
1247 1602 1541 1672 quomodo,
1579 1602 1658 1658 vel
1680 1602 1827 1672 quali
1854 1610 1973 1656 arte
2004 1600 2190 1672 prodi-

619 1690 731 1761 gia,
762 1706 883 1763 quae
911 1691 1095 1747 facere
1122 1692 1341 1747 videtur
1374 1693 1599 1749 efficiat.
1624 1692 1757 1760 Quis
1783 1693 1930 1748 enim
1958 1701 2067 1758 est,
2094 1693 2189 1763 qui

2296 512 2470 574 malae,
2504 520 2564 563 ut
2595 511 2854 575 diximus,
2888 511 3077 581 gloriae
3107 510 3343 582 cupidus
3374 513 3586 570 accedit
3615 516 3684 570 ad
3716 514 3880 571 Dosi-

2297 601 2482 655 theum
2515 611 2569 655 et
2601 601 2876 656 simulatis
2911 602 3170 655 amicitiis
3217 600 3428 669 exorat,
3462 611 3520 658 ut
3566 605 3612 658 si
3652 609 3879 676 quando

2295 690 2496 764 aliquis
2529 707 2597 746 ex
2627 692 2735 747 illis
2765 691 2987 762 triginta
3033 692 3261 755 obisset,
3309 695 3364 747 in
3391 691 3570 750 locum
3627 695 3879 751 defuncti

2293 801 2353 840 se
2379 784 2645 839 continuo
2663 784 3028 852 subrogaret;
3072 783 3199 853 quia
3236 798 3414 854 neque
3466 793 3739 841 statutum
3774 804 3883 841 nu-

2293 886 2503 930 merum
2522 876 2788 931 excedere
2816 875 2961 945 apud
2991 889 3087 929 eos
3124 874 3206 932 fas
3235 872 3374 938 erat,
3406 893 3586 948 neque
3620 868 3877 948 ignotum

2293 968 2529 1037 aliquem
2561 967 2802 1022 inserere
2830 974 2922 1019 aut
2952 967 3190 1021 nondum
3249 966 3575 1036 probatum;
3629 968 3779 1022 unde
3820 972 3879 1022 et

2292 1060 2473 1111 creteri
2506 1058 2790 1129 studentes
2816 1057 2965 1129 digni
2997 1057 3116 1113 loco
3149 1072 3215 1112 ac
3247 1073 3478 1112 numero
3504 1058 3644 1123 fieri,
3673 1074 3881 1114 secun-

2292 1146 2420 1201 dum
2447 1126 2609 1201 secta:
2632 1162 2745 1202 sua:
2769 1126 3025 1201 instituta
3050 1146 3267 1217 placere
3281 1162 3379 1218 per
3397 1148 3581 1211 omnia
3602 1145 3875 1218 gestiunt,

2291 1253 2397 1297 auo
2428 1238 2602 1307 possit
2625 1237 3009 1307 unusquisque
3037 1253 3105 1291 ex
3147 1236 3351 1306 bisqui
3393 1237 3543 1290 illum
3578 1249 3878 1292 numerum

2292 1333 2621 1397 sequuntur,
2656 1339 2780 1379 cum
2804 1324 2943 1379 forte
2969 1324 3193 1395 aliquis,
3228 1334 3288 1379 ut
3326 1324 3588 1390 diximus,
3615 1323 3878 1380 decesse-

2291 1419 2382 1481 rit,
2417 1415 2619 1487 dignus
2649 1415 2845 1480 videri,
2879 1415 2974 1485 qui
3003 1415 3058 1468 in
3086 1414 3267 1468 lacum
3301 1414 3549 1471 defuncti
3603 1412 3878 1470 substitul

2289 1504 2507 1560 debeat.
2539 1490 2714 1575 Igitur
2742 1502 3042 1558 DosithetIs
3064 1503 3318 1573 plurimis
3343 1503 3413 1558 ab
3442 1505 3550 1559 hoc
3584 1512 3873 1567 exoratus,

2289 1593 2382 1649 ubi
2413 1593 2568 1650 locus
2595 1594 2741 1649 intra
2773 1606 3065 1657 numerum
3099 1591 3280 1648 factus
3306 1600 3415 1657 est,
3450 1593 3761 1650 introduxit
3790 1589 3879 1647 Sid

2290 1700 2529 1743 monem.

620 1797 733 1838 non
762 1782 1118 1854 Obstupescat
1144 1799 1310 1853 super
1331 1784 1440 1847 his,
1464 1798 1587 1853 quae
1615 1783 1770 1847 facit,
1816 1783 2185 1847 mirabilibus,
2219 1797 2262 1851 Β
2361 1773 2453 1831 1X.
2488 1774 2597 1831 Sed
2629 1776 2719 1832 hic
2750 1791 2861 1831 non
2892 1776 3065 1831 multo
3109 1783 3235 1845 post
3266 1775 3463 1831 incidit
3513 1776 3571 1830 in
3626 1790 3876 1830 amorem

620 1879 685 1926 ut
711 1880 862 1941 putet
886 1888 1009 1927 eum
1044 1873 1111 1927 de
1140 1873 1297 1928 cmlis
1325 1872 1497 1928 Deum
1530 1873 1598 1927 ad
1631 1874 1863 1928 salutem
1903 1871 2184 1937 hominum

622 1962 1006 2017 descendisse?
1052 1961 1164 2033 Ego
1198 1962 1267 2017 de
1303 1963 1513 2033 meipso
1540 1961 1739 2026 fateor,
1795 1962 1903 2018 nisi
1955 1961 2187 2018 interius

618 2067 745 2107 eum
774 2052 1027 2116 scissem,
1054 2060 1111 2107 et
1138 2052 1509 2109 interfuissem
1540 2053 1757 2107 actibus
1794 2053 1938 2120 ejus,
1974 2052 2187 2122 subripi

620 2142 751 2197 mihi
783 2142 940 2197 facile
959 2143 1254 2212 potuisset;
1280 2142 1423 2198 unde
1444 2158 1555 2197 non
1577 2142 1681 2197 fuit
1703 2157 1959 2212 magnum
1990 2158 2090 2197 nos
2120 2143 2190 2197 ab

619 2233 741 2303 ejus
765 2235 1047 2289 consortio
1077 2234 1343 2303 separari,
1377 2235 1611 2290 scientes
1640 2248 1763 2288 eum
1795 2232 2022 2303 magicis
2054 2230 2189 2284 arti-

624 2328 726 2383 bus
752 2336 807 2383 ct
835 2329 1163 2383 commentis
1208 2331 1473 2383 scelerum
1500 2326 1621 2381 niti.
1652 2324 1808 2392 Quod
1838 2326 1884 2380 si
1912 2326 1996 2380 vis
2020 2326 2186 2379 etiam

622 2421 741 2490 ipse
765 2420 832 2474 de
863 2435 929 2474 eo
959 2426 1157 2474 cuncta
1188 2433 1540 2489 cognoscere,
1590 2418 1715 2488 quis
1746 2420 1865 2487 ipse
1895 2418 2002 2481 sit,
2051 2431 2191 2486 qua-

621 2512 778 2574 lisve,
809 2518 863 2563 et
913 2510 1076 2575 unde,
1130 2511 1214 2565 vel
1246 2510 1482 2581 qualiter
1530 2518 1817 2580 patrentur
1866 2523 1989 2579 qua:
2025 2507 2183 2578 gerit,

621 2602 897 2656 ausculta.

692 2692 806 2749 VII.
839 2692 1025 2749 Simon
1075 2694 1194 2755 hic,
1230 2700 1383 2763 patre
1419 2693 1657 2747 Antonio
1683 2732 1698 2755 ,
1756 2699 1933 2746 matre
1982 2690 2187 2748 Rachel

622 2792 785 2840 natus
808 2793 915 2849 est,
958 2784 1117 2855 gente
1142 2785 1450 2839 Samarasus
1476 2800 1543 2838 ex
1568 2784 1691 2837 vico
1712 2782 2041 2845 Gethonum,
2067 2792 2187 2838 arte

622 2889 836 2944 magus,
865 2862 1070 2929 Graecis
1103 2883 1285 2928 tamen
1319 2874 1519 2928 litteris
1574 2873 1891 2928 liberalibus
1940 2874 2186 2945 apprime

619 2967 888 3031 eruditus,
915 2968 1101 3037 gloria:
1122 2983 1185 3019 ac
1208 2966 1488 3034 jactantia:
1518 2981 1682 3036 supra
1706 2981 1868 3021 omne
1887 2981 2059 3037 genus
2088 2966 2190 3021 bo-

622 3057 827 3111 minnm
881 3058 1131 3127 cupidus,
1191 3059 1263 3110 ita
1326 3066 1383 3111 ut
1438 3059 1709 3112 excelsam
1769 3056 2023 3110 virtutem
2064 3073 2187 3127 quae

624 3164 787 3217 supra
812 3157 1114 3202 creatorem
1138 3148 1301 3202 Deum
1332 3149 1422 3208 sit.
1467 3149 1617 3203 credi
1643 3163 1701 3203 se
1728 3148 1891 3212 velit,
1920 3158 1973 3203 et
2019 3147 2184 3203 Chri-
2212 3132 2255 3190 ο

624 3248 769 3295 stunt
798 3241 999 3311 putari,
1026 3250 1185 3311 atque
1229 3241 1474 3295 Stantem
1511 3243 1803 3297 nominari.
1848 3240 1961 3296 llac
2000 3250 2182 3298 autem
2216 3274 2223 3279 -

624 3334 985 3402 appellatione
1008 3337 1180 3387 utitur
1218 3335 1375 3403 quasi
1422 3335 1516 3404 qui
1568 3343 1726 3404 neget
1776 3351 1937 3405 posse
1980 3351 2038 3391 se
2083 3336 2183 3388 ali-

622 3426 840 3493 quando
862 3425 1110 3489 dissolvi,
1144 3441 1398 3481 asserens
1430 3442 1650 3481 carnem
1704 3442 1857 3483 suam
1890 3427 1963 3481 ita
1986 3428 2186 3482 divini-

620 3514 751 3569 tatis
774 3531 885 3570 suae
911 3516 1107 3571 virtute
1132 3525 1495 3587 compactam,
1524 3526 1583 3571 ut
1625 3519 1797 3586 possit
1823 3518 1878 3572 in
1917 3527 2181 3575 aeternum

622 3604 843 3661 durare.
896 3605 1032 3661 Hinc
1064 3624 1194 3679 ergo
1227 3608 1391 3663 Stans
1424 3610 1748 3678 appellatur,
1788 3619 2043 3680 tanquam
2086 3610 2181 3683 qui

622 3710 733 3749 non
759 3696 933 3766 possit
963 3698 1070 3750 ulla
1094 3699 1445 3768 corruptione
1475 3699 1745 3754 decidere.

698 3786 831 3842 7illi.
872 3788 1165 3844 laterfecto
1194 3790 1415 3851 etenim,
1448 3792 1589 3845 sicut
1616 3792 1725 3848 scis
1754 3799 1807 3846 et
1835 3794 1971 3863 ipse,
2000 3792 2184 3864 Bapti-

626 3886 709 3932 sta
734 3876 944 3935 Joanne
966 3880 1099 3950 (6i).
1125 3896 1248 3935 cum
1276 3880 1567 3937 Dositheus
1590 3882 1859 3937 haereseos
1881 3898 1993 3939 suae
2020 3883 2182 3937 iniis-

625 3976 709 4025 sct
732 3971 1035 4036 exordium,
1067 3989 1191 4027 cum
1242 3974 1363 4028 aliis
1394 3975 1615 4045 triginta
1668 3975 2064 4046 principalibus
2100 3975 2184 4029 di-

626 4061 848 4131 scipulis
873 4062 984 4133 (62)
1010 4073 1064 4118 et
1093 4079 1202 4117 una
1226 4066 1454 4120 muliere
1483 4082 1605 4137 quae
1650 4065 1802 4121 Luna
1835 4068 2068 4121 vocitata
2097 4075 2184 4122 est

626 4149 793 4221 (unde
820 4160 874 4207 et
909 4154 986 4208 illi
1018 4156 1237 4227 triginta
1269 4157 1427 4226 quasi
1471 4158 1771 4215 secundum
1792 4158 1934 4213 luna:
1957 4172 2183 4213 cursum

2287 1868 2533 1923 mulieris
2563 1868 2715 1923 illius
2729 1883 2895 1938 quam
2914 1866 3123 1921 Lunam
3151 1873 3368 1930 vocant,
3388 1866 3662 1937 nobisque
3687 1874 3877 1936 utpote

2234 1968 2239 1975 ‘
2287 1957 2648 2013 familiaribus
2675 1959 2793 2014 suis
2832 1959 3017 2013 omnia
3049 1958 3442 2022 concredcbat,
3473 1958 3621 2027 quod
3676 1972 3874 2028 magus

2287 2057 2455 2112 esset,
2478 2058 2532 2104 et
2549 2050 2697 2120 quod
2720 2058 2931 2105 amaret
2962 2049 3193 2113 Lunam,
3218 2049 3477 2121 quodque
3497 2049 3687 2121 gloriae
3716 2049 3875 2119 copia

2288 2138 2391 2195 dus
2419 2140 2588 2195 nollet
2617 2155 2680 2193 ea
2706 2140 2979 2211 inglorius
3007 2139 3137 2204 frui,
3161 2139 3257 2195 sed
3294 2150 3617 2209 exspectare
3664 2140 3876 2211 patien-

2288 2240 2373 2285 ter
2399 2230 2574 2284 donec
2614 2231 2844 2286 honeste
2875 2246 2939 2285 ea
2974 2234 3052 2285 uti
3086 2231 3320 2296 liceret,
3364 2233 3412 2287 si
3467 2238 3651 2286 tamen
3702 2232 3872 2287 etlam

2287 2336 2388 2377 nos
2414 2323 2874 2392 conspiraremus
2893 2323 2945 2377 ei
2983 2323 3052 2377 ad
3082 2322 3268 2377 omnia
3292 2338 3416 2394 quae
3458 2324 3606 2378 velit.
3658 2321 3769 2377 Sed
3821 2329 3874 2377 et

2287 2413 2600 2468 mercedem
2626 2414 2916 2469 ministerii
2941 2414 3106 2485 hujus
3136 2415 3397 2469 daturum
3426 2430 3487 2470 se
3518 2416 3683 2471 nobis
3708 2416 3871 2485 polli-

2287 2508 2535 2563 cebatur.
2565 2509 2797 2563 summis
2831 2515 2891 2561 ut
2917 2508 3225 2565 honoribus
3246 2509 3407 2573 affici,
3438 2518 3494 2564 et
3518 2507 3594 2562 dii
3638 2523 3767 2564 esse
3801 2509 3875 2565 ab

2286 2598 2602 2654 hominibus
2627 2600 2999 2663 crederemur,
3028 2607 3241 2654 tantum
3274 2608 3333 2654 ut
3363 2600 3518 2663 mihi,
3552 2600 3755 2671 inquit,
3785 2587 3873 2654 Si-

2287 2692 2437 2748 moni
2469 2691 2730 2748 deferatis
2761 2691 3055 2761 primatus,
3087 2691 3183 2761 qui
3215 2707 3441 2763 possum
3493 2695 3705 2763 magica
3752 2702 3871 2747 arte

2287 2785 2460 2838 multa
2487 2783 2643 2855 signa
2672 2790 2727 2838 et
2772 2782 3023 2853 prodigia
3055 2783 3366 2847 ostendere,
3398 2798 3495 2854 per
3529 2799 3651 2854 qua:
3691 2785 3871 2855 possit

2288 2876 2370 2930 vel
2396 2875 2584 2946 gloriae
2612 2874 2694 2929 vel
2729 2882 2893 2929 sectae
2924 2882 3130 2928 nostra:
3154 2874 3295 2928 ratio
3325 2882 3601 2929 constare.
3632 2872 3869 2929 Possum

2286 2969 2434 3035 enim
2463 2966 2646 3023 facere
2674 2966 2786 3037 (63)
2820 2975 2877 3020 ut
2909 2966 3220 3022 volentibus
3259 2959 3348 3021 me
3402 2965 3871 3037 comprehendere

2288 3076 2397 3115 non
2430 3076 2747 3133 appaream,
2778 3068 2835 3115 et
2863 3075 3059 3114 rursus
3089 3061 3276 3114 volens
3299 3057 3475 3113 videri
3504 3057 3682 3129 palam
3736 3056 3867 3121 sim,

2288 3153 2335 3209 si
2361 3153 2549 3223 fugere
2567 3153 2725 3207 velim
2751 3160 2967 3207 montes
2989 3152 3259 3222 perforent
3276 3156 3330 3205 et
3354 3166 3485 3221 saxa
3509 3150 3667 3227 qpasi
3686 3150 3866 3204 lutum

2288 3255 2687 3315 pertranseam,
2720 3244 2768 3298 si
2819 3259 2905 3298 me
2935 3244 3003 3299 de
3033 3254 3216 3298 monte
3243 3242 3462 3297 excelso
3504 3242 3866 3312 praecipitem,

2288 3346 2549 3408 tanquam
2576 3336 2872 3389 subvectus
2908 3335 2977 3389 ad
3006 3342 3184 3389 terras
3212 3334 3416 3388 illaesus
3454 3331 3693 3388 deferar.
3730 3330 3868 3385 Vin-

2288 3437 2409 3485 ctus
2437 3429 2813 3498 memetipsum
2836 3429 3068 3492 solvam,
3091 3442 3187 3483 eos
3216 3442 3345 3481 vero
3376 3427 3468 3496 qui
3509 3426 3733 3479 vincula
3782 3425 3868 3478 in-

2284 3521 2519 3591 jecerint
2549 3520 2761 3574 vinctos
2796 3519 3039 3583 reddam,
3068 3519 3122 3572 in
3152 3533 3373 3572 carcere
3399 3517 3690 3587 colligatus
3713 3516 3862 3570 claua

2288 3623 2402 3668 stra
2434 3621 2626 3684 sponte
2659 3610 2905 3681 patefieri
2931 3610 3151 3672 faciam,
3184 3616 3398 3665 statuas
3432 3608 3709 3662 animatas
3738 3606 3866 3661 reda

2286 3704 2435 3768 dam,
2461 3705 2536 3757 ita
2566 3712 2625 3757 ut
2650 3710 2911 3772 putentur
2929 3703 3001 3756 ab
3018 3702 3103 3756 his
3120 3700 3213 3772 qui
3233 3700 3419 3755 vident
3446 3699 3695 3753 homines
3717 3712 3860 3760 esse,

2286 3810 2458 3851 novas
2485 3795 2712 3850 arbores
2742 3794 2925 3849 subito
2954 3794 3089 3849 oriri
3120 3791 3339 3855 faciam,
3363 3798 3417 3846 et
3439 3790 3725 3859 repentina
3755 3789 3863 3842 vira

2286 3887 2435 3959 gulta
2467 3888 2765 3958 producam
2790 3925 2806 3949 ,
2844 3886 2897 3939 in
2942 3887 3123 3955 ignem
3165 3884 3549 3954 memetipsum
3604 3881 3860 3951 injiciens

2288 3995 2396 4033 non
2430 3979 2673 4034 ardeam.
2698 3977 2921 4032 Vultum
2945 3993 3123 4032 meum
3144 3986 3447 4040 commuto,
3473 3984 3533 4028 ut
3558 3990 3669 4029 non
3693 3989 3860 4043 agnoe

2290 4085 2435 4134 sear,
2468 4070 2564 4126 sed
2596 4077 2651 4125 et
2685 4069 2825 4124 duas
2854 4067 3024 4123 facies
3056 4068 3258 4123 habere
3289 4081 3397 4130 me,
3433 4080 3661 4135 possum
3686 4062 3862 4118 homi-

2291 4161 2453 4217 nibus
2481 4160 2789 4217 ostendere.
2821 4158 2951 4216 Ovis
2974 4167 3069 4215 aut
3089 4174 3255 4230 capra
3274 4156 3506 4220 efﬁciar,
3524 4157 3714 4229 pueris
3736 4169 3859 4228 para

1908 4342 2272 4402 COTELERII
2305 4342 2539 4401 ΝΟΤᾸΞ.

702 4558 815 4630 (6|)
848 4557 1093 4630 Baptista
1124 4555 1353 4612 Joanne.
1382 4555 1462 4630 _l_n
1500 4553 1857 4630 Qlementinis
1896 4557 2085 4630 homil.
2122 4574 2185 4623 ιι,
2217 4564 2263 4620 ι)

634 4647 689 4686 n.
713 4626 837 4698 '23;
856 4636 911 4682 et
936 4626 1203 4698 Epitomes
1224 4644 1345 4697 cap.
1375 4627 1467 4691 26,
1510 4627 1762 4697 Ἰωάννης
1791 4629 2191 4698 Ἡμεροϐαπτι-

628 4700 777 4769 στής.
800 4697 1279 4769 Quemadmodum
1321 4698 1536 4769 Justino
1567 4697 2031 4769 martyriDialogi
2066 4714 2186 4769 pag.

624 4744 857 4889 auita:
863 4744 1142 4821 ἓῖἆᾶϊῦ
1151 4744 1762 4839 ὧᾘὶἱιιὶτζᾞίἶίέἕῐέτῖἵ
1777 4744 1923 4839 "liii;
1929 4744 2059 4839 "p36:
2067 4744 2189 4821 ’ἐεὲῖζ

624 4856 687 4889 ατ
692 4857 724 4889 α
752 4876 767 4889 ι

624 4856 767 4893 atat.

662 4926 665 4927 '
695 4908 805 4979 (02)
842 4905 973 4961 Cum
998 4907 1117 4979 aliis
1140 4908 1357 4979 triginta
1380 4908 1757 4976 principalibus
1786 4906 2189 4979 discipulis.AAd

625 4980 678 5034 id
706 4977 858 5031 forte
897 4978 1222 5045 respiciebat
1250 4978 1531 5045 Origenes,
1578 4994 1700 5032 cum
1738 4986 1870 5032 tom.
1908 4990 1959 5030 v1
1994 4979 2047 5031 in
2074 4977 2189 5032 Cel-

625 4995 678 5034 la
720 4995 858 5031 torte
897 4995 1222 5045 resptCIenat
1250 4995 1341 5033 un
1381 4995 1531 5041 cnes,
1578 4995 1700 5032 cum
1738 4995 1870 5032 tom.
1908 4995 1959 5030 γι
1994 4995 2047 5031 m
2074 4995 2189 5032 bet-

622 5064 820 5119 sumdp.
856 5045 981 5109 291,
1006 5048 1268 5119 scriberet
1299 5065 1310 5099 :
1340 4995 1400 5101 gl
1436 5049 1491 5100 δὲ
1515 5047 1818 5119 Δοσιθξηνοὶ
1852 5048 1971 5101 οὐδὲ
1996 5049 2189 5119 πρότε-

622 5137 714 5189 ρβν
742 5114 1025 5189 ἦκμαςτᾳνἒ
1048 5118 1160 5169 Νῦν
1187 5114 1246 5170 δὲ
1278 5119 1552 5182 παντελῶς
1586 5114 1980 5189 ὲπιλέλοίπᾳσιν
1999 5156 2012 5178 ,
2038 5114 2187 5171 ’ὥστε

621 5184 866 5260 obuia;on
892 5186 1066 5260 αρῖών
1106 5189 1429 5260 ἱστορεῖσθαι
1458 5190 1682 5259 ἀριθμὸν
1714 5189 1811 5241 οὐκ
1832 5184 1967 5239 εἶναι
1993 5190 2047 5239 ὲν
2076 5193 2187 5260 τοῖς

621 5256 1050 5327 τριάκονταλιυι·
1069 5269 1171 5320 est,
1199 5256 1279 5310 tne
1314 5261 1439 5327 περὶ
1465 5256 1599 5312 τξόδά
1622 5261 2010 5327 interpretante
2038 5278 2047 5310 :
2082 5259 2186 5311 [)0—

623 5326 841 5379 mltccni
873 5342 989 5379 vero
1024 5343 1111 5379 nec
1145 5326 1403 5395 superiori
1434 5340 1657 5396 tempore
1681 5326 2011 5396 ﬂoruerunt:
2049 5346 2184 5381 mmc

622 5413 737 5449 t't’ro
771 5397 979 5447 omnino
1006 5397 1317 5463 deiecerunt,
1349 5400 1477 5451 adeo
1508 5411 1564 5451 ut
1591 5409 1727 5452 totus
1759 5400 1970 5451 illorum
2004 5415 2182 5451 unme-

625 5482 714 5537 μη
751 5466 1010 5537 referatur
1040 5485 1141 5519 non
1174 5486 1284 5520 esse
1314 5471 1364 5519 in
1398 5471 1630 5537 triginta.
1667 5469 1733 5521 Et
1757 5478 1886 5521 toni.
1924 5466 1962 5531 l,
2002 5484 2051 5537 p.
2078 5470 2182 5523 ἅδε

625 5535 759 5587 Νυνὶ
792 5536 845 5587 δὲ
867 5538 991 5598 τοὺς
1024 5538 1227 5598 πάντας
1253 5540 1307 5589 ὲν
1332 5542 1405 5661 τρὶ
1420 5535 1708 5607 οἰκουμένῃ
1739 5540 1835 5590 οὐκ
1860 5538 1971 5588 ἐστι
2004 5535 2183 5607 Σιμω-

630 5608 832 5661 νιανοὺς
865 5608 1041 5661 εὑρεῖν
1086 5607 1176 5658 τὸν
1210 5608 1376 5661 dedit).
1409 5628 1436 5661 ν
1478 5606 1627 5661 οἶμαι
1675 5609 1984 5661 τριάκοντα..
2031 5607 2183 5661 Nunc

630 5608 832 5667 νιανοὺς
865 5607 1176 5679 εὑρεῖνᾲςτὸν
1210 5606 1436 5679 ἀριομδν
1478 5606 1627 5679 οἶμαι
1675 5609 1984 5677 τριάκοντα..
2031 5607 2183 5662 Nunc

624 5690 796 5728 «utrm
830 5693 1003 5731 omnes
1038 5674 1370 5731 Simoniauos
1411 5682 1461 5732 in
1499 5674 1618 5734 orbe
1664 5674 1883 5747 reperire
1922 5694 2023 5730 non
2065 5682 2180 5732 licet

623 5761 864 5813 numero,
896 5749 1095 5815 opinor,
1131 5748 1368 5816 triginta.

2360 4560 2471 4631 (65)
2498 4557 2719 4615 Possum
2739 4558 2877 4615 enim
2904 4561 3095 4629 facere,
3120 4567 3226 4631 etc.
3242 4550 3546 4631 Legendus
3565 4570 3730 4631 quem
3750 4562 3856 4619 Αιμ

2294 4629 2707 4696 ὰὶεηϊνορξιηω
2755 4632 3114 4702 notandaeque
3143 4630 3197 4685 in
3240 4629 3530 4685 illo’varia:
3566 4629 3849 4693 lectiones.

2293 4702 2630 4771 corrigendae
2678 4702 2847 4755 falsae.
2910 4700 3212 4755 Notabilem
3267 4715 3487 4823 quoqqe
3540 4702 3854 4758 varietatem

2293 4771 2511 4823 exhibet
2561 4773 2696 4823 liber
2736 4773 2971 4823 Carmel.
3007 4773 3213 4823 Aurum
3241 4783 3383 4823 nunt
3461 4786 3513 4823 nt
3558 4772 3851 4823 ostendam.

2290 4771 2511 4827 exhibet
2561 4773 2696 4825 liber
2736 4773 2971 4826 Carmel.
3007 4773 3213 4823 Aurum
3240 4771 3513 4839 plumbum
3558 4772 3851 4832 ostendam.

2292 4842 2381 4914 ubi
2420 4844 2597 4896 cmteri
2640 4844 2839 4914 Aurum
2874 4842 3179 4914 plurimum
3209 4840 3519 4914 ostendam,
3552 4842 3655 4895 οὐκ
3687 4842 3853 4914 άληθῆ

2288 4910 2534 4983 θαύματα
2568 4912 2806 4965 ποιοῦσιν
2838 4907 3024 4983 οἵ
3054 4912 3161 4983 τῶν
3192 4910 3385 4983 ψήφων
3419 4910 3516 4983 τᾲς
3544 4907 3856 4983 ὲπωνυμῖαξ

2287 4980 2516 5102 ἕξοντες.
2540 4984 2847 5064 Δεικνύουσι
2876 4981 2982 5051 γὰρ
3008 4982 3205 5062 χρυρὸν
3224 4980 3323 5034 οὐκ
3340 4980 3553 5065 ᾁληθῶς
3571 4981 3701 5035 ὄντα
3728 4980 3856 5053 χρυ-

2295 5067 2327 5101 σ
2359 5068 2405 5102 ν.
2426 5051 2560 5102 Cum
2586 5068 2784 5102 flUllllJS
2810 5051 3124 5102 Theodorttt
3154 5053 3219 5102 ad
3247 5050 3287 5102 ll
3323 5051 3559 5102 Thcssal.
3588 5067 3647 5102 Il.
3682 5056 3735 5102 9.
3763 5054 3856 5102 ad-

2295 5050 2405 5121 ᾳόν.
2426 5051 2560 5105 Cum
2586 5055 2784 5121 quibus
2810 5050 3124 5106 Theodoriti
3154 5053 3219 5105 ad
3247 5050 3287 5103 ll
3323 5050 3559 5106 Thessal.
3588 5067 3647 5113 ll,
3682 5050 3857 5113 9.5m.

2286 5119 2455 5189 junge
2488 5119 2833 5189 ista—gemina
2870 5121 3008 5190 apud
3054 5120 3411 5190 Athanasium
3442 5122 3495 5174 in
3529 5122 3851 5186 Qttwstioni-

2291 5186 2478 5262 ous‘ad
2513 5186 2823 5243 Antiochum
2843 5186 3089 5262 respons.
3117 5190 3221 5262 124
3249 5210 3259 5243 :
3287 5186 3348 5244 Ol
3373 5189 3653 5262 λεγόμενοι
3673 5192 3854 5262 tincti-

2288 5260 2392 5323 δες.
2428 5264 2519 5313 καὶ
2562 5264 2721 5313 πάλιν
2774 5261 2930 5322 αὐτὸς
2957 5264 2984 5313 ὁ
3027 5260 3385 5332 ’Λντοςχριστος
3418 5260 3749 5332 ν-ὲρχόμβντξς
3801 5264 3855 5315 ἐν

2290 5332 2559 5397 φαντασίᾳ
2618 5332 2792 5399 πλανᾷ
2839 5332 2964 5401 tuo;
3018 5328 3325 5401 ὀφθαλμοὺς
3371 5328 3851 5401 τίῦεῶήάνθρώπων.

2288 5402 2505 5470 χρυσίον
2550 5403 2727 5462 αὐτοῖς
2774 5400 3088 5469 πολλάκιςῆ
3135 5402 3369 5470 ἄργυρον
3412 5400 3748 5463 smmum.
3800 5401 3849 5456 In

2343 5488 2460 5537 pere
2490 5473 2787 5539 imperfecto
2812 5472 2866 5523 in
2906 5468 3217 5523 Matthwuin
3249 5468 3318 5523 ad
3360 5485 3480 5539 cap.
3508 5470 3559 5533 7,
3586 5486 3733 5525 vers.
3768 5470 3850 5533 16,

2292 5558 2383 5593 seu
2419 5548 2475 5592 ut
2506 5542 2776 5601 divtdunt,
2814 5542 2999 5593 homil.
3040 5540 3130 5597 1.9:
3170 5539 3359 5593 Volare
3384 5554 3474 5608 per
3500 5556 3697 5599 acrem.
3721 5541 3853 5595 sicut

2286 5620 2334 5662 et
2365 5609 2649 5662 Dominum
2678 5610 2916 5662 diabolus
2943 5609 3285 5674 hortabatur;
3311 5619 3516 5665 statuas
3547 5611 3721 5679 facere
3744 5628 3855 5663 aut-

2288 5680 2497 5739 bulare;
2532 5692 2621 5732 aut
2661 5681 2985 5732 commisceri
3014 5681 3263 5745 ﬂamma’.
3296 5690 3343 5735 et
3376 5698 3477 5735 non
3503 5679 3781 5744 comburi;
3805 5690 3853 5736 et

2286 5752 2411 5812 ulla,
2439 5754 2616 5821 qualia
2647 5754 2823 5804 .Siulon
2852 5752 2989 5818 ιεεὶι.
