4066 6334
1523 351 1587 415 s._
1617 349 2012 408 canemus
2045 350 2065 406 ι
2100 349 2266 407 nou.
2307 349 2510 407 rom.
2548 330 2779 410 OPERA
2816 349 3042 408 ouem.

675 465 805 532 feci,
860 473 916 522 et
981 479 1080 539 per
1141 464 1318 537 ipsam
1381 462 1439 518 ﬁt
1501 479 1664 520 omne
1736 463 1884 535 quod
1948 463 2136 534 jubeo.
2183 463 2251 518 Et
2277 472 2323 530 Α
2351 478 2476 521 cum
2513 465 2736 521 essetin
2766 473 3038 539 potestate
3077 479 3220 531 mea,
3269 465 3355 523 vel
3395 481 3625 539 parvum
3655 483 3805 535 esse,
3843 475 3925 529 vel

674 575 777 632 ego
802 579 814 615 :
840 557 1030 622 Estne,
1071 557 1317 628 inquam,
1346 556 1611 627 possibile
1640 557 1835 611 animae
1873 557 1989 612 haec
2020 555 2242 612 facere?

674 649 770 707 llle
799 649 1080 722 respondit
1115 668 1128 704 :
1163 647 1277 704 Hoc
1305 662 1402 703 vos
1443 647 1582 704 scire
1609 649 1755 711 volo,
1783 648 1910 719 quia
1944 647 2245 702 secundum

676 742 858 797 locum
909 749 1033 812 post
1087 739 1257 795 Deum
1323 739 1533 795 obtinet
1584 739 1764 793 anima
1813 739 2073 805 hominis,
2121 753 2260 793 cum.

676 842 842 889 exuta
873 832 1040 888 fuerit
1069 847 1098 885 a
1125 831 1373 901 corporis
1417 830 1501 886 sui
1551 830 1817 887 tenebris.
1857 829 2057 886 Statim
2093 830 2248 886 deni-

677 939 784 994 que
812 931 864 978 et
896 923 1292 994 pmscientiam
1319 922 1500 985 habet,
1546 929 1769 993 propter
1796 921 1942 992 quod
1988 929 2250 978 evocatur

679 1015 747 1069 ad
778 1015 1231 1070 necromantiam.
1258 1012 1327 1069 Et
1365 1029 1465 1085 ego
1501 1013 1757 1084 respondi
1792 1032 1805 1068 ε
1839 1012 1951 1069 Cur
1984 1029 2114 1085 ergo
2158 1014 2246 1070 in-

678 1104 1028 1160 terfectorum
1076 1105 1270 1160 animae
1309 1119 1420 1160 non
1472 1105 1819 1160 ulciscuntur
1867 1105 2248 1161 interfectores

679 1211 809 1251 suos
830 1196 982 1267 (68)?
999 1197 1068 1250 At
1091 1196 1211 1252 ille:
1235 1195 1353 1252 Non
1371 1197 1688 1263 meministi,
1711 1199 1906 1268 inquit,
1930 1199 2076 1269 quod
2109 1198 2244 1263 dixi,

679 1288 806 1356 quia
837 1303 962 1342 cum
994 1288 1190 1342 exierit
1220 1288 1286 1343 de
1325 1304 1575 1358 corpore,
1635 1291 1796 1345 etiam
1846 1289 2246 1360 prtescientiam

680 1384 881 1437 habet?
906 1379 1122 1436 Memini
1159 1381 1403 1451 inquam.
1445 1378 1527 1435 0b
1556 1381 1657 1435 hoc
1701 1396 1853 1451 ergo,
1888 1381 2089 1450 inquit,
2120 1394 2246 1434 cum

679 1472 894 1528 excedit
925 1488 1231 1542 ecorpore,
1278 1473 1462 1527 statim
1499 1472 1791 1542 praenoscit
1838 1471 2083 1526 futurum
2127 1485 2249 1526 esse

676 1565 969 1634 judicium.
1001 1573 1053 1620 et
1086 1579 1529 1634 unumquemque
1557 1578 1656 1633 pro
1691 1563 1779 1618 his
1810 1579 1931 1634 quin
1961 1563 2048 1619 hic
2078 1563 2249 1634 egerit

682 1655 841 1710 malis
869 1669 1061 1724 pmnas
1090 1655 1368 1716 daturum,
1398 1662 1452 1708 et
1480 1651 1599 1707 ideo
1628 1651 1822 1706 nolunt
1856 1652 2048 1707 ulcisci
2077 1652 2249 1706 inter-

684 1746 918 1802 fectores
949 1761 1099 1810 suos,
1132 1747 1260 1815 quia
1288 1755 1341 1800 et
1374 1745 1502 1815 ipsa:
1543 1758 1640 1814 pro
1673 1744 1789 1798 suis
1823 1743 1980 1798 malis
2009 1759 2128 1813 qua:
2157 1742 2246 1796 hic

681 1836 1093 1899 commiserant,
1131 1814 1415 1904 perferunt
1461 1834 1762 1896 cruciatus,
1818 1840 1872 1887 et
1914 1833 2024 1887 illis
2068 1831 2248 1888 sciunt
2280 1814 2320 1868 Β

683 1926 739 1980 in
765 1926 971 1994 judicio
1005 1927 1253 1996 graviora
1311 1939 1530 1979 manere
1578 1925 1865 1994 supplicia.
1910 1922 2086 1994 Super
2133 1923 2247 1977 hazc

683 2029 864 2073 autem
901 2019 1083 2072 omnia
1131 2033 1233 2072 nec
1262 2017 1599 2086 permittitur
1641 2017 1722 2071 eis
1749 2016 1920 2076 exire,
1954 2025 2046 2068 aut
2071 2014 2250 2069 facere

683 2111 982 2180 quidquam
1028 2109 1097 2162 ab
1136 2109 1343 2178 angelis
1381 2109 1472 2178 qui
1504 2108 1583 2162 eis
1617 2115 1876 2177 praesunt.
1905 2105 1972 2159 Et
2002 2121 2102 2175 ego
2128 2119 2248 2160 res-

683 2202 848 2272 pondi
877 2221 888 2254 :
919 2200 974 2254 Si
1004 2216 1114 2254 non
1143 2199 1478 2269 permittitur
1503 2198 1583 2253 eis
1605 2199 1672 2252 ab
1697 2198 1902 2268 angelis
1926 2197 2032 2250 huc
2063 2196 2251 2250 venire

687 2299 782 2344 aut
831 2292 1008 2347 facere
1050 2291 1194 2360 quod
1227 2292 1442 2350 volunt,
1490 2288 1761 2357 quomodo
1803 2303 1961 2357 mago
1998 2286 2248 2341 evocanti

685 2383 1065 2451 obtemperant
1113 2380 1344 2434 animm?
1390 2377 1548 2448 Ipsis,
1590 2378 1790 2447 inquit,
1848 2378 2135 2432 animabus
2158 2392 2250 2431 ve-

685 2475 804 2528 nire
857 2471 1166 2527 volentibus
1223 2485 1329 2523 non
1358 2470 1660 2538 indulgent,
1712 2484 1836 2522 cum
1885 2484 2014 2524 vero
2060 2469 2114 2521 hi
2155 2469 2246 2538 qui

684 2575 927 2635 praesunt
964 2564 1138 2634 angeli
1171 2559 1738 2630 adjuratiluerilitper
1775 2560 2034 2629 majorem
2067 2573 2247 2619 suum,

682 2664 1096 2712 excusationem
1130 2655 1330 2708 habent
1365 2661 1590 2716 nostras,
1637 2653 1727 2722 qui
1771 2668 1865 2707 eos
1912 2653 2248 2720 adjuramus,

688 2747 980 2810 violentia,
1017 2756 1076 2800 ut
1114 2745 1433 2816 permittant
1464 2745 1614 2800 exire
1653 2747 1863 2798 animas
1896 2758 2031 2812 quas
2059 2756 2251 2796 evoca-

684 2855 841 2903 mus;
873 2854 979 2892 non
1011 2838 1155 2892 enim
1184 2836 1260 2889 illi
1295 2843 1522 2906 peccant
1554 2836 1646 2905 qui
1680 2835 1786 2888 vim
1812 2835 2119 2903 patiuntur,
2157 2832 2251 2886 sed

685 2948 788 2988 nos
828 2931 922 3001 qui
965 2930 1250 2984 inferimus
1307 2928 1708 2983 necessitatem.
1757 2925 1839 2978 Ad
1889 2925 2003 2979 haec
2040 2923 2250 2988 Nieeta,

689 3026 831 3077 ultra
856 3037 963 3076 non
995 3021 1176 3075 ferens
1203 3033 1544 3090 praepropere
1568 3015 1872 3087 respondit,
1901 3015 2045 3085 quod
2076 3021 2130 3068 et
2152 3029 2253 3084 ego

686 3115 909 3186 quidem
939 3111 1184 3167 facturus
1206 3126 1379 3176 eram,
1412 3110 1506 3164 sed
1536 3109 1690 3177 prius
1720 3123 1841 3161 eum
1883 3106 2158 3175 expiscari
2186 3105 2253 3160 de

691 3206 927 3276 singulis
944 3204 1257 3274 cupiebam;
1284 3203 1401 3267 sed,
1427 3210 1485 3256 ut
1504 3200 1639 3264 dixi,
1663 3198 1852 3252 Niccta
1877 3198 2246 3268 praeveniens:

688 3296 754 3352 Et
774 3304 855 3359 tu,
896 3296 1094 3365 inquit,
1129 3308 1236 3347 non
1275 3294 1437 3345 times
1467 3290 1609 3344 diem
1644 3288 1859 3356 judicii,
1896 3289 1988 3358 qui
2017 3289 2123 3341 vim
2156 3303 2254 3341 an-o

674 3385 822 3458 'gelis
851 3385 1005 3446 facis,
1037 3395 1090 3438 et
1138 3385 1346 3436 animas
1391 3395 1605 3443 evocas,
1641 3388 1695 3433 et
1730 3380 1976 3443 homines
2021 3379 2250 3447 decipis,

687 3485 746 3531 et
777 3476 1038 3529 honorem
1074 3472 1172 3526 tibi
1213 3471 1456 3525 divinum
1497 3469 1565 3522 ab
1601 3468 1918 3522 hominibus
1954 3467 2254 3522 mercaris?

687 3573 742 3620 et
771 3563 1044 3635 quomodo
1075 3562 1236 3616 nobis
1267 3560 1561 3631 persuades
1591 3559 1736 3628 quod
1783 3575 1959 3629 neque
1984 3559 2253 3628 judicium

687 3654 824 3714 erit.
850 3658 908 3705 ut
932 3651 1177 3705 nonnulli
1206 3648 1517 3703 Iudaeorum
1549 3649 1822 3712 fatentur,
1855 3665 2030 3719 neque
2059 3649 2254 3703 animae

690 3743 1030 3797 immortales
1073 3743 1205 3805 sint,
1236 3741 1382 3811 quod
1412 3740 1627 3795 videtur
1657 3742 1925 3810 pluribus,
1961 3757 2085 3795 cum
2119 3742 2254 3812 ipsis

691 3831 866 3886 oculis
897 3831 1005 3886 tuis
1031 3830 1216 3886 videas
1242 3845 1356 3894 eas,
1388 3836 1442 3884 et
1466 3832 1881 3885 commotionem
1914 3830 2085 3884 divini
2106 3829 2255 3898 judi-

686 3923 758 3976 cii
789 3923 975 3992 capias
1002 3937 1067 3977 ex
1102 3921 1275 3991 ipsis?

762 4009 902 4066 XIV.
946 4010 1042 4066 His
1077 4013 1144 4065 ab
1173 4027 1238 4065 eo
1272 4010 1434 4065 dictis
1468 4009 1733 4080 impalluit
1766 4009 1974 4073 Simon,
1999 4016 2052 4063 et
2077 4020 2253 4064 tamen

690 4113 812 4176 post
865 4103 1143 4173 paululum
1194 4104 1516 4173 recolligens
1565 4118 1657 4165 se,
1709 4103 1783 4156 ita
1834 4101 2255 4171 responditzNe

692 4195 914 4266 putetis,
943 4195 1138 4265 inquit,
1174 4194 1317 4264 quod
1343 4194 1555 4264 generis
1583 4193 1750 4248 vestri
1783 4194 1944 4246 homo
1976 4193 2078 4246 sim
2108 4210 2121 4256 ;
2153 4206 2253 4263 ego

689 4305 867 4360 neque
898 4304 1086 4359 magus
1119 4303 1262 4354 sum,
1296 4302 1468 4355 neque
1499 4297 1710 4341 amator
1732 4285 1916 4348 Lunae,
1951 4301 2122 4354 neque
2147 4287 2256 4337 An-

691 4381 827 4436 tonii
879 4381 1041 4436 illius.
1078 4381 1218 4433 Ante
1266 4379 1410 4432 enim
1467 4394 1626 4447 quam
1680 4387 1849 4431 mater
1894 4394 2010 4431 mea
2055 4377 2254 4431 Rachel

2345 571 2627 628 magnum,
2684 564 2738 611 et
2798 556 3074 613 hominem
3120 556 3263 612 inter
3327 557 3578 615 homines
3632 574 3922 632 apparere.

2346 645 2616 703 Tentaudi
2644 664 2776 720 ergo
2800 649 2976 720 gratia
3007 664 3102 705 vos
3132 649 3344 720 primos
3379 653 3655 722 assumpsi
3686 656 3924 718 amicos,

2347 745 2407 793 ut
2437 737 2492 792 in
2537 740 2855 796 caelestibus
2882 749 2936 795 et
2972 741 3339 798 ineﬂ'abilibus
3367 743 3502 800 locis
3544 744 3683 800 meis
3711 746 3925 817 primos

2347 841 2445 882 vos
2492 827 2776 894 collocem,
2829 844 2954 883 cum
3000 831 3323 900 probavero.
3364 831 3612 889 Humana
3667 850 3810 906 ergo
3859 836 3926 890 de

2347 919 2557 990 meipso
2587 921 2848 978 mentitus
2880 937 3024 987 sum,
3049 931 3109 977 ut
3137 936 3234 980 vos
3264 925 3614 982 manifestius
3659 941 3926 996 compro—

2346 1009 2554 1077 barem,
2585 1011 2631 1067 si
2664 1012 2934 1086 integrum
2959 1029 3086 1084 erga
3117 1030 3202 1069 me
3230 1016 3468 1072 servatis
3490 1016 3774 1072 an‘ectum.
3810 1016 3928 1087 Ego

2346 1117 2474 1157 vero
2494 1104 2608 1158 haec
2632 1105 2882 1170 audiens,
2903 1107 3081 1178 ipsum
3105 1106 3325 1177 quidem
3358 1107 3618 1162 miserum
3637 1107 3924 1178 judicans,

2348 1195 2738 1266 impudentiam
2763 1203 2946 1254 tamen
2978 1197 3098 1267 ejus
3134 1197 3436 1263 admirans,
3463 1207 3518 1254 et
3565 1215 3665 1269 pro
3694 1215 3765 1255 eo
3807 1199 3929 1269 ipse

2345 1289 2697 1351 erubescens,
2733 1287 2898 1343 simul
2939 1297 2994 1344 et
3034 1288 3244 1345 veritus
3266 1305 3335 1345 ne
3361 1289 3494 1361 quid
3539 1290 3595 1343 in
3627 1306 3733 1346 nos
3764 1291 3930 1344 moli.

2347 1389 2499 1436 retur
2514 1382 2661 1445 mali,
2681 1383 2850 1436 innuo
2865 1380 3083 1447 Nicetis,
3101 1384 3377 1456 paulisper
3393 1401 3501 1440 una
3518 1399 3732 1440 mecum
3751 1386 3928 1439 simu-

2347 1472 2481 1535 lare,
2501 1479 2554 1527 et
2583 1472 2669 1526 aio
2686 1473 2752 1526 ad
2786 1487 2908 1527 eum
2931 1494 2943 1528 :
2965 1473 3081 1528 Non
3103 1474 3261 1530 nobis
3287 1475 3588 1545 indigneris
3607 1475 3927 1531 hominibus

2347 1565 2813 1634 corruptibilibus,
2854 1568 3286 1636 incorruptibilis
3341 1566 3521 1635 Deus;
3559 1568 3656 1623 sed
3701 1569 3927 1637 suscipe

2347 1656 2520 1726 magis
2552 1657 2806 1711 allectum
2841 1666 3110 1722 nostrum,
3132 1669 3187 1714 et
3207 1660 3448 1714 animum
3475 1663 3750 1716 volentem
3783 1662 3928 1716 scire

2348 1746 2438 1814 qui
2463 1747 2533 1800 sit
2555 1745 2730 1808 Deus:
2763 1750 3002 1804 nondum
3025 1750 3167 1804 enim
3195 1751 3503 1807 sciebamus
3523 1753 3649 1822 quis
3667 1770 3848 1817 esses,
3875 1763 3929 1808 et

2351 1851 2451 1890 nec
2503 1838 2915 1896 advertebamus
2953 1841 3078 1910 quia
3106 1849 3164 1894 tu
3203 1857 3264 1897 es
3303 1858 3462 1911 quem
3519 1846 3926 1913 quaerebamus.

2421 1925 2535 1980 XV.
2577 1927 2701 1981 Haec
2733 1937 2787 1983 et
2816 1929 2902 1985 his
2928 1931 3127 1985 similia
3154 1932 3309 1986 vultu
3340 1947 3441 2002 pro
3474 1949 3534 1988 re
3572 1941 3758 2003 aptato
3799 1950 3928 2004 pro-

2353 2019 2710 2087 sequentibus
2762 2021 2944 2084 nobis,
3000 2025 3332 2079 vanissimus
3379 2026 3618 2080 credidit
3660 2041 3764 2081 nos
3829 2027 3928 2082 de-

2352 2114 2562 2176 ceptos,
2587 2115 2641 2163 et
2664 2125 2729 2164 eo
2759 2113 2930 2182 magis
2960 2113 3136 2168 elatus
3169 2115 3554 2171 addiditetiam
3590 2118 3703 2172 hac
3742 2137 3755 2172 :
3793 2116 3929 2173 Pro-

2353 2198 2518 2266 pitius
2547 2202 2702 2255 vobis
2739 2202 2859 2271 -jam
2892 2219 3034 2269 sum,
3058 2189 3178 2274 pro
3220 2207 3414 2262 affectu
3445 2223 3607 2277 quem
3651 2224 3784 2279 erga
3833 2225 3927 2265 me

2351 2289 2518 2343 Deum
2543 2293 2750 2360 geritis,
2778 2308 2863 2347 me
2883 2292 3027 2368 enim
3055 2295 3345 2366 diligentes
3377 2299 3726 2363 nesciebatis,
3759 2308 3816 2354 et
3845 2317 3930 2354 me

2352 2390 2656 2451 quaerentes
2682 2383 3036 2452 ignorabatis.
3075 2385 3180 2441 Sed
3213 2389 3339 2443 nolo
3359 2387 3794 2460 dubitetis,quia
3827 2390 3930 2443 hoc

2352 2483 2585 2538 estivere
2615 2473 2781 2528 Deum
2822 2489 2963 2538 esse,
2997 2490 3120 2529 eum
3162 2485 3339 2546 potest
3370 2481 3494 2549 quis
3522 2485 3724 2548 parvus
3755 2481 3926 2546 efﬁci,

2352 2566 2437 2619 vel
2469 2581 2717 2634 magnus,
2772 2565 2817 2619 si
2854 2567 3109 2630 voluerit,
3137 2581 3263 2622 nam
3309 2585 3534 2639 quoquo
3565 2571 3728 2636 modo
3762 2587 3930 2642 appa-

2353 2669 2473 2709 rere
2509 2655 2821 2710 hominibus
2843 2664 3109 2724 poteram.
3141 2657 3297 2714 Nunc
3323 2675 3452 2729 ergo
3487 2660 3744 2729 incipiam
3773 2661 3929 2715 vobis

2355 2748 2565 2815 aperire
2594 2747 2738 2817 quod
2767 2765 2951 2803 verum
2981 2758 3086 2805 est.
3133 2750 3244 2821 Ego
3273 2752 3475 2806 virtute
3523 2767 3643 2807 mea
3682 2752 3926 2824 quodam

2354 2846 2596 2906 tempore
2637 2854 2816 2893 aerem
2857 2847 3076 2893 vertens
3122 2840 3176 2893 in
3229 2841 3580 2911 aquam(70),
3620 2850 3676 2897 et
3727 2858 3926 2913 aquam

2355 2942 2551 2982 rursus
2581 2929 2634 2982 in
2659 2931 2998 2999 sanguinem,
3039 2946 3368 3002 carnemque
3413 2923 3678 2996 solidans,
3717 2950 3927 2988 novum

2357 3017 2631 3070 hominem
2677 3032 2902 3086 puerum
2940 3017 3193 3082 formavi,
3239 3029 3452 3087 etopus
3485 3019 3773 3075 conditore
3819 3019 3928 3074 Deo

2356 3107 2528 3160 multo
2567 3107 2807 3161 nobilius
2840 3109 3058 3177 protuli.
3101 3107 3195 3163 Ille
3235 3111 3380 3163 enim
3409 3111 3614 3164 creavit
3645 3110 3928 3165 hominem

2354 3212 2384 3249 e
2427 3205 2592 3262 terra,
2625 3211 2726 3268 ego
2769 3205 2973 3262 autem,
3022 3197 3168 3268 quod
3191 3206 3274 3252 est
3319 3197 3614 3261 dilIicilius,
3653 3215 3719 3252 ex
3779 3214 3923 3265 aere,

2355 3303 2624 3357 quemque
2672 3303 2864 3342 rursus
2917 3289 3196 3344 resolvens
3244 3288 3356 3344 aeri
3406 3288 3639 3352 reddidi,
3686 3289 3925 3360 speciem

2357 3389 2533 3434 tamen
2567 3381 2684 3449 ejus
2724 3380 3119 3450 imaginemque
3137 3380 3408 3450 depictam
3443 3379 3499 3436 in
3527 3381 3798 3436 interiore
3826 3397 3923 3436 cu-

2356 3472 2536 3526 biculo
2580 3473 2863 3536 collocavi,
2915 3482 2971 3526 ut
3011 3482 3159 3528 esset
3218 3473 3482 3527 indicium
3541 3487 3605 3527 ac
3657 3475 3922 3527 memoria

2354 3564 2536 3633 Operis
2572 3565 2700 3618 mei.
2729 3563 2853 3617 Haec
2886 3574 3065 3618 autem
3113 3564 3551 3634 intelligebamus
3589 3580 3714 3619 eum
3742 3565 3924 3619 dicere

2354 3670 2453 3724 pro
2484 3669 2651 3724 puero
2696 3655 2807 3717 illo,
2847 3655 3004 3722 cujus
3044 3655 3095 3708 vi
3142 3655 3318 3710 necati
3357 3655 3561 3719 anima,
3593 3655 3660 3708 ad
3693 3671 3758 3709 ea
3804 3672 3922 3725 quae

2353 3744 2567 3797 volebat
2599 3743 2921 3807 ministeria,
2951 3744 3222 3799 utebatur.

2459 3834 2596 3889 XVI.
2638 3835 2832 3889 Petrus
2878 3851 3008 3890 vero
3039 3836 3152 3890 haec
3198 3836 3429 3891 audiens
3489 3851 3614 3890 cum
3666 3837 3921 3907 laerymis

2355 3924 2467 3979 ait:
2500 3925 2666 3980 Miror
2698 3926 2989 3980 admodum
3022 3926 3344 3981 immensam
3380 3925 3472 3981 Dei
3505 3929 3850 3995 patientiam,
3874 3936 3922 3981 et

2354 4033 2384 4072 e
2415 4017 2694 4079 contrario
2718 4018 2772 4071 in
2801 4020 3078 4073 nonnullis
3109 4020 3357 4072 humanae
3389 4019 3716 4073 temeritatis
3759 4020 3920 4072 auda-

2355 4109 2514 4162 ciam.
2541 4107 2672 4172 Qua:
2696 4109 2839 4162 enim
2866 4109 3004 4162 ratio
3026 4109 3254 4164 inveniri
3283 4109 3421 4162 ultra
3454 4109 3675 4177 poterit,
3702 4123 3826 4175 qua:
3848 4106 3920 4159 Si-

2354 4199 2502 4252 moni
2535 4199 2779 4260 suadeat,
2810 4200 2951 4269 quod
2985 4199 3123 4254 Deus
3146 4199 3350 4268 judicet
3373 4199 3625 4268 iniquos;
3655 4215 3781 4250 cum
3815 4200 3920 4267 ipse

2357 4291 2457 4345 sibi
2496 4291 2807 4360 persuadet,
2834 4292 2975 4360 quod
3001 4291 3305 4343 animarum
3327 4289 3632 4344 obedientia
3663 4289 3729 4341 ad
3755 4291 3918 4343 scele-

2355 4398 2476 4436 rum
2501 4397 2724 4437 suorum
2759 4367 2943 4436 utatur
2986 4382 3388 4436 minislerium?
3415 4397 3472 4436 re
3522 4390 3704 4434 autem
3741 4397 3864 4434 vera
3892 4397 3918 4432 a

695 4470 1011 4524 conveniret
1039 4484 1162 4523 cum
1191 4483 1256 4522 eo
1284 4466 1419 4536 (69),
1462 4469 1639 4521 adhuc
1675 4469 1827 4539 virgo
1850 4469 2100 4538 concepit
2143 4484 2250 4531 me.
2288 4500 2330 4552 υ
2356 4475 2694 4530 daemonibus
2725 4474 2967 4529 illuditur
2987 4492 3000 4540 ;
3024 4474 3260 4528 tamen"
3279 4488 3401 4527 cum
3421 4489 3514 4543 per
3531 4474 3646 4526 hac
3667 4474 3784 4542 ipsa
3803 4488 3916 4527 cer-

800 4610 840 4640 "
884 4606 1077 4661 Tamen
1116 4633 1186 4642 —-
1213 4602 1560 4656 substantiam
1597 4601 1794 4658 desunt
1838 4604 1891 4657 in
1922 4602 2079 4656 codd.
2118 4602 2296 4672 Lipss.

1954 4717 2316 4774 COTELERII
2356 4714 2587 4772 NOTE.

692 4857 788 4918 pra
821 4839 990 4920 relato
1024 4850 1147 4890 cum
1191 4834 1521 4915 testimoniis
1563 4844 1804 4886 veterum
1841 4852 1854 4887 :
1890 4833 2058 4955 Atiae
2090 4833 2258 4887 Simo-

694 4917 795 4969 πίω
840 4908 1107 4970 lethtleras
1151 4914 1535 4959 necromantiae
1565 4903 1838 4957 labrusca;
1883 4921 1943 4956 ra
1984 4915 2138 4956 tortus
2166 4919 2257 4956 ea:-

693 4986 1022 5048 atirpantem,
1071 4991 1169 5044 pro
1212 4975 1477 5044 lethiferas
1517 4991 1713 5048 necnon
1757 4972 2026 5048 Rom_aniae
2079 4973 2257 5048 labru-

695 5041 848 5113 mi,-
871 5063 1058 5102 vereor
1073 5041 1142 5098 'ut
1174 5048 1245 5099 sit
1267 5041 1635 5100 necessarium
1666 5059 1678 5094 :
1713 5059 1834 5096 cum
1865 5041 2127 5097 Romania
2163 5059 2260 5097 ex-

696 5123 822 5194 poni
868 5118 1040 5194 possit
1077 5113 1322 5194 Romana
1368 5114 1557 5194 religio
1588 5129 1683 5194 seu
1713 5113 1932 5168 ethnica
1956 5153 1971 5178 ,
2001 5113 2260 5183 quemad-

697 5184 915 5248 modum
948 5184 1190 5239 Simouia
1226 5185 1449 5240 haeresis
1481 5185 1719 5238 Simonis

767 5259 880 5331 (68)
912 5257 1022 5331 Cur
1047 5273 1168 5326 ergo
1198 5255 1588 5331 interﬁt-torum
1625 5254 1817 5307 animo:
1858 5269 1961 5306 non
1998 5252 2260 5331 ulciscun-

696 5321 785 5384 tur
814 5321 1166 5394 interfectores
1197 5321 1356 5381 suos?
1383 5324 1526 5394 Idem
1567 5331 1944 5394 argumentum
1977 5331 2128 5394 urget
2153 5321 2259 5375 Ta-

697 5403 880 5456 tianus
906 5390 1158 5451 Oratione
1176 5405 1359 5449 contra
1387 5390 1698 5464 ercosfp.
1735 5392 1855 5464 lei.

768 5469 883 5540 (69)
916 5469 1048 5520 Ante
1087 5467 1414 5540 enimquam
1442 5461 1754 5540 rnaterjnea
1783 5461 1994 5540 IiaclteL
2014 5462 2255 5540 conveni-

697 5531 924 5594 ret'cu’m
963 5552 1041 5591 ro.
1084 5531 1342 5591 Abutitur
1367 5535 1566 5605 impius
1599 5533 1788 5605 Simon
1819 5534 1938 5586 loco
1962 5531 2255 5605 Scriptura:

700 5609 888 5688 Matth.
910 5606 1084 5688 _I._48,
1116 5606 1242 5688 quia
1285 5621 1343 5688 se
1376 5602 1501 5661 esse
1527 5604 1820 5688 ‘Christum
2052 5602 2254 5688 voluit;

695 5679 842 5758 quod
873 5685 928 5758 et
956 5674 1024 5731 de
1048 5691 1108 5758 te
1134 5672 1269 5758 ipsis
1290 5676 1553 5758 dixerunt
1570 5675 1789 5758 quidam
1822 5673 2124 5758 postuillum
2148 5672 2257 5758 ha:-

700 5742 1009 5810 r'esiarcba.
1051 5742 1177 5802 Pari
1216 5746 1380 5803 modo
1414 5745 1557 5816 apud
1589 5742 1882 5800 Socratem
1918 5742 2012 5800 lib.
2045 5757 2099 5810 ι,
2134 5757 2254 5814 cap.

2359 4833 2452 4891 22.
2475 4831 2873 4893 Terebinthus,
2905 4845 3001 4884 seu
3038 4827 3251 4882 Buddas
3296 4832 3480 4880 natum
3529 4837 3588 4877 se
3616 4839 3682 4876 ex
3715 4825 3917 4893 virgine

2360 4905 2590 4956 allirmat
2623 4920 2635 4956 :
2670 4892 2892 4969 propter
2917 4909 3176 4960 veterem,
3210 4897 3263 4950 ni
3283 4897 3470 4969 fallor,
3501 4892 3760 4969 Buddaut
3777 4892 3915 4969 λειφ-

2361 4974 2526 5027 menti
2566 4962 2931 5040 Alexandrino
2982 4969 3231 5040 Buttam,
3272 4963 3470 5040 Strgm.
3512 4979 3570 5040 ι,⁵
3599 4977 3652 5040 p.
3697 4962 3916 5040 30_5)_d_e

2360 5059 2469 5110 quo
2499 5051 2621 5111 post
2648 5041 2786 5111 alios
2816 5039 3147 5111 Batraninus
3169 5037 3316 5111 libro
3345 5033 3422 5111 De
3456 5031 3732 5111 nativitate
3770 5031 3917 5111 ςιιτε-

2359 5102 2428 5164 δἐἰ
2460 5102 2579 5180 cap.
2611 5112 2666 5168 5,
2691 5109 2958 5178 Spicilegii
2989 5106 3271 5180 Aelia-iani
3315 5112 3353 5157 t.
3383 5106 3428 5163 l.
3468 5103 3548 5154 Αη
3577 5111 3729 5180 ςενιε,
3759 5102 3920 5180 Βηξειτ

2361 5171 2637 5234 manorum
2665 5171 2938 5249 sequemur
2960 5178 3274 5246 opinionem,
3305 5184 3360 5227 ut
3383 5171 3824 5253 quemadmodum
3847 5171 3918 5255 illi

2361 5261 2512 5305 sectae
2537 5267 2646 5304 sua:
2675 5260 2941 5303 auctorem
2985 5245 3226 5301 Bubdam
3257 5245 3331 5316 (ι.
3355 5241 3618 5316 θυαμ-αφ)
3645 5256 3737 5306 ριν
3773 5259 3921 5316 ρίγω-

2357 5264 2512 5305 εεειαε
2537 5267 2646 5304 ευω
2675 5264 2941 5303 auctorem
2985 5264 3226 5301 uuoaam
3257 5264 3331 5305 υ.

2359 5323 2440 5374 nis
2473 5321 2612 5374 latus
2647 5328 2870 5373 narrant
2897 5327 3173 5381 exortum,
3206 5311 3280 5369 ita
3319 5331 3412 5369 nos
3449 5311 3717 5368 Christum
3760 5311 3918 5381 [uisu

2353 5392 2695 5459 pradicemus
2708 5392 2734 5445 2'
3018 5459 3023 5460 ν
3351 5451 3404 5460 Δ,
3637 5450 3650 5460 _
3770 5451 3780 5460 η

2454 5460 2542 5529 70)
2572 5461 2756 5513 Aerem
2783 5467 2980 5514 vertens
3008 5459 3064 5512 in
3085 5473 3312 5529 aquam.
3340 5451 3594 5529 Clamat.
3637 5450 3830 5529 |mmi_l_._
3855 5451 3915 5529 _9.,

2356 5546 2406 5606 e_.
2435 5518 2662 5606 9§.'Hoc
2677 5544 2892 5606 quoque
2919 5547 2950 5584 e
2967 5518 3164 5606 _medi_:_i_
3187 5523 3524 5606 philosophia
3543 5518 3915 5606 Simonﬁide

2360 5602 2436 5656 sis
2463 5590 2752 5670 Diogenem
2803 5590 3218 5670 Laertiumlili.
3255 5590 3423 5670 vitia
3466 5590 3705 5670 Zeno__u,
3749 5592 3913 5670 Clem.

2359 5671 2537 5797 ﬁlex.i
2565 5659 2772 5795 Strom‘.
2808 5665 2870 5737 ν,
2897 5685 2954 5741 p.
2991 5667 3118 5736 599,
3159 5663 3547 5724 Theodoritum
3581 5659 3783 5717 ﬂaret.
3839 5661 3914 5730 [o-

2393 5756 2426 5795 u
2453 5780 2495 5797 ..
2543 5782 2556 5797 .
2588 5756 2627 5797 ι.
2661 5757 2709 5797 c.
2780 5778 2798 5796 .

2393 5756 2495 5810 ιιι..
2520 5756 2556 5797 ι.
2588 5756 2627 5806 I,
2661 5757 2709 5798 c.
2745 5756 2798 5796 ι.
