4050 6336
174 338 315 395 ιῖὅἸ

1384 334 1951 393 RECOGNITIONUM
1987 336 2115 390 LIB.
2156 336 2219 389 ll.

3286 336 3422 391 19.53

166 459 261 507 tus
289 453 381 517 sit,
422 453 566 522 quod
598 415 929 508 immortales
961 460 1088 505 sunt
1124 450 1315 503 animai
1344 460 1395 505 et
1416 451 1736 519 judicautur
1768 456 1809 510 Α
1841 448 2031 505 ﬁdeles
2063 464 2093 502 a
2126 447 2381 502 fidelibus
2402 457 2453 503 et
2481 448 2962 518 piidiscernantur
2982 452 3049 504 ab
3073 450 3272 520 impiis,
3299 466 3424 520 per-

164 560 269 614 pro
289 546 373 599 his
398 560 518 614 quae
533 547 820 616 gesserint,
840 555 891 598 et
909 545 1000 612 qui
1017 560 1073 598 se
1086 550 1234 613 putet
1256 558 1312 597 re
1333 544 1448 613 ipsa
1473 542 1653 597 videre
1672 556 1735 596 ea

160 649 290 702 quae
321 649 420 689 nos
447 637 549 689 ﬁde
584 636 880 695 credimus,
918 634 1188 704 quamvis,
1217 642 1275 685 ut
1305 633 1439 697 dixi,
1478 634 1739 688 illudatur

158 742 195 780 a
227 727 582 791 daemonibus,
611 736 792 781 tamen
823 728 1117 782 arbitratur
1148 742 1205 781 se
1234 728 1404 796 ipsam
1435 727 1628 780 animae
1656 727 1738 781 vi-

158 816 294 871 dere
324 817 707 873 substantiam.
731 817 959 882 Quando
981 816 1089 878 hic,
1114 817 1355 885 inquam,
1376 816 1633 871 fatebitur
1656 816 1736 871 vel

158 910 306 962 male
330 923 391 964 se
427 924 585 978 agere
619 910 671 963 in
710 916 861 963 tanto
891 909 1033 962 malo
1068 910 1301 979 positus,
1352 910 1435 962 vel
1475 908 1734 977 judican-

150 995 291 1051 dum
323 1012 385 1054 se
415 1013 513 1066 pro
536 999 620 1053 his
652 1014 773 1068 quae
800 1000 1109 1067 egerit,,qui
1141 998 1323 1052 sciens
1348 996 1441 1052 Dei
1466 997 1735 1067 judicium

155 1089 463 1143 contemnit
504 1098 557 1142 et
594 1086 874 1143 inimicum
926 1105 984 1143 se
1038 1089 1257 1143 exhibet
1300 1088 1431 1155 Deo,
1471 1097 1525 1143 et
1572 1090 1736 1144 audet

156 1186 271 1232 tam
296 1178 530 1233 nefanda
560 1180 936 1235 committere?
968 1178 1121 1234 Unde
1152 1189 1359 1234 certum
1391 1192 1496 1243 est,
1538 1179 1735 1234 fratres

156 1269 593 1325 meimonuullos
622 1270 833 1323 veritati
865 1286 929 1324 ac
954 1270 1199 1340 religioni
1232 1269 1326 1324 Dei
1351 1285 1456 1323 non
1488 1270 1607 1324 ideo
1640 1267 1736 1322 ad-

152 1360 389 1424 versari,
422 1360 566 1429 quod
610 1361 690 1414 eis
726 1360 849 1415 ﬁdei
885 1362 1023 1415 ratio
1092 1376 1435 1431 nequaquam
1478 1368 1733 1416 constare

150 1447 431 1511 videatur,
465 1448 559 1502 sed
596 1450 724 1517 quia
766 1456 858 1503 aut
888 1450 1166 1503 nimietate
1198 1459 1542 1519 peccatorum
1578 1452 1733 1505 invo-

150 1537 279 1605 luti,
310 1549 401 1592 aut
428 1540 585 1594 malis
622 1540 736 1593 suis
768 1543 1041 1609 praaveuti
1066 1549 1119 1595 et
1152 1550 1365 1596 tumore
1391 1542 1577 1597 cordis
1602 1542 1731 1596 elati

146 1636 308 1693 sunt,
341 1629 509 1681 ita'ut
536 1644 633 1682 nec
652 1644 714 1682 ea
746 1629 965 1698 quidem
992 1630 1238 1693 credant,
1271 1646 1392 1699 qua:
1414 1632 1588 1688 oculis
1616 1631 1731 1687 suis

146 1732 217 1771 se
247 1716 430 1771 videre
456 1718 809 1773 arbitrantur.

220 1848 383 1905 XVII.
427 1849 624 1905 Verum
657 1854 912 1922 quoniam
942 1854 1177 1923 ingenita
1216 1871 1340 1927 erga
1385 1855 1553 1911 Deum
1589 1873 1726 1911 con-

141 1936 386 1994 ditorem
416 1938 667 1995 sufficere
700 1940 767 1994 ad
794 1942 1025 1995 salutem
1053 1946 1337 1999 videbatur
1367 1946 1585 2001 affectio
1619 1949 1723 2015 his,

140 2028 243 2098 qui
276 2028 562 2099 diligerent
594 2044 740 2093 eum,
770 2031 950 2085 studet
994 2033 1249 2089 inimicus
1298 2035 1440 2089 hanc
1484 2036 1727 2091 affectio-

140 2135 277 2173 nem
310 2120 367 2173 in
399 2118 712 2174 hominibus
744 2130 1074 2189 pervertere,
1110 2130 1161 2177 et
1210 2121 1463 2180 inimicos
1494 2141 1587 2181 eos
1613 2126 1726 2181 cm-

138 2226 274 2283 cere
318 2219 478 2281 atque
525 2211 765 2281 ingratos
796 2212 1080 2287 Conditori
1129 2231 1250 2269 suo.
1303 2216 1499 2272 Testor
1543 2226 1725 2273 autem

132 2302 347 2355 cmlum
374 2316 448 2355 ac.
468 2309 691 2364 terram,
722 2302 867 2371 quod
901 2304 945 2357 si
978 2314 1241 2374 quantum
1286 2308 1437 2376 cupit
1470 2308 1725 2365 inimicus

146 2390 436 2455 desaevire,
468 2391 873 2459 permitteretur
901 2395 1064 2447 etiam
1097 2410 1126 2448 a
1174 2395 1304 2461 Deo,
1355 2400 1484 2452 olim
1532 2416 1724 2455 omnes

137 2482 397 2537 homines
428 2484 804 2551 dcperissent;
839 2487 931 2541 sed
980 2489 1369 2545 misericordia:
1404 2507 1573 2546 causa
1612 2509 1723 2549 non

136 2575 276 2628 sinit
310 2574 471 2629 Deus.
505 2575 661 2640 Quod
692 2578 736 2631 si
756 2576 799 2607 “
826 2578 1079 2637 allectum
1113 2595 1269 2634 suum
1308 2582 1559 2639 homines
1590 2599 1724 2639 con-

142 2673 426 2719 verterent
458 2668 524 2720 ad
552 2666 741 2729 Deum,
782 2684 971 2722 omnes
1003 2671 1118 2725 sine
1154 2671 1320 2726 dubio
1350 2674 1717 2742 salvarentur,

132 2758 304 2811 etiam
336 2759 380 2811 si
414 2775 511 2827 pro
537 2762 812 2829 aliquibus
865 2761 1077 2815 delictis
1114 2762 1184 2817 ob
1214 2765 1487 2833 justitiam
1517 2769 1719 2837 corripi

134 2847 475 2902 viderentur.
514 2848 620 2904 Sed
650 2866 797 2904 nunc
830 2850 1047 2920 plurimi
1090 2852 1372 2906 hominum
1407 2854 1616 2908 inimici
1639 2855 1721 2909 ef-

134 2940 267 2995 fecti
300 2950 427 2995 sunt
468 2941 585 3009 Dei,
636 2959 868 3013 quorum
898 2944 1169 3014 malignus
1190 2947 1357 3000 corda
1394 2952 1716 3016 penetravit,

132 3040 195 3085 et
251 3032 507 3087 affectum
560 3050 721 3104 quem
775 3036 854 3090 eis
906 3022 1157 3090 conditor
1197 3036 1338 3093 Deus
1388 3040 1713 3108 inseruerat,

1839 543 2071 595 missum
2099 548 2183 595 est
2210 542 2451 611 maligno
2477 542 2555 595 uti
2588 542 2673 597 his
2695 543 2928 606 artibus,
2955 544 3155 612 quibus
3179 543 3422 612 singulo—

1840 646 1961 684 rum
1985 646 2111 701 erga
2141 646 2329 685 verum
2358 640 2639 701 parentem
2678 633 2977 701 probentur
2999 632 3243 685 affectus.
3266 632 3423 696 Quod

1838 723 1886 776 si
1911 722 1956 753 ³⁸
1982 736 2109 775 vere
2148 731 2294 778 esset
2342 722 2541 793 aliquis
2581 722 2717 777 deus
2763 724 2999 785 alienus,
3028 734 3209 776 tamen
3237 724 3304 776 ab
3332 739 3417 779 eo.

1837 812 2066 882 quinos
2113 822 2399 869 creaverat
2452 814 2656 884 quique
2706 815 2865 868 nobis
2890 826 3039 883 pater
3081 822 3133 866 et
3170 816 3422 867 conditor

1840 904 2039 967 fuerat,
2076 911 2361 958 rectumne
2401 913 2541 969 erat,
2577 906 2770 959 relicto
2820 908 3039 975 prOprio
3074 906 3309 958 transire
3354 905 3419 957 ad

1835 994 2117 1047 alienum?
2154 994 2221 1047 Et
2262 994 2460 1063 Aquila
2493 1014 2504 1048 :
2539 992 2736 1048 Absit!
2775 996 2971 1063 inquit.
3012 994 3149 1047 Tum
3182 994 3414 1051 Petrus:

1836 1085 2121 1151 Quomodo
2142 1102 2271 1156 ergo
2292 1086 2540 1142 dicemus
2566 1087 2861 1156 malignum
2887 1103 3010 1141 esse
3035 1102 3257 1141 causam
3288 1103 3416 1156 pec—

1836 1176 1945 1229 cati
1980 1177 2178 1240 nostri,
2204 1192 2329 1229 cum
2358 1176 2463 1230 hoc
2481 1178 2753 1247 permissu
2775 1176 2868 1229 Dei
2902 1176 3010 1239 ﬁat,
3034 1182 3091 1227 ut
3120 1192 3215 1245 per
3240 1176 3415 1244 ipsum

1836 1268 2139 1336 probentur
2169 1276 2222 1322 et
2254 1268 2309 1321 in
2340 1268 2428 1321 die
2453 1267 2648 1337 judicii
2686 1279 2987 1337 arguantur
3024 1270 3076 1319 hi
3116 1268 3207 1334 qui
3242 1268 3418 1333 majo-

1836 1361 1989 1415 ribus
2026 1360 2520 1430 pollicitationibus
2570 1361 2806 1423 invitati,
2839 1362 2951 1413 veri
2996 1360 3166 1428 patris
3199 1367 3252 1412 ct
3290 1375 3417 1412 con-

1836 1451 2033 1505 ditoris
2065 1452 2151 1504 sui
2186 1452 2512 1521 reliquerint
2546 1451 2827 1521 pietatem,
2871 1452 2921 1503 lii
2964 1467 3094 1503 vero
3126 1451 3215 1519 qui
3258 1450 3413 1503 fidem

1834 1552 1889 1596 et
1919 1544 2245 1597 charitatem
2277 1544 2482 1613 proprii
2514 1544 2706 1612 patris,
2734 1546 2895 1597 etiam
2929 1560 3048 1597 cum
3072 1550 3411 1612 paupertate,

1834 1636 1878 1688 si
1913 1635 2197 1697 acciderit,
2230 1644 2284 1688 et
2316 1651 2439 1690 cum
2475 1638 2827 1691 tribulatione
2858 1638 3217 1697 servaverint,
3252 1638 3413 1691 donis

1834 1728 2154 1783 cwlestibus
2192 1729 2245 1781 in
2279 1744 2447 1799 regno
2478 1729 2598 1797 ejus
2638 1739 2691 1783 et
2734 1730 3135 1783 immortalibus
3170 1732 3412 1787 muneri—

1762 1792 1807 1852 Β
1836 1821 1936 1875 bus
1959 1820 2353 1890 perfruantur?
2384 1821 2489 1877 Sed
2516 1824 2629 1878 haec
2658 1825 2797 1878 alias
2826 1814 3142 1893 diligentius
3174 1840 3411 1893 expone-

1830 1932 1971 1969 mus.
2017 1914 2158 1979 Quid
2220 1927 2400 1970 autem
2449 1914 2639 1970 Simon
2690 1917 2859 1987 egerit
2907 1926 3027 1987 post
3083 1922 3215 1983 hzee,
3268 1923 3410 1977 scire

1824 2008 2008 2075 cupio.

1898 2097 2039 2152 XIX.
2084 2098 2147 2152 Et
2190 2099 2381 2155 Niceta
2416 2104 2697 2172 reSpoudit
2730 2124 2742 2157 :
2776 2104 2873 2158 Ubi
2910 2107 3244 2161 intellexisse
3282 2122 3406 2161 eum

1825 2190 2127 2256 sensimus,
2154 2193 2296 2265 quod
2322 2193 2700 2262 deprehensus
2736 2208 2882 2251 esset
2924 2214 2953 2250 a
3000 2199 3179 2261 nobis,
3228 2202 3406 2253 collo-

1824 2281 1937 2335 cuti
1969 2280 2109 2335 inter
2140 2298 2240 2337 nos
2264 2282 2330 2337 de
2359 2284 2663 2340 sceleribus
2701 2287 2819 2356 ejus
2848 2288 3175 2357 reliquimus
3204 2306 3325 2344 eum
3352 2301 3405 2345 et

1826 2374 1894 2429 ad
1938 2373 2257 2430 Zacchmum
2307 2379 2580 2443 venimus,
2632 2380 2747 2433 haec
2794 2381 2909 2450 ipsa
2944 2384 3013 2443 ei,
3057 2400 3179 2451 quae
3222 2394 3275 2438 et
3306 2387 3403 2440 tibi

1823 2482 1974 2521 nunc
2002 2469 2357 2535 protulimus,
2407 2468 2735 2527 indicantes.
2782 2472 2848 2525 At
2883 2473 2971 2526 ille
3004 2474 3400 2543 benignissime

1822 2573 1922 2611 nos
1984 2560 2311 2628 suscipiens,
2367 2571 2420 2616 et
2471 2561 2538 2617 de
2597 2563 2700 2617 fide
2756 2563 2969 2618 Domini
3038 2547 3209 2621 nostri
3269 2567 3401 2622 Jesu

1821 2646 2029 2702 Christi
2061 2650 2319 2715 edocens,
2364 2651 2605 2707 ﬁdelium
2650 2670 2882 2709 numero
2937 2658 3184 2711 sociavit.
3230 2660 3397 2712 Cum-

1822 2752 1928 2805 que
1952 2736 2066 2791 lmc
2103 2738 2295 2793 Niceta
2326 2740 2579 2806 dixisset,
2615 2742 2910 2800 Zacchmus
2946 2746 3037 2815 qui
3071 2748 3233 2816 paulo
3274 2757 3400 2801 ante

1821 2841 2081 2897 egressus
2109 2828 2312 2898 fuerat,
2338 2832 2743 2902 ingrediebatur
2769 2835 2955 2891 dicens
2986 2858 2998 2892 :
3028 2838 3266 2909 Tempus
3292 2852 3396 2907 cst,

1824 2927 1883 2971 ut
1910 2920 2179 2989 procedas
2231 2922 2298 2975 ad
2348 2922 2763 2995 diSputandum,
2809 2927 3005 2993 Petro;
3054 2930 3209 2984 turba
3254 2932 3397 2984 enim

1823 3012 1993 3064 multa
2024 3012 2077 3065 in
2104 3014 2245 3066 atrio
2271 3013 2465 3068 domus
2499 3026 2825 3089 congregata
2855 3027 2905 3073 te
2931 3022 3230 3089 opperitur,
3258 3040 3395 3092 quo-

135 3130 200 3176 ιη
222 3138 349 3194 erga
384 3140 442 3179 se
480 3102 765 3191 hab'erem’
802 3127 857 3180 in
904 3128 1258 3197 semetipsum
1292 3129 1531 3188 deﬂexit
1566 3102 1785 3198 “mla
1826 3116 1947 3155 rum
1990 3102 2051 3198 in
2091 3105 2272 3198 medio
2313 3106 2500 3163 multis
2546 3107 2717 3163 fultus
2763 3112 2988 3165 asseclis
3021 3114 3277 3167 consistit
3310 3114 3396 3167 Si-

132 3231 259 3269 rum
311 3232 461 3281 vero,
496 3216 589 3288 qui
640 3220 1037 3288 aliquantulum
1090 3221 1319 3291 vigilare
1357 3223 1705 3290 videbantur,

130 3305 190 3358 in
246 3306 535 3376 phantasia
586 3310 774 3378 gloriae
827 3318 880 3363 et
952 3310 1261 3379 splendoris
1314 3328 1605 3382 apparens,
1656 3324 1712 3371 et

128 3410 332 3466 magna
362 3398 607 3467 qumdam
640 3407 802 3470 atque
842 3402 1079 3470 iugentia
1132 3406 1544 3470 repromittens,
1583 3421 1710 3460 eva-

125 3488 249 3556 gari
277 3488 631 3545 nihilominus
661 3507 692 3544 a
728 3490 835 3546 Deo
861 3508 991 3546 vero
1013 3502 1246 3547 mentem
1276 3506 1437 3565 atque
1465 3499 1705 3552 animum

129 3577 294 3643 iecit;
329 3596 447 3648 quin
486 3588 669 3635 tamen
701 3591 1016 3652 perpetrare
1057 3585 1108 3639 ei
1133 3584 1282 3654 justa
1314 3590 1549 3656 quadam
1584 3605 1699 3659 per-

126 3669 365 3723 mittitur
398 3672 625 3727 ratione.
1614 3666 1625 3676 ’

202 3800 389 3858 XVIII.
431 3804 513 3859 Ad
545 3807 662 3862 lucc
691 3810 883 3879 Aquila
923 3811 1205 3882 respondit
1239 3833 1251 3869 :
1286 3813 1429 3881 Quid
1460 3831 1588 3887 ergo
1610 3816 1704 3872 de-

124 3892 385 3962 linquunt
413 3895 684 3963 homines,
727 3900 771 3955 si
806 3902 1077 3971 malignus
1113 3905 1515 3963 transformans
1555 3925 1613 3963 se
1648 3910 1701 3961 in

120 3987 468 4055 splendorem
506 3990 707 4046 lucis"
735 3994 941 4062 majora
986 3998 1319 4066 repromittit
1362 4000 1698 4065 hominibus,

122 4094 291 4148 quam
323 4080 437 4149 ipse
460 4081 711 4136 conditor
743 4082 924 4140 Deus?
948 4085 1008 4140 Et
1038 4086 1233 4143 Petrus
1270 4110 1281 4143 :
1318 4089 1477 4155 Puto,
1502 4093 1697 4162 inquit,

124 4171 233 4224 hoc
264 4172 524 4241 injustius
557 4175 691 4229 nihil
721 4192 862 4242 esse,
912 4188 966 4233 et
1008 4188 1279 4250 quatenus
1322 4184 1586 4253 injustum
1628 4187 1699 4241 sit

124 4262 277 4317 audi.
312 4262 368 4316 Si
399 4264 542 4320 ﬁlius
567 4272 718 4330 tuus,
750 4268 843 4338 qui
874 4285 905 4323 a
948 4277 1001 4325 te
1024 4273 1173 4325 omni
1203 4274 1482 4344 diligentia
1513 4277 1694 4330 erudi-

126 4365 220 4409 tus
266 4362 353 4409 est
397 4364 451 4411 et
493 4358 757 4423 nutritus,
811 4370 975 4431 atquc
1022 4362 1089 4416 ad
1146 4364 1358 4419 virilem
1402 4367 1696 4435 perductus

122 4454 359 4512 aetatem,
393 4450 639 4519 ingratus
664 4451 764 4507 tibi
786 4452 877 4517 sit,
904 4461 957 4507 et
982 4455 1298 4525 relinquens
1320 4466 1371 4512 te
1405 4459 1471 4513 ad
1498 4461 1686 4523 alium,

124 4554 285 4607 quem
313 4537 452 4595 forte
475 4540 725 4595 ditiorem
751 4542 967 4607 viderit,
1001 4553 1109 4610 eat,
1152 4556 1204 4601 et
1240 4547 1500 4603 honorem
1533 4567 1693 4619 que'u

124 4629 227 4684 tibi
250 4628 481 4685 debebat
514 4630 589 4685 illi
614 4632 889 4695 exhibeat,
928 4650 993 4689 ac
1032 4651 1127 4705 spe
1171 4639 1395 4707 majoris
1428 4640 1563 4694 lucri
1596 4657 1687 4695 na-

122 4730 304 4791 turam
340 4733 499 4793 neget
540 4730 594 4777 et
621 4723 747 4791 jura
782 4734 1007 4799 paterna
1049 4727 1309 4799 defugiat,
1349 4739 1561 4785 rectum
1595 4734 1693 4788 tibi

124 4814 359 4877 videtur,
398 4828 467 4869 an
510 4814 775 4885 impium?
803 4814 867 4871 Et
915 4819 1108 4889 Aquila
1146 4824 1466 4891 respondit:
1502 4824 1693 4879 Omni-

122 4904 226 4959 bus
255 4904 431 4973 palam
480 4916 586 4970 est,
639 4908 783 4977 quod
832 4909 1059 4980 impium
1107 4912 1197 4968 sit.
1256 4913 1321 4967 Et
1366 4913 1689 4972 Petrusz‘Si

119 5011 251 5067 ergo
279 4996 334 5050 in
360 4996 676 5055 hominibus
710 5001 813 5055 hoc
844 5003 1067 5072 impium
1100 5005 1259 5068 dicis,
1287 5018 1493 5076 quanto
1515 5010 1688 5080 magis

58 5074 59 5077 “
120 5085 179 5137 in
220 5082 347 5148 Deo,
383 5088 477 5157 qui
500 5104 663 5161 supra
701 5106 891 5147 omnes
937 5094 1187 5151 homines
1230 5098 1438 5153 honore
1478 5102 1550 5157 ab
1592 5102 1689 5157 ho-

120 5178 357 5236 minibus
388 5181 586 5253 dignus
636 5187 757 5242 est?
798 5188 957 5259 cujus
1014 5207 1122 5246 non
1185 5195 1361 5250 solum
1411 5196 1691 5254 beneficiis

121 5269 375 5335 fruimur,
431 5290 619 5331 verum
667 5286 720 5333 et
772 5295 874 5351 Ope
912 5297 975 5335 ac
1024 5285 1230 5340 virtute
1268 5302 1389 5343 esse
1418 5291 1687 5359 coepimus

118 5378 243 5417 cum
273 5381 382 5420 non
409 5382 681 5438 essemus,
709 5373 907 5444 cuique
938 5376 981 5429 si
1014 5377 1326 5447 placeamus
1356 5384 1688 5438 merebimur

124 5453 197 5510 ab
221 5471 306 5521 eo,
333 5465 394 5513 ut
422 5460 587 5516 etiam
615 5466 805 5519 atterni
849 5466 904 5521 in
936 5468 1093 5524 bonis
1124 5470 1318 5528 simus.
1356 5472 1424 5527 Ut
1450 5490 1579 5546 ergo
1604 5478 1687 5531 in-

228 5605 268 5690 ‘.'
304 5608 420 5690 Quo
450 5613 497 5664 si
526 5644 593 5690 -_—_-
614 5614 911 5690 riderentur
944 5629 997 5674 et
1021 5636 1141 5690 quae
1168 5638 1225 5677 se

1822 3208 1967 3247 mon.
2008 3192 2146 3246 Tum
2176 3193 2371 3249 Petrus
2403 3203 2462 3249 ut
2505 3198 2622 3252 hrec
2668 3200 2891 3265 audivit,
2926 3204 3191 3257 orationis
3220 3208 3393 3274 gratia

1814 3284 2075 3339 secedere
2108 3301 2190 3339 me
2214 3286 2415 3355 jubens
2465 3288 2733 3356 (nondum
2766 3292 2907 3343 enim
2936 3308 3085 3346 cram
3118 3293 3323 3347 dilutus
3364 3312 3392 3348 a

1814 3374 2074 3441 peccatis,
2102 3392 2222 3444 quae
2252 3376 2305 3429 in
2340 3377 2647 3445 ignorantia
2677 3381 3188 3452 eommiscram),ait
3215 3386 3277 3436 ad
3310 3400 3393 3435 re-

1810 3466 2027 3535 liquos:
2064 3464 2294 3520 Oremus
2352 3468 2571 3530 fratres,
2630 3478 2687 3521 ut
2750 3469 2889 3523 Deus
2948 3488 3043 3539 per
3111 3472 3389 3528 Christum

1807 3570 1969 3609 suum
2017 3570 2115 3624 pro
2162 3555 2423 3610 ineffabili
2465 3557 2845 3613 misericordia
2893 3577 2988 3615 sua
3033 3563 3251 3629 adjuvet
3302 3581 3391 3617 me.

1806 3655 2094 3702 exeuntem
2132 3663 2233 3717 pro
2276 3649 2452 3704 salute
2499 3650 2802 3717 hominum,
2848 3656 2939 3723 qui
2970 3657 3039 3710 ab
3070 3658 3189 3725 ipso
3220 3660 3387 3712 creati

1805 3745 1955 3791 sunt.
1987 3735 2049 3788 Et
2080 3738 2193 3791 htec
2221 3754 2346 3791 cum
2378 3739 2631 3803 dixisset,
2667 3745 2914 3798 oratione
2942 3744 3082 3799 facta
3108 3754 3387 3818 pl‘OCChSlt

1805 3828 1873 3880 ad
1909 3828 2109 3881 atrium
2143 3829 2360 3892 domus,
2420 3831 2473 3882 in
2525 3848 2635 3901 quo
2691 3842 2809 3887 erat
2859 3838 3151 3890 multitudo
3202 3842 3383 3909 populi

1805 3918 2039 3985 plurima
2070 3928 2435 3989 congregata;
2486 3938 2623 3990 quos
2681 3927 2769 3979 ubi
2808 3944 3007 3982 omnes
3050 3948 3263 3984 summo
3308 3935 3380 3987 si-

1804 4005 1971 4058 lentio
2002 4007 2069 4059 ad
2104 4022 2162 4062 se
2192 4003 2430 4061 intentos
2456 4013 2608 4075 vidit,
2640 4024 2691 4067 et
2736 4033 2949 4087 magum
3002 4022 3281 4077 Sinniueiu
3318 4025 3369 4078 in

1802 4098 1980 4151 medio
2007 4115 2197 4153 eorum
2240 4103 2388 4155 velut
2441 4103 2761 4173 signiferum
2795 4117 3050 4176 stantem,
3091 4114 3191 4165 hoc
3223 4114 3380 4168 modo

1800 4203 1823 4242 ς
1840 4192 1975 4260 (epit
2001 4210 2013 4245 :

1872 4282 1988 4339 XX.
2030 4282 2139 4338 Pax
2166 4286 2318 4341 vobis
2347 4289 2418 4342 sit
2449 4290 2726 4355 omnibus,
2762 4293 2855 4361 qui
2890 4298 3061 4363 parati
3094 4302 3227 4353 estis
3248 4299 3380 4353 dex-

1800 4382 1946 4430 teras
1978 4376 2111 4432 dare
2156 4380 2410 4448 veritati;
2454 4385 2773 4456 quicunque
2818 4392 2961 4443 enim
3006 4393 3267 4448 obediunt
3305 4396 3375 4459 ei,

1725 4509 1769 4562 υ
1800 4465 2052 4521 videntur
2081 4470 2300 4539 quidem
2343 4474 2447 4528 sibi
2497 4477 2701 4546 aliquid
2744 4482 2931 4549 gratiae
2962 4486 3213 4541 conferre
3248 4487 3378 4555 Deo,

1804 4573 1966 4627 porro
1990 4568 2171 4615 autem
2203 4564 2308 4633 ipsi
2340 4566 2409 4618 τι)
2433 4582 2498 4621 eo
2527 4567 2730 4624 donum
2754 4575 2961 4641 summi
2980 4580 3223 4631 muneris
3248 4596 3379 4633 con-

1800 4661 2105 4720 sequuntur
2128 4656 2358 4724 justitia:
2380 4659 2501 4727 ejus
2534 4662 2746 4717 semitis
2781 4665 3116 4726 incedentes.
3150 4670 3380 4742 Propter

1802 4742 1951 4809 quod
1984 4745 2221 4813 primum
2264 4758 2348 4802 est
2377 4751 2646 4812 omnium,
2678 4754 2951 4823 justitiam
2984 4760 3078 4815 Dei
3123 4778 3378 4832 regnum-

1798 4852 1905 4906 que
1947 4840 2066 4908 ejus
2108 4842 2487 4912 inquirere";
2526 4846 2799 4915 justitiam
2845 4854 3066 4923 quidem
3123 4866 3181 4910 ut
3232 4869 3377 4913 recte

1800 4945 1960 4999 agere
1992 4932 2311 5001 doceamur,
2344 4956 2574 5009 regnum
2616 4959 2766 5007 vero,
2802 4953 2861 4999 ut
2891 4964 3011 5017 qum
3050 4950 3123 5003 sit
3162 4968 3375 5007 merces

1795 5025 1971 5091 posita
2020 5026 2222 5083 laboris
2273 5039 2329 5084 et
2378 5032 2652 5100 patientiae
2696 5039 3029 5105 noverimus,
3065 5044 3119 5096 in
3154 5059 3263 5113 quo
3293 5055 3377 5097 t‘sf.

1800 5115 1959 5171 bonis
1998 5120 2223 5188 quidem
2267 5129 2599 5179 mteruorum
2652 5125 2919 5183 bonorum
2976 5137 3370 5199 remuneratio,

1801 5208 1883 5261 his
1913 5220 2116 5276 autem,
2144 5214 2238 5281 qui
2272 5224 2466 5271 contra
2500 5217 2836 5275 voluntatem
2870 5221 2963 5277 Dei
2997 5227 3229 5293 egerint,
3275 5245 3373 5296 pro

1793 5300 2226 5373 uniuscujusque
2254 5308 2422 5377 gestis
2449 5325 2732 5377 prunarum
2777 5312 2937 5385 digna
2955 5319 3249 5375 restitutio.
3276 5320 3372 5374 llic

1794 5408 1946 5462 ergo,
1979 5395 2081 5449 hoc
2112 5405 2196 5451 cst
2241 5401 2294 5454 in
2346 5406 2601 5471 praesenti
2641 5406 2745 5459 vita
2789 5408 2995 5476 positos
3028 5420 3241 5479 oportet
3272 5430 3369 5468 vos

1796 5498 2096 5551 agnoscere
2128 5490 2463 5545 voluntatem
2488 5493 2603 5558 Dei,
2637 5496 2729 5549 ubi
2762 5509 2813 5551 ct
2848 5500 3037 5567 agendi
3073 5501 3225 5555 locus
3261 5511 3365 5555 est.

1229 5633 1469 5719 qquntur
1496 5645 1508 5679 :
1544 5627 1783 5719 Aliorum
1815 5649 1930 5719 tero
1959 5666 2027 5674 —-
2062 5639 2387 5719 permittitur
2416 5642 2620 5719 ratione
2649 5643 3102 5719 desideranturin
3128 5659 3355 5719 utroque

351 5682 359 5690 .
710 5688 717 5701 ‘
1038 5676 1051 5690 ⁸
1210 5676 1258 5693 κ,
1314 5676 1321 5677 ,
1367 5676 1375 5706 ὲ
1446 5676 1457 5678 -
1497 5676 1507 5679 -
1572 5676 1781 5681 ίαν-..υ-
1817 5676 1928 5687 ..ρσυ
2062 5676 2374 5703 μωμιιηημι
2417 5676 2618 5696 ιαιιυιιι-
2649 5676 3102 5702 ucalucruttull'tu
3130 5676 3354 5719 IILIUQUC

118 5676 481 5787 Sedeat-ipss.
548 5685 589 5713 "
613 5682 652 5735 ll
680 5688 803 5741 (.or.
834 5706 907 5755 xu,
930 5691 950 5743 l
972 5692 1014 5744 ι.
1082 5693 1124 5723 ²⁰
1146 5694 1300 5759 Quod
1331 5699 1750 5753 szmmuneribus
1774 5706 2116 5773 perfruantur
2151 5726 2256 5763 non
2295 5711 2547 5782 leguntur
2578 5716 2630 5768 in
2663 5717 2820 5773 codd.
2848 5720 3027 5787 Lipss.
3098 5722 3135 5751 ²¹
3170 5721 3354 5773 Matth.

127 5765 199 5813 va,
230 5748 315 5803 53.

279 5841 539 5904 Ρηῐιοι..
577 5845 686 5905 (in.
732 5848 777 5907 Ι.

2928 5875 3001 5933 '4‘.)
