  <div class='ocr_page' id='page_1' title='image "/cluster/home/n/w/nwhite01/storage/ocr_20150623/1/pst.000005711796/638.png"; bbox 0 0 4050 6336; ppageno 0'>
   <div class='ocr_carea' id='block_1_1' title="bbox 192 441 323 500">
    <p class='ocr_par' dir='ltr' id='par_1_1' title="bbox 192 441 323 500">
     <span class='ocr_line' id='line_1_1' title="bbox 192 441 323 500; baseline 0.015 -2"><span class='ocrx_word' id='word_1_1' title='bbox 192 441 323 500; x_wconf 53' lang='lat' dir='ltr'><strong>{ﬁt</strong></span> 
     </span>
    </p>
   </div>
   <div class='ocr_carea' id='block_1_2' title="bbox 1396 454 2231 524">
    <p class='ocr_par' dir='ltr' id='par_1_2' title="bbox 1396 454 2231 524">
     <span class='ocr_line' id='line_1_2' title="bbox 1396 454 2231 524; baseline 0.013 -14"><span class='ocrx_word' id='word_1_2' title='bbox 1396 454 1963 519; x_wconf 79' lang='lat' dir='ltr'><strong>RECOGNITIONUM</strong></span> <span class='ocrx_word' id='word_1_3' title='bbox 2005 466 2132 524; x_wconf 85' lang='lat' dir='ltr'><strong>LIB.</strong></span> <span class='ocrx_word' id='word_1_4' title='bbox 2172 468 2231 522; x_wconf 91' lang='lat' dir='ltr'><strong>Il.</strong></span> 
     </span>
    </p>
   </div>
   <div class='ocr_carea' id='block_1_3' title="bbox 3310 476 3448 535">
    <p class='ocr_par' dir='ltr' id='par_1_3' title="bbox 3310 476 3448 535">
     <span class='ocr_line' id='line_1_3' title="bbox 3310 476 3448 535; baseline -0.007 -1"><span class='ocrx_word' id='word_1_5' title='bbox 3310 476 3448 535; x_wconf 65' lang='grc' dir='ltr'><strong>ωε</strong></span> 
     </span>
    </p>
   </div>
   <div class='ocr_carea' id='block_1_4' title="bbox 188 558 3451 663">
    <p class='ocr_par' dir='ltr' id='par_1_4' title="bbox 188 558 3451 663">
     <span class='ocr_line' id='line_1_4' title="bbox 188 558 3451 663; baseline 0.01 -49"><span class='ocrx_word' id='word_1_6' title='bbox 188 564 247 614; x_wconf 85' lang='lat' dir='ltr'><strong>te</strong></span> <span class='ocrx_word' id='word_1_7' title='bbox 266 558 410 627; x_wconf 85' lang='lat' dir='ltr'><strong>volo,</strong></span> <span class='ocrx_word' id='word_1_8' title='bbox 436 560 564 630; x_wconf 88' lang='lat' dir='ltr'><strong>quia</strong></span> <span class='ocrx_word' id='word_1_9' title='bbox 593 560 809 619; x_wconf 86' lang='lat' dir='ltr'><strong>duobus</strong></span> <span class='ocrx_word' id='word_1_10' title='bbox 839 564 981 620; x_wconf 90' lang='lat' dir='ltr'><strong>inter</strong></span> <span class='ocrx_word' id='word_1_11' title='bbox 1008 580 1067 622; x_wconf 90' lang='lat' dir='ltr'><strong>se</strong></span> <span class='ocrx_word' id='word_1_12' title='bbox 1088 566 1482 628; x_wconf 76' lang='lat' dir='ltr'><strong>dimicantibus</strong></span> <span class='ocrx_word' id='word_1_13' title='bbox 1509 580 1641 629; x_wconf 91' lang='lat' dir='ltr'><strong>tunc</strong></span> <span class='ocrx_word' id='word_1_14' title='bbox 1664 577 1767 631; x_wconf 89' lang='lat' dir='ltr'><strong>erit</strong></span> <span class='ocrx_word' id='word_1_15' title='bbox 1795 584 1843 639; x_wconf 77' lang='grc' dir='ltr'><strong>Α</strong></span> <span class='ocrx_word' id='word_1_16' title='bbox 1872 579 2117 652; x_wconf 90' lang='lat' dir='ltr'><strong>Intelligo</strong></span> <span class='ocrx_word' id='word_1_17' title='bbox 2160 586 2433 639; x_wconf 85' lang='lat' dir='ltr'><strong>versutias</strong></span> <span class='ocrx_word' id='word_1_18' title='bbox 2460 592 2615 651; x_wconf 86' lang='lat' dir='ltr'><strong>tuas;</strong></span> <span class='ocrx_word' id='word_1_19' title='bbox 2649 586 2731 643; x_wconf 90' lang='lat' dir='ltr'><strong>vis</strong></span> <span class='ocrx_word' id='word_1_20' title='bbox 2764 588 2911 642; x_wconf 89' lang='lat' dir='ltr'><strong>enim</strong></span> <span class='ocrx_word' id='word_1_21' title='bbox 2940 590 3039 643; x_wconf 86' lang='lat' dir='ltr'><strong>tibi</strong></span> <span class='ocrx_word' id='word_1_22' title='bbox 3068 604 3131 645; x_wconf 76' lang='lat' dir='ltr'><strong>ea</strong></span> <span class='ocrx_word' id='word_1_23' title='bbox 3172 590 3290 661; x_wconf 91' lang='lat' dir='ltr'><strong>ipse</strong></span> <span class='ocrx_word' id='word_1_24' title='bbox 3318 608 3451 663; x_wconf 87' lang='lat' dir='ltr'><strong>pro-</strong></span> 
     </span>
    </p>
   </div>
   <div class='ocr_carea' id='block_1_5' title="bbox 183 654 1787 737">
    <p class='ocr_par' dir='ltr' id='par_1_5' title="bbox 183 654 1787 737">
     <span class='ocr_line' id='line_1_5' title="bbox 183 654 1787 737; baseline 0.012 -34"><span class='ocrx_word' id='word_1_25' title='bbox 183 663 325 719; x_wconf 79' lang='lat' dir='ltr'><strong>pax,</strong></span> <span class='ocrx_word' id='word_1_26' title='bbox 362 665 487 705; x_wconf 90' lang='lat' dir='ltr'><strong>cum</strong></span> <span class='ocrx_word' id='word_1_27' title='bbox 518 654 657 709; x_wconf 80' lang='lat' dir='ltr'><strong>alter</strong></span> <span class='ocrx_word' id='word_1_28' title='bbox 685 656 949 711; x_wconf 75' lang='lat' dir='ltr'><strong>ceciderit</strong></span> <span class='ocrx_word' id='word_1_29' title='bbox 986 668 1316 729; x_wconf 84' lang='lat' dir='ltr'><strong>superatus;</strong></span> <span class='ocrx_word' id='word_1_30' title='bbox 1345 670 1399 717; x_wconf 90' lang='lat' dir='ltr'><strong>et</strong></span> <span class='ocrx_word' id='word_1_31' title='bbox 1432 664 1555 719; x_wconf 93' lang='lat' dir='ltr'><strong>ideo</strong></span> <span class='ocrx_word' id='word_1_32' title='bbox 1586 682 1787 737; x_wconf 70' lang='lat' dir='ltr'><strong>pugna~</strong></span> 
     </span>
    </p>
   </div>
   <div class='ocr_carea' id='block_1_6' title="bbox 187 748 1764 825">
    <p class='ocr_par' dir='ltr' id='par_1_6' title="bbox 187 748 1764 825">
     <span class='ocr_line' id='line_1_6' title="bbox 187 748 1764 825; baseline 0.011 -31"><span class='ocrx_word' id='word_1_33' title='bbox 187 748 249 794; x_wconf 84' lang='lat' dir='ltr'><strong>ut</strong></span> <span class='ocrx_word' id='word_1_34' title='bbox 279 749 467 810; x_wconf 86' lang='lat' dir='ltr'><strong>potes,</strong></span> <span class='ocrx_word' id='word_1_35' title='bbox 497 761 597 799; x_wconf 91' lang='lat' dir='ltr'><strong>nec</strong></span> <span class='ocrx_word' id='word_1_36' title='bbox 622 748 873 817; x_wconf 81' lang='lat' dir='ltr'><strong>requiras</strong></span> <span class='ocrx_word' id='word_1_37' title='bbox 902 764 1092 819; x_wconf 89' lang='lat' dir='ltr'><strong>pacem</strong></span> <span class='ocrx_word' id='word_1_38' title='bbox 1114 750 1233 807; x_wconf 88' lang='lat' dir='ltr'><strong>sine</strong></span> <span class='ocrx_word' id='word_1_39' title='bbox 1263 753 1407 807; x_wconf 90' lang='lat' dir='ltr'><strong>bello</strong></span> <span class='ocrx_word' id='word_1_40' title='bbox 1426 795 1443 821; x_wconf 95' lang='lat'><strong>,</strong></span> <span class='ocrx_word' id='word_1_41' title='bbox 1475 756 1621 825; x_wconf 88' lang='lat' dir='ltr'><strong>quod</strong></span> <span class='ocrx_word' id='word_1_42' title='bbox 1662 757 1764 811; x_wconf 90' lang='lat' dir='ltr'><strong>im-</strong></span> 
     </span>
    </p>
   </div>
   <div class='ocr_carea' id='block_1_7' title="bbox 184 832 1448 909">
    <p class='ocr_par' dir='ltr' id='par_1_7' title="bbox 184 832 1448 909">
     <span class='ocr_line' id='line_1_7' title="bbox 184 832 1448 909; baseline 0.013 -25"><span class='ocrx_word' id='word_1_43' title='bbox 184 832 451 900; x_wconf 86' lang='lat' dir='ltr'><strong>possibile</strong></span> <span class='ocrx_word' id='word_1_44' title='bbox 476 844 583 899; x_wconf 88' lang='lat' dir='ltr'><strong>est,</strong></span> <span class='ocrx_word' id='word_1_45' title='bbox 615 844 709 891; x_wconf 90' lang='lat' dir='ltr'><strong>aut</strong></span> <span class='ocrx_word' id='word_1_46' title='bbox 739 838 785 892; x_wconf 90' lang='lat' dir='ltr'><strong>si</strong></span> <span class='ocrx_word' id='word_1_47' title='bbox 819 832 999 909; x_wconf 76' lang='lat' dir='ltr'><strong>potest</strong></span> <span class='ocrx_word' id='word_1_48' title='bbox 1027 840 1165 905; x_wconf 87' lang='lat' dir='ltr'><strong>ﬁeri,</strong></span> <span class='ocrx_word' id='word_1_49' title='bbox 1199 845 1448 901; x_wconf 83' lang='lat' dir='ltr'><strong>ostende.</strong></span> 
     </span>
    </p>
   </div>
   <div class='ocr_carea' id='block_1_8' title="bbox 255 922 1758 1010">
    <p class='ocr_par' dir='ltr' id='par_1_8' title="bbox 255 922 1758 1010">
     <span class='ocr_line' id='line_1_8' title="bbox 255 922 1758 1010; baseline 0.013 -33"><span class='ocrx_word' id='word_1_50' title='bbox 255 922 446 982; x_wconf 81' lang='lat' dir='ltr'><strong>XXlV.</strong></span> <span class='ocrx_word' id='word_1_51' title='bbox 490 926 572 981; x_wconf 77' lang='lat' dir='ltr'><strong>Ad</strong></span> <span class='ocrx_word' id='word_1_52' title='bbox 603 928 716 983; x_wconf 56' lang='lat' dir='ltr'><strong>haec</strong></span> <span class='ocrx_word' id='word_1_53' title='bbox 748 924 943 988; x_wconf 81' lang='lat' dir='ltr'><strong>Petrus</strong></span> <span class='ocrx_word' id='word_1_54' title='bbox 971 952 983 987; x_wconf 90' lang='lat'>:</span> <span class='ocrx_word' id='word_1_55' title='bbox 1009 932 1287 991; x_wconf 85' lang='lat' dir='ltr'><strong>Altentius</strong></span> <span class='ocrx_word' id='word_1_56' title='bbox 1312 938 1525 1003; x_wconf 88' lang='lat' dir='ltr'><strong>audite,</strong></span> <span class='ocrx_word' id='word_1_57' title='bbox 1559 955 1595 995; x_wconf 95' lang='lat' dir='ltr'><strong>o</strong></span> <span class='ocrx_word' id='word_1_58' title='bbox 1621 942 1758 1010; x_wconf 90' lang='lat' dir='ltr'><strong>viri,</strong></span> 
     </span>
    </p>
   </div>
   <div class='ocr_carea' id='block_1_9' title="bbox 180 1015 1757 1103">
    <p class='ocr_par' dir='ltr' id='par_1_9' title="bbox 180 1015 1757 1103">
     <span class='ocr_line' id='line_1_9' title="bbox 180 1015 1757 1103; baseline 0.012 -36"><span class='ocrx_word' id='word_1_59' title='bbox 180 1028 304 1083; x_wconf 70' lang='lat' dir='ltr'><strong>qua:</strong></span> <span class='ocrx_word' id='word_1_60' title='bbox 352 1015 610 1073; x_wconf 90' lang='lat' dir='ltr'><strong>dicimus.</strong></span> <span class='ocrx_word' id='word_1_61' title='bbox 666 1017 942 1077; x_wconf 86' lang='lat' dir='ltr'><strong>Ponamus</strong></span> <span class='ocrx_word' id='word_1_62' title='bbox 993 1026 1258 1081; x_wconf 91' lang='lat' dir='ltr'><strong>mundum</strong></span> <span class='ocrx_word' id='word_1_63' title='bbox 1307 1028 1454 1084; x_wconf 88' lang='lat' dir='ltr'><strong>hunc</strong></span> <span class='ocrx_word' id='word_1_64' title='bbox 1504 1046 1757 1103; x_wconf 88' lang='lat' dir='ltr'><strong>campum</strong></span> 
     </span>
    </p>
   </div>
   <div class='ocr_carea' id='block_1_10' title="bbox 178 1107 1755 1188">
    <p class='ocr_par' dir='ltr' id='par_1_10' title="bbox 178 1107 1755 1188">
     <span class='ocr_line' id='line_1_10' title="bbox 178 1107 1755 1188; baseline 0.013 -29"><span class='ocrx_word' id='word_1_65' title='bbox 178 1118 305 1161; x_wconf 88' lang='lat' dir='ltr'><strong>esse</strong></span> <span class='ocrx_word' id='word_1_66' title='bbox 353 1107 589 1177; x_wconf 80' lang='lat' dir='ltr'><strong>aliquem</strong></span> <span class='ocrx_word' id='word_1_67' title='bbox 634 1126 891 1181; x_wconf 87' lang='lat' dir='ltr'><strong>maguum</strong></span> <span class='ocrx_word' id='word_1_68' title='bbox 913 1152 927 1176; x_wconf 90' lang='lat'><strong>,</strong></span> <span class='ocrx_word' id='word_1_69' title='bbox 956 1122 1011 1170; x_wconf 90' lang='lat' dir='ltr'><strong>et</strong></span> <span class='ocrx_word' id='word_1_70' title='bbox 1054 1132 1118 1170; x_wconf 80' lang='lat' dir='ltr'><strong>ex</strong></span> <span class='ocrx_word' id='word_1_71' title='bbox 1161 1117 1376 1175; x_wconf 90' lang='lat' dir='ltr'><strong>duabus</strong></span> <span class='ocrx_word' id='word_1_72' title='bbox 1406 1121 1755 1188; x_wconf 83' lang='lat' dir='ltr'><strong>civitatibus,</strong></span> 
     </span>
    </p>
   </div>
   <div class='ocr_carea' id='block_1_11' title="bbox 128 1202 1756 1276">
    <p class='ocr_par' dir='ltr' id='par_1_11' title="bbox 128 1202 1756 1276">
     <span class='ocr_line' id='line_1_11' title="bbox 128 1202 1756 1276; baseline 0.014 -29"><span class='ocrx_word' id='word_1_73' title='bbox 128 1250 133 1254; x_wconf 60' lang='grc'>,</span> <span class='ocrx_word' id='word_1_74' title='bbox 178 1212 413 1266; x_wconf 88' lang='lat' dir='ltr'><strong>quarum</strong></span> <span class='ocrx_word' id='word_1_75' title='bbox 464 1214 619 1269; x_wconf 90' lang='lat' dir='ltr'><strong>reges</strong></span> <span class='ocrx_word' id='word_1_76' title='bbox 666 1202 776 1255; x_wconf 86' lang='lat' dir='ltr'><strong>sibi</strong></span> <span class='ocrx_word' id='word_1_77' title='bbox 824 1204 1057 1260; x_wconf 86' lang='lat' dir='ltr'><strong>invicem</strong></span> <span class='ocrx_word' id='word_1_78' title='bbox 1089 1209 1199 1262; x_wconf 90' lang='lat' dir='ltr'><strong>sint</strong></span> <span class='ocrx_word' id='word_1_79' title='bbox 1226 1212 1521 1276; x_wconf 84' lang='lat' dir='ltr'><strong>contrarii,</strong></span> <span class='ocrx_word' id='word_1_80' title='bbox 1554 1215 1756 1271; x_wconf 90' lang='lat' dir='ltr'><strong>missos</strong></span> 
     </span>
    </p>
   </div>
   <div class='ocr_carea' id='block_1_12' title="bbox 174 1288 1755 1377">
    <p class='ocr_par' dir='ltr' id='par_1_12' title="bbox 174 1288 1755 1377">
     <span class='ocr_line' id='line_1_12' title="bbox 174 1288 1755 1377; baseline 0.015 -37"><span class='ocrx_word' id='word_1_81' title='bbox 174 1300 301 1341; x_wconf 87' lang='lat' dir='ltr'><strong>esse</strong></span> <span class='ocrx_word' id='word_1_82' title='bbox 344 1288 593 1358; x_wconf 87' lang='lat' dir='ltr'><strong>singulos</strong></span> <span class='ocrx_word' id='word_1_83' title='bbox 623 1291 690 1345; x_wconf 92' lang='lat' dir='ltr'><strong>ad</strong></span> <span class='ocrx_word' id='word_1_84' title='bbox 716 1293 1085 1351; x_wconf 89' lang='lat' dir='ltr'><strong>dimicandum</strong></span> <span class='ocrx_word' id='word_1_85' title='bbox 1124 1298 1292 1356; x_wconf 90' lang='lat' dir='ltr'><strong>duces</strong></span> <span class='ocrx_word' id='word_1_86' title='bbox 1314 1344 1326 1368; x_wconf 92' lang='lat'><strong>,</strong></span> <span class='ocrx_word' id='word_1_87' title='bbox 1358 1311 1412 1358; x_wconf 91' lang='lat' dir='ltr'><strong>et</strong></span> <span class='ocrx_word' id='word_1_88' title='bbox 1445 1304 1596 1359; x_wconf 91' lang='lat' dir='ltr'><strong>illum</strong></span> <span class='ocrx_word' id='word_1_89' title='bbox 1629 1309 1755 1377; x_wconf 89' lang='lat' dir='ltr'><strong>qui-</strong></span> 
     </span>
    </p>
   </div>
   <div class='ocr_carea' id='block_1_13' title="bbox 138 1375 1756 1467">
    <p class='ocr_par' dir='ltr' id='par_1_13' title="bbox 138 1375 1756 1467">
     <span class='ocr_line' id='line_1_13' title="bbox 138 1375 1756 1467; baseline 0.015 -38"><span class='ocrx_word' id='word_1_90' title='bbox 138 1383 143 1388; x_wconf 75' lang='lat'>‘</span> <span class='ocrx_word' id='word_1_91' title='bbox 173 1375 300 1431; x_wconf 83' lang='lat' dir='ltr'><strong>dem</strong></span> <span class='ocrx_word' id='word_1_92' title='bbox 333 1377 462 1455; x_wconf 83' lang='lat' dir='ltr'><strong>boni</strong></span> <span class='ocrx_word' id='word_1_93' title='bbox 494 1382 638 1451; x_wconf 87' lang='lat' dir='ltr'><strong>regis</strong></span> <span class='ocrx_word' id='word_1_94' title='bbox 665 1382 859 1438; x_wconf 89' lang='lat' dir='ltr'><strong>ducem</strong></span> <span class='ocrx_word' id='word_1_95' title='bbox 907 1388 1202 1443; x_wconf 84' lang='lat' dir='ltr'><strong>consilium</strong></span> <span class='ocrx_word' id='word_1_96' title='bbox 1232 1390 1386 1457; x_wconf 88' lang='lat' dir='ltr'><strong>dare,</strong></span> <span class='ocrx_word' id='word_1_97' title='bbox 1424 1403 1482 1448; x_wconf 88' lang='lat' dir='ltr'><strong>ut</strong></span> <span class='ocrx_word' id='word_1_98' title='bbox 1526 1375 1756 1467; x_wconf 72' lang='lat' dir='ltr'><strong>uterque</strong></span> 
     </span>
    </p>
   </div>
   <div class='ocr_carea' id='block_1_14' title="bbox 171 1468 1754 1547">
    <p class='ocr_par' dir='ltr' id='par_1_14' title="bbox 171 1468 1754 1547">
     <span class='ocr_line' id='line_1_14' title="bbox 171 1468 1754 1547; baseline 0.015 -28"><span class='ocrx_word' id='word_1_99' title='bbox 171 1468 454 1521; x_wconf 78' lang='lat' dir='ltr'><strong>exercitus</strong></span> <span class='ocrx_word' id='word_1_100' title='bbox 486 1470 690 1539; x_wconf 79' lang='lat' dir='ltr'><strong>absque</strong></span> <span class='ocrx_word' id='word_1_101' title='bbox 719 1474 1008 1543; x_wconf 73' lang='lat' dir='ltr'><strong>sanguinis</strong></span> <span class='ocrx_word' id='word_1_102' title='bbox 1031 1478 1350 1547; x_wconf 88' lang='lat' dir='ltr'><strong>profusione</strong></span> <span class='ocrx_word' id='word_1_103' title='bbox 1371 1520 1386 1546; x_wconf 93' lang='lat'><strong>,</strong></span> <span class='ocrx_word' id='word_1_104' title='bbox 1413 1484 1658 1540; x_wconf 90' lang='lat' dir='ltr'><strong>melloris</strong></span> <span class='ocrx_word' id='word_1_105' title='bbox 1698 1488 1754 1542; x_wconf 91' lang='lat' dir='ltr'><strong>in</strong></span> 
     </span>
    </p>
   </div>
   <div class='ocr_carea' id='block_1_15' title="bbox 170 1558 1750 1639">
    <p class='ocr_par' dir='ltr' id='par_1_15' title="bbox 170 1558 1750 1639">
     <span class='ocr_line' id='line_1_15' title="bbox 170 1558 1750 1639; baseline 0.013 -30"><span class='ocrx_word' id='word_1_106' title='bbox 170 1558 322 1626; x_wconf 88' lang='lat' dir='ltr'><strong>regis</strong></span> <span class='ocrx_word' id='word_1_107' title='bbox 344 1558 470 1626; x_wconf 91' lang='lat' dir='ltr'><strong>jura</strong></span> <span class='ocrx_word' id='word_1_108' title='bbox 502 1562 799 1627; x_wconf 78' lang='lat' dir='ltr'><strong>concedat,</strong></span> <span class='ocrx_word' id='word_1_109' title='bbox 833 1579 942 1635; x_wconf 94' lang='lat' dir='ltr'><strong>quo</strong></span> <span class='ocrx_word' id='word_1_110' title='bbox 971 1568 1092 1622; x_wconf 85' lang='lat' dir='ltr'><strong>sine</strong></span> <span class='ocrx_word' id='word_1_111' title='bbox 1115 1570 1362 1639; x_wconf 88' lang='lat' dir='ltr'><strong>periculo</strong></span> <span class='ocrx_word' id='word_1_112' title='bbox 1392 1587 1584 1630; x_wconf 89' lang='lat' dir='ltr'><strong>omnes</strong></span> <span class='ocrx_word' id='word_1_113' title='bbox 1614 1575 1750 1630; x_wconf 87' lang='lat' dir='ltr'><strong>salvi</strong></span> 
     </span>
    </p>
   </div>
   <div class='ocr_carea' id='block_1_16' title="bbox 170 1647 1749 1737">
    <p class='ocr_par' dir='ltr' id='par_1_16' title="bbox 170 1647 1749 1737">
     <span class='ocr_line' id='line_1_16' title="bbox 170 1647 1749 1737; baseline 0.014 -37"><span class='ocrx_word' id='word_1_114' title='bbox 170 1647 328 1712; x_wconf 79' lang='lat' dir='ltr'><strong>ﬁant,</strong></span> <span class='ocrx_word' id='word_1_115' title='bbox 360 1650 512 1705; x_wconf 90' lang='lat' dir='ltr'><strong>illum</strong></span> <span class='ocrx_word' id='word_1_116' title='bbox 543 1668 674 1708; x_wconf 91' lang='lat' dir='ltr'><strong>vero</strong></span> <span class='ocrx_word' id='word_1_117' title='bbox 704 1658 1043 1712; x_wconf 85' lang='lat' dir='ltr'><strong>contrarium</strong></span> <span class='ocrx_word' id='word_1_118' title='bbox 1076 1661 1299 1718; x_wconf 88' lang='lat' dir='ltr'><strong>dicere:</strong></span> <span class='ocrx_word' id='word_1_119' title='bbox 1332 1662 1477 1731; x_wconf 84' lang='lat' dir='ltr'><strong>Non,</strong></span> <span class='ocrx_word' id='word_1_120' title='bbox 1510 1667 1603 1721; x_wconf 88' lang='lat' dir='ltr'><strong>sed</strong></span> <span class='ocrx_word' id='word_1_121' title='bbox 1644 1682 1749 1737; x_wconf 85' lang='lat' dir='ltr'><strong>pu-</strong></span> 
     </span>
    </p>
   </div>
   <div class='ocr_carea' id='block_1_17' title="bbox 167 1746 1750 1828">
    <p class='ocr_par' dir='ltr' id='par_1_17' title="bbox 167 1746 1750 1828">
     <span class='ocr_line' id='line_1_17' title="bbox 167 1746 1750 1828; baseline 0.013 -35"><span class='ocrx_word' id='word_1_122' title='bbox 167 1747 391 1809; x_wconf 77' lang='lat' dir='ltr'><strong>gnetur,</strong></span> <span class='ocrx_word' id='word_1_123' title='bbox 418 1749 478 1795; x_wconf 82' lang='lat' dir='ltr'><strong>ut</strong></span> <span class='ocrx_word' id='word_1_124' title='bbox 508 1758 617 1798; x_wconf 88' lang='lat' dir='ltr'><strong>non</strong></span> <span class='ocrx_word' id='word_1_125' title='bbox 648 1746 742 1815; x_wconf 84' lang='lat' dir='ltr'><strong>qui</strong></span> <span class='ocrx_word' id='word_1_126' title='bbox 766 1747 967 1820; x_wconf 90' lang='lat' dir='ltr'><strong>dignus</strong></span> <span class='ocrx_word' id='word_1_127' title='bbox 994 1758 1078 1807; x_wconf 89' lang='lat' dir='ltr'><strong>est</strong></span> <span class='ocrx_word' id='word_1_128' title='bbox 1099 1792 1114 1817; x_wconf 92' lang='lat'><strong>,</strong></span> <span class='ocrx_word' id='word_1_129' title='bbox 1156 1755 1251 1809; x_wconf 89' lang='lat' dir='ltr'><strong>sed</strong></span> <span class='ocrx_word' id='word_1_130' title='bbox 1280 1756 1373 1826; x_wconf 91' lang='lat' dir='ltr'><strong>qui</strong></span> <span class='ocrx_word' id='word_1_131' title='bbox 1401 1757 1595 1811; x_wconf 80' lang='lat' dir='ltr'><strong>fortior</strong></span> <span class='ocrx_word' id='word_1_132' title='bbox 1635 1760 1750 1828; x_wconf 86' lang='lat' dir='ltr'><strong>ipse</strong></span> 
     </span>
    </p>
   </div>
   <div class='ocr_carea' id='block_1_18' title="bbox 167 1830 1749 1919">
    <p class='ocr_par' dir='ltr' id='par_1_18' title="bbox 167 1830 1749 1919">
     <span class='ocr_line' id='line_1_18' title="bbox 167 1830 1749 1919; baseline 0.015 -38"><span class='ocrx_word' id='word_1_133' title='bbox 167 1841 299 1882; x_wconf 86' lang='lat' dir='ltr'><strong>cum</strong></span> <span class='ocrx_word' id='word_1_134' title='bbox 327 1830 413 1887; x_wconf 89' lang='lat' dir='ltr'><strong>his</strong></span> <span class='ocrx_word' id='word_1_135' title='bbox 435 1833 527 1903; x_wconf 88' lang='lat' dir='ltr'><strong>qui</strong></span> <span class='ocrx_word' id='word_1_136' title='bbox 555 1836 836 1892; x_wconf 82' lang='lat' dir='ltr'><strong>evaserint</strong></span> <span class='ocrx_word' id='word_1_137' title='bbox 866 1850 1078 1912; x_wconf 90' lang='lat' dir='ltr'><strong>regnet.</strong></span> <span class='ocrx_word' id='word_1_138' title='bbox 1106 1843 1304 1911; x_wconf 71' lang='lat' dir='ltr'><strong>Quaeso</strong></span> <span class='ocrx_word' id='word_1_139' title='bbox 1329 1862 1452 1913; x_wconf 90' lang='lat' dir='ltr'><strong>vos,</strong></span> <span class='ocrx_word' id='word_1_140' title='bbox 1484 1850 1616 1919; x_wconf 88' lang='lat' dir='ltr'><strong>quid</strong></span> <span class='ocrx_word' id='word_1_141' title='bbox 1641 1866 1749 1905; x_wconf 85' lang='lat' dir='ltr'><strong>ma-</strong></span> 
     </span>
    </p>
   </div>
   <div class='ocr_carea' id='block_1_19' title="bbox 1869 676 3447 748">
    <p class='ocr_par' dir='ltr' id='par_1_19' title="bbox 1869 676 3447 748">
     <span class='ocr_line' id='line_1_19' title="bbox 1869 676 3447 748; baseline 0.009 -23"><span class='ocrx_word' id='word_1_142' title='bbox 1869 687 2100 740; x_wconf 89' lang='lat' dir='ltr'><strong>pouere,</strong></span> <span class='ocrx_word' id='word_1_143' title='bbox 2138 690 2370 743; x_wconf 92' lang='lat' dir='ltr'><strong>quorum</strong></span> <span class='ocrx_word' id='word_1_144' title='bbox 2413 676 2691 731; x_wconf 87' lang='lat' dir='ltr'><strong>absolutio</strong></span> <span class='ocrx_word' id='word_1_145' title='bbox 2734 678 2871 733; x_wconf 87' lang='lat' dir='ltr'><strong>bene</strong></span> <span class='ocrx_word' id='word_1_146' title='bbox 2906 680 3005 732; x_wconf 90' lang='lat' dir='ltr'><strong>tibi</strong></span> <span class='ocrx_word' id='word_1_147' title='bbox 3039 681 3295 736; x_wconf 89' lang='lat' dir='ltr'><strong>meditata</strong></span> <span class='ocrx_word' id='word_1_148' title='bbox 3326 690 3447 748; x_wconf 89' lang='lat' dir='ltr'><strong>est,</strong></span> 
     </span>
    </p>
   </div>
   <div class='ocr_carea' id='block_1_20' title="bbox 1871 762 3447 841">
    <p class='ocr_par' dir='ltr' id='par_1_20' title="bbox 1871 762 3447 841">
     <span class='ocr_line' id='line_1_20' title="bbox 1871 762 3447 841; baseline 0.009 -27"><span class='ocrx_word' id='word_1_149' title='bbox 1871 769 1929 814; x_wconf 92' lang='lat' dir='ltr'><strong>ut</strong></span> <span class='ocrx_word' id='word_1_150' title='bbox 1966 762 2353 833; x_wconf 78' lang='lat' dir='ltr'><strong>ignorantibus</strong></span> <span class='ocrx_word' id='word_1_151' title='bbox 2376 767 2555 821; x_wconf 90' lang='lat' dir='ltr'><strong>turbis</strong></span> <span class='ocrx_word' id='word_1_152' title='bbox 2583 767 2821 823; x_wconf 89' lang='lat' dir='ltr'><strong>videaris</strong></span> <span class='ocrx_word' id='word_1_153' title='bbox 2841 778 2987 825; x_wconf 89' lang='lat' dir='ltr'><strong>recte</strong></span> <span class='ocrx_word' id='word_1_154' title='bbox 3009 771 3213 840; x_wconf 87' lang='lat' dir='ltr'><strong>aliquid</strong></span> <span class='ocrx_word' id='word_1_155' title='bbox 3238 772 3447 841; x_wconf 85' lang='lat' dir='ltr'><strong>dicere;</strong></span> 
     </span>
    </p>
   </div>
   <div class='ocr_carea' id='block_1_21' title="bbox 1866 853 3447 936">
    <p class='ocr_par' dir='ltr' id='par_1_21' title="bbox 1866 853 3447 936">
     <span class='ocr_line' id='line_1_21' title="bbox 1866 853 3447 936; baseline 0.008 -30"><span class='ocrx_word' id='word_1_156' title='bbox 1866 853 1965 907; x_wconf 88' lang='lat' dir='ltr'><strong>sed</strong></span> <span class='ocrx_word' id='word_1_157' title='bbox 1992 856 2135 924; x_wconf 90' lang='lat' dir='ltr'><strong>apud</strong></span> <span class='ocrx_word' id='word_1_158' title='bbox 2178 872 2264 910; x_wconf 90' lang='lat' dir='ltr'><strong>me</strong></span> <span class='ocrx_word' id='word_1_159' title='bbox 2294 872 2402 910; x_wconf 93' lang='lat' dir='ltr'><strong>non</strong></span> <span class='ocrx_word' id='word_1_160' title='bbox 2436 858 2533 912; x_wconf 92' lang='lat' dir='ltr'><strong>tibi</strong></span> <span class='ocrx_word' id='word_1_161' title='bbox 2564 860 2667 914; x_wconf 88' lang='lat' dir='ltr'><strong>erit</strong></span> <span class='ocrx_word' id='word_1_162' title='bbox 2690 860 2885 914; x_wconf 87' lang='lat' dir='ltr'><strong>horum</strong></span> <span class='ocrx_word' id='word_1_163' title='bbox 2919 862 3092 917; x_wconf 91' lang='lat' dir='ltr'><strong>locus.</strong></span> <span class='ocrx_word' id='word_1_164' title='bbox 3120 861 3275 917; x_wconf 86' lang='lat' dir='ltr'><strong>Nunc</strong></span> <span class='ocrx_word' id='word_1_165' title='bbox 3295 878 3447 936; x_wconf 87' lang='lat' dir='ltr'><strong>ergo,</strong></span> 
     </span>
    </p>
   </div>
   <div class='ocr_carea' id='block_1_22' title="bbox 1863 941 3447 1019">
    <p class='ocr_par' dir='ltr' id='par_1_22' title="bbox 1863 941 3447 1019">
     <span class='ocr_line' id='line_1_22' title="bbox 1863 941 3447 1019; baseline 0.009 -25"><span class='ocrx_word' id='word_1_166' title='bbox 1863 941 2124 1010; x_wconf 90' lang='lat' dir='ltr'><strong>quoniam</strong></span> <span class='ocrx_word' id='word_1_167' title='bbox 2178 952 2236 996; x_wconf 94' lang='lat' dir='ltr'><strong>ut</strong></span> <span class='ocrx_word' id='word_1_168' title='bbox 2271 945 2356 999; x_wconf 90' lang='lat' dir='ltr'><strong>vir</strong></span> <span class='ocrx_word' id='word_1_169' title='bbox 2401 944 2560 1002; x_wconf 87' lang='lat' dir='ltr'><strong>fortis</strong></span> <span class='ocrx_word' id='word_1_170' title='bbox 2596 950 2870 1019; x_wconf 81' lang='lat' dir='ltr'><strong>polliceris</strong></span> <span class='ocrx_word' id='word_1_171' title='bbox 2894 990 2909 1013; x_wconf 88' lang='lat'><strong>,</strong></span> <span class='ocrx_word' id='word_1_172' title='bbox 2941 959 2996 1005; x_wconf 87' lang='lat' dir='ltr'><strong>te</strong></span> <span class='ocrx_word' id='word_1_173' title='bbox 3044 954 3195 1007; x_wconf 91' lang='lat' dir='ltr'><strong>omni</strong></span> <span class='ocrx_word' id='word_1_174' title='bbox 3244 954 3447 1008; x_wconf 84' lang='lat' dir='ltr'><strong>volenti</strong></span> 
     </span>
    </p>
   </div>
   <div class='ocr_carea' id='block_1_23' title="bbox 1862 1040 3447 1113">
    <p class='ocr_par' dir='ltr' id='par_1_23' title="bbox 1862 1040 3447 1113">
     <span class='ocr_line' id='line_1_23' title="bbox 1862 1040 3447 1113; baseline 0.01 -30"><span class='ocrx_word' id='word_1_175' title='bbox 1862 1045 2168 1102; x_wconf 84' lang='lat' dir='ltr'><strong>proponere</strong></span> <span class='ocrx_word' id='word_1_176' title='bbox 2219 1049 2649 1105; x_wconf 91' lang='lat' dir='ltr'><strong>responsurum,</strong></span> <span class='ocrx_word' id='word_1_177' title='bbox 2700 1040 2835 1093; x_wconf 87' lang='lat' dir='ltr'><strong>mihi</strong></span> <span class='ocrx_word' id='word_1_178' title='bbox 2894 1040 3111 1095; x_wconf 85' lang='lat' dir='ltr'><strong>interim</strong></span> <span class='ocrx_word' id='word_1_179' title='bbox 3144 1042 3323 1113; x_wconf 89' lang='lat' dir='ltr'><strong>primo</strong></span> <span class='ocrx_word' id='word_1_180' title='bbox 3353 1057 3447 1099; x_wconf 86' lang='lat' dir='ltr'><strong>re-</strong></span> 
     </span>
    </p>
   </div>
   <div class='ocr_carea' id='block_1_24' title="bbox 1862 1123 3446 1201">
    <p class='ocr_par' dir='ltr' id='par_1_24' title="bbox 1862 1123 3446 1201">
     <span class='ocr_line' id='line_1_24' title="bbox 1862 1123 3446 1201; baseline 0.008 -26"><span class='ocrx_word' id='word_1_181' title='bbox 1862 1123 2145 1191; x_wconf 89' lang='lat' dir='ltr'><strong>spondeto.</strong></span> <span class='ocrx_word' id='word_1_182' title='bbox 2173 1124 2241 1178; x_wconf 89' lang='lat' dir='ltr'><strong>Et</strong></span> <span class='ocrx_word' id='word_1_183' title='bbox 2273 1125 2466 1181; x_wconf 77' lang='lat' dir='ltr'><strong>Petrus</strong></span> <span class='ocrx_word' id='word_1_184' title='bbox 2493 1148 2503 1182; x_wconf 93' lang='lat'>:</span> <span class='ocrx_word' id='word_1_185' title='bbox 2532 1127 2786 1192; x_wconf 87' lang='lat' dir='ltr'><strong>Paratus,</strong></span> <span class='ocrx_word' id='word_1_186' title='bbox 2826 1130 3023 1201; x_wconf 84' lang='lat' dir='ltr'><strong>inquit,</strong></span> <span class='ocrx_word' id='word_1_187' title='bbox 3058 1148 3201 1196; x_wconf 91' lang='lat' dir='ltr'><strong>sum,</strong></span> <span class='ocrx_word' id='word_1_188' title='bbox 3232 1141 3446 1188; x_wconf 88' lang='lat' dir='ltr'><strong>tantum</strong></span> 
     </span>
    </p>
   </div>
   <div class='ocr_carea' id='block_1_25' title="bbox 1860 1206 3443 1291">
    <p class='ocr_par' dir='ltr' id='par_1_25' title="bbox 1860 1206 3443 1291">
     <span class='ocr_line' id='line_1_25' title="bbox 1860 1206 3443 1291; baseline 0.008 -24"><span class='ocrx_word' id='word_1_189' title='bbox 1860 1221 1921 1267; x_wconf 91' lang='lat' dir='ltr'><strong>ut</strong></span> <span class='ocrx_word' id='word_1_190' title='bbox 1963 1229 2088 1269; x_wconf 92' lang='lat' dir='ltr'><strong>cum</strong></span> <span class='ocrx_word' id='word_1_191' title='bbox 2136 1232 2271 1286; x_wconf 88' lang='lat' dir='ltr'><strong>pace</strong></span> <span class='ocrx_word' id='word_1_192' title='bbox 2324 1206 2395 1273; x_wconf 82' lang='lat' dir='ltr'><strong>sit</strong></span> <span class='ocrx_word' id='word_1_193' title='bbox 2443 1234 2645 1273; x_wconf 87' lang='lat' dir='ltr'><strong>sermo.</strong></span> <span class='ocrx_word' id='word_1_194' title='bbox 2681 1220 2819 1275; x_wconf 85' lang='lat' dir='ltr'><strong>Tum</strong></span> <span class='ocrx_word' id='word_1_195' title='bbox 2857 1221 3041 1277; x_wconf 89' lang='lat' dir='ltr'><strong>Simon</strong></span> <span class='ocrx_word' id='word_1_196' title='bbox 3066 1239 3083 1274; x_wconf 72' lang='grc' dir='ltr'>τ</span> <span class='ocrx_word' id='word_1_197' title='bbox 3117 1223 3237 1279; x_wconf 85' lang='lat' dir='ltr'><strong>Non</strong></span> <span class='ocrx_word' id='word_1_198' title='bbox 3265 1224 3443 1291; x_wconf 90' lang='lat' dir='ltr'><strong>vides,</strong></span> 
     </span>
    </p>
   </div>
   <div class='ocr_carea' id='block_1_26' title="bbox 1858 1305 3446 1385">
    <p class='ocr_par' dir='ltr' id='par_1_26' title="bbox 1858 1305 3446 1385">
     <span class='ocr_line' id='line_1_26' title="bbox 1858 1305 3446 1385; baseline 0.008 -28"><span class='ocrx_word' id='word_1_199' title='bbox 1858 1305 2056 1376; x_wconf 86' lang='lat' dir='ltr'><strong>inquit,</strong></span> <span class='ocrx_word' id='word_1_200' title='bbox 2082 1305 2513 1375; x_wconf 90' lang='lat' dir='ltr'><strong>imperitissime,</strong></span> <span class='ocrx_word' id='word_1_201' title='bbox 2535 1310 2684 1377; x_wconf 92' lang='lat' dir='ltr'><strong>quod</strong></span> <span class='ocrx_word' id='word_1_202' title='bbox 2716 1312 2998 1365; x_wconf 87' lang='lat' dir='ltr'><strong>contraria</strong></span> <span class='ocrx_word' id='word_1_203' title='bbox 3031 1314 3147 1383; x_wconf 88' lang='lat' dir='ltr'><strong>agis</strong></span> <span class='ocrx_word' id='word_1_204' title='bbox 3179 1316 3446 1385; x_wconf 84' lang='lat' dir='ltr'><strong>magistro</strong></span> 
     </span>
    </p>
   </div>
   <div class='ocr_carea' id='block_1_27' title="bbox 1857 1392 3442 1472">
    <p class='ocr_par' dir='ltr' id='par_1_27' title="bbox 1857 1392 3442 1472">
     <span class='ocr_line' id='line_1_27' title="bbox 1857 1392 3442 1472; baseline 0.007 -24"><span class='ocrx_word' id='word_1_205' title='bbox 1857 1402 1972 1458; x_wconf 90' lang='lat' dir='ltr'><strong>tuo,</strong></span> <span class='ocrx_word' id='word_1_206' title='bbox 1991 1411 2182 1466; x_wconf 90' lang='lat' dir='ltr'><strong>pacem</strong></span> <span class='ocrx_word' id='word_1_207' title='bbox 2209 1396 2533 1467; x_wconf 88' lang='lat' dir='ltr'><strong>deposcens,</strong></span> <span class='ocrx_word' id='word_1_208' title='bbox 2568 1401 2715 1470; x_wconf 89' lang='lat' dir='ltr'><strong>quod</strong></span> <span class='ocrx_word' id='word_1_209' title='bbox 2746 1392 2931 1472; x_wconf 86' lang='lat' dir='ltr'><strong>utique</strong></span> <span class='ocrx_word' id='word_1_210' title='bbox 2955 1418 3065 1457; x_wconf 89' lang='lat' dir='ltr'><strong>non</strong></span> <span class='ocrx_word' id='word_1_211' title='bbox 3090 1408 3345 1461; x_wconf 77' lang='lat' dir='ltr'><strong>convenit</strong></span> <span class='ocrx_word' id='word_1_212' title='bbox 3367 1406 3442 1471; x_wconf 91' lang='lat' dir='ltr'><strong>ei,</strong></span> 
     </span>
    </p>
   </div>
   <div class='ocr_carea' id='block_1_28' title="bbox 1854 1486 3444 1562">
    <p class='ocr_par' dir='ltr' id='par_1_28' title="bbox 1854 1486 3444 1562">
     <span class='ocr_line' id='line_1_28' title="bbox 1854 1486 3444 1562; baseline 0.008 -23"><span class='ocrx_word' id='word_1_213' title='bbox 1854 1486 1949 1555; x_wconf 91' lang='lat' dir='ltr'><strong>qui</strong></span> <span class='ocrx_word' id='word_1_214' title='bbox 1978 1495 2419 1557; x_wconf 77' lang='lat' dir='ltr'><strong>expugnaturum</strong></span> <span class='ocrx_word' id='word_1_215' title='bbox 2451 1504 2511 1544; x_wconf 90' lang='lat' dir='ltr'><strong>se</strong></span> <span class='ocrx_word' id='word_1_216' title='bbox 2535 1491 2809 1559; x_wconf 89' lang='lat' dir='ltr'><strong>promittit</strong></span> <span class='ocrx_word' id='word_1_217' title='bbox 2840 1493 3244 1562; x_wconf 83' lang='lat' dir='ltr'><strong>ignorantiam?</strong></span> <span class='ocrx_word' id='word_1_218' title='bbox 3267 1495 3375 1549; x_wconf 84' lang='lat' dir='ltr'><strong>Aut</strong></span> <span class='ocrx_word' id='word_1_219' title='bbox 3394 1496 3444 1551; x_wconf 82' lang='lat' dir='ltr'><strong>si</strong></span> 
     </span>
    </p>
   </div>
   <div class='ocr_carea' id='block_1_29' title="bbox 1852 1578 3440 1653">
    <p class='ocr_par' dir='ltr' id='par_1_29' title="bbox 1852 1578 3440 1653">
     <span class='ocr_line' id='line_1_29' title="bbox 1852 1578 3440 1653; baseline 0.008 -24"><span class='ocrx_word' id='word_1_220' title='bbox 1852 1582 1912 1630; x_wconf 90' lang='lat' dir='ltr'><strong>tu</strong></span> <span class='ocrx_word' id='word_1_221' title='bbox 1962 1586 2109 1632; x_wconf 89' lang='lat' dir='ltr'><strong>recte</strong></span> <span class='ocrx_word' id='word_1_222' title='bbox 2152 1593 2341 1649; x_wconf 90' lang='lat' dir='ltr'><strong>pacem</strong></span> <span class='ocrx_word' id='word_1_223' title='bbox 2372 1578 2441 1633; x_wconf 90' lang='lat' dir='ltr'><strong>ab</strong></span> <span class='ocrx_word' id='word_1_224' title='bbox 2485 1580 2834 1636; x_wconf 87' lang='lat' dir='ltr'><strong>auditoribus</strong></span> <span class='ocrx_word' id='word_1_225' title='bbox 2881 1584 3099 1653; x_wconf 88' lang='lat' dir='ltr'><strong>poscis,</strong></span> <span class='ocrx_word' id='word_1_226' title='bbox 3149 1600 3260 1640; x_wconf 89' lang='lat' dir='ltr'><strong>non</strong></span> <span class='ocrx_word' id='word_1_227' title='bbox 3290 1595 3440 1641; x_wconf 89' lang='lat' dir='ltr'><strong>recte</strong></span> 
     </span>
    </p>
   </div>
   <div class='ocr_carea' id='block_1_30' title="bbox 1852 1667 3441 1741">
    <p class='ocr_par' dir='ltr' id='par_1_30' title="bbox 1852 1667 3441 1741">
     <span class='ocr_line' id='line_1_30' title="bbox 1852 1667 3441 1741; baseline 0.007 -20"><span class='ocrx_word' id='word_1_228' title='bbox 1852 1667 2111 1738; x_wconf 89' lang='lat' dir='ltr'><strong>magister</strong></span> <span class='ocrx_word' id='word_1_229' title='bbox 2132 1670 2431 1725; x_wconf 77' lang='lat' dir='ltr'><strong>tuusdixit</strong></span> <span class='ocrx_word' id='word_1_230' title='bbox 2457 1687 2469 1721; x_wconf 91' lang='lat'>:</span> <span class='ocrx_word' id='word_1_231' title='bbox 2505 1670 2648 1737; x_wconf 84' lang='lat' dir='ltr'><strong>Quia</strong></span> <span class='ocrx_word' id='word_1_232' title='bbox 2679 1689 2782 1727; x_wconf 82' lang='lat' dir='ltr'><strong>non</strong></span> <span class='ocrx_word' id='word_1_233' title='bbox 2808 1674 2923 1727; x_wconf 75' lang='lat' dir='ltr'><strong>veni</strong></span> <span class='ocrx_word' id='word_1_234' title='bbox 2948 1690 3126 1741; x_wconf 85' lang='lat' dir='ltr'><strong>pacem</strong></span> <span class='ocrx_word' id='word_1_235' title='bbox 3152 1677 3355 1731; x_wconf 84' lang='lat' dir='ltr'><strong>mittere</strong></span> <span class='ocrx_word' id='word_1_236' title='bbox 3384 1678 3441 1731; x_wconf 77' lang='lat' dir='ltr'><strong>in</strong></span> 
     </span>
    </p>
   </div>
   <div class='ocr_carea' id='block_1_31' title="bbox 1853 1763 3441 1834">
    <p class='ocr_par' dir='ltr' id='par_1_31' title="bbox 1853 1763 3441 1834">
     <span class='ocr_line' id='line_1_31' title="bbox 1853 1763 3441 1834; baseline 0.006 -19"><span class='ocrx_word' id='word_1_237' title='bbox 1853 1771 2049 1816; x_wconf 85' lang='lat' dir='ltr'><strong>terram</strong></span> <span class='ocrx_word' id='word_1_238' title='bbox 2070 1803 2086 1827; x_wconf 95' lang='lat'><strong>,</strong></span> <span class='ocrx_word' id='word_1_239' title='bbox 2137 1763 2228 1818; x_wconf 85' lang='lat' dir='ltr'><strong>sed</strong></span> <span class='ocrx_word' id='word_1_240' title='bbox 2253 1764 2574 1834; x_wconf 79' lang='lat' dir='ltr'><strong>gladium&quot;.</strong></span> <span class='ocrx_word' id='word_1_241' title='bbox 2608 1767 2718 1819; x_wconf 81' lang='lat' dir='ltr'><strong>Aut</strong></span> <span class='ocrx_word' id='word_1_242' title='bbox 2745 1767 2891 1821; x_wconf 91' lang='lat' dir='ltr'><strong>enim</strong></span> <span class='ocrx_word' id='word_1_243' title='bbox 2922 1774 2981 1821; x_wconf 89' lang='lat' dir='ltr'><strong>tu</strong></span> <span class='ocrx_word' id='word_1_244' title='bbox 3015 1768 3153 1823; x_wconf 89' lang='lat' dir='ltr'><strong>bene</strong></span> <span class='ocrx_word' id='word_1_245' title='bbox 3186 1770 3347 1832; x_wconf 89' lang='lat' dir='ltr'><strong>dicis,</strong></span> <span class='ocrx_word' id='word_1_246' title='bbox 3384 1778 3441 1824; x_wconf 85' lang='lat' dir='ltr'><strong>et</strong></span> 
     </span>
    </p>
   </div>
   <div class='ocr_carea' id='block_1_32' title="bbox 1852 1854 3437 1931">
    <p class='ocr_par' dir='ltr' id='par_1_32' title="bbox 1852 1854 3437 1931">
     <span class='ocr_line' id='line_1_32' title="bbox 1852 1854 3437 1931; baseline 0.006 -23"><span class='ocrx_word' id='word_1_247' title='bbox 1852 1854 1943 1910; x_wconf 91' lang='lat' dir='ltr'><strong>ille</strong></span> <span class='ocrx_word' id='word_1_248' title='bbox 1958 1870 2069 1909; x_wconf 91' lang='lat' dir='ltr'><strong>non</strong></span> <span class='ocrx_word' id='word_1_249' title='bbox 2099 1856 2257 1920; x_wconf 86' lang='lat' dir='ltr'><strong>bene,</strong></span> <span class='ocrx_word' id='word_1_250' title='bbox 2285 1862 2379 1909; x_wconf 91' lang='lat' dir='ltr'><strong>aut</strong></span> <span class='ocrx_word' id='word_1_251' title='bbox 2408 1856 2454 1911; x_wconf 90' lang='lat' dir='ltr'><strong>si</strong></span> <span class='ocrx_word' id='word_1_252' title='bbox 2484 1857 2747 1928; x_wconf 85' lang='lat' dir='ltr'><strong>magister</strong></span> <span class='ocrx_word' id='word_1_253' title='bbox 2764 1864 2894 1914; x_wconf 90' lang='lat' dir='ltr'><strong>tuus</strong></span> <span class='ocrx_word' id='word_1_254' title='bbox 2912 1859 3071 1925; x_wconf 89' lang='lat' dir='ltr'><strong>bene,</strong></span> <span class='ocrx_word' id='word_1_255' title='bbox 3092 1867 3149 1915; x_wconf 92' lang='lat' dir='ltr'><strong>tu</strong></span> <span class='ocrx_word' id='word_1_256' title='bbox 3176 1861 3437 1931; x_wconf 86' lang='lat' dir='ltr'><strong>pessime,</strong></span> 
     </span>
    </p>
   </div>
   <div class='ocr_carea' id='block_1_33' title="bbox 162 1920 3439 2025">
    <p class='ocr_par' dir='ltr' id='par_1_33' title="bbox 162 1920 3439 2025">
     <span class='ocr_line' id='line_1_33' title="bbox 162 1920 3439 2025; baseline 0.012 -52"><span class='ocrx_word' id='word_1_257' title='bbox 162 1920 255 1990; x_wconf 86' lang='lat' dir='ltr'><strong>gis</strong></span> <span class='ocrx_word' id='word_1_258' title='bbox 283 1922 593 1993; x_wconf 82' lang='lat' dir='ltr'><strong>eligeretis?</strong></span> <span class='ocrx_word' id='word_1_259' title='bbox 625 1925 744 1981; x_wconf 84' lang='lat' dir='ltr'><strong>Non</strong></span> <span class='ocrx_word' id='word_1_260' title='bbox 776 1929 968 1987; x_wconf 90' lang='lat' dir='ltr'><strong>dubito</strong></span> <span class='ocrx_word' id='word_1_261' title='bbox 996 1935 1159 2004; x_wconf 92' lang='lat' dir='ltr'><strong>quin,</strong></span> <span class='ocrx_word' id='word_1_262' title='bbox 1200 1947 1260 1992; x_wconf 92' lang='lat' dir='ltr'><strong>ut</strong></span> <span class='ocrx_word' id='word_1_263' title='bbox 1286 1953 1413 1994; x_wconf 89' lang='lat' dir='ltr'><strong>cum</strong></span> <span class='ocrx_word' id='word_1_264' title='bbox 1456 1941 1747 1997; x_wconf 89' lang='lat' dir='ltr'><strong>incolumi—</strong></span> <span class='ocrx_word' id='word_1_265' title='bbox 1780 1926 1823 1981; x_wconf 74' lang='grc' dir='ltr'><strong>Β</strong></span> <span class='ocrx_word' id='word_1_266' title='bbox 1849 1944 1943 2015; x_wconf 92' lang='lat' dir='ltr'><strong>qui</strong></span> <span class='ocrx_word' id='word_1_267' title='bbox 1974 1932 2436 2002; x_wconf 46' lang='lat' dir='ltr'><strong>non&#39;iutellexisti</strong></span> <span class='ocrx_word' id='word_1_268' title='bbox 2468 1920 2748 2003; x_wconf 69' lang='lat' dir='ltr'><strong>contraria</strong></span> <span class='ocrx_word' id='word_1_269' title='bbox 2786 1957 2842 2006; x_wconf 90' lang='lat' dir='ltr'><strong>te</strong></span> <span class='ocrx_word' id='word_1_270' title='bbox 2876 1951 3127 2020; x_wconf 78' lang='lat' dir='ltr'><strong>proferre</strong></span> <span class='ocrx_word' id='word_1_271' title='bbox 3164 1954 3247 2018; x_wconf 89' lang='lat' dir='ltr'><strong>ei,</strong></span> <span class='ocrx_word' id='word_1_272' title='bbox 3277 1954 3439 2025; x_wconf 84' lang='lat' dir='ltr'><strong>cujus</strong></span> 
     </span>
    </p>
   </div>
   <div class='ocr_carea' id='block_1_34' title="bbox 163 2014 1745 2103">
    <p class='ocr_par' dir='ltr' id='par_1_34' title="bbox 163 2014 1745 2103">
     <span class='ocr_line' id='line_1_34' title="bbox 163 2014 1745 2103; baseline 0.015 -39"><span class='ocrx_word' id='word_1_273' title='bbox 163 2018 280 2066; x_wconf 84' lang='lat' dir='ltr'><strong>tate</strong></span> <span class='ocrx_word' id='word_1_274' title='bbox 301 2014 545 2068; x_wconf 89' lang='lat' dir='ltr'><strong>omnium</strong></span> <span class='ocrx_word' id='word_1_275' title='bbox 572 2054 588 2080; x_wconf 94' lang='lat'><strong>,</strong></span> <span class='ocrx_word' id='word_1_276' title='bbox 620 2019 735 2088; x_wconf 90' lang='lat' dir='ltr'><strong>regi</strong></span> <span class='ocrx_word' id='word_1_277' title='bbox 769 2022 986 2076; x_wconf 79' lang='lat' dir='ltr'><strong>meliori</strong></span> <span class='ocrx_word' id='word_1_278' title='bbox 1019 2039 1215 2081; x_wconf 89' lang='lat' dir='ltr'><strong>manus</strong></span> <span class='ocrx_word' id='word_1_279' title='bbox 1238 2018 1520 2084; x_wconf 81' lang='lat' dir='ltr'><strong>darentur.</strong></span> <span class='ocrx_word' id='word_1_280' title='bbox 1553 2029 1618 2084; x_wconf 83' lang='lat' dir='ltr'><strong>Et</strong></span> <span class='ocrx_word' id='word_1_281' title='bbox 1645 2048 1745 2103; x_wconf 87' lang='lat' dir='ltr'><strong>ego</strong></span> 
     </span>
    </p>
   </div>
   <div class='ocr_carea' id='block_1_35' title="bbox 162 2106 1743 2183">
    <p class='ocr_par' dir='ltr' id='par_1_35' title="bbox 162 2106 1743 2183">
     <span class='ocr_line' id='line_1_35' title="bbox 162 2106 1743 2183; baseline 0.015 -28"><span class='ocrx_word' id='word_1_282' title='bbox 162 2115 319 2157; x_wconf 82' lang='lat' dir='ltr'><strong>nunc</strong></span> <span class='ocrx_word' id='word_1_283' title='bbox 340 2119 471 2170; x_wconf 85' lang='lat' dir='ltr'><strong>non,</strong></span> <span class='ocrx_word' id='word_1_284' title='bbox 503 2114 564 2161; x_wconf 92' lang='lat' dir='ltr'><strong>ut</strong></span> <span class='ocrx_word' id='word_1_285' title='bbox 588 2106 779 2164; x_wconf 91' lang='lat' dir='ltr'><strong>Simon</strong></span> <span class='ocrx_word' id='word_1_286' title='bbox 807 2113 902 2177; x_wconf 88' lang='lat' dir='ltr'><strong>ait,</strong></span> <span class='ocrx_word' id='word_1_287' title='bbox 928 2114 1079 2183; x_wconf 88' lang='lat' dir='ltr'><strong>pacis</strong></span> <span class='ocrx_word' id='word_1_288' title='bbox 1112 2130 1281 2172; x_wconf 88' lang='lat' dir='ltr'><strong>causa</strong></span> <span class='ocrx_word' id='word_1_289' title='bbox 1310 2133 1598 2175; x_wconf 89' lang='lat' dir='ltr'><strong>assensum</strong></span> <span class='ocrx_word' id='word_1_290' title='bbox 1620 2125 1743 2179; x_wconf 89' lang='lat' dir='ltr'><strong>volo</strong></span> 
     </span>
    </p>
   </div>
   <div class='ocr_carea' id='block_1_36' title="bbox 160 2196 1740 2275">
    <p class='ocr_par' dir='ltr' id='par_1_36' title="bbox 160 2196 1740 2275">
     <span class='ocr_line' id='line_1_36' title="bbox 160 2196 1740 2275; baseline 0.016 -29"><span class='ocrx_word' id='word_1_291' title='bbox 160 2196 506 2251; x_wconf 78' lang='lat' dir='ltr'><strong>commodari</strong></span> <span class='ocrx_word' id='word_1_292' title='bbox 556 2198 642 2255; x_wconf 86' lang='lat' dir='ltr'><strong>bis</strong></span> <span class='ocrx_word' id='word_1_293' title='bbox 687 2217 809 2272; x_wconf 75' lang='lat' dir='ltr'><strong>qua:</strong></span> <span class='ocrx_word' id='word_1_294' title='bbox 857 2206 1001 2261; x_wconf 84' lang='lat' dir='ltr'><strong>male</strong></span> <span class='ocrx_word' id='word_1_295' title='bbox 1041 2206 1337 2275; x_wconf 85' lang='lat' dir='ltr'><strong>dicuntur,</strong></span> <span class='ocrx_word' id='word_1_296' title='bbox 1379 2211 1479 2267; x_wconf 87' lang='lat' dir='ltr'><strong>sed</strong></span> <span class='ocrx_word' id='word_1_297' title='bbox 1516 2221 1576 2268; x_wconf 92' lang='lat' dir='ltr'><strong>ut</strong></span> <span class='ocrx_word' id='word_1_298' title='bbox 1617 2229 1740 2270; x_wconf 84' lang='lat' dir='ltr'><strong>cum</strong></span> 
     </span>
    </p>
   </div>
   <div class='ocr_carea' id='block_1_37' title="bbox 158 2283 1252 2368">
    <p class='ocr_par' dir='ltr' id='par_1_37' title="bbox 158 2283 1252 2368">
     <span class='ocr_line' id='line_1_37' title="bbox 158 2283 1252 2368; baseline 0.017 -30"><span class='ocrx_word' id='word_1_299' title='bbox 158 2283 351 2355; x_wconf 76' lang='lat' dir='ltr'><strong>quiete</strong></span> <span class='ocrx_word' id='word_1_300' title='bbox 377 2294 432 2342; x_wconf 85' lang='lat' dir='ltr'><strong>et</strong></span> <span class='ocrx_word' id='word_1_301' title='bbox 460 2289 652 2346; x_wconf 86' lang='lat' dir='ltr'><strong>ordine</strong></span> <span class='ocrx_word' id='word_1_302' title='bbox 682 2292 888 2352; x_wconf 88' lang='lat' dir='ltr'><strong>veritas</strong></span> <span class='ocrx_word' id='word_1_303' title='bbox 914 2298 1252 2368; x_wconf 82' lang='lat' dir='ltr'><strong>requiratur.</strong></span> 
     </span>
    </p>
   </div>
   <div class='ocr_carea' id='block_1_38' title="bbox 236 2375 1742 2471">
    <p class='ocr_par' dir='ltr' id='par_1_38' title="bbox 236 2375 1742 2471">
     <span class='ocr_line' id='line_1_38' title="bbox 236 2375 1742 2471; baseline 0.017 -41"><span class='ocrx_word' id='word_1_304' title='bbox 236 2375 402 2434; x_wconf 76' lang='lat' dir='ltr'><strong>XXV.</strong></span> <span class='ocrx_word' id='word_1_305' title='bbox 428 2378 687 2438; x_wconf 86' lang='lat' dir='ltr'><strong>Nonnulli</strong></span> <span class='ocrx_word' id='word_1_306' title='bbox 712 2387 856 2440; x_wconf 88' lang='lat' dir='ltr'><strong>enim</strong></span> <span class='ocrx_word' id='word_1_307' title='bbox 890 2386 946 2443; x_wconf 87' lang='lat' dir='ltr'><strong>iu</strong></span> <span class='ocrx_word' id='word_1_308' title='bbox 973 2389 1409 2460; x_wconf 88' lang='lat' dir='ltr'><strong>disputationum</strong></span> <span class='ocrx_word' id='word_1_309' title='bbox 1438 2398 1742 2471; x_wconf 87' lang='lat' dir='ltr'><strong>certamine</strong></span> 
     </span>
    </p>
   </div>
   <div class='ocr_carea' id='block_1_39' title="bbox 158 2464 1743 2562">
    <p class='ocr_par' dir='ltr' id='par_1_39' title="bbox 158 2464 1743 2562">
     <span class='ocr_line' id='line_1_39' title="bbox 158 2464 1743 2562; baseline 0.018 -42"><span class='ocrx_word' id='word_1_310' title='bbox 158 2464 259 2521; x_wconf 84' lang='lat' dir='ltr'><strong>ubi</strong></span> <span class='ocrx_word' id='word_1_311' title='bbox 286 2485 529 2526; x_wconf 89' lang='lat' dir='ltr'><strong>errorem</strong></span> <span class='ocrx_word' id='word_1_312' title='bbox 562 2490 723 2531; x_wconf 89' lang='lat' dir='ltr'><strong>suum</strong></span> <span class='ocrx_word' id='word_1_313' title='bbox 753 2480 1031 2535; x_wconf 84' lang='lat' dir='ltr'><strong>senserint</strong></span> <span class='ocrx_word' id='word_1_314' title='bbox 1056 2483 1372 2550; x_wconf 88' lang='lat' dir='ltr'><strong>confutari,</strong></span> <span class='ocrx_word' id='word_1_315' title='bbox 1416 2465 1584 2544; x_wconf 83' lang='lat' dir='ltr'><strong>causa</strong></span> <span class='ocrx_word' id='word_1_316' title='bbox 1618 2506 1743 2562; x_wconf 83' lang='lat' dir='ltr'><strong>per-</strong></span> 
     </span>
    </p>
   </div>
   <div class='ocr_carea' id='block_1_40' title="bbox 156 2557 1738 2651">
    <p class='ocr_par' dir='ltr' id='par_1_40' title="bbox 156 2557 1738 2651">
     <span class='ocr_line' id='line_1_40' title="bbox 156 2557 1738 2651; baseline 0.018 -39"><span class='ocrx_word' id='word_1_317' title='bbox 156 2557 296 2630; x_wconf 74' lang='lat' dir='ltr'><strong>fugii</strong></span> <span class='ocrx_word' id='word_1_318' title='bbox 313 2565 645 2623; x_wconf 81' lang='lat' dir='ltr'><strong>conturbare</strong></span> <span class='ocrx_word' id='word_1_319' title='bbox 667 2569 935 2628; x_wconf 87' lang='lat' dir='ltr'><strong>continuo</strong></span> <span class='ocrx_word' id='word_1_320' title='bbox 964 2572 1255 2645; x_wconf 91' lang='lat' dir='ltr'><strong>incipiunt,</strong></span> <span class='ocrx_word' id='word_1_321' title='bbox 1276 2585 1333 2633; x_wconf 89' lang='lat' dir='ltr'><strong>et</strong></span> <span class='ocrx_word' id='word_1_322' title='bbox 1349 2594 1568 2637; x_wconf 88' lang='lat' dir='ltr'><strong>movere</strong></span> <span class='ocrx_word' id='word_1_323' title='bbox 1591 2557 1738 2651; x_wconf 79' lang='lat' dir='ltr'><strong>lites,</strong></span> 
     </span>
    </p>
   </div>
   <div class='ocr_carea' id='block_1_41' title="bbox 156 2652 1740 2743">
    <p class='ocr_par' dir='ltr' id='par_1_41' title="bbox 156 2652 1740 2743">
     <span class='ocr_line' id='line_1_41' title="bbox 156 2652 1740 2743; baseline 0.017 -40"><span class='ocrx_word' id='word_1_324' title='bbox 156 2664 232 2705; x_wconf 87' lang='lat' dir='ltr'><strong>ne</strong></span> <span class='ocrx_word' id='word_1_325' title='bbox 260 2652 439 2721; x_wconf 81' lang='lat' dir='ltr'><strong>palam</strong></span> <span class='ocrx_word' id='word_1_326' title='bbox 488 2653 582 2710; x_wconf 77' lang='lat' dir='ltr'><strong>ﬂat</strong></span> <span class='ocrx_word' id='word_1_327' title='bbox 616 2659 883 2717; x_wconf 80' lang='lat' dir='ltr'><strong>erunibus</strong></span> <span class='ocrx_word' id='word_1_328' title='bbox 931 2663 1078 2733; x_wconf 88' lang='lat' dir='ltr'><strong>quod</strong></span> <span class='ocrx_word' id='word_1_329' title='bbox 1130 2676 1497 2737; x_wconf 83' lang='lat' dir='ltr'><strong>superantur;</strong></span> <span class='ocrx_word' id='word_1_330' title='bbox 1534 2677 1587 2726; x_wconf 92' lang='lat' dir='ltr'><strong>et</strong></span> <span class='ocrx_word' id='word_1_331' title='bbox 1613 2688 1740 2743; x_wconf 91' lang='lat' dir='ltr'><strong>pro-</strong></span> 
     </span>
    </p>
   </div>
   <div class='ocr_carea' id='block_1_42' title="bbox 153 2745 1738 2830">
    <p class='ocr_par' dir='ltr' id='par_1_42' title="bbox 153 2745 1738 2830">
     <span class='ocr_line' id='line_1_42' title="bbox 153 2745 1738 2830; baseline 0.015 -36"><span class='ocrx_word' id='word_1_332' title='bbox 153 2750 346 2810; x_wconf 80' lang='lat' dir='ltr'><strong>pterea</strong></span> <span class='ocrx_word' id='word_1_333' title='bbox 376 2757 479 2815; x_wconf 80' lang='lat' dir='ltr'><strong>ego</strong></span> <span class='ocrx_word' id='word_1_334' title='bbox 506 2745 821 2819; x_wconf 85' lang='lat' dir='ltr'><strong>frequenter</strong></span> <span class='ocrx_word' id='word_1_335' title='bbox 843 2766 1035 2819; x_wconf 78' lang='lat' dir='ltr'><strong>exoro,</strong></span> <span class='ocrx_word' id='word_1_336' title='bbox 1060 2763 1119 2810; x_wconf 88' lang='lat' dir='ltr'><strong>ut</strong></span> <span class='ocrx_word' id='word_1_337' title='bbox 1145 2771 1273 2812; x_wconf 87' lang='lat' dir='ltr'><strong>eum</strong></span> <span class='ocrx_word' id='word_1_338' title='bbox 1294 2758 1442 2813; x_wconf 88' lang='lat' dir='ltr'><strong>omni</strong></span> <span class='ocrx_word' id='word_1_339' title='bbox 1472 2761 1738 2830; x_wconf 84' lang='lat' dir='ltr'><strong>patientia</strong></span> 
     </span>
    </p>
   </div>
   <div class='ocr_carea' id='block_1_43' title="bbox 153 2832 1737 2917">
    <p class='ocr_par' dir='ltr' id='par_1_43' title="bbox 153 2832 1737 2917">
     <span class='ocr_line' id='line_1_43' title="bbox 153 2832 1737 2917; baseline 0.016 -32"><span class='ocrx_word' id='word_1_340' title='bbox 153 2839 213 2885; x_wconf 86' lang='lat' dir='ltr'><strong>et</strong></span> <span class='ocrx_word' id='word_1_341' title='bbox 268 2832 454 2903; x_wconf 79' lang='lat' dir='ltr'><strong>quiete</strong></span> <span class='ocrx_word' id='word_1_342' title='bbox 486 2834 687 2908; x_wconf 84' lang='lat' dir='ltr'><strong>indago</strong></span> <span class='ocrx_word' id='word_1_343' title='bbox 713 2838 1103 2911; x_wconf 78' lang='lat' dir='ltr'><strong>disputationis</strong></span> <span class='ocrx_word' id='word_1_344' title='bbox 1147 2845 1440 2917; x_wconf 77' lang='lat' dir='ltr'><strong>habeatur,</strong></span> <span class='ocrx_word' id='word_1_345' title='bbox 1493 2860 1553 2905; x_wconf 91' lang='lat' dir='ltr'><strong>ut</strong></span> <span class='ocrx_word' id='word_1_346' title='bbox 1599 2860 1655 2908; x_wconf 89' lang='lat' dir='ltr'><strong>et</strong></span> <span class='ocrx_word' id='word_1_347' title='bbox 1689 2854 1737 2910; x_wconf 91' lang='lat' dir='ltr'><strong>si</strong></span> 
     </span>
    </p>
   </div>
   <div class='ocr_carea' id='block_1_44' title="bbox 154 2921 1737 3016">
    <p class='ocr_par' dir='ltr' id='par_1_44' title="bbox 154 2921 1737 3016">
     <span class='ocr_line' id='line_1_44' title="bbox 154 2921 1737 3016; baseline 0.017 -40"><span class='ocrx_word' id='word_1_348' title='bbox 154 2921 302 2979; x_wconf 68' lang='lat' dir='ltr'><strong>forte</strong></span> <span class='ocrx_word' id='word_1_349' title='bbox 334 2926 541 2997; x_wconf 83' lang='lat' dir='ltr'><strong>aliquid</strong></span> <span class='ocrx_word' id='word_1_350' title='bbox 567 2930 751 2988; x_wconf 91' lang='lat' dir='ltr'><strong>minus</strong></span> <span class='ocrx_word' id='word_1_351' title='bbox 777 2942 929 2991; x_wconf 88' lang='lat' dir='ltr'><strong>recte</strong></span> <span class='ocrx_word' id='word_1_352' title='bbox 958 2936 1167 2995; x_wconf 88' lang='lat' dir='ltr'><strong>dictum</strong></span> <span class='ocrx_word' id='word_1_353' title='bbox 1196 2940 1466 3010; x_wconf 87' lang='lat' dir='ltr'><strong>videatur,</strong></span> <span class='ocrx_word' id='word_1_354' title='bbox 1490 2953 1737 3016; x_wconf 85' lang='lat' dir='ltr'><strong>repetere</strong></span> 
     </span>
    </p>
   </div>
   <div class='ocr_carea' id='block_1_45' title="bbox 152 3015 1732 3099">
    <p class='ocr_par' dir='ltr' id='par_1_45' title="bbox 152 3015 1732 3099">
     <span class='ocr_line' id='line_1_45' title="bbox 152 3015 1732 3099; baseline 0.016 -29"><span class='ocrx_word' id='word_1_355' title='bbox 152 3015 281 3071; x_wconf 80' lang='lat' dir='ltr'><strong>idet</strong></span> <span class='ocrx_word' id='word_1_356' title='bbox 311 3020 554 3090; x_wconf 85' lang='lat' dir='ltr'><strong>apertius</strong></span> <span class='ocrx_word' id='word_1_357' title='bbox 583 3021 748 3079; x_wconf 88' lang='lat' dir='ltr'><strong>liceat</strong></span> <span class='ocrx_word' id='word_1_358' title='bbox 766 3028 1081 3099; x_wconf 78' lang='lat' dir='ltr'><strong>explanare.</strong></span> <span class='ocrx_word' id='word_1_359' title='bbox 1104 3029 1255 3088; x_wconf 81' lang='lat' dir='ltr'><strong>Solet</strong></span> <span class='ocrx_word' id='word_1_360' title='bbox 1280 3034 1427 3090; x_wconf 90' lang='lat' dir='ltr'><strong>enim</strong></span> <span class='ocrx_word' id='word_1_361' title='bbox 1458 3015 1732 3095; x_wconf 76' lang='lat' dir='ltr'><strong>interdum</strong></span> 
     </span>
    </p>
   </div>
   <div class='ocr_carea' id='block_1_46' title="bbox 153 3108 1735 3189">
    <p class='ocr_par' dir='ltr' id='par_1_46' title="bbox 153 3108 1735 3189">
     <span class='ocr_line' id='line_1_46' title="bbox 153 3108 1735 3189; baseline 0.018 -28"><span class='ocrx_word' id='word_1_362' title='bbox 153 3108 317 3165; x_wconf 86' lang='lat' dir='ltr'><strong>aliter</strong></span> <span class='ocrx_word' id='word_1_363' title='bbox 337 3110 446 3166; x_wconf 89' lang='lat' dir='ltr'><strong>dici</strong></span> <span class='ocrx_word' id='word_1_364' title='bbox 473 3113 606 3184; x_wconf 91' lang='lat' dir='ltr'><strong>quid</strong></span> <span class='ocrx_word' id='word_1_365' title='bbox 635 3126 689 3172; x_wconf 92' lang='lat' dir='ltr'><strong>et</strong></span> <span class='ocrx_word' id='word_1_366' title='bbox 715 3118 876 3175; x_wconf 88' lang='lat' dir='ltr'><strong>aliter</strong></span> <span class='ocrx_word' id='word_1_367' title='bbox 903 3122 1123 3189; x_wconf 88' lang='lat' dir='ltr'><strong>audiri,</strong></span> <span class='ocrx_word' id='word_1_368' title='bbox 1155 3126 1286 3181; x_wconf 90' lang='lat' dir='ltr'><strong>dum</strong></span> <span class='ocrx_word' id='word_1_369' title='bbox 1317 3136 1412 3183; x_wconf 92' lang='lat' dir='ltr'><strong>aut</strong></span> <span class='ocrx_word' id='word_1_370' title='bbox 1442 3131 1626 3189; x_wconf 89' lang='lat' dir='ltr'><strong>minus</strong></span> <span class='ocrx_word' id='word_1_371' title='bbox 1655 3133 1735 3189; x_wconf 81' lang='lat' dir='ltr'><strong>lu-</strong></span> 
     </span>
    </p>
   </div>
   <div class='ocr_carea' id='block_1_47' title="bbox 147 3198 1731 3289">
    <p class='ocr_par' dir='ltr' id='par_1_47' title="bbox 147 3198 1731 3289">
     <span class='ocr_line' id='line_1_47' title="bbox 147 3198 1731 3289; baseline 0.019 -39"><span class='ocrx_word' id='word_1_372' title='bbox 147 3198 277 3253; x_wconf 82' lang='lat' dir='ltr'><strong>cide</strong></span> <span class='ocrx_word' id='word_1_373' title='bbox 305 3200 604 3271; x_wconf 79' lang='lat' dir='ltr'><strong>profertur,</strong></span> <span class='ocrx_word' id='word_1_374' title='bbox 640 3214 733 3261; x_wconf 86' lang='lat' dir='ltr'><strong>aut</strong></span> <span class='ocrx_word' id='word_1_375' title='bbox 780 3209 965 3267; x_wconf 89' lang='lat' dir='ltr'><strong>minus</strong></span> <span class='ocrx_word' id='word_1_376' title='bbox 996 3212 1290 3285; x_wconf 83' lang='lat' dir='ltr'><strong>vigilanter</strong></span> <span class='ocrx_word' id='word_1_377' title='bbox 1318 3218 1645 3289; x_wconf 85' lang='lat' dir='ltr'><strong>advertitur,</strong></span> <span class='ocrx_word' id='word_1_378' title='bbox 1675 3233 1731 3280; x_wconf 87' lang='lat' dir='ltr'><strong>et</strong></span> 
     </span>
    </p>
   </div>
   <div class='ocr_carea' id='block_1_48' title="bbox 148 3288 1735 3385">
    <p class='ocr_par' dir='ltr' id='par_1_48' title="bbox 148 3288 1735 3385">
     <span class='ocr_line' id='line_1_48' title="bbox 148 3288 1735 3385; baseline 0.019 -44"><span class='ocrx_word' id='word_1_379' title='bbox 148 3288 226 3342; x_wconf 91' lang='lat' dir='ltr'><strong>ob</strong></span> <span class='ocrx_word' id='word_1_380' title='bbox 250 3288 354 3343; x_wconf 84' lang='lat' dir='ltr'><strong>hoc</strong></span> <span class='ocrx_word' id='word_1_381' title='bbox 380 3292 650 3363; x_wconf 76' lang='lat' dir='ltr'><strong>patienter</strong></span> <span class='ocrx_word' id='word_1_382' title='bbox 677 3299 843 3368; x_wconf 89' lang='lat' dir='ltr'><strong>cupio</strong></span> <span class='ocrx_word' id='word_1_383' title='bbox 870 3300 1063 3357; x_wconf 88' lang='lat' dir='ltr'><strong>haberi</strong></span> <span class='ocrx_word' id='word_1_384' title='bbox 1093 3317 1424 3374; x_wconf 88' lang='lat' dir='ltr'><strong>sermonem,</strong></span> <span class='ocrx_word' id='word_1_385' title='bbox 1459 3320 1519 3366; x_wconf 91' lang='lat' dir='ltr'><strong>ut</strong></span> <span class='ocrx_word' id='word_1_386' title='bbox 1557 3328 1735 3385; x_wconf 90' lang='lat' dir='ltr'><strong>neque</strong></span> 
     </span>
    </p>
   </div>
   <div class='ocr_carea' id='block_1_49' title="bbox 150 3379 1735 3463">
    <p class='ocr_par' dir='ltr' id='par_1_49' title="bbox 150 3379 1735 3463">
     <span class='ocr_line' id='line_1_49' title="bbox 150 3379 1735 3463; baseline 0.019 -31"><span class='ocrx_word' id='word_1_387' title='bbox 150 3379 425 3451; x_wconf 87' lang='lat' dir='ltr'><strong>subripiat</strong></span> <span class='ocrx_word' id='word_1_388' title='bbox 448 3384 587 3440; x_wconf 90' lang='lat' dir='ltr'><strong>alter</strong></span> <span class='ocrx_word' id='word_1_389' title='bbox 613 3388 770 3442; x_wconf 89' lang='lat' dir='ltr'><strong>alteri</strong></span> <span class='ocrx_word' id='word_1_390' title='bbox 796 3428 813 3456; x_wconf 89' lang='lat'><strong>,</strong></span> <span class='ocrx_word' id='word_1_391' title='bbox 843 3407 1022 3463; x_wconf 89' lang='lat' dir='ltr'><strong>neque</strong></span> <span class='ocrx_word' id='word_1_392' title='bbox 1040 3410 1358 3455; x_wconf 84' lang='lat' dir='ltr'><strong>sermonem</strong></span> <span class='ocrx_word' id='word_1_393' title='bbox 1383 3401 1619 3460; x_wconf 89' lang='lat' dir='ltr'><strong>dicentis</strong></span> <span class='ocrx_word' id='word_1_394' title='bbox 1644 3379 1735 3462; x_wconf 80' lang='lat' dir='ltr'><strong>in-</strong></span> 
     </span>
    </p>
   </div>
   <div class='ocr_carea' id='block_1_50' title="bbox 150 3473 1733 3563">
    <p class='ocr_par' dir='ltr' id='par_1_50' title="bbox 150 3473 1733 3563">
     <span class='ocr_line' id='line_1_50' title="bbox 150 3473 1733 3563; baseline 0.019 -40"><span class='ocrx_word' id='word_1_395' title='bbox 150 3473 517 3540; x_wconf 89' lang='lat' dir='ltr'><strong>tempestivus</strong></span> <span class='ocrx_word' id='word_1_396' title='bbox 545 3490 728 3533; x_wconf 85' lang='lat' dir='ltr'><strong>sermo</strong></span> <span class='ocrx_word' id='word_1_397' title='bbox 753 3484 1184 3543; x_wconf 88' lang='lat' dir='ltr'><strong>contradicentis</strong></span> <span class='ocrx_word' id='word_1_398' title='bbox 1214 3488 1599 3563; x_wconf 87' lang='lat' dir='ltr'><strong>interrumpat,</strong></span> <span class='ocrx_word' id='word_1_399' title='bbox 1634 3512 1733 3552; x_wconf 92' lang='lat' dir='ltr'><strong>ue-</strong></span> 
     </span>
    </p>
   </div>
   <div class='ocr_carea' id='block_1_51' title="bbox 148 3564 1787 3647">
    <p class='ocr_par' dir='ltr' id='par_1_51' title="bbox 148 3564 1787 3647">
     <span class='ocr_line' id='line_1_51' title="bbox 148 3564 1787 3647; baseline 0.019 -34"><span class='ocrx_word' id='word_1_400' title='bbox 148 3575 262 3628; x_wconf 90' lang='lat' dir='ltr'><strong>que</strong></span> <span class='ocrx_word' id='word_1_401' title='bbox 290 3564 719 3633; x_wconf 76' lang='lat' dir='ltr'><strong>reprehendendi</strong></span> <span class='ocrx_word' id='word_1_402' title='bbox 766 3571 1010 3629; x_wconf 85' lang='lat' dir='ltr'><strong>studium</strong></span> <span class='ocrx_word' id='word_1_403' title='bbox 1039 3591 1315 3647; x_wconf 89' lang='lat' dir='ltr'><strong>geramus,</strong></span> <span class='ocrx_word' id='word_1_404' title='bbox 1345 3582 1443 3637; x_wconf 93' lang='lat' dir='ltr'><strong>sed</strong></span> <span class='ocrx_word' id='word_1_405' title='bbox 1474 3583 1632 3640; x_wconf 86' lang='lat' dir='ltr'><strong>liceat</strong></span> <span class='ocrx_word' id='word_1_406' title='bbox 1670 3596 1733 3643; x_wconf 89' lang='lat' dir='ltr'><strong>ut</strong></span> <span class='ocrx_word' id='word_1_407' title='bbox 1773 3607 1787 3622; x_wconf 78' lang='grc' dir='ltr'><strong>ο</strong></span> 
     </span>
    </p>
   </div>
   <div class='ocr_carea' id='block_1_52' title="bbox 148 3650 1733 3736">
    <p class='ocr_par' dir='ltr' id='par_1_52' title="bbox 148 3650 1733 3736">
     <span class='ocr_line' id='line_1_52' title="bbox 148 3650 1733 3736; baseline 0.018 -33"><span class='ocrx_word' id='word_1_408' title='bbox 148 3650 267 3705; x_wconf 80' lang='grc' dir='ltr'><strong>(Ιίιὶ</strong></span> <span class='ocrx_word' id='word_1_409' title='bbox 295 3692 310 3717; x_wconf 91' lang='grc'><em>,</em></span> <span class='ocrx_word' id='word_1_410' title='bbox 341 3655 525 3712; x_wconf 88' lang='lat' dir='ltr'><strong>minus</strong></span> <span class='ocrx_word' id='word_1_411' title='bbox 558 3657 721 3727; x_wconf 85' lang='lat' dir='ltr'><strong>plane</strong></span> <span class='ocrx_word' id='word_1_412' title='bbox 744 3661 892 3717; x_wconf 91' lang='lat' dir='ltr'><strong>dicta</strong></span> <span class='ocrx_word' id='word_1_413' title='bbox 922 3674 1171 3736; x_wconf 86' lang='lat' dir='ltr'><strong>repetere</strong></span> <span class='ocrx_word' id='word_1_414' title='bbox 1191 3708 1207 3735; x_wconf 93' lang='lat'><strong>,</strong></span> <span class='ocrx_word' id='word_1_415' title='bbox 1238 3678 1300 3725; x_wconf 93' lang='lat' dir='ltr'><strong>ut</strong></span> <span class='ocrx_word' id='word_1_416' title='bbox 1328 3675 1733 3733; x_wconf 73' lang='lat' dir='ltr'><strong>examinatione</strong></span> 
     </span>
    </p>
   </div>
   <div class='ocr_carea' id='block_1_53' title="bbox 142 3741 1729 3830">
    <p class='ocr_par' dir='ltr' id='par_1_53' title="bbox 142 3741 1729 3830">
     <span class='ocr_line' id='line_1_53' title="bbox 142 3741 1729 3830; baseline 0.02 -38"><span class='ocrx_word' id='word_1_417' title='bbox 142 3741 455 3811; x_wconf 83' lang='lat' dir='ltr'><strong>justissima</strong></span> <span class='ocrx_word' id='word_1_418' title='bbox 498 3748 768 3807; x_wconf 83' lang='lat' dir='ltr'><strong>clarescat</strong></span> <span class='ocrx_word' id='word_1_419' title='bbox 814 3755 1064 3813; x_wconf 90' lang='lat' dir='ltr'><strong>veritatis</strong></span> <span class='ocrx_word' id='word_1_420' title='bbox 1117 3760 1342 3830; x_wconf 90' lang='lat' dir='ltr'><strong>agnitio.</strong></span> <span class='ocrx_word' id='word_1_421' title='bbox 1394 3762 1547 3819; x_wconf 90' lang='lat' dir='ltr'><strong>Scire</strong></span> <span class='ocrx_word' id='word_1_422' title='bbox 1584 3768 1729 3823; x_wconf 88' lang='lat' dir='ltr'><strong>enim</strong></span> 
     </span>
    </p>
   </div>
   <div class='ocr_carea' id='block_1_54' title="bbox 146 3831 1730 3929">
    <p class='ocr_par' dir='ltr' id='par_1_54' title="bbox 146 3831 1730 3929">
     <span class='ocr_line' id='line_1_54' title="bbox 146 3831 1730 3929; baseline 0.019 -45"><span class='ocrx_word' id='word_1_423' title='bbox 146 3831 434 3900; x_wconf 87' lang='lat' dir='ltr'><strong>debemus,</strong></span> <span class='ocrx_word' id='word_1_424' title='bbox 467 3839 596 3907; x_wconf 87' lang='lat' dir='ltr'><strong>quia</strong></span> <span class='ocrx_word' id='word_1_425' title='bbox 626 3841 674 3895; x_wconf 89' lang='lat' dir='ltr'><strong>si</strong></span> <span class='ocrx_word' id='word_1_426' title='bbox 699 3843 826 3912; x_wconf 87' lang='lat' dir='ltr'><strong>quis</strong></span> <span class='ocrx_word' id='word_1_427' title='bbox 856 3860 887 3899; x_wconf 89' lang='lat' dir='ltr'><strong>a</strong></span> <span class='ocrx_word' id='word_1_428' title='bbox 918 3848 1148 3904; x_wconf 88' lang='lat' dir='ltr'><strong>veritate</strong></span> <span class='ocrx_word' id='word_1_429' title='bbox 1179 3851 1453 3919; x_wconf 83' lang='lat' dir='ltr'><strong>vincatur,</strong></span> <span class='ocrx_word' id='word_1_430' title='bbox 1478 3871 1589 3911; x_wconf 90' lang='lat' dir='ltr'><strong>non</strong></span> <span class='ocrx_word' id='word_1_431' title='bbox 1613 3859 1730 3929; x_wconf 83' lang='lat' dir='ltr'><strong>ipse</strong></span> 
     </span>
    </p>
   </div>
   <div class='ocr_carea' id='block_1_55' title="bbox 146 3920 1729 4016">
    <p class='ocr_par' dir='ltr' id='par_1_55' title="bbox 146 3920 1729 4016">
     <span class='ocr_line' id='line_1_55' title="bbox 146 3920 1729 4016; baseline 0.02 -44"><span class='ocrx_word' id='word_1_432' title='bbox 146 3920 388 3977; x_wconf 79' lang='lat' dir='ltr'><strong>vincitur</strong></span> <span class='ocrx_word' id='word_1_433' title='bbox 410 3964 425 3987; x_wconf 89' lang='lat'><strong>,</strong></span> <span class='ocrx_word' id='word_1_434' title='bbox 459 3928 554 3982; x_wconf 90' lang='lat' dir='ltr'><strong>sed</strong></span> <span class='ocrx_word' id='word_1_435' title='bbox 587 3929 901 3998; x_wconf 86' lang='lat' dir='ltr'><strong>ignorantia</strong></span> <span class='ocrx_word' id='word_1_436' title='bbox 932 3950 1053 4005; x_wconf 65' lang='lat' dir='ltr'><strong>quae</strong></span> <span class='ocrx_word' id='word_1_437' title='bbox 1093 3937 1146 3991; x_wconf 90' lang='lat' dir='ltr'><strong>in</strong></span> <span class='ocrx_word' id='word_1_438' title='bbox 1185 3940 1304 4010; x_wconf 91' lang='lat' dir='ltr'><strong>ipso</strong></span> <span class='ocrx_word' id='word_1_439' title='bbox 1335 3951 1454 4009; x_wconf 90' lang='lat' dir='ltr'><strong>est,</strong></span> <span class='ocrx_word' id='word_1_440' title='bbox 1486 3960 1608 4016; x_wconf 71' lang='lat' dir='ltr'><strong>qua:</strong></span> <span class='ocrx_word' id='word_1_441' title='bbox 1633 3920 1729 4003; x_wconf 47' lang='lat' dir='ltr'><strong>.est</strong></span> 
     </span>
    </p>
   </div>
   <div class='ocr_carea' id='block_1_56' title="bbox 144 4008 1727 4105">
    <p class='ocr_par' dir='ltr' id='par_1_56' title="bbox 144 4008 1727 4105">
     <span class='ocr_line' id='line_1_56' title="bbox 144 4008 1727 4105; baseline 0.02 -43"><span class='ocrx_word' id='word_1_442' title='bbox 144 4008 363 4067; x_wconf 70' lang='lat' dir='ltr'><strong>daemon</strong></span> <span class='ocrx_word' id='word_1_443' title='bbox 392 4017 689 4085; x_wconf 86' lang='lat' dir='ltr'><strong>pessimus,</strong></span> <span class='ocrx_word' id='word_1_444' title='bbox 722 4036 886 4091; x_wconf 85' lang='lat' dir='ltr'><strong>quam</strong></span> <span class='ocrx_word' id='word_1_445' title='bbox 916 4024 1009 4094; x_wconf 94' lang='lat' dir='ltr'><strong>qui</strong></span> <span class='ocrx_word' id='word_1_446' title='bbox 1045 4008 1283 4095; x_wconf 82' lang='lat' dir='ltr'><strong>potuerit</strong></span> <span class='ocrx_word' id='word_1_447' title='bbox 1309 4008 1583 4105; x_wconf 69' lang='lat' dir='ltr'><strong>ell‘ugare,</strong></span> <span class='ocrx_word' id='word_1_448' title='bbox 1636 4051 1727 4092; x_wconf 88' lang='lat' dir='ltr'><strong>sa-</strong></span> 
     </span>
    </p>
   </div>
   <div class='ocr_carea' id='block_1_57' title="bbox 145 4102 1728 4194">
    <p class='ocr_par' dir='ltr' id='par_1_57' title="bbox 145 4102 1728 4194">
     <span class='ocr_line' id='line_1_57' title="bbox 145 4102 1728 4194; baseline 0.017 -40"><span class='ocrx_word' id='word_1_449' title='bbox 145 4102 280 4160; x_wconf 88' lang='lat' dir='ltr'><strong>lutis</strong></span> <span class='ocrx_word' id='word_1_450' title='bbox 303 4108 504 4178; x_wconf 90' lang='lat' dir='ltr'><strong>accipit</strong></span> <span class='ocrx_word' id='word_1_451' title='bbox 529 4112 789 4179; x_wconf 90' lang='lat' dir='ltr'><strong>palmam.</strong></span> <span class='ocrx_word' id='word_1_452' title='bbox 820 4113 1167 4186; x_wconf 83' lang='lat' dir='ltr'><strong>Propositum</strong></span> <span class='ocrx_word' id='word_1_453' title='bbox 1196 4102 1441 4194; x_wconf 80' lang='lat' dir='ltr'><strong>namque</strong></span> <span class='ocrx_word' id='word_1_454' title='bbox 1466 4126 1625 4182; x_wconf 89' lang='lat' dir='ltr'><strong>nobis</strong></span> <span class='ocrx_word' id='word_1_455' title='bbox 1644 4138 1728 4183; x_wconf 88' lang='lat' dir='ltr'><strong>est</strong></span> 
     </span>
    </p>
   </div>
   <div class='ocr_carea' id='block_1_58' title="bbox 142 4196 1725 4282">
    <p class='ocr_par' dir='ltr' id='par_1_58' title="bbox 142 4196 1725 4282">
     <span class='ocr_line' id='line_1_58' title="bbox 142 4196 1725 4282; baseline 0.017 -33"><span class='ocrx_word' id='word_1_456' title='bbox 142 4196 410 4266; x_wconf 86' lang='lat' dir='ltr'><strong>prodesse</strong></span> <span class='ocrx_word' id='word_1_457' title='bbox 438 4202 785 4262; x_wconf 83' lang='lat' dir='ltr'><strong>auditoribus</strong></span> <span class='ocrx_word' id='word_1_458' title='bbox 804 4246 819 4271; x_wconf 92' lang='lat'><strong>,</strong></span> <span class='ocrx_word' id='word_1_459' title='bbox 876 4224 986 4264; x_wconf 91' lang='lat' dir='ltr'><strong>non</strong></span> <span class='ocrx_word' id='word_1_460' title='bbox 1019 4221 1079 4265; x_wconf 90' lang='lat' dir='ltr'><strong>ut</strong></span> <span class='ocrx_word' id='word_1_461' title='bbox 1106 4215 1248 4270; x_wconf 87' lang='lat' dir='ltr'><strong>male</strong></span> <span class='ocrx_word' id='word_1_462' title='bbox 1276 4215 1589 4282; x_wconf 85' lang='lat' dir='ltr'><strong>vincamus,</strong></span> <span class='ocrx_word' id='word_1_463' title='bbox 1627 4219 1725 4275; x_wconf 88' lang='lat' dir='ltr'><strong>sed</strong></span> 
     </span>
    </p>
   </div>
   <div class='ocr_carea' id='block_1_59' title="bbox 145 4295 1721 4364">
    <p class='ocr_par' dir='ltr' id='par_1_59' title="bbox 145 4295 1721 4364">
     <span class='ocr_line' id='line_1_59' title="bbox 145 4295 1721 4364; baseline 0.015 -22"><span class='ocrx_word' id='word_1_464' title='bbox 145 4298 210 4342; x_wconf 87' lang='lat' dir='ltr'><strong>ut</strong></span> <span class='ocrx_word' id='word_1_465' title='bbox 258 4305 358 4359; x_wconf 92' lang='lat' dir='ltr'><strong>pro</strong></span> <span class='ocrx_word' id='word_1_466' title='bbox 401 4295 682 4363; x_wconf 86' lang='lat' dir='ltr'><strong>agnitione</strong></span> <span class='ocrx_word' id='word_1_467' title='bbox 700 4300 958 4356; x_wconf 67' lang='lat' dir='ltr'><strong>veritatis</strong></span> <span class='ocrx_word' id='word_1_468' title='bbox 984 4302 1123 4359; x_wconf 87' lang='lat' dir='ltr'><strong>bene</strong></span> <span class='ocrx_word' id='word_1_469' title='bbox 1149 4306 1451 4361; x_wconf 85' lang='lat' dir='ltr'><strong>vincamur.</strong></span> <span class='ocrx_word' id='word_1_470' title='bbox 1488 4306 1543 4363; x_wconf 92' lang='lat' dir='ltr'><strong>Si</strong></span> <span class='ocrx_word' id='word_1_471' title='bbox 1577 4310 1721 4364; x_wconf 90' lang='lat' dir='ltr'><strong>enim</strong></span> 
     </span>
    </p>
   </div>
   <div class='ocr_carea' id='block_1_60' title="bbox 140 4383 1720 4465">
    <p class='ocr_par' dir='ltr' id='par_1_60' title="bbox 140 4383 1720 4465">
     <span class='ocr_line' id='line_1_60' title="bbox 140 4383 1720 4465; baseline 0.014 -30"><span class='ocrx_word' id='word_1_472' title='bbox 140 4383 390 4441; x_wconf 81' lang='lat' dir='ltr'><strong>veritatis</strong></span> <span class='ocrx_word' id='word_1_473' title='bbox 423 4384 761 4458; x_wconf 60' lang='lat' dir='ltr'><strong>inquirenda</strong></span> <span class='ocrx_word' id='word_1_474' title='bbox 778 4394 961 4449; x_wconf 87' lang='lat' dir='ltr'><strong>studio</strong></span> <span class='ocrx_word' id='word_1_475' title='bbox 973 4410 1159 4451; x_wconf 90' lang='lat' dir='ltr'><strong>sermo</strong></span> <span class='ocrx_word' id='word_1_476' title='bbox 1176 4406 1483 4465; x_wconf 86' lang='lat' dir='ltr'><strong>moveatur,</strong></span> <span class='ocrx_word' id='word_1_477' title='bbox 1506 4404 1720 4457; x_wconf 85' lang='lat' dir='ltr'><strong>etiamsi</strong></span> 
     </span>
    </p>
   </div>
   <div class='ocr_carea' id='block_1_61' title="bbox 140 4473 1717 4563">
    <p class='ocr_par' dir='ltr' id='par_1_61' title="bbox 140 4473 1717 4563">
     <span class='ocr_line' id='line_1_61' title="bbox 140 4473 1717 4563; baseline 0.015 -36"><span class='ocrx_word' id='word_1_478' title='bbox 140 4473 277 4543; x_wconf 88' lang='lat' dir='ltr'><strong>quid</strong></span> <span class='ocrx_word' id='word_1_479' title='bbox 305 4476 489 4535; x_wconf 87' lang='lat' dir='ltr'><strong>minus</strong></span> <span class='ocrx_word' id='word_1_480' title='bbox 517 4480 675 4551; x_wconf 90' lang='lat' dir='ltr'><strong>plene</strong></span> <span class='ocrx_word' id='word_1_481' title='bbox 713 4498 814 4554; x_wconf 90' lang='lat' dir='ltr'><strong>pro</strong></span> <span class='ocrx_word' id='word_1_482' title='bbox 844 4486 1084 4543; x_wconf 85' lang='lat' dir='ltr'><strong>humana</strong></span> <span class='ocrx_word' id='word_1_483' title='bbox 1116 4489 1412 4562; x_wconf 88' lang='lat' dir='ltr'><strong>fragilitate</strong></span> <span class='ocrx_word' id='word_1_484' title='bbox 1449 4492 1717 4563; x_wconf 87' lang='lat' dir='ltr'><strong>dicemus,</strong></span> 
     </span>
    </p>
   </div>
   <div class='ocr_carea' id='block_1_62' title="bbox 140 4564 1719 4654">
    <p class='ocr_par' dir='ltr' id='par_1_62' title="bbox 140 4564 1719 4654">
     <span class='ocr_line' id='line_1_62' title="bbox 140 4564 1719 4654; baseline 0.014 -32"><span class='ocrx_word' id='word_1_485' title='bbox 140 4564 288 4623; x_wconf 85' lang='lat' dir='ltr'><strong>Deus</strong></span> <span class='ocrx_word' id='word_1_486' title='bbox 317 4584 415 4637; x_wconf 88' lang='lat' dir='ltr'><strong>pro</strong></span> <span class='ocrx_word' id='word_1_487' title='bbox 443 4570 701 4628; x_wconf 68' lang='lat' dir='ltr'><strong>ineffabili</strong></span> <span class='ocrx_word' id='word_1_488' title='bbox 728 4591 829 4631; x_wconf 89' lang='lat' dir='ltr'><strong>sua</strong></span> <span class='ocrx_word' id='word_1_489' title='bbox 865 4578 1128 4645; x_wconf 87' lang='lat' dir='ltr'><strong>bonitate,</strong></span> <span class='ocrx_word' id='word_1_490' title='bbox 1160 4596 1225 4635; x_wconf 89' lang='lat' dir='ltr'><strong>ea</strong></span> <span class='ocrx_word' id='word_1_491' title='bbox 1260 4598 1385 4654; x_wconf 59' lang='lat' dir='ltr'><strong>qua:</strong></span> <span class='ocrx_word' id='word_1_492' title='bbox 1413 4584 1616 4643; x_wconf 89' lang='lat' dir='ltr'><strong>desunt</strong></span> <span class='ocrx_word' id='word_1_493' title='bbox 1646 4589 1719 4643; x_wconf 90' lang='lat' dir='ltr'><strong>la-</strong></span> 
     </span>
    </p>
   </div>
   <div class='ocr_carea' id='block_1_63' title="bbox 138 4660 1717 4741">
    <p class='ocr_par' dir='ltr' id='par_1_63' title="bbox 138 4660 1717 4741">
     <span class='ocr_line' id='line_1_63' title="bbox 138 4660 1717 4741; baseline 0.015 -31"><span class='ocrx_word' id='word_1_494' title='bbox 138 4662 321 4712; x_wconf 89' lang='lat' dir='ltr'><strong>tenter</strong></span> <span class='ocrx_word' id='word_1_495' title='bbox 354 4660 665 4717; x_wconf 88' lang='lat' dir='ltr'><strong>auditorum</strong></span> <span class='ocrx_word' id='word_1_496' title='bbox 712 4666 967 4723; x_wconf 88' lang='lat' dir='ltr'><strong>sensibus</strong></span> <span class='ocrx_word' id='word_1_497' title='bbox 1015 4669 1351 4741; x_wconf 84' lang='lat' dir='ltr'><strong>adimplebit.</strong></span> <span class='ocrx_word' id='word_1_498' title='bbox 1404 4672 1598 4732; x_wconf 79' lang='lat' dir='ltr'><strong>Justus</strong></span> <span class='ocrx_word' id='word_1_499' title='bbox 1631 4686 1717 4735; x_wconf 90' lang='lat' dir='ltr'><strong>est</strong></span> 
     </span>
    </p>
   </div>
   <div class='ocr_carea' id='block_1_64' title="bbox 136 4749 1715 4834">
    <p class='ocr_par' dir='ltr' id='par_1_64' title="bbox 136 4749 1715 4834">
     <span class='ocr_line' id='line_1_64' title="bbox 136 4749 1715 4834; baseline 0.013 -31"><span class='ocrx_word' id='word_1_500' title='bbox 136 4749 307 4818; x_wconf 84' lang='lat' dir='ltr'><strong>enim,</strong></span> <span class='ocrx_word' id='word_1_501' title='bbox 334 4760 387 4807; x_wconf 90' lang='lat' dir='ltr'><strong>et</strong></span> <span class='ocrx_word' id='word_1_502' title='bbox 416 4754 718 4810; x_wconf 89' lang='lat' dir='ltr'><strong>secundum</strong></span> <span class='ocrx_word' id='word_1_503' title='bbox 751 4759 1186 4833; x_wconf 80' lang='lat' dir='ltr'><strong>uniuscujusque</strong></span> <span class='ocrx_word' id='word_1_504' title='bbox 1204 4754 1570 4834; x_wconf 90' lang='lat' dir='ltr'><strong>propositum,</strong></span> <span class='ocrx_word' id='word_1_505' title='bbox 1593 4768 1715 4825; x_wconf 76' lang='lat' dir='ltr'><strong>aliis</strong></span> 
     </span>
    </p>
   </div>
   <div class='ocr_carea' id='block_1_65' title="bbox 135 4839 1715 4925">
    <p class='ocr_par' dir='ltr' id='par_1_65' title="bbox 135 4839 1715 4925">
     <span class='ocr_line' id='line_1_65' title="bbox 135 4839 1715 4925; baseline 0.014 -33"><span class='ocrx_word' id='word_1_506' title='bbox 135 4839 359 4908; x_wconf 90' lang='lat' dir='ltr'><strong>quidem</strong></span> <span class='ocrx_word' id='word_1_507' title='bbox 392 4842 447 4897; x_wconf 91' lang='lat' dir='ltr'><strong>in</strong></span> <span class='ocrx_word' id='word_1_508' title='bbox 474 4855 728 4917; x_wconf 90' lang='lat' dir='ltr'><strong>promptu</strong></span> <span class='ocrx_word' id='word_1_509' title='bbox 760 4846 890 4904; x_wconf 88' lang='lat' dir='ltr'><strong>facit</strong></span> <span class='ocrx_word' id='word_1_510' title='bbox 917 4852 1216 4923; x_wconf 86' lang='lat' dir='ltr'><strong>essequod</strong></span> <span class='ocrx_word' id='word_1_511' title='bbox 1263 4856 1554 4925; x_wconf 67' lang='lat' dir='ltr'><strong>quaeritur,</strong></span> <span class='ocrx_word' id='word_1_512' title='bbox 1591 4859 1715 4915; x_wconf 90' lang='lat' dir='ltr'><strong>aliis</strong></span> 
     </span>
    </p>
   </div>
   <div class='ocr_carea' id='block_1_66' title="bbox 135 4930 1712 5017">
    <p class='ocr_par' dir='ltr' id='par_1_66' title="bbox 135 4930 1712 5017">
     <span class='ocr_line' id='line_1_66' title="bbox 135 4930 1712 5017; baseline 0.016 -33"><span class='ocrx_word' id='word_1_513' title='bbox 135 4944 268 4985; x_wconf 86' lang='lat' dir='ltr'><strong>vero</strong></span> <span class='ocrx_word' id='word_1_514' title='bbox 283 4930 578 4989; x_wconf 85' lang='lat' dir='ltr'><strong>obscurum</strong></span> <span class='ocrx_word' id='word_1_515' title='bbox 596 4938 791 5003; x_wconf 88' lang='lat' dir='ltr'><strong>reddit,</strong></span> <span class='ocrx_word' id='word_1_516' title='bbox 811 4941 973 4996; x_wconf 85' lang='lat' dir='ltr'><strong>etiam</strong></span> <span class='ocrx_word' id='word_1_517' title='bbox 997 4943 1141 5013; x_wconf 92' lang='lat' dir='ltr'><strong>quod</strong></span> <span class='ocrx_word' id='word_1_518' title='bbox 1156 4944 1335 5014; x_wconf 89' lang='lat' dir='ltr'><strong>palam</strong></span> <span class='ocrx_word' id='word_1_519' title='bbox 1357 4949 1591 5017; x_wconf 89' lang='lat' dir='ltr'><strong>positum</strong></span> <span class='ocrx_word' id='word_1_520' title='bbox 1607 4960 1712 5009; x_wconf 89' lang='lat' dir='ltr'><strong>est.</strong></span> 
     </span>
    </p>
   </div>
   <div class='ocr_carea' id='block_1_67' title="bbox 134 5019 1711 5112">
    <p class='ocr_par' dir='ltr' id='par_1_67' title="bbox 134 5019 1711 5112">
     <span class='ocr_line' id='line_1_67' title="bbox 134 5019 1711 5112; baseline 0.015 -37"><span class='ocrx_word' id='word_1_521' title='bbox 134 5019 278 5089; x_wconf 84' lang='lat' dir='ltr'><strong>Quia</strong></span> <span class='ocrx_word' id='word_1_522' title='bbox 304 5038 437 5095; x_wconf 88' lang='lat' dir='ltr'><strong>ergo</strong></span> <span class='ocrx_word' id='word_1_523' title='bbox 468 5026 550 5081; x_wconf 87' lang='lat' dir='ltr'><strong>via</strong></span> <span class='ocrx_word' id='word_1_524' title='bbox 578 5026 697 5094; x_wconf 87' lang='lat' dir='ltr'><strong>Dei,</strong></span> <span class='ocrx_word' id='word_1_525' title='bbox 719 5030 807 5085; x_wconf 88' lang='lat' dir='ltr'><strong>via</strong></span> <span class='ocrx_word' id='word_1_526' title='bbox 841 5033 994 5103; x_wconf 89' lang='lat' dir='ltr'><strong>pacis</strong></span> <span class='ocrx_word' id='word_1_527' title='bbox 1026 5043 1134 5102; x_wconf 88' lang='lat' dir='ltr'><strong>est,</strong></span> <span class='ocrx_word' id='word_1_528' title='bbox 1157 5050 1283 5092; x_wconf 90' lang='lat' dir='ltr'><strong>cum</strong></span> <span class='ocrx_word' id='word_1_529' title='bbox 1309 5054 1445 5109; x_wconf 85' lang='lat' dir='ltr'><strong>pace</strong></span> <span class='ocrx_word' id='word_1_530' title='bbox 1474 5048 1595 5112; x_wconf 70' lang='lat' dir='ltr'><strong>qua:</strong></span> <span class='ocrx_word' id='word_1_531' title='bbox 1614 5042 1711 5099; x_wconf 86' lang='lat' dir='ltr'><strong>Dei</strong></span> 
     </span>
    </p>
   </div>
   <div class='ocr_carea' id='block_1_68' title="bbox 135 5114 1713 5205">
    <p class='ocr_par' dir='ltr' id='par_1_68' title="bbox 135 5114 1713 5205">
     <span class='ocr_line' id='line_1_68' title="bbox 135 5114 1713 5205; baseline 0.016 -40"><span class='ocrx_word' id='word_1_532' title='bbox 135 5120 269 5166; x_wconf 90' lang='lat' dir='ltr'><strong>sunt</strong></span> <span class='ocrx_word' id='word_1_533' title='bbox 296 5114 667 5189; x_wconf 77' lang='lat' dir='ltr'><strong>requiramus.</strong></span> <span class='ocrx_word' id='word_1_534' title='bbox 697 5118 781 5175; x_wconf 76' lang='lat' dir='ltr'><strong>Ad</strong></span> <span class='ocrx_word' id='word_1_535' title='bbox 816 5121 933 5179; x_wconf 61' lang='lat' dir='ltr'><strong>hac</strong></span> <span class='ocrx_word' id='word_1_536' title='bbox 971 5125 1018 5179; x_wconf 89' lang='lat' dir='ltr'><strong>si</strong></span> <span class='ocrx_word' id='word_1_537' title='bbox 1046 5125 1369 5196; x_wconf 79' lang='lat' dir='ltr'><strong>quis‘habet</strong></span> <span class='ocrx_word' id='word_1_538' title='bbox 1398 5131 1713 5205; x_wconf 75' lang='lat' dir='ltr'><strong>quodpro—</strong></span> 
     </span>
    </p>
   </div>
   <div class='ocr_carea' id='block_1_69' title="bbox 133 5206 1713 5296">
    <p class='ocr_par' dir='ltr' id='par_1_69' title="bbox 133 5206 1713 5296">
     <span class='ocr_line' id='line_1_69' title="bbox 133 5206 1713 5296; baseline 0.016 -41"><span class='ocrx_word' id='word_1_539' title='bbox 133 5210 422 5273; x_wconf 87' lang='lat' dir='ltr'><strong>sequatur,</strong></span> <span class='ocrx_word' id='word_1_540' title='bbox 454 5206 611 5265; x_wconf 85' lang='lat' dir='ltr'><strong>locus</strong></span> <span class='ocrx_word' id='word_1_541' title='bbox 640 5217 758 5278; x_wconf 85' lang='lat' dir='ltr'><strong>est;</strong></span> <span class='ocrx_word' id='word_1_542' title='bbox 799 5212 847 5270; x_wconf 87' lang='lat' dir='ltr'><strong>si</strong></span> <span class='ocrx_word' id='word_1_543' title='bbox 877 5229 1006 5270; x_wconf 87' lang='lat' dir='ltr'><strong>vero</strong></span> <span class='ocrx_word' id='word_1_544' title='bbox 1029 5217 1214 5275; x_wconf 90' lang='lat' dir='ltr'><strong>nullus</strong></span> <span class='ocrx_word' id='word_1_545' title='bbox 1246 5228 1333 5276; x_wconf 89' lang='lat' dir='ltr'><strong>est</strong></span> <span class='ocrx_word' id='word_1_546' title='bbox 1361 5222 1459 5292; x_wconf 92' lang='lat' dir='ltr'><strong>qui</strong></span> <span class='ocrx_word' id='word_1_547' title='bbox 1491 5238 1713 5296; x_wconf 82' lang='lat' dir='ltr'><strong>respou-</strong></span> 
     </span>
    </p>
   </div>
   <div class='ocr_carea' id='block_1_70' title="bbox 132 5292 1711 5383">
    <p class='ocr_par' dir='ltr' id='par_1_70' title="bbox 132 5292 1711 5383">
     <span class='ocr_line' id='line_1_70' title="bbox 132 5292 1711 5383; baseline 0.016 -35"><span class='ocrx_word' id='word_1_548' title='bbox 132 5292 267 5351; x_wconf 77' lang='lat' dir='ltr'><strong>dere</strong></span> <span class='ocrx_word' id='word_1_549' title='bbox 310 5296 461 5365; x_wconf 87' lang='lat' dir='ltr'><strong>velit,</strong></span> <span class='ocrx_word' id='word_1_550' title='bbox 511 5314 612 5371; x_wconf 89' lang='lat' dir='ltr'><strong>ego</strong></span> <span class='ocrx_word' id='word_1_551' title='bbox 658 5302 844 5360; x_wconf 82' lang='lat' dir='ltr'><strong>dicere</strong></span> <span class='ocrx_word' id='word_1_552' title='bbox 896 5306 1179 5378; x_wconf 87' lang='lat' dir='ltr'><strong>incipiam,</strong></span> <span class='ocrx_word' id='word_1_553' title='bbox 1223 5318 1279 5365; x_wconf 90' lang='lat' dir='ltr'><strong>et</strong></span> <span class='ocrx_word' id='word_1_554' title='bbox 1328 5327 1451 5383; x_wconf 63' lang='lat' dir='ltr'><strong>qua:</strong></span> <span class='ocrx_word' id='word_1_555' title='bbox 1475 5292 1610 5370; x_wconf 79' lang='lat' dir='ltr'><strong>mihi</strong></span> <span class='ocrx_word' id='word_1_556' title='bbox 1640 5317 1711 5374; x_wconf 89' lang='lat' dir='ltr'><strong>ab</strong></span> 
     </span>
    </p>
   </div>
   <div class='ocr_carea' id='block_1_71' title="bbox 130 5385 1707 5475">
    <p class='ocr_par' dir='ltr' id='par_1_71' title="bbox 130 5385 1707 5475">
     <span class='ocr_line' id='line_1_71' title="bbox 130 5385 1707 5475; baseline 0.018 -37"><span class='ocrx_word' id='word_1_557' title='bbox 130 5385 244 5441; x_wconf 87' lang='lat' dir='ltr'><strong>alio</strong></span> <span class='ocrx_word' id='word_1_558' title='bbox 270 5400 501 5472; x_wconf 78' lang='lat' dir='ltr'><strong>possunt</strong></span> <span class='ocrx_word' id='word_1_559' title='bbox 530 5392 736 5462; x_wconf 82' lang='lat' dir='ltr'><strong>objici,</strong></span> <span class='ocrx_word' id='word_1_560' title='bbox 780 5396 900 5467; x_wconf 87' lang='lat' dir='ltr'><strong>ipse</strong></span> <span class='ocrx_word' id='word_1_561' title='bbox 946 5398 1003 5453; x_wconf 93' lang='lat' dir='ltr'><strong>iu</strong></span> <span class='ocrx_word' id='word_1_562' title='bbox 1053 5401 1295 5457; x_wconf 88' lang='lat' dir='ltr'><strong>medium</strong></span> <span class='ocrx_word' id='word_1_563' title='bbox 1351 5406 1563 5475; x_wconf 90' lang='lat' dir='ltr'><strong>prolata</strong></span> <span class='ocrx_word' id='word_1_564' title='bbox 1590 5408 1707 5466; x_wconf 92' lang='lat' dir='ltr'><strong>dis-</strong></span> 
     </span>
    </p>
   </div>
   <div class='ocr_carea' id='block_1_72' title="bbox 136 5478 371 5536">
    <p class='ocr_par' dir='ltr' id='par_1_72' title="bbox 136 5478 371 5536">
     <span class='ocr_line' id='line_1_72' title="bbox 136 5478 371 5536; baseline 0.021 -5"><span class='ocrx_word' id='word_1_565' title='bbox 136 5478 371 5536; x_wconf 83' lang='lat' dir='ltr'><strong>solvam.</strong></span> 
     </span>
    </p>
   </div>
   <div class='ocr_carea' id='block_1_73' title="bbox 205 5568 1706 5657">
    <p class='ocr_par' dir='ltr' id='par_1_73' title="bbox 205 5568 1706 5657">
     <span class='ocr_line' id='line_1_73' title="bbox 205 5568 1706 5657; baseline 0.018 -33"><span class='ocrx_word' id='word_1_566' title='bbox 205 5568 583 5631; x_wconf 67' lang='lat' dir='ltr'><strong>XXVLCum</strong></span> <span class='ocrx_word' id='word_1_567' title='bbox 631 5595 761 5652; x_wconf 90' lang='lat' dir='ltr'><strong>ergo</strong></span> <span class='ocrx_word' id='word_1_568' title='bbox 800 5580 995 5639; x_wconf 84' lang='lat' dir='ltr'><strong>Petrus</strong></span> <span class='ocrx_word' id='word_1_569' title='bbox 1054 5589 1314 5657; x_wconf 68' lang='lat' dir='ltr'><strong>coepisset</strong></span> <span class='ocrx_word' id='word_1_570' title='bbox 1377 5580 1706 5651; x_wconf 87' lang='lat' dir='ltr'><strong>continuare</strong></span> 
     </span>
    </p>
   </div>
   <div class='ocr_carea' id='block_1_74' title="bbox 129 5662 1701 5753">
    <p class='ocr_par' dir='ltr' id='par_1_74' title="bbox 129 5662 1701 5753">
     <span class='ocr_line' id='line_1_74' title="bbox 129 5662 1701 5753; baseline 0.016 -37"><span class='ocrx_word' id='word_1_571' title='bbox 129 5662 441 5721; x_wconf 81' lang='lat' dir='ltr'><strong>sermonem</strong></span> <span class='ocrx_word' id='word_1_572' title='bbox 465 5706 483 5732; x_wconf 89' lang='lat'><strong>,</strong></span> <span class='ocrx_word' id='word_1_573' title='bbox 538 5668 727 5728; x_wconf 87' lang='lat' dir='ltr'><strong>Simon</strong></span> <span class='ocrx_word' id='word_1_574' title='bbox 757 5673 1343 5749; x_wconf 75' lang='lat' dir='ltr'><strong>interruptaoratioue</strong></span> <span class='ocrx_word' id='word_1_575' title='bbox 1371 5684 1492 5753; x_wconf 82' lang='lat' dir='ltr'><strong>ejus</strong></span> <span class='ocrx_word' id='word_1_576' title='bbox 1522 5706 1535 5740; x_wconf 89' lang='lat'><strong>:</strong></span> <span class='ocrx_word' id='word_1_577' title='bbox 1570 5686 1701 5753; x_wconf 91' lang='lat' dir='ltr'><strong>Cur,</strong></span> 
     </span>
    </p>
   </div>
   <div class='ocr_carea' id='block_1_75' title="bbox 129 5754 1751 5842">
    <p class='ocr_par' dir='ltr' id='par_1_75' title="bbox 129 5754 1751 5842">
     <span class='ocr_line' id='line_1_75' title="bbox 129 5754 1751 5842; baseline 0.017 -34"><span class='ocrx_word' id='word_1_578' title='bbox 129 5754 345 5826; x_wconf 87' lang='lat' dir='ltr'><strong>inquit,</strong></span> <span class='ocrx_word' id='word_1_579' title='bbox 372 5758 605 5818; x_wconf 83' lang='lat' dir='ltr'><strong>festinas</strong></span> <span class='ocrx_word' id='word_1_580' title='bbox 622 5762 740 5835; x_wconf 86' lang='lat' dir='ltr'><strong>ipse</strong></span> <span class='ocrx_word' id='word_1_581' title='bbox 770 5766 869 5823; x_wconf 87' lang='lat' dir='ltr'><strong>tibi</strong></span> <span class='ocrx_word' id='word_1_582' title='bbox 893 5768 1098 5837; x_wconf 84' lang='lat' dir='ltr'><strong>dicere,</strong></span> <span class='ocrx_word' id='word_1_583' title='bbox 1130 5786 1253 5842; x_wconf 71' lang='lat' dir='ltr'><strong>quae</strong></span> <span class='ocrx_word' id='word_1_584' title='bbox 1282 5774 1382 5831; x_wconf 91' lang='lat' dir='ltr'><strong>tibi</strong></span> <span class='ocrx_word' id='word_1_585' title='bbox 1410 5778 1702 5834; x_wconf 74' lang='lat' dir='ltr'><strong>videntur?</strong></span> <span class='ocrx_word' id='word_1_586' title='bbox 1750 5812 1751 5815; x_wconf 60' lang='grc' dir='ltr'><strong>η</strong></span> 
     </span>
    </p>
   </div>
   <div class='ocr_carea' id='block_1_76' title="bbox 203 5869 1719 5961">
    <p class='ocr_par' dir='ltr' id='par_1_76' title="bbox 203 5869 1719 5961">
     <span class='ocr_line' id='line_1_76' title="bbox 203 5869 1719 5961; baseline 0.017 -36"><span class='ocrx_word' id='word_1_587' title='bbox 203 5869 250 5903; x_wconf 80' lang='grc'><strong><em>⁸⁸</em></strong></span> <span class='ocrx_word' id='word_1_588' title='bbox 284 5870 479 5931; x_wconf 67' lang='lat' dir='ltr'><strong>Matth.</strong></span> <span class='ocrx_word' id='word_1_589' title='bbox 514 5892 583 5940; x_wconf 58' lang='grc' dir='ltr'><strong>ιν</strong></span> <span class='ocrx_word' id='word_1_590' title='bbox 604 5877 691 5933; x_wconf 61' lang='grc' dir='ltr'><strong>54η</strong></span> <span class='ocrx_word' id='word_1_591' title='bbox 764 5882 806 5911; x_wconf 85' lang='grc'><strong>²⁷</strong></span> <span class='ocrx_word' id='word_1_592' title='bbox 832 5880 1021 5939; x_wconf 83' lang='lat' dir='ltr'><strong>Matth.</strong></span> <span class='ocrx_word' id='word_1_593' title='bbox 1045 5901 1095 5950; x_wconf 77' lang='grc' dir='ltr'><strong>ν,</strong></span> <span class='ocrx_word' id='word_1_594' title='bbox 1120 5886 1175 5943; x_wconf 88' lang='grc'><strong>9.</strong></span> <span class='ocrx_word' id='word_1_595' title='bbox 1251 5890 1294 5923; x_wconf 76' lang='grc'><strong>’⁸</strong></span> <span class='ocrx_word' id='word_1_596' title='bbox 1315 5889 1506 5949; x_wconf 80' lang='lat' dir='ltr'><strong>Matth.</strong></span> <span class='ocrx_word' id='word_1_597' title='bbox 1541 5910 1596 5961; x_wconf 71' lang='grc' dir='ltr'><strong>Χ,</strong></span> <span class='ocrx_word' id='word_1_598' title='bbox 1628 5895 1719 5951; x_wconf 71' lang='lat'><strong>25.</strong></span> 
     </span>
    </p>
   </div>
   <div class='ocr_carea' id='block_1_77' title="bbox 1849 2037 2599 2097">
    <p class='ocr_par' dir='ltr' id='par_1_77' title="bbox 1849 2037 2599 2097">
     <span class='ocr_line' id='line_1_77' title="bbox 1849 2037 2599 2097; baseline 0.008 -6"><span class='ocrx_word' id='word_1_599' title='bbox 1849 2045 1903 2092; x_wconf 89' lang='lat' dir='ltr'><strong>te</strong></span> <span class='ocrx_word' id='word_1_600' title='bbox 1932 2037 2263 2096; x_wconf 80' lang='lat' dir='ltr'><strong>discipulum</strong></span> <span class='ocrx_word' id='word_1_601' title='bbox 2299 2038 2599 2097; x_wconf 77' lang='lat' dir='ltr'><strong>proﬁteris.</strong></span> 
     </span>
    </p>
   </div>
   <div class='ocr_carea' id='block_1_78' title="bbox 1918 2156 3438 2235">
    <p class='ocr_par' dir='ltr' id='par_1_78' title="bbox 1918 2156 3438 2235">
     <span class='ocr_line' id='line_1_78' title="bbox 1918 2156 3438 2235; baseline 0.008 -24"><span class='ocrx_word' id='word_1_602' title='bbox 1918 2156 2132 2213; x_wconf 81' lang='lat' dir='ltr'><strong>XXVII.</strong></span> <span class='ocrx_word' id='word_1_603' title='bbox 2160 2158 2242 2214; x_wconf 86' lang='lat' dir='ltr'><strong>Ad</strong></span> <span class='ocrx_word' id='word_1_604' title='bbox 2278 2160 2391 2214; x_wconf 67' lang='lat' dir='ltr'><strong>haec</strong></span> <span class='ocrx_word' id='word_1_605' title='bbox 2415 2158 2614 2215; x_wconf 89' lang='lat' dir='ltr'><strong>Petrus</strong></span> <span class='ocrx_word' id='word_1_606' title='bbox 2643 2181 2655 2215; x_wconf 92' lang='lat'><strong>:</strong></span> <span class='ocrx_word' id='word_1_607' title='bbox 2682 2161 2869 2235; x_wconf 83' lang='lat' dir='ltr'><strong>Neque</strong></span> <span class='ocrx_word' id='word_1_608' title='bbox 2890 2164 2981 2234; x_wconf 91' lang='lat' dir='ltr'><strong>qui</strong></span> <span class='ocrx_word' id='word_1_609' title='bbox 3011 2166 3158 2220; x_wconf 92' lang='lat' dir='ltr'><strong>misit</strong></span> <span class='ocrx_word' id='word_1_610' title='bbox 3188 2182 3273 2222; x_wconf 87' lang='lat' dir='ltr'><strong>me</strong></span> <span class='ocrx_word' id='word_1_611' title='bbox 3296 2169 3438 2223; x_wconf 82' lang='lat' dir='ltr'><strong>male</strong></span> 
     </span>
    </p>
   </div>
   <div class='ocr_carea' id='block_1_79' title="bbox 1846 2249 3479 2327">
    <p class='ocr_par' dir='ltr' id='par_1_79' title="bbox 1846 2249 3479 2327">
     <span class='ocr_line' id='line_1_79' title="bbox 1846 2249 3479 2327; baseline 0.006 -23"><span class='ocrx_word' id='word_1_612' title='bbox 1846 2249 1975 2306; x_wconf 76' lang='lat' dir='ltr'><strong>fecit</strong></span> <span class='ocrx_word' id='word_1_613' title='bbox 2003 2251 2242 2321; x_wconf 87' lang='lat' dir='ltr'><strong>gladium</strong></span> <span class='ocrx_word' id='word_1_614' title='bbox 2281 2252 2497 2307; x_wconf 88' lang='lat' dir='ltr'><strong>mittere</strong></span> <span class='ocrx_word' id='word_1_615' title='bbox 2526 2252 2581 2307; x_wconf 90' lang='lat' dir='ltr'><strong>in</strong></span> <span class='ocrx_word' id='word_1_616' title='bbox 2618 2261 2861 2319; x_wconf 59' lang='lat' dir='ltr'><strong>terram.</strong></span> <span class='ocrx_word' id='word_1_617' title='bbox 2884 2272 3061 2325; x_wconf 90' lang='lat' dir='ltr'><strong>neque</strong></span> <span class='ocrx_word' id='word_1_618' title='bbox 3088 2273 3196 2327; x_wconf 85' lang='lat' dir='ltr'><strong>ego</strong></span> <span class='ocrx_word' id='word_1_619' title='bbox 3223 2270 3438 2313; x_wconf 81' lang='lat' dir='ltr'><strong>contra—</strong></span> <span class='ocrx_word' id='word_1_620' title='bbox 3463 2262 3479 2269; x_wconf 85' lang='grc'><em>’</em></span> 
     </span>
    </p>
   </div>
   <div class='ocr_carea' id='block_1_80' title="bbox 1844 2342 3436 2417">
    <p class='ocr_par' dir='ltr' id='par_1_80' title="bbox 1844 2342 3436 2417">
     <span class='ocr_line' id='line_1_80' title="bbox 1844 2342 3436 2417; baseline 0.008 -23"><span class='ocrx_word' id='word_1_621' title='bbox 1844 2342 1926 2395; x_wconf 85' lang='lat' dir='ltr'><strong>ria</strong></span> <span class='ocrx_word' id='word_1_622' title='bbox 1960 2342 2009 2397; x_wconf 90' lang='lat' dir='ltr'><strong>ei</strong></span> <span class='ocrx_word' id='word_1_623' title='bbox 2043 2357 2144 2412; x_wconf 84' lang='lat' dir='ltr'><strong>ago</strong></span> <span class='ocrx_word' id='word_1_624' title='bbox 2166 2381 2182 2407; x_wconf 92' lang='lat'><strong>,</strong></span> <span class='ocrx_word' id='word_1_625' title='bbox 2232 2342 2544 2399; x_wconf 87' lang='lat' dir='ltr'><strong>auditorum</strong></span> <span class='ocrx_word' id='word_1_626' title='bbox 2584 2360 2773 2414; x_wconf 87' lang='lat' dir='ltr'><strong>pacem</strong></span> <span class='ocrx_word' id='word_1_627' title='bbox 2800 2349 3111 2417; x_wconf 88' lang='lat' dir='ltr'><strong>requirens.</strong></span> <span class='ocrx_word' id='word_1_628' title='bbox 3147 2349 3254 2405; x_wconf 85' lang='lat' dir='ltr'><strong>Sed</strong></span> <span class='ocrx_word' id='word_1_629' title='bbox 3288 2358 3347 2405; x_wconf 88' lang='lat' dir='ltr'><strong>tu</strong></span> <span class='ocrx_word' id='word_1_630' title='bbox 3379 2362 3436 2407; x_wconf 87' lang='lat' dir='ltr'><strong>et</strong></span> 
     </span>
    </p>
   </div>
   <div class='ocr_carea' id='block_1_81' title="bbox 1843 2433 3436 2509">
    <p class='ocr_par' dir='ltr' id='par_1_81' title="bbox 1843 2433 3436 2509">
     <span class='ocr_line' id='line_1_81' title="bbox 1843 2433 3436 2509; baseline 0.006 -21"><span class='ocrx_word' id='word_1_631' title='bbox 1843 2433 2095 2502; x_wconf 86' lang='lat' dir='ltr'><strong>imperite</strong></span> <span class='ocrx_word' id='word_1_632' title='bbox 2125 2441 2180 2488; x_wconf 91' lang='lat' dir='ltr'><strong>et</strong></span> <span class='ocrx_word' id='word_1_633' title='bbox 2213 2441 2417 2489; x_wconf 89' lang='lat' dir='ltr'><strong>temere</strong></span> <span class='ocrx_word' id='word_1_634' title='bbox 2449 2436 2807 2505; x_wconf 84' lang='lat' dir='ltr'><strong>reprehendis</strong></span> <span class='ocrx_word' id='word_1_635' title='bbox 2830 2455 2894 2493; x_wconf 86' lang='lat' dir='ltr'><strong>ea</strong></span> <span class='ocrx_word' id='word_1_636' title='bbox 2936 2455 3058 2509; x_wconf 72' lang='lat' dir='ltr'><strong>qua:</strong></span> <span class='ocrx_word' id='word_1_637' title='bbox 3091 2456 3201 2495; x_wconf 89' lang='lat' dir='ltr'><strong>non</strong></span> <span class='ocrx_word' id='word_1_638' title='bbox 3231 2443 3436 2497; x_wconf 81' lang='lat' dir='ltr'><strong>intelli-</strong></span> 
     </span>
    </p>
   </div>
   <div class='ocr_carea' id='block_1_82' title="bbox 1842 2522 3433 2596">
    <p class='ocr_par' dir='ltr' id='par_1_82' title="bbox 1842 2522 3433 2596">
     <span class='ocr_line' id='line_1_82' title="bbox 1842 2522 3433 2596; baseline 0.008 -20"><span class='ocrx_word' id='word_1_639' title='bbox 1842 2522 1952 2593; x_wconf 87' lang='lat' dir='ltr'><strong>gis;</strong></span> <span class='ocrx_word' id='word_1_640' title='bbox 1977 2524 2178 2578; x_wconf 88' lang='lat' dir='ltr'><strong>eteuim</strong></span> <span class='ocrx_word' id='word_1_641' title='bbox 2207 2524 2335 2595; x_wconf 91' lang='lat' dir='ltr'><strong>quia</strong></span> <span class='ocrx_word' id='word_1_642' title='bbox 2361 2541 2551 2596; x_wconf 88' lang='lat' dir='ltr'><strong>pacem</strong></span> <span class='ocrx_word' id='word_1_643' title='bbox 2579 2543 2691 2582; x_wconf 91' lang='lat' dir='ltr'><strong>nou</strong></span> <span class='ocrx_word' id='word_1_644' title='bbox 2724 2530 2875 2582; x_wconf 81' lang='lat' dir='ltr'><strong>venit</strong></span> <span class='ocrx_word' id='word_1_645' title='bbox 2900 2530 3115 2586; x_wconf 89' lang='lat' dir='ltr'><strong>mittere</strong></span> <span class='ocrx_word' id='word_1_646' title='bbox 3141 2532 3195 2585; x_wconf 91' lang='lat' dir='ltr'><strong>in</strong></span> <span class='ocrx_word' id='word_1_647' title='bbox 3229 2538 3433 2588; x_wconf 86' lang='lat' dir='ltr'><strong>terram</strong></span> 
     </span>
    </p>
   </div>
   <div class='ocr_carea' id='block_1_83' title="bbox 1841 2612 3433 2692">
    <p class='ocr_par' dir='ltr' id='par_1_83' title="bbox 1841 2612 3433 2692">
     <span class='ocr_line' id='line_1_83' title="bbox 1841 2612 3433 2692; baseline 0.008 -25"><span class='ocrx_word' id='word_1_648' title='bbox 1841 2612 2124 2684; x_wconf 85' lang='lat' dir='ltr'><strong>magister,</strong></span> <span class='ocrx_word' id='word_1_649' title='bbox 2156 2615 2574 2688; x_wconf 79' lang='lat' dir='ltr'><strong>audisti,un</strong></span> <span class='ocrx_word' id='word_1_650' title='bbox 2605 2626 2791 2673; x_wconf 90' lang='lat' dir='ltr'><strong>autem</strong></span> <span class='ocrx_word' id='word_1_651' title='bbox 2826 2620 3028 2676; x_wconf 85' lang='lat' dir='ltr'><strong>dixerit</strong></span> <span class='ocrx_word' id='word_1_652' title='bbox 3054 2638 3067 2672; x_wconf 90' lang='lat'><strong>:</strong></span> <span class='ocrx_word' id='word_1_653' title='bbox 3102 2621 3254 2677; x_wconf 83' lang='lat' dir='ltr'><strong>Beati</strong></span> <span class='ocrx_word' id='word_1_654' title='bbox 3277 2626 3433 2692; x_wconf 82' lang='lat' dir='ltr'><strong>paci-</strong></span> 
     </span>
    </p>
   </div>
   <div class='ocr_carea' id='block_1_84' title="bbox 1839 2704 3426 2777">
    <p class='ocr_par' dir='ltr' id='par_1_84' title="bbox 1839 2704 3426 2777">
     <span class='ocr_line' id='line_1_84' title="bbox 1839 2704 3426 2777; baseline 0.011 -22"><span class='ocrx_word' id='word_1_655' title='bbox 1839 2704 1952 2776; x_wconf 74' lang='lat' dir='ltr'><strong>ﬁci,</strong></span> <span class='ocrx_word' id='word_1_656' title='bbox 1982 2706 2234 2775; x_wconf 77' lang='lat' dir='ltr'><strong>quoniam</strong></span> <span class='ocrx_word' id='word_1_657' title='bbox 2254 2707 2357 2775; x_wconf 83' lang='lat' dir='ltr'><strong>ipsi</strong></span> <span class='ocrx_word' id='word_1_658' title='bbox 2380 2707 2485 2777; x_wconf 88' lang='lat' dir='ltr'><strong>ﬁlii</strong></span> <span class='ocrx_word' id='word_1_659' title='bbox 2513 2707 2613 2763; x_wconf 86' lang='lat' dir='ltr'><strong>Dei</strong></span> <span class='ocrx_word' id='word_1_660' title='bbox 2638 2709 3049 2777; x_wconf 79' lang='lat' dir='ltr'><strong>vocabuntur&quot;,</strong></span> <span class='ocrx_word' id='word_1_661' title='bbox 3070 2729 3183 2768; x_wconf 90' lang='lat' dir='ltr'><strong>non</strong></span> <span class='ocrx_word' id='word_1_662' title='bbox 3201 2714 3426 2774; x_wconf 88' lang='lat' dir='ltr'><strong>audisti.</strong></span> 
     </span>
    </p>
   </div>
   <div class='ocr_carea' id='block_1_85' title="bbox 1838 2785 3430 2879">
    <p class='ocr_par' dir='ltr' id='par_1_85' title="bbox 1838 2785 3430 2879">
     <span class='ocr_line' id='line_1_85' title="bbox 1838 2785 3430 2879; baseline 0.008 -29"><span class='ocrx_word' id='word_1_663' title='bbox 1838 2793 2069 2873; x_wconf 78' lang='lat' dir='ltr'><strong>Propter</strong></span> <span class='ocrx_word' id='word_1_664' title='bbox 2091 2797 2239 2869; x_wconf 89' lang='lat' dir='ltr'><strong>quod</strong></span> <span class='ocrx_word' id='word_1_665' title='bbox 2266 2813 2379 2854; x_wconf 89' lang='lat' dir='ltr'><strong>non</strong></span> <span class='ocrx_word' id='word_1_666' title='bbox 2410 2814 2513 2872; x_wconf 87' lang='lat' dir='ltr'><strong>ego</strong></span> <span class='ocrx_word' id='word_1_667' title='bbox 2544 2785 2815 2873; x_wconf 86' lang='lat' dir='ltr'><strong>magistro</strong></span> <span class='ocrx_word' id='word_1_668' title='bbox 2845 2804 3063 2859; x_wconf 89' lang='lat' dir='ltr'><strong>diversa</strong></span> <span class='ocrx_word' id='word_1_669' title='bbox 3091 2806 3300 2874; x_wconf 89' lang='lat' dir='ltr'><strong>sentio,</strong></span> <span class='ocrx_word' id='word_1_670' title='bbox 3331 2822 3430 2879; x_wconf 81' lang='lat' dir='ltr'><strong>pa-</strong></span> 
     </span>
    </p>
   </div>
   <div class='ocr_carea' id='block_1_86' title="bbox 1836 2871 3428 2963">
    <p class='ocr_par' dir='ltr' id='par_1_86' title="bbox 1836 2871 3428 2963">
     <span class='ocr_line' id='line_1_86' title="bbox 1836 2871 3428 2963; baseline 0.01 -21"><span class='ocrx_word' id='word_1_671' title='bbox 1836 2871 1955 2943; x_wconf 84' lang='lat' dir='ltr'><strong>cem</strong></span> <span class='ocrx_word' id='word_1_672' title='bbox 1973 2890 2332 2958; x_wconf 86' lang='lat' dir='ltr'><strong>persuadens,</strong></span> <span class='ocrx_word' id='word_1_673' title='bbox 2355 2871 2517 2963; x_wconf 90' lang='lat' dir='ltr'><strong>quam</strong></span> <span class='ocrx_word' id='word_1_674' title='bbox 2536 2893 2625 2948; x_wconf 92' lang='lat' dir='ltr'><strong>ille</strong></span> <span class='ocrx_word' id='word_1_675' title='bbox 2648 2871 2996 2953; x_wconf 80' lang='lat' dir='ltr'><strong>servantibus</strong></span> <span class='ocrx_word' id='word_1_676' title='bbox 3030 2871 3428 2958; x_wconf 68' lang='lat' dir='ltr'><strong>beatitudinem</strong></span> 
     </span>
    </p>
   </div>
   <div class='ocr_carea' id='block_1_87' title="bbox 1837 2980 3428 3067">
    <p class='ocr_par' dir='ltr' id='par_1_87' title="bbox 1837 2980 3428 3067">
     <span class='ocr_line' id='line_1_87' title="bbox 1837 2980 3428 3067; baseline 0.009 -33"><span class='ocrx_word' id='word_1_677' title='bbox 1837 2980 2041 3050; x_wconf 87' lang='lat' dir='ltr'><strong>posuit.</strong></span> <span class='ocrx_word' id='word_1_678' title='bbox 2070 2980 2136 3035; x_wconf 86' lang='lat' dir='ltr'><strong>Et</strong></span> <span class='ocrx_word' id='word_1_679' title='bbox 2164 2981 2356 3038; x_wconf 91' lang='lat' dir='ltr'><strong>Simon</strong></span> <span class='ocrx_word' id='word_1_680' title='bbox 2385 2984 2463 3038; x_wconf 90' lang='lat' dir='ltr'><strong>ait</strong></span> <span class='ocrx_word' id='word_1_681' title='bbox 2490 3000 2503 3035; x_wconf 89' lang='lat'>:</span> <span class='ocrx_word' id='word_1_682' title='bbox 2534 2983 2644 3041; x_wconf 89' lang='lat' dir='ltr'><strong>Pro</strong></span> <span class='ocrx_word' id='word_1_683' title='bbox 2674 2987 2940 3067; x_wconf 83' lang='lat' dir='ltr'><strong>magistro</strong></span> <span class='ocrx_word' id='word_1_684' title='bbox 2964 2991 3298 3061; x_wconf 89' lang='lat' dir='ltr'><strong>respondere</strong></span> <span class='ocrx_word' id='word_1_685' title='bbox 3326 3009 3428 3048; x_wconf 82' lang='lat' dir='ltr'><strong>cu-</strong></span> 
     </span>
    </p>
   </div>
   <div class='ocr_carea' id='block_1_88' title="bbox 1835 3071 3427 3148">
    <p class='ocr_par' dir='ltr' id='par_1_88' title="bbox 1835 3071 3427 3148">
     <span class='ocr_line' id='line_1_88' title="bbox 1835 3071 3427 3148; baseline 0.008 -21"><span class='ocrx_word' id='word_1_686' title='bbox 1835 3072 2015 3141; x_wconf 89' lang='lat' dir='ltr'><strong>piens,</strong></span> <span class='ocrx_word' id='word_1_687' title='bbox 2034 3088 2067 3127; x_wconf 93' lang='grc' dir='ltr'>ο</span> <span class='ocrx_word' id='word_1_688' title='bbox 2092 3071 2273 3137; x_wconf 87' lang='lat' dir='ltr'><strong>Petre,</strong></span> <span class='ocrx_word' id='word_1_689' title='bbox 2296 3076 2470 3131; x_wconf 91' lang='lat' dir='ltr'><strong>multo</strong></span> <span class='ocrx_word' id='word_1_690' title='bbox 2497 3092 2625 3133; x_wconf 90' lang='lat' dir='ltr'><strong>eum</strong></span> <span class='ocrx_word' id='word_1_691' title='bbox 2658 3080 2880 3148; x_wconf 87' lang='lat' dir='ltr'><strong>gravius</strong></span> <span class='ocrx_word' id='word_1_692' title='bbox 2909 3083 3207 3147; x_wconf 87' lang='lat' dir='ltr'><strong>accusasti,</strong></span> <span class='ocrx_word' id='word_1_693' title='bbox 3232 3082 3280 3138; x_wconf 92' lang='lat' dir='ltr'><strong>si</strong></span> <span class='ocrx_word' id='word_1_694' title='bbox 3297 3098 3427 3139; x_wconf 85' lang='lat' dir='ltr'><strong>cum</strong></span> 
     </span>
    </p>
   </div>
   <div class='ocr_carea' id='block_1_89' title="bbox 1835 3162 3427 3238">
    <p class='ocr_par' dir='ltr' id='par_1_89' title="bbox 1835 3162 3427 3238">
     <span class='ocr_line' id='line_1_89' title="bbox 1835 3162 3427 3238; baseline 0.011 -22"><span class='ocrx_word' id='word_1_695' title='bbox 1835 3162 1953 3235; x_wconf 86' lang='lat' dir='ltr'><strong>ipse</strong></span> <span class='ocrx_word' id='word_1_696' title='bbox 1981 3180 2092 3221; x_wconf 89' lang='lat' dir='ltr'><strong>non</strong></span> <span class='ocrx_word' id='word_1_697' title='bbox 2121 3167 2334 3221; x_wconf 85' lang='lat' dir='ltr'><strong>venerit</strong></span> <span class='ocrx_word' id='word_1_698' title='bbox 2365 3184 2555 3238; x_wconf 89' lang='lat' dir='ltr'><strong>pacem</strong></span> <span class='ocrx_word' id='word_1_699' title='bbox 2597 3169 2779 3226; x_wconf 88' lang='lat' dir='ltr'><strong>facere</strong></span> <span class='ocrx_word' id='word_1_700' title='bbox 2801 3211 2817 3237; x_wconf 96' lang='lat'><strong>,</strong></span> <span class='ocrx_word' id='word_1_701' title='bbox 2851 3172 2995 3228; x_wconf 90' lang='lat' dir='ltr'><strong>hanc</strong></span> <span class='ocrx_word' id='word_1_702' title='bbox 3050 3175 3174 3230; x_wconf 88' lang='lat' dir='ltr'><strong>aliis</strong></span> <span class='ocrx_word' id='word_1_703' title='bbox 3203 3191 3427 3233; x_wconf 84' lang='lat' dir='ltr'><strong>servare</strong></span> 
     </span>
    </p>
   </div>
   <div class='ocr_carea' id='block_1_90' title="bbox 1761 3256 3425 3333">
    <p class='ocr_par' dir='ltr' id='par_1_90' title="bbox 1761 3256 3425 3333">
     <span class='ocr_line' id='line_1_90' title="bbox 1761 3256 3425 3333; baseline 0.008 -23"><span class='ocrx_word' id='word_1_704' title='bbox 1761 3274 1805 3332; x_wconf 71' lang='grc' dir='ltr'>α</span> <span class='ocrx_word' id='word_1_705' title='bbox 1837 3257 2178 3326; x_wconf 66' lang='lat' dir='ltr'><strong>praeceperit.</strong></span> <span class='ocrx_word' id='word_1_706' title='bbox 2208 3256 2273 3312; x_wconf 88' lang='lat' dir='ltr'><strong>Et</strong></span> <span class='ocrx_word' id='word_1_707' title='bbox 2302 3259 2581 3328; x_wconf 88' lang='lat' dir='ltr'><strong>quomodo</strong></span> <span class='ocrx_word' id='word_1_708' title='bbox 2621 3263 2765 3318; x_wconf 90' lang='lat' dir='ltr'><strong>alius</strong></span> <span class='ocrx_word' id='word_1_709' title='bbox 2795 3263 2886 3318; x_wconf 87' lang='lat' dir='ltr'><strong>ille</strong></span> <span class='ocrx_word' id='word_1_710' title='bbox 2921 3264 3043 3333; x_wconf 89' lang='lat' dir='ltr'><strong>ejus</strong></span> <span class='ocrx_word' id='word_1_711' title='bbox 3078 3281 3260 3321; x_wconf 90' lang='lat' dir='ltr'><strong>sermo</strong></span> <span class='ocrx_word' id='word_1_712' title='bbox 3291 3283 3425 3322; x_wconf 87' lang='lat' dir='ltr'><strong>con-</strong></span> 
     </span>
    </p>
   </div>
   <div class='ocr_carea' id='block_1_91' title="bbox 1838 3348 3425 3424">
    <p class='ocr_par' dir='ltr' id='par_1_91' title="bbox 1838 3348 3425 3424">
     <span class='ocr_line' id='line_1_91' title="bbox 1838 3348 3425 3424; baseline 0.007 -22"><span class='ocrx_word' id='word_1_713' title='bbox 1838 3348 2007 3415; x_wconf 84' lang='lat' dir='ltr'><strong>stabit</strong></span> <span class='ocrx_word' id='word_1_714' title='bbox 2027 3364 2188 3418; x_wconf 88' lang='lat' dir='ltr'><strong>quem</strong></span> <span class='ocrx_word' id='word_1_715' title='bbox 2217 3348 2551 3417; x_wconf 77' lang='lat' dir='ltr'><strong>dixit?Quia</strong></span> <span class='ocrx_word' id='word_1_716' title='bbox 2574 3354 2762 3423; x_wconf 63' lang='lat' dir='ltr'><strong>suﬁcit</strong></span> <span class='ocrx_word' id='word_1_717' title='bbox 2786 3355 3071 3424; x_wconf 83' lang='lat' dir='ltr'><strong>discipulo,</strong></span> <span class='ocrx_word' id='word_1_718' title='bbox 3098 3366 3154 3410; x_wconf 82' lang='lat' dir='ltr'><strong>ut</strong></span> <span class='ocrx_word' id='word_1_719' title='bbox 3193 3360 3263 3412; x_wconf 87' lang='lat' dir='ltr'><strong>sit</strong></span> <span class='ocrx_word' id='word_1_720' title='bbox 3286 3360 3425 3413; x_wconf 73' lang='lat' dir='ltr'><strong>sicut</strong></span> 
     </span>
    </p>
   </div>
   <div class='ocr_carea' id='block_1_92' title="bbox 1835 3440 2319 3510">
    <p class='ocr_par' dir='ltr' id='par_1_92' title="bbox 1835 3440 2319 3510">
     <span class='ocr_line' id='line_1_92' title="bbox 1835 3440 2319 3510; baseline 0.01 -18"><span class='ocrx_word' id='word_1_721' title='bbox 1835 3440 2087 3510; x_wconf 80' lang='lat' dir='ltr'><strong>magister</strong></span> <span class='ocrx_word' id='word_1_722' title='bbox 2116 3440 2231 3509; x_wconf 85' lang='lat' dir='ltr'><strong>ejus</strong></span> <span class='ocrx_word' id='word_1_723' title='bbox 2252 3440 2319 3497; x_wconf 76' lang='grc'><strong>’⁸.</strong></span> 
     </span>
    </p>
   </div>
   <div class='ocr_carea' id='block_1_93' title="bbox 1904 3560 3416 3640">
    <p class='ocr_par' dir='ltr' id='par_1_93' title="bbox 1904 3560 3416 3640">
     <span class='ocr_line' id='line_1_93' title="bbox 1904 3560 3416 3640; baseline 0.009 -25"><span class='ocrx_word' id='word_1_724' title='bbox 1904 3560 2140 3618; x_wconf 78' lang='lat' dir='ltr'><strong>XXVIII.</strong></span> <span class='ocrx_word' id='word_1_725' title='bbox 2168 3562 2363 3621; x_wconf 91' lang='lat' dir='ltr'><strong>Petrus</strong></span> <span class='ocrx_word' id='word_1_726' title='bbox 2378 3565 2448 3621; x_wconf 85' lang='lat' dir='ltr'><strong>ad</strong></span> <span class='ocrx_word' id='word_1_727' title='bbox 2473 3566 2587 3621; x_wconf 62' lang='lat' dir='ltr'><strong>haec</strong></span> <span class='ocrx_word' id='word_1_728' title='bbox 2612 3587 2625 3622; x_wconf 92' lang='lat'>:</span> <span class='ocrx_word' id='word_1_729' title='bbox 2662 3566 2939 3639; x_wconf 87' lang='lat' dir='ltr'><strong>Magister,</strong></span> <span class='ocrx_word' id='word_1_730' title='bbox 2974 3571 3175 3640; x_wconf 88' lang='lat' dir='ltr'><strong>inquit,</strong></span> <span class='ocrx_word' id='word_1_731' title='bbox 3204 3581 3416 3639; x_wconf 88' lang='lat' dir='ltr'><strong>noster,</strong></span> 
     </span>
    </p>
   </div>
   <div class='ocr_carea' id='block_1_94' title="bbox 1831 3656 3417 3733">
    <p class='ocr_par' dir='ltr' id='par_1_94' title="bbox 1831 3656 3417 3733">
     <span class='ocr_line' id='line_1_94' title="bbox 1831 3656 3417 3733; baseline 0.008 -24"><span class='ocrx_word' id='word_1_732' title='bbox 1831 3656 1923 3726; x_wconf 89' lang='lat' dir='ltr'><strong>qui</strong></span> <span class='ocrx_word' id='word_1_733' title='bbox 1955 3665 2074 3711; x_wconf 91' lang='lat' dir='ltr'><strong>erat</strong></span> <span class='ocrx_word' id='word_1_734' title='bbox 2100 3672 2265 3713; x_wconf 90' lang='lat' dir='ltr'><strong>verus</strong></span> <span class='ocrx_word' id='word_1_735' title='bbox 2295 3660 2561 3730; x_wconf 86' lang='lat' dir='ltr'><strong>propheta</strong></span> <span class='ocrx_word' id='word_1_736' title='bbox 2588 3669 2642 3715; x_wconf 90' lang='lat' dir='ltr'><strong>et</strong></span> <span class='ocrx_word' id='word_1_737' title='bbox 2678 3664 2763 3718; x_wconf 90' lang='lat' dir='ltr'><strong>sui</strong></span> <span class='ocrx_word' id='word_1_738' title='bbox 2804 3664 2861 3717; x_wconf 92' lang='lat' dir='ltr'><strong>in</strong></span> <span class='ocrx_word' id='word_1_739' title='bbox 2904 3665 3160 3719; x_wconf 89' lang='lat' dir='ltr'><strong>omnibus</strong></span> <span class='ocrx_word' id='word_1_740' title='bbox 3186 3682 3417 3733; x_wconf 85' lang='lat' dir='ltr'><strong>memor,</strong></span> 
     </span>
    </p>
   </div>
   <div class='ocr_carea' id='block_1_95' title="bbox 1831 3750 3417 3825">
    <p class='ocr_par' dir='ltr' id='par_1_95' title="bbox 1831 3750 3417 3825">
     <span class='ocr_line' id='line_1_95' title="bbox 1831 3750 3417 3825; baseline 0.007 -21"><span class='ocrx_word' id='word_1_741' title='bbox 1831 3765 2009 3819; x_wconf 88' lang='lat' dir='ltr'><strong>neque</strong></span> <span class='ocrx_word' id='word_1_742' title='bbox 2035 3750 2138 3805; x_wconf 91' lang='lat' dir='ltr'><strong>sibi</strong></span> <span class='ocrx_word' id='word_1_743' title='bbox 2167 3752 2443 3806; x_wconf 87' lang='lat' dir='ltr'><strong>contraria</strong></span> <span class='ocrx_word' id='word_1_744' title='bbox 2468 3753 2684 3809; x_wconf 89' lang='lat' dir='ltr'><strong>locutus</strong></span> <span class='ocrx_word' id='word_1_745' title='bbox 2714 3762 2820 3821; x_wconf 90' lang='lat' dir='ltr'><strong>est,</strong></span> <span class='ocrx_word' id='word_1_746' title='bbox 2847 3770 3027 3825; x_wconf 89' lang='lat' dir='ltr'><strong>neque</strong></span> <span class='ocrx_word' id='word_1_747' title='bbox 3056 3757 3216 3811; x_wconf 89' lang='lat' dir='ltr'><strong>nobis</strong></span> <span class='ocrx_word' id='word_1_748' title='bbox 3240 3758 3309 3813; x_wconf 84' lang='lat' dir='ltr'><strong>ab</strong></span> <span class='ocrx_word' id='word_1_749' title='bbox 3329 3759 3417 3817; x_wconf 91' lang='lat' dir='ltr'><strong>his</strong></span> 
     </span>
    </p>
   </div>
   <div class='ocr_carea' id='block_1_96' title="bbox 1830 3840 3411 3913">
    <p class='ocr_par' dir='ltr' id='par_1_96' title="bbox 1830 3840 3411 3913">
     <span class='ocr_line' id='line_1_96' title="bbox 1830 3840 3411 3913; baseline 0.006 -20"><span class='ocrx_word' id='word_1_750' title='bbox 1830 3855 1951 3909; x_wconf 74' lang='lat' dir='ltr'><strong>quin</strong></span> <span class='ocrx_word' id='word_1_751' title='bbox 1981 3840 2097 3909; x_wconf 86' lang='lat' dir='ltr'><strong>ipse</strong></span> <span class='ocrx_word' id='word_1_752' title='bbox 2125 3841 2350 3913; x_wconf 86' lang='lat' dir='ltr'><strong>gerebat</strong></span> <span class='ocrx_word' id='word_1_753' title='bbox 2370 3841 2587 3896; x_wconf 87' lang='lat' dir='ltr'><strong>diversa</strong></span> <span class='ocrx_word' id='word_1_754' title='bbox 2615 3844 2916 3899; x_wconf 91' lang='lat' dir='ltr'><strong>mandavit.</strong></span> <span class='ocrx_word' id='word_1_755' title='bbox 2948 3845 3104 3911; x_wconf 87' lang='lat' dir='ltr'><strong>Quod</strong></span> <span class='ocrx_word' id='word_1_756' title='bbox 3133 3842 3277 3902; x_wconf 80' lang='lat' dir='ltr'><strong>enim</strong></span> <span class='ocrx_word' id='word_1_757' title='bbox 3302 3850 3411 3903; x_wconf 90' lang='lat' dir='ltr'><strong>ait:</strong></span> 
     </span>
    </p>
   </div>
   <div class='ocr_carea' id='block_1_97' title="bbox 1833 3930 3416 4007">
    <p class='ocr_par' dir='ltr' id='par_1_97' title="bbox 1833 3930 3416 4007">
     <span class='ocr_line' id='line_1_97' title="bbox 1833 3930 3416 4007; baseline 0.007 -23"><span class='ocrx_word' id='word_1_758' title='bbox 1833 3930 1955 3985; x_wconf 84' lang='lat' dir='ltr'><strong>Non</strong></span> <span class='ocrx_word' id='word_1_759' title='bbox 1979 3933 2093 3986; x_wconf 78' lang='lat' dir='ltr'><strong>veni</strong></span> <span class='ocrx_word' id='word_1_760' title='bbox 2131 3948 2313 4001; x_wconf 81' lang='lat' dir='ltr'><strong>pacem</strong></span> <span class='ocrx_word' id='word_1_761' title='bbox 2341 3934 2547 3988; x_wconf 80' lang='lat' dir='ltr'><strong>mittere</strong></span> <span class='ocrx_word' id='word_1_762' title='bbox 2574 3937 2630 3988; x_wconf 88' lang='lat' dir='ltr'><strong>in</strong></span> <span class='ocrx_word' id='word_1_763' title='bbox 2675 3945 2874 3990; x_wconf 83' lang='lat' dir='ltr'><strong>terram</strong></span> <span class='ocrx_word' id='word_1_764' title='bbox 2893 3977 2909 4001; x_wconf 93' lang='lat'><strong>,</strong></span> <span class='ocrx_word' id='word_1_765' title='bbox 2953 3938 3043 3991; x_wconf 81' lang='lat' dir='ltr'><strong>sed</strong></span> <span class='ocrx_word' id='word_1_766' title='bbox 3074 3939 3333 4007; x_wconf 83' lang='lat' dir='ltr'><strong>gladium,</strong></span> <span class='ocrx_word' id='word_1_767' title='bbox 3364 3950 3416 3995; x_wconf 74' lang='lat' dir='ltr'><strong>et</strong></span> 
     </span>
    </p>
   </div>
   <div class='ocr_carea' id='block_1_98' title="bbox 1826 4022 3414 4099">
    <p class='ocr_par' dir='ltr' id='par_1_98' title="bbox 1826 4022 3414 4099">
     <span class='ocr_line' id='line_1_98' title="bbox 1826 4022 3414 4099; baseline 0.004 -22"><span class='ocrx_word' id='word_1_768' title='bbox 1826 4037 1892 4077; x_wconf 74' lang='lat' dir='ltr'><strong>ea:</strong></span> <span class='ocrx_word' id='word_1_769' title='bbox 1920 4022 2015 4077; x_wconf 81' lang='lat' dir='ltr'><strong>hoc</strong></span> <span class='ocrx_word' id='word_1_770' title='bbox 2047 4022 2286 4079; x_wconf 76' lang='lat' dir='ltr'><strong>videbitis</strong></span> <span class='ocrx_word' id='word_1_771' title='bbox 2310 4027 2554 4094; x_wconf 84' lang='lat' dir='ltr'><strong>separari</strong></span> <span class='ocrx_word' id='word_1_772' title='bbox 2588 4036 2792 4096; x_wconf 86' lang='lat' dir='ltr'><strong>patrem</strong></span> <span class='ocrx_word' id='word_1_773' title='bbox 2824 4044 2857 4081; x_wconf 94' lang='lat' dir='ltr'><strong>a</strong></span> <span class='ocrx_word' id='word_1_774' title='bbox 2883 4028 3028 4097; x_wconf 89' lang='lat' dir='ltr'><strong>ﬁlio,</strong></span> <span class='ocrx_word' id='word_1_775' title='bbox 3060 4030 3231 4097; x_wconf 82' lang='lat' dir='ltr'><strong>ﬁlium</strong></span> <span class='ocrx_word' id='word_1_776' title='bbox 3258 4048 3289 4085; x_wconf 92' lang='lat' dir='ltr'><strong>a</strong></span> <span class='ocrx_word' id='word_1_777' title='bbox 3313 4048 3414 4099; x_wconf 76' lang='lat' dir='ltr'><strong>pa-</strong></span> 
     </span>
    </p>
   </div>
   <div class='ocr_carea' id='block_1_99' title="bbox 1828 4116 3411 4182">
    <p class='ocr_par' dir='ltr' id='par_1_99' title="bbox 1828 4116 3411 4182">
     <span class='ocr_line' id='line_1_99' title="bbox 1828 4116 3411 4182; baseline 0.008 -16"><span class='ocrx_word' id='word_1_778' title='bbox 1828 4123 1926 4178; x_wconf 89' lang='lat' dir='ltr'><strong>tre,</strong></span> <span class='ocrx_word' id='word_1_779' title='bbox 1968 4116 2138 4169; x_wconf 80' lang='lat' dir='ltr'><strong>uirum</strong></span> <span class='ocrx_word' id='word_1_780' title='bbox 2174 4116 2239 4168; x_wconf 80' lang='lat' dir='ltr'><strong>ab</strong></span> <span class='ocrx_word' id='word_1_781' title='bbox 2264 4132 2429 4171; x_wconf 72' lang='lat' dir='ltr'><strong>uxore</strong></span> <span class='ocrx_word' id='word_1_782' title='bbox 2450 4157 2466 4181; x_wconf 94' lang='lat'><strong>,</strong></span> <span class='ocrx_word' id='word_1_783' title='bbox 2491 4126 2541 4171; x_wconf 89' lang='lat' dir='ltr'><strong>et</strong></span> <span class='ocrx_word' id='word_1_784' title='bbox 2572 4134 2791 4173; x_wconf 75' lang='lat' dir='ltr'><strong>uxorem</strong></span> <span class='ocrx_word' id='word_1_785' title='bbox 2834 4137 2867 4173; x_wconf 91' lang='lat' dir='ltr'><strong>a</strong></span> <span class='ocrx_word' id='word_1_786' title='bbox 2896 4121 3026 4182; x_wconf 85' lang='lat' dir='ltr'><strong>viro,</strong></span> <span class='ocrx_word' id='word_1_787' title='bbox 3056 4130 3107 4173; x_wconf 88' lang='lat' dir='ltr'><strong>et</strong></span> <span class='ocrx_word' id='word_1_788' title='bbox 3136 4132 3355 4176; x_wconf 82' lang='lat' dir='ltr'><strong>matrem</strong></span> <span class='ocrx_word' id='word_1_789' title='bbox 3376 4141 3411 4179; x_wconf 84' lang='lat' dir='ltr'><strong>tt</strong></span> 
     </span>
    </p>
   </div>
   <div class='ocr_carea' id='block_1_100' title="bbox 1826 4206 3408 4281">
    <p class='ocr_par' dir='ltr' id='par_1_100' title="bbox 1826 4206 3408 4281">
     <span class='ocr_line' id='line_1_100' title="bbox 1826 4206 3408 4281; baseline 0.005 -22"><span class='ocrx_word' id='word_1_790' title='bbox 1826 4206 1963 4275; x_wconf 89' lang='lat' dir='ltr'><strong>ﬁlia,</strong></span> <span class='ocrx_word' id='word_1_791' title='bbox 1984 4208 2155 4275; x_wconf 86' lang='lat' dir='ltr'><strong>ﬁliam</strong></span> <span class='ocrx_word' id='word_1_792' title='bbox 2176 4224 2209 4260; x_wconf 80' lang='grc' dir='ltr'><em>α</em></span> <span class='ocrx_word' id='word_1_793' title='bbox 2235 4218 2424 4269; x_wconf 87' lang='lat' dir='ltr'><strong>matre,</strong></span> <span class='ocrx_word' id='word_1_794' title='bbox 2448 4209 2670 4278; x_wconf 79' lang='lat' dir='ltr'><strong>fratrem</strong></span> <span class='ocrx_word' id='word_1_795' title='bbox 2693 4227 2725 4263; x_wconf 93' lang='lat' dir='ltr'><strong>a</strong></span> <span class='ocrx_word' id='word_1_796' title='bbox 2750 4211 2940 4279; x_wconf 74' lang='lat' dir='ltr'><strong>fratre,</strong></span> <span class='ocrx_word' id='word_1_797' title='bbox 2961 4227 3167 4265; x_wconf 85' lang='lat' dir='ltr'><strong>socrum</strong></span> <span class='ocrx_word' id='word_1_798' title='bbox 3194 4228 3227 4265; x_wconf 84' lang='lat' dir='ltr'><strong>a</strong></span> <span class='ocrx_word' id='word_1_799' title='bbox 3246 4230 3408 4281; x_wconf 72' lang='lat' dir='ltr'><strong>nuru,</strong></span> 
     </span>
    </p>
   </div>
   <div class='ocr_carea' id='block_1_101' title="bbox 1826 4297 3405 4363">
    <p class='ocr_par' dir='ltr' id='par_1_101' title="bbox 1826 4297 3405 4363">
     <span class='ocr_line' id='line_1_101' title="bbox 1826 4297 3405 4363; baseline 0.006 -13"><span class='ocrx_word' id='word_1_800' title='bbox 1826 4298 2053 4350; x_wconf 70' lang='lat' dir='ltr'><strong>amicum</strong></span> <span class='ocrx_word' id='word_1_801' title='bbox 2076 4297 2142 4350; x_wconf 80' lang='lat' dir='ltr'><strong>ab</strong></span> <span class='ocrx_word' id='word_1_802' title='bbox 2170 4299 2343 4351; x_wconf 84' lang='lat' dir='ltr'><strong>amico</strong></span> <span class='ocrx_word' id='word_1_803' title='bbox 2366 4298 2433 4363; x_wconf 80' lang='lat'><strong>&quot;,</strong></span> <span class='ocrx_word' id='word_1_804' title='bbox 2449 4298 2563 4354; x_wconf 75' lang='lat' dir='ltr'><strong>haec</strong></span> <span class='ocrx_word' id='word_1_805' title='bbox 2590 4301 2774 4354; x_wconf 89' lang='lat' dir='ltr'><strong>omnia</strong></span> <span class='ocrx_word' id='word_1_806' title='bbox 2791 4302 3075 4357; x_wconf 83' lang='lat' dir='ltr'><strong>continent</strong></span> <span class='ocrx_word' id='word_1_807' title='bbox 3100 4301 3405 4359; x_wconf 84' lang='lat' dir='ltr'><strong>doctrinam</strong></span> 
     </span>
    </p>
   </div>
   <div class='ocr_carea' id='block_1_102' title="bbox 1823 4389 3402 4463">
    <p class='ocr_par' dir='ltr' id='par_1_102' title="bbox 1823 4389 3402 4463">
     <span class='ocr_line' id='line_1_102' title="bbox 1823 4389 3402 4463; baseline 0.006 -19"><span class='ocrx_word' id='word_1_808' title='bbox 1823 4389 1999 4460; x_wconf 86' lang='lat' dir='ltr'><strong>pacis,</strong></span> <span class='ocrx_word' id='word_1_809' title='bbox 2035 4397 2089 4444; x_wconf 92' lang='lat' dir='ltr'><strong>et</strong></span> <span class='ocrx_word' id='word_1_810' title='bbox 2112 4390 2391 4461; x_wconf 92' lang='lat' dir='ltr'><strong>quomodo</strong></span> <span class='ocrx_word' id='word_1_811' title='bbox 2412 4431 2428 4456; x_wconf 98' lang='lat'><strong>,</strong></span> <span class='ocrx_word' id='word_1_812' title='bbox 2464 4392 2611 4447; x_wconf 89' lang='lat' dir='ltr'><strong>audi.</strong></span> <span class='ocrx_word' id='word_1_813' title='bbox 2648 4392 2806 4447; x_wconf 90' lang='lat' dir='ltr'><strong>Initio</strong></span> <span class='ocrx_word' id='word_1_814' title='bbox 2834 4394 3241 4463; x_wconf 68' lang='lat' dir='ltr'><strong>praedicationis</strong></span> <span class='ocrx_word' id='word_1_815' title='bbox 3268 4414 3402 4463; x_wconf 60' lang='lat' dir='ltr'><strong>sua),</strong></span> 
     </span>
    </p>
   </div>
   <div class='ocr_carea' id='block_1_103' title="bbox 1821 4480 3407 4552">
    <p class='ocr_par' dir='ltr' id='par_1_103' title="bbox 1821 4480 3407 4552">
     <span class='ocr_line' id='line_1_103' title="bbox 1821 4480 3407 4552; baseline 0.006 -17"><span class='ocrx_word' id='word_1_816' title='bbox 1821 4488 2011 4552; x_wconf 86' lang='lat' dir='ltr'><strong>utpote</strong></span> <span class='ocrx_word' id='word_1_817' title='bbox 2040 4480 2134 4551; x_wconf 90' lang='lat' dir='ltr'><strong>qui</strong></span> <span class='ocrx_word' id='word_1_818' title='bbox 2165 4482 2299 4536; x_wconf 89' lang='lat' dir='ltr'><strong>velit</strong></span> <span class='ocrx_word' id='word_1_819' title='bbox 2342 4498 2535 4538; x_wconf 87' lang='lat' dir='ltr'><strong>omnes</strong></span> <span class='ocrx_word' id='word_1_820' title='bbox 2564 4484 2797 4539; x_wconf 87' lang='lat' dir='ltr'><strong>invitare</strong></span> <span class='ocrx_word' id='word_1_821' title='bbox 2824 4493 2879 4539; x_wconf 87' lang='lat' dir='ltr'><strong>et</strong></span> <span class='ocrx_word' id='word_1_822' title='bbox 2905 4485 3175 4543; x_wconf 86' lang='lat' dir='ltr'><strong>adducere</strong></span> <span class='ocrx_word' id='word_1_823' title='bbox 3207 4490 3273 4543; x_wconf 91' lang='lat' dir='ltr'><strong>ad</strong></span> <span class='ocrx_word' id='word_1_824' title='bbox 3315 4506 3407 4544; x_wconf 87' lang='lat' dir='ltr'><strong>sa-</strong></span> 
     </span>
    </p>
   </div>
   <div class='ocr_carea' id='block_1_104' title="bbox 1820 4570 3406 4650">
    <p class='ocr_par' dir='ltr' id='par_1_104' title="bbox 1820 4570 3406 4650">
     <span class='ocr_line' id='line_1_104' title="bbox 1820 4570 3406 4650; baseline 0.006 -25"><span class='ocrx_word' id='word_1_825' title='bbox 1820 4570 1987 4625; x_wconf 88' lang='lat' dir='ltr'><strong>lutem</strong></span> <span class='ocrx_word' id='word_1_826' title='bbox 2008 4610 2023 4634; x_wconf 95' lang='lat'><strong>,</strong></span> <span class='ocrx_word' id='word_1_827' title='bbox 2068 4586 2133 4625; x_wconf 89' lang='lat' dir='ltr'><strong>ac</strong></span> <span class='ocrx_word' id='word_1_828' title='bbox 2159 4572 2477 4641; x_wconf 86' lang='lat' dir='ltr'><strong>patientiam</strong></span> <span class='ocrx_word' id='word_1_829' title='bbox 2511 4574 2759 4629; x_wconf 90' lang='lat' dir='ltr'><strong>laborum</strong></span> <span class='ocrx_word' id='word_1_830' title='bbox 2796 4578 3268 4650; x_wconf 80' lang='lat' dir='ltr'><strong>tentatiommiqne</strong></span> <span class='ocrx_word' id='word_1_831' title='bbox 3305 4581 3406 4635; x_wconf 85' lang='lat' dir='ltr'><strong>ba-</strong></span> 
     </span>
    </p>
   </div>
   <div class='ocr_carea' id='block_1_105' title="bbox 1748 4640 3403 4745">
    <p class='ocr_par' dir='ltr' id='par_1_105' title="bbox 1748 4640 3403 4745">
     <span class='ocr_line' id='line_1_105' title="bbox 1748 4640 3403 4745; baseline 0.013 -33"><span class='ocrx_word' id='word_1_832' title='bbox 1748 4640 2050 4713; x_wconf 80' lang='lat' dir='ltr'><strong>Dbendam</strong></span> <span class='ocrx_word' id='word_1_833' title='bbox 2106 4640 2394 4727; x_wconf 84' lang='lat' dir='ltr'><strong>suaderet,</strong></span> <span class='ocrx_word' id='word_1_834' title='bbox 2448 4679 2721 4734; x_wconf 88' lang='lat' dir='ltr'><strong>pauperes</strong></span> <span class='ocrx_word' id='word_1_835' title='bbox 2776 4666 3153 4735; x_wconf 83' lang='lat' dir='ltr'><strong>beatiﬁcabat,</strong></span> <span class='ocrx_word' id='word_1_836' title='bbox 3180 4640 3403 4745; x_wconf 56' lang='lat' dir='ltr'><strong>eosque</strong></span> 
     </span>
    </p>
   </div>
   <div class='ocr_carea' id='block_1_106' title="bbox 1817 4751 3403 4833">
    <p class='ocr_par' dir='ltr' id='par_1_106' title="bbox 1817 4751 3403 4833">
     <span class='ocr_line' id='line_1_106' title="bbox 1817 4751 3403 4833; baseline 0.012 -31"><span class='ocrx_word' id='word_1_837' title='bbox 1817 4763 1917 4818; x_wconf 89' lang='lat' dir='ltr'><strong>pro</strong></span> <span class='ocrx_word' id='word_1_838' title='bbox 1946 4751 2189 4820; x_wconf 65' lang='lat' dir='ltr'><strong>penuriae</strong></span> <span class='ocrx_word' id='word_1_839' title='bbox 2223 4752 2518 4808; x_wconf 88' lang='lat' dir='ltr'><strong>tolerantia</strong></span> <span class='ocrx_word' id='word_1_840' title='bbox 2563 4754 2860 4825; x_wconf 87' lang='lat' dir='ltr'><strong>adepturos</strong></span> <span class='ocrx_word' id='word_1_841' title='bbox 2888 4775 3013 4817; x_wconf 88' lang='lat' dir='ltr'><strong>esse</strong></span> <span class='ocrx_word' id='word_1_842' title='bbox 3042 4764 3403 4833; x_wconf 88' lang='lat' dir='ltr'><strong>pollicebatur</strong></span> 
     </span>
    </p>
   </div>
   <div class='ocr_carea' id='block_1_107' title="bbox 1817 4842 3401 4925">
    <p class='ocr_par' dir='ltr' id='par_1_107' title="bbox 1817 4842 3401 4925">
     <span class='ocr_line' id='line_1_107' title="bbox 1817 4842 3401 4925; baseline 0.011 -31"><span class='ocrx_word' id='word_1_843' title='bbox 1817 4855 1983 4911; x_wconf 89' lang='lat' dir='ltr'><strong>regna</strong></span> <span class='ocrx_word' id='word_1_844' title='bbox 2023 4842 2331 4908; x_wconf 65' lang='lat' dir='ltr'><strong>caelorum,</strong></span> <span class='ocrx_word' id='word_1_845' title='bbox 2394 4852 2455 4899; x_wconf 94' lang='lat' dir='ltr'><strong>ut</strong></span> <span class='ocrx_word' id='word_1_846' title='bbox 2503 4846 2608 4901; x_wconf 89' lang='lat' dir='ltr'><strong>sub</strong></span> <span class='ocrx_word' id='word_1_847' title='bbox 2661 4856 2817 4902; x_wconf 84' lang='lat' dir='ltr'><strong>tanta</strong></span> <span class='ocrx_word' id='word_1_848' title='bbox 2869 4866 2967 4921; x_wconf 92' lang='lat' dir='ltr'><strong>spe</strong></span> <span class='ocrx_word' id='word_1_849' title='bbox 3019 4857 3401 4925; x_wconf 70' lang='lat' dir='ltr'><strong>aequanimiter</strong></span> 
     </span>
    </p>
   </div>
   <div class='ocr_carea' id='block_1_108' title="bbox 1818 4931 3400 5013">
    <p class='ocr_par' dir='ltr' id='par_1_108' title="bbox 1818 4931 3400 5013">
     <span class='ocr_line' id='line_1_108' title="bbox 1818 4931 3400 5013; baseline 0.013 -30"><span class='ocrx_word' id='word_1_850' title='bbox 1818 4931 2156 5001; x_wconf 89' lang='lat' dir='ltr'><strong>paupertatis</strong></span> <span class='ocrx_word' id='word_1_851' title='bbox 2176 4934 2415 5003; x_wconf 90' lang='lat' dir='ltr'><strong>pondus,</strong></span> <span class='ocrx_word' id='word_1_852' title='bbox 2436 4943 2621 5004; x_wconf 88' lang='lat' dir='ltr'><strong>spreta</strong></span> <span class='ocrx_word' id='word_1_853' title='bbox 2649 4938 2953 5007; x_wconf 79' lang='lat' dir='ltr'><strong>cupiditate</strong></span> <span class='ocrx_word' id='word_1_854' title='bbox 2976 4951 3280 5013; x_wconf 89' lang='lat' dir='ltr'><strong>portarent.</strong></span> <span class='ocrx_word' id='word_1_855' title='bbox 3300 4945 3400 5003; x_wconf 87' lang='lat' dir='ltr'><strong>Est</strong></span> 
     </span>
    </p>
   </div>
   <div class='ocr_carea' id='block_1_109' title="bbox 1814 5020 3400 5104">
    <p class='ocr_par' dir='ltr' id='par_1_109' title="bbox 1814 5020 3400 5104">
     <span class='ocr_line' id='line_1_109' title="bbox 1814 5020 3400 5104; baseline 0.01 -29"><span class='ocrx_word' id='word_1_856' title='bbox 1814 5020 1962 5075; x_wconf 86' lang='lat' dir='ltr'><strong>enim</strong></span> <span class='ocrx_word' id='word_1_857' title='bbox 1989 5037 2157 5077; x_wconf 92' lang='lat' dir='ltr'><strong>unum</strong></span> <span class='ocrx_word' id='word_1_858' title='bbox 2180 5031 2236 5078; x_wconf 90' lang='lat' dir='ltr'><strong>et</strong></span> <span class='ocrx_word' id='word_1_859' title='bbox 2266 5024 2565 5079; x_wconf 82' lang='lat' dir='ltr'><strong>maximum</strong></span> <span class='ocrx_word' id='word_1_860' title='bbox 2592 5041 2660 5080; x_wconf 81' lang='lat' dir='ltr'><strong>ex</strong></span> <span class='ocrx_word' id='word_1_861' title='bbox 2684 5029 3175 5097; x_wconf 85' lang='lat' dir='ltr'><strong>perniciosissimis</strong></span> <span class='ocrx_word' id='word_1_862' title='bbox 3204 5050 3400 5104; x_wconf 79' lang='lat' dir='ltr'><strong>pecca-</strong></span> 
     </span>
    </p>
   </div>
   <div class='ocr_carea' id='block_1_110' title="bbox 1806 5113 3389 5185">
    <p class='ocr_par' dir='ltr' id='par_1_110' title="bbox 1806 5113 3389 5185">
     <span class='ocr_line' id='line_1_110' title="bbox 1806 5113 3389 5185; baseline 0.01 -18"><span class='ocrx_word' id='word_1_863' title='bbox 1806 5113 1905 5177; x_wconf 91' lang='lat' dir='ltr'><strong>tis,</strong></span> <span class='ocrx_word' id='word_1_864' title='bbox 1937 5114 2228 5185; x_wconf 84' lang='lat' dir='ltr'><strong>cupiditas.</strong></span> <span class='ocrx_word' id='word_1_865' title='bbox 2265 5113 2371 5175; x_wconf 85' lang='lat' dir='ltr'><strong>Sed</strong></span> <span class='ocrx_word' id='word_1_866' title='bbox 2391 5123 2447 5170; x_wconf 89' lang='lat' dir='ltr'><strong>et</strong></span> <span class='ocrx_word' id='word_1_867' title='bbox 2466 5118 2778 5175; x_wconf 89' lang='lat' dir='ltr'><strong>esurientes</strong></span> <span class='ocrx_word' id='word_1_868' title='bbox 2806 5128 2858 5175; x_wconf 89' lang='lat' dir='ltr'><strong>et</strong></span> <span class='ocrx_word' id='word_1_869' title='bbox 2890 5123 3140 5179; x_wconf 89' lang='lat' dir='ltr'><strong>sitientes</strong></span> <span class='ocrx_word' id='word_1_870' title='bbox 3166 5128 3389 5183; x_wconf 64' lang='lat' dir='ltr'><strong>aeternis</strong></span> 
     </span>
    </p>
   </div>
   <div class='ocr_carea' id='block_1_111' title="bbox 1812 5204 3397 5288">
    <p class='ocr_par' dir='ltr' id='par_1_111' title="bbox 1812 5204 3397 5288">
     <span class='ocr_line' id='line_1_111' title="bbox 1812 5204 3397 5288; baseline 0.009 -27"><span class='ocrx_word' id='word_1_871' title='bbox 1812 5204 1973 5261; x_wconf 87' lang='lat' dir='ltr'><strong>bonis</strong></span> <span class='ocrx_word' id='word_1_872' title='bbox 1989 5205 2219 5274; x_wconf 65' lang='lat' dir='ltr'><strong>iustitia:</strong></span> <span class='ocrx_word' id='word_1_873' title='bbox 2249 5209 2581 5265; x_wconf 87' lang='lat' dir='ltr'><strong>saturandos</strong></span> <span class='ocrx_word' id='word_1_874' title='bbox 2603 5226 2727 5266; x_wconf 88' lang='lat' dir='ltr'><strong>esse</strong></span> <span class='ocrx_word' id='word_1_875' title='bbox 2754 5215 3044 5282; x_wconf 90' lang='lat' dir='ltr'><strong>promisit,</strong></span> <span class='ocrx_word' id='word_1_876' title='bbox 3079 5224 3136 5270; x_wconf 88' lang='lat' dir='ltr'><strong>ut</strong></span> <span class='ocrx_word' id='word_1_877' title='bbox 3174 5226 3397 5288; x_wconf 79' lang='lat' dir='ltr'><strong>egesta-</strong></span> 
     </span>
    </p>
   </div>
   <div class='ocr_carea' id='block_1_112' title="bbox 1811 5298 3393 5381">
    <p class='ocr_par' dir='ltr' id='par_1_112' title="bbox 1811 5298 3393 5381">
     <span class='ocr_line' id='line_1_112' title="bbox 1811 5298 3393 5381; baseline 0.008 -28"><span class='ocrx_word' id='word_1_878' title='bbox 1811 5304 1922 5353; x_wconf 88' lang='lat' dir='ltr'><strong>tem</strong></span> <span class='ocrx_word' id='word_1_879' title='bbox 1949 5299 2307 5354; x_wconf 88' lang='lat' dir='ltr'><strong>tolerabiliter</strong></span> <span class='ocrx_word' id='word_1_880' title='bbox 2336 5298 2598 5366; x_wconf 88' lang='lat' dir='ltr'><strong>fereutes,</strong></span> <span class='ocrx_word' id='word_1_881' title='bbox 2619 5302 2756 5357; x_wconf 89' lang='lat' dir='ltr'><strong>nihil</strong></span> <span class='ocrx_word' id='word_1_882' title='bbox 2793 5321 2892 5375; x_wconf 91' lang='lat' dir='ltr'><strong>pro</strong></span> <span class='ocrx_word' id='word_1_883' title='bbox 2915 5306 3019 5362; x_wconf 86' lang='lat' dir='ltr'><strong>hac</strong></span> <span class='ocrx_word' id='word_1_884' title='bbox 3044 5309 3232 5378; x_wconf 90' lang='lat' dir='ltr'><strong>injusti</strong></span> <span class='ocrx_word' id='word_1_885' title='bbox 3258 5326 3393 5381; x_wconf 79' lang='lat' dir='ltr'><strong>ope-</strong></span> 
     </span>
    </p>
   </div>
   <div class='ocr_carea' id='block_1_113' title="bbox 1808 5388 3393 5465">
    <p class='ocr_par' dir='ltr' id='par_1_113' title="bbox 1808 5388 3393 5465">
     <span class='ocr_line' id='line_1_113' title="bbox 1808 5388 3393 5465; baseline 0.008 -20"><span class='ocrx_word' id='word_1_886' title='bbox 1808 5388 1890 5445; x_wconf 83' lang='lat' dir='ltr'><strong>ris</strong></span> <span class='ocrx_word' id='word_1_887' title='bbox 1918 5390 2260 5445; x_wconf 90' lang='lat' dir='ltr'><strong>molirentur.</strong></span> <span class='ocrx_word' id='word_1_888' title='bbox 2284 5390 2517 5449; x_wconf 72' lang='lat' dir='ltr'><strong>Mundos</strong></span> <span class='ocrx_word' id='word_1_889' title='bbox 2546 5409 2766 5465; x_wconf 89' lang='lat' dir='ltr'><strong>quoque</strong></span> <span class='ocrx_word' id='word_1_890' title='bbox 2794 5397 2961 5454; x_wconf 90' lang='lat' dir='ltr'><strong>corde</strong></span> <span class='ocrx_word' id='word_1_891' title='bbox 2991 5398 3245 5456; x_wconf 83' lang='lat' dir='ltr'><strong>similiter</strong></span> <span class='ocrx_word' id='word_1_892' title='bbox 3268 5401 3393 5457; x_wconf 90' lang='lat' dir='ltr'><strong>bea-</strong></span> 
     </span>
    </p>
   </div>
   <div class='ocr_carea' id='block_1_114' title="bbox 1811 5484 3390 5557">
    <p class='ocr_par' dir='ltr' id='par_1_114' title="bbox 1811 5484 3390 5557">
     <span class='ocr_line' id='line_1_114' title="bbox 1811 5484 3390 5557; baseline 0.009 -20"><span class='ocrx_word' id='word_1_893' title='bbox 1811 5490 1897 5538; x_wconf 88' lang='lat' dir='ltr'><strong>tos</strong></span> <span class='ocrx_word' id='word_1_894' title='bbox 1943 5484 2192 5551; x_wconf 87' lang='lat' dir='ltr'><strong>dicebat,</strong></span> <span class='ocrx_word' id='word_1_895' title='bbox 2238 5494 2293 5540; x_wconf 87' lang='lat' dir='ltr'><strong>et</strong></span> <span class='ocrx_word' id='word_1_896' title='bbox 2342 5503 2439 5556; x_wconf 83' lang='lat' dir='ltr'><strong>per</strong></span> <span class='ocrx_word' id='word_1_897' title='bbox 2469 5487 2573 5541; x_wconf 91' lang='lat' dir='ltr'><strong>hoc</strong></span> <span class='ocrx_word' id='word_1_898' title='bbox 2616 5487 2784 5544; x_wconf 91' lang='lat' dir='ltr'><strong>Deum</strong></span> <span class='ocrx_word' id='word_1_899' title='bbox 2834 5491 3088 5557; x_wconf 85' lang='lat' dir='ltr'><strong>visuros,</strong></span> <span class='ocrx_word' id='word_1_900' title='bbox 3135 5502 3191 5547; x_wconf 88' lang='lat' dir='ltr'><strong>ut</strong></span> <span class='ocrx_word' id='word_1_901' title='bbox 3223 5510 3390 5552; x_wconf 83' lang='lat' dir='ltr'><strong>unus-</strong></span> 
     </span>
    </p>
   </div>
   <div class='ocr_carea' id='block_1_115' title="bbox 1809 5577 3387 5657">
    <p class='ocr_par' dir='ltr' id='par_1_115' title="bbox 1809 5577 3387 5657">
     <span class='ocr_line' id='line_1_115' title="bbox 1809 5577 3387 5657; baseline 0.01 -28"><span class='ocrx_word' id='word_1_902' title='bbox 1809 5577 2047 5647; x_wconf 87' lang='lat' dir='ltr'><strong>quisque</strong></span> <span class='ocrx_word' id='word_1_903' title='bbox 2058 5577 2283 5657; x_wconf 81' lang='lat' dir='ltr'><strong>adipisci</strong></span> <span class='ocrx_word' id='word_1_904' title='bbox 2306 5588 2516 5633; x_wconf 87' lang='lat' dir='ltr'><strong>tantum</strong></span> <span class='ocrx_word' id='word_1_905' title='bbox 2539 5581 2768 5650; x_wconf 85' lang='lat' dir='ltr'><strong>cupiens</strong></span> <span class='ocrx_word' id='word_1_906' title='bbox 2785 5583 3009 5645; x_wconf 89' lang='lat' dir='ltr'><strong>bonum.</strong></span> <span class='ocrx_word' id='word_1_907' title='bbox 3031 5588 3387 5657; x_wconf 85' lang='lat' dir='ltr'><strong>semetipsum</strong></span> 
     </span>
    </p>
   </div>
   <div class='ocr_carea' id='block_1_116' title="bbox 1778 5667 3262 5742">
    <p class='ocr_par' dir='ltr' id='par_1_116' title="bbox 1778 5667 3262 5742">
     <span class='ocr_line' id='line_1_116' title="bbox 1778 5667 3262 5742; baseline 0.009 -23"><span class='ocrx_word' id='word_1_908' title='bbox 1778 5716 1779 5719; x_wconf 44' lang='grc' dir='ltr'><strong>η</strong></span> <span class='ocrx_word' id='word_1_909' title='bbox 1810 5680 1840 5720; x_wconf 89' lang='lat' dir='ltr'><strong>a</strong></span> <span class='ocrx_word' id='word_1_910' title='bbox 1865 5667 2129 5737; x_wconf 83' lang='lat' dir='ltr'><strong>pessimis.</strong></span> <span class='ocrx_word' id='word_1_911' title='bbox 2145 5675 2199 5722; x_wconf 89' lang='lat' dir='ltr'><strong>et</strong></span> <span class='ocrx_word' id='word_1_912' title='bbox 2228 5668 2452 5737; x_wconf 89' lang='lat' dir='ltr'><strong>pollutis</strong></span> <span class='ocrx_word' id='word_1_913' title='bbox 2483 5672 2909 5742; x_wconf 88' lang='lat' dir='ltr'><strong>cogitationibus</strong></span> <span class='ocrx_word' id='word_1_914' title='bbox 2936 5676 3262 5733; x_wconf 87' lang='lat' dir='ltr'><strong>contineret.</strong></span> 
     </span>
    </p>
   </div>
   <div class='ocr_carea' id='block_1_117' title="bbox 1878 5768 3384 5861">
    <p class='ocr_par' dir='ltr' id='par_1_117' title="bbox 1878 5768 3384 5861">
     <span class='ocr_line' id='line_1_117' title="bbox 1878 5768 3384 5861; baseline 0.006 -23"><span class='ocrx_word' id='word_1_915' title='bbox 1878 5783 2071 5840; x_wconf 88' lang='lat' dir='ltr'><strong>XXIX.</strong></span> <span class='ocrx_word' id='word_1_916' title='bbox 2134 5783 2227 5839; x_wconf 90' lang='lat' dir='ltr'><strong>Sic</strong></span> <span class='ocrx_word' id='word_1_917' title='bbox 2269 5801 2400 5857; x_wconf 87' lang='lat' dir='ltr'><strong>ergo</strong></span> <span class='ocrx_word' id='word_1_918' title='bbox 2437 5785 2698 5856; x_wconf 85' lang='lat' dir='ltr'><strong>magister</strong></span> <span class='ocrx_word' id='word_1_919' title='bbox 2738 5798 2924 5847; x_wconf 81' lang='lat' dir='ltr'><strong>Ioster</strong></span> <span class='ocrx_word' id='word_1_920' title='bbox 2964 5768 3267 5861; x_wconf 83' lang='lat' dir='ltr'><strong>discipulos</strong></span> <span class='ocrx_word' id='word_1_921' title='bbox 3312 5790 3384 5847; x_wconf 76' lang='lat' dir='ltr'><strong>sd</strong></span> 
     </span>
    </p>
   </div>
   <div class='ocr_carea' id='block_1_118' title="bbox 1804 5895 2667 5968">
    <p class='ocr_par' dir='ltr' id='par_1_118' title="bbox 1804 5895 2667 5968">
     <span class='ocr_line' id='line_1_118' title="bbox 1804 5895 2667 5968; baseline 0.009 -19"><span class='ocrx_word' id='word_1_922' title='bbox 1804 5895 1848 5928; x_wconf 64' lang='grc' dir='ltr'><strong>θ’</strong></span> <span class='ocrx_word' id='word_1_923' title='bbox 1874 5895 2010 5953; x_wconf 85' lang='lat' dir='ltr'><strong>Ibid.</strong></span> <span class='ocrx_word' id='word_1_924' title='bbox 2045 5898 2136 5968; x_wconf 75' lang='lat' dir='ltr'><strong>5t,</strong></span> <span class='ocrx_word' id='word_1_925' title='bbox 2172 5899 2261 5968; x_wconf 73' lang='lat'><strong>35;</strong></span> <span class='ocrx_word' id='word_1_926' title='bbox 2291 5897 2425 5955; x_wconf 90' lang='lat' dir='ltr'><strong>Luc.</strong></span> <span class='ocrx_word' id='word_1_927' title='bbox 2452 5908 2550 5966; x_wconf 81' lang='lat' dir='ltr'><strong>stt,</strong></span> <span class='ocrx_word' id='word_1_928' title='bbox 2575 5899 2667 5957; x_wconf 74' lang='lat'><strong>53.</strong></span> 
     </span>
    </p>
   </div>
  </div>
