4066 6334
662 391 677 443 l
688 390 794 443 265

1509 387 1562 439 S.
1601 381 1990 440 CLEMENTIS
2026 384 2044 437 l
2082 382 2248 438 R031.
2289 382 2486 438 PONT.
2527 381 2754 436 OPERA
2793 381 3014 437 DUBIA.

3770 377 3913 432 1264

653 504 974 577 patiemiam
1005 504 1266 564 invitans,
1289 503 1489 555 bonum
1521 502 1669 570 pacis
1694 501 1858 554 etiam
1884 514 2010 553 cum
2043 498 2228 551 labore
2257 500 2304 555 Α
2333 494 2428 549 des
2459 510 2486 546 a
2519 496 2806 563 temetipso
2826 535 2839 556 ,
2871 491 3146 562 quomodo
3192 490 3400 546 stabis?
3450 487 3685 544 Necesse
3731 496 3819 543 est
3857 497 3913 542 ut

656 597 930 666 patientiae
946 595 1212 649 suadebat
1238 609 1357 649 esse
1387 592 1734 648 servandum.
1754 591 1792 643 E
1805 591 2085 644 contrario
2099 604 2228 643 vero

655 703 754 744 eos
784 689 875 755 qui
910 688 965 740 in
995 687 1204 740 divitiis
1229 701 1289 738 ac
1324 685 1538 739 luxuria
1568 683 1954 744 versabantur.
1988 683 2227 752 lugebat.

656 780 750 851 qui
775 780 906 833 nihil
931 780 1261 847 pauperibus
1296 777 1700 846 largiebantur,
1732 791 1970 846 arguens
2010 790 2105 828 eos
2144 788 2229 825 ra-

660 872 862 926 tionem
893 871 1205 924 reddituros
1227 910 1242 931 ,
1276 869 1404 938 quia
1457 870 1735 938 proximos
1769 882 1898 920 suos
1941 880 2079 935 quos
2109 864 2234 917 dili-

659 978 788 1033 gere
817 964 960 1015 sicut
990 962 1199 1030 seipsos
1231 959 1550 1024 debuerant,
1577 974 1643 1010 ne
1675 959 1727 1010 in
1759 965 1996 1026 egestate
2015 954 2233 1024 quidem

659 1058 869 1124 positos
902 1054 1143 1106 miserati
1177 1060 1325 1106 sunt.
1361 1049 1485 1104 [Lee
1516 1058 1699 1103 autem
1731 1049 1924 1102 dicens
1955 1048 2090 1100 alios
2114 1045 2236 1115 qui.-

657 1144 780 1200 dem
833 1144 1057 1198 obedire
1107 1143 1269 1206 fecit,
1315 1143 1451 1196 alios
1503 1158 1630 1194 vero
1682 1140 1914 1193 reddidit
1964 1138 2233 1191 inimicos.

657 1232 1024 1287 Credentibus
1065 1248 1195 1301 ergo
1242 1239 1298 1285 et
1345 1230 1725 1285 obedientihns
1797 1242 1982 1295 pacem
2038 1225 2266 1278 habere,

659 1319 802 1374 inter
835 1335 893 1373 se
925 1319 1159 1372 invicem
1189 1317 1366 1386 jubet.
1393 1325 1445 1370 et
1479 1316 1610 1385 ipsis
1634 1314 1765 1366 dicit
1793 1332 1804 1365 :
1832 1313 1983 1364 Beati
2006 1310 2235 1379 paciﬁci,

657 1410 781 1478 quia
811 1409 912 1475 ipsi
934 1408 1036 1476 ﬁlii
1062 1407 1159 1460 Dei
1188 1406 1595 1461 vocabuntur”.
1627 1404 1720 1459 Ilis
1751 1410 1928 1457 autem
1951 1443 1966 1465 ,
2000 1402 2090 1471 qui
2129 1415 2237 1454 non

657 1501 833 1554 solum
856 1516 963 1552 non
992 1499 1298 1559 credidere,
1335 1513 1521 1550 verum
1557 1504 1608 1549 et
1641 1494 1943 1548 adversarii
1977 1491 2240 1547 doctrinae

655 1591 778 1660 ejus
804 1590 931 1643 facti
961 1590 1334 1655 sunt,bellum
1360 1588 1511 1642 verbi
1542 1597 1595 1641 et
1628 1586 2022 1640 confutationis
2052 1583 2242 1638 indicit

655 1691 711 1737 ct
741 1684 846 1735 ait:
877 1683 1016 1748 Quia
1040 1697 1103 1734 ezr.
1131 1683 1225 1734 hoc
1255 1681 1488 1734 videbitis
1534 1681 1770 1748 separari
1803 1680 1971 1745 ﬁlium
2010 1695 2040 1730 a
2064 1682 2236 1746 p‘atre,

655 1783 705 1827 et
735 1774 903 1826 virum
933 1774 995 1825 ab
1024 1790 1188 1826 uxore
1212 1813 1225 1836 ,
1252 1787 1302 1825 et
1337 1773 1506 1840 ﬁliam
1543 1789 1573 1823 ιλ
1618 1781 1817 1831 matre.
1857 1780 1903 1823 et
1951 1769 2169 1838 fratrem
2207 1786 2239 1821 a

2333 585 2525 647 cadat,
2557 586 2650 654 qui
2700 587 2752 638 in
2794 584 3091 652 semetipso
3139 582 3417 635 dividitur.
3453 577 3619 634 Omne
3654 581 3791 634 enim
3832 596 3915 632 re-

2331 695 2486 747 gnum
2536 679 2591 730 in
2624 678 2957 743 semetipsum
2984 676 3231 737 divisum,
3265 691 3368 727 non
3399 673 3562 726 stabit
3588 673 3654 727 ³⁸.
3686 672 3766 728 Ad
3798 673 3914 727 haec

2333 767 2378 818 si
2404 764 2532 832 quid
2567 764 2801 824 videtur,
2836 764 3025 820 dicito.
3181 767 3190 774 ’

2405 854 2619 909 XXX”.
2663 854 2728 908 Et
2748 854 2951 919 ,Simon
2981 875 2992 907 :
3027 852 3320 907 Stultitiain
3353 861 3500 907 tuam
3532 855 3791 910 demiror.
3824 852 3918 908 Sic

2336 947 2492 1000 nobis
2526 946 2774 1016 magistri
2799 947 2875 1000 tui
2907 947 3072 1000 verba
3103 945 3386 1014 proponis.
3420 948 3577 1014 quasi
3613 958 3824 1001 certum
3852 947 3925 1002 de

2335 1052 2399 1090 eo
2427 1038 2686 1091 habeatur
2718 1037 2861 1107 quod
2891 1037 3157 1107 propheta
3201 1037 3298 1098 sit,
3330 1053 3492 1106 quem
3526 1055 3627 1108 ego
3659 1039 3923 1109 perfacile

2336 1126 2712 1181 demonstrare
2734 1142 2980 1196 possum,
3010 1126 3176 1179 multa
3203 1125 3306 1180 sibi
3333 1131 3610 1180 contraria
3645 1129 3921 1184 locutum.

2339 1217 2581 1289 Denique
2624 1234 2689 1274 ex
2727 1219 2848 1282 his,
2889 1233 3012 1289 quae
3058 1220 3172 1288 ipse
3224 1220 3532 1286 protulisti,
3586 1235 3810 1291 arguam
3845 1231 3921 1278 te.

2339 1310 2432 1366 Ais
2464 1313 2608 1364 enim
2645 1311 2850 1366 dixisse
2875 1326 2997 1365 cum
3025 1350 3040 1373 ,
3075 1326 3221 1361 omne
3268 1327 3480 1378 regnum
3510 1313 3590 1367 vel
3620 1316 3800 1368 omnis
3845 1318 3928 1370 ci-

2338 1403 2477 1456 vitas
2509 1402 2682 1457 divisa
2715 1402 2768 1455 in
2800 1401 3090 1470 semetipsa
3127 1417 3228 1453 non
3254 1402 3433 1454 stabit.
3471 1401 3535 1454 Et
3564 1404 3691 1458 alibi
3721 1407 3924 1460 iterum

2342 1494 2421 1545 ais
2454 1508 2577 1546 eum
2617 1493 2821 1546 dixisse
2845 1533 2859 1555 ,
2885 1493 3010 1562 quia
3055 1491 3169 1560 ipse
3200 1489 3408 1544 miserit
3438 1493 3676 1562 gladium
3704 1536 3718 1556 ,
3745 1509 3803 1549 ut
3837 1513 3928 1552 se-

2342 1593 2556 1652 pararet
2587 1600 2680 1638 eos
2713 1585 2805 1653 qui
2840 1586 2891 1637 in
2925 1583 3084 1638 domo
3115 1593 3264 1645 sunt.
3291 1583 3361 1637 ita
3395 1593 3452 1638 ut
3480 1585 3757 1640 dividatur
3779 1587 3926 1642 filius

2342 1682 2577 1742 apatre,
2624 1682 2676 1727 et
2703 1673 2809 1726 lilia
2845 1690 2874 1726 a
2905 1681 3076 1727 matre
3101 1713 3114 1735 ,
3163 1682 3216 1726 et
3250 1672 3415 1727 frater
3449 1690 3475 1727 a
3513 1675 3718 1739 fratre,
3763 1687 3825 1731 ut
3879 1678 3925 1730 si

2346 1766 2547 1820 fuerint
2587 1768 2639 1820 in
2676 1781 2780 1819 una
2814 1765 2976 1821 domo
3007 1768 3276 1836 quinque,
3325 1766 3640 1820 dividantur
3675 1777 3788 1824 tres
3832 1768 3930 1822 ad-

657 1863 855 1930 fratre.
888 1873 935 1916 et
967 1881 1158 1916 nurum
1197 1882 1226 1915 a
1261 1881 1415 1916 socru
1438 1905 1451 1926 ,
1484 1874 1530 1914 et
1564 1864 1765 1916 inimici
1799 1863 2021 1915 hominis
2061 1861 2232 1914 dome-
2271 1840 2312 1894 Β
2343 1875 2559 1914 versum
2585 1860 2744 1923 duos,
2771 1868 2825 1914 et
2855 1860 2963 1914 duo
2989 1861 3273 1914 adverSUin
3299 1867 3408 1910 tres
3423 1857 3488 1912 ³⁵.
3526 1859 3580 1913 Si
3607 1876 3741 1930 ergo
3763 1877 3929 1918 omne

656 1957 780 2009 stici
819 1957 1016 2024 ejus“.
1066 1955 1121 2009 In
1155 1970 1485 2026 unaquaque
1531 1957 1676 2008 enim
1709 1956 1893 2016 domo,
1945 1970 2066 2007 cum
2100 1955 2241 2006 inter

658 2049 976 2102 credentem
1007 2057 1060 2103 et
1093 2063 1202 2102 non
1233 2050 1547 2110 credentem
1581 2048 1804 2116 emperit
1842 2061 1965 2101 esse
2011 2046 2240 2100 diversi-

658 2148 765 2202 tas,
800 2141 1115 2195 necessario
1146 2156 1326 2211 pugna
1361 2140 1437 2199 Iit,
1473 2140 1772 2193 incredulis
1805 2138 2019 2208 quidem
2051 2146 2240 2191 contra

661 2229 820 2285 ﬁdem
855 2231 1244 2286 dimicantibus
1273 2273 1286 2293 ,
1323 2231 1573 2285 ﬁdelibus
1601 2245 1732 2283 vero
1764 2230 1816 2282 in
1860 2229 1967 2282 illis
1999 2242 2240 2283 errorem

662 2333 922 2386 veterem,
955 2333 1009 2377 et
1039 2333 1389 2392 peccatorum
1426 2322 1552 2374 vitia
1582 2319 2014 2375 confutantibus.

731 2415 898 2471 XXX.
947 2415 1210 2469 Similiter
1238 2429 1455 2484 quoque
1499 2413 1662 2467 etiam
1715 2426 1844 2481 erga
1889 2411 2138 2474 scribas,
2189 2417 2243 2465 et

660 2506 966 2562 Phariszcos
997 2505 1192 2559 ultimo
1223 2505 1488 2559 doctrinae
1519 2517 1631 2555 suae
1662 2509 1907 2572 tempore
1929 2500 2125 2554 bellum
2148 2515 2242 2569 ge.

666 2600 754 2661 rit,
811 2609 1042 2666 arguens
1082 2609 1176 2648 eos
1226 2606 1390 2660 super
1432 2591 1644 2645 actibus
1687 2605 1793 2642 non
1840 2590 1996 2643 bonis
2038 2596 2090 2641 et
2124 2603 2233 2641 non

667 2699 813 2744 recta
856 2675 1100 2742 do'ctrina
1126 2727 1139 2751 ,
1181 2694 1235 2740 et
1284 2683 1430 2754 quod
1488 2684 1691 2737 clavem
1733 2683 1969 2737 scientiae
2003 2697 2164 2751 quam
2204 2697 2235 2734 a

666 2781 854 2850 Moyse
881 2777 1130 2830 traditam
1158 2785 1534 2844 susceperunt,
1563 2775 1916 2836 occultarent,
1945 2789 2038 2842 per
2073 2787 2236 2841 quam

667 2869 841 2937 possit
871 2867 1037 2933 ianua
1067 2865 1214 2933 regni
1245 2865 1481 2918 caelestis
1507 2863 1702 2930 aperiri
1735 2863 1797 2915 ³¹.
1825 2859 1927 2915 Sed
1962 2871 2015 2916 et
2043 2878 2139 2914 nos
2169 2861 2235 2914 ad

667 2956 1070 3028 prmiticandum
1134 2953 1352 3006 mittens
1416 2952 1678 3005 Dominus
1739 2959 1922 3004 noster
1985 2950 2235 3019 praecepit

666 3045 846 3108 nobis,
883 3044 1016 3097 utin
1043 3056 1425 3110 quamcunque
1466 3040 1738 3094 civitatem
1773 3040 1853 3092 vel
1885 3037 2107 3092 domqu
2152 3039 2229 3090 iu-

2342 1952 2482 2019 quod
2515 1950 2800 2014 dividitur,
2835 1951 2982 2004 cadit
3012 1992 3025 2016 ,
3080 1953 3182 2008 iste
3213 1958 3304 2024 qui
3336 1953 3634 2008 divisiones
3661 1951 3793 2005 facit
3835 1968 3927 2008 ca-

2342 2041 2503 2095 dendi
2540 2043 2791 2109 pt'tleilit
2821 2056 3038 2104 causas,
3073 2050 3124 2094 et
3164 2046 3208 2097 si
3243 2045 3367 2099 talis
3397 2054 3501 2103 est.
3529 2043 3719 2110 utique
3749 2042 3929 2095 malus

2343 2140 2444 2209 est.
2483 2133 2558 2184 Ad
2593 2134 2705 2186 Inec
2733 2132 3000 2202 reSponde
3033 2134 3078 2188 si
3113 2143 3290 2202 potes.

2413 2224 2649 2277 XXXIII.
2675 2223 2737 2275 Et
2755 2222 2947 2277 Petrus
2973 2243 2985 2276 :
3015 2222 3131 2276 Non
3161 2232 3362 2279 temere
3383 2223 3683 2294 deroges,o
3711 2222 3926 2281 Simon.

2343 2317 2427 2370 his
2458 2333 2577 2386 qua:
2602 2330 2708 2368 non
2743 2314 3022 2385 intelligis.
3057 2313 3240 2369 Primo
3271 2332 3403 2385 ergo
3435 2315 3796 2387 respondeam
3830 2332 3931 2386 pro

2343 2422 2407 2461 eo
2435 2406 2580 2476 quod
2609 2406 2710 2467 ais,
2756 2420 2841 2460 me
2866 2405 3108 2476 magisu'i
3135 2407 3240 2460 mei
3277 2407 3438 2461 \crba
3471 2422 3800 2476 proponere.
3847 2419 3929 2460 at.

2344 2515 2447 2568 que
2494 2514 2557 2551 ex
2597 2496 2730 2566 ipsis
2770 2512 2832 2551 ea
2857 2533 2873 2560 ,
2920 2497 2986 2550 de
3018 2497 3219 2567 quibus
3266 2497 3579 2561 dubitatur,
3618 2498 3924 2554 absolvere.

2345 2589 2609 2643 Dominus
2660 2599 2841 2643 noster
2883 2589 3102 2643 mittens
3141 2604 3241 2644 nos
3298 2597 3576 2660 apostolos
3626 2589 3690 2642 ad
3729 2590 3928 2657 pra-di-

2344 2680 2600 2742 candum.
2627 2680 2881 2750 praecepit
2910 2679 3088 2741 nobis.
3119 2690 3173 2734 ut
3201 2680 3490 2735 doceamus
3515 2695 3704 2735 omnes
3732 2691 3930 2751 gentes

2345 2770 2409 2824 de
2441 2771 2525 2823 his
2569 2785 2689 2839 qua}
2726 2770 2979 2823 mandata
3010 2776 3137 2825 sunt
3187 2771 3426 2825 nobis”.
3456 2769 3642 2841 TNeque
3670 2786 3798 2841 ergo
3840 2771 3931 2825 di-

2344 2876 2466 2914 cere
2489 2876 2572 2922 ea.
2607 2868 2666 2914 ut
2693 2862 2760 2913 ali
2784 2861 2900 2929 ipso
2932 2859 3078 2914 dicta
3109 2871 3258 2925 sunt,
3291 2861 3741 2930 possumus.N0n
3774 2865 3926 2917 enim

2343 2952 2552 3015 dicere,
2596 2951 2688 3006 sed
2720 2952 2919 3007 docere
2951 2966 3012 3006 ea
3047 2952 3100 3006 in
3135 2954 3404 3007 mandatis
3438 2954 3733 3020 habemus,
3771 2963 3826 3008 et
3860 2971 3930 3010 ex

2339 3045 2479 3114 ipsis
2509 3044 2818 3106 ostendere,
2850 3045 3129 3114 quomodo
3162 3046 3594 3115 unumquodque
3625 3061 3815 3100 eorum
3843 3063 3934 3099 ve-

666 3133 1290 3199 troierimus,tlieamus:
1329 3129 1446 3181 Par
1469 3131 1585 3181 huic
1608 3131 1821 3188 domui;
1856 3138 1903 3180 ct
1933 3129 1976 3182 εἰ
2002 3129 2230 3197 quidem,
2270 3171 2312 3228 ϐ
2348 3136 2506 3189 ritate
2556 3134 2847 3188 subnixum
2880 3136 2970 3188 sit,
3004 3133 3189 3204 Neque
3223 3150 3412 3189 rursus
3453 3137 3728 3203 proprium
3763 3137 3928 3188 nubis

668 3226 861 3293 inquit,
891 3225 1049 3291 fuerit
1087 3223 1156 3274 ibi
1191 3224 1332 3289 ﬁlius
1369 3226 1537 3291 pacis,
1565 3223 1726 3276 veniet
1772 3237 1926 3289 super
1964 3237 2082 3272 eum
2126 3235 2231 3287 pax

664 3326 871 3378 vestra;
901 3316 946 3368 si
981 3331 1095 3367 vero
1129 3332 1227 3366 non
1275 3316 1454 3382 fuerit,
1499 3331 1602 3382 pax
1643 3324 1808 3366 vestra
1837 3312 1904 3365 ad
1949 3329 2035 3366 vos
2065 3330 2231 3366 rever-

581 3419 584 3421 ‘
666 3420 832 3472 tetur;
865 3417 1124 3461 exeuntes
1159 3419 1336 3460 autem
1369 3407 1434 3460 de
1465 3408 1623 3459 tit'IIIIO
1659 3406 1739 3459 vel
1771 3406 1836 3459 de
1872 3406 2089 3459 civitate
2118 3405 2228 3468 illa,

665 3510 724 3555 ut
751 3501 912 3553 etiam
948 3501 1245 3566 pulverem,
1281 3497 1373 3566 qui
1424 3497 1708 3549 atllia‘serit
1739 3496 1961 3563 pedibus
2007 3496 2228 3559 nostris,

663 3593 1004 3644 excutiamus
1035 3605 1199 3658 super
1225 3605 1336 3641 eos.
1372 3587 1716 3640 Tolct'abil.tts
1743 3599 1916 3639 autem
1951 3590 2048 3639 erit
2077 3598 2230 3640 terra

665 3682 1010 3738 Sodomorum
1041 3691 1091 3734 et.
1126 3680 1582 3733 Comorrhazorum
1616 3683 1666 3734 in
1703 3682 1787 3732 die
1818 3680 2032 3747 judicii,
2069 3696 2229 3748 quam

648 3759 747 3825 'utt
791 3773 993 3823 a'vitttti
1041 3770 1116 3822 vel
1161 3769 1341 3820 domui
1375 3769 1437 3822 ³³.
1487 3769 1638 3834 Quod
1668 3771 1851 3838 utique
1890 3771 1963 3823 ita
2009 3771 2228 3825 demum

664 3862 917 3931 praecepit
952 3860 1087 3921 fieri,
1124 3860 1167 3913 si
1203 3859 1354 3928 prius
1388 3860 1441 3912 in
1472 3861 1694 3914 civitate
1737 3864 1820 3915 vel
1846 3863 2009 3917 domo
2042 3866 2241 3918 verita-

661 3954 732 4008 tis
757 3968 936 4008 sermo
966 3951 1316 4020 praedicetur,
1345 3967 1409 4006 ex
1436 3968 1545 4022 quo
1569 3955 1650 4008 vel
1682 3957 2011 4024 recipientes
2040 3961 2243 4011 verita-

661 4046 732 4100 tis
760 4044 917 4097 fidem
953 4045 1046 4096 lilii
1091 4044 1240 4111 pacis
1275 4053 1327 4096 et
1360 4044 1452 4096 filii
1500 4044 1592 4097 Dei
1629 4045 1759 4099 fiant
1786 4089 1799 4109 ,
1834 4050 1914 4101 vel
1958 4065 2064 4102 non
2102 4051 2242 4105 reci-

661 4139 874 4208 pientes
909 4147 1207 4204 arguantur
1240 4137 1397 4204 quasi
1428 4137 1632 4190 inimici
1667 4139 1815 4206 pacis
1845 4152 1895 4191 et
1928 4138 2041 4194 Dei.

731 4225 920 4283 XXII.
953 4228 1029 4282 Ita
1053 4244 1185 4298 ergo
1214 4237 1267 4282 et
1303 4244 1403 4282 nos
1445 4229 1688 4300 magistri
1723 4230 1978 4284 instituta
2008 4249 2238 4288 servan-

659 4334 766 4387 tes,
800 4337 988 4391 pacem
1022 4323 1198 4391 primo
1230 4323 1586 4390 proponimus
1620 4323 1983 4387 auditoribus,
2026 4334 2087 4379 ut
2113 4327 2239 4382 abs-

658 4430 765 4482 que
812 4414 918 4466 ulla
956 4412 1370 4481 perturbatione
1407 4415 1572 4483 possit
1624 4415 1709 4466 via
1753 4415 1947 4470 salutis
1991 4419 2234 4487 agnosci.

2346 3225 2547 3296 aliquid
2593 3226 2774 3280 dicere
2810 3228 3138 3296 permissum
3172 3237 3271 3281 est.
3312 3225 3513 3281 Sumus
3545 3228 3689 3281 enim
3729 3229 3886 3283 missi
3911 3269 3928 3292 ,

2344 3328 2397 3374 et
2431 3304 2742 3372 necessario
2778 3319 2869 3388 qui
2899 3319 3100 3373 missus
3142 3327 3244 3379 cst.
3280 3320 3406 3373 illud
3449 3321 3592 3389 quod
3620 3321 3810 3390 jussus
3845 3331 3935 3375 est

2344 3411 2596 3475 nuntiat,
2629 3419 2681 3465 et
2712 3411 3043 3464 voluntatem
3094 3412 3362 3466 mittentis
3409 3414 3654 3480 exponit.
3701 3411 3841 3466 Nam
3882 3418 3933 3469 si

2345 3504 2489 3557 aliud
2529 3502 2729 3566 dicam,
2758 3517 2919 3572 quam
2953 3502 3207 3572 praecepit
3230 3502 3362 3555 inihi
3396 3503 3485 3558 iIie
3510 3503 3604 3574 qui
3636 3520 3722 3558 me
3749 3504 3929 3570 misit,

2344 3592 2514 3647 falsus
2543 3608 2638 3647 cro
2667 3593 2969 3662 apostolus,
2996 3592 3089 3661 qui
3115 3608 3222 3645 non
3258 3592 3388 3646 illud
3419 3593 3543 3649 diro
3571 3596 3933 3665 quodjussus

2344 3700 2465 3738 sum
2496 3685 2699 3745 dicere,
2737 3683 2832 3739 sed
2864 3683 3007 3754 quod
3038 3683 3168 3737 mihi
3201 3684 3436 3740 videtur.
3465 3684 3621 3750 Quod
3644 3688 3736 3757 qui
3771 3687 3928 3750 facit,

2344 3777 2532 3848 utique
2563 3792 2621 3831 se
2653 3776 2930 3831 meliorem
2972 3775 3263 3831 ostendere
3293 3777 3410 3831 vult
3440 3793 3604 3846 quam
3651 3787 3734 3833 est
3763 3779 3860 3834 ille
3898 3796 3930 3834 a

2341 3883 2450 3939 quo
2477 3867 2680 3922 missus
2708 3875 2809 3933 est,
2842 3876 2896 3922 et
2926 3874 3008 3921 est
3041 3867 3157 3921 sine
3207 3864 3376 3921 dubio
3407 3870 3824 3932 praevaricator.
3871 3870 3928 3925 Si

2341 3973 2470 4013 vero
2498 3974 2560 4011 ea
2592 3973 2712 4027 qua
2745 3957 2932 4026 jussus
2963 3965 3045 4012 est
3078 3967 3465 4027 prosequatur,
3492 3974 3796 4029 eorumque
3834 3977 3926 4015 as-

2343 4049 2610 4103 sertiones
2653 4046 3129 4103 manifestissimas
3174 4050 3452 4118 proferat,
3506 4051 3742 4119 apostoli
3786 4066 3930 4119 opus

2341 4141 2564 4210 exsequi
2591 4139 2896 4205 videbitur,
2926 4140 3073 4210 quod
3125 4156 3224 4210 ego
3263 4157 3406 4194 nunc
3440 4142 3668 4212 implere
3699 4152 3927 4197 conten-

2340 4233 2473 4287 dens
2508 4247 2614 4286 non
2646 4231 2742 4286 tibi
2772 4232 2979 4301 placeo.
3013 4230 3128 4284 Non
3158 4246 3285 4301 ergo
3346 4232 3739 4301 reprehendas,
3776 4235 3924 4302 quod

2340 4324 2458 4392 ejus
2489 4323 2582 4392 qui
2611 4338 2695 4376 me
2718 4323 2865 4377 misit
2895 4324 3169 4392 proferam
3193 4322 3386 4386 verba;
3424 4321 3519 4378 sed
3550 4324 3596 4376 si
3627 4330 3712 4378 est
3736 4327 3787 4378 in
3815 4325 3924 4378 illis

2342 4413 2575 4483 aliquid,
2605 4412 2750 4482 quod
2783 4428 2891 4466 non
2928 4413 2999 4467 sit
3045 4414 3255 4483 integre
3300 4413 3507 4467 dictum
3532 4454 3546 4477 ,
3591 4413 3717 4470 inde
3745 4432 3832 4470 mc
3867 4425 3924 4470 ut

658 4502 815 4570 Quod
866 4503 911 4558 si
953 4503 1077 4571 quis
1137 4503 1288 4573 pacis
1316 4505 1478 4557 verba
1510 4520 1616 4556 non
1651 4506 1882 4573 suscipit
1931 4522 2103 4576 neque
2145 4524 2240 4561 ac-
2269 4499 2313 4559 D
2341 4519 2538 4574 arguas
2587 4503 2749 4568 licet;
2782 4502 2928 4572 quod
2979 4513 3161 4558 tamen
3195 4505 3344 4558 nullo
3381 4505 3541 4558 modo
3573 4504 3686 4559 fieri
3720 4514 3918 4576 potest.

657 4596 891 4665 quiescit
938 4595 1200 4658 veritati,
1252 4597 1456 4649 scimus
1495 4596 1784 4651 adversum
1820 4614 1944 4651 eum
1998 4616 2232 4669 pugnam

657 4688 808 4744 verbi
856 4703 1092 4753 movere,
1124 4695 1178 4741 et
1207 4702 1436 4768 arguere.
1469 4692 1651 4745 acrius
1698 4690 2033 4746 confutando
2082 4693 2234 4762 igno-

659 4784 894 4834 rantiam
924 4789 977 4835 et
1009 4780 1388 4849 redarguendo
1420 4792 1662 4849 peccata.
1696 4783 2022 4840 Necessario
2069 4788 2234 4857 igitur

661 4889 846 4942 pacem
882 4872 1273 4942 proponimus,
1304 4880 1361 4925 ut
1403 4873 1447 4926 si
1481 4874 1604 4943 quis
1633 4884 1716 4929 est
1753 4875 1894 4930 filius
1922 4879 2094 4947 pacis,
2132 4895 2235 4948 pax

660 4973 845 5018 nostra
875 4968 1057 5017 veniat
1090 4980 1256 5033 super
1283 4980 1430 5024 cum,
1465 4967 1533 5018 ab
1562 4981 1629 5019 eo
1659 4976 1837 5021 autem
1882 4963 2063 5037 qui'se
2111 4971 2239 5024 alie-

660 5071 790 5110 num
824 5056 975 5124 pacis
1005 5055 1264 5119 effecerit.
1291 5055 1633 5125 regredietur
1663 5058 1731 5111 ad
1763 5074 1864 5132 nos
1886 5075 1988 5129 pax
2020 5073 2232 5116 nostra.

658 5147 783 5201 Non
816 5163 966 5217 ergo,
1011 5155 1067 5200 ut
1097 5148 1207 5211 ais,
1255 5163 1531 5202 consensu
1581 5150 1846 5203 malorum
1880 5167 2067 5221 pacem
2107 5168 2236 5222 pro.

661 5238 938 5307 ponimus;
993 5252 1116 5290 nam
1155 5238 1340 5308 utique
1384 5240 1641 5292 continuo
1682 5238 1779 5293 tibi
1826 5240 2102 5294 dexteram
2152 5242 2241 5294 de-

657 5331 959 5394 dissemus,
989 5331 1083 5385 sed
1112 5338 1175 5384 ut
1222 5346 1321 5401 per
1348 5331 1582 5400 quietem
1615 5338 1669 5384 et
1711 5331 2028 5400 patientiam
2071 5331 2242 5385 disse-

660 5423 909 5478 rentibus
945 5426 1126 5487 nobis.
1153 5425 1245 5492 qui
1279 5425 1348 5476 sit
1379 5437 1562 5477 sermo
1587 5439 1768 5487 verus,
1798 5422 2013 5477 facilius
2040 5424 2107 5476 ab
2140 5439 2237 5476 au-

659 5515 932 5573 ditoribus
964 5511 1413 5589 dignoscatur.Si
1449 5525 1625 5569 autem
1648 5515 1919 5571 dissideas
1946 5523 1999 5570 et
2023 5516 2233 5570 discor-

753 5652 798 5682 "
839 5651 1030 5707 Matth.
1065 5669 1118 5717 ν,
1141 5652 1194 5707 9.

665 5723 795 5778 Luc.
839 5742 889 5783 κ,
927 5724 980 5787 5,
1015 5723 1067 5777 6.
1143 5723 1188 5752 ³⁸
1228 5722 1414 5777 Matth.
1453 5722 1692 5785 Xii,95.-
1737 5725 1780 5752 "
1821 5723 1950 5777 Luc.
1987 5738 2080 5783 xu,
2113 5722 2199 5775 5'2.

1298 5653 1340 5683 ³⁸
1385 5651 1572 5706 Matth.
1607 5669 1657 5708 κ.
1683 5652 1771 5706 54.
1800 5652 1886 5718 35;
1923 5650 2052 5704 Luc.
2095 5669 2187 5710 xu,
2225 5653 2311 5706 53.
2417 5650 2458 5679 ³¹
2502 5650 2686 5702 Matth.
2743 5661 2899 5707 xxm;
2935 5650 3011 5699 Lu

1298 5725 1414 5774 itth.
1453 5722 1692 5774 xu.95.-
1737 5725 1780 5752 "
1821 5723 1950 5774 Luc.
1987 5738 2080 5774 xu.
2113 5722 2199 5774 5'2.
2302 5722 2343 5752 ³⁸
2384 5719 2571 5774 Matth.
2605 5732 2793 5774 xxvm,
2830 5714 2912 5774 19,
2942 5716 3013 5769 “3.0

2439 5735 2571 5774 τιιιη.
2605 5735 2793 5778 XXVIII,
2830 5735 2912 5776 ιν,
2944 5735 3031 5770 Συ.

2338 4593 2630 4663 (Propheta
2663 4593 2807 4648 enim
2835 4602 2939 4656 est,
2967 4600 3022 4647 et
3054 4595 3154 4649 sibi
3184 4610 3306 4649 esse
3337 4597 3646 4652 contrarius
3690 4612 3797 4651 non
3825 4614 3924 4668 po.

2337 4695 2442 4740 test
2459 4687 2548 4754 ³⁷.)
2580 4685 2686 4739 Aut
2719 4685 2764 4739 si
2790 4701 2899 4740 non
2931 4692 3093 4756 putas
3128 4701 3252 4741 eum
3286 4686 3607 4756 prOphetam
3639 4704 3781 4755 esse,
3819 4691 3922 4744 hoc

2337 4778 2511 4848 primo
2544 4778 2883 4847 requiratur.

2412 4866 2648 4922 XXXIV.
2692 4866 2758 4919 Et
2800 4864 3034 4919 Simon:
3073 4864 3191 4920 Non
3224 4882 3361 4937 opus
3396 4868 3572 4923 habeo
3598 4869 3702 4924 hoc
3739 4868 3920 4934 dicere

2339 4962 2438 5016 abs
2472 4971 2553 5023 te,
2586 4959 2682 5014 scd
2728 4957 3001 5030 quomodo
3033 4959 3137 5012 sibi
3169 4961 3275 5012 ista
3304 4961 3651 5016 conveniant.
3685 4960 3742 5016 Si
3771 4965 3918 5017 enim

2303 5118 2311 5126 .
2339 5055 2709 5109 inconsonans
2737 5049 3079 5109 ostendetur.
3114 5050 3276 5104 simul
3310 5052 3474 5106 etiam
3506 5054 3768 5123 propheta
3810 5071 3917 5109 non

2340 5160 2462 5201 esse
2482 5143 2790 5198 docebitur.
2819 5139 2955 5193 Tum
2989 5139 3184 5196 Petrus
3210 5161 3224 5198 :
3263 5141 3369 5196 Sed
3400 5143 3444 5197 si
3473 5145 3627 5213 prius
3647 5185 3662 5208 ,
3701 5145 3876 5214 inquit
3900 5187 3915 5206 .

2342 5235 2634 5293 ostendero
2664 5249 2788 5288 eum
2822 5231 3136 5302 prophetam
3164 5273 3178 5297 ,
3223 5232 3327 5288 hoc
3359 5237 3502 5304 quod
3541 5236 3756 5291 videtur
3794 5252 3916 5292 esse

2345 5331 2739 5390 inconsonans,
2772 5339 2881 5378 non
2910 5325 3037 5385 erit.
3069 5340 3248 5394 neque
3275 5327 3420 5387 enim
3461 5343 3525 5383 ex
3559 5330 3917 5384 consonantia

2341 5423 2464 5493 quis
2500 5417 2763 5491 propheta
2794 5430 2916 5471 esse
2962 5416 3246 5486 probatur,
3277 5419 3404 5488 quia
3440 5419 3544 5475 hoc
3577 5422 3764 5474 multis
3795 5436 3920 5490 pos-

2343 5513 2499 5570 sibilo
2543 5519 2629 5566 est
2681 5506 2894 5574 facere;
2927 5508 3072 5577 quod
3105 5509 3151 5562 si
3188 5511 3552 5564 consonantia
3601 5510 3918 5581 prophetam

3132 5661 3179 5699 LI.
3262 5648 3305 5678 ³³
3347 5648 3533 5700 Matth.
3576 5662 3635 5708 ι,
3727 5648 3916 5715 Ῐὶ-Ιὸς

3132 5717 3171 5747 ³⁷
3217 5714 3493 5771 Vocabula
3523 5716 3680 5772 uncis
3705 5719 3918 5774 inclusa

2415 5634 2458 5679 δ’
2502 5648 2686 5702 Matth.
2743 5661 2899 5707 xxin;
2935 5643 3066 5700 Luc.
3107 5661 3179 5700 χι.
3262 5646 3305 5678 ³⁸
3347 5624 3533 5700 Matth.
3576 5662 3635 5708 Χ.

666 5799 724 5849 iu
750 5805 958 5849 tutum
988 5795 1291 5865 recepimus
1322 5810 1385 5848 ex
1423 5792 1582 5847 codd.
1619 5792 2232 5865 Thuan.,Sorb.,Lipss.
2269 5800 2322 5847 ct
2353 5791 2437 5845 all.
