  <div class='ocr_page' id='page_1' title='image "/cluster/home/n/w/nwhite01/storage/ocr_20150623/1/pst.000005711796/640.png"; bbox 0 0 4050 6336; ppageno 0'>
   <div class='ocr_carea' id='block_1_1' title="bbox 136 400 309 457">
    <p class='ocr_par' dir='ltr' id='par_1_1' title="bbox 136 400 309 457">
     <span class='ocr_line' id='line_1_1' title="bbox 136 400 309 457; baseline 0.012 -2"><span class='ocrx_word' id='word_1_1' title='bbox 136 400 164 455; x_wconf 72' lang='grc'><strong>4</strong></span> <span class='ocrx_word' id='word_1_2' title='bbox 178 402 309 457; x_wconf 71' lang='lat'><strong>203</strong></span> 
     </span>
    </p>
   </div>
   <div class='ocr_carea' id='block_1_2' title="bbox 1369 413 2186 473">
    <p class='ocr_par' dir='ltr' id='par_1_2' title="bbox 1369 413 2186 473">
     <span class='ocr_line' id='line_1_2' title="bbox 1369 413 2186 473; baseline 0.005 -6"><span class='ocrx_word' id='word_1_3' title='bbox 1369 413 1944 471; x_wconf 63' lang='lat' dir='ltr'><strong>RECOGNITIONL’M</strong></span> <span class='ocrx_word' id='word_1_4' title='bbox 1982 416 2110 473; x_wconf 82' lang='lat' dir='ltr'><strong>LIB.</strong></span> <span class='ocrx_word' id='word_1_5' title='bbox 2149 417 2186 471; x_wconf 94' lang='lat' dir='ltr'><strong>II</strong></span> 
     </span>
    </p>
   </div>
   <div class='ocr_carea' id='block_1_3' title="bbox 3312 428 3453 486">
    <p class='ocr_par' dir='ltr' id='par_1_3' title="bbox 3312 428 3453 486">
     <span class='ocr_line' id='line_1_3' title="bbox 3312 428 3453 486; baseline 0.014 -2"><span class='ocrx_word' id='word_1_6' title='bbox 3312 428 3453 486; x_wconf 61' lang='lat' dir='ltr'><strong>i266</strong></span> 
     </span>
    </p>
   </div>
   <div class='ocr_carea' id='block_1_4' title="bbox 135 520 3451 601">
    <p class='ocr_par' dir='ltr' id='par_1_4' title="bbox 135 520 3451 601">
     <span class='ocr_line' id='line_1_4' title="bbox 135 520 3451 601; baseline 0.008 -28"><span class='ocrx_word' id='word_1_7' title='bbox 135 533 268 573; x_wconf 85' lang='lat' dir='ltr'><strong>non</strong></span> <span class='ocrx_word' id='word_1_8' title='bbox 324 520 489 583; x_wconf 88' lang='lat' dir='ltr'><strong>facit,</strong></span> <span class='ocrx_word' id='word_1_9' title='bbox 541 522 716 576; x_wconf 90' lang='lat' dir='ltr'><strong>multo</strong></span> <span class='ocrx_word' id='word_1_10' title='bbox 770 526 1075 593; x_wconf 77' lang='lat' dir='ltr'><strong>magisnec</strong></span> <span class='ocrx_word' id='word_1_11' title='bbox 1113 526 1555 584; x_wconf 88' lang='lat' dir='ltr'><strong>inconsonantia.</strong></span> <span class='ocrx_word' id='word_1_12' title='bbox 1608 530 1748 596; x_wconf 84' lang='lat' dir='ltr'><strong>Quia</strong></span> <span class='ocrx_word' id='word_1_13' title='bbox 1780 536 1822 592; x_wconf 81' lang='grc' dir='ltr'><strong>Α</strong></span> <span class='ocrx_word' id='word_1_14' title='bbox 1857 530 2003 601; x_wconf 88' lang='lat' dir='ltr'><strong>quod</strong></span> <span class='ocrx_word' id='word_1_15' title='bbox 2050 546 2150 601; x_wconf 86' lang='lat' dir='ltr'><strong>pro</strong></span> <span class='ocrx_word' id='word_1_16' title='bbox 2196 533 2501 587; x_wconf 87' lang='lat' dir='ltr'><strong>assertione</strong></span> <span class='ocrx_word' id='word_1_17' title='bbox 2560 533 2757 588; x_wconf 87' lang='lat' dir='ltr'><strong>horum</strong></span> <span class='ocrx_word' id='word_1_18' title='bbox 2823 538 3109 591; x_wconf 89' lang='lat' dir='ltr'><strong>innumera</strong></span> <span class='ocrx_word' id='word_1_19' title='bbox 3158 540 3451 598; x_wconf 81' lang='lat' dir='ltr'><strong>verborum</strong></span> 
     </span>
    </p>
   </div>
   <div class='ocr_carea' id='block_1_5' title="bbox 133 612 1752 689">
    <p class='ocr_par' dir='ltr' id='par_1_5' title="bbox 133 612 1752 689">
     <span class='ocr_line' id='line_1_5' title="bbox 133 612 1752 689; baseline 0.007 -24"><span class='ocrx_word' id='word_1_20' title='bbox 133 626 294 681; x_wconf 83' lang='lat' dir='ltr'><strong>ergo</strong></span> <span class='ocrx_word' id='word_1_21' title='bbox 332 612 503 664; x_wconf 87' lang='lat' dir='ltr'><strong>multa</strong></span> <span class='ocrx_word' id='word_1_22' title='bbox 542 623 667 668; x_wconf 87' lang='lat' dir='ltr'><strong>sunt</strong></span> <span class='ocrx_word' id='word_1_23' title='bbox 694 654 707 676; x_wconf 92' lang='lat'><strong>,</strong></span> <span class='ocrx_word' id='word_1_24' title='bbox 759 630 880 684; x_wconf 69' lang='lat' dir='ltr'><strong>qua:</strong></span> <span class='ocrx_word' id='word_1_25' title='bbox 908 617 1161 672; x_wconf 86' lang='lat' dir='ltr'><strong>videntur</strong></span> <span class='ocrx_word' id='word_1_26' title='bbox 1188 620 1406 689; x_wconf 79' lang='lat' dir='ltr'><strong>quidem</strong></span> <span class='ocrx_word' id='word_1_27' title='bbox 1448 624 1752 678; x_wconf 78' lang='lat' dir='ltr'><strong>incensona</strong></span> 
     </span>
    </p>
   </div>
   <div class='ocr_carea' id='block_1_6' title="bbox 136 704 1751 777">
    <p class='ocr_par' dir='ltr' id='par_1_6' title="bbox 136 704 1751 777">
     <span class='ocr_line' id='line_1_6' title="bbox 136 704 1751 777; baseline 0.009 -21"><span class='ocrx_word' id='word_1_28' title='bbox 136 718 285 757; x_wconf 85' lang='lat' dir='ltr'><strong>esse</strong></span> <span class='ocrx_word' id='word_1_29' title='bbox 311 704 613 767; x_wconf 84' lang='lat' dir='ltr'><strong>nonnullis,</strong></span> <span class='ocrx_word' id='word_1_30' title='bbox 645 706 845 759; x_wconf 89' lang='lat' dir='ltr'><strong>habent</strong></span> <span class='ocrx_word' id='word_1_31' title='bbox 876 716 1055 762; x_wconf 88' lang='lat' dir='ltr'><strong>tamen</strong></span> <span class='ocrx_word' id='word_1_32' title='bbox 1081 710 1435 777; x_wconf 79' lang='lat' dir='ltr'><strong>profundiore</strong></span> <span class='ocrx_word' id='word_1_33' title='bbox 1458 716 1671 771; x_wconf 86' lang='lat' dir='ltr'><strong>ratione</strong></span> <span class='ocrx_word' id='word_1_34' title='bbox 1696 718 1751 771; x_wconf 80' lang='lat' dir='ltr'><strong>in</strong></span> 
     </span>
    </p>
   </div>
   <div class='ocr_carea' id='block_1_7' title="bbox 135 798 1753 877">
    <p class='ocr_par' dir='ltr' id='par_1_7' title="bbox 135 798 1753 877">
     <span class='ocr_line' id='line_1_7' title="bbox 135 798 1753 877; baseline 0.009 -28"><span class='ocrx_word' id='word_1_35' title='bbox 135 798 478 865; x_wconf 70' lang='lat' dir='ltr'><strong>semetipsis</strong></span> <span class='ocrx_word' id='word_1_36' title='bbox 502 799 943 864; x_wconf 85' lang='lat' dir='ltr'><strong>consonantiam,</strong></span> <span class='ocrx_word' id='word_1_37' title='bbox 966 802 1108 855; x_wconf 88' lang='lat' dir='ltr'><strong>sicut</strong></span> <span class='ocrx_word' id='word_1_38' title='bbox 1142 813 1195 858; x_wconf 92' lang='lat' dir='ltr'><strong>et</strong></span> <span class='ocrx_word' id='word_1_39' title='bbox 1226 806 1329 860; x_wconf 90' lang='lat' dir='ltr'><strong>alia</strong></span> <span class='ocrx_word' id='word_1_40' title='bbox 1356 822 1476 877; x_wconf 71' lang='lat' dir='ltr'><strong>qua:</strong></span> <span class='ocrx_word' id='word_1_41' title='bbox 1502 808 1753 863; x_wconf 91' lang='lat' dir='ltr'><strong>videntur</strong></span> 
     </span>
    </p>
   </div>
   <div class='ocr_carea' id='block_1_8' title="bbox 138 886 1753 965">
    <p class='ocr_par' dir='ltr' id='par_1_8' title="bbox 138 886 1753 965">
     <span class='ocr_line' id='line_1_8' title="bbox 138 886 1753 965; baseline 0.012 -27"><span class='ocrx_word' id='word_1_42' title='bbox 138 886 368 942; x_wconf 85' lang='lat' dir='ltr'><strong>habere</strong></span> <span class='ocrx_word' id='word_1_43' title='bbox 416 892 869 956; x_wconf 79' lang='lat' dir='ltr'><strong>consonantiam,</strong></span> <span class='ocrx_word' id='word_1_44' title='bbox 923 894 1174 950; x_wconf 86' lang='lat' dir='ltr'><strong>discussa</strong></span> <span class='ocrx_word' id='word_1_45' title='bbox 1225 896 1543 965; x_wconf 83' lang='lat' dir='ltr'><strong>diligentius</strong></span> <span class='ocrx_word' id='word_1_46' title='bbox 1601 902 1753 958; x_wconf 84' lang='lat' dir='ltr'><strong>inve-</strong></span> 
     </span>
    </p>
   </div>
   <div class='ocr_carea' id='block_1_9' title="bbox 139 979 1751 1065">
    <p class='ocr_par' dir='ltr' id='par_1_9' title="bbox 139 979 1751 1065">
     <span class='ocr_line' id='line_1_9' title="bbox 139 979 1751 1065; baseline 0.012 -35"><span class='ocrx_word' id='word_1_47' title='bbox 139 979 395 1033; x_wconf 82' lang='lat' dir='ltr'><strong>niuntur</strong></span> <span class='ocrx_word' id='word_1_48' title='bbox 435 981 738 1036; x_wconf 88' lang='lat' dir='ltr'><strong>inconsona</strong></span> <span class='ocrx_word' id='word_1_49' title='bbox 764 1022 778 1047; x_wconf 94' lang='lat'><strong>,</strong></span> <span class='ocrx_word' id='word_1_50' title='bbox 810 983 912 1039; x_wconf 89' lang='lat' dir='ltr'><strong>hac</strong></span> <span class='ocrx_word' id='word_1_51' title='bbox 944 986 1009 1041; x_wconf 91' lang='lat' dir='ltr'><strong>de</strong></span> <span class='ocrx_word' id='word_1_52' title='bbox 1050 1002 1218 1042; x_wconf 87' lang='lat' dir='ltr'><strong>causa</strong></span> <span class='ocrx_word' id='word_1_53' title='bbox 1268 991 1429 1045; x_wconf 88' lang='lat' dir='ltr'><strong>aliam</strong></span> <span class='ocrx_word' id='word_1_54' title='bbox 1465 1008 1575 1047; x_wconf 92' lang='lat' dir='ltr'><strong>non</strong></span> <span class='ocrx_word' id='word_1_55' title='bbox 1617 1004 1751 1065; x_wconf 88' lang='lat' dir='ltr'><strong>puto</strong></span> 
     </span>
    </p>
   </div>
   <div class='ocr_carea' id='block_1_10' title="bbox 138 1071 1751 1149">
    <p class='ocr_par' dir='ltr' id='par_1_10' title="bbox 138 1071 1751 1149">
     <span class='ocr_line' id='line_1_10' title="bbox 138 1071 1751 1149; baseline 0.011 -25"><span class='ocrx_word' id='word_1_56' title='bbox 138 1071 450 1128; x_wconf 74' lang='lat' dir='ltr'><strong>rectior-em</strong></span> <span class='ocrx_word' id='word_1_57' title='bbox 482 1089 606 1130; x_wconf 88' lang='lat' dir='ltr'><strong>esse</strong></span> <span class='ocrx_word' id='word_1_58' title='bbox 652 1077 797 1131; x_wconf 90' lang='lat' dir='ltr'><strong>viam</strong></span> <span class='ocrx_word' id='word_1_59' title='bbox 830 1078 897 1132; x_wconf 92' lang='lat' dir='ltr'><strong>ad</strong></span> <span class='ocrx_word' id='word_1_60' title='bbox 937 1078 1131 1133; x_wconf 90' lang='lat' dir='ltr'><strong>horum</strong></span> <span class='ocrx_word' id='word_1_61' title='bbox 1182 1082 1510 1149; x_wconf 72' lang='lat' dir='ltr'><strong>discrimen,</strong></span> <span class='ocrx_word' id='word_1_62' title='bbox 1543 1087 1650 1142; x_wconf 92' lang='lat' dir='ltr'><strong>nisi</strong></span> <span class='ocrx_word' id='word_1_63' title='bbox 1691 1096 1751 1142; x_wconf 90' lang='lat' dir='ltr'><strong>ut</strong></span> 
     </span>
    </p>
   </div>
   <div class='ocr_carea' id='block_1_11' title="bbox 139 1161 1751 1247">
    <p class='ocr_par' dir='ltr' id='par_1_11' title="bbox 139 1161 1751 1247">
     <span class='ocr_line' id='line_1_11' title="bbox 139 1161 1751 1247; baseline 0.012 -34"><span class='ocrx_word' id='word_1_64' title='bbox 139 1161 314 1230; x_wconf 86' lang='lat' dir='ltr'><strong>prius</strong></span> <span class='ocrx_word' id='word_1_65' title='bbox 342 1179 763 1233; x_wconf 77' lang='lat' dir='ltr'><strong>cognoscamus,</strong></span> <span class='ocrx_word' id='word_1_66' title='bbox 796 1170 842 1223; x_wconf 89' lang='lat' dir='ltr'><strong>si</strong></span> <span class='ocrx_word' id='word_1_67' title='bbox 871 1168 919 1224; x_wconf 91' lang='lat' dir='ltr'><strong>is</strong></span> <span class='ocrx_word' id='word_1_68' title='bbox 966 1171 1058 1240; x_wconf 92' lang='lat' dir='ltr'><strong>qui</strong></span> <span class='ocrx_word' id='word_1_69' title='bbox 1090 1171 1306 1227; x_wconf 91' lang='lat' dir='ltr'><strong>locutus</strong></span> <span class='ocrx_word' id='word_1_70' title='bbox 1335 1184 1503 1231; x_wconf 86' lang='lat' dir='ltr'><strong>estea</strong></span> <span class='ocrx_word' id='word_1_71' title='bbox 1527 1193 1648 1247; x_wconf 70' lang='lat' dir='ltr'><strong>quae</strong></span> <span class='ocrx_word' id='word_1_72' title='bbox 1669 1180 1751 1233; x_wconf 56' lang='lat' dir='ltr'><strong>vi-</strong></span> 
     </span>
    </p>
   </div>
   <div class='ocr_carea' id='block_1_12' title="bbox 137 1253 1773 1333">
    <p class='ocr_par' dir='ltr' id='par_1_12' title="bbox 137 1253 1773 1333">
     <span class='ocr_line' id='line_1_12' title="bbox 137 1253 1773 1333; baseline 0.012 -27"><span class='ocrx_word' id='word_1_73' title='bbox 137 1253 364 1307; x_wconf 89' lang='lat' dir='ltr'><strong>dentur</strong></span> <span class='ocrx_word' id='word_1_74' title='bbox 401 1257 734 1323; x_wconf 89' lang='lat' dir='ltr'><strong>inconsona,</strong></span> <span class='ocrx_word' id='word_1_75' title='bbox 771 1262 1035 1333; x_wconf 82' lang='lat' dir='ltr'><strong>prepheta</strong></span> <span class='ocrx_word' id='word_1_76' title='bbox 1064 1267 1153 1321; x_wconf 91' lang='lat' dir='ltr'><strong>sit.</strong></span> <span class='ocrx_word' id='word_1_77' title='bbox 1190 1266 1245 1321; x_wconf 92' lang='lat' dir='ltr'><strong>Si</strong></span> <span class='ocrx_word' id='word_1_78' title='bbox 1280 1268 1422 1323; x_wconf 89' lang='lat' dir='ltr'><strong>enim</strong></span> <span class='ocrx_word' id='word_1_79' title='bbox 1472 1271 1773 1327; x_wconf 63' lang='lat' dir='ltr'><strong>invenitur”</strong></span> 
     </span>
    </p>
   </div>
   <div class='ocr_carea' id='block_1_13' title="bbox 142 1348 1749 1428">
    <p class='ocr_par' dir='ltr' id='par_1_13' title="bbox 142 1348 1749 1428">
     <span class='ocr_line' id='line_1_13' title="bbox 142 1348 1749 1428; baseline 0.012 -29"><span class='ocrx_word' id='word_1_80' title='bbox 142 1348 427 1418; x_wconf 81' lang='lat' dir='ltr'><strong>prOpheta</strong></span> <span class='ocrx_word' id='word_1_81' title='bbox 473 1366 596 1408; x_wconf 86' lang='lat' dir='ltr'><strong>esse</strong></span> <span class='ocrx_word' id='word_1_82' title='bbox 621 1392 635 1416; x_wconf 94' lang='lat'><strong>,</strong></span> <span class='ocrx_word' id='word_1_83' title='bbox 670 1356 850 1408; x_wconf 77' lang='lat' dir='ltr'><strong>omnia</strong></span> <span class='ocrx_word' id='word_1_84' title='bbox 903 1356 995 1410; x_wconf 93' lang='lat' dir='ltr'><strong>illa</strong></span> <span class='ocrx_word' id='word_1_85' title='bbox 1024 1372 1143 1428; x_wconf 82' lang='lat' dir='ltr'><strong>quae</strong></span> <span class='ocrx_word' id='word_1_86' title='bbox 1176 1360 1427 1416; x_wconf 87' lang='lat' dir='ltr'><strong>videntur</strong></span> <span class='ocrx_word' id='word_1_87' title='bbox 1477 1363 1581 1417; x_wconf 88' lang='lat' dir='ltr'><strong>sibi</strong></span> <span class='ocrx_word' id='word_1_88' title='bbox 1624 1380 1749 1419; x_wconf 89' lang='lat' dir='ltr'><strong>esse</strong></span> 
     </span>
    </p>
   </div>
   <div class='ocr_carea' id='block_1_14' title="bbox 135 1444 1744 1518">
    <p class='ocr_par' dir='ltr' id='par_1_14' title="bbox 135 1444 1744 1518">
     <span class='ocr_line' id='line_1_14' title="bbox 135 1444 1744 1518; baseline 0.012 -26"><span class='ocrx_word' id='word_1_89' title='bbox 135 1444 469 1509; x_wconf 86' lang='lat' dir='ltr'><strong>contraria,</strong></span> <span class='ocrx_word' id='word_1_90' title='bbox 510 1452 731 1500; x_wconf 83' lang='lat' dir='ltr'><strong>constat</strong></span> <span class='ocrx_word' id='word_1_91' title='bbox 775 1448 977 1504; x_wconf 88' lang='lat' dir='ltr'><strong>habere</strong></span> <span class='ocrx_word' id='word_1_92' title='bbox 1007 1455 1464 1518; x_wconf 83' lang='lat' dir='ltr'><strong>consonantiam,</strong></span> <span class='ocrx_word' id='word_1_93' title='bbox 1500 1456 1595 1511; x_wconf 88' lang='lat' dir='ltr'><strong>sed</strong></span> <span class='ocrx_word' id='word_1_94' title='bbox 1637 1472 1744 1511; x_wconf 90' lang='lat' dir='ltr'><strong>non</strong></span> 
     </span>
    </p>
   </div>
   <div class='ocr_carea' id='block_1_15' title="bbox 136 1532 1746 1624">
    <p class='ocr_par' dir='ltr' id='par_1_15' title="bbox 136 1532 1746 1624">
     <span class='ocr_line' id='line_1_15' title="bbox 136 1532 1746 1624; baseline 0.012 -40"><span class='ocrx_word' id='word_1_95' title='bbox 136 1532 411 1603; x_wconf 83' lang='lat' dir='ltr'><strong>intelligi.</strong></span> <span class='ocrx_word' id='word_1_96' title='bbox 440 1535 513 1591; x_wconf 91' lang='lat' dir='ltr'><strong>De</strong></span> <span class='ocrx_word' id='word_1_97' title='bbox 544 1536 629 1593; x_wconf 90' lang='lat' dir='ltr'><strong>his</strong></span> <span class='ocrx_word' id='word_1_98' title='bbox 656 1554 786 1609; x_wconf 87' lang='lat' dir='ltr'><strong>ergo</strong></span> <span class='ocrx_word' id='word_1_99' title='bbox 822 1542 1184 1609; x_wconf 89' lang='lat' dir='ltr'><strong>probamenta</strong></span> <span class='ocrx_word' id='word_1_100' title='bbox 1223 1548 1430 1602; x_wconf 87' lang='lat' dir='ltr'><strong>rectius</strong></span> <span class='ocrx_word' id='word_1_101' title='bbox 1467 1549 1746 1624; x_wconf 83' lang='lat' dir='ltr'><strong>requiren-</strong></span> 
     </span>
    </p>
   </div>
   <div class='ocr_carea' id='block_1_16' title="bbox 135 1624 1743 1708">
    <p class='ocr_par' dir='ltr' id='par_1_16' title="bbox 135 1624 1743 1708">
     <span class='ocr_line' id='line_1_16' title="bbox 135 1624 1743 1708; baseline 0.014 -32"><span class='ocrx_word' id='word_1_102' title='bbox 135 1632 263 1679; x_wconf 88' lang='lat' dir='ltr'><strong>tur.</strong></span> <span class='ocrx_word' id='word_1_103' title='bbox 294 1624 406 1679; x_wconf 84' lang='lat' dir='ltr'><strong>Nos</strong></span> <span class='ocrx_word' id='word_1_104' title='bbox 433 1629 577 1683; x_wconf 89' lang='lat' dir='ltr'><strong>enim</strong></span> <span class='ocrx_word' id='word_1_105' title='bbox 615 1634 849 1701; x_wconf 86' lang='lat' dir='ltr'><strong>apostoli</strong></span> <span class='ocrx_word' id='word_1_106' title='bbox 886 1635 1033 1692; x_wconf 91' lang='lat' dir='ltr'><strong>illius</strong></span> <span class='ocrx_word' id='word_1_107' title='bbox 1067 1639 1160 1708; x_wconf 92' lang='lat' dir='ltr'><strong>qui</strong></span> <span class='ocrx_word' id='word_1_108' title='bbox 1209 1654 1311 1695; x_wconf 86' lang='lat' dir='ltr'><strong>nos</strong></span> <span class='ocrx_word' id='word_1_109' title='bbox 1343 1642 1527 1708; x_wconf 85' lang='lat' dir='ltr'><strong>misit,</strong></span> <span class='ocrx_word' id='word_1_110' title='bbox 1573 1644 1743 1698; x_wconf 88' lang='lat' dir='ltr'><strong>verba</strong></span> 
     </span>
    </p>
   </div>
   <div class='ocr_carea' id='block_1_17' title="bbox 132 1722 1744 1806">
    <p class='ocr_par' dir='ltr' id='par_1_17' title="bbox 132 1722 1744 1806">
     <span class='ocr_line' id='line_1_17' title="bbox 132 1722 1744 1806; baseline 0.014 -37"><span class='ocrx_word' id='word_1_111' title='bbox 132 1732 427 1786; x_wconf 75' lang='lat' dir='ltr'><strong>exponere</strong></span> <span class='ocrx_word' id='word_1_112' title='bbox 457 1722 611 1778; x_wconf 90' lang='lat' dir='ltr'><strong>missi</strong></span> <span class='ocrx_word' id='word_1_113' title='bbox 642 1740 835 1782; x_wconf 89' lang='lat' dir='ltr'><strong>sumus</strong></span> <span class='ocrx_word' id='word_1_114' title='bbox 866 1737 923 1781; x_wconf 91' lang='lat' dir='ltr'><strong>et</strong></span> <span class='ocrx_word' id='word_1_115' title='bbox 962 1728 1233 1787; x_wconf 81' lang='lat' dir='ltr'><strong>aﬂirmare</strong></span> <span class='ocrx_word' id='word_1_116' title='bbox 1259 1735 1587 1799; x_wconf 84' lang='lat' dir='ltr'><strong>sententias,</strong></span> <span class='ocrx_word' id='word_1_117' title='bbox 1614 1751 1744 1806; x_wconf 88' lang='lat' dir='ltr'><strong>pro-</strong></span> 
     </span>
    </p>
   </div>
   <div class='ocr_carea' id='block_1_18' title="bbox 137 1810 1739 1898">
    <p class='ocr_par' dir='ltr' id='par_1_18' title="bbox 137 1810 1739 1898">
     <span class='ocr_line' id='line_1_18' title="bbox 137 1810 1739 1898; baseline 0.016 -37"><span class='ocrx_word' id='word_1_118' title='bbox 137 1810 329 1879; x_wconf 83' lang='lat' dir='ltr'><strong>prium</strong></span> <span class='ocrx_word' id='word_1_119' title='bbox 350 1827 478 1869; x_wconf 72' lang='lat' dir='ltr'><strong>vero</strong></span> <span class='ocrx_word' id='word_1_120' title='bbox 499 1814 679 1871; x_wconf 84' lang='lat' dir='ltr'><strong>dicere</strong></span> <span class='ocrx_word' id='word_1_121' title='bbox 702 1818 907 1889; x_wconf 88' lang='lat' dir='ltr'><strong>aliquid</strong></span> <span class='ocrx_word' id='word_1_122' title='bbox 940 1838 1049 1879; x_wconf 91' lang='lat' dir='ltr'><strong>non</strong></span> <span class='ocrx_word' id='word_1_123' title='bbox 1075 1825 1341 1883; x_wconf 80' lang='lat' dir='ltr'><strong>habemus</strong></span> <span class='ocrx_word' id='word_1_124' title='bbox 1362 1828 1418 1882; x_wconf 90' lang='lat' dir='ltr'><strong>in</strong></span> <span class='ocrx_word' id='word_1_125' title='bbox 1441 1831 1739 1898; x_wconf 86' lang='lat' dir='ltr'><strong>mandatis,</strong></span> 
     </span>
    </p>
   </div>
   <div class='ocr_carea' id='block_1_19' title="bbox 131 1902 1625 1987">
    <p class='ocr_par' dir='ltr' id='par_1_19' title="bbox 131 1902 1625 1987">
     <span class='ocr_line' id='line_1_19' title="bbox 131 1902 1625 1987; baseline 0.015 -33"><span class='ocrx_word' id='word_1_126' title='bbox 131 1902 241 1956; x_wconf 78' lang='lat' dir='ltr'><strong>sed</strong></span> <span class='ocrx_word' id='word_1_127' title='bbox 272 1904 565 1962; x_wconf 83' lang='lat' dir='ltr'><strong>verborum</strong></span> <span class='ocrx_word' id='word_1_128' title='bbox 597 1909 776 1972; x_wconf 89' lang='lat' dir='ltr'><strong>illius,</strong></span> <span class='ocrx_word' id='word_1_129' title='bbox 816 1921 875 1966; x_wconf 90' lang='lat' dir='ltr'><strong>ut</strong></span> <span class='ocrx_word' id='word_1_130' title='bbox 906 1914 1041 1980; x_wconf 77' lang='lat' dir='ltr'><strong>dixi,</strong></span> <span class='ocrx_word' id='word_1_131' title='bbox 1081 1918 1292 1987; x_wconf 90' lang='lat' dir='ltr'><strong>aperire</strong></span> <span class='ocrx_word' id='word_1_132' title='bbox 1316 1920 1625 1978; x_wconf 76' lang='lat' dir='ltr'><strong>veritatem.</strong></span> 
     </span>
    </p>
   </div>
   <div class='ocr_carea' id='block_1_20' title="bbox 219 1992 1739 2084">
    <p class='ocr_par' dir='ltr' id='par_1_20' title="bbox 219 1992 1739 2084">
     <span class='ocr_line' id='line_1_20' title="bbox 219 1992 1739 2084; baseline 0.016 -38"><span class='ocrx_word' id='word_1_133' title='bbox 219 1992 442 2051; x_wconf 77' lang='lat' dir='ltr'><strong>XXXV.</strong></span> <span class='ocrx_word' id='word_1_134' title='bbox 486 1998 551 2052; x_wconf 88' lang='lat' dir='ltr'><strong>Et</strong></span> <span class='ocrx_word' id='word_1_135' title='bbox 587 2002 775 2055; x_wconf 63' lang='lat' dir='ltr'><strong>Simon</strong></span> <span class='ocrx_word' id='word_1_136' title='bbox 810 2005 883 2056; x_wconf 86' lang='lat' dir='ltr'><strong>ait</strong></span> <span class='ocrx_word' id='word_1_137' title='bbox 922 2021 934 2055; x_wconf 88' lang='lat'><strong>:</strong></span> <span class='ocrx_word' id='word_1_138' title='bbox 970 2004 1113 2063; x_wconf 87' lang='lat' dir='ltr'><strong>Doce</strong></span> <span class='ocrx_word' id='word_1_139' title='bbox 1143 2025 1272 2081; x_wconf 91' lang='lat' dir='ltr'><strong>ergo</strong></span> <span class='ocrx_word' id='word_1_140' title='bbox 1306 2025 1428 2080; x_wconf 92' lang='lat' dir='ltr'><strong>nos,</strong></span> <span class='ocrx_word' id='word_1_141' title='bbox 1457 2016 1739 2084; x_wconf 90' lang='lat' dir='ltr'><strong>quomodo</strong></span> 
     </span>
    </p>
   </div>
   <div class='ocr_carea' id='block_1_21' title="bbox 134 2091 1736 2175">
    <p class='ocr_par' dir='ltr' id='par_1_21' title="bbox 134 2091 1736 2175">
     <span class='ocr_line' id='line_1_21' title="bbox 134 2091 1736 2175; baseline 0.019 -37"><span class='ocrx_word' id='word_1_142' title='bbox 134 2091 461 2154; x_wconf 77' lang='lat' dir='ltr'><strong>conveniat,</strong></span> <span class='ocrx_word' id='word_1_143' title='bbox 489 2100 546 2147; x_wconf 93' lang='lat' dir='ltr'><strong>ut</strong></span> <span class='ocrx_word' id='word_1_144' title='bbox 571 2094 616 2150; x_wconf 90' lang='lat' dir='ltr'><strong>is</strong></span> <span class='ocrx_word' id='word_1_145' title='bbox 641 2096 734 2165; x_wconf 85' lang='lat' dir='ltr'><strong>qui</strong></span> <span class='ocrx_word' id='word_1_146' title='bbox 761 2096 1061 2155; x_wconf 82' lang='lat' dir='ltr'><strong>divisiones</strong></span> <span class='ocrx_word' id='word_1_147' title='bbox 1102 2101 1254 2168; x_wconf 90' lang='lat' dir='ltr'><strong>facit,</strong></span> <span class='ocrx_word' id='word_1_148' title='bbox 1283 2122 1403 2175; x_wconf 68' lang='lat' dir='ltr'><strong>qua:</strong></span> <span class='ocrx_word' id='word_1_149' title='bbox 1435 2108 1736 2167; x_wconf 77' lang='lat' dir='ltr'><strong>divisiones</strong></span> 
     </span>
    </p>
   </div>
   <div class='ocr_carea' id='block_1_22' title="bbox 134 2183 1735 2259">
    <p class='ocr_par' dir='ltr' id='par_1_22' title="bbox 134 2183 1735 2259">
     <span class='ocr_line' id='line_1_22' title="bbox 134 2183 1735 2259; baseline 0.015 -25"><span class='ocrx_word' id='word_1_150' title='bbox 134 2183 346 2238; x_wconf 84' lang='lat' dir='ltr'><strong>cadere</strong></span> <span class='ocrx_word' id='word_1_151' title='bbox 387 2184 588 2240; x_wconf 79' lang='lat' dir='ltr'><strong>faciant</strong></span> <span class='ocrx_word' id='word_1_152' title='bbox 614 2204 710 2243; x_wconf 91' lang='lat' dir='ltr'><strong>eos</strong></span> <span class='ocrx_word' id='word_1_153' title='bbox 733 2191 824 2259; x_wconf 89' lang='lat' dir='ltr'><strong>qui</strong></span> <span class='ocrx_word' id='word_1_154' title='bbox 852 2192 1192 2259; x_wconf 89' lang='lat' dir='ltr'><strong>dividuntur,</strong></span> <span class='ocrx_word' id='word_1_155' title='bbox 1226 2197 1309 2251; x_wconf 90' lang='lat' dir='ltr'><strong>vel</strong></span> <span class='ocrx_word' id='word_1_156' title='bbox 1341 2197 1520 2256; x_wconf 89' lang='lat' dir='ltr'><strong>bonus</strong></span> <span class='ocrx_word' id='word_1_157' title='bbox 1549 2202 1735 2259; x_wconf 85' lang='lat' dir='ltr'><strong>videa-</strong></span> 
     </span>
    </p>
   </div>
   <div class='ocr_carea' id='block_1_23' title="bbox 138 2276 1730 2351">
    <p class='ocr_par' dir='ltr' id='par_1_23' title="bbox 138 2276 1730 2351">
     <span class='ocr_line' id='line_1_23' title="bbox 138 2276 1730 2351; baseline 0.013 -23"><span class='ocrx_word' id='word_1_158' title='bbox 138 2283 259 2334; x_wconf 88' lang='lat' dir='ltr'><strong>tur,</strong></span> <span class='ocrx_word' id='word_1_159' title='bbox 293 2276 378 2329; x_wconf 89' lang='lat' dir='ltr'><strong>vel</strong></span> <span class='ocrx_word' id='word_1_160' title='bbox 420 2276 485 2330; x_wconf 90' lang='lat' dir='ltr'><strong>ad</strong></span> <span class='ocrx_word' id='word_1_161' title='bbox 537 2278 821 2335; x_wconf 87' lang='lat' dir='ltr'><strong>hominum</strong></span> <span class='ocrx_word' id='word_1_162' title='bbox 865 2283 1095 2339; x_wconf 84' lang='lat' dir='ltr'><strong>salutem</strong></span> <span class='ocrx_word' id='word_1_163' title='bbox 1122 2287 1362 2345; x_wconf 84' lang='lat' dir='ltr'><strong>venisse.</strong></span> <span class='ocrx_word' id='word_1_164' title='bbox 1410 2289 1475 2345; x_wconf 85' lang='lat' dir='ltr'><strong>Et</strong></span> <span class='ocrx_word' id='word_1_165' title='bbox 1501 2291 1730 2351; x_wconf 88' lang='lat' dir='ltr'><strong>Petrus:</strong></span> 
     </span>
    </p>
   </div>
   <div class='ocr_carea' id='block_1_24' title="bbox 134 2367 1733 2457">
    <p class='ocr_par' dir='ltr' id='par_1_24' title="bbox 134 2367 1733 2457">
     <span class='ocr_line' id='line_1_24' title="bbox 134 2367 1733 2457; baseline 0.013 -37"><span class='ocrx_word' id='word_1_166' title='bbox 134 2367 311 2429; x_wconf 69' lang='lat' dir='ltr'><strong>Audi,</strong></span> <span class='ocrx_word' id='word_1_167' title='bbox 348 2372 621 2439; x_wconf 89' lang='lat' dir='ltr'><strong>quomodo</strong></span> <span class='ocrx_word' id='word_1_168' title='bbox 652 2376 913 2443; x_wconf 76' lang='lat' dir='ltr'><strong>magister</strong></span> <span class='ocrx_word' id='word_1_169' title='bbox 960 2386 1150 2434; x_wconf 89' lang='lat' dir='ltr'><strong>noster</strong></span> <span class='ocrx_word' id='word_1_170' title='bbox 1188 2396 1349 2438; x_wconf 91' lang='lat' dir='ltr'><strong>omne</strong></span> <span class='ocrx_word' id='word_1_171' title='bbox 1389 2400 1640 2457; x_wconf 85' lang='lat' dir='ltr'><strong>regnum,</strong></span> <span class='ocrx_word' id='word_1_172' title='bbox 1680 2397 1733 2444; x_wconf 92' lang='lat' dir='ltr'><strong>et</strong></span> 
     </span>
    </p>
   </div>
   <div class='ocr_carea' id='block_1_25' title="bbox 138 2461 1732 2546">
    <p class='ocr_par' dir='ltr' id='par_1_25' title="bbox 138 2461 1732 2546">
     <span class='ocr_line' id='line_1_25' title="bbox 138 2461 1732 2546; baseline 0.013 -33"><span class='ocrx_word' id='word_1_173' title='bbox 138 2474 370 2515; x_wconf 88' lang='lat' dir='ltr'><strong>omnem</strong></span> <span class='ocrx_word' id='word_1_174' title='bbox 398 2461 618 2516; x_wconf 91' lang='lat' dir='ltr'><strong>domum</strong></span> <span class='ocrx_word' id='word_1_175' title='bbox 650 2464 883 2522; x_wconf 80' lang='lat' dir='ltr'><strong>divisam</strong></span> <span class='ocrx_word' id='word_1_176' title='bbox 916 2470 1207 2526; x_wconf 87' lang='lat' dir='ltr'><strong>adversum</strong></span> <span class='ocrx_word' id='word_1_177' title='bbox 1242 2477 1615 2546; x_wconf 78' lang='lat' dir='ltr'><strong>semetipsam,</strong></span> <span class='ocrx_word' id='word_1_178' title='bbox 1650 2478 1732 2534; x_wconf 85' lang='lat' dir='ltr'><strong>di-</strong></span> 
     </span>
    </p>
   </div>
   <div class='ocr_carea' id='block_1_26' title="bbox 135 2554 1729 2643">
    <p class='ocr_par' dir='ltr' id='par_1_26' title="bbox 135 2554 1729 2643">
     <span class='ocr_line' id='line_1_26' title="bbox 135 2554 1729 2643; baseline 0.017 -38"><span class='ocrx_word' id='word_1_179' title='bbox 135 2554 223 2607; x_wconf 77' lang='lat' dir='ltr'><strong>xit</strong></span> <span class='ocrx_word' id='word_1_180' title='bbox 275 2564 421 2611; x_wconf 88' lang='lat' dir='ltr'><strong>stare</strong></span> <span class='ocrx_word' id='word_1_181' title='bbox 472 2573 580 2612; x_wconf 88' lang='lat' dir='ltr'><strong>non</strong></span> <span class='ocrx_word' id='word_1_182' title='bbox 624 2575 804 2629; x_wconf 88' lang='lat' dir='ltr'><strong>posse.</strong></span> <span class='ocrx_word' id='word_1_183' title='bbox 858 2562 972 2618; x_wconf 85' lang='lat' dir='ltr'><strong>Hoc</strong></span> <span class='ocrx_word' id='word_1_184' title='bbox 1022 2574 1205 2622; x_wconf 89' lang='lat' dir='ltr'><strong>autem</strong></span> <span class='ocrx_word' id='word_1_185' title='bbox 1251 2584 1374 2623; x_wconf 88' lang='lat' dir='ltr'><strong>cum</strong></span> <span class='ocrx_word' id='word_1_186' title='bbox 1424 2573 1541 2643; x_wconf 87' lang='lat' dir='ltr'><strong>ipse</strong></span> <span class='ocrx_word' id='word_1_187' title='bbox 1581 2574 1729 2641; x_wconf 87' lang='lat' dir='ltr'><strong>fecit,</strong></span> 
     </span>
    </p>
   </div>
   <div class='ocr_carea' id='block_1_27' title="bbox 136 2644 1730 2737">
    <p class='ocr_par' dir='ltr' id='par_1_27' title="bbox 136 2644 1730 2737">
     <span class='ocr_line' id='line_1_27' title="bbox 136 2644 1730 2737; baseline 0.016 -40"><span class='ocrx_word' id='word_1_188' title='bbox 136 2644 268 2699; x_wconf 75' lang='lat' dir='ltr'><strong>vide</strong></span> <span class='ocrx_word' id='word_1_189' title='bbox 294 2649 568 2715; x_wconf 89' lang='lat' dir='ltr'><strong>quomodo</strong></span> <span class='ocrx_word' id='word_1_190' title='bbox 594 2652 659 2705; x_wconf 89' lang='lat' dir='ltr'><strong>ad</strong></span> <span class='ocrx_word' id='word_1_191' title='bbox 697 2654 928 2709; x_wconf 85' lang='lat' dir='ltr'><strong>salutem</strong></span> <span class='ocrx_word' id='word_1_192' title='bbox 966 2657 1143 2713; x_wconf 87' lang='lat' dir='ltr'><strong>cedat.</strong></span> <span class='ocrx_word' id='word_1_193' title='bbox 1183 2661 1241 2715; x_wconf 93' lang='lat' dir='ltr'><strong>In</strong></span> <span class='ocrx_word' id='word_1_194' title='bbox 1271 2676 1458 2720; x_wconf 89' lang='lat' dir='ltr'><strong>errore</strong></span> <span class='ocrx_word' id='word_1_195' title='bbox 1493 2670 1730 2737; x_wconf 89' lang='lat' dir='ltr'><strong>positum</strong></span> 
     </span>
    </p>
   </div>
   <div class='ocr_carea' id='block_1_28' title="bbox 137 2739 1728 2821">
    <p class='ocr_par' dir='ltr' id='par_1_28' title="bbox 137 2739 1728 2821">
     <span class='ocr_line' id='line_1_28' title="bbox 137 2739 1728 2821; baseline 0.016 -30"><span class='ocrx_word' id='word_1_196' title='bbox 137 2739 333 2792; x_wconf 75' lang='lat' dir='ltr'><strong>mumdi</strong></span> <span class='ocrx_word' id='word_1_197' title='bbox 378 2755 626 2810; x_wconf 87' lang='lat' dir='ltr'><strong>regnum.</strong></span> <span class='ocrx_word' id='word_1_198' title='bbox 675 2746 759 2799; x_wconf 88' lang='lat' dir='ltr'><strong>vel</strong></span> <span class='ocrx_word' id='word_1_199' title='bbox 808 2762 1247 2821; x_wconf 88' lang='lat' dir='ltr'><strong>unamquamque</strong></span> <span class='ocrx_word' id='word_1_200' title='bbox 1298 2755 1353 2809; x_wconf 90' lang='lat' dir='ltr'><strong>in</strong></span> <span class='ocrx_word' id='word_1_201' title='bbox 1398 2772 1464 2812; x_wconf 91' lang='lat' dir='ltr'><strong>eo</strong></span> <span class='ocrx_word' id='word_1_202' title='bbox 1507 2758 1728 2817; x_wconf 88' lang='lat' dir='ltr'><strong>domum</strong></span> 
     </span>
    </p>
   </div>
   <div class='ocr_carea' id='block_1_29' title="bbox 137 2830 1733 2910">
    <p class='ocr_par' dir='ltr' id='par_1_29' title="bbox 137 2830 1733 2910">
     <span class='ocr_line' id='line_1_29' title="bbox 137 2830 1733 2910; baseline 0.016 -27"><span class='ocrx_word' id='word_1_203' title='bbox 137 2830 313 2883; x_wconf 84' lang='lat' dir='ltr'><strong>verbo</strong></span> <span class='ocrx_word' id='word_1_204' title='bbox 347 2833 588 2891; x_wconf 81' lang='lat' dir='ltr'><strong>veritatis</strong></span> <span class='ocrx_word' id='word_1_205' title='bbox 622 2832 835 2903; x_wconf 84' lang='lat' dir='ltr'><strong>dividit,</strong></span> <span class='ocrx_word' id='word_1_206' title='bbox 867 2844 1057 2910; x_wconf 83' lang='lat' dir='ltr'><strong>procul</strong></span> <span class='ocrx_word' id='word_1_207' title='bbox 1090 2844 1257 2899; x_wconf 88' lang='lat' dir='ltr'><strong>dubio</strong></span> <span class='ocrx_word' id='word_1_208' title='bbox 1302 2854 1360 2901; x_wconf 89' lang='lat' dir='ltr'><strong>ut</strong></span> <span class='ocrx_word' id='word_1_209' title='bbox 1391 2849 1551 2905; x_wconf 88' lang='lat' dir='ltr'><strong>cadat</strong></span> <span class='ocrx_word' id='word_1_210' title='bbox 1575 2867 1733 2909; x_wconf 87' lang='lat' dir='ltr'><strong>error</strong></span> 
     </span>
    </p>
   </div>
   <div class='ocr_carea' id='block_1_30' title="bbox 138 2927 1727 3011">
    <p class='ocr_par' dir='ltr' id='par_1_30' title="bbox 138 2927 1727 3011">
     <span class='ocr_line' id='line_1_30' title="bbox 138 2927 1727 3011; baseline 0.016 -34"><span class='ocrx_word' id='word_1_211' title='bbox 138 2933 195 2977; x_wconf 82' lang='lat' dir='ltr'><strong>et</strong></span> <span class='ocrx_word' id='word_1_212' title='bbox 220 2927 424 2983; x_wconf 89' lang='lat' dir='ltr'><strong>veritas</strong></span> <span class='ocrx_word' id='word_1_213' title='bbox 456 2939 665 2999; x_wconf 82' lang='lat' dir='ltr'><strong>regnet.</strong></span> <span class='ocrx_word' id='word_1_214' title='bbox 698 2932 851 2998; x_wconf 88' lang='lat' dir='ltr'><strong>Quod</strong></span> <span class='ocrx_word' id='word_1_215' title='bbox 885 2936 931 2991; x_wconf 91' lang='lat' dir='ltr'><strong>si</strong></span> <span class='ocrx_word' id='word_1_216' title='bbox 966 2938 1129 2992; x_wconf 89' lang='lat' dir='ltr'><strong>alicui</strong></span> <span class='ocrx_word' id='word_1_217' title='bbox 1171 2943 1385 2997; x_wconf 87' lang='lat' dir='ltr'><strong>accidat</strong></span> <span class='ocrx_word' id='word_1_218' title='bbox 1425 2946 1635 3011; x_wconf 91' lang='lat' dir='ltr'><strong>domui,</strong></span> <span class='ocrx_word' id='word_1_219' title='bbox 1668 2960 1727 3002; x_wconf 90' lang='lat' dir='ltr'><strong>ut</strong></span> 
     </span>
    </p>
   </div>
   <div class='ocr_carea' id='block_1_31' title="bbox 139 3018 1724 3104">
    <p class='ocr_par' dir='ltr' id='par_1_31' title="bbox 139 3018 1724 3104">
     <span class='ocr_line' id='line_1_31' title="bbox 139 3018 1724 3104; baseline 0.016 -35"><span class='ocrx_word' id='word_1_220' title='bbox 139 3032 302 3071; x_wconf 87' lang='lat' dir='ltr'><strong>error</strong></span> <span class='ocrx_word' id='word_1_221' title='bbox 351 3018 695 3079; x_wconf 88' lang='lat' dir='ltr'><strong>introductus</strong></span> <span class='ocrx_word' id='word_1_222' title='bbox 739 3041 835 3095; x_wconf 90' lang='lat' dir='ltr'><strong>per</strong></span> <span class='ocrx_word' id='word_1_223' title='bbox 879 3028 1115 3098; x_wconf 91' lang='lat' dir='ltr'><strong>aliquem</strong></span> <span class='ocrx_word' id='word_1_224' title='bbox 1161 3032 1369 3090; x_wconf 87' lang='lat' dir='ltr'><strong>dividat</strong></span> <span class='ocrx_word' id='word_1_225' title='bbox 1415 3038 1724 3104; x_wconf 82' lang='lat' dir='ltr'><strong>veritatem,</strong></span> 
     </span>
    </p>
   </div>
   <div class='ocr_carea' id='block_1_32' title="bbox 140 3115 1726 3188">
    <p class='ocr_par' dir='ltr' id='par_1_32' title="bbox 140 3115 1726 3188">
     <span class='ocr_line' id='line_1_32' title="bbox 140 3115 1726 3188; baseline 0.019 -30"><span class='ocrx_word' id='word_1_226' title='bbox 140 3123 270 3161; x_wconf 76' lang='lat' dir='ltr'><strong>eum</strong></span> <span class='ocrx_word' id='word_1_227' title='bbox 316 3126 472 3165; x_wconf 76' lang='lat' dir='ltr'><strong>errcr</strong></span> <span class='ocrx_word' id='word_1_228' title='bbox 522 3115 845 3182; x_wconf 89' lang='lat' dir='ltr'><strong>obtinuerit,</strong></span> <span class='ocrx_word' id='word_1_229' title='bbox 882 3129 1090 3176; x_wconf 88' lang='lat' dir='ltr'><strong>certum</strong></span> <span class='ocrx_word' id='word_1_230' title='bbox 1130 3134 1213 3179; x_wconf 91' lang='lat' dir='ltr'><strong>est</strong></span> <span class='ocrx_word' id='word_1_231' title='bbox 1260 3128 1542 3185; x_wconf 86' lang='lat' dir='ltr'><strong>veritatem</strong></span> <span class='ocrx_word' id='word_1_232' title='bbox 1580 3140 1726 3188; x_wconf 90' lang='lat' dir='ltr'><strong>stare</strong></span> 
     </span>
    </p>
   </div>
   <div class='ocr_carea' id='block_1_33' title="bbox 1855 619 3453 697">
    <p class='ocr_par' dir='ltr' id='par_1_33' title="bbox 1855 619 3453 697">
     <span class='ocr_line' id='line_1_33' title="bbox 1855 619 3453 697; baseline 0.008 -26"><span class='ocrx_word' id='word_1_233' title='bbox 1855 619 2026 672; x_wconf 87' lang='lat' dir='ltr'><strong>millia</strong></span> <span class='ocrx_word' id='word_1_234' title='bbox 2057 621 2458 687; x_wconf 87' lang='lat' dir='ltr'><strong>movebuntur;</strong></span> <span class='ocrx_word' id='word_1_235' title='bbox 2499 623 2637 676; x_wconf 85' lang='lat' dir='ltr'><strong>nulli</strong></span> <span class='ocrx_word' id='word_1_236' title='bbox 2666 622 2813 677; x_wconf 87' lang='lat' dir='ltr'><strong>enim</strong></span> <span class='ocrx_word' id='word_1_237' title='bbox 2852 626 3149 679; x_wconf 85' lang='lat' dir='ltr'><strong>concordat</strong></span> <span class='ocrx_word' id='word_1_238' title='bbox 3180 628 3453 697; x_wconf 83' lang='lat' dir='ltr'><strong>professio</strong></span> 
     </span>
    </p>
   </div>
   <div class='ocr_carea' id='block_1_34' title="bbox 1864 709 3453 787">
    <p class='ocr_par' dir='ltr' id='par_1_34' title="bbox 1864 709 3453 787">
     <span class='ocr_line' id='line_1_34' title="bbox 1864 709 3453 787; baseline 0.008 -25"><span class='ocrx_word' id='word_1_239' title='bbox 1864 709 1989 763; x_wconf 82' lang='lat' dir='ltr'><strong>fidei</strong></span> <span class='ocrx_word' id='word_1_240' title='bbox 2037 717 2164 764; x_wconf 66' lang='lat' dir='ltr'><strong>tum.</strong></span> <span class='ocrx_word' id='word_1_241' title='bbox 2215 710 2457 781; x_wconf 86' lang='lat' dir='ltr'><strong>Denique</strong></span> <span class='ocrx_word' id='word_1_242' title='bbox 2505 714 2653 784; x_wconf 88' lang='lat' dir='ltr'><strong>quod</strong></span> <span class='ocrx_word' id='word_1_243' title='bbox 2688 732 2833 770; x_wconf 91' lang='lat' dir='ltr'><strong>unus</strong></span> <span class='ocrx_word' id='word_1_244' title='bbox 2865 716 2939 770; x_wconf 90' lang='lat' dir='ltr'><strong>sit</strong></span> <span class='ocrx_word' id='word_1_245' title='bbox 2976 716 3141 780; x_wconf 80' lang='lat' dir='ltr'><strong>Deus,</strong></span> <span class='ocrx_word' id='word_1_246' title='bbox 3177 721 3337 787; x_wconf 87' lang='lat' dir='ltr'><strong>cujus</strong></span> <span class='ocrx_word' id='word_1_247' title='bbox 3382 722 3453 775; x_wconf 85' lang='lat' dir='ltr'><strong>sit</strong></span> 
     </span>
    </p>
   </div>
   <div class='ocr_carea' id='block_1_35' title="bbox 1851 801 3452 880">
    <p class='ocr_par' dir='ltr' id='par_1_35' title="bbox 1851 801 3452 880">
     <span class='ocr_line' id='line_1_35' title="bbox 1851 801 3452 880; baseline 0.006 -25"><span class='ocrx_word' id='word_1_248' title='bbox 1851 816 1990 869; x_wconf 91' lang='lat' dir='ltr'><strong>opus</strong></span> <span class='ocrx_word' id='word_1_249' title='bbox 2042 801 2302 865; x_wconf 89' lang='lat' dir='ltr'><strong>mundus,</strong></span> <span class='ocrx_word' id='word_1_250' title='bbox 2356 802 2460 857; x_wconf 91' lang='lat' dir='ltr'><strong>hoc</strong></span> <span class='ocrx_word' id='word_1_251' title='bbox 2507 805 2745 874; x_wconf 86' lang='lat' dir='ltr'><strong>primum</strong></span> <span class='ocrx_word' id='word_1_252' title='bbox 2802 808 2926 876; x_wconf 87' lang='lat' dir='ltr'><strong>quis</strong></span> <span class='ocrx_word' id='word_1_253' title='bbox 2987 810 3255 879; x_wconf 86' lang='lat' dir='ltr'><strong>recipiat?</strong></span> <span class='ocrx_word' id='word_1_254' title='bbox 3315 820 3452 880; x_wconf 89' lang='lat' dir='ltr'><strong>puto</strong></span> 
     </span>
    </p>
   </div>
   <div class='ocr_carea' id='block_1_36' title="bbox 1852 892 3451 970">
    <p class='ocr_par' dir='ltr' id='par_1_36' title="bbox 1852 892 3451 970">
     <span class='ocr_line' id='line_1_36' title="bbox 1852 892 3451 970; baseline 0.008 -26"><span class='ocrx_word' id='word_1_255' title='bbox 1852 892 1981 961; x_wconf 89' lang='lat' dir='ltr'><strong>quia</strong></span> <span class='ocrx_word' id='word_1_256' title='bbox 2030 909 2207 963; x_wconf 87' lang='lat' dir='ltr'><strong>neque</strong></span> <span class='ocrx_word' id='word_1_257' title='bbox 2236 910 2574 964; x_wconf 82' lang='lat' dir='ltr'><strong>paganorum</strong></span> <span class='ocrx_word' id='word_1_258' title='bbox 2606 900 2923 968; x_wconf 89' lang='lat' dir='ltr'><strong>quisquam,</strong></span> <span class='ocrx_word' id='word_1_259' title='bbox 2962 902 3215 970; x_wconf 77' lang='lat' dir='ltr'><strong>quamvis</strong></span> <span class='ocrx_word' id='word_1_260' title='bbox 3257 902 3347 958; x_wconf 83' lang='lat' dir='ltr'><strong>ille</strong></span> <span class='ocrx_word' id='word_1_261' title='bbox 3376 905 3451 959; x_wconf 91' lang='lat' dir='ltr'><strong>sit</strong></span> 
     </span>
    </p>
   </div>
   <div class='ocr_carea' id='block_1_37' title="bbox 1852 982 3444 1058">
    <p class='ocr_par' dir='ltr' id='par_1_37' title="bbox 1852 982 3444 1058">
     <span class='ocr_line' id='line_1_37' title="bbox 1852 982 3444 1058; baseline 0.007 -21"><span class='ocrx_word' id='word_1_262' title='bbox 1852 982 2045 1047; x_wconf 88' lang='lat' dir='ltr'><strong>idiota,</strong></span> <span class='ocrx_word' id='word_1_263' title='bbox 2087 986 2537 1056; x_wconf 86' lang='lat' dir='ltr'><strong>philosophorum</strong></span> <span class='ocrx_word' id='word_1_264' title='bbox 2584 999 2765 1044; x_wconf 85' lang='lat' dir='ltr'><strong>autem</strong></span> <span class='ocrx_word' id='word_1_265' title='bbox 2814 993 3041 1047; x_wconf 84' lang='lat' dir='ltr'><strong>omnino</strong></span> <span class='ocrx_word' id='word_1_266' title='bbox 3091 997 3299 1058; x_wconf 84' lang='lat' dir='ltr'><strong>nullus,</strong></span> <span class='ocrx_word' id='word_1_267' title='bbox 3349 996 3444 1052; x_wconf 86' lang='lat' dir='ltr'><strong>sed</strong></span> 
     </span>
    </p>
   </div>
   <div class='ocr_carea' id='block_1_38' title="bbox 1850 1073 3447 1161">
    <p class='ocr_par' dir='ltr' id='par_1_38' title="bbox 1850 1073 3447 1161">
     <span class='ocr_line' id='line_1_38' title="bbox 1850 1073 3447 1161; baseline 0.011 -34"><span class='ocrx_word' id='word_1_268' title='bbox 1850 1088 1953 1129; x_wconf 90' lang='lat' dir='ltr'><strong>nec</strong></span> <span class='ocrx_word' id='word_1_269' title='bbox 1979 1073 2293 1131; x_wconf 76' lang='lat' dir='ltr'><strong>Judteorum</strong></span> <span class='ocrx_word' id='word_1_270' title='bbox 2326 1080 2544 1149; x_wconf 82' lang='lat' dir='ltr'><strong>quidem</strong></span> <span class='ocrx_word' id='word_1_271' title='bbox 2590 1083 3041 1153; x_wconf 87' lang='lat' dir='ltr'><strong>imperitissimus</strong></span> <span class='ocrx_word' id='word_1_272' title='bbox 3072 1090 3364 1161; x_wconf 86' lang='lat' dir='ltr'><strong>quisquam</strong></span> <span class='ocrx_word' id='word_1_273' title='bbox 3393 1100 3447 1147; x_wconf 91' lang='lat' dir='ltr'><strong>et</strong></span> 
     </span>
    </p>
   </div>
   <div class='ocr_carea' id='block_1_39' title="bbox 1848 1166 3445 1251">
    <p class='ocr_par' dir='ltr' id='par_1_39' title="bbox 1848 1166 3445 1251">
     <span class='ocr_line' id='line_1_39' title="bbox 1848 1166 3445 1251; baseline 0.013 -32"><span class='ocrx_word' id='word_1_274' title='bbox 1848 1166 2217 1231; x_wconf 88' lang='lat' dir='ltr'><strong>miserrimus,</strong></span> <span class='ocrx_word' id='word_1_275' title='bbox 2260 1186 2438 1239; x_wconf 88' lang='lat' dir='ltr'><strong>neque</strong></span> <span class='ocrx_word' id='word_1_276' title='bbox 2462 1188 2561 1243; x_wconf 86' lang='lat' dir='ltr'><strong>ego</strong></span> <span class='ocrx_word' id='word_1_277' title='bbox 2601 1174 2718 1243; x_wconf 90' lang='lat' dir='ltr'><strong>ipse</strong></span> <span class='ocrx_word' id='word_1_278' title='bbox 2748 1177 2843 1246; x_wconf 88' lang='lat' dir='ltr'><strong>qui</strong></span> <span class='ocrx_word' id='word_1_279' title='bbox 2874 1193 3064 1233; x_wconf 88' lang='lat' dir='ltr'><strong>eorum</strong></span> <span class='ocrx_word' id='word_1_280' title='bbox 3104 1180 3275 1251; x_wconf 82' lang='lat' dir='ltr'><strong>legem</strong></span> <span class='ocrx_word' id='word_1_281' title='bbox 3307 1181 3445 1239; x_wconf 89' lang='lat' dir='ltr'><strong>bene</strong></span> 
     </span>
    </p>
   </div>
   <div class='ocr_carea' id='block_1_40' title="bbox 1850 1255 3445 1339">
    <p class='ocr_par' dir='ltr' id='par_1_40' title="bbox 1850 1255 3445 1339">
     <span class='ocr_line' id='line_1_40' title="bbox 1850 1255 3445 1339; baseline 0.013 -30"><span class='ocrx_word' id='word_1_282' title='bbox 1850 1255 2000 1311; x_wconf 86' lang='lat' dir='ltr'><strong>novi.</strong></span> <span class='ocrx_word' id='word_1_283' title='bbox 2045 1256 2107 1310; x_wconf 88' lang='lat' dir='ltr'><strong>Et</strong></span> <span class='ocrx_word' id='word_1_284' title='bbox 2135 1258 2370 1317; x_wconf 82' lang='lat' dir='ltr'><strong>Petrus:</strong></span> <span class='ocrx_word' id='word_1_285' title='bbox 2407 1261 2632 1331; x_wconf 86' lang='lat' dir='ltr'><strong>Omitte,</strong></span> <span class='ocrx_word' id='word_1_286' title='bbox 2674 1266 2872 1337; x_wconf 89' lang='lat' dir='ltr'><strong>inquit,</strong></span> <span class='ocrx_word' id='word_1_287' title='bbox 2916 1270 3204 1339; x_wconf 82' lang='lat' dir='ltr'><strong>Opiniones</strong></span> <span class='ocrx_word' id='word_1_288' title='bbox 3243 1274 3445 1329; x_wconf 85' lang='lat' dir='ltr'><strong>absen-</strong></span> 
     </span>
    </p>
   </div>
   <div class='ocr_carea' id='block_1_41' title="bbox 1847 1348 3442 1433">
    <p class='ocr_par' dir='ltr' id='par_1_41' title="bbox 1847 1348 3442 1433">
     <span class='ocr_line' id='line_1_41' title="bbox 1847 1348 3442 1433; baseline 0.015 -32"><span class='ocrx_word' id='word_1_289' title='bbox 1847 1348 2022 1414; x_wconf 83' lang='lat' dir='ltr'><strong>tium,</strong></span> <span class='ocrx_word' id='word_1_290' title='bbox 2064 1350 2159 1404; x_wconf 87' lang='lat' dir='ltr'><strong>tibi</strong></span> <span class='ocrx_word' id='word_1_291' title='bbox 2214 1353 2343 1423; x_wconf 89' lang='lat' dir='ltr'><strong>qttid</strong></span> <span class='ocrx_word' id='word_1_292' title='bbox 2388 1353 2626 1422; x_wconf 86' lang='lat' dir='ltr'><strong>videtur,</strong></span> <span class='ocrx_word' id='word_1_293' title='bbox 2659 1373 2901 1428; x_wconf 84' lang='lat' dir='ltr'><strong>praesens</strong></span> <span class='ocrx_word' id='word_1_294' title='bbox 2944 1367 3199 1433; x_wconf 70' lang='lat' dir='ltr'><strong>praesenti</strong></span> <span class='ocrx_word' id='word_1_295' title='bbox 3251 1366 3442 1425; x_wconf 89' lang='lat' dir='ltr'><strong>dicito.</strong></span> 
     </span>
    </p>
   </div>
   <div class='ocr_carea' id='block_1_42' title="bbox 1846 1437 3444 1529">
    <p class='ocr_par' dir='ltr' id='par_1_42' title="bbox 1846 1437 3444 1529">
     <span class='ocr_line' id='line_1_42' title="bbox 1846 1437 3444 1529; baseline 0.014 -36"><span class='ocrx_word' id='word_1_296' title='bbox 1846 1437 1985 1495; x_wconf 86' lang='lat' dir='ltr'><strong>Tum</strong></span> <span class='ocrx_word' id='word_1_297' title='bbox 2030 1442 2220 1499; x_wconf 86' lang='lat' dir='ltr'><strong>Simon</strong></span> <span class='ocrx_word' id='word_1_298' title='bbox 2253 1462 2265 1497; x_wconf 91' lang='lat'>:</span> <span class='ocrx_word' id='word_1_299' title='bbox 2298 1445 2553 1514; x_wconf 86' lang='lat' dir='ltr'><strong>Possum,</strong></span> <span class='ocrx_word' id='word_1_300' title='bbox 2587 1450 2795 1521; x_wconf 88' lang='lat' dir='ltr'><strong>inquit,</strong></span> <span class='ocrx_word' id='word_1_301' title='bbox 2828 1470 3102 1524; x_wconf 80' lang='lat' dir='ltr'><strong>exponere</strong></span> <span class='ocrx_word' id='word_1_302' title='bbox 3134 1459 3285 1529; x_wconf 91' lang='lat' dir='ltr'><strong>quod</strong></span> <span class='ocrx_word' id='word_1_303' title='bbox 3318 1475 3444 1515; x_wconf 86' lang='lat' dir='ltr'><strong>vere</strong></span> 
     </span>
    </p>
   </div>
   <div class='ocr_carea' id='block_1_43' title="bbox 1844 1534 3439 1619">
    <p class='ocr_par' dir='ltr' id='par_1_43' title="bbox 1844 1534 3439 1619">
     <span class='ocr_line' id='line_1_43' title="bbox 1844 1534 3439 1619; baseline 0.014 -32"><span class='ocrx_word' id='word_1_304' title='bbox 1844 1534 2045 1599; x_wconf 87' lang='lat' dir='ltr'><strong>sentio,</strong></span> <span class='ocrx_word' id='word_1_305' title='bbox 2097 1535 2193 1591; x_wconf 88' lang='lat' dir='ltr'><strong>sed</strong></span> <span class='ocrx_word' id='word_1_306' title='bbox 2244 1538 2538 1609; x_wconf 86' lang='lat' dir='ltr'><strong>pigriorem</strong></span> <span class='ocrx_word' id='word_1_307' title='bbox 2587 1558 2675 1598; x_wconf 91' lang='lat' dir='ltr'><strong>me</strong></span> <span class='ocrx_word' id='word_1_308' title='bbox 2727 1544 2860 1600; x_wconf 91' lang='lat' dir='ltr'><strong>facit</strong></span> <span class='ocrx_word' id='word_1_309' title='bbox 2908 1547 3000 1601; x_wconf 91' lang='lat' dir='ltr'><strong>illa</strong></span> <span class='ocrx_word' id='word_1_310' title='bbox 3042 1550 3439 1619; x_wconf 84' lang='lat' dir='ltr'><strong>consideratio,</strong></span> 
     </span>
    </p>
   </div>
   <div class='ocr_carea' id='block_1_44' title="bbox 1846 1625 3441 1717">
    <p class='ocr_par' dir='ltr' id='par_1_44' title="bbox 1846 1625 3441 1717">
     <span class='ocr_line' id='line_1_44' title="bbox 1846 1625 3441 1717; baseline 0.016 -41"><span class='ocrx_word' id='word_1_311' title='bbox 1846 1625 1975 1695; x_wconf 89' lang='lat' dir='ltr'><strong>quia</strong></span> <span class='ocrx_word' id='word_1_312' title='bbox 2001 1627 2045 1683; x_wconf 89' lang='lat' dir='ltr'><strong>si</strong></span> <span class='ocrx_word' id='word_1_313' title='bbox 2075 1627 2289 1698; x_wconf 77' lang='lat' dir='ltr'><strong>dixero,</strong></span> <span class='ocrx_word' id='word_1_314' title='bbox 2319 1634 2465 1703; x_wconf 89' lang='lat' dir='ltr'><strong>quod</strong></span> <span class='ocrx_word' id='word_1_315' title='bbox 2492 1651 2671 1706; x_wconf 91' lang='lat' dir='ltr'><strong>neque</strong></span> <span class='ocrx_word' id='word_1_316' title='bbox 2696 1638 2793 1693; x_wconf 83' lang='lat' dir='ltr'><strong>tibi</strong></span> <span class='ocrx_word' id='word_1_317' title='bbox 2824 1640 2898 1694; x_wconf 89' lang='lat' dir='ltr'><strong>sit</strong></span> <span class='ocrx_word' id='word_1_318' title='bbox 2928 1656 3235 1697; x_wconf 90' lang='lat' dir='ltr'><strong>consonum</strong></span> <span class='ocrx_word' id='word_1_319' title='bbox 3259 1662 3441 1717; x_wconf 87' lang='lat' dir='ltr'><strong>neque</strong></span> 
     </span>
    </p>
   </div>
   <div class='ocr_carea' id='block_1_45' title="bbox 1845 1718 3437 1808">
    <p class='ocr_par' dir='ltr' id='par_1_45' title="bbox 1845 1718 3437 1808">
     <span class='ocr_line' id='line_1_45' title="bbox 1845 1718 3437 1808; baseline 0.016 -39"><span class='ocrx_word' id='word_1_320' title='bbox 1845 1718 2012 1789; x_wconf 88' lang='lat' dir='ltr'><strong>vulgo</strong></span> <span class='ocrx_word' id='word_1_321' title='bbox 2060 1720 2190 1777; x_wconf 90' lang='lat' dir='ltr'><strong>huic</strong></span> <span class='ocrx_word' id='word_1_322' title='bbox 2239 1724 2493 1795; x_wconf 88' lang='lat' dir='ltr'><strong>imperito</strong></span> <span class='ocrx_word' id='word_1_323' title='bbox 2545 1738 2755 1785; x_wconf 90' lang='lat' dir='ltr'><strong>rectum</strong></span> <span class='ocrx_word' id='word_1_324' title='bbox 2812 1732 3049 1801; x_wconf 88' lang='lat' dir='ltr'><strong>videtur,</strong></span> <span class='ocrx_word' id='word_1_325' title='bbox 3102 1744 3157 1791; x_wconf 91' lang='lat' dir='ltr'><strong>tu</strong></span> <span class='ocrx_word' id='word_1_326' title='bbox 3212 1739 3437 1808; x_wconf 84' lang='lat' dir='ltr'><strong>quidem</strong></span> 
     </span>
    </p>
   </div>
   <div class='ocr_carea' id='block_1_46' title="bbox 1844 1811 3436 1889">
    <p class='ocr_par' dir='ltr' id='par_1_46' title="bbox 1844 1811 3436 1889">
     <span class='ocr_line' id='line_1_46' title="bbox 1844 1811 3436 1889; baseline 0.018 -28"><span class='ocrx_word' id='word_1_327' title='bbox 1844 1811 2003 1879; x_wconf 91' lang='lat' dir='ltr'><strong>quasi</strong></span> <span class='ocrx_word' id='word_1_328' title='bbox 2063 1813 2520 1885; x_wconf 81' lang='lat' dir='ltr'><strong>obstupefactus,</strong></span> <span class='ocrx_word' id='word_1_329' title='bbox 2577 1836 2741 1877; x_wconf 84' lang='lat' dir='ltr'><strong>aures</strong></span> <span class='ocrx_word' id='word_1_330' title='bbox 2797 1827 3062 1882; x_wconf 88' lang='lat' dir='ltr'><strong>continuo</strong></span> <span class='ocrx_word' id='word_1_331' title='bbox 3128 1830 3436 1889; x_wconf 83' lang='lat' dir='ltr'><strong>obclttdens</strong></span> 
     </span>
    </p>
   </div>
   <div class='ocr_carea' id='block_1_47' title="bbox 1773 1883 3431 1995">
    <p class='ocr_par' dir='ltr' id='par_1_47' title="bbox 1773 1883 3431 1995">
     <span class='ocr_line' id='line_1_47' title="bbox 1773 1883 3431 1995; baseline 0.014 -40"><span class='ocrx_word' id='word_1_332' title='bbox 1773 1883 1816 1938; x_wconf 72' lang='grc' dir='ltr'><strong>Β</strong></span> <span class='ocrx_word' id='word_1_333' title='bbox 1845 1902 1991 1957; x_wconf 85' lang='lat' dir='ltr'><strong>velut</strong></span> <span class='ocrx_word' id='word_1_334' title='bbox 2026 1920 2093 1959; x_wconf 87' lang='lat' dir='ltr'><strong>ne</strong></span> <span class='ocrx_word' id='word_1_335' title='bbox 2123 1883 2462 1977; x_wconf 75' lang='lat' dir='ltr'><strong>blasphemia</strong></span> <span class='ocrx_word' id='word_1_336' title='bbox 2495 1913 2830 1982; x_wconf 88' lang='lat' dir='ltr'><strong>polluantur,</strong></span> <span class='ocrx_word' id='word_1_337' title='bbox 2869 1921 3100 1976; x_wconf 89' lang='lat' dir='ltr'><strong>verteris</strong></span> <span class='ocrx_word' id='word_1_338' title='bbox 3137 1924 3192 1977; x_wconf 92' lang='lat' dir='ltr'><strong>in</strong></span> <span class='ocrx_word' id='word_1_339' title='bbox 3226 1924 3431 1995; x_wconf 86' lang='lat' dir='ltr'><strong>fugam,</strong></span> 
     </span>
    </p>
   </div>
   <div class='ocr_carea' id='block_1_48' title="bbox 1840 1994 3432 2083">
    <p class='ocr_par' dir='ltr' id='par_1_48' title="bbox 1840 1994 3432 2083">
     <span class='ocr_line' id='line_1_48' title="bbox 1840 1994 3432 2083; baseline 0.016 -37"><span class='ocrx_word' id='word_1_340' title='bbox 1840 1994 1970 2064; x_wconf 85' lang='lat' dir='ltr'><strong>quia</strong></span> <span class='ocrx_word' id='word_1_341' title='bbox 2002 1997 2148 2065; x_wconf 88' lang='lat' dir='ltr'><strong>quod</strong></span> <span class='ocrx_word' id='word_1_342' title='bbox 2176 2002 2510 2071; x_wconf 88' lang='lat' dir='ltr'><strong>respondeas</strong></span> <span class='ocrx_word' id='word_1_343' title='bbox 2540 2021 2651 2061; x_wconf 89' lang='lat' dir='ltr'><strong>non</strong></span> <span class='ocrx_word' id='word_1_344' title='bbox 2683 2007 2953 2077; x_wconf 85' lang='lat' dir='ltr'><strong>invenies,</strong></span> <span class='ocrx_word' id='word_1_345' title='bbox 2987 2016 3220 2083; x_wconf 88' lang='lat' dir='ltr'><strong>populus</strong></span> <span class='ocrx_word' id='word_1_346' title='bbox 3253 2026 3432 2072; x_wconf 90' lang='lat' dir='ltr'><strong>autem</strong></span> 
     </span>
    </p>
   </div>
   <div class='ocr_carea' id='block_1_49' title="bbox 1847 2085 3435 2179">
    <p class='ocr_par' dir='ltr' id='par_1_49' title="bbox 1847 2085 3435 2179">
     <span class='ocr_line' id='line_1_49' title="bbox 1847 2085 3435 2179; baseline 0.017 -41"><span class='ocrx_word' id='word_1_347' title='bbox 1847 2085 2247 2147; x_wconf 87' lang='lat' dir='ltr'><strong>irrationabilis</strong></span> <span class='ocrx_word' id='word_1_348' title='bbox 2285 2103 2601 2155; x_wconf 85' lang='lat' dir='ltr'><strong>assentatus</strong></span> <span class='ocrx_word' id='word_1_349' title='bbox 2647 2099 2769 2167; x_wconf 89' lang='lat' dir='ltr'><strong>tibi,</strong></span> <span class='ocrx_word' id='word_1_350' title='bbox 2800 2110 2852 2157; x_wconf 91' lang='lat' dir='ltr'><strong>te</strong></span> <span class='ocrx_word' id='word_1_351' title='bbox 2881 2106 3101 2173; x_wconf 89' lang='lat' dir='ltr'><strong>quidem</strong></span> <span class='ocrx_word' id='word_1_352' title='bbox 3138 2110 3435 2179; x_wconf 74' lang='lat' dir='ltr'><strong>amplecte-</strong></span> 
     </span>
    </p>
   </div>
   <div class='ocr_carea' id='block_1_50' title="bbox 1839 2183 3425 2267">
    <p class='ocr_par' dir='ltr' id='par_1_50' title="bbox 1839 2183 3425 2267">
     <span class='ocr_line' id='line_1_50' title="bbox 1839 2183 3425 2267; baseline 0.018 -38"><span class='ocrx_word' id='word_1_353' title='bbox 1839 2183 1950 2243; x_wconf 89' lang='lat' dir='ltr'><strong>tur,</strong></span> <span class='ocrx_word' id='word_1_354' title='bbox 1992 2184 2150 2251; x_wconf 91' lang='lat' dir='ltr'><strong>quasi</strong></span> <span class='ocrx_word' id='word_1_355' title='bbox 2196 2200 2259 2239; x_wconf 91' lang='lat' dir='ltr'><strong>ea</strong></span> <span class='ocrx_word' id='word_1_356' title='bbox 2291 2187 2578 2245; x_wconf 83' lang='lat' dir='ltr'><strong>docentem</strong></span> <span class='ocrx_word' id='word_1_357' title='bbox 2624 2209 2745 2262; x_wconf 71' lang='lat' dir='ltr'><strong>qum</strong></span> <span class='ocrx_word' id='word_1_358' title='bbox 2797 2195 2849 2249; x_wconf 89' lang='lat' dir='ltr'><strong>in</strong></span> <span class='ocrx_word' id='word_1_359' title='bbox 2885 2213 2989 2252; x_wconf 88' lang='lat' dir='ltr'><strong>usu</strong></span> <span class='ocrx_word' id='word_1_360' title='bbox 3038 2202 3119 2255; x_wconf 90' lang='lat' dir='ltr'><strong>eis</strong></span> <span class='ocrx_word' id='word_1_361' title='bbox 3152 2210 3303 2267; x_wconf 88' lang='lat' dir='ltr'><strong>sunt,</strong></span> <span class='ocrx_word' id='word_1_362' title='bbox 3340 2220 3425 2259; x_wconf 90' lang='lat' dir='ltr'><strong>me</strong></span> 
     </span>
    </p>
   </div>
   <div class='ocr_carea' id='block_1_51' title="bbox 1838 2276 3426 2361">
    <p class='ocr_par' dir='ltr' id='par_1_51' title="bbox 1838 2276 3426 2361">
     <span class='ocr_line' id='line_1_51' title="bbox 1838 2276 3426 2361; baseline 0.017 -40"><span class='ocrx_word' id='word_1_363' title='bbox 1838 2281 1968 2323; x_wconf 85' lang='lat' dir='ltr'><strong>vero</strong></span> <span class='ocrx_word' id='word_1_364' title='bbox 1997 2276 2459 2345; x_wconf 81' lang='lat' dir='ltr'><strong>exsecrabuutur,</strong></span> <span class='ocrx_word' id='word_1_365' title='bbox 2492 2281 2660 2335; x_wconf 89' lang='lat' dir='ltr'><strong>veluti</strong></span> <span class='ocrx_word' id='word_1_366' title='bbox 2694 2298 2834 2338; x_wconf 91' lang='lat' dir='ltr'><strong>nova</strong></span> <span class='ocrx_word' id='word_1_367' title='bbox 2868 2287 3112 2355; x_wconf 65' lang='lat' dir='ltr'><strong>quaedam</strong></span> <span class='ocrx_word' id='word_1_368' title='bbox 3150 2299 3313 2361; x_wconf 90' lang='lat' dir='ltr'><strong>atque</strong></span> <span class='ocrx_word' id='word_1_369' title='bbox 3342 2293 3426 2347; x_wconf 90' lang='lat' dir='ltr'><strong>in—</strong></span> 
     </span>
    </p>
   </div>
   <div class='ocr_carea' id='block_1_52' title="bbox 1838 2363 3429 2443">
    <p class='ocr_par' dir='ltr' id='par_1_52' title="bbox 1838 2363 3429 2443">
     <span class='ocr_line' id='line_1_52' title="bbox 1838 2363 3429 2443; baseline 0.017 -30"><span class='ocrx_word' id='word_1_370' title='bbox 1838 2363 2023 2416; x_wconf 90' lang='lat' dir='ltr'><strong>audita</strong></span> <span class='ocrx_word' id='word_1_371' title='bbox 2051 2366 2420 2436; x_wconf 79' lang='lat' dir='ltr'><strong>profitentem,</strong></span> <span class='ocrx_word' id='word_1_372' title='bbox 2455 2388 2746 2443; x_wconf 88' lang='lat' dir='ltr'><strong>meumque</strong></span> <span class='ocrx_word' id='word_1_373' title='bbox 2775 2392 3017 2435; x_wconf 82' lang='lat' dir='ltr'><strong>errorem</strong></span> <span class='ocrx_word' id='word_1_374' title='bbox 3050 2381 3243 2438; x_wconf 90' lang='lat' dir='ltr'><strong>alienis</strong></span> <span class='ocrx_word' id='word_1_375' title='bbox 3276 2400 3429 2439; x_wconf 88' lang='lat' dir='ltr'><strong>men-</strong></span> 
     </span>
    </p>
   </div>
   <div class='ocr_carea' id='block_1_53' title="bbox 1840 2451 2371 2515">
    <p class='ocr_par' dir='ltr' id='par_1_53' title="bbox 1840 2451 2371 2515">
     <span class='ocr_line' id='line_1_53' title="bbox 1840 2451 2371 2515; baseline 0.019 -10"><span class='ocrx_word' id='word_1_376' title='bbox 1840 2453 1990 2508; x_wconf 80' lang='lat' dir='ltr'><strong>tibus</strong></span> <span class='ocrx_word' id='word_1_377' title='bbox 2022 2451 2371 2515; x_wconf 82' lang='lat' dir='ltr'><strong>inferentem.</strong></span> 
     </span>
    </p>
   </div>
   <div class='ocr_carea' id='block_1_54' title="bbox 1917 2542 3425 2639">
    <p class='ocr_par' dir='ltr' id='par_1_54' title="bbox 1917 2542 3425 2639">
     <span class='ocr_line' id='line_1_54' title="bbox 1917 2542 3425 2639; baseline 0.018 -43"><span class='ocrx_word' id='word_1_378' title='bbox 1917 2542 2203 2604; x_wconf 67' lang='lat' dir='ltr'><strong>XXXVIII.</strong></span> <span class='ocrx_word' id='word_1_379' title='bbox 2248 2549 2385 2605; x_wconf 91' lang='lat' dir='ltr'><strong>Tum</strong></span> <span class='ocrx_word' id='word_1_380' title='bbox 2414 2551 2645 2612; x_wconf 88' lang='lat' dir='ltr'><strong>Petrus:</strong></span> <span class='ocrx_word' id='word_1_381' title='bbox 2672 2555 2932 2629; x_wconf 88' lang='lat' dir='ltr'><strong>Nunquid</strong></span> <span class='ocrx_word' id='word_1_382' title='bbox 2977 2578 3086 2616; x_wconf 91' lang='lat' dir='ltr'><strong>non</strong></span> <span class='ocrx_word' id='word_1_383' title='bbox 3119 2574 3199 2631; x_wconf 88' lang='lat' dir='ltr'><strong>tu,</strong></span> <span class='ocrx_word' id='word_1_384' title='bbox 3232 2566 3287 2620; x_wconf 93' lang='lat' dir='ltr'><strong>in</strong></span> <span class='ocrx_word' id='word_1_385' title='bbox 3316 2584 3425 2639; x_wconf 88' lang='lat' dir='ltr'><strong>quo</strong></span> 
     </span>
    </p>
   </div>
   <div class='ocr_carea' id='block_1_55' title="bbox 1835 2640 3424 2723">
    <p class='ocr_par' dir='ltr' id='par_1_55' title="bbox 1835 2640 3424 2723">
     <span class='ocr_line' id='line_1_55' title="bbox 1835 2640 3424 2723; baseline 0.019 -35"><span class='ocrx_word' id='word_1_386' title='bbox 1835 2651 1936 2689; x_wconf 88' lang='lat' dir='ltr'><strong>nos</strong></span> <span class='ocrx_word' id='word_1_387' title='bbox 1968 2640 2289 2708; x_wconf 88' lang='lat' dir='ltr'><strong>accusabas,</strong></span> <span class='ocrx_word' id='word_1_388' title='bbox 2323 2642 2440 2713; x_wconf 90' lang='lat' dir='ltr'><strong>ipse</strong></span> <span class='ocrx_word' id='word_1_389' title='bbox 2470 2649 2790 2717; x_wconf 65' lang='lat' dir='ltr'><strong>ambagibus</strong></span> <span class='ocrx_word' id='word_1_390' title='bbox 2824 2654 3015 2723; x_wconf 86' lang='lat' dir='ltr'><strong>uteris,</strong></span> <span class='ocrx_word' id='word_1_391' title='bbox 3049 2657 3185 2711; x_wconf 88' lang='lat' dir='ltr'><strong>nihil</strong></span> <span class='ocrx_word' id='word_1_392' title='bbox 3216 2659 3424 2718; x_wconf 85' lang='lat' dir='ltr'><strong>habens</strong></span> 
     </span>
    </p>
   </div>
   <div class='ocr_carea' id='block_1_56' title="bbox 1836 2728 3425 2823">
    <p class='ocr_par' dir='ltr' id='par_1_56' title="bbox 1836 2728 3425 2823">
     <span class='ocr_line' id='line_1_56' title="bbox 1836 2728 3425 2823; baseline 0.018 -42"><span class='ocrx_word' id='word_1_393' title='bbox 1836 2728 1980 2797; x_wconf 85' lang='lat' dir='ltr'><strong>q‘uod</strong></span> <span class='ocrx_word' id='word_1_394' title='bbox 2014 2731 2211 2789; x_wconf 82' lang='lat' dir='ltr'><strong>aﬂ&#39;eras</strong></span> <span class='ocrx_word' id='word_1_395' title='bbox 2240 2737 2533 2792; x_wconf 86' lang='lat' dir='ltr'><strong>veritatis?</strong></span> <span class='ocrx_word' id='word_1_396' title='bbox 2570 2748 2663 2793; x_wconf 92' lang='lat' dir='ltr'><strong>aut</strong></span> <span class='ocrx_word' id='word_1_397' title='bbox 2692 2741 2738 2796; x_wconf 90' lang='lat' dir='ltr'><strong>si</strong></span> <span class='ocrx_word' id='word_1_398' title='bbox 2770 2742 2961 2808; x_wconf 91' lang='lat' dir='ltr'><strong>habes,</strong></span> <span class='ocrx_word' id='word_1_399' title='bbox 2996 2747 3175 2817; x_wconf 88' lang='lat' dir='ltr'><strong>incipe</strong></span> <span class='ocrx_word' id='word_1_400' title='bbox 3214 2752 3425 2823; x_wconf 90' lang='lat' dir='ltr'><strong>absque</strong></span> 
     </span>
    </p>
   </div>
   <div class='ocr_carea' id='block_1_57' title="bbox 1834 2821 3422 2915">
    <p class='ocr_par' dir='ltr' id='par_1_57' title="bbox 1834 2821 3422 2915">
     <span class='ocr_line' id='line_1_57' title="bbox 1834 2821 3422 2915; baseline 0.019 -41"><span class='ocrx_word' id='word_1_401' title='bbox 1834 2821 2278 2892; x_wconf 88' lang='lat' dir='ltr'><strong>circuitionibus,</strong></span> <span class='ocrx_word' id='word_1_402' title='bbox 2330 2829 2377 2885; x_wconf 90' lang='lat' dir='ltr'><strong>si</strong></span> <span class='ocrx_word' id='word_1_403' title='bbox 2427 2840 2639 2887; x_wconf 89' lang='lat' dir='ltr'><strong>tantum</strong></span> <span class='ocrx_word' id='word_1_404' title='bbox 2686 2836 2966 2894; x_wconf 83' lang='lat' dir='ltr'><strong>conﬁdis:</strong></span> <span class='ocrx_word' id='word_1_405' title='bbox 3003 2850 3057 2896; x_wconf 89' lang='lat' dir='ltr'><strong>et</strong></span> <span class='ocrx_word' id='word_1_406' title='bbox 3104 2845 3151 2899; x_wconf 85' lang='lat' dir='ltr'><strong>si</strong></span> <span class='ocrx_word' id='word_1_407' title='bbox 3202 2847 3422 2915; x_wconf 87' lang='lat' dir='ltr'><strong>quidem</strong></span> 
     </span>
    </p>
   </div>
   <div class='ocr_carea' id='block_1_58' title="bbox 1834 2916 3422 3001">
    <p class='ocr_par' dir='ltr' id='par_1_58' title="bbox 1834 2916 3422 3001">
     <span class='ocr_line' id='line_1_58' title="bbox 1834 2916 3422 3001; baseline 0.02 -35"><span class='ocrx_word' id='word_1_408' title='bbox 1834 2928 1945 2968; x_wconf 91' lang='lat' dir='ltr'><strong>non</strong></span> <span class='ocrx_word' id='word_1_409' title='bbox 1978 2916 2288 2985; x_wconf 89' lang='lat' dir='ltr'><strong>placuerint</strong></span> <span class='ocrx_word' id='word_1_410' title='bbox 2319 2922 2484 2977; x_wconf 84' lang='lat' dir='ltr'><strong>alicui</strong></span> <span class='ocrx_word' id='word_1_411' title='bbox 2527 2927 2839 2983; x_wconf 89' lang='lat' dir='ltr'><strong>auditorum</strong></span> <span class='ocrx_word' id='word_1_412' title='bbox 2872 2948 2992 3001; x_wconf 78' lang='lat' dir='ltr'><strong>qua:</strong></span> <span class='ocrx_word' id='word_1_413' title='bbox 3018 2935 3179 3001; x_wconf 90' lang='lat' dir='ltr'><strong>dicis,</strong></span> <span class='ocrx_word' id='word_1_414' title='bbox 3225 2940 3422 2996; x_wconf 87' lang='lat' dir='ltr'><strong>absce-</strong></span> 
     </span>
    </p>
   </div>
   <div class='ocr_carea' id='block_1_59' title="bbox 1832 3004 3420 3089">
    <p class='ocr_par' dir='ltr' id='par_1_59' title="bbox 1832 3004 3420 3089">
     <span class='ocr_line' id='line_1_59' title="bbox 1832 3004 3420 3089; baseline 0.017 -29"><span class='ocrx_word' id='word_1_415' title='bbox 1832 3004 1944 3071; x_wconf 87' lang='lat' dir='ltr'><strong>det,</strong></span> <span class='ocrx_word' id='word_1_416' title='bbox 1982 3007 2077 3077; x_wconf 93' lang='lat' dir='ltr'><strong>qui</strong></span> <span class='ocrx_word' id='word_1_417' title='bbox 2108 3025 2239 3065; x_wconf 87' lang='lat' dir='ltr'><strong>vero</strong></span> <span class='ocrx_word' id='word_1_418' title='bbox 2270 3016 2695 3082; x_wconf 89' lang='lat' dir='ltr'><strong>permanserint,</strong></span> <span class='ocrx_word' id='word_1_419' title='bbox 2727 3031 2993 3089; x_wconf 83' lang='lat' dir='ltr'><strong>cogentur</strong></span> <span class='ocrx_word' id='word_1_420' title='bbox 3021 3028 3420 3089; x_wconf 82' lang='lat' dir='ltr'><strong>assertionibus</strong></span> 
     </span>
    </p>
   </div>
   <div class='ocr_carea' id='block_1_60' title="bbox 1834 3096 3419 3192">
    <p class='ocr_par' dir='ltr' id='par_1_60' title="bbox 1834 3096 3419 3192">
     <span class='ocr_line' id='line_1_60' title="bbox 1834 3096 3419 3192; baseline 0.019 -43"><span class='ocrx_word' id='word_1_421' title='bbox 1834 3096 1947 3152; x_wconf 83' lang='lat' dir='ltr'><strong>tuis</strong></span> <span class='ocrx_word' id='word_1_422' title='bbox 1996 3100 2232 3169; x_wconf 87' lang='lat' dir='ltr'><strong>probare</strong></span> <span class='ocrx_word' id='word_1_423' title='bbox 2276 3104 2423 3174; x_wconf 91' lang='lat' dir='ltr'><strong>quod</strong></span> <span class='ocrx_word' id='word_1_424' title='bbox 2455 3120 2643 3162; x_wconf 88' lang='lat' dir='ltr'><strong>verum</strong></span> <span class='ocrx_word' id='word_1_425' title='bbox 2690 3122 2798 3165; x_wconf 89' lang='lat' dir='ltr'><strong>est.</strong></span> <span class='ocrx_word' id='word_1_426' title='bbox 2840 3111 3023 3184; x_wconf 88' lang='lat' dir='ltr'><strong>Incipe</strong></span> <span class='ocrx_word' id='word_1_427' title='bbox 3079 3118 3246 3187; x_wconf 85' lang='lat' dir='ltr'><strong>igitur</strong></span> <span class='ocrx_word' id='word_1_428' title='bbox 3271 3126 3419 3192; x_wconf 86' lang='lat' dir='ltr'><strong>quod</strong></span> 
     </span>
    </p>
   </div>
   <div class='ocr_carea' id='block_1_61' title="bbox 143 3188 3419 3287">
    <p class='ocr_par' dir='ltr' id='par_1_61' title="bbox 143 3188 3419 3287">
     <span class='ocr_line' id='line_1_61' title="bbox 143 3188 3419 3287; baseline 0.018 -35"><span class='ocrx_word' id='word_1_429' title='bbox 143 3216 255 3255; x_wconf 89' lang='lat' dir='ltr'><strong>non</strong></span> <span class='ocrx_word' id='word_1_430' title='bbox 298 3218 478 3272; x_wconf 89' lang='lat' dir='ltr'><strong>posse.</strong></span> <span class='ocrx_word' id='word_1_431' title='bbox 535 3205 600 3261; x_wconf 86' lang='lat' dir='ltr'><strong>Et</strong></span> <span class='ocrx_word' id='word_1_432' title='bbox 635 3206 862 3265; x_wconf 90' lang='lat' dir='ltr'><strong>Simon:</strong></span> <span class='ocrx_word' id='word_1_433' title='bbox 894 3214 999 3269; x_wconf 86' lang='lat' dir='ltr'><strong>Sed</strong></span> <span class='ocrx_word' id='word_1_434' title='bbox 1060 3218 1330 3275; x_wconf 87' lang='lat' dir='ltr'><strong>incertum</strong></span> <span class='ocrx_word' id='word_1_435' title='bbox 1384 3232 1491 3287; x_wconf 89' lang='lat' dir='ltr'><strong>est,</strong></span> <span class='ocrx_word' id='word_1_436' title='bbox 1541 3233 1722 3280; x_wconf 90' lang='lat' dir='ltr'><strong>utrum</strong></span> <span class='ocrx_word' id='word_1_437' title='bbox 1753 3230 1794 3287; x_wconf 88' lang='lat' dir='ltr'><strong><em>C</em></strong></span> <span class='ocrx_word' id='word_1_438' title='bbox 1832 3188 1929 3287; x_wconf 44' lang='lat' dir='ltr'><strong>tibi</strong></span> <span class='ocrx_word' id='word_1_439' title='bbox 1968 3200 2179 3287; x_wconf 48' lang='lat' dir='ltr'><strong>malim</strong></span> <span class='ocrx_word' id='word_1_440' title='bbox 2223 3194 2461 3260; x_wconf 48' lang='lat' dir='ltr'><strong>“delun</strong></span> <span class='ocrx_word' id='word_1_441' title='bbox 2506 3214 2801 3269; x_wconf 62' lang='lat' dir='ltr'><strong>exPonerc&#39;</strong></span> <span class='ocrx_word' id='word_1_442' title='bbox 2846 3203 2913 3258; x_wconf 46' lang='lat' dir='ltr'><strong>Et</strong></span> <span class='ocrx_word' id='word_1_443' title='bbox 2944 3205 3133 3264; x_wconf 41' lang='lat' dir='ltr'><strong>Simon</strong></span> <span class='ocrx_word' id='word_1_444' title='bbox 3163 3220 3238 3265; x_wconf 56' lang='lat' dir='ltr'><strong>an</strong></span> <span class='ocrx_word' id='word_1_445' title='bbox 3265 3229 3278 3265; x_wconf 56' lang='grc'><strong>³</strong></span> <span class='ocrx_word' id='word_1_446' title='bbox 3307 3214 3419 3287; x_wconf 65' lang='lat' dir='ltr'><strong>Ego</strong></span> 
     </span>
    </p>
   </div>
   <div class='ocr_carea' id='block_1_62' title="bbox 144 3291 1723 3371">
    <p class='ocr_par' dir='ltr' id='par_1_62' title="bbox 144 3291 1723 3371">
     <span class='ocr_line' id='line_1_62' title="bbox 144 3291 1723 3371; baseline 0.019 -30"><span class='ocrx_word' id='word_1_447' title='bbox 144 3291 411 3360; x_wconf 83' lang='lat' dir='ltr'><strong>magister</strong></span> <span class='ocrx_word' id='word_1_448' title='bbox 446 3303 628 3351; x_wconf 89' lang='lat' dir='ltr'><strong>vester</strong></span> <span class='ocrx_word' id='word_1_449' title='bbox 668 3314 911 3356; x_wconf 87' lang='lat' dir='ltr'><strong>errorem</strong></span> <span class='ocrx_word' id='word_1_450' title='bbox 944 3304 1152 3361; x_wconf 90' lang='lat' dir='ltr'><strong>dividat</strong></span> <span class='ocrx_word' id='word_1_451' title='bbox 1183 3323 1251 3363; x_wconf 90' lang='lat' dir='ltr'><strong>an</strong></span> <span class='ocrx_word' id='word_1_452' title='bbox 1285 3311 1588 3371; x_wconf 78' lang='lat' dir='ltr'><strong>veritatem.</strong></span> <span class='ocrx_word' id='word_1_453' title='bbox 1658 3315 1723 3371; x_wconf 89' lang='lat' dir='ltr'><strong>Et</strong></span> 
     </span>
    </p>
   </div>
   <div class='ocr_carea' id='block_1_63' title="bbox 142 3378 1724 3473">
    <p class='ocr_par' dir='ltr' id='par_1_63' title="bbox 142 3378 1724 3473">
     <span class='ocr_line' id='line_1_63' title="bbox 142 3378 1724 3473; baseline 0.02 -40"><span class='ocrx_word' id='word_1_454' title='bbox 142 3378 336 3438; x_wconf 86' lang='lat' dir='ltr'><strong>Petrus</strong></span> <span class='ocrx_word' id='word_1_455' title='bbox 362 3404 375 3439; x_wconf 86' lang='lat'>:</span> <span class='ocrx_word' id='word_1_456' title='bbox 403 3387 549 3441; x_wconf 90' lang='lat' dir='ltr'><strong>Istud</strong></span> <span class='ocrx_word' id='word_1_457' title='bbox 580 3391 803 3449; x_wconf 88' lang='lat' dir='ltr'><strong>alterius</strong></span> <span class='ocrx_word' id='word_1_458' title='bbox 824 3398 1143 3465; x_wconf 81' lang='lat' dir='ltr'><strong>quaestionis</strong></span> <span class='ocrx_word' id='word_1_459' title='bbox 1167 3410 1268 3458; x_wconf 91' lang='lat' dir='ltr'><strong>est.</strong></span> <span class='ocrx_word' id='word_1_460' title='bbox 1300 3402 1403 3461; x_wconf 91' lang='lat' dir='ltr'><strong>Sed</strong></span> <span class='ocrx_word' id='word_1_461' title='bbox 1435 3406 1480 3473; x_wconf 86' lang='lat' dir='ltr'><strong>si</strong></span> <span class='ocrx_word' id='word_1_462' title='bbox 1510 3417 1724 3465; x_wconf 88' lang='lat' dir='ltr'><strong>constat</strong></span> 
     </span>
    </p>
   </div>
   <div class='ocr_carea' id='block_1_64' title="bbox 146 3474 1722 3567">
    <p class='ocr_par' dir='ltr' id='par_1_64' title="bbox 146 3474 1722 3567">
     <span class='ocr_line' id='line_1_64' title="bbox 146 3474 1722 3567; baseline 0.022 -43"><span class='ocrx_word' id='word_1_463' title='bbox 146 3474 291 3543; x_wconf 88' lang='lat' dir='ltr'><strong>apud</strong></span> <span class='ocrx_word' id='word_1_464' title='bbox 320 3486 391 3541; x_wconf 85' lang='lat' dir='ltr'><strong>te,</strong></span> <span class='ocrx_word' id='word_1_465' title='bbox 426 3482 553 3548; x_wconf 89' lang='lat' dir='ltr'><strong>quia</strong></span> <span class='ocrx_word' id='word_1_466' title='bbox 583 3498 746 3540; x_wconf 91' lang='lat' dir='ltr'><strong>omne</strong></span> <span class='ocrx_word' id='word_1_467' title='bbox 778 3489 923 3557; x_wconf 89' lang='lat' dir='ltr'><strong>quod</strong></span> <span class='ocrx_word' id='word_1_468' title='bbox 970 3491 1206 3547; x_wconf 88' lang='lat' dir='ltr'><strong>divisqu</strong></span> <span class='ocrx_word' id='word_1_469' title='bbox 1240 3496 1403 3553; x_wconf 84' lang='lat' dir='ltr'><strong>fuerit</strong></span> <span class='ocrx_word' id='word_1_470' title='bbox 1430 3500 1595 3567; x_wconf 87' lang='lat' dir='ltr'><strong>cadit,</strong></span> <span class='ocrx_word' id='word_1_471' title='bbox 1629 3518 1722 3558; x_wconf 84' lang='lat' dir='ltr'><strong>su-</strong></span> 
     </span>
    </p>
   </div>
   <div class='ocr_carea' id='block_1_65' title="bbox 146 3574 1725 3665">
    <p class='ocr_par' dir='ltr' id='par_1_65' title="bbox 146 3574 1725 3665">
     <span class='ocr_line' id='line_1_65' title="bbox 146 3574 1725 3665; baseline 0.022 -49"><span class='ocrx_word' id='word_1_472' title='bbox 146 3574 327 3632; x_wconf 86' lang='lat' dir='ltr'><strong>perest</strong></span> <span class='ocrx_word' id='word_1_473' title='bbox 351 3577 408 3621; x_wconf 91' lang='lat' dir='ltr'><strong>ut</strong></span> <span class='ocrx_word' id='word_1_474' title='bbox 431 3574 736 3641; x_wconf 88' lang='lat' dir='ltr'><strong>ostendam,</strong></span> <span class='ocrx_word' id='word_1_475' title='bbox 763 3577 809 3631; x_wconf 89' lang='lat' dir='ltr'><strong>si</strong></span> <span class='ocrx_word' id='word_1_476' title='bbox 842 3584 1055 3635; x_wconf 89' lang='lat' dir='ltr'><strong>tantum</strong></span> <span class='ocrx_word' id='word_1_477' title='bbox 1086 3598 1210 3638; x_wconf 90' lang='lat' dir='ltr'><strong>cum</strong></span> <span class='ocrx_word' id='word_1_478' title='bbox 1238 3601 1371 3656; x_wconf 88' lang='lat' dir='ltr'><strong>pace</strong></span> <span class='ocrx_word' id='word_1_479' title='bbox 1398 3592 1589 3647; x_wconf 90' lang='lat' dir='ltr'><strong>audire</strong></span> <span class='ocrx_word' id='word_1_480' title='bbox 1617 3594 1725 3665; x_wconf 73' lang='lat' dir='ltr'><strong>vis,</strong></span> 
     </span>
    </p>
   </div>
   <div class='ocr_carea' id='block_1_66' title="bbox 144 3657 1717 3751">
    <p class='ocr_par' dir='ltr' id='par_1_66' title="bbox 144 3657 1717 3751">
     <span class='ocr_line' id='line_1_66' title="bbox 144 3657 1717 3751; baseline 0.02 -42"><span class='ocrx_word' id='word_1_481' title='bbox 144 3658 291 3725; x_wconf 89' lang='lat' dir='ltr'><strong>quod</strong></span> <span class='ocrx_word' id='word_1_482' title='bbox 323 3657 483 3717; x_wconf 85' lang='lat' dir='ltr'><strong>Jesus</strong></span> <span class='ocrx_word' id='word_1_483' title='bbox 530 3674 721 3721; x_wconf 89' lang='lat' dir='ltr'><strong>noster</strong></span> <span class='ocrx_word' id='word_1_484' title='bbox 752 3684 996 3726; x_wconf 88' lang='lat' dir='ltr'><strong>errorem</strong></span> <span class='ocrx_word' id='word_1_485' title='bbox 1037 3674 1287 3733; x_wconf 85' lang='lat' dir='ltr'><strong>diviserit</strong></span> <span class='ocrx_word' id='word_1_486' title='bbox 1317 3694 1383 3737; x_wconf 89' lang='lat' dir='ltr'><strong>ac</strong></span> <span class='ocrx_word' id='word_1_487' title='bbox 1414 3684 1717 3751; x_wconf 84' lang='lat' dir='ltr'><strong>resolverit,</strong></span> 
     </span>
    </p>
   </div>
   <div class='ocr_carea' id='block_1_67' title="bbox 144 3746 724 3812">
    <p class='ocr_par' dir='ltr' id='par_1_67' title="bbox 144 3746 724 3812">
     <span class='ocr_line' id='line_1_67' title="bbox 144 3746 724 3812; baseline 0.022 -13"><span class='ocrx_word' id='word_1_488' title='bbox 144 3746 392 3804; x_wconf 86' lang='lat' dir='ltr'><strong>docendo</strong></span> <span class='ocrx_word' id='word_1_489' title='bbox 418 3756 724 3812; x_wconf 87' lang='lat' dir='ltr'><strong>veritatem.</strong></span> 
     </span>
    </p>
   </div>
   <div class='ocr_carea' id='block_1_68' title="bbox 219 3840 1716 3933">
    <p class='ocr_par' dir='ltr' id='par_1_68' title="bbox 219 3840 1716 3933">
     <span class='ocr_line' id='line_1_68' title="bbox 219 3840 1716 3933; baseline 0.021 -40"><span class='ocrx_word' id='word_1_490' title='bbox 219 3840 451 3899; x_wconf 74' lang='lat' dir='ltr'><strong>XXXVI.</strong></span> <span class='ocrx_word' id='word_1_491' title='bbox 488 3846 625 3902; x_wconf 86' lang='lat' dir='ltr'><strong>Tum</strong></span> <span class='ocrx_word' id='word_1_492' title='bbox 661 3849 848 3907; x_wconf 90' lang='lat' dir='ltr'><strong>Simon</strong></span> <span class='ocrx_word' id='word_1_493' title='bbox 878 3872 888 3906; x_wconf 89' lang='lat'><strong>:</strong></span> <span class='ocrx_word' id='word_1_494' title='bbox 914 3854 1135 3924; x_wconf 88' lang='lat' dir='ltr'><strong>Omitte,</strong></span> <span class='ocrx_word' id='word_1_495' title='bbox 1179 3861 1377 3933; x_wconf 85' lang='lat' dir='ltr'><strong>inquit,</strong></span> <span class='ocrx_word' id='word_1_496' title='bbox 1410 3882 1716 3925; x_wconf 85' lang='lat' dir='ltr'><strong>sermonem</strong></span> 
     </span>
    </p>
   </div>
   <div class='ocr_carea' id='block_1_69' title="bbox 147 3932 1718 4025">
    <p class='ocr_par' dir='ltr' id='par_1_69' title="bbox 147 3932 1718 4025">
     <span class='ocr_line' id='line_1_69' title="bbox 147 3932 1718 4025; baseline 0.023 -44"><span class='ocrx_word' id='word_1_497' title='bbox 147 3932 296 4000; x_wconf 86' lang='lat' dir='ltr'><strong>pacis</strong></span> <span class='ocrx_word' id='word_1_498' title='bbox 329 3934 644 4005; x_wconf 84' lang='lat' dir='ltr'><strong>frequenter</strong></span> <span class='ocrx_word' id='word_1_499' title='bbox 674 3941 896 4009; x_wconf 89' lang='lat' dir='ltr'><strong>iterare,</strong></span> <span class='ocrx_word' id='word_1_500' title='bbox 927 3949 1055 4017; x_wconf 91' lang='lat' dir='ltr'><strong>quid</strong></span> <span class='ocrx_word' id='word_1_501' title='bbox 1084 3967 1212 4005; x_wconf 88' lang='lat' dir='ltr'><strong>vero</strong></span> <span class='ocrx_word' id='word_1_502' title='bbox 1244 3956 1315 4008; x_wconf 87' lang='lat' dir='ltr'><strong>sit</strong></span> <span class='ocrx_word' id='word_1_503' title='bbox 1354 3958 1500 4025; x_wconf 89' lang='lat' dir='ltr'><strong>quod</strong></span> <span class='ocrx_word' id='word_1_504' title='bbox 1545 3962 1718 4017; x_wconf 84' lang='lat' dir='ltr'><strong>sentis</strong></span> 
     </span>
    </p>
   </div>
   <div class='ocr_carea' id='block_1_70' title="bbox 147 4027 1715 4119">
    <p class='ocr_par' dir='ltr' id='par_1_70' title="bbox 147 4027 1715 4119">
     <span class='ocr_line' id='line_1_70' title="bbox 147 4027 1715 4119; baseline 0.022 -46"><span class='ocrx_word' id='word_1_505' title='bbox 147 4032 241 4074; x_wconf 84' lang='lat' dir='ltr'><strong>aut</strong></span> <span class='ocrx_word' id='word_1_506' title='bbox 286 4027 480 4091; x_wconf 72' lang='lat' dir='ltr'><strong>credis,</strong></span> <span class='ocrx_word' id='word_1_507' title='bbox 520 4029 760 4088; x_wconf 85' lang='lat' dir='ltr'><strong>breviter</strong></span> <span class='ocrx_word' id='word_1_508' title='bbox 806 4052 1037 4107; x_wconf 81' lang='lat' dir='ltr'><strong>expone.</strong></span> <span class='ocrx_word' id='word_1_509' title='bbox 1088 4040 1153 4096; x_wconf 81' lang='lat' dir='ltr'><strong>Et</strong></span> <span class='ocrx_word' id='word_1_510' title='bbox 1203 4042 1398 4104; x_wconf 84' lang='lat' dir='ltr'><strong>Petrus</strong></span> <span class='ocrx_word' id='word_1_511' title='bbox 1427 4050 1543 4106; x_wconf 89' lang='lat' dir='ltr'><strong>ait:</strong></span> <span class='ocrx_word' id='word_1_512' title='bbox 1574 4052 1715 4119; x_wconf 86' lang='lat' dir='ltr'><strong>Quid</strong></span> 
     </span>
    </p>
   </div>
   <div class='ocr_carea' id='block_1_71' title="bbox 146 4120 1715 4217">
    <p class='ocr_par' dir='ltr' id='par_1_71' title="bbox 146 4120 1715 4217">
     <span class='ocr_line' id='line_1_71' title="bbox 146 4120 1715 4217; baseline 0.019 -46"><span class='ocrx_word' id='word_1_513' title='bbox 146 4120 302 4174; x_wconf 89' lang='lat' dir='ltr'><strong>times</strong></span> <span class='ocrx_word' id='word_1_514' title='bbox 357 4121 551 4175; x_wconf 89' lang='lat' dir='ltr'><strong>crebro</strong></span> <span class='ocrx_word' id='word_1_515' title='bbox 597 4125 789 4181; x_wconf 89' lang='lat' dir='ltr'><strong>audire</strong></span> <span class='ocrx_word' id='word_1_516' title='bbox 832 4129 900 4185; x_wconf 89' lang='lat' dir='ltr'><strong>de</strong></span> <span class='ocrx_word' id='word_1_517' title='bbox 948 4135 1123 4201; x_wconf 85' lang='lat' dir='ltr'><strong>pace?</strong></span> <span class='ocrx_word' id='word_1_518' title='bbox 1173 4146 1266 4192; x_wconf 90' lang='lat' dir='ltr'><strong>aut</strong></span> <span class='ocrx_word' id='word_1_519' title='bbox 1322 4140 1543 4211; x_wconf 86' lang='lat' dir='ltr'><strong>ignoras</strong></span> <span class='ocrx_word' id='word_1_520' title='bbox 1587 4147 1715 4217; x_wconf 89' lang='lat' dir='ltr'><strong>quia</strong></span> 
     </span>
    </p>
   </div>
   <div class='ocr_carea' id='block_1_72' title="bbox 151 4210 1717 4295">
    <p class='ocr_par' dir='ltr' id='par_1_72' title="bbox 151 4210 1717 4295">
     <span class='ocr_line' id='line_1_72' title="bbox 151 4210 1717 4295; baseline 0.02 -34"><span class='ocrx_word' id='word_1_521' title='bbox 151 4210 402 4279; x_wconf 82' lang='lat' dir='ltr'><strong>perfectio</strong></span> <span class='ocrx_word' id='word_1_522' title='bbox 433 4215 567 4285; x_wconf 83' lang='lat' dir='ltr'><strong>legis</strong></span> <span class='ocrx_word' id='word_1_523' title='bbox 594 4233 697 4286; x_wconf 84' lang='lat' dir='ltr'><strong>pax</strong></span> <span class='ocrx_word' id='word_1_524' title='bbox 728 4222 852 4275; x_wconf 86' lang='lat' dir='ltr'><strong>est?</strong></span> <span class='ocrx_word' id='word_1_525' title='bbox 885 4239 948 4278; x_wconf 76' lang='lat' dir='ltr'><strong>ex</strong></span> <span class='ocrx_word' id='word_1_526' title='bbox 979 4230 1219 4295; x_wconf 87' lang='lat' dir='ltr'><strong>peccatis</strong></span> <span class='ocrx_word' id='word_1_527' title='bbox 1269 4210 1414 4287; x_wconf 87' lang='lat' dir='ltr'><strong>enim</strong></span> <span class='ocrx_word' id='word_1_528' title='bbox 1448 4236 1588 4291; x_wconf 87' lang='lat' dir='ltr'><strong>bella</strong></span> <span class='ocrx_word' id='word_1_529' title='bbox 1602 4210 1717 4292; x_wconf 33' lang='lat' dir='ltr'><strong>vna-</strong></span> 
     </span>
    </p>
   </div>
   <div class='ocr_carea' id='block_1_73' title="bbox 150 4310 1712 4395">
    <p class='ocr_par' dir='ltr' id='par_1_73' title="bbox 150 4310 1712 4395">
     <span class='ocr_line' id='line_1_73' title="bbox 150 4310 1712 4395; baseline 0.018 -41"><span class='ocrx_word' id='word_1_530' title='bbox 150 4310 371 4357; x_wconf 89' lang='lat' dir='ltr'><strong>scuntur</strong></span> <span class='ocrx_word' id='word_1_531' title='bbox 396 4314 449 4360; x_wconf 86' lang='lat' dir='ltr'><strong>et</strong></span> <span class='ocrx_word' id='word_1_532' title='bbox 476 4310 801 4376; x_wconf 87' lang='lat' dir='ltr'><strong>certamina,</strong></span> <span class='ocrx_word' id='word_1_533' title='bbox 838 4315 929 4369; x_wconf 90' lang='lat' dir='ltr'><strong>ubi</strong></span> <span class='ocrx_word' id='word_1_534' title='bbox 964 4325 1144 4373; x_wconf 86' lang='lat' dir='ltr'><strong>autem</strong></span> <span class='ocrx_word' id='word_1_535' title='bbox 1176 4333 1460 4390; x_wconf 87' lang='lat' dir='ltr'><strong>peccatum</strong></span> <span class='ocrx_word' id='word_1_536' title='bbox 1495 4344 1599 4383; x_wconf 88' lang='lat' dir='ltr'><strong>non</strong></span> <span class='ocrx_word' id='word_1_537' title='bbox 1635 4331 1712 4395; x_wconf 87' lang='lat' dir='ltr'><strong>lit,</strong></span> 
     </span>
    </p>
   </div>
   <div class='ocr_carea' id='block_1_74' title="bbox 149 4398 1714 4485">
    <p class='ocr_par' dir='ltr' id='par_1_74' title="bbox 149 4398 1714 4485">
     <span class='ocr_line' id='line_1_74' title="bbox 149 4398 1714 4485; baseline 0.02 -41"><span class='ocrx_word' id='word_1_538' title='bbox 149 4406 247 4462; x_wconf 70' lang='lat' dir='ltr'><strong>pax</strong></span> <span class='ocrx_word' id='word_1_539' title='bbox 274 4398 564 4452; x_wconf 75' lang='lat' dir='ltr'><strong>estanimae</strong></span> <span class='ocrx_word' id='word_1_540' title='bbox 589 4416 599 4451; x_wconf 86' lang='lat'><strong>:</strong></span> <span class='ocrx_word' id='word_1_541' title='bbox 629 4402 722 4456; x_wconf 92' lang='lat' dir='ltr'><strong>ubi</strong></span> <span class='ocrx_word' id='word_1_542' title='bbox 751 4418 882 4459; x_wconf 86' lang='lat' dir='ltr'><strong>vero</strong></span> <span class='ocrx_word' id='word_1_543' title='bbox 904 4422 1005 4476; x_wconf 79' lang='lat' dir='ltr'><strong>pax</strong></span> <span class='ocrx_word' id='word_1_544' title='bbox 1034 4420 1138 4475; x_wconf 91' lang='lat' dir='ltr'><strong>est,</strong></span> <span class='ocrx_word' id='word_1_545' title='bbox 1167 4411 1220 4465; x_wconf 92' lang='lat' dir='ltr'><strong>in</strong></span> <span class='ocrx_word' id='word_1_546' title='bbox 1253 4415 1714 4485; x_wconf 87' lang='lat' dir='ltr'><strong>disputationibus</strong></span> 
     </span>
    </p>
   </div>
   <div class='ocr_carea' id='block_1_75' title="bbox 151 4486 1707 4567">
    <p class='ocr_par' dir='ltr' id='par_1_75' title="bbox 151 4486 1707 4567">
     <span class='ocr_line' id='line_1_75' title="bbox 151 4486 1707 4567; baseline 0.02 -31"><span class='ocrx_word' id='word_1_547' title='bbox 151 4486 362 4549; x_wconf 86' lang='lat' dir='ltr'><strong>veritas,</strong></span> <span class='ocrx_word' id='word_1_548' title='bbox 398 4490 449 4543; x_wconf 92' lang='lat' dir='ltr'><strong>in</strong></span> <span class='ocrx_word' id='word_1_549' title='bbox 482 4492 741 4561; x_wconf 88' lang='lat' dir='ltr'><strong>operibus</strong></span> <span class='ocrx_word' id='word_1_550' title='bbox 793 4494 1006 4563; x_wconf 88' lang='lat' dir='ltr'><strong>justitia</strong></span> <span class='ocrx_word' id='word_1_551' title='bbox 1054 4502 1349 4561; x_wconf 84' lang='lat' dir='ltr'><strong>invenitur.</strong></span> <span class='ocrx_word' id='word_1_552' title='bbox 1401 4507 1463 4561; x_wconf 87' lang='lat' dir='ltr'><strong>Et</strong></span> <span class='ocrx_word' id='word_1_553' title='bbox 1490 4509 1707 4567; x_wconf 90' lang='lat' dir='ltr'><strong>Simon:</strong></span> 
     </span>
    </p>
   </div>
   <div class='ocr_carea' id='block_1_76' title="bbox 1829 3279 3418 3362">
    <p class='ocr_par' dir='ltr' id='par_1_76' title="bbox 1829 3279 3418 3362">
     <span class='ocr_line' id='line_1_76' title="bbox 1829 3279 3418 3362; baseline 0.019 -29"><span class='ocrx_word' id='word_1_554' title='bbox 1829 3279 1954 3333; x_wconf 90' lang='lat' dir='ltr'><strong>dico</strong></span> <span class='ocrx_word' id='word_1_555' title='bbox 2004 3284 2209 3338; x_wconf 88' lang='lat' dir='ltr'><strong>multos</strong></span> <span class='ocrx_word' id='word_1_556' title='bbox 2253 3302 2375 3342; x_wconf 86' lang='lat' dir='ltr'><strong>esse</strong></span> <span class='ocrx_word' id='word_1_557' title='bbox 2407 3288 2560 3353; x_wconf 89' lang='lat' dir='ltr'><strong>deos,</strong></span> <span class='ocrx_word' id='word_1_558' title='bbox 2594 3307 2760 3346; x_wconf 90' lang='lat' dir='ltr'><strong>unum</strong></span> <span class='ocrx_word' id='word_1_559' title='bbox 2799 3302 2980 3352; x_wconf 90' lang='lat' dir='ltr'><strong>tamen</strong></span> <span class='ocrx_word' id='word_1_560' title='bbox 3030 3316 3153 3357; x_wconf 87' lang='lat' dir='ltr'><strong>esse</strong></span> <span class='ocrx_word' id='word_1_561' title='bbox 3206 3304 3418 3362; x_wconf 88' lang='lat' dir='ltr'><strong>incom-</strong></span> 
     </span>
    </p>
   </div>
   <div class='ocr_carea' id='block_1_77' title="bbox 1826 3370 3415 3455">
    <p class='ocr_par' dir='ltr' id='par_1_77' title="bbox 1826 3370 3415 3455">
     <span class='ocr_line' id='line_1_77' title="bbox 1826 3370 3415 3455; baseline 0.018 -34"><span class='ocrx_word' id='word_1_562' title='bbox 1826 3370 2251 3437; x_wconf 84' lang='lat' dir='ltr'><strong>prehensibilem</strong></span> <span class='ocrx_word' id='word_1_563' title='bbox 2287 3384 2454 3446; x_wconf 92' lang='lat' dir='ltr'><strong>atque</strong></span> <span class='ocrx_word' id='word_1_564' title='bbox 2484 3379 2745 3435; x_wconf 88' lang='lat' dir='ltr'><strong>onmihus</strong></span> <span class='ocrx_word' id='word_1_565' title='bbox 2792 3384 3155 3455; x_wconf 86' lang='lat' dir='ltr'><strong>incognitum,</strong></span> <span class='ocrx_word' id='word_1_566' title='bbox 3187 3391 3415 3449; x_wconf 88' lang='lat' dir='ltr'><strong>horum-</strong></span> 
     </span>
    </p>
   </div>
   <div class='ocr_carea' id='block_1_78' title="bbox 1825 3465 3413 3551">
    <p class='ocr_par' dir='ltr' id='par_1_78' title="bbox 1825 3465 3413 3551">
     <span class='ocr_line' id='line_1_78' title="bbox 1825 3465 3413 3551; baseline 0.017 -36"><span class='ocrx_word' id='word_1_567' title='bbox 1825 3476 1930 3531; x_wconf 88' lang='lat' dir='ltr'><strong>que</strong></span> <span class='ocrx_word' id='word_1_568' title='bbox 1985 3465 2230 3531; x_wconf 88' lang='lat' dir='ltr'><strong>omnium</strong></span> <span class='ocrx_word' id='word_1_569' title='bbox 2283 3466 2509 3523; x_wconf 88' lang='lat' dir='ltr'><strong>deorum</strong></span> <span class='ocrx_word' id='word_1_570' title='bbox 2545 3470 2736 3527; x_wconf 87' lang='lat' dir='ltr'><strong>Deum.</strong></span> <span class='ocrx_word' id='word_1_571' title='bbox 2784 3474 2921 3531; x_wconf 86' lang='lat' dir='ltr'><strong>Tum</strong></span> <span class='ocrx_word' id='word_1_572' title='bbox 2956 3477 3153 3538; x_wconf 88' lang='lat' dir='ltr'><strong>Petrus</strong></span> <span class='ocrx_word' id='word_1_573' title='bbox 3187 3504 3197 3538; x_wconf 92' lang='lat'><strong>:</strong></span> <span class='ocrx_word' id='word_1_574' title='bbox 3229 3484 3413 3551; x_wconf 85' lang='lat' dir='ltr'><strong>Ique,</strong></span> 
     </span>
    </p>
   </div>
   <div class='ocr_carea' id='block_1_79' title="bbox 1826 3554 3414 3638">
    <p class='ocr_par' dir='ltr' id='par_1_79' title="bbox 1826 3554 3414 3638">
     <span class='ocr_line' id='line_1_79' title="bbox 1826 3554 3414 3638; baseline 0.019 -32"><span class='ocrx_word' id='word_1_575' title='bbox 1826 3554 2034 3622; x_wconf 85' lang='lat' dir='ltr'><strong>inquit,</strong></span> <span class='ocrx_word' id='word_1_576' title='bbox 2068 3574 2230 3629; x_wconf 91' lang='lat' dir='ltr'><strong>quem</strong></span> <span class='ocrx_word' id='word_1_577' title='bbox 2258 3554 2399 3617; x_wconf 87' lang='lat' dir='ltr'><strong>dicis</strong></span> <span class='ocrx_word' id='word_1_578' title='bbox 2428 3577 2550 3617; x_wconf 85' lang='lat' dir='ltr'><strong>esse</strong></span> <span class='ocrx_word' id='word_1_579' title='bbox 2601 3566 3211 3638; x_wconf 71' lang='lat' dir='ltr'><strong>incomprehensibilem</strong></span> <span class='ocrx_word' id='word_1_580' title='bbox 3246 3588 3299 3633; x_wconf 90' lang='lat' dir='ltr'><strong>et</strong></span> <span class='ocrx_word' id='word_1_581' title='bbox 3327 3579 3414 3635; x_wconf 86' lang='lat' dir='ltr'><strong>in-</strong></span> 
     </span>
    </p>
   </div>
   <div class='ocr_carea' id='block_1_80' title="bbox 1823 3650 3405 3733">
    <p class='ocr_par' dir='ltr' id='par_1_80' title="bbox 1823 3650 3405 3733">
     <span class='ocr_line' id='line_1_80' title="bbox 1823 3650 3405 3733; baseline 0.017 -34"><span class='ocrx_word' id='word_1_582' title='bbox 1823 3650 2102 3719; x_wconf 66' lang='lat' dir='ltr'><strong>cognitum</strong></span> <span class='ocrx_word' id='word_1_583' title='bbox 2135 3654 2393 3708; x_wconf 86' lang='lat' dir='ltr'><strong>omnibus</strong></span> <span class='ocrx_word' id='word_1_584' title='bbox 2424 3652 2614 3718; x_wconf 89' lang='lat' dir='ltr'><strong>Deum,</strong></span> <span class='ocrx_word' id='word_1_585' title='bbox 2639 3672 2707 3712; x_wconf 80' lang='lat' dir='ltr'><strong>ex</strong></span> <span class='ocrx_word' id='word_1_586' title='bbox 2746 3658 3050 3733; x_wconf 81' lang='lat' dir='ltr'><strong>Scripturis</strong></span> <span class='ocrx_word' id='word_1_587' title='bbox 3086 3666 3405 3726; x_wconf 65' lang='lat' dir='ltr'><strong>Iudaeorum</strong></span> 
     </span>
    </p>
   </div>
   <div class='ocr_carea' id='block_1_81' title="bbox 1822 3738 3407 3826">
    <p class='ocr_par' dir='ltr' id='par_1_81' title="bbox 1822 3738 3407 3826">
     <span class='ocr_line' id='line_1_81' title="bbox 1822 3738 3407 3826; baseline 0.018 -37"><span class='ocrx_word' id='word_1_588' title='bbox 1822 3752 1944 3806; x_wconf 67' lang='lat' dir='ltr'><strong>qua:</strong></span> <span class='ocrx_word' id='word_1_589' title='bbox 1977 3738 2030 3792; x_wconf 92' lang='lat' dir='ltr'><strong>in</strong></span> <span class='ocrx_word' id='word_1_590' title='bbox 2060 3744 2389 3799; x_wconf 88' lang='lat' dir='ltr'><strong>auctoritate</strong></span> <span class='ocrx_word' id='word_1_591' title='bbox 2417 3744 2711 3811; x_wconf 88' lang='lat' dir='ltr'><strong>habentur,</strong></span> <span class='ocrx_word' id='word_1_592' title='bbox 2748 3753 2981 3820; x_wconf 86' lang='lat' dir='ltr'><strong>probare</strong></span> <span class='ocrx_word' id='word_1_593' title='bbox 3005 3766 3181 3826; x_wconf 78' lang='lat' dir='ltr'><strong>potes,</strong></span> <span class='ocrx_word' id='word_1_594' title='bbox 3234 3776 3302 3815; x_wconf 89' lang='lat' dir='ltr'><strong>an</strong></span> <span class='ocrx_word' id='word_1_595' title='bbox 3343 3779 3407 3819; x_wconf 84' lang='lat' dir='ltr'><strong>ex</strong></span> 
     </span>
    </p>
   </div>
   <div class='ocr_carea' id='block_1_82' title="bbox 1823 3827 3409 3915">
    <p class='ocr_par' dir='ltr' id='par_1_82' title="bbox 1823 3827 3409 3915">
     <span class='ocr_line' id='line_1_82' title="bbox 1823 3827 3409 3915; baseline 0.02 -38"><span class='ocrx_word' id='word_1_596' title='bbox 1823 3827 1946 3883; x_wconf 85' lang='lat' dir='ltr'><strong>aliis</strong></span> <span class='ocrx_word' id='word_1_597' title='bbox 1970 3830 2268 3903; x_wconf 89' lang='lat' dir='ltr'><strong>aliquibus,</strong></span> <span class='ocrx_word' id='word_1_598' title='bbox 2296 3852 2434 3906; x_wconf 86' lang='lat' dir='ltr'><strong>quas</strong></span> <span class='ocrx_word' id='word_1_599' title='bbox 2452 3854 2642 3897; x_wconf 90' lang='lat' dir='ltr'><strong>omnes</strong></span> <span class='ocrx_word' id='word_1_600' title='bbox 2666 3843 3005 3915; x_wconf 82' lang='lat' dir='ltr'><strong>ignoramus,</strong></span> <span class='ocrx_word' id='word_1_601' title='bbox 3028 3863 3094 3901; x_wconf 91' lang='lat' dir='ltr'><strong>an</strong></span> <span class='ocrx_word' id='word_1_602' title='bbox 3118 3866 3181 3904; x_wconf 77' lang='lat' dir='ltr'><strong>ex</strong></span> <span class='ocrx_word' id='word_1_603' title='bbox 3202 3848 3409 3909; x_wconf 76' lang='lat' dir='ltr'><strong>Graecis</strong></span> 
     </span>
    </p>
   </div>
   <div class='ocr_carea' id='block_1_83' title="bbox 1822 3910 3410 4008">
    <p class='ocr_par' dir='ltr' id='par_1_83' title="bbox 1822 3910 3410 4008">
     <span class='ocr_line' id='line_1_83' title="bbox 1822 3910 3410 4008; baseline 0.018 -37"><span class='ocrx_word' id='word_1_604' title='bbox 1822 3921 2162 3986; x_wconf 86' lang='lat' dir='ltr'><strong>auctoribus,</strong></span> <span class='ocrx_word' id='word_1_605' title='bbox 2202 3910 2281 3980; x_wconf 57' lang='lat' dir='ltr'><strong>&#39;an</strong></span> <span class='ocrx_word' id='word_1_606' title='bbox 2332 3943 2396 3983; x_wconf 78' lang='lat' dir='ltr'><strong>ex</strong></span> <span class='ocrx_word' id='word_1_607' title='bbox 2442 3932 2552 3986; x_wconf 90' lang='lat' dir='ltr'><strong>tuis</strong></span> <span class='ocrx_word' id='word_1_608' title='bbox 2598 3937 2890 4004; x_wconf 80' lang='lat' dir='ltr'><strong>scripturis</strong></span> <span class='ocrx_word' id='word_1_609' title='bbox 2938 3943 3219 4008; x_wconf 82' lang='lat' dir='ltr'><strong>propriis?</strong></span> <span class='ocrx_word' id='word_1_610' title='bbox 3247 3943 3410 4000; x_wconf 87' lang='lat' dir='ltr'><strong>Certe</strong></span> 
     </span>
    </p>
   </div>
   <div class='ocr_carea' id='block_1_84' title="bbox 1819 4008 3407 4093">
    <p class='ocr_par' dir='ltr' id='par_1_84' title="bbox 1819 4008 3407 4093">
     <span class='ocr_line' id='line_1_84' title="bbox 1819 4008 3407 4093; baseline 0.019 -31"><span class='ocrx_word' id='word_1_611' title='bbox 1819 4023 1885 4063; x_wconf 82' lang='lat' dir='ltr'><strong>ex</strong></span> <span class='ocrx_word' id='word_1_612' title='bbox 1911 4008 2331 4088; x_wconf 86' lang='lat' dir='ltr'><strong>quibuscunque</strong></span> <span class='ocrx_word' id='word_1_613' title='bbox 2359 4021 2466 4085; x_wconf 90' lang='lat' dir='ltr'><strong>vis,</strong></span> <span class='ocrx_word' id='word_1_614' title='bbox 2505 4024 2699 4090; x_wconf 87' lang='lat' dir='ltr'><strong>dicito,</strong></span> <span class='ocrx_word' id='word_1_615' title='bbox 2730 4026 2803 4079; x_wconf 88' lang='lat' dir='ltr'><strong>ita</strong></span> <span class='ocrx_word' id='word_1_616' title='bbox 2842 4035 3023 4083; x_wconf 87' lang='lat' dir='ltr'><strong>tamen</strong></span> <span class='ocrx_word' id='word_1_617' title='bbox 3063 4041 3117 4084; x_wconf 91' lang='lat' dir='ltr'><strong>ut</strong></span> <span class='ocrx_word' id='word_1_618' title='bbox 3150 4036 3407 4093; x_wconf 79' lang='lat' dir='ltr'><strong>ostendas</strong></span> 
     </span>
    </p>
   </div>
   <div class='ocr_carea' id='block_1_85' title="bbox 1818 4104 3406 4189">
    <p class='ocr_par' dir='ltr' id='par_1_85' title="bbox 1818 4104 3406 4189">
     <span class='ocr_line' id='line_1_85' title="bbox 1818 4104 3406 4189; baseline 0.02 -35"><span class='ocrx_word' id='word_1_619' title='bbox 1818 4115 1913 4156; x_wconf 87' lang='lat' dir='ltr'><strong>eas</strong></span> <span class='ocrx_word' id='word_1_620' title='bbox 1936 4104 2089 4173; x_wconf 87' lang='lat' dir='ltr'><strong>prius</strong></span> <span class='ocrx_word' id='word_1_621' title='bbox 2116 4120 2238 4163; x_wconf 88' lang='lat' dir='ltr'><strong>esse</strong></span> <span class='ocrx_word' id='word_1_622' title='bbox 2271 4114 2649 4183; x_wconf 86' lang='lat' dir='ltr'><strong>prophetieas;</strong></span> <span class='ocrx_word' id='word_1_623' title='bbox 2694 4119 2767 4173; x_wconf 90' lang='lat' dir='ltr'><strong>ita</strong></span> <span class='ocrx_word' id='word_1_624' title='bbox 2801 4121 2946 4175; x_wconf 88' lang='lat' dir='ltr'><strong>enim</strong></span> <span class='ocrx_word' id='word_1_625' title='bbox 2979 4122 3091 4189; x_wconf 77' lang='lat' dir='ltr'><strong>fiet,</strong></span> <span class='ocrx_word' id='word_1_626' title='bbox 3128 4136 3187 4181; x_wconf 88' lang='lat' dir='ltr'><strong>ut</strong></span> <span class='ocrx_word' id='word_1_627' title='bbox 3217 4142 3406 4185; x_wconf 87' lang='lat' dir='ltr'><strong>earum</strong></span> 
     </span>
    </p>
   </div>
   <div class='ocr_carea' id='block_1_86' title="bbox 1820 4192 2793 4271">
    <p class='ocr_par' dir='ltr' id='par_1_86' title="bbox 1820 4192 2793 4271">
     <span class='ocr_line' id='line_1_86' title="bbox 1820 4192 2793 4271; baseline 0.024 -25"><span class='ocrx_word' id='word_1_628' title='bbox 1820 4192 2131 4251; x_wconf 88' lang='lat' dir='ltr'><strong>indubitata</strong></span> <span class='ocrx_word' id='word_1_629' title='bbox 2171 4200 2440 4259; x_wconf 85' lang='lat' dir='ltr'><strong>habeatur</strong></span> <span class='ocrx_word' id='word_1_630' title='bbox 2472 4218 2793 4271; x_wconf 88' lang='lat' dir='ltr'><strong>auctoritas.</strong></span> 
     </span>
    </p>
   </div>
   <div class='ocr_carea' id='block_1_87' title="bbox 1893 4284 3404 4381">
    <p class='ocr_par' dir='ltr' id='par_1_87' title="bbox 1893 4284 3404 4381">
     <span class='ocr_line' id='line_1_87' title="bbox 1893 4284 3404 4381; baseline 0.026 -44"><span class='ocrx_word' id='word_1_631' title='bbox 1893 4284 2133 4381; x_wconf 55' lang='lat' dir='ltr'><strong>XXXIX.</strong></span> <span class='ocrx_word' id='word_1_632' title='bbox 2180 4292 2244 4349; x_wconf 84' lang='lat' dir='ltr'><strong>Et</strong></span> <span class='ocrx_word' id='word_1_633' title='bbox 2286 4296 2473 4356; x_wconf 89' lang='lat' dir='ltr'><strong>Simon</strong></span> <span class='ocrx_word' id='word_1_634' title='bbox 2514 4305 2627 4357; x_wconf 87' lang='lat' dir='ltr'><strong>ait:</strong></span> <span class='ocrx_word' id='word_1_635' title='bbox 2660 4307 2737 4363; x_wconf 74' lang='lat' dir='ltr'><strong>Ex</strong></span> <span class='ocrx_word' id='word_1_636' title='bbox 2781 4311 2897 4381; x_wconf 79' lang='lat' dir='ltr'><strong>lege</strong></span> <span class='ocrx_word' id='word_1_637' title='bbox 2923 4300 3238 4372; x_wconf 32' lang='lat' dir='ltr'><strong>Jud&#39;zeorum</strong></span> <span class='ocrx_word' id='word_1_638' title='bbox 3286 4322 3404 4375; x_wconf 84' lang='lat' dir='ltr'><strong>sola</strong></span> 
     </span>
    </p>
   </div>
   <div class='ocr_carea' id='block_1_88' title="bbox 1825 4378 3405 4481">
    <p class='ocr_par' dir='ltr' id='par_1_88' title="bbox 1825 4378 3405 4481">
     <span class='ocr_line' id='line_1_88' title="bbox 1825 4378 3405 4481; baseline 0.026 -52"><span class='ocrx_word' id='word_1_639' title='bbox 1825 4378 2164 4439; x_wconf 86' lang='lat' dir='ltr'><strong>assertiones</strong></span> <span class='ocrx_word' id='word_1_640' title='bbox 2210 4386 2497 4448; x_wconf 88' lang='lat' dir='ltr'><strong>adhibebo.</strong></span> <span class='ocrx_word' id='word_1_641' title='bbox 2532 4394 2799 4456; x_wconf 83' lang='lat' dir='ltr'><strong>Omnibus</strong></span> <span class='ocrx_word' id='word_1_642' title='bbox 2830 4405 2974 4458; x_wconf 92' lang='lat' dir='ltr'><strong>enim</strong></span> <span class='ocrx_word' id='word_1_643' title='bbox 3003 4408 3097 4477; x_wconf 93' lang='lat' dir='ltr'><strong>qui</strong></span> <span class='ocrx_word' id='word_1_644' title='bbox 3127 4411 3405 4481; x_wconf 85' lang='lat' dir='ltr'><strong>religionis</strong></span> 
     </span>
    </p>
   </div>
   <div class='ocr_carea' id='block_1_89' title="bbox 1817 4482 3403 4558">
    <p class='ocr_par' dir='ltr' id='par_1_89' title="bbox 1817 4482 3403 4558">
     <span class='ocr_line' id='line_1_89' title="bbox 1817 4482 3403 4558; baseline 0.023 -36"><span class='ocrx_word' id='word_1_645' title='bbox 1817 4482 2005 4526; x_wconf 90' lang='lat' dir='ltr'><strong>curam</strong></span> <span class='ocrx_word' id='word_1_646' title='bbox 2042 4486 2258 4545; x_wconf 84' lang='lat' dir='ltr'><strong>gerunt,</strong></span> <span class='ocrx_word' id='word_1_647' title='bbox 2297 4484 2645 4542; x_wconf 83' lang='lat' dir='ltr'><strong>manifestum</strong></span> <span class='ocrx_word' id='word_1_648' title='bbox 2684 4500 2767 4547; x_wconf 79' lang='lat' dir='ltr'><strong>est</strong></span> <span class='ocrx_word' id='word_1_649' title='bbox 2800 4498 2969 4550; x_wconf 90' lang='lat' dir='ltr'><strong>totius</strong></span> <span class='ocrx_word' id='word_1_650' title='bbox 3002 4514 3125 4554; x_wconf 90' lang='lat' dir='ltr'><strong>esse</strong></span> <span class='ocrx_word' id='word_1_651' title='bbox 3163 4506 3403 4558; x_wconf 86' lang='lat' dir='ltr'><strong>auctori-</strong></span> 
     </span>
    </p>
   </div>
   <div class='ocr_carea' id='block_1_90' title="bbox 159 4561 3399 4667">
    <p class='ocr_par' dir='ltr' id='par_1_90' title="bbox 159 4561 3399 4667">
     <span class='ocr_line' id='line_1_90' title="bbox 159 4561 3399 4667; baseline 0.022 -85"><span class='ocrx_word' id='word_1_652' title='bbox 159 4576 355 4632; x_wconf 53' lang='lat' dir='ltr'><strong>Videris</strong></span> <span class='ocrx_word' id='word_1_653' title='bbox 402 4581 532 4634; x_wconf 65' lang='lat' dir='ltr'><strong>mihi</strong></span> <span class='ocrx_word' id='word_1_654' title='bbox 576 4597 686 4638; x_wconf 65' lang='lat' dir='ltr'><strong>non</strong></span> <span class='ocrx_word' id='word_1_655' title='bbox 739 4561 899 4655; x_wconf 36' lang='lat' dir='ltr'><strong>misse</strong></span> <span class='ocrx_word' id='word_1_656' title='bbox 931 4592 1171 4659; x_wconf 58' lang='lat' dir='ltr'><strong>proﬁteri</strong></span> <span class='ocrx_word' id='word_1_657' title='bbox 1215 4598 1360 4667; x_wconf 70' lang='lat' dir='ltr'><strong>quod</strong></span> <span class='ocrx_word' id='word_1_658' title='bbox 1745 4580 1794 4640; x_wconf 74' lang='grc' dir='ltr'><strong>ι)</strong></span> <span class='ocrx_word' id='word_1_659' title='bbox 1820 4561 1950 4617; x_wconf 87' lang='lat' dir='ltr'><strong>tatis</strong></span> <span class='ocrx_word' id='word_1_660' title='bbox 1980 4563 2119 4620; x_wconf 86' lang='lat' dir='ltr'><strong>hanc</strong></span> <span class='ocrx_word' id='word_1_661' title='bbox 2155 4568 2347 4640; x_wconf 85' lang='lat' dir='ltr'><strong>legem,</strong></span> <span class='ocrx_word' id='word_1_662' title='bbox 2385 4591 2831 4653; x_wconf 87' lang='lat' dir='ltr'><strong>unumquemque</strong></span> <span class='ocrx_word' id='word_1_663' title='bbox 2875 4597 3055 4646; x_wconf 85' lang='lat' dir='ltr'><strong>tamen</strong></span> <span class='ocrx_word' id='word_1_664' title='bbox 3097 4596 3399 4653; x_wconf 82' lang='lat' dir='ltr'><strong>secundum</strong></span> 
     </span>
    </p>
   </div>
   <div class='ocr_carea' id='block_1_91' title="bbox 151 4662 1711 4759">
    <p class='ocr_par' dir='ltr' id='par_1_91' title="bbox 151 4662 1711 4759">
     <span class='ocr_line' id='line_1_91' title="bbox 151 4662 1711 4759; baseline 0.027 -42"><span class='ocrx_word' id='word_1_665' title='bbox 151 4662 333 4723; x_wconf 84' lang='lat' dir='ltr'><strong>Petrus</strong></span> <span class='ocrx_word' id='word_1_666' title='bbox 363 4686 375 4720; x_wconf 89' lang='lat'><strong>:</strong></span> <span class='ocrx_word' id='word_1_667' title='bbox 411 4668 618 4739; x_wconf 91' lang='lat' dir='ltr'><strong>Dicam,</strong></span> <span class='ocrx_word' id='word_1_668' title='bbox 668 4691 735 4731; x_wconf 82' lang='lat' dir='ltr'><strong>ex</strong></span> <span class='ocrx_word' id='word_1_669' title='bbox 782 4682 1010 4737; x_wconf 87' lang='lat' dir='ltr'><strong>arbitrio</strong></span> <span class='ocrx_word' id='word_1_670' title='bbox 1060 4694 1259 4754; x_wconf 89' lang='lat' dir='ltr'><strong>tamen,</strong></span> <span class='ocrx_word' id='word_1_671' title='bbox 1295 4707 1403 4749; x_wconf 87' lang='lat' dir='ltr'><strong>non</strong></span> <span class='ocrx_word' id='word_1_672' title='bbox 1452 4701 1562 4757; x_wconf 87' lang='lat' dir='ltr'><strong>tuis</strong></span> <span class='ocrx_word' id='word_1_673' title='bbox 1593 4710 1711 4759; x_wconf 78' lang='lat' dir='ltr'><strong>ver-</strong></span> 
     </span>
    </p>
   </div>
   <div class='ocr_carea' id='block_1_92' title="bbox 154 4756 1713 4851">
    <p class='ocr_par' dir='ltr' id='par_1_92' title="bbox 154 4756 1713 4851">
     <span class='ocr_line' id='line_1_92' title="bbox 154 4756 1713 4851; baseline 0.028 -45"><span class='ocrx_word' id='word_1_674' title='bbox 154 4756 301 4808; x_wconf 83' lang='lat' dir='ltr'><strong>sutiis</strong></span> <span class='ocrx_word' id='word_1_675' title='bbox 332 4770 575 4818; x_wconf 87' lang='lat' dir='ltr'><strong>coactus.</strong></span> <span class='ocrx_word' id='word_1_676' title='bbox 627 4764 804 4837; x_wconf 89' lang='lat' dir='ltr'><strong>Cupio</strong></span> <span class='ocrx_word' id='word_1_677' title='bbox 844 4772 990 4825; x_wconf 91' lang='lat' dir='ltr'><strong>enim</strong></span> <span class='ocrx_word' id='word_1_678' title='bbox 1033 4778 1180 4844; x_wconf 90' lang='lat' dir='ltr'><strong>quod</strong></span> <span class='ocrx_word' id='word_1_679' title='bbox 1226 4782 1467 4843; x_wconf 88' lang='lat' dir='ltr'><strong>salutare</strong></span> <span class='ocrx_word' id='word_1_680' title='bbox 1497 4799 1551 4845; x_wconf 92' lang='lat' dir='ltr'><strong>et</strong></span> <span class='ocrx_word' id='word_1_681' title='bbox 1582 4795 1713 4851; x_wconf 90' lang='lat' dir='ltr'><strong>utile</strong></span> 
     </span>
    </p>
   </div>
   <div class='ocr_carea' id='block_1_93' title="bbox 153 4851 1712 4951">
    <p class='ocr_par' dir='ltr' id='par_1_93' title="bbox 153 4851 1712 4951">
     <span class='ocr_line' id='line_1_93' title="bbox 153 4851 1712 4951; baseline 0.027 -50"><span class='ocrx_word' id='word_1_682' title='bbox 153 4854 233 4901; x_wconf 77' lang='lat' dir='ltr'><strong>est</strong></span> <span class='ocrx_word' id='word_1_683' title='bbox 260 4851 508 4908; x_wconf 90' lang='lat' dir='ltr'><strong>omnibus</strong></span> <span class='ocrx_word' id='word_1_684' title='bbox 555 4854 752 4913; x_wconf 88' lang='lat' dir='ltr'><strong>adduci</strong></span> <span class='ocrx_word' id='word_1_685' title='bbox 802 4860 857 4916; x_wconf 89' lang='lat' dir='ltr'><strong>in</strong></span> <span class='ocrx_word' id='word_1_686' title='bbox 905 4866 1175 4934; x_wconf 89' lang='lat' dir='ltr'><strong>notitiam,</strong></span> <span class='ocrx_word' id='word_1_687' title='bbox 1208 4880 1262 4927; x_wconf 89' lang='lat' dir='ltr'><strong>et</strong></span> <span class='ocrx_word' id='word_1_688' title='bbox 1303 4876 1425 4932; x_wconf 91' lang='lat' dir='ltr'><strong>ideo</strong></span> <span class='ocrx_word' id='word_1_689' title='bbox 1466 4884 1712 4951; x_wconf 86' lang='lat' dir='ltr'><strong>proferre</strong></span> 
     </span>
    </p>
   </div>
   <div class='ocr_carea' id='block_1_94' title="bbox 152 4943 1707 5043">
    <p class='ocr_par' dir='ltr' id='par_1_94' title="bbox 152 4943 1707 5043">
     <span class='ocr_line' id='line_1_94' title="bbox 152 4943 1707 5043; baseline 0.03 -54"><span class='ocrx_word' id='word_1_690' title='bbox 152 4953 302 5007; x_wconf 86' lang='lat' dir='ltr'><strong>quam</strong></span> <span class='ocrx_word' id='word_1_691' title='bbox 362 4943 687 5003; x_wconf 81' lang='lat' dir='ltr'><strong>brevissime</strong></span> <span class='ocrx_word' id='word_1_692' title='bbox 747 4967 856 5006; x_wconf 90' lang='lat' dir='ltr'><strong>non</strong></span> <span class='ocrx_word' id='word_1_693' title='bbox 911 4958 1185 5016; x_wconf 87' lang='lat' dir='ltr'><strong>morabor.</strong></span> <span class='ocrx_word' id='word_1_694' title='bbox 1242 4962 1391 5024; x_wconf 92' lang='lat' dir='ltr'><strong>Unus</strong></span> <span class='ocrx_word' id='word_1_695' title='bbox 1422 4943 1507 5028; x_wconf 77' lang='lat' dir='ltr'><strong>est</strong></span> <span class='ocrx_word' id='word_1_696' title='bbox 1544 4974 1707 5043; x_wconf 85' lang='lat' dir='ltr'><strong>Deus,</strong></span> 
     </span>
    </p>
   </div>
   <div class='ocr_carea' id='block_1_95' title="bbox 154 5031 1709 5126">
    <p class='ocr_par' dir='ltr' id='par_1_95' title="bbox 154 5031 1709 5126">
     <span class='ocr_line' id='line_1_95' title="bbox 154 5031 1709 5126; baseline 0.026 -42"><span class='ocrx_word' id='word_1_697' title='bbox 154 5031 392 5103; x_wconf 88' lang='lat' dir='ltr'><strong>idemque</strong></span> <span class='ocrx_word' id='word_1_698' title='bbox 434 5038 688 5093; x_wconf 88' lang='lat' dir='ltr'><strong>conditor</strong></span> <span class='ocrx_word' id='word_1_699' title='bbox 735 5046 959 5112; x_wconf 89' lang='lat' dir='ltr'><strong>mundi,</strong></span> <span class='ocrx_word' id='word_1_700' title='bbox 1002 5050 1189 5119; x_wconf 89' lang='lat' dir='ltr'><strong>justus</strong></span> <span class='ocrx_word' id='word_1_701' title='bbox 1234 5056 1435 5126; x_wconf 78' lang='lat' dir='ltr'><strong>judex,</strong></span> <span class='ocrx_word' id='word_1_702' title='bbox 1486 5073 1539 5119; x_wconf 89' lang='lat' dir='ltr'><strong>et</strong></span> <span class='ocrx_word' id='word_1_703' title='bbox 1583 5031 1709 5123; x_wconf 53' lang='lat' dir='ltr'><strong>uni:</strong></span> 
     </span>
    </p>
   </div>
   <div class='ocr_carea' id='block_1_96' title="bbox 154 5122 1707 5215">
    <p class='ocr_par' dir='ltr' id='par_1_96' title="bbox 154 5122 1707 5215">
     <span class='ocr_line' id='line_1_96' title="bbox 154 5122 1707 5215; baseline 0.028 -43"><span class='ocrx_word' id='word_1_704' title='bbox 154 5122 336 5193; x_wconf 74' lang='lat' dir='ltr'><strong>cuique</strong></span> <span class='ocrx_word' id='word_1_705' title='bbox 364 5142 461 5196; x_wconf 91' lang='lat' dir='ltr'><strong>pro</strong></span> <span class='ocrx_word' id='word_1_706' title='bbox 494 5133 704 5187; x_wconf 85' lang='lat' dir='ltr'><strong>actibus</strong></span> <span class='ocrx_word' id='word_1_707' title='bbox 735 5136 849 5191; x_wconf 84' lang='lat' dir='ltr'><strong>suis</strong></span> <span class='ocrx_word' id='word_1_708' title='bbox 880 5142 1205 5214; x_wconf 89' lang='lat' dir='ltr'><strong>quandoque</strong></span> <span class='ocrx_word' id='word_1_709' title='bbox 1237 5153 1552 5212; x_wconf 83' lang='lat' dir='ltr'><strong>restituens.</strong></span> <span class='ocrx_word' id='word_1_710' title='bbox 1590 5158 1707 5215; x_wconf 87' lang='lat' dir='ltr'><strong>Jam</strong></span> 
     </span>
    </p>
   </div>
   <div class='ocr_carea' id='block_1_97' title="bbox 156 5225 1710 5321">
    <p class='ocr_par' dir='ltr' id='par_1_97' title="bbox 156 5225 1710 5321">
     <span class='ocr_line' id='line_1_97' title="bbox 156 5225 1710 5321; baseline 0.03 -56"><span class='ocrx_word' id='word_1_711' title='bbox 156 5230 274 5268; x_wconf 80' lang='lat' dir='ltr'><strong>vero</strong></span> <span class='ocrx_word' id='word_1_712' title='bbox 308 5233 400 5287; x_wconf 89' lang='lat' dir='ltr'><strong>pro</strong></span> <span class='ocrx_word' id='word_1_713' title='bbox 444 5225 744 5281; x_wconf 88' lang='lat' dir='ltr'><strong>assertione</strong></span> <span class='ocrx_word' id='word_1_714' title='bbox 788 5230 1005 5298; x_wconf 86' lang='lat' dir='ltr'><strong>horum,</strong></span> <span class='ocrx_word' id='word_1_715' title='bbox 1056 5238 1169 5291; x_wconf 87' lang='lat' dir='ltr'><strong>scio</strong></span> <span class='ocrx_word' id='word_1_716' title='bbox 1213 5244 1496 5302; x_wconf 86' lang='lat' dir='ltr'><strong>innumera</strong></span> <span class='ocrx_word' id='word_1_717' title='bbox 1551 5270 1710 5321; x_wconf 83' lang='lat' dir='ltr'><strong>posse</strong></span> 
     </span>
    </p>
   </div>
   <div class='ocr_carea' id='block_1_98' title="bbox 156 5306 998 5380">
    <p class='ocr_par' dir='ltr' id='par_1_98' title="bbox 156 5306 998 5380">
     <span class='ocr_line' id='line_1_98' title="bbox 156 5306 998 5380; baseline 0.027 -23"><span class='ocrx_word' id='word_1_718' title='bbox 156 5306 427 5361; x_wconf 82' lang='lat' dir='ltr'><strong>verborum</strong></span> <span class='ocrx_word' id='word_1_719' title='bbox 455 5313 617 5366; x_wconf 79' lang='lat' dir='ltr'><strong>millia</strong></span> <span class='ocrx_word' id='word_1_720' title='bbox 648 5326 998 5380; x_wconf 76' lang='lat' dir='ltr'><strong>Contmmet&#39;i.</strong></span> 
     </span>
    </p>
   </div>
   <div class='ocr_carea' id='block_1_99' title="bbox 222 5395 1707 5494">
    <p class='ocr_par' dir='ltr' id='par_1_99' title="bbox 222 5395 1707 5494">
     <span class='ocr_line' id='line_1_99' title="bbox 222 5395 1707 5494; baseline 0.03 -46"><span class='ocrx_word' id='word_1_721' title='bbox 222 5395 469 5457; x_wconf 70' lang='lat' dir='ltr'><strong>XXXVII.</strong></span> <span class='ocrx_word' id='word_1_722' title='bbox 514 5404 578 5483; x_wconf 63' lang='lat' dir='ltr'><strong>Et</strong></span> <span class='ocrx_word' id='word_1_723' title='bbox 618 5406 803 5466; x_wconf 88' lang='lat' dir='ltr'><strong>Simon</strong></span> <span class='ocrx_word' id='word_1_724' title='bbox 837 5416 947 5470; x_wconf 86' lang='lat' dir='ltr'><strong>ait:</strong></span> <span class='ocrx_word' id='word_1_725' title='bbox 985 5418 1150 5476; x_wconf 77' lang='lat' dir='ltr'><strong>Miror</strong></span> <span class='ocrx_word' id='word_1_726' title='bbox 1192 5428 1409 5494; x_wconf 88' lang='lat' dir='ltr'><strong>quidem</strong></span> <span class='ocrx_word' id='word_1_727' title='bbox 1451 5436 1707 5491; x_wconf 76' lang='lat' dir='ltr'><strong>velocita-</strong></span> 
     </span>
    </p>
   </div>
   <div class='ocr_carea' id='block_1_100' title="bbox 157 5492 1703 5589">
    <p class='ocr_par' dir='ltr' id='par_1_100' title="bbox 157 5492 1703 5589">
     <span class='ocr_line' id='line_1_100' title="bbox 157 5492 1703 5589; baseline 0.031 -50"><span class='ocrx_word' id='word_1_728' title='bbox 157 5499 254 5542; x_wconf 87' lang='lat' dir='ltr'><strong>tem</strong></span> <span class='ocrx_word' id='word_1_729' title='bbox 281 5492 474 5563; x_wconf 84' lang='lat' dir='ltr'><strong>ingenii</strong></span> <span class='ocrx_word' id='word_1_730' title='bbox 501 5501 601 5564; x_wconf 94' lang='lat' dir='ltr'><strong>tui,</strong></span> <span class='ocrx_word' id='word_1_731' title='bbox 635 5519 743 5557; x_wconf 91' lang='lat' dir='ltr'><strong>non</strong></span> <span class='ocrx_word' id='word_1_732' title='bbox 774 5514 949 5564; x_wconf 89' lang='lat' dir='ltr'><strong>tamen</strong></span> <span class='ocrx_word' id='word_1_733' title='bbox 978 5516 1276 5584; x_wconf 89' lang='lat' dir='ltr'><strong>amplector</strong></span> <span class='ocrx_word' id='word_1_734' title='bbox 1304 5540 1543 5584; x_wconf 88' lang='lat' dir='ltr'><strong>errorem</strong></span> <span class='ocrx_word' id='word_1_735' title='bbox 1584 5532 1703 5589; x_wconf 80' lang='lat' dir='ltr'><strong>fidei</strong></span> 
     </span>
    </p>
   </div>
   <div class='ocr_carea' id='block_1_101' title="bbox 160 5589 1705 5682">
    <p class='ocr_par' dir='ltr' id='par_1_101' title="bbox 160 5589 1705 5682">
     <span class='ocr_line' id='line_1_101' title="bbox 160 5589 1705 5682; baseline 0.032 -49"><span class='ocrx_word' id='word_1_736' title='bbox 160 5591 280 5649; x_wconf 70' lang='lat' dir='ltr'><strong>tute;</strong></span> <span class='ocrx_word' id='word_1_737' title='bbox 318 5589 610 5655; x_wconf 88' lang='lat' dir='ltr'><strong>prudenter</strong></span> <span class='ocrx_word' id='word_1_738' title='bbox 638 5597 783 5652; x_wconf 88' lang='lat' dir='ltr'><strong>enim</strong></span> <span class='ocrx_word' id='word_1_739' title='bbox 814 5607 1132 5676; x_wconf 73' lang='lat' dir='ltr'><strong>przevidisti,</strong></span> <span class='ocrx_word' id='word_1_740' title='bbox 1161 5616 1304 5682; x_wconf 85' lang='lat' dir='ltr'><strong>quod</strong></span> <span class='ocrx_word' id='word_1_741' title='bbox 1351 5620 1447 5676; x_wconf 86' lang='lat' dir='ltr'><strong>tibi</strong></span> <span class='ocrx_word' id='word_1_742' title='bbox 1483 5635 1705 5681; x_wconf 76' lang='lat' dir='ltr'><strong>contra-</strong></span> 
     </span>
    </p>
   </div>
   <div class='ocr_carea' id='block_1_102' title="bbox 160 5675 1679 5781">
    <p class='ocr_par' dir='ltr' id='par_1_102' title="bbox 160 5675 1679 5781">
     <span class='ocr_line' id='line_1_102' title="bbox 160 5675 1679 5781; baseline 0.032 -54"><span class='ocrx_word' id='word_1_743' title='bbox 160 5675 254 5729; x_wconf 86' lang='lat' dir='ltr'><strong>dici</strong></span> <span class='ocrx_word' id='word_1_744' title='bbox 296 5683 489 5746; x_wconf 83' lang='lat' dir='ltr'><strong>possit.</strong></span> <span class='ocrx_word' id='word_1_745' title='bbox 530 5694 583 5740; x_wconf 84' lang='lat' dir='ltr'><strong>et</strong></span> <span class='ocrx_word' id='word_1_746' title='bbox 616 5692 821 5750; x_wconf 88' lang='lat' dir='ltr'><strong>urbane</strong></span> <span class='ocrx_word' id='word_1_747' title='bbox 866 5698 915 5752; x_wconf 88' lang='lat' dir='ltr'><strong>id</strong></span> <span class='ocrx_word' id='word_1_748' title='bbox 953 5701 1114 5758; x_wconf 84' lang='lat' dir='ltr'><strong>etiam</strong></span> <span class='ocrx_word' id='word_1_749' title='bbox 1162 5706 1277 5778; x_wconf 83' lang='lat' dir='ltr'><strong>ipse</strong></span> <span class='ocrx_word' id='word_1_750' title='bbox 1308 5713 1679 5781; x_wconf 78' lang='lat' dir='ltr'><strong>professuses</strong></span> 
     </span>
    </p>
   </div>
   <div class='ocr_carea' id='block_1_103' title="bbox 240 5862 675 5929">
    <p class='ocr_par' dir='ltr' id='par_1_103' title="bbox 240 5862 675 5929">
     <span class='ocr_line' id='line_1_103' title="bbox 240 5862 675 5929; baseline 0.016 -16"><span class='ocrx_word' id='word_1_751' title='bbox 240 5862 271 5885; x_wconf 63' lang='lat'>“</span> <span class='ocrx_word' id='word_1_752' title='bbox 310 5865 433 5915; x_wconf 68' lang='grc' dir='ltr'><strong>ίιιέιι.</strong></span> <span class='ocrx_word' id='word_1_753' title='bbox 497 5884 573 5929; x_wconf 74' lang='lat' dir='ltr'><strong>lli,</strong></span> <span class='ocrx_word' id='word_1_754' title='bbox 627 5893 675 5925; x_wconf 65' lang='grc' dir='ltr'><strong>ην.</strong></span> 
     </span>
    </p>
   </div>
   <div class='ocr_carea' id='block_1_104' title="bbox 1818 4658 3403 4755">
    <p class='ocr_par' dir='ltr' id='par_1_104' title="bbox 1818 4658 3403 4755">
     <span class='ocr_line' id='line_1_104' title="bbox 1818 4658 3403 4755; baseline 0.025 -48"><span class='ocrx_word' id='word_1_755' title='bbox 1818 4658 2097 4727; x_wconf 90' lang='lat' dir='ltr'><strong>proprium</strong></span> <span class='ocrx_word' id='word_1_756' title='bbox 2146 4677 2369 4718; x_wconf 89' lang='lat' dir='ltr'><strong>sensum</strong></span> <span class='ocrx_word' id='word_1_757' title='bbox 2414 4668 2829 4741; x_wconf 86' lang='lat' dir='ltr'><strong>intelligentiam</strong></span> <span class='ocrx_word' id='word_1_758' title='bbox 2883 4682 3015 4752; x_wconf 72' lang='lat' dir='ltr'><strong>legis</strong></span> <span class='ocrx_word' id='word_1_759' title='bbox 3053 4684 3217 4755; x_wconf 89' lang='lat' dir='ltr'><strong>hujus</strong></span> <span class='ocrx_word' id='word_1_760' title='bbox 3255 4692 3403 4745; x_wconf 87' lang='lat' dir='ltr'><strong>acci—</strong></span> 
     </span>
    </p>
   </div>
   <div class='ocr_carea' id='block_1_105' title="bbox 1816 4748 3397 4851">
    <p class='ocr_par' dir='ltr' id='par_1_105' title="bbox 1816 4748 3397 4851">
     <span class='ocr_line' id='line_1_105' title="bbox 1816 4748 3397 4851; baseline 0.023 -53"><span class='ocrx_word' id='word_1_761' title='bbox 1816 4761 1962 4816; x_wconf 88' lang='lat' dir='ltr'><strong>pere.</strong></span> <span class='ocrx_word' id='word_1_762' title='bbox 1994 4748 2071 4803; x_wconf 92' lang='lat' dir='ltr'><strong>Ita</strong></span> <span class='ocrx_word' id='word_1_763' title='bbox 2101 4752 2243 4806; x_wconf 90' lang='lat' dir='ltr'><strong>enim</strong></span> <span class='ocrx_word' id='word_1_764' title='bbox 2278 4754 2347 4810; x_wconf 90' lang='lat' dir='ltr'><strong>ab</strong></span> <span class='ocrx_word' id='word_1_765' title='bbox 2368 4773 2433 4811; x_wconf 92' lang='lat' dir='ltr'><strong>eo</strong></span> <span class='ocrx_word' id='word_1_766' title='bbox 2458 4763 2550 4829; x_wconf 92' lang='lat' dir='ltr'><strong>qui</strong></span> <span class='ocrx_word' id='word_1_767' title='bbox 2588 4768 2850 4851; x_wconf 76' lang='lat' dir='ltr'><strong>mundqm</strong></span> <span class='ocrx_word' id='word_1_768' title='bbox 2885 4748 3151 4836; x_wconf 66' lang='lat' dir='ltr'><strong>condidit.</strong></span> <span class='ocrx_word' id='word_1_769' title='bbox 3188 4781 3397 4851; x_wconf 88' lang='lat' dir='ltr'><strong>scripta</strong></span> 
     </span>
    </p>
   </div>
   <div class='ocr_carea' id='block_1_106' title="bbox 1814 4839 3398 4925">
    <p class='ocr_par' dir='ltr' id='par_1_106' title="bbox 1814 4839 3398 4925">
     <span class='ocr_line' id='line_1_106' title="bbox 1814 4839 3398 4925; baseline 0.021 -34"><span class='ocrx_word' id='word_1_770' title='bbox 1814 4842 1920 4903; x_wconf 88' lang='lat' dir='ltr'><strong>est,</strong></span> <span class='ocrx_word' id='word_1_771' title='bbox 1952 4845 2010 4892; x_wconf 91' lang='lat' dir='ltr'><strong>ut</strong></span> <span class='ocrx_word' id='word_1_772' title='bbox 2057 4839 2111 4894; x_wconf 90' lang='lat' dir='ltr'><strong>in</strong></span> <span class='ocrx_word' id='word_1_773' title='bbox 2165 4842 2282 4913; x_wconf 90' lang='lat' dir='ltr'><strong>ipsa</strong></span> <span class='ocrx_word' id='word_1_774' title='bbox 2330 4862 2512 4904; x_wconf 89' lang='lat' dir='ltr'><strong>rerum</strong></span> <span class='ocrx_word' id='word_1_775' title='bbox 2561 4853 2699 4911; x_wconf 83' lang='lat' dir='ltr'><strong>ﬁdes</strong></span> <span class='ocrx_word' id='word_1_776' title='bbox 2745 4840 3029 4917; x_wconf 71' lang='lat' dir='ltr'><strong>habeatur.</strong></span> <span class='ocrx_word' id='word_1_777' title='bbox 3085 4864 3240 4923; x_wconf 87' lang='lat' dir='ltr'><strong>Unde</strong></span> <span class='ocrx_word' id='word_1_778' title='bbox 3282 4839 3398 4925; x_wconf 78' lang='lat' dir='ltr'><strong>sive.</strong></span> 
     </span>
    </p>
   </div>
   <div class='ocr_carea' id='block_1_107' title="bbox 1818 4929 3398 5032">
    <p class='ocr_par' dir='ltr' id='par_1_107' title="bbox 1818 4929 3398 5032">
     <span class='ocr_line' id='line_1_107' title="bbox 1818 4929 3398 5032; baseline 0.027 -55"><span class='ocrx_word' id='word_1_779' title='bbox 1818 4929 1945 4996; x_wconf 91' lang='lat' dir='ltr'><strong>quis</strong></span> <span class='ocrx_word' id='word_1_780' title='bbox 1987 4946 2137 4995; x_wconf 81' lang='lat' dir='ltr'><strong>vera,</strong></span> <span class='ocrx_word' id='word_1_781' title='bbox 2189 4934 2305 4991; x_wconf 88' lang='lat' dir='ltr'><strong>sive</strong></span> <span class='ocrx_word' id='word_1_782' title='bbox 2337 4939 2500 4994; x_wconf 86' lang='lat' dir='ltr'><strong>etiam</strong></span> <span class='ocrx_word' id='word_1_783' title='bbox 2544 4942 2679 5000; x_wconf 85' lang='lat' dir='ltr'><strong>falsa</strong></span> <span class='ocrx_word' id='word_1_784' title='bbox 2722 4951 2969 5017; x_wconf 89' lang='lat' dir='ltr'><strong>proferre</strong></span> <span class='ocrx_word' id='word_1_785' title='bbox 2998 4952 3145 5023; x_wconf 90' lang='lat' dir='ltr'><strong>velit,</strong></span> <span class='ocrx_word' id='word_1_786' title='bbox 3190 4960 3398 5032; x_wconf 88' lang='lat' dir='ltr'><strong>absque</strong></span> 
     </span>
    </p>
   </div>
   <div class='ocr_carea' id='block_1_108' title="bbox 1814 5018 3397 5123">
    <p class='ocr_par' dir='ltr' id='par_1_108' title="bbox 1814 5018 3397 5123">
     <span class='ocr_line' id='line_1_108' title="bbox 1814 5018 3397 5123; baseline 0.025 -54"><span class='ocrx_word' id='word_1_787' title='bbox 1814 5018 1916 5073; x_wconf 88' lang='lat' dir='ltr'><strong>hac</strong></span> <span class='ocrx_word' id='word_1_788' title='bbox 1970 5021 2085 5087; x_wconf 80' lang='lat' dir='ltr'><strong>lege</strong></span> <span class='ocrx_word' id='word_1_789' title='bbox 2144 5025 2289 5080; x_wconf 91' lang='lat' dir='ltr'><strong>nulla</strong></span> <span class='ocrx_word' id='word_1_790' title='bbox 2353 5032 2649 5103; x_wconf 84' lang='lat' dir='ltr'><strong>recipietur</strong></span> <span class='ocrx_word' id='word_1_791' title='bbox 2706 5045 2963 5100; x_wconf 89' lang='lat' dir='ltr'><strong>assertio.</strong></span> <span class='ocrx_word' id='word_1_792' title='bbox 3027 5047 3165 5113; x_wconf 86' lang='lat' dir='ltr'><strong>Quia</strong></span> <span class='ocrx_word' id='word_1_793' title='bbox 3226 5052 3397 5123; x_wconf 90' lang='lat' dir='ltr'><strong>igitur</strong></span> 
     </span>
    </p>
   </div>
   <div class='ocr_carea' id='block_1_109' title="bbox 1813 5111 3391 5207">
    <p class='ocr_par' dir='ltr' id='par_1_109' title="bbox 1813 5111 3391 5207">
     <span class='ocr_line' id='line_1_109' title="bbox 1813 5111 3391 5207; baseline 0.022 -42"><span class='ocrx_word' id='word_1_794' title='bbox 1813 5111 2044 5166; x_wconf 89' lang='lat' dir='ltr'><strong>scientia</strong></span> <span class='ocrx_word' id='word_1_795' title='bbox 2074 5130 2193 5169; x_wconf 87' lang='lat' dir='ltr'><strong>mea</strong></span> <span class='ocrx_word' id='word_1_796' title='bbox 2222 5118 2540 5187; x_wconf 89' lang='lat' dir='ltr'><strong>plenissime</strong></span> <span class='ocrx_word' id='word_1_797' title='bbox 2571 5143 2696 5182; x_wconf 89' lang='lat' dir='ltr'><strong>cum</strong></span> <span class='ocrx_word' id='word_1_798' title='bbox 2734 5132 2850 5201; x_wconf 81' lang='lat' dir='ltr'><strong>lege</strong></span> <span class='ocrx_word' id='word_1_799' title='bbox 2885 5140 3205 5207; x_wconf 88' lang='lat' dir='ltr'><strong>concordat,</strong></span> <span class='ocrx_word' id='word_1_800' title='bbox 3240 5154 3391 5200; x_wconf 88' lang='lat' dir='ltr'><strong>recte</strong></span> 
     </span>
    </p>
   </div>
   <div class='ocr_carea' id='block_1_110' title="bbox 1815 5202 3393 5296">
    <p class='ocr_par' dir='ltr' id='par_1_110' title="bbox 1815 5202 3393 5296">
     <span class='ocr_line' id='line_1_110' title="bbox 1815 5202 3393 5296; baseline 0.026 -44"><span class='ocrx_word' id='word_1_801' title='bbox 1815 5202 2015 5258; x_wconf 88' lang='lat' dir='ltr'><strong>multos</strong></span> <span class='ocrx_word' id='word_1_802' title='bbox 2053 5219 2175 5261; x_wconf 88' lang='lat' dir='ltr'><strong>esse</strong></span> <span class='ocrx_word' id='word_1_803' title='bbox 2216 5216 2561 5278; x_wconf 76' lang='lat' dir='ltr'><strong>pronuntiavi</strong></span> <span class='ocrx_word' id='word_1_804' title='bbox 2612 5220 2773 5285; x_wconf 85' lang='lat' dir='ltr'><strong>deos,</strong></span> <span class='ocrx_word' id='word_1_805' title='bbox 2828 5242 3061 5296; x_wconf 92' lang='lat' dir='ltr'><strong>quorum</strong></span> <span class='ocrx_word' id='word_1_806' title='bbox 3114 5250 3257 5290; x_wconf 88' lang='lat' dir='ltr'><strong>unus</strong></span> <span class='ocrx_word' id='word_1_807' title='bbox 3307 5248 3393 5291; x_wconf 86' lang='lat' dir='ltr'><strong>est</strong></span> 
     </span>
    </p>
   </div>
   <div class='ocr_carea' id='block_1_111' title="bbox 1810 5292 3391 5393">
    <p class='ocr_par' dir='ltr' id='par_1_111' title="bbox 1810 5292 3391 5393">
     <span class='ocr_line' id='line_1_111' title="bbox 1810 5292 3391 5393; baseline 0.025 -49"><span class='ocrx_word' id='word_1_808' title='bbox 1810 5292 2138 5350; x_wconf 87' lang='lat' dir='ltr'><strong>eminentior</strong></span> <span class='ocrx_word' id='word_1_809' title='bbox 2164 5308 2219 5354; x_wconf 90' lang='lat' dir='ltr'><strong>et</strong></span> <span class='ocrx_word' id='word_1_810' title='bbox 2247 5292 2858 5380; x_wconf 41' lang='lat' dir='ltr'><strong>incomprehensibilis,—</strong></span> <span class='ocrx_word' id='word_1_811' title='bbox 2875 5320 2993 5389; x_wconf 91' lang='lat' dir='ltr'><strong>ipse</strong></span> <span class='ocrx_word' id='word_1_812' title='bbox 3019 5323 3113 5393; x_wconf 91' lang='lat' dir='ltr'><strong>qui</strong></span> <span class='ocrx_word' id='word_1_813' title='bbox 3138 5334 3224 5380; x_wconf 87' lang='lat' dir='ltr'><strong>est</strong></span> <span class='ocrx_word' id='word_1_814' title='bbox 3248 5324 3391 5385; x_wconf 83' lang='lat' dir='ltr'><strong>Deus</strong></span> 
     </span>
    </p>
   </div>
   <div class='ocr_carea' id='block_1_112' title="bbox 1809 5378 3391 5484">
    <p class='ocr_par' dir='ltr' id='par_1_112' title="bbox 1809 5378 3391 5484">
     <span class='ocr_line' id='line_1_112' title="bbox 1809 5378 3391 5484; baseline 0.028 -55"><span class='ocrx_word' id='word_1_815' title='bbox 1809 5378 2055 5436; x_wconf 89' lang='lat' dir='ltr'><strong>deorum.</strong></span> <span class='ocrx_word' id='word_1_816' title='bbox 2122 5384 2276 5451; x_wconf 90' lang='lat' dir='ltr'><strong>Quod</strong></span> <span class='ocrx_word' id='word_1_817' title='bbox 2343 5403 2525 5450; x_wconf 88' lang='lat' dir='ltr'><strong>autem</strong></span> <span class='ocrx_word' id='word_1_818' title='bbox 2602 5405 2758 5458; x_wconf 91' lang='lat' dir='ltr'><strong>multi</strong></span> <span class='ocrx_word' id='word_1_819' title='bbox 2802 5378 2912 5463; x_wconf 65' lang='lat' dir='ltr'><strong>sini</strong></span> <span class='ocrx_word' id='word_1_820' title='bbox 2952 5378 3058 5475; x_wconf 55' lang='lat' dir='ltr'><strong>dii,</strong></span> <span class='ocrx_word' id='word_1_821' title='bbox 3122 5415 3238 5484; x_wconf 88' lang='lat' dir='ltr'><strong>ipsa</strong></span> <span class='ocrx_word' id='word_1_822' title='bbox 3303 5436 3391 5474; x_wconf 89' lang='lat' dir='ltr'><strong>me</strong></span> 
     </span>
    </p>
   </div>
   <div class='ocr_carea' id='block_1_113' title="bbox 1808 5466 3388 5578">
    <p class='ocr_par' dir='ltr' id='par_1_113' title="bbox 1808 5466 3388 5578">
     <span class='ocr_line' id='line_1_113' title="bbox 1808 5466 3388 5578; baseline 0.028 -60"><span class='ocrx_word' id='word_1_823' title='bbox 1808 5466 2023 5524; x_wconf 87' lang='lat' dir='ltr'><strong>edocuit</strong></span> <span class='ocrx_word' id='word_1_824' title='bbox 2056 5473 2159 5529; x_wconf 79' lang='lat' dir='ltr'><strong>lex.</strong></span> <span class='ocrx_word' id='word_1_825' title='bbox 2199 5477 2383 5535; x_wconf 88' lang='lat' dir='ltr'><strong>Primo</strong></span> <span class='ocrx_word' id='word_1_826' title='bbox 2410 5488 2632 5556; x_wconf 89' lang='lat' dir='ltr'><strong>quidem</strong></span> <span class='ocrx_word' id='word_1_827' title='bbox 2668 5494 2757 5549; x_wconf 89' lang='lat' dir='ltr'><strong>ubi</strong></span> <span class='ocrx_word' id='word_1_828' title='bbox 2794 5513 2858 5551; x_wconf 78' lang='lat' dir='ltr'><strong>ex</strong></span> <span class='ocrx_word' id='word_1_829' title='bbox 2891 5515 3125 5569; x_wconf 87' lang='lat' dir='ltr'><strong>persona</strong></span> <span class='ocrx_word' id='word_1_830' title='bbox 3157 5522 3388 5578; x_wconf 83' lang='lat' dir='ltr'><strong>serpen-</strong></span> 
     </span>
    </p>
   </div>
   <div class='ocr_carea' id='block_1_114' title="bbox 1811 5558 3390 5672">
    <p class='ocr_par' dir='ltr' id='par_1_114' title="bbox 1811 5558 3390 5672">
     <span class='ocr_line' id='line_1_114' title="bbox 2891 5558 3352 5578; baseline 0.026 -9"><span class='ocrx_word' id='word_1_831' title='bbox 2891 5558 2908 5569; x_wconf 75' lang='grc' dir='ltr'>ι</span> <span class='ocrx_word' id='word_1_832' title='bbox 3159 5558 3273 5578; x_wconf 27' lang='grc' dir='ltr'><strong>““ήΙ’“</strong></span> <span class='ocrx_word' id='word_1_833' title='bbox 3291 5558 3352 5564; x_wconf 55' lang='grc' dir='ltr'><strong>ν’-</strong></span> 
     </span>
     <span class='ocr_line' id='line_1_115' title="bbox 1811 5558 3390 5672; baseline 0.029 -61"><span class='ocrx_word' id='word_1_834' title='bbox 1811 5558 1880 5612; x_wconf 89' lang='lat' dir='ltr'><strong>tis</strong></span> <span class='ocrx_word' id='word_1_835' title='bbox 1907 5562 2108 5619; x_wconf 82' lang='lat' dir='ltr'><strong>dicitur</strong></span> <span class='ocrx_word' id='word_1_836' title='bbox 2136 5570 2201 5623; x_wconf 90' lang='lat' dir='ltr'><strong>ad</strong></span> <span class='ocrx_word' id='word_1_837' title='bbox 2236 5571 2426 5639; x_wconf 80' lang='lat' dir='ltr'><strong>Evam,</strong></span> <span class='ocrx_word' id='word_1_838' title='bbox 2458 5582 2687 5649; x_wconf 82' lang='lat' dir='ltr'><strong>primam</strong></span> <span class='ocrx_word' id='word_1_839' title='bbox 2716 5592 2998 5647; x_wconf 79' lang='lat' dir='ltr'><strong>mulierem</strong></span> <span class='ocrx_word' id='word_1_840' title='bbox 3031 5612 3041 5645; x_wconf 90' lang='lat'>:</span> <span class='ocrx_word' id='word_1_841' title='bbox 3070 5596 3390 5672; x_wconf 77' lang='lat' dir='ltr'><strong>Quacunquc</strong></span> 
     </span>
     <span class='ocr_line' id='line_1_116' title="bbox 1816 5650 2439 5672; baseline 0.027 0"><span class='ocrx_word' id='word_1_842' title='bbox 1816 5650 1894 5672; x_wconf 64' lang='grc' dir='ltr'><strong>Δὶ-</strong></span> <span class='ocrx_word' id='word_1_843' title='bbox 1926 5670 1947 5672; x_wconf 49' lang='grc' dir='ltr'>η</span> <span class='ocrx_word' id='word_1_844' title='bbox 2069 5658 2080 5672; x_wconf 84' lang='grc' dir='ltr'><strong>Ι</strong></span> <span class='ocrx_word' id='word_1_845' title='bbox 2282 5668 2289 5672; x_wconf 94' lang='grc'>·</span> <span class='ocrx_word' id='word_1_846' title='bbox 2326 5668 2334 5672; x_wconf 68' lang='lat'><em>‘</em></span> <span class='ocrx_word' id='word_1_847' title='bbox 2434 5670 2439 5672; x_wconf 71' lang='grc'><strong>“</strong></span> 
     </span>
    </p>
   </div>
   <div class='ocr_carea' id='block_1_115' title="bbox 1811 5650 3384 5748">
    <p class='ocr_par' dir='ltr' id='par_1_115' title="bbox 1811 5650 3384 5748">
     <span class='ocr_line' id='line_1_117' title="bbox 3073 5650 3384 5672; baseline 0.029 -11"><span class='ocrx_word' id='word_1_848' title='bbox 3073 5650 3102 5661; x_wconf 82' lang='lat'><strong>..</strong></span> <span class='ocrx_word' id='word_1_849' title='bbox 3176 5650 3384 5672; x_wconf 35' lang='grc' dir='ltr'><strong>γένη-τη</strong></span> 
     </span>
     <span class='ocr_line' id='line_1_118' title="bbox 1811 5650 3384 5748; baseline 0.03 -47"><span class='ocrx_word' id='word_1_850' title='bbox 1811 5650 1895 5704; x_wconf 74' lang='lat' dir='ltr'><strong>die</strong></span> <span class='ocrx_word' id='word_1_851' title='bbox 1922 5658 2362 5721; x_wconf 78' lang='lat' dir='ltr'><strong>manducaveritis</strong></span> <span class='ocrx_word' id='word_1_852' title='bbox 2407 5670 2470 5724; x_wconf 82' lang='lat' dir='ltr'><strong>de</strong></span> <span class='ocrx_word' id='word_1_853' title='bbox 2495 5673 2636 5741; x_wconf 76' lang='lat' dir='ltr'><strong>ligno</strong></span> <span class='ocrx_word' id='word_1_854' title='bbox 2668 5680 2871 5735; x_wconf 75' lang='lat' dir='ltr'><strong>sciendi</strong></span> <span class='ocrx_word' id='word_1_855' title='bbox 2894 5683 3083 5739; x_wconf 79' lang='lat' dir='ltr'><strong>bonum</strong></span> <span class='ocrx_word' id='word_1_856' title='bbox 3114 5702 3163 5742; x_wconf 87' lang='lat' dir='ltr'><strong>et</strong></span> <span class='ocrx_word' id='word_1_857' title='bbox 3187 5694 3384 5748; x_wconf 78' lang='lat' dir='ltr'><strong>malum</strong></span> 
     </span>
    </p>
   </div>
   <div class='ocr_carea' id='block_1_116' title="bbox 1808 5744 3383 5845">
    <p class='ocr_par' dir='ltr' id='par_1_116' title="bbox 1808 5744 3383 5845">
     <span class='ocr_line' id='line_1_119' title="bbox 1808 5744 3383 5845; baseline 0.03 -51"><span class='ocrx_word' id='word_1_858' title='bbox 1808 5744 1954 5799; x_wconf 74' lang='lat' dir='ltr'><strong>eritis</strong></span> <span class='ocrx_word' id='word_1_859' title='bbox 1982 5750 2119 5806; x_wconf 72' lang='lat' dir='ltr'><strong>sicut</strong></span> <span class='ocrx_word' id='word_1_860' title='bbox 2148 5754 2223 5809; x_wconf 80' lang='lat' dir='ltr'><strong>dii</strong></span> <span class='ocrx_word' id='word_1_861' title='bbox 2254 5757 2315 5823; x_wconf 80' lang='grc'><strong>³⁸,</strong></span> <span class='ocrx_word' id='word_1_862' title='bbox 2352 5761 2449 5817; x_wconf 86' lang='lat' dir='ltr'><strong>hoc</strong></span> <span class='ocrx_word' id='word_1_863' title='bbox 2475 5776 2579 5831; x_wconf 68' lang='lat' dir='ltr'><strong>cst,</strong></span> <span class='ocrx_word' id='word_1_864' title='bbox 2617 5772 2753 5825; x_wconf 86' lang='lat' dir='ltr'><strong>sicut</strong></span> <span class='ocrx_word' id='word_1_865' title='bbox 2787 5775 2839 5827; x_wconf 90' lang='lat' dir='ltr'><strong>hi</strong></span> <span class='ocrx_word' id='word_1_866' title='bbox 2867 5778 2956 5845; x_wconf 81' lang='lat' dir='ltr'><strong>qui</strong></span> <span class='ocrx_word' id='word_1_867' title='bbox 2993 5779 3266 5839; x_wconf 83' lang='lat' dir='ltr'><strong>hominem</strong></span> <span class='ocrx_word' id='word_1_868' title='bbox 3300 5785 3383 5841; x_wconf 58' lang='lat' dir='ltr'><strong>fec</strong></span> 
     </span>
    </p>
   </div>
  </div>
