4066 6334
630 353 772 411 ηδτ

1490 353 1529 409 S
1582 351 1976 409 οιειιΕΝτιδ
2008 352 2028 407 l
2060 351 2225 408 ROM.
2264 351 2462 410 PONT.
2498 350 2724 408 OPERA
2760 352 2985 410 DUBIA.

3754 358 3891 417 ηδε

626 478 753 524 ατε
816 465 1011 526 Postea
1043 470 1190 523 enim
1236 483 1399 538 quam
1446 476 1735 539 gustavere
1770 463 1839 522 de
1870 466 2043 538 ligno,
2086 465 2205 537 ipse
2230 472 2277 529 Α
2310 468 2459 539 quod
2505 470 2672 525 etiam
2713 445 2759 524 si
2797 468 2959 525 inulti
2998 481 3126 525 sunt
3158 471 3258 537 dii,
3290 482 3351 527 ut
3378 473 3538 541 dicis,
3571 474 3887 535 Iudaeorum

626 556 775 615 Deus
801 565 1034 615 testatur
1060 559 1250 630 dii-ens
1278 558 1343 612 ad
1376 558 1617 627 reliquos
1647 558 1780 612 deos
1815 572 1832 610 :
1877 556 2007 611 Ecce
2028 555 2202 610 Adam

616 636 799 720 factus
833 659 911 704 est
956 649 1090 704 sicut
1128 667 1261 702 unus
1305 664 1369 703 ea:
1399 649 1547 703 nobis
1581 648 1643 704 ’⁹.
1683 647 1777 703 Sic
1808 664 1941 718 ergo
1985 653 2203 702 constat

622 738 826 797 multos
868 755 990 795 esse
1041 740 1172 796 deos
1212 742 1304 810 qui
1361 738 1633 794 hominem
1686 738 1949 797 fecerint,
1988 738 2113 806 quia
2150 743 2204 790 et

622 832 783 887 initio
824 834 897 887 ita
952 832 1087 887 dicit
1116 830 1261 886 Deus
1308 830 1375 885 ad
1428 838 1661 884 caateros
1711 828 1884 883 deos:
1912 826 2203 879 Faciamus

621 911 880 980 hominem
911 924 980 979 ad
1017 925 1297 995 imaginem
1334 932 1383 977 et
1420 921 1828 976 similitudinem
1873 935 2111 972 nostram
2132 919 2198 973 δ’.

623 1014 730 1071 Sed
763 1024 818 1070 et
846 1014 993 1087 quod
1020 1016 1094 1068 ait
1122 1035 1134 1069 ι
1164 1013 1457 1084 Ejiciamus
1485 1030 1602 1067 eum
1625 1013 1667 1044 “
1697 1012 1834 1083 (7'5).
1868 1010 1933 1065 Et
1961 1012 2159 1065 iterum
2186 1026 2198 1061 :

633 1104 818 1160 Veni-'e
866 1104 1236 1159 descendentes
1265 1104 1659 1173 confundamus
1695 1102 1903 1172 linguas
1933 1117 2115 1155 eorum
2134 1099 2202 1153 δ’.

618 1194 813 1251 Omnia
844 1195 959 1249 hinc
986 1195 1188 1249 multos
1213 1211 1336 1250 esse
1376 1193 1624 1249 indicant
1651 1192 1806 1248 deos.
1843 1191 1950 1247 Sed
1979 1200 2035 1247 et
2066 1189 2203 1245 illud

618 1285 885 1355 scriptum
916 1293 1003 1339 cst
1032 1306 1043 1339 :
1078 1284 1216 1341 Deos
1246 1303 1350 1339 non
1381 1284 1685 1349 maledices,
1719 1294 1767 1339 et
1796 1286 2083 1354 principem
2110 1300 2206 1353 po—

615 1376 728 1444 puli
757 1377 833 1428 tui
864 1392 965 1429 non
993 1376 1269 1432 maledices
1293 1377 1359 1431 δ’.
1395 1375 1463 1430 Et
1490 1392 1709 1431 rursum
1745 1376 1891 1447 quod
1936 1377 2204 1446 scriptum

616 1472 735 1523 est:
760 1469 1014 1523 Dominus
1056 1468 1200 1522 solus
1242 1469 1464 1522 ducebat
1510 1484 1629 1531 cos,
1672 1475 1721 1520 et
1764 1481 1867 1517 non
1904 1474 2019 1518 erat
2062 1480 2184 1518 cum

624 1558 735 1614 illis
765 1560 900 1617 Deus
929 1560 1131 1615 alienus
1154 1562 1218 1623 “,
1249 1561 1447 1616 inultos
1471 1575 1593 1615 esse
1617 1557 1852 1612 ostendit
1874 1558 2025 1612 deos.
2054 1556 2193 1612 Sunt

617 1657 671 1702 et
704 1648 807 1701 alia
844 1650 1076 1718 plurima
1106 1663 1229 1719 quae
1257 1647 1488 1717 proferri
1521 1658 1753 1719 possunt
1786 1664 1852 1703 ει
1885 1649 1998 1719 lege
2047 1648 2204 1703 testi-

622 1740 830 1803 monia,
872 1756 979 1793 non
1016 1740 1192 1795 solum
1240 1741 1592 1803 obscuriora,
1642 1740 1737 1796 sed
1784 1748 1839 1795 et
1886 1740 2199 1801 manifesta,

2306 559 2418 615 Deo
2460 560 2665 616 subditi
2703 570 2866 625 sunt,
2916 562 3005 616 eui
3058 577 3233 632 neque
3277 566 3503 636 aequalis
3549 571 3883 641 quisquam,

2306 664 2484 719 neque
2516 650 2694 719 major
2726 665 2848 705 esse
2878 659 3091 719 potest;
3126 652 3393 721 scriptum
3420 663 3506 711 est
3530 658 3703 720 enim,
3735 658 3885 728 quod

2307 740 2385 793 ita
2421 738 2571 793 dicat
2634 739 2701 792 ad
2741 737 2959 796 Judteos
3003 739 3216 810 Moyses
3260 744 3523 813 propheta
3560 765 3574 800 :
3619 744 3886 804 Dominus

2304 829 2445 885 Deus
2474 839 2639 884 mter
2660 830 2744 883 hic
2774 840 2851 885 est
2877 830 3017 886 Deus
3044 832 3283 896 deorum,
3328 848 3379 889 et
3424 835 3682 892 Dominus
3710 837 3887 892 domi.

2306 935 2516 983 norunt,
2543 918 2685 974 Deus
2721 936 2945 990 magnus
2968 920 3035 999 δ’,
3071 919 3149 975 Ita
3185 922 3402 977 etiarnsi
3435 925 3589 980 multi
3634 937 3765 982 sunt
3789 931 3885 999 qui

2304 1010 2565 1065 dicuntur
2609 1009 2711 1075 dii,
2743 1024 2887 1065 unus
2918 1018 3002 1065 est
3044 1018 3226 1065 tamen
3281 1014 3526 1068 omnium
3568 1014 3888 1072 Judaiorum

2304 1100 2471 1163 Deus,
2500 1102 2593 1172 qui
2623 1110 2680 1156 et
2708 1101 2935 1157 deorum
2964 1100 3110 1157 Deus
3136 1104 3318 1161 dictus
3354 1114 3461 1163 est.
3503 1106 3689 1179 Neque
3730 1111 3886 1165 enim

2304 1194 2619 1262 quicunque
2664 1186 2863 1248 dictus
2896 1192 3062 1248 fuerit
3106 1192 3271 1256 Deus,
3312 1198 3574 1250 continuo
3604 1199 3748 1255 Deus
3774 1211 3880 1257 est.

2307 1282 2552 1352 Denique
2592 1290 2647 1337 et
2687 1281 2902 1353 Moyses
2954 1283 3090 1337 deus
3137 1281 3343 1337 dicitur
3384 1283 3686 1344 Pharaonis
3727 1289 3797 1352 “,
3827 1296 3890 1345 et

2304 1382 2514 1430 certum
2543 1384 2627 1431 est
2655 1391 2779 1431 eum
2811 1376 3082 1431 hominem
3115 1375 3305 1432 fuisse.
3340 1376 3406 1431 Et
3431 1379 3645 1447 iudices
3671 1381 3749 1435 dii
3782 1396 3882 1452 ap-

2310 1466 2492 1536 pellati
2522 1464 2675 1532 sunt,
2706 1474 2761 1522 et
2789 1472 3005 1521 constat
3034 1482 3130 1521 eos
3161 1467 3333 1524 fuisse
3364 1472 3639 1525 mortales.
3692 1471 3883 1527 Simu-

2305 1556 2453 1610 lacra
2495 1544 2715 1626 quoque
2761 1556 3007 1625 gentium
3055 1558 3129 1611 dii
3173 1560 3535 1629 appellantur,
3580 1570 3632 1616 et
3687 1577 3883 1620 omnes

2306 1646 2532 1709 scimus,
2568 1648 2697 1717 quia
2732 1663 2839 1701 non
2872 1657 3023 1712 sunt,
3061 1649 3156 1704 sed
3186 1650 3368 1720 impiis
3399 1653 3557 1720 quasi
3588 1668 3687 1721 pro
3717 1668 3879 1723 paena

2306 1738 2407 1792 hoc
2454 1739 2645 1792 datum
2687 1745 2801 1800 est,
2836 1745 2895 1791 ut
2923 1740 3050 1808 quia
3089 1755 3279 1794 verum
3325 1739 3495 1795 Deum
3542 1757 3882 1813 cognoscere

615 1831 814 1899 quibus
855 1830 1013 1885 multi
1057 1845 1179 1885 csse
1210 1831 1508 1884 doceantur
1540 1820 1635 1888 dii.
1687 1830 1763 1883 Ex
1801 1832 2001 1900 quibus
2034 1847 2195 1895 unus,
2230 1816 2270 1871 Β
2301 1831 2614 1891 noluerunt,
2659 1845 2996 1899 quaecunque
3040 1832 3120 1886 eis
3154 1830 3327 1884 forma
3358 1838 3413 1888 et
3457 1832 3639 1903 imago
3684 1850 3881 1910 occur-

616 1924 675 1973 ut
701 1918 1012 1973 Iudaeorum
1044 1921 1248 1989 populo
1279 1920 1423 1975 Deus
1454 1929 1622 1985 esset,
1654 1930 1805 1975 sorte
1849 1921 2058 1975 electus
2088 1930 2192 1975 est.

613 2007 731 2079 Ego
763 2017 944 2064 autem
991 2025 1098 2063 non
1129 2010 1274 2065 hunc
1323 2027 1533 2074 assero,
1567 2010 1662 2065 sed
1705 2010 1856 2064 illum
1902 2012 1994 2081 qui
2032 2012 2196 2064 etiam

610 2101 779 2169 hujus
810 2100 953 2155 Deus
987 2112 1093 2165 est,
1125 2119 1285 2175 quem
1335 2118 1433 2157 nec
1484 2103 1587 2173 ipsi
1628 2102 1848 2172 quidem
1879 2101 2050 2157 Judaei
2096 2118 2195 2157 no-

610 2200 757 2247 runt.
818 2192 1009 2263 Neque
1047 2194 1191 2249 enim
1242 2196 1484 2264 ipsorum
1530 2202 1615 2249 est
1640 2194 1805 2261 Deus,
1857 2196 1952 2250 sed
2001 2210 2193 2250 eorum

614 2286 708 2355 qui
745 2274 1066 2355 agnoverint
1092 2302 1235 2340 eum.

691 2375 803 2431 XL.
846 2376 943 2430 His
990 2378 1195 2431 auditis
1218 2376 1411 2431 Petrus
1458 2398 1469 2431 :
1507 2377 1671 2441 Nihil,
1723 2379 1923 2448 inquit,
1955 2386 2194 2435 verearis

612 2464 836 2531 Simon;
871 2482 999 2521 ecce
1041 2468 1187 2521 enim
1228 2483 1405 2537 neque
1449 2484 1610 2523 aures
1648 2470 1986 2536 clausimus;
2019 2486 2194 2541 neque

611 2554 873 2626 legimus,
918 2557 1011 2612 sed
1048 2557 1113 2610 ad
1145 2573 1207 2611 ea
1239 2573 1359 2625 qua:
1390 2559 1530 2614 falso
1569 2568 1896 2629 prosecutus
1933 2575 2015 2622 es,
2047 2560 2191 2613 veri-

610 2648 745 2702 tatis
791 2649 1135 2703 sermonibus
1184 2650 1611 2719 respondemus,
1659 2651 1791 2705 illud
1823 2652 2000 2719 primo
2041 2666 2191 2706 asse-

608 2748 814 2804 rentes,
862 2741 990 2811 quia
1042 2757 1186 2795 unus
1241 2751 1324 2795 est
1365 2740 1528 2804 Deus,
1580 2741 1669 2794 hic
1702 2742 1818 2811 ipse
1852 2740 2189 2807 Iudaeorum,

608 2833 702 2901 qui
746 2842 830 2886 est
882 2834 1032 2887 solus
1066 2832 1229 2893 Deus,
1266 2834 1390 2885 εαξη
1431 2841 1646 2887 creator
1690 2848 1752 2887 ac
1798 2843 1978 2896 terrai,
2014 2832 2105 2902 qui
2135 2842 2191 2886 et

606 2923 851 2976 omnium
883 2924 1047 2977 etiam
1074 2940 1213 2991 quos
1245 2924 1383 2977 dicis
1412 2924 1636 2978 deorum
1666 2924 1807 2979 Deus
1838 2932 1943 2980 est.
1974 2924 2029 2978 Si
2060 2938 2191 2993 ergo

608 3012 902 3067 ostendero
933 3014 1144 3067 nullum
1176 3030 1300 3068 esse
1356 3014 1459 3068 hoc
1488 3016 1848 3084 superiorem,
1884 3015 1976 3069 sed
2009 3015 2187 3085 ipsum

2299 1919 2483 1982 risset,
2529 1920 2826 1974 haberetur
2872 1920 2941 1973 ab
2971 1920 3050 1973 eis
3095 1919 3259 1975 Deus.
3312 1919 3584 1985 Quoniam
3613 1922 3657 1953 "
3686 1922 3874 1983 unius,

2298 2020 2357 2065 ut
2378 2010 2512 2075 dixi,
2540 2013 2634 2081 qui
2664 2020 2747 2065 est
2773 2012 3018 2065 omnium
3046 2010 3211 2073 Deus,
3238 2011 3571 2081 agnitionem
3595 2014 3881 2082 suscipere

2300 2108 2648 2165 recusarunt,
2694 2101 2815 2155 ideo
2847 2116 2978 2172 ergo
3017 2101 3340 2155 conceditur
3383 2100 3465 2157 eis
3509 2101 3632 2156 illos
3677 2102 3879 2157 habere

2298 2189 2451 2251 deos,
2502 2190 2595 2257 qui
2639 2199 2899 2258 praestare
2945 2190 3383 2259 supplicantibus
3432 2189 3566 2245 nihil
3618 2201 3873 2259 possunt.

2296 2277 2437 2345 Quid
2462 2280 2606 2335 enim
2650 2288 2742 2333 aut
2772 2281 3026 2334 exanima
3072 2282 3367 2335 simulacra
3400 2280 3655 2337 conferre
3696 2282 3875 2337 homi-

2296 2372 2457 2427 nibus
2485 2380 2688 2441 queant
2716 2379 2809 2425 aut
2840 2372 3167 2437 animantia,
3193 2389 3318 2427 cum
3343 2381 3587 2443 potestas
3624 2377 3874 2429 omnium

2294 2463 2436 2531 apud
2470 2478 2637 2515 unum
2667 2462 2775 2516 sit?

2364 2552 2521 2607 XLII.
2564 2554 2764 2609 Tribus
2812 2555 2979 2625 igitur
3007 2556 3183 2614 modis
3210 2556 3352 2612 Deus
3379 2560 3502 2629 quis
3528 2561 3755 2625 dicitur,
3790 2563 3872 2617 vel

2293 2646 2422 2715 quia
2443 2662 2568 2700 vere
2596 2654 2701 2709 est,
2731 2648 2816 2701 vel
2843 2649 2985 2717 quia
3015 2648 3065 2702 ei
3090 2650 3182 2719 qui
3207 2666 3331 2705 vere
3360 2660 3462 2717 est,
3489 2655 3791 2714 ministrat,
3820 2662 3875 2708 et

2290 2736 2361 2790 ob
2391 2738 2650 2790 honorem
2689 2738 2977 2801 mittentis,
3012 2747 3070 2792 ut
3100 2740 3257 2809 plena
3295 2742 3363 2799 sit
3393 2744 3514 2811 ejus
3544 2746 3870 2801 auctoritas.

2293 2827 2397 2882 hoc
2446 2828 2647 2882 dicitur
2696 2830 2797 2883 iste
2839 2832 2931 2900 qui
2975 2832 3183 2887 missus
3210 2842 3316 2897 est,
3347 2835 3493 2902 quod
3523 2844 3610 2889 est
3657 2836 3750 2891 ille
3775 2836 3870 2906 qui

2292 2918 2461 2983 misit,
2504 2927 2563 2971 ut
2606 2935 2749 2987 szepe
2794 2917 2998 2973 factum
3039 2929 3123 2973 est
3164 2920 3233 2975 de
3272 2923 3502 2991 angelis,
3546 2926 3641 2994 qui
3686 2932 3868 2980 tamen

2302 3025 2427 3063 cum
2456 3010 2809 3079 apparuerint
2839 3010 3045 3063 homini
3066 3012 3137 3075 ",
3166 3012 3213 3066 si
3240 3011 3313 3065 sit
3357 3013 3599 3081 prudens
3640 3024 3698 3069 et
3738 3030 3868 3069 eri.-

611 3114 732 3153 esse
778 3116 943 3169 super
986 3102 1191 3165 omnia,
1244 3100 1502 3156 fateberis
1554 3116 1794 3155 errorem
1852 3110 2006 3154 tuum
2066 3114 2188 3153 esse
2214 3141 2257 3198 ϐ
2292 3100 2435 3154 ditus
2465 3101 2570 3161 vir,
2608 3099 2908 3169 interrogat
2952 3099 3073 3167 ejus
3118 3101 3213 3169 qui
3257 3103 3510 3170 apparuit
3552 3119 3775 3168 nomen,
3807 3116 3869 3158 ut

608 3206 775 3259 super
828 3192 1036 3245 omnia.
1106 3192 1168 3245 Et
1216 3191 1407 3245 Simon
1456 3212 1468 3245 :
1530 3191 1674 3256 Quid
1733 3193 1923 3254 enim,
1976 3191 2185 3259 inquit,

604 3283 821 3338 etiamsi
864 3298 964 3353 ego
1007 3284 1173 3337 nolim
1217 3283 1395 3346 fateri,
1424 3283 1517 3353 qui
1563 3283 1830 3337 assistunt
1878 3280 2181 3343 auditores,

608 3390 787 3428 nonne
809 3382 1035 3444 arguerit
1059 3390 1143 3428 ine
1162 3375 1430 3428 nolentem
1450 3389 1568 3443 quae
1599 3389 1723 3427 vera
1742 3380 1870 3427 sunt
1902 3370 2189 3441 profiteri?

680 3464 813 3520 XLI.
854 3466 1116 3521 Ausculta
1159 3482 1311 3537 ergo,
1349 3466 1425 3519 ait
1450 3464 1665 3529 Petrus,
1708 3473 1767 3519 ut
1800 3466 1943 3519 scias
1977 3466 2179 3535 primo,

698 3600 743 3631 "
779 3599 911 3653 lhid.
972 3598 1060 3653 22.
1164 3600 1210 3632 “
1248 3598 1385 3655 Gen.
1453 3618 1489 3661 i,
1541 3600 1629 3655 26.
1708 3601 1750 3631 ⁸¹
1791 3598 1925 3655 Gen.
1969 3616 2047 3659 iii.
2101 3600 2192 3655 22.

606 3668 694 3725 η.
802 3671 849 3700 ’⁵⁸
888 3670 1040 3722 Deut.
1072 3686 1125 3730 ι,
1157 3670 1241 3723 ΓΙ.
1339 3671 1383 3701 ⁸⁸
1414 3669 1588 3725 Exod.
1622 3685 1717 3732 vii,
1756 3671 1805 3723 i.

2292 3195 2454 3250 simul
2485 3202 2541 3250 et
2578 3194 2841 3249 honorem
2874 3195 3028 3251 missi
3075 3204 3130 3250 et
3170 3198 3548 3252 auctoritatem
3593 3200 3869 3255 mittentis

2288 3293 2568 3357 agnoscat.
2627 3284 2725 3340 Est
2767 3285 2914 3340 enim
2967 3286 3401 3358 uniuscujusque
3462 3291 3639 3359 gentis
3698 3306 3870 3362 ange-

2292 3380 2380 3432 lus
2413 3378 2548 3447 (74),
2602 3378 2691 3430 cui
2740 3377 2945 3431 credita
2978 3384 3063 3433 est
3093 3380 3271 3448 gentis
3317 3380 3491 3449 ipsius
3520 3382 3868 3451 dispensatio

2290 3482 2320 3521 a
2349 3466 2479 3531 Deo,
2517 3468 2609 3537 qui
2638 3473 2821 3521 tamen
2850 3484 2975 3523 cum
3002 3470 3335 3538 apparuerit,
3362 3474 3615 3540 quamvis
3640 3483 3867 3543 putetur

2288 3604 2331 3634 δ’
2367 3602 2621 3674 Gemini,
2658 3605 2706 3656 7.
2779 3603 2826 3635 ⁸⁸
2850 3602 3019 3658 Exod.
3070 3622 3205 3672 xx",
3255 3607 3346 3662 28.
3416 3607 3464 3638 “
3498 3607 3653 3664 Deut.
3683 3628 3861 3674 In".

1919 3671 2365 3755 ‘f‘Quopialnr—
2388 3672 2527 3755 apud
2586 3676 2875 3755 attulit-.8“
2907 3674 3129 3755 desunt,
3164 3681 3217 3731 iii
3263 3686 3496 3747 utroque
3534 3682 3661 3735 cod.
3705 3671 3860 3755 Lips.

604 3739 655 3772 ⁸³
684 3739 854 3793 Codd.
888 3738 1065 3808 Lipss.
1097 3756 1109 3789 ε
1138 3741 1229 3807 qui
1258 3749 1430 3794 tamen
1454 3756 1742 3808 apparuere
1765 3739 2060 3794 hominibus
2118 3740 2220 3795 Sed
2249 3752 2297 3795 et
2330 3738 2521 3807 sancti,
2547 3754 2653 3799 etc.
2685 3743 2913 3813 Reliqua
2942 3744 3157 3800 desunt.

1887 3838 2253 3907 COTELERII
2287 3851 2521 3908 ΝΟΤᾸΞ.

676 3986 789 4057 (Ἱῦ)
839 3985 1127 4053 Ejiciamus
1158 4004 1294 4041 eum.
1339 3986 1651 4043 Clementia.
1694 4005 1775 4051 iii,
1814 3988 2165 4057 59;Epitom.

603 4057 693 4119 37,
727 4056 956 4111 Cedreii.
989 4073 1040 4124 ι).
1076 4058 1195 4120 ΠΙ,
1227 4059 1259 4109 l.
1284 4059 1373 4111 ‘20.
1410 4058 1588 4113 Facile
1618 4059 1747 4111 mihi
1777 4056 2164 4124 persuaserim,

603 4128 845 4180 additum
872 4128 922 4179 id
956 4127 1120 4197 fuisse
1150 4129 1265 4179 loco
1286 4125 1481 4183 Cenes.
1517 4144 1593 4188 iii,
1626 4128 1717 4189 ‘22,
1742 4125 1813 4181 ob
1845 4129 2165 4197 pendentem

600 4196 927 4251 sententiain
953 4212 963 4245 :
996 4194 1148 4247 Nunc
1170 4212 1290 4265 ergo
1320 4214 1381 4249 ne
1401 4198 1537 4265 forte
1550 4199 1725 4250 mittat
1749 4194 1961 4251 manum
1991 4208 2165 4259 suam,

599 4276 651 4320 et
682 4276 856 4318 sumat
882 4265 1133 4335 etiamne
1156 4266 1295 4335 ligno
1329 4269 1469 4332 vita,
1502 4276 1551 4319 et
1592 4266 1852 4327 comedat,
1881 4280 1926 4321 et
1958 4270 2091 4322 vivat
2114 4269 2168 4321 in

605 4345 877 4389 (sternunt.
914 4333 1103 4401 Simile
1144 4333 1345 4403 quippe
1387 4335 1813 4388 additamentum
1856 4335 2169 4403 complecti-

604 4402 693 4460 tiir
714 4406 891 4459 versio
916 4404 1145 4458 Arabica
1164 4402 1188 4457 7:
1219 4402 1432 4471 Oportet
1468 4413 1525 4456 ut
1544 4412 1693 4457 exeat
1712 4419 1775 4457 ea:
1817 4403 1987 4457 horto.

2276 4008 2406 4066 num
2443 4000 2622 4047 tamen
2652 3994 2885 4066 epistola
2913 3993 2959 4045 2.
2990 3992 3234 4066 aduersus
3264 3994 3614 4058 Novatianos,
3656 4012 3860 4066 ponere

2274 4062 2490 4135 linguas
2518 4076 2643 4135 ciu,
2671 4062 2776 4117 nisi
2808 4063 2879 4117 sit
2907 4063 3311 4135 rescribendum
3344 4082 3505 4133 parva
3530 4062 3855 4135 imitatione,

2276 4130 2404 4201 ut.
2436 4131 2691 4201 Euplioro
2712 4139 2914 4201 autem,
2945 4133 3028 4186 vel
3058 4130 3272 4201 Ephoro
3296 4130 3525 4201 aliisque
3556 4137 3749 4201 multis
3773 4130 3854 4190 hi;

2272 4196 2688 4266 stotitjsgapud
2729 4196 3059 4266 Clementem
3100 4196 3773 4266 Alexaiidrinuiii_§tr9!u.
3812 4215 3853 4257 ι,

2270 4276 2393 4342 pag.
2426 4259 2785 4342 5_58{g_cntes
2815 4268 2878 4342 _et
2917 4259 3131 4340 linguas
3164 4275 3285 4314 esse
3333 4277 3494 4342 partv.
3530 4260 3616 4342 Ill.
3651 4259 3847 4342 _l_Jnuin

2271 4329 2420 4385 illum
2456 4331 2509 4383 in
2540 4329 2889 4400 archangelis
2910 4330 3229 4400 maximum.
3262 4333 3348 4385 cui
3379 4332 3502 4384 data
3537 4333 3605 4385 sit
3634 4332 3855 4400 dispen-

2271 4401 2408 4455 satio
2442 4399 2621 4467 populi
2658 4397 2773 4461 Dei,
2806 4398 2975 4453 videri
3006 4414 3128 4453 esse
3159 4398 3515 4465 Michaelem;
3552 4417 3614 4454 ex
3650 4397 3851 4457 Danie-

682 4474 793 4544 (74)
824 4472 920 4527 Est
969 4475 1109 4544 enim
1153 4465 1565 4542 uniuscuiusque
1607 4476 1773 4542 gentis
1808 4475 2041 4542 angelus.
2087 4474 2167 4528 Ad
2200 4465 2244 4519 Β
2271 4472 2338 4525 iis
2367 4465 2536 4544 χρη)
2563 4468 2623 4521 2t
2650 4484 2665 4533 ;
2695 4469 2969 4544 _xu_._i,_ac
3005 4484 3079 4544 e_x_
3113 4468 3371 4544 Dionysio
3401 4470 3476 4544 De
3503 4471 3697 4544 artati
3732 4473 3849 4544 liis-

606 4545 726 4599 δέκα
753 4554 805 4599 ει
839 4543 1120 4611 sequentia
1166 4544 1454 4597 observare
1484 4552 1694 4611 oportet
1743 4559 1850 4597 non
1901 4559 2090 4611 pauca.
2123 4546 2163 4601 1.

605 4615 762 4680 Quod
798 4613 971 4679 angeli
1012 4611 1269 4682 ὲθνάρχαι
1312 4613 1399 4665 liic
1429 4612 1681 4666 dicantur
1725 4615 1897 4682 angeli
1935 4615 2083 4673 boni,
2115 4627 2170 4670 et

604 4685 699 4737 lib.
726 4698 843 4744 vni,
870 4698 988 4751 cap.
1015 4682 1101 4746 5|,
1131 4685 1217 4748 56,
1243 4683 1414 4751 angeli
1444 4683 1589 4743 mali,
1620 4683 1670 4736 id
1693 4698 1811 4737 esse
1830 4699 1895 4737 ex
1922 4684 2166 4739 doctrina

602 4751 854 4825 Origenis
878 4762 930 4805 et
957 4751 1293 4825 Hieronymi,
1320 4752 1411 4820 qui
1440 4752 1705 4825 gentibus
1721 4764 1978 4822 utrosque
2007 4768 2170 4823 ange-

602 4824 687 4878 los
708 4821 1049 4891 praeponam.
1082 4821 1238 4874 Certe
1267 4832 1469 4891 textum
1492 4821 1649 4884 LXX,
1675 4821 1962 4877 Deuteron.
1995 4821 2167 4891 xxiii,

602 4892 637 4945 8
668 4889 1173 4965 ενὋζεεΑδᾲιεμέριζεν
1210 4889 1541 4965 ὁςΐψιςζτες
1577 4892 1737 4965 ἔθνη,
1766 4889 2169 4965 ὡςᾲδιέσπειρεν

603 4964 761 5035 γεεί»ςᾷ
786 4962 974 5035 ’Δράιέη
1001 4962 1226 5035 ἔστησεν
1250 4960 1371 5035 ὅρια.
1398 4960 1563 5035 tendis
1590 4960 1731 5035 κᾳτὰ
1751 4963 1980 5035 ἀριθμὸν
2004 4960 2169 5032 ἁγίγέ.

603 4979 751 5025 mou;
800 4979 912 5015 soci
960 5000 974 5023 ,
1001 4979 1226 5031 εστησεν
1250 4979 1371 5031 apta.
1398 4979 1563 5015 ευνων
1590 4979 1731 5014 κατα
1751 4979 1980 5035 αριυμον
2004 4979 2169 5032 αγγεο

603 5032 709 5085 λων
732 5033 884 5084 Θεοῑν
908 4979 1425 5095 δααηάοάὶυέάεὸαι
1454 5030 1759 5087 Altissimus
1788 5044 1985 5102 gentes,
2010 5050 2171 5103 quan-

602 5104 671 5156 do
700 5102 1063 5154 disseminavit
1092 5102 1233 5168 ﬁlios
1268 5102 1433 5163 Adw;
1464 5103 1738 5155 constituit
1768 5102 2170 5174 terminosgen-

603 5176 735 5226 tium
768 5178 1057 5225 secundum
1086 5188 1361 5223 numerum
1392 5182 1700 5242 angelorum
1738 5174 1863 5234 Dei;
1899 5176 1966 5227 ad
2005 5190 2166 5242 quem

599 5244 656 5310 in
704 5243 805 5295 hoc
847 5243 1023 5310 capite
1050 5242 1358 5309 respicitur,
1386 5241 1651 5310 Maximus
1688 5258 1953 5296 enarrans
1982 5241 2101 5308 cap.
2135 5247 2168 5298 9

589 5308 825 5365 Caelestis
854 5308 1181 5372 hiérarchiie,
1215 5324 1337 5362 cum
1372 5309 1493 5361 aliis
1541 5310 1789 5377 pluribus
1828 5310 2065 5377 explicat
2094 5309 2160 5363 de

589 5326 825 5365 ιιαειεειιε
854 5326 1181 5372 nscrarcnne,
1215 5326 1337 5362 cum
1372 5326 1493 5361 aiiis
1577 5326 1789 5362 iurinus
1828 5326 2065 5377 explicat
2094 5326 2159 5363 ae

588 5380 796 5450 sanctis
844 5379 1079 5450 angelis;
1131 5389 1322 5433 auctor
1367 5393 1494 5431 vero
1527 5326 1711 5447 ὃρενὶδ
1763 5378 2051 5450 imperfecti
2079 5378 2159 5450 _in

589 5446 899 5502 Matt/neum
921 5446 1008 5503 'ad
1037 5464 1159 5517 cap.
1202 5464 1357 5509 xxiv,
1394 5464 1536 5502 vers.
1574 5451 1635 5511 9,
1672 5464 1764 5502 seu
1808 5449 2028 5501 humilia
2064 5448 2156 5511 48,

593 5519 668 5572 De
698 5521 973 5589 malignis;
1021 5535 1121 5573 nec
1151 5520 1379 5572 inultum
1414 5519 1629 5589 diverse
1671 5517 1899 5589 Bruliiius
1937 5518 2152 5586 Exposi-

589 5592 724 5643 tione
773 5586 841 5643 inv
881 5588 1190 5656 Symbolum
1245 5588 1625 5657 apostolorum.
1686 5586 1747 5641 ll.
1794 5588 1866 5641 De
1907 5606 2011 5641 Lxx
2060 5604 2154 5642 seu

588 5674 730 5715 uxu
778 5660 1092 5715 nationibus
1141 5659 1243 5727 (de
1283 5659 1482 5728 quibus
1527 5658 1703 5712 Htil‘tls
1748 5659 1939 5727 Apollo
1976 5659 2067 5711 lib.
2116 5675 2151 5719 i,

588 5746 702 5799 cap.
740 5730 1211 5803 ii),¥totiilemque
1255 5730 1459 5803 angelis
1509 5730 1794 5797 praefectis,
1849 5737 1901 5779 et
1930 5730 2149 5803 linguis,

588 5800 813 5859 veteres
840 5801 1179 5859 Christianos
1218 5810 1265 5855 et
1306 5800 1518 5854 ludens
1561 5810 1865 5853 C(HlaUlill‘t‘.
1958 5800 2149 5852 Dnia-

2272 4542 2486 4611 rarcliia
2521 4534 2664 4611 eap._
2690 4538 2743 4592 9.
2770 4534 2841 4611 ’ρ
2880 4538 3096 4611 Μιχαὴλ
3136 4534 3511 4611 πρωῖτάγγελε,
3545 4543 3719 4611 inquit
3747 4542 3850 4595 Mi-

2270 4610 2422 4665 chael
2455 4607 2737 4677 Syncellus
2785 4607 3114 4662 Laudatione
3148 4607 3199 4660 in
3234 4610 3462 4663 cmlcstes
3500 4607 3741 4664 virtutes.
3782 4612 3850 4667 Et

2273 4681 2325 4733 in
2356 4684 2612 4731 Oratione
2638 4678 2836 4733 Niceue
2868 4678 2939 4732 De
2966 4678 3213 4731 laudibus
3239 4678 3515 4733 Michaelis
3546 4692 3594 4734 et
3626 4682 3853 4737 Gabrie-

2270 4752 2357 4813 lis,
2386 4758 2646 4827 Vocantur
2680 4749 2752 4827 illi
2774 4790 2789 4809 ,
2816 4748 2915 4827 τῇς
2942 4748 3350 4827 ἀρλχαγγελικῇς
3378 4750 3584 4815 τάξεως
3620 4751 3743 4827 ςταξι

2270 4770 2357 4813 us,
2386 4770 2646 4801 \‘iicaiitur
2680 4770 2752 4801 iiii
2774 4790 2789 4809 ,
2816 4770 2915 4827 της
2942 4770 3350 4819 αρχαγγελικης
3378 4770 3584 4815 ταςεως
3620 4770 3850 4875 tacta?-

2270 4838 2381 4892 χαι,
2410 4818 2705 4892 καὶὲπάσης
2728 4819 2972 4892 unum
3000 4819 3320 4892 δημαγῳγρὶ
3347 4823 3721 4892 χοροστασίας.
3753 4822 3771 4875 1
3828 4862 3846 4877 .

2318 4891 2445 4961 er_l_ia
2477 4890 2639 4961 citata
2666 4887 2703 4940 ε
2736 4887 3152 4961 Deuterononiio
3184 4887 3377 4961 leviter
3413 4887 3703 4958 depravata
3742 4892 3848 4961 legi

2270 4960 2325 5016 in
2370 4958 2649 5013 Victorino
2695 4959 2761 5012 ad
2807 4959 3219 5027 Apocalypsim;
3258 4957 3586 5016 TllCttdOt'ilO
3639 4957 3846 5016 "terei.

2271 5029 2465 5101 fabul.,
2494 5030 2587 5084 lib.
2614 5045 2665 5092 v,
2695 5045 2816 5098 cap.
2843 5030 2894 5093 7,
2914 5039 2968 5084 et
2991 5029 3227 5085 Maximo
3276 5032 3346 5083 ibi
3376 5046 3561 5153 supra.
3591 5032 3657 5083 V.
3687 5031 3844 5086 Deni-

2271 5116 2376 5153 uue
2424 5100 2697 5153 observari
2751 5110 2989 5153 meretur
3035 5099 3394 5153 fragmentum
3480 5102 3583 5153 eeii
3633 5102 3844 5153 codicis

2268 5099 2396 5172 que;
2424 5100 2697 5172 observari
2751 5099 3394 5172 iiiereturiragmcntuni
3435 5099 3583 5172 [legii
3633 5102 3845 5172 codicis

2272 5169 2431 5237 {648,
2464 5172 2535 5223 De
2561 5170 2755 5240 linguis
2785 5180 2833 5223 et
2857 5169 3094 5240 gentibus
3126 5169 3220 5240 72,
3244 5179 3297 5224 et
3322 5169 3555 5225 conferri
3584 5188 3706 5227 cuni
3744 5171 3846 5225 Eii-

2269 5243 2449 5315 sebio,
2472 5239 2825 5315 Epiphanio,
2853 5239 3135 5315 Chronica
3162 5239 3556 5315 Alexandrino»,
3604 5243 3848 5315 Georgio

2273 5309 2553 5385 Synccllo,
2583 5320 2688 5366 etc.
2734 5309 2975 5380 Subjicio
3010 5311 3170 5371 illud.
3208 5311 3415 5365 levibus
3445 5312 3589 5368 vitiis
3634 5309 3843 5382 purga-

2270 5397 2406 5440 tum.

2260 5445 2712 5510 Κωνσταντῖνος
2740 5447 2772 5497 ό
2805 5442 3187 5512 χαρτοφύλαξ
3215 5445 3283 5512 ἐνῇ
3316 5442 3393 5506 τῷ
3424 5443 3688 5509 ἐγκωμίῳ
3720 5441 3837 5493 τῶν

2328 5519 2510 5584 ἁγίων
2558 5514 2799 5567 πάντων
2850 5514 2956 5580 τὰς
2992 5511 2998 5512 ⁷
3030 5513 3129 5565 06'
3173 5511 3456 5581 γλώσσας
3518 5513 3839 5577 ὠνόμασεν

2328 5604 2502 5638 Οὕτω·

2332 5656 2584 5725 ’Έλληνες
2610 5655 2724 5725 ἅμα
2746 5656 2836 5707 καὶ
2859 5652 3467 5725 βάρὸᾳρφιηΜακεδόνες
3487 5652 3591 5725 ⁸ιιιπιὶ
3624 5650 3833 5725 Θεττατ

2258 5729 2356 5783 ληί.
2378 5722 2719 5786 "mammas.
2745 5722 3045 5794 ‘lniiptuo‘l,
3081 5723 3347 5789 Ἀθηναῖοι
3370 5724 3462 5775 καὶ
3487 5722 3835 5794 ’Λρῖςεῖοικιὶ

2260 5803 2527 5861 Adam/:7,
2565 5800 2651 5848 7.7.".
2685 5798 2730 5846 0‘.
2766 5794 2851 5847 τὴν
2885 5792 3129 5858 Εΰξεινθν
3172 5794 3358 5845 πόντον
3402 5792 3830 5865 περικαθήμενοι
