4066 6334
214 419 349 475 ίῖΰε)

1409 399 1916 458 BECOGNITIONU
1929 400 1978 455 Μ
2012 399 2136 454 LIB.
2176 397 2216 449 ll

3316 389 3456 446 1270

208 539 261 584 et
281 529 494 584 dicatur
517 527 585 580 ab
606 524 692 579 his
710 525 908 595 quibus
929 529 1142 592 praaest,
1160 517 1317 580 deus,
1339 525 1514 570 tamen
1542 515 1774 568 interro—
1803 519 1850 573 Α
1947 510 2128 566 XLIV.
2195 509 2350 574 Quod
2393 517 2446 565 et
2494 508 2541 563 si
2571 510 2680 562 sint
2722 507 2835 570 alii,
2870 515 2928 561 ut
2959 507 3222 570 diximus,
3251 506 3344 576 qui
3372 512 3456 559 ui-

209 631 366 692 gatus
385 634 491 673 non
509 618 613 673 sibi
630 616 778 671 dabit
797 615 912 684 ipse
928 614 1036 666 tale
1052 609 1448 666 testimonium.
1470 605 1612 660 Deus
1631 605 1775 658 enim

208 713 478 774 excelsus,
527 709 620 780 qui
663 707 814 762 solus
852 712 1177 775 potestatem
1215 700 1456 755 omnium
1496 705 1684 758 tenet,
1721 696 1776 749 in

209 801 552 872 septuaginta
576 814 628 854 et
648 798 785 853 duas
809 803 995 865 partes
1016 793 1204 848 divisit
1222 790 1390 844 totius
1419 796 1578 842 terrm
1605 786 1777 840 natio-

209 910 326 957 nes,
360 895 548 962 eisque
575 887 851 960 principes
883 885 1106 954 angelos
1148 882 1356 937 Statuit.
1390 878 1495 934 Uni
1527 893 1655 931 vero
1683 877 1776 946 qui

210 986 264 1038 in
311 980 656 1052 archangelis
701 988 817 1034 erat
864 976 1158 1038 maximus,
1208 980 1355 1027 sorte
1382 972 1504 1025 data
1534 977 1617 1024 est
1664 969 1778 1022 dis-

210 1076 456 1146 pensatio
488 1088 675 1128 eorum
698 1110 712 1135 ,
739 1069 834 1140 qui
871 1083 982 1138 prae
1031 1072 1242 1120 caeteris
1287 1062 1544 1118 omnibus
1574 1060 1778 1116 excelsi

208 1168 302 1224 Dei
351 1169 558 1223 cultum
606 1173 768 1234 atque
837 1160 1124 1217 scientiam
1174 1162 1517 1226 receperunt.
1582 1153 1687 1208 Sed
1725 1162 1779 1208 et

207 1260 382 1315 sancti
429 1257 699 1318 homines,
733 1261 792 1308 ut
823 1253 1085 1317 diximus,
1130 1251 1420 1319 impiorum
1469 1246 1779 1301 elliciuntur

204 1349 301 1413 dii,
334 1357 595 1419 tanquam
629 1347 719 1416 qui
743 1352 1064 1416 potcSLatem
1094 1341 1406 1409 acceperint
1433 1342 1489 1393 in
1521 1354 1615 1394 eos
1650 1338 1778 1392 vitae

204 1455 268 1496 ac
298 1441 474 1503 necis,
516 1449 576 1493 ut
607 1439 675 1492 de
707 1437 888 1506 Moyse
911 1444 967 1491 et
996 1433 1275 1504 judicibus
1314 1447 1477 1502 supra
1509 1445 1778 1485 memora-

203 1531 406 1586 vimus.
432 1530 660 1598 Propter
691 1529 836 1597 quod
871 1527 1136 1594 scriptum
1168 1533 1251 1578 est
1278 1522 1482 1578 de'eis:
1507 1522 1640 1574 Deos
1674 1537 1779 1574 non

202 1621 508 1683 maledices,
541 1629 590 1672 et
629 1619 912 1688 principem
948 1616 1127 1684 populi
1163 1615 1240 1665 tui
1279 1629 1380 1666 non
1413 1611 1689 1666 maledires
1710 1611 1776 1664 δ’.

200 1709 487 1780 Principes
537 1724 665 1780 ergo
705 1707 1045 1778 singularum
1092 1703 1336 1774 gentium
1380 1701 1454 1756 dii
1499 1702 1775 1772 appellan-

204 1812 314 1860 tur.
365 1803 683 1872 Principum
729 1810 906 1855 autem
947 1796 1093 1853 Deus
1119 1797 1372 1852 Christus
1414 1804 1519 1857 est,
1567 1796 1658 1864 qui
1698 1800 1779 1848 est

198 1896 446 1952 omnium
505 1894 692 1964 judex.
739 1889 879 1945 Vere
927 1903 1062 1959 ergo
1103 1902 1282 1959 neque
1329 1886 1543 1956 angeli,
1601 1900 1779 1954 neque

198 1987 475 2051 homines,
507 2001 685 2054 neque
737 1983 846 2035 ulla
897 1987 1149 2035 creatura
1203 1977 1276 2033 dii
1341 1991 1464 2032 esse
1528 1983 1776 2045 possunt,

196 2082 401 2151 quippe
448 2078 539 2148 qui
589 2075 692 2131 sub
738 2079 1009 2144 potestate
1065 2076 1194 2125 sunt
1261 2069 1458 2139 positi,
1518 2076 1778 2136 tanquam

197 2168 373 2224 creati
410 2174 468 2221 et
506 2164 734 2233 mobiles
766 2163 850 2229 '°;
915 2160 1090 2232 angeli
1133 2159 1386 2230 quidem,
1426 2165 1485 2212 ut
1526 2160 1615 2228 qui
1670 2172 1777 2210 non

201 2256 356 2312 fuere
411 2267 464 2312 et
508 2257 660 2320 sint,
717 2254 963 2308 homines
1020 2248 1202 2306 autem
1246 2259 1305 2302 ut
1354 2250 1775 2310 mortales,om-

198 2353 282 2404 nis
335 2365 468 2403 vero
509 2354 762 2403 creatura
799 2363 827 2408 ,ο
871 2354 930 2398 ut
981 2360 1103 2413 quae
1136 2343 1271 2397 solvi
1310 2342 1504 2412 possit,
1542 2343 1637 2395 sed
1692 2358 1779 2396 re-

197 2455 328 2493 vera
361 2440 409 2493 si
441 2438 663 2493 solverit
695 2437 786 2490 ille
811 2436 905 2505 qui
939 2434 1086 2489 fecit.
1122 2433 1188 2486 Et
1219 2434 1339 2487 ideo
1387 2434 1478 2486 ille
1509 2433 1659 2487 solus
1682 2447 1774 2485 ve-

196 2549 295 2597 rus
333 2540 419 2585 est
446 2529 589 2583 Deus
627 2528 718 2598 qui
760 2544 872 2580 non
911 2526 1088 2581 solum
1130 2526 1244 2593 ipse
1267 2524 1419 2586 vivit,
1455 2524 1549 2578 sed
1577 2532 1630 2577 et
1657 2522 1777 2575 aliis

197 2626 368 2679 vitam
394 2629 636 2692 praestat,
663 2635 828 2690 quam
851 2626 905 2674 et
925 2619 1139 2673 auferre
1169 2627 1345 2687 potest
1377 2632 1500 2670 cum
1533 2616 1670 2670 vult.

265 2712 454 2766 XLlll.
493 2710 786 2780 Propterea
830 2725 959 2779 ergo
1009 2710 1207 2762 clamat
1247 2705 1530 2775 Scriptura
1558 2720 1622 2757 ex
1658 2721 1748 2773 per

198 2820 337 2859 sona
373 2803 467 2858 Dei
495 2803 832 2861 Judzeorum,
861 2808 913 2855 et
939 2799 1072 2852 dicit
1099 2820 1110 2851 :
1173 2797 1348 2849 Videte
1368 2837 1382 2860 ,
1440 2796 1624 2858 videte,
1650 2813 1778 2865 que-

199 2896 346 2946 niam
374 2910 464 2964 ego
512 2909 629 2948 sum
661 2891 821 2954 Deus,
851 2899 899 2943 et
921 2905 1021 2941 non
1045 2896 1120 2940 est
1159 2886 1298 2939 alius
1325 2896 1514 2951 prwler
1549 2902 1646 2939 me.
1668 2886 1776 2955 Ego

199 2985 462 3049 occidam,
494 2995 542 3038 et
572 2986 734 3038 vivere
773 2982 1004 3050 faciam;
1027 2979 1338 3044 percutiam,
1363 2985 1410 3028 et
1435 2993 1525 3046 ego
1553 2976 1772 3040 satiabo,

198 3086 247 3130 et
295 3093 401 3130 non
429 3084 509 3129 est
554 3075 642 3144 qui
670 3073 860 3141 eripiat
893 3072 955 3124 de
987 3069 1226 3122 manibus
1279 3069 1407 3121 meis
1461 3069 1528 3121 ".
1577 3067 1777 3123 Videas

1879 610 2080 659 cuntur
2109 601 2208 663 dii,
2236 601 2340 655 sub
2369 606 2636 669 potestate
2685 609 2812 654 sunt
2838 596 3149 652 Iudaeorum
3177 595 3293 660 Dei,
3330 597 3457 666 quia

1879 697 1953 750 ita
1978 695 2117 748 dixit
2150 694 2432 764 Scriptura
2480 691 2723 746 Iudaeis:
2767 690 3018 744 Dominus
3072 689 3214 744 Deus
3256 698 3455 752 noster,

1878 787 1962 840 hic
1989 796 2065 840 est
2095 786 2234 840 Deus
2260 769 2500 847 deorum,
2518 795 2567 837 et
2587 783 2844 836 Dominus
2860 781 3195 834 dominorum
3215 780 3281 833 ".
3303 779 3456 832 llunc

1877 880 2040 933 etiam
2071 878 2248 933 solum
2302 876 2592 931 colendum
2643 881 2824 928 monet
2882 872 3186 943 Scriptura,
3219 870 3452 925 dicens:

1880 970 2163 1024 Dominum
2185 969 2351 1024 Deum
2383 978 2531 1022 tuum
2558 967 2830 1025 adorabis,
2855 975 2903 1018 et
2935 966 3017 1017 illi
3047 963 3149 1018 soli
3177 965 3366 1017 servies
3384 962 3446 1017 ³⁸.

1878 1066 1944 1119 Et
1963 1087 1974 1121 :
1993 1065 2132 1120 Audi
2146 1064 2336 1128 Israel,
2365 1062 2622 1118 Dominus
2656 1059 2796 1114 Deus
2825 1068 2944 1113 tuus
2963 1058 3102 1112 Deus
3134 1073 3268 1109 unus
3291 1055 3450 1109 est".

1878 1157 2120 1227 Denique
2177 1166 2231 1212 et
2293 1155 2472 1211 sancti
2524 1154 2731 1223 Spiritu
2781 1150 2873 1206 Dei
2916 1149 3126 1220 repleti,
3182 1156 3236 1202 ct
3287 1147 3453 1219 guttis

1879 1249 2266 1305 misericordia:
2289 1248 2411 1318 ejus
2460 1247 2676 1300 irrorati
2705 1242 3102 1305 exclamabant,
3156 1241 3404 1295 dicentes
3436 1258 3448 1294 :

1880 1343 1986 1408 Qui
2023 1342 2212 1405 similis
2242 1332 2335 1394 tibi
2360 1342 2414 1394 in
2433 1340 2561 1406 diis,
2597 1338 2838 1402 Domine,
2868 1339 2982 1408 quis
3014 1335 3204 1390 similis
3239 1335 3331 1387 tibi
3360 1336 3404 1365 ⁸³⁸
3429 1334 3453 1386 ?

1880 1435 1946 1488 Et
1993 1434 2189 1487 iterum
2227 1452 2240 1487 :
2275 1431 2407 1499 Quis
2460 1429 2600 1483 Deus
2648 1439 2838 1498 pra'ter
2892 1427 3195 1490 Dominum,
3233 1436 3281 1479 et
3336 1426 3451 1496 quis

1879 1523 2018 1578 Deus
2047 1533 2236 1593 prceter
2295 1522 2578 1576 Dominum
2627 1531 2862 1574 nostrum
2887 1520 2975 1571 '9?
3025 1516 3210 1588 Itaque
3240 1516 3452 1588 Moyses

1881 1616 1970 1670 ubi
2005 1619 2265 1685 prolicere
2289 1615 2551 1685 populum
2586 1612 2743 1671 vidit.
2780 1611 3037 1681 paulatim
3063 1625 3158 1665 eos
3190 1609 3254 1661 ad
3291 1609 3449 1662 intel-

1880 1707 2159 1778 ligentiam
2189 1706 2544 1768 monarchize,
2570 1713 2623 1760 et
2670 1705 2827 1759 [idem
2885 1704 2976 1758 Dei
2993 1689 3164 1758 'unius
3196 1703 3449 1766 initiavit,

1881 1805 1940 1851 ut
1962 1798 2016 1851 in
2048 1796 2509 1866 consequentibus
2543 1796 2715 1850 dicit:
2779 1793 3015 1849 Nomina
3067 1793 3284 1848 deorum
3316 1795 3452 1848 alio-

1880 1908 1998 1945 rum
2030 1907 2133 1943 non
2167 1890 2597 1945 commemorabis
2628 1889 2696 1953 “,
2746 1888 3063 1943 recordatus
3114 1888 3232 1943 sine
3261 1887 3447 1953 dubio,

1881 1983 2028 2052 quali
2063 1997 2223 2052 poena
2268 1981 2558 2036 damnatus
2588 1981 2659 2036 sit
2687 1996 2936 2051 serpens,
2989 1981 3079 2051 qui
3108 1982 3316 2051 primus
3353 1997 3448 2034 nov

1882 2073 2223 2128 minaverant
2251 2073 2380 2128 deos
2408 2073 2473 2128 ⁶¹.
2508 2071 2738 2127 Terram
2752 2071 2985 2140 denique
3013 2071 3296 2126 comedere
3321 2087 3452 2125 con-

1880 2166 2189 2230 demnatur,
2224 2175 2278 2220 et
2308 2165 2401 2218 tali
2429 2165 2552 2220 cibo
2581 2164 2781 2234 dignus
2808 2164 3083 2234 judicatur
3114 2165 3182 2217 ob
3216 2164 3447 2233 id,quod

1881 2255 2114 2325 primum
2150 2255 2390 2308 omnium
2420 2253 2844 2321 appellationum
2880 2252 3104 2306 deorum
3152 2251 3449 2303 introduxit

1883 2350 1934 2402 in
1961 2347 2242 2401 mundum.
2271 2346 2426 2412 Quod
2475 2347 2520 2400 si
2567 2354 2621 2400 et
2673 2356 2730 2400 tu
2775 2345 2977 2399 multos
3008 2345 3138 2398 deos
3168 2346 3248 2399 vis
3278 2344 3450 2397 intro-

1879 2438 2100 2502 ducere,
2162 2437 2286 2493 vide
2327 2454 2395 2492 ne
2445 2437 2650 2492 exitum
2712 2437 2980 2506 serpentis
3038 2436 3268 2490 similem
3326 2451 3446 2489 sor-

1878 2529 2055 2583 tiaris.

1949 2619 2109 2675 XLV.
2142 2619 2334 2675 Certus
2392 2626 2571 2673 autem
2623 2626 2761 2682 esto,
2793 2617 2935 2688 quod
2969 2634 3067 2674 nos
3111 2618 3274 2687 hujus
3327 2623 3444 2676 ausi

1879 2713 2059 2769 socios
2096 2727 2201 2764 non
2257 2710 2503 2769 habebis.
2541 2723 2640 2762 nec
2689 2709 2863 2779 decipi
2915 2724 3014 2762 nos
3047 2709 3311 2778 patiemur
3350 2710 3446 2765 abs

1879 2812 1949 2859 te.
1984 2803 2169 2873 Neque
2195 2805 2339 2856 enim
2385 2801 2626 2871 proderit
2671 2801 2829 2854 nobis
2862 2801 2926 2854 ad
2957 2803 3358 2855 excusationem
3392 2802 3443 2854 in

1875 2895 2106 2963 judicio,
2144 2897 2188 2948 si
2217 2895 2463 2948 dicamus
2491 2893 2635 2963 quod
2660 2907 2713 2946 tu
2746 2893 3021 2961 deceperis
3052 2907 3172 2956 nos,
3197 2893 3321 2962 quia
3345 2909 3443 2947 nec

1878 2987 2105 3054 primam
2149 2985 2432 3040 mulierem
2463 3001 2727 3040 exvusare
2781 2984 2953 3052 potuit
2983 2983 3120 3036 male
3148 2983 3446 3039 credidisse

1879 3073 2137 3142 serpenti,
2176 3073 2271 3127 sed
2302 3082 2477 3128 morte
2508 3074 2636 3144 quia
2681 3074 2822 3128 male
2853 3073 3162 3137 crediderit,
3189 3075 3445 3127 condem-

199 3182 332 3237 ergo
361 3164 633 3235 quomodo
680 3163 940 3218 ineﬂ‘abili
989 3161 1224 3230 quadam
1256 3160 1456 3213 virtute
1485 3158 1769 3228 Scriptura
1803 3188 1844 3246 ο
1879 3175 2006 3220 nata
2036 3173 2141 3220 est,
2176 3163 2288 3219 Hac
2335 3180 2466 3236 ergo
2496 3166 2562 3220 de
2592 3181 2756 3219 causa
2802 3173 2853 3218 et
2905 3164 3114 3235 Moyses
3142 3167 3300 3220 unius
3351 3167 3443 3220 Dei

199 3273 501 3314 occurrens
527 3256 726 3311 futuris
751 3253 1032 3310 erroribus
1064 3266 1251 3306 eorum
1279 3251 1371 3319 qui
1400 3251 1564 3303 alium
1580 3248 1770 3315 Deum,

199 3357 402 3419 preter
430 3363 552 3406 eum
583 3349 674 3418 qui
707 3353 790 3401 est
818 3344 1150 3406 Iudaeorum,
1211 3342 1295 3396 vel
1341 3343 1396 3395 in
1444 3342 1599 3403 caelis
1627 3356 1772 3405 esse,

202 3441 285 3492 vel
322 3439 376 3492 in
408 3441 571 3492 terris
601 3436 950 3495 affirmarent,
976 3433 1294 3503 pronuntiat
1326 3431 1515 3486 dicens
1542 3450 1554 3486 :
1590 3430 1771 3484 Domi.-

198 3542 303 3581 ιιι
339 3525 477 3579 Deus
506 3538 622 3578 tuus
670 3526 783 3596 (75)
814 3525 953 3577 Deus
983 3539 1115 3576 unus
1141 3532 1239 3586 est,
1294 3522 1348 3573 in
1383 3519 1510 3573 caelo
1536 3536 1770 3585 sursum,

196 3627 248 3673 cl
281 3619 336 3671 in
369 3628 508 3670 terra
538 3618 800 3679 deorsum,
831 3625 878 3670 et
902 3625 1090 3684 prwter
1117 3617 1285 3679 ipsum
1309 3613 1447 3666 alius
1473 3629 1575 3665 non
1602 3621 1678 3666 est
1707 3613 1770 3666 ⁵¹.

199 3708 490 3774 Quomodo
540 3723 849 3778 ergoausus
876 3723 935 3763 es
987 3706 1165 3760 dicere
1199 3706 1363 3758 alium
1409 3719 1533 3759 esse
1578 3702 1771 3768 Deum,

197 3808 401 3872 praeter
427 3813 550 3852 cum
582 3800 672 3867 qui
695 3797 1003 3852 Jud:eorum
1036 3803 1118 3850 est
1172 3796 1352 3850 Deus?
1400 3795 1445 3826 "
1475 3794 1540 3848 Et
1571 3795 1768 3849 iterum

197 3893 340 3947 dicit
362 3890 641 3962 Scriptura
677 3910 690 3944 :
725 3889 858 3943 Ecce
889 3890 1100 3943 Domini
1122 3889 1217 3942 Dei
1246 3889 1323 3940 tui
1353 3888 1560 3951 caelum,
1593 3896 1643 3942 et
1672 3905 1772 3942 cre-

202 3985 315 4036 lum
340 3985 474 4049 caeli,
507 3993 649 4036 terra
686 3992 734 4035 et
761 3982 938 4034 omnia
985 3995 1101 4049 qua
1127 3980 1178 4032 in
1207 3980 1280 4033 eis
1307 3989 1454 4035 sunt.
1491 3979 1766 4035 Verumta-

197 4093 321 4130 men
344 4085 517 4144 patres
549 4084 664 4126 tuos
704 4073 855 4141 elegi,
911 4081 968 4123 ut
1000 4071 1271 4140 diligerem
1302 4087 1411 4134 eos,
1441 4081 1490 4125 et
1522 4089 1610 4125 vos
1652 4083 1769 4140 post

197 4169 345 4234 ipsos
359 4166 423 4218 “.
449 4165 526 4218 Ita
550 4180 612 4217 ex
646 4164 790 4215 omni
813 4170 964 4230 parte
985 4162 1051 4214 ab
1082 4159 1373 4231 Scriptura
1393 4163 1637 4216 munitur
1664 4164 1767 4219 ista

197 4253 494 4315 sententia,
527 4253 653 4323 quia
696 4254 807 4321 ipse
845 4251 935 4320 qui
978 4248 1240 4303 mundum
1273 4251 1499 4314 creavit,
1526 4267 1690 4306 verus
1713 4261 1765 4307 et

197 4347 356 4403 solus
380 4354 462 4400 est
483 4343 646 4398 Dens.

304 4505 352 4536 “
387 4501 558 4556 Exod.
605 4515 735 4562 xxu,
775 4497 867 4552 28.

193 4577 242 4610 ³⁸
275 4574 433 4628 Deut.
458 4588 530 4638 ιν,
564 4570 653 4624 59.
697 4569 774 4638 ί¹⁸

192 4655 396 4700 rantur
434 4644 487 4695 in
529 4639 650 4693 cod.
690 4637 838 4708 Lips.

1877 3257 2034 3312 ﬁdem
2055 3256 2253 3326 pepulo
2283 3255 2693 3319 commendans,
2718 3256 2794 3308 ait
2815 3275 2826 3309 :
2846 3255 3072 3316 Observa
3091 3255 3185 3310 tibi
3208 3257 3306 3324 ipsi
3329 3256 3442 3327 (76}

1877 3363 1941 3402 ne
1969 3346 2239 3402 seducaris
2264 3364 2297 3400 a
2319 3345 2544 3400 Domino
2576 3345 2681 3400 Deo
2717 3356 2805 3400 tuo
2835 3346 2900 3400 ".
2938 3344 3069 3401 Vide
3096 3347 3223 3417 quia
3255 3347 3442 3402 eadem

1875 3438 2043 3492 verbo
2085 3436 2272 3501 utitur,
2304 3453 2412 3506 quo
2435 3444 2489 3492 et
2543 3437 2714 3506 prima
2747 3437 2941 3491 mulier
2985 3437 3037 3490 in
3089 3438 3443 3493 excusatione

1876 3529 2150 3590 utebatur,
2212 3528 2488 3583 seductam
2532 3544 2592 3584 se
2646 3528 2855 3591 dicens,
2896 3528 2988 3582 sed
3036 3528 3167 3582 nihil
3214 3529 3439 3598 proluit.

1880 3620 2057 3689 Super
2091 3619 2272 3674 omnia
2303 3628 2484 3675 autem
2531 3621 2744 3675 etiamsi
2777 3637 2937 3676 verus
2965 3621 3162 3692 aliquis
3193 3633 3440 3693 surgeret

1879 3710 2162 3780 propheta,
2195 3711 2286 3779 qui
2320 3712 2477 3780 signa
2493 3720 2545 3765 et
2573 3712 2828 3782 prodigia.
2849 3711 3065 3774 faceret,
3093 3713 3320 3768 suadere
3344 3730 3408 3768 au

1879 3808 1986 3856 tem
2012 3801 2160 3865 velit,
2193 3808 2259 3856 ut.
2300 3802 2609 3858 coleremus.
2653 3803 2787 3858 deos
2836 3801 2971 3858 alios
3016 3811 3210 3873 Prtetcr
3253 3803 3436 3859 Judae-

1878 3904 2034 3944 orum
2059 3889 2250 3953 Deum,
2305 3907 2581 3960 nunquam
2639 3892 2687 3945 ei
2742 3892 2962 3946 credere
2998 3907 3302 3961 possemus.
3348 3892 3438 3948 Sic

1877 3978 2020 4032 enim
2057 3994 2155 4033 nos
2204 3978 2386 4033 docuit
2439 3981 2520 4033 lex
2559 3979 2761 4044 divina,
2814 3989 3082 4035 secretum
3134 3997 3434 4036 sermonem

1875 4070 2066 4138 purius
2090 4085 2157 4124 ex
2179 4069 2471 4147 traditione
2496 4072 2900 4126 commendans.
2927 4071 3013 4124 Ait
3037 4086 3203 4142 ergo:
3236 4072 3297 4126 Si
3325 4090 3437 4125 sur-

1874 4162 2066 4214 rexerit
2087 4162 2142 4214 in
2178 4171 2224 4216 te
2243 4162 2511 4232 propheta,
2544 4172 2635 4216 aut
2668 4165 2934 4218 somnians
2959 4164 3238 4229 somnium,
3271 4174 3320 4217 et
3344 4165 3433 4217 de.

1871 4252 2006 4305 derit
2035 4255 2184 4323 signa
2212 4254 2290 4309 uel
2322 4254 2584 4324 prodigia,
2634 4265 2681 4309 et
2714 4257 2970 4310 evenerint
3023 4258 3174 4327 signa
3229 4257 3326 4311 illa
3355 4259 3433 4311 vel

1866 4345 2132 4416 prodigia,
2178 4356 2227 4400 et
2275 4346 2467 4401 dixerit
2502 4347 2570 4400 ad
2622 4357 2687 4412 te,
2723 4366 2903 4403 eamus
2931 4358 2981 4404 et
3010 4350 3244 4404 colamus
3302 4351 3424 4406 deos

948 4498 992 4528 '°
1025 4497 1093 4550 Et
1115 4497 1475 4577 nobiles—qui
1503 4499 1624 4577 fecit
1647 4514 1766 4577 non
1799 4499 2050 4569 leguntur
2075 4502 2130 4557 in
2162 4510 2393 4577 utroque
2427 4502 2585 4577 codd.
2607 4503 2796 4577 _Lipss.
2874 4505 2918 4536 "
2949 4503 3104 4562 Deut.
3136 4525 3303 4577 xxxn,
3335 4512 3424 4566 59.

811 4568 941 4638 Quae
969 4576 1276 4638 sequuntur
1311 4584 1485 4638 usque
1531 4569 1598 4622 ad
1645 4568 1735 4638 illa
1765 4568 1910 4638 cap),
1942 4586 2122 4638 sequ.,
2156 4568 2418 4627 vocabula
2445 4592 2457 4626 :
2484 4568 2714 4638 Denique
2733 4585 2781 4628 et
2812 4577 3001 4636 sancti,
3050 4586 3178 4638 etc..
3210 4568 3426 4638 deside-

921 4637 966 4669 ”
1005 4623 1160 4692 D'eut.
1199 4654 1250 4698 x,
1311 4623 1527 4698 14:15.
1601 4638 1646 4669 ⁵⁸
1685 4637 1770 4692 Dei

1877 4623 2122 4701 xlii."
2167 4623 2215 4673 ίε
2234 4623 2417 4696 belli:
2446 4623 3021 4701 6.13;}:aiis
3053 4623 3178 4701 Ηὲιὶῖ

193 4717 244 4748 ⁵⁸
283 4713 433 4769 Psal.
493 4725 687 4772 Lxxxv,
719 4706 784 4767 8';
825 4723 950 4771 Lxx,
993 4708 1078 4761 l9.
1149 4707 1193 4738 ⁸⁸
1230 4707 1375 4762 Psal.
1418 4724 1551 4771 xvn,
1583 4707 1673 4763 32.
1748 4707 1768 4739 ‘

1877 4724 1945 4764 )s.
1979 4727 2130 4777 xxm,
2157 4712 2186 4765 7
2218 4713 2271 4766 in
2294 4711 2464 4768 LXX.
2545 4706 2853 4768 “Gemini.

2167 4641 2446 4717 3°‘Deu_t_.__
2463 4641 2673 4717 multi;
2707 4661 2762 4707 x,
2791 4644 2882 4701 20.
2976 4647 3021 4678 ⁸⁷
3054 4641 3210 4705 Deut.
3266 4668 3338 4717 vi,
3371 4653 3424 4708 4.

2932 4717 2976 4748 ⁶⁹
3005 4717 3162 4772 Deut.
3196 4739 3309 4789 vm,
3339 4724 3423 4779 Η.

1471 4839 1833 4896 COTELERII
1870 4840 2100 4898 ΝΟΤᾸΞ.

188 4944 414 5062 ρρᾷκέξ
454 4989 512 5062 ea
1867 4978 2022 5062 ταῖσι.
2039 4977 2132 5029 καὶ
2172 4977 2606 5062 ’ῥξοέραῖοι-καὶ
2632 4979 2930 5062 Φερεςαῖοι,
2957 4984 3140 5062 Badio:
3168 4992 3262 5043 καὶ
3300 4993 3431 5062 Γερ-

189 5039 516 5115 Κίιὶμέριοι,
546 5040 752 5115 Βιθυνοί
779 5057 837 5115 τε
865 5039 970 5115 ⁸καὶ
1010 5039 1392 5115 Καππαδόκαι,
1427 5039 1633 5115 Φρύγες
1675 5039 1766 5115 nail

189 5109 516 5186 Κᾶῖρέξκαι
547 5112 762 5186 ιὲῷκιοι,⁵
787 5109 1022 5186 Γαλάται
1057 5109 1150 5186 καὶ
1182 5109 1452 5186 "l-a'atu‘po}1
1477 5109 1766 5186 'Au6o't_xat

1866 5044 2068 5165 ἒεζαῑοι
2111 5047 2205 5099 καὶ
2237 5044 2570 5110 Ἰέόουσαῖοι,
2604 5044 2787 5104 καὶόῑ
2833 5044 3209 5122 κατοικοῦντες
3236 5044 3429 5131 ν’σοδς

1913 5117 2228 5165 οεττεινικὰε
2256 5119 2350 5165 καὶ
2380 5119 2447 5165 τὰ
2480 5120 2727 5165 Γάδειρα-
2784 5118 2951 5165 "nam
2998 5127 3233 5165 Μωῇρτεῖυ-
3268 5079 3428 5165 Ἔαρ.-

1947 5117 2229 5200 erecturum;
2256 5119 2350 5200 καὶ
2380 5119 2447 5172 τὰ
2480 5120 2727 5192 Γάδειρα.
2746 5118 2951 5200 “(Osce
2996 5117 3233 5199 Μωῦσῆς
3286 5117 3428 5200 ἕξειξ

188 5178 411 5272 Pisce
435 5178 1147 5272 ξαελ,ιέξι,μῖιέὶίοέ,νᾼιέξέ3νέ.ῖ
1160 5178 1769 5272 λέξξαὶιξαξξεῖτὲκὲ-

1877 5178 2028 5272 [ωηο
2050 5178 2255 5272 ἔξεισι).
2290 5187 2418 5259 Leg.
2448 5205 2605 5245 conc.
2633 5178 2706 5245 vn
2746 5178 3024 5249 Niczenum
3049 5236 3065 5260 ,
3109 5178 3426 5272 ὶιζ¹ὐοῐῗζὲῖ

188 5256 286 5308 θαι
315 5255 409 5306 καί
441 5246 646 5320 Πέρσαι
677 5246 779 5320 καὶ,
801 5249 1071 5320 Βάκτριοι,
1107 5246 1300 5320 Κολχοι
1333 5250 1426 5320 καὶ
1472 5251 1762 5320 Ἀσσύριοι,

188 5269 286 5308 ﬂat
315 5271 409 5306 και
441 5269 643 5320 ιιερσαι
677 5269 768 5302 και
803 5269 1071 5318 ῠακτριοι,
1107 5269 1300 5316 ΛοΛχοι
1333 5269 1426 5300 και
1484 5269 1628 5302 Λσσυ
1675 5269 1761 5313 ιοι,

187 5324 408 5394 Πάρθοι
422 5321 513 5394 καὶ
526 5320 691 5394 Μῆδοι
705 5319 1106 5394 καιᾞλαμϊται,
1125 5318 1313 5394 Ὀσροη
1322 5319 1398 5370 vol
1412 5337 1469 5371 τε
1487 5321 1577 5394 και
1591 5269 1761 5394 μ-

191 5387 550 5472 μυέςκ-Ὶνδοὶ
595 5387 999 5472 ἐξαξίιῆἰθίοπες,
1043 5387 1755 5472 ’ἑσμαηλῖταιὶιςαὶ-Ᾱξγύέττ

184 5458 334 5526 ⁸ἶειοι,
358 5461 515 5529 Σύροι
542 5459 634 5512 καὶ
671 5458 1030 5518 Παλαιστινοὶ,
1050 5458 1284 5529 Κιΰπριοι
1316 5459 1407 5529 και
1433 5461 1643 5528 Κρῆτες
1666 5463 1756 5513 καὶ

199 5533 419 5593 Ῥόδιοι,
437 5528 639 5589 Αἰολεῖς
654 5529 746 5580 καὶ
767 5531 967 5590 Ἴωνες,
991 5528 1172 5580 Γότθοι
1190 5529 1282 5578 καὶ
1305 5528 1564 5596 ’Ἃὸασγοί
1586 5547 1642 5580 τε
1663 5533 1755 5583 καὶ

185 5601 461 5663 Χάλυϐες,
489 5599 725 5669 Φοίνικές
755 5615 812 5649 τε
841 5596 1199 5669 καὶἿὶραῦες,
1227 5598 1484 5669 Ῥωμαῖοι
1506 5600 1598 5650 καὶ
1631 5599 1755 5651 Ἰου-

185 5671 350 5741 δαῖοι,
382 5668 686 5741 Κυρηναῖος
704 5685 761 5718 τε
792 5671 882 5721 καὶ
916 5665 1149 5741 Λίὸοεςη
1169 5665 1459 5741 Admiral
1483 5669 1639 5721 Γέται
1664 5672 1755 5720 καὶ

189 5737 576 5811 Σαυρομὰιέαι,
596 5737 787 5811 Κέλτοι
813 5755 870 5811 τε
898 5741 988 5791 καὶ
1020 5738 1296 5811 Βάνδηξιοε,
1314 5737 1429 5808 Ἴδη
1441 5756 1548 5809 pag,
1568 5740 1749 5811 Κροά-

189 5757 564 5811 ιαυρομαται,
598 5757 785 5791 λείποι
813 5757 870 5790 τε
898 5757 988 5791 και
1025 5757 1296 5806 ϋανοηΛω,
1340 5757 1548 5809 ιοηρες,
1568 5757 1613 5790 n
1634 5757 1749 5790 Joa-

185 5829 276 5866 τοι
298 5812 389 5865 καὶ
411 5809 692 5866 Μωαϐῖται
710 5808 799 5860 καὶ
834 5809 1183 5880 ’Λμμιιινίται.
1199 5808 1485 5862 Χαναναῖοι
1505 5811 1593 5861 καὶ
1617 5757 1750 5862 £5“;-

1862 5265 1985 5324 post
2015 5257 2157 5311 med.

1930 5326 2039 5400 (7‘5)
2076 5327 2326 5400 Dominus
2375 5326 2513 5400 Deus
2558 5339 2708 5392 tuus,
2760 5330 2897 5386 Deus
2922 5350 3058 5390 unus
3098 5347 3193 5392 est.
3249 5339 3340 5396 Sic
3370 5345 3423 5400 in

1861 5393 2086 5483 Yulgata
2121 5398 2282 5483 Marc.
2310 5414 2406 5483 xu,
2559 5404 3039 5483 concprdantibus.
3070 5393 3422 5483 Hieronymo,

1983 5468 2192 5541 ustino_,
2234 5477 2340 5523 etc.
2373 5469 2549 5541 gliter
2585 5472 2654 5524 ab
2697 5471 2928 5540 Irenaeo;
2972 5476 3130 5532 aliter
3167 5483 3234 5534 ab
3277 5468 3421 5541 aliis:

1859 5467 2192 5587 Aufustino,
2234 5477 2340 5523 etc.
2379 5469 2549 5523 Aliter
2585 5472 2654 5524 ab
2697 5471 2928 5540 Irenaeo;
2972 5476 3130 5532 aliter
3167 5483 3234 5534 ab
3277 5467 3422 5541 aliis:

1859 5532 1920 5620 ξι
1963 5545 2119 5620 eatur
2144 5537 2348 5592 Fronto
2373 5538 2600 5595 Duczeus
2635 5541 2702 5594 ad
2730 5543 3005 5600 homiliam
3049 5547 3424 5620 Chrysostomi

1859 5603 2140 5679 Bcf/ioca
2179 5620 2430 5679 martyre.

1931 5676 2039 5751 (76)
2078 5678 2303 5751 Observa
2324 5676 2427 5732 tibi
2458 5681 2577 5747 ipsi,
2606 5698 2668 5736 ne
2700 5684 2967 5740 seducaris
3012 5705 3043 5741 a
3070 5688 3295 5748 Domino
3317 5693 3424 5751 Deo

1859 5754 1962 5799 luo.
1994 5746 2133 5820 Lege
2158 5746 2805 5823 Deut.v|,12;vm,ll;
2844 5773 2919 5826 χι,
2955 5758 3020 5812 l6
3049 5769 3102 5814 et
3140 5746 3292 5832 xvnt,
3324 5746 3381 5825 5.
