4066 6334
666 450 790 502 Εἴ(

1516 438 1567 491 S.
1607 433 2001 491 CLEHIENTIS
2032 433 2047 485 ι
2087 431 2248 486 [ἶΟδῙ.
2283 428 2483 484 ΡΟΝΤ.
2521 427 2746 485 OPERA
2786 425 3009 479 DUBL—i.

3771 422 3901 477 1272

652 567 849 616 alienos
887 575 1014 629 quos
1059 556 1289 618 nescitis,
1337 570 1436 607 non
1484 550 1708 606 audietis
1760 551 1913 605 verba
1959 549 2223 617 propheta:
2256 552 2299 606 Λ
2327 547 2512 600 dixisti
2559 546 2759 600 habere
2803 542 2993 605 Deum,
3035 540 3177 609 quod
3224 548 3307 595 est
3346 538 3601 608 injuriae;
3633 541 3905 609 quomodo

651 655 817 709 il’ius,
845 666 1002 712 neque
1026 662 1287 701 somnium
1316 646 1654 699 somniatoris
1681 644 1847 706 illius,
1875 644 1997 711 quia
2020 650 2227 693 tentmts

654 748 867 801 tentavit
902 761 1008 804 vos,
1070 752 1122 794 ut
1180 742 1352 795 videat
1385 743 1431 794 si
1478 740 1700 810 diligitis
1743 739 2026 791 Dominum
2063 736 2227 789 Deum

650 849 880 891 vestrum
906 838 969 888 ⁵³.

715 927 891 980 XLVI.
926 926 1219 995 Propterea
1248 940 1374 993 ergo
1404 931 1455 979 et
1477 921 1741 977 Dominus
1773 929 1959 975 noster
1989 921 2141 989 signa
2175 925 2229 972 et

644 1017 889 1085 prodigia
941 1015 1169 1077 faciens,
1216 1007 1382 1067 Deum
1433 1014 1766 1082 praedicabat
1814 1012 2145 1075 Iudaeorum,
2175 1017 2229 1063 et

646 1107 765 1162 ideo
822 1115 967 1160 recte
1015 1105 1385 1174 praedicationi
1436 1105 1555 1171 ejus
1604 1104 1865 1157 creditur.
1915 1102 1996 1154 Tu
2047 1110 2225 1153 autem

643 1198 803 1250 etiam
851 1196 894 1249 si
944 1210 1071 1247 vere
1116 1196 1376 1262 prephcta
1410 1210 1581 1256 esses,
1626 1203 1679 1247 et
1723 1194 1877 1263 signa
1911 1192 2117 1246 faceres
2164 1205 2229 1243 ac

642 1288 905 1357 prodigia,
938 1288 1076 1341 sicut
1123 1288 1411 1354 promittis,
1443 1296 1493 1341 et
1524 1288 1658 1341 alios
1703 1288 2057 1341 annuntiares
2096 1288 2226 1343 deos

640 1391 835 1451 praster
864 1396 987 1433 cum
1010 1382 1100 1449 qui
1134 1396 1295 1434 verus
1338 1389 1440 1445 est,
1475 1380 1823 1433 manifestum
1869 1389 2015 1434 esset
2060 1389 2114 1434 te
2157 1383 2222 1435 ad

642 1472 992 1525 tentationem
1039 1472 1238 1540 pOpulo
1283 1471 1376 1525 Dei
1430 1472 1773 1533 suscitatum,
1806 1480 1859 1525 et
1905 1472 2026 1527 ideo
2074 1475 2223 1526 credi

640 1563 737 1620 tibi
770 1564 989 1617 omnino
1040 1582 1147 1617 non
1195 1572 1389 1633 potest.
1424 1563 1577 1618 Unus
1608 1573 1689 1619 est
1726 1565 1870 1619 enim
1914 1581 2099 1632 verus,
2131 1569 2223 1636 qui

638 1662 721 1709 est
743 1654 1047 1710 Judaaorum
1078 1656 1239 1719 Deus,
1267 1664 1318 1709 et
1345 1656 1413 1709 ob
1438 1656 1541 1709 hoc
1568 1656 1829 1711 Dominus
1849 1665 2035 1711 noster
2062 1655 2223 1713 Jesus

637 1747 887 1799 Christus
916 1746 1141 1801 docebat
1177 1745 1528 1815 quaerendum
1558 1762 1679 1801 esse
1713 1760 1820 1799 non
1860 1745 2027 1801 Deum
2058 1762 2217 1815 quem

636 1838 775 1891 bene
824 1848 1102 1899 noverant,
1152 1838 1246 1893 sed
1305 1854 1532 1907 regnum
1584 1848 1638 1893 et
1678 1838 1948 1908 justitiam
1998 1824 2117 1908 ejus
2148 1840 2214 1905 ⁸⁸,

636 1944 797 1995 quam
831 1928 1033 1983 Scrith
1063 1939 1114 1982 et
1154 1929 1431 1992 Phariszei,
1464 1938 1712 1997 suscepta
1762 1929 2003 1983 scientiae
2039 1930 2209 1993 ciere,

636 2035 745 2073 non
776 2023 1176 2082 concluserant,
1211 2020 1303 2075 sed
1336 2021 1685 2075 excluserant
1714 2022 1777 2075 ".
1810 2020 1945 2074 Nam
1976 2022 2021 2077 si
2054 2024 2212 2093 igno-

635 2119 847 2165 rassent
894 2126 1079 2165 verum
1125 2111 1312 2177 Deum,
1358 2128 1635 2181 nunquam
1690 2113 1880 2183 utique
1929 2114 2092 2183 hujus
2130 2114 2210 2168 rei

635 2201 912 2254 scientiam
944 2202 1276 2272 relinquens,
1311 2217 1431 2272 qua:
1457 2211 1575 2257 erat
1598 2204 1841 2257 omnium
1874 2213 2059 2274 caput,
2094 2208 2211 2260 cul-

632 2300 785 2361 paret
808 2307 901 2347 eos
930 2293 997 2346 de
1028 2294 1211 2361 parvis
1241 2301 1291 2348 et
1327 2294 1592 2361 minimis,
1631 2295 1681 2348 id
1725 2297 1975 2365 estquod
2013 2297 2211 2350 dilata-

633 2392 752 2436 rent
782 2382 1018 2437 fimbrias
1050 2400 1198 2449 suas,
1225 2393 1277 2438 et
1295 2386 1500 2453 primos
1538 2387 1821 2442 accubitus
1858 2389 1913 2442 in
1940 2390 2211 2445 conviviis

630 2474 989 2533 vindicarent.
1016 2483 1067 2529 et
1096 2476 1239 2545 quod
1276 2476 1331 2529 in
1360 2478 1665 2547 quadriviis
1714 2486 1923 2533 stantes
1968 2489 2204 2541 orarent,

630 2570 684 2616 et
714 2566 818 2617 alia
850 2564 935 2617 his
957 2564 1177 2628 similia,
1206 2581 1323 2633 quae
1350 2566 1537 2635 utique
1567 2582 1631 2619 ex
1663 2567 2067 2635 comparatione
2093 2584 2207 2621 ma.

629 2656 719 2723 gni
753 2654 913 2722 hujus
943 2658 1158 2725 capitis,
1206 2660 1525 2729 ignorantia:
1576 2658 1690 2722 Dei,
1729 2660 1923 2731 exigua
1958 2660 2211 2716 videntur

629 2753 683 2799 et
712 2761 897 2814 parva.
1148 2816 1151 2819 η
1172 2816 1173 2819 η

702 2836 905 2891 XLVII.
938 2836 1004 2890 Et
1038 2838 1222 2892 Simon
1258 2839 1323 2893 ad
1352 2840 1463 2893 haac
1489 2841 1563 2894 ait
1596 2860 1609 2894 :
1641 2840 1715 2895 Ex
1751 2842 1933 2898 verbis
1966 2842 2208 2913 magistri

628 2930 706 2981 tui
734 2928 1054 2981 convincam
1085 2936 1157 2992 te,
1190 2930 1317 2998 quia
1341 2930 1505 2983 etiam
1538 2933 1654 3000 ipse
1683 2932 1987 3002 ignoratum
2018 2949 2209 3002 quem-

629 3019 751 3071 dam
785 3017 1039 3072 omnibus
1066 3018 1363 3072 introducit
1394 3018 1583 3073 Deum.
1618 3019 1751 3075 Cum
1779 3022 1923 3075 enim
1948 3031 1999 3075 et
2035 3022 2205 3075 Adam

628 3118 925 3164 creatorem
967 3125 1125 3163 suum
1167 3111 1351 3165 scierit
1384 3110 1571 3175 Deum,
1616 3114 1913 3182 mundique
1957 3116 2208 3169 condito-

2334 638 2477 691 cnim
2495 637 2693 691 habere
2716 637 2880 689 ﬁlium
2903 640 3097 703 potest,
3121 633 3226 686 nisi
3252 632 3451 688 similia
3473 631 3791 685 hominibus
3815 640 3907 684 aut

2335 729 2666 781 animalibus
2683 726 2957 796 patiatur?
2986 724 3086 778 Sed
3111 723 3175 776 de
3190 724 3273 777 his
3292 740 3397 776 non
3422 730 3505 776 est.
3525 738 3673 775 nunc
3691 730 3905 790 tempus

2333 835 2559 888 arguere
2584 818 2907 887 profundam
2939 814 3223 869 stultitiam
3252 823 3420 877 tuam,
3449 812 3647 867 festino
3670 814 3815 865 enim
3840 811 3907 865 de

2332 910 2696 963 immensitate
2761 921 2987 962 summae
3026 907 3163 958 lucis
3198 920 3489 975 evponere,
3524 912 3579 959 et
3608 904 3725 971 jam
3762 916 3908 955 nunc

2331 1000 2476 1051 audi.
2498 997 2631 1051 Puto
2651 1012 2769 1051 esse
2792 998 3025 1065 aliquam
3056 996 3307 1048 virtutem
3342 994 3617 1048 immensa:
3644 1002 3699 1047 et
3719 990 3910 1046 ineffa-

2334 1090 2457 1145 bilis
2487 1090 2644 1151 locis,
2676 1089 2833 1157 cujus
2857 1088 3175 1159 magnitudo,
3213 1085 3784 1154 incomprehensibilis
3812 1084 3910 1136 ba-

2331 1181 2543 1243 beatur,
2558 1196 2717 1249 quam
2737 1181 2987 1233 virtutem
3005 1180 3164 1233 etiam
3183 1176 3369 1231 mundi
3396 1176 3647 1230 conditor
3671 1175 3908 1251 ignoret,

2328 1279 2381 1325 et
2420 1271 2694 1342 legislator
2720 1270 2949 1341 Moyses,
2982 1278 3033 1323 et
3065 1270 3321 1337 magister
3356 1275 3537 1322 vester
3569 1266 3755 1322 Iesus.

2400 1362 2460 1416 L.
2510 1361 2645 1415 Tum
2688 1360 2925 1417 Petrus:
2960 1360 3077 1414 Non
3131 1359 3226 1413 tibi
3257 1360 3469 1413 videtur
3520 1360 3772 1413 amentia:
3818 1374 3908 1413 res

2327 1470 2467 1518 esse,
2500 1468 2743 1507 asserere
2769 1451 2905 1505 velle
2932 1451 3261 1520 quempiam,
3287 1447 3431 1516 quod
3464 1448 3534 1501 sit
3578 1445 3720 1501 alius
3761 1446 3907 1500 Deus

2326 1561 2487 1615 quam
2518 1545 2661 1599 Deus
2693 1544 2956 1605 omnium,
2989 1549 3043 1596 et
3078 1541 3284 1604 dicere,
3312 1547 3442 1608 puto
3492 1553 3615 1593 esse
3638 1539 3900 1591 virtutem

2325 1637 2635 1707 quamdam,
2668 1636 3063 1706 etpriusquam
3107 1634 3210 1701 ipsi
3256 1640 3467 1686 certum
3520 1630 3592 1684 sit
3628 1628 3780 1699 quod
3826 1631 3904 1681 lo-

2324 1730 2527 1800 quitur,
2556 1729 2663 1783 boc
2689 1729 2824 1784 velle
2851 1728 2973 1784 aliis
3001 1725 3366 1793 confirmare?
3398 1724 3561 1777 Estne
3595 1724 3798 1792 aliquis
3829 1724 3902 1775 ita

2325 1834 2585 1889 pra-ceps,
2616 1817 2707 1887 qui
2736 1817 2914 1874 verbis
2960 1818 3070 1871 tuis
3092 1816 3300 1883 credat,
3325 1816 3380 1868 in
3410 1815 3609 1884 quibus
3640 1822 3693 1867 te
3721 1814 3900 1881 ipsum

2246 1893 2288 1947 Β
2318 1912 2495 1966 videat
2526 1910 2898 1974 dubitantem;
2938 1917 2993 1963 et
3024 1909 3273 1963 admittat
3297 1923 3420 1964 esse
3453 1907 3691 1976 aliquam
3725 1908 3901 1959 virtu-

2314 2013 2420 2059 tem
2456 2004 2781 2073 incognitam
2851 2002 3082 2057 creatori
3110 2000 3240 2066 Deo,
3275 2008 3329 2056 et
3360 1999 3552 2070 Moysi,
3578 2006 3633 2053 et
3664 1998 3901 2067 prophe-

2312 2095 2404 2157 tis,
2454 2103 2508 2150 et
2538 2095 2661 2164 legi,
2718 2100 2772 2148 et
2808 2092 2935 2149 Jesu
2979 2093 3140 2148 etiam
3185 2092 3445 2162 magistro
3496 2099 3730 2158 nostro,
3781 2104 3901 2158 quae

2312 2188 2485 2241 virtus
2534 2187 2607 2239 ita
2648 2186 2789 2239 bona
2837 2186 2928 2249 sit,
2958 2193 3017 2238 ut
3049 2184 3183 2239 nulli
3226 2183 3355 2239 velit
3394 2183 3761 2246 innotescere,
3796 2181 3899 2235 nisi

2313 2276 2406 2330 uni
2430 2283 2665 2343 tantum,
2695 2282 2749 2328 et
2778 2276 2880 2329 hoc
2908 2275 3003 2329 tibi
3036 2273 3312 2328 tali?Tum
3342 2273 3540 2327 deinde
3571 2274 3616 2327 si
3647 2288 3793 2326 nova
3818 2279 3900 2326 est

2312 2368 2415 2422 ista
2439 2368 2634 2431 virtus,
2668 2366 2940 2436 quomodo
2969 2365 3127 2420 nobis
3161 2380 3270 2419 non
3299 2365 3391 2419 dat
3425 2379 3623 2418 novum
3660 2364 3897 2433 aliquem

2312 2476 2533 2515 sensum
2586 2469 2779 2529 praeter
2824 2458 2924 2513 hos
2965 2473 3102 2527 quos
3140 2458 3381 2528 gerimus
3429 2456 3691 2526 quinque,
3727 2464 3788 2509 ut
3833 2471 3898 2509 ex

2312 2552 2430 2623 ipso
2471 2554 2540 2607 ab
2588 2567 2651 2607 ea
2692 2552 2850 2608 nobis
2890 2552 3084 2620 largito
3127 2565 3270 2605 novo
3322 2565 3509 2615 sensu,
3553 2548 3728 2617 ipsam
3778 2562 3897 2619 quae

2310 2657 2450 2698 nova
2482 2650 2565 2699 est
2589 2658 2782 2714 capere
2823 2652 2874 2697 et
2914 2642 3212 2713 intelligere
3240 2640 3551 2713 possimus?
3580 2647 3675 2693 aut
3706 2639 3753 2692 si
3789 2655 3896 2691 non

2311 2743 2487 2805 potest
2532 2736 2738 2805 largiri,
2771 2737 3043 2806 quomodo
3074 2736 3169 2788 tibi
3199 2734 3391 2803 largita
3434 2733 3558 2787 est?
3584 2739 3679 2784 aut
3717 2733 3764 2784 si
3800 2732 3895 2784 tibi

2312 2827 2589 2890 revelavit,
2612 2841 2710 2882 cur
2760 2842 2866 2881 non
2891 2836 2943 2881 et
2970 2824 3161 2880 nobis?
3195 2823 3251 2877 Si
3275 2838 3404 2877 vero
3431 2838 3461 2877 a
3495 2824 3785 2891 temetipso
3810 2823 3896 2875 in-

2311 2921 2587 2984 tellexisti,
2619 2936 2741 2991 qua:
2777 2934 2844 2974 ne
2880 2918 3154 2990 prophetae
3182 2917 3399 2987 quidem
3442 2916 3644 2969 sentire
3688 2926 3783 2967 aut
3810 2916 3895 2968 in-

2312 3012 2553 3082 telligere
2582 3020 2893 3082 potuerunt,
2926 3011 3014 3065 dic
3051 3024 3149 3080 age
3188 3008 3347 3063 nobis
3382 3022 3528 3061 nunc
3556 3006 3687 3075 quid
3719 3021 3894 3059 unus-

2308 3102 2542 3172 quisque
2574 3109 2822 3156 nostrum
2859 3100 3101 3170 cogitat:
3138 3096 3196 3151 Si
3226 3097 3369 3152 enim
3412 3103 3596 3149 tantus
3634 3106 3719 3149 est
3751 3095 3808 3148 in
3837 3102 3895 3150 te

626 3213 760 3258 rem,
789 3206 842 3251 et
872 3196 1078 3260 Enoch,
1110 3198 1307 3267 quippe
1337 3199 1431 3267 qui
1468 3200 1534 3252 ab
1576 3215 1639 3254 eo
1679 3200 1979 3255 translatus
2013 3209 2116 3263 est,
2147 3210 2200 3257 et
2226 3233 2268 3290 ο
2307 3195 2555 3264 spiritus,
2587 3200 2645 3247 ut
2665 3208 2728 3247 ea
2758 3208 2876 3262 qua:
2907 3205 3070 3261 super
3092 3190 3260 3243 caelos
3291 3194 3439 3249 sunt,
3474 3187 3749 3256 incognita
3777 3202 3894 3240 om-

624 3286 757 3351 Noe,
787 3294 973 3357 utpote
1002 3288 1068 3342 ab
1109 3303 1175 3343 eo
1218 3289 1407 3357 jussus
1457 3304 1639 3343 arcam
1674 3301 2009 3357 construere,
2040 3306 2196 3347 cum-

625 3394 729 3447 que
764 3385 815 3431 et
844 3378 1139 3441 Abraham,
1184 3386 1237 3433 et
1290 3380 1459 3443 Isaac,
1499 3388 1550 3435 et
1578 3379 1767 3445 Jacob,
1795 3381 2114 3454 et.Moyses,
2146 3395 2201 3441 et

625 3486 835 3533 omnes,
871 3470 1157 3540 omnisque
1179 3472 1411 3541 populus
1441 3480 1604 3543 atque
1651 3490 1843 3529 omnes
1875 3486 2066 3546 gentes
2099 3493 2199 3532 no-

627 3561 800 3613 verint
829 3560 1163 3615 conditorem
1194 3563 1402 3627 mundi,
1434 3572 1485 3618 et
1517 3564 1788 3619 fateantur
1818 3566 2007 3632 Deum,
2038 3569 2199 3627 Jesus

624 3658 822 3711 vester,
847 3653 937 3721 qui
964 3652 1119 3721 longe
1147 3655 1419 3723 posterior
1440 3653 1695 3711 Patribus
1721 3660 1996 3727 apparuit,
2022 3660 2157 3715 dicit
2182 3681 2195 3717 :

628 3739 797 3794 Nemo
827 3741 967 3796 novit
998 3740 1221 3805 Filium,
1253 3744 1356 3796 nisi
1398 3744 1579 3806 Pater,
1611 3762 1770 3815 neque
1812 3746 2025 3802 Patrem
2057 3752 2193 3820 quis,

625 3835 729 3887 nisi
758 3832 949 3902 Filius,
977 3843 1027 3889 et
1053 3836 1138 3887 cui
1166 3835 1386 3889 voluerit
1416 3835 1597 3889 Filius
1613 3840 1841 3893 revelare
1867 3840 1931 3895 “.
1964 3842 2042 3895 Ita
2070 3860 2201 3913 ergo

624 3934 676 3981 et
697 3922 855 3981 Jesus
893 3933 1071 3980 vester
1113 3927 1278 3979 alium
1319 3943 1441 3981 esse
1472 3927 1639 3981 Deum
1678 3929 2197 4000 incomprehensibi-

624 4015 729 4069 lem
761 4015 1015 4069 omnibus
1041 4024 1093 4070 et
1122 4016 1456 4086 incognitum
1487 4016 1704 4074 fatetur.

692 4098 920 4157 XLVIII.
960 4104 1097 4158 Tum
1131 4104 1324 4161 Petrus
1360 4126 1372 4159 :
1405 4107 1711 4173 Contraria,
1760 4110 1956 4180 inquit,
1988 4111 2199 4167 tibimet

620 4196 723 4265 ipsi
754 4206 808 4250 te
834 4196 1077 4266 proferre
1111 4213 1218 4251 non
1246 4200 1435 4271 sentis.
1471 4199 1526 4253 Si
1555 4202 1699 4255 enim
1731 4210 1784 4256 et
1807 4199 1966 4257 Iesus
2009 4212 2198 4259 noster

617 4286 723 4340 scit
756 4286 939 4351 istum,
976 4302 1133 4357 quem
1167 4288 1305 4343 dicis
1338 4288 1672 4359 incognitum
1703 4290 1893 4358 Deum,
1925 4309 2055 4363 ergo
2085 4294 2195 4362 jam

618 4390 726 4430 non
756 4390 786 4428 a
818 4383 870 4431 te
896 4376 1012 4430 solo
1041 4384 1123 4431 est
1156 4379 1427 4447 cognitus.
1460 4379 1572 4433 lmo
1601 4381 1645 4434 si
1670 4378 1829 4436 Jesus
1860 4392 2046 4437 noster
2074 4400 2196 4439 eum

620 4469 790 4530 novit,
816 4468 1027 4538 Moyses
1055 4484 1292 4539 quoque,
1325 4471 1418 4540 qui
1447 4479 1503 4525 et
1541 4471 1726 4528 Jesum
1758 4484 2043 4529 venturum
2076 4492 2198 4532 esse

2302 3286 2463 3341 nibus
2504 3292 2558 3339 et
2610 3283 2866 3340 omnibus
2916 3278 3492 3351 incomprehensibilia
3538 3293 3889 3347 cognoscas,

2298 3376 2471 3429 multo
2524 3374 2735 3429 facilius
2776 3372 3134 3443 cogitationes
3169 3371 3436 3426 humanas
3477 3385 3598 3439 quae
3630 3370 3685 3422 in
3719 3368 3891 3423 terris

2300 3467 2569 3521 habentur
2596 3466 2868 3536 agnoscis.
2898 3464 3050 3531 Quod
3081 3463 3126 3517 si
3158 3464 3513 3534 cogitationes
3544 3473 3763 3516 nostras
3791 3462 3889 3531 qui

2300 3557 2389 3612 hic
2415 3565 2625 3612 stamus
2656 3573 2762 3611 non
2790 3565 2945 3626 potes
2983 3558 3144 3621 scire,
3169 3555 3441 3626 quomodo
3469 3570 3534 3610 ea
3572 3569 3694 3624 qua:
3714 3555 3889 3610 nullis

2299 3664 2421 3705 esse
2450 3650 2665 3719 cognita
2688 3650 2941 3713 aiiirmas,
2971 3651 3111 3704 scire
3139 3659 3190 3703 te
3220 3648 3397 3703 dicis?

2370 3740 2455 3794 LI.
2488 3740 2661 3795 Crede
2683 3748 2862 3797 autem
2895 3739 3049 3801 mihi,
3082 3740 3207 3809 quia
3247 3754 3523 3809 nunquam
3555 3741 3729 3796 scires
3750 3741 3887 3811 quid

2299 3841 2381 3888 est
2404 3833 2517 3895 lux,
2543 3833 2649 3888 nisi
2676 3834 2745 3888 ab
2774 3832 2889 3902 ipsa
2932 3833 3052 3887 luce
3080 3832 3387 3902 accepisses
3417 3838 3469 3884 et
3499 3832 3678 3886 visum
3708 3840 3764 3886 et
3792 3833 3883 3887 in-

2300 3931 2572 3986 tellectum
2609 3930 2864 3995 videndi;
2899 3930 2979 3984 sic
3008 3936 3063 3983 et
3098 3929 3153 3983 in
3196 3929 3425 3985 caeteris.
3475 3926 3612 3980 Hinc
3656 3936 3883 3997 accepta

2300 4020 2682 4091 intelligentia,
2715 4020 2892 4089 majus
2920 4018 3124 4089 aliquid
3154 4026 3209 4073 et
3241 4018 3531 4074 sublimius
3562 4019 3765 4072 somnii
3792 4024 3883 4072 in-

2300 4120 2416 4168 star
2444 4113 2741 4182 excogitas,
2792 4111 3082 4166 occasione
3134 4119 3310 4164 tamen
3354 4126 3418 4164 ex
3461 4110 3583 4163 istis
3635 4110 3889 4179 quinque

2299 4204 2553 4261 sensibus
2582 4209 2817 4273 sumpta,
2850 4218 3081 4273 quorum
3106 4202 3348 4273 largitori
3372 4202 3618 4271 ingratus
3639 4218 3718 4257 es.
3747 4202 3879 4256 Cers

2299 4303 2387 4351 tus
2416 4303 2593 4349 autem
2619 4300 2758 4357 esto,
2782 4293 2926 4362 quod
2956 4291 3129 4345 donec
3165 4306 3273 4344 non
3305 4289 3515 4343 invenis
3547 4304 3753 4343 novum
3777 4290 3879 4341 ali-

2300 4402 2457 4457 quem
2489 4402 2730 4450 sensum,
2754 4388 2846 4456 qui
2869 4393 3023 4439 extra
3047 4385 3145 4438 hos
3172 4384 3413 4455 quinque
3441 4383 3511 4438 sit
3534 4383 3736 4453 quibus
3766 4398 3879 4436 om-

2298 4497 2397 4536 nes
2425 4480 2651 4543 utimur,
2684 4494 2883 4532 novnm
2914 4491 3159 4531 asserere
3206 4492 3315 4531 non
3348 4476 3555 4545 poteris
3579 4473 3775 4529 Deum.
3806 4474 3874 4527 Et

618 4560 956 4629 prophetavit
982 4561 1101 4615 sine
1128 4561 1295 4616 dubio
1324 4578 1423 4616 nec
1449 4563 1563 4633 ipse
1589 4564 1857 4635 ignoravit
1885 4580 2005 4620 eum
2027 4584 2042 4634 ;
2066 4583 2183 4637 pro-
2227 4581 2270 4634 1)
2303 4573 2492 4627 Simon
2517 4592 2530 4628 :
2557 4573 2691 4628 Cum
2713 4571 2953 4641 quinque
2984 4569 3237 4625 sensibus
3265 4574 3513 4622 constent
3542 4566 3729 4621 omnia
3752 4580 3875 4635 qua:

616 4652 779 4720 pheta
807 4654 952 4706 enim
994 4662 1132 4717 erat,
1161 4661 1215 4707 et
1246 4652 1340 4722 qui
1389 4655 1456 4709 de
1506 4654 1643 4709 Filio
1686 4656 2046 4727 prophetavit,
2080 4660 2196 4713 sine

616 4742 783 4797 dubio
813 4752 1140 4815 cognoverat
1168 4743 1405 4799 Patrem.
1441 4746 1495 4800 Si
1535 4749 1680 4802 enim
1713 4748 1767 4801 in
1806 4750 2084 4804 voluntate
2112 4758 2198 4807 est

618 4834 739 4889 Filii
773 4838 1011 4893 revelare
1061 4836 1275 4892 Patrem
1324 4840 1411 4893 cui
1461 4840 1713 4903 voluerit,
1764 4840 1957 4905 Filius,
1999 4858 2091 4911 qur
2127 4844 2197 4898 ab

615 4930 773 4984 initio
800 4939 852 4985 et
879 4945 1093 5001 semper
1122 4947 1243 4985 cum
1268 4931 1430 4987 Patre
1462 4933 1562 4987 fuit
1597 4948 1694 5004 per
1737 4934 1981 5003 singulas
2027 4951 2191 5005 quas-

616 5035 721 5088 que
749 5022 1148 5090 generationes,
1177 5022 1317 5077 sicut
1350 5023 1608 5077 revelavit
1636 5022 1807 5096 Moysi
1848 5024 2081 5089 Patrem,
2116 5028 2192 5083 ita

613 5123 667 5169 et
698 5115 819 5168 atiis
848 5115 1155 5185 prophetis;
1186 5117 1330 5187 quod
1363 5117 1410 5171 si
1451 5124 1555 5181 est,
1590 5118 1721 5172 nulli
1772 5117 1990 5175 Patrem
2021 5120 2191 5177 fuisse

616 5204 949 5276 incognitum
972 5216 1219 5267 ,constat.
1256 5207 1375 5261 Tibi
1406 5224 1533 5263 vero
1568 5210 1659 5279 qui
1708 5209 1901 5263 Filium
1929 5227 2037 5264 non
2071 5226 2190 5266 cre-

614 5294 719 5359 dis,
744 5298 1017 5366 quomodo
1038 5302 1212 5369 potuit
1248 5300 1473 5355 revelari
1514 5298 1695 5365 Pater,
1734 5303 1823 5371 qui
1855 5279 1987 5355 nulli
2028 5310 2193 5359 notus

612 5395 718 5451 est,
740 5387 845 5442 nisi
874 5390 962 5444 cui
994 5392 1225 5446 voluerit
1258 5392 1429 5449 Filius
1454 5393 1729 5447 revelare?
1758 5392 1978 5449 Revelat
2006 5405 2184 5449 autem

612 5476 780 5533 Filius
804 5477 1018 5535 Patrem
1044 5482 1131 5537 his
1150 5485 1245 5553 qui
1278 5484 1354 5537 ita
1386 5484 1751 5539 honoriﬁcam
1779 5482 1998 5553 Filium,
2037 5488 2179 5542 sicut

616 5571 973 5627 honoriﬁcam
1000 5574 1211 5631 Patrem
1229 5579 1292 5631 ⁵⁷.

681 5663 863 5719 XLIX.
897 5666 1034 5720 Tum
1064 5668 1247 5723 Simon
1277 5690 1288 5723 ;
1318 5670 1604 5735 Memento,
1627 5671 1820 5742 inquit,
1854 5671 1979 5743 quia
2011 5670 2177 5727 tilium

686 5885 900 5941 “Deut.
939 5902 1051 5955 xui,
1090 5886 1191 5939 1-5.
1298 5888 1336 5918 "
1379 5885 1565 5942 iiatth.
1596 5888 1775 5956 11,35.

1854 5889 1895 5917 "‘
1930 5885 2057 5940 Luc.
2098 5902 2169 5948 si,
2205 5887 2290 5939 5'1.

2299 4672 2446 4726 sunt,
2485 4662 2620 4715 nihil
2666 4676 2867 4715 novum
2900 4658 3097 4713 addere
3132 4657 3309 4709 virtus
3360 4656 3448 4709 illa
3483 4655 3701 4710 cunctis
3732 4654 3871 4709 emi-

2299 4757 2516 4811 nentior
2546 4760 2744 4823 potest.
2773 4750 2837 4806 Et
2864 4750 3057 4805 Petrus
3082 4751 3156 4803 ait
3184 4768 3195 4803 :
3230 4747 3449 4804 Falsum
3478 4756 3582 4802 est.
3608 4746 3705 4800 Est
3723 4748 3869 4801 enim

2296 4855 2351 4903 et
2401 4847 2539 4901 alius
2571 4853 2756 4901 sextus
2804 4859 3030 4916 sensus.
3086 4841 3137 4893 id
3168 4846 3279 4895 -est
3321 4839 3736 4909 praenoscendi;
3778 4838 3867 4893 isti

2296 4939 2439 4992 enim
2470 4936 2709 5006 quinque
2736 4949 2933 4988 sensus
2962 4931 3203 4985 scientiae
3235 4945 3464 5000 capaces
3493 4937 3642 4993 sunt,
3677 4937 3869 4985 sextus

2297 5037 2475 5083 autem
2509 5024 2863 5097 praescientiae
2906 5030 3010 5083 est,
3073 5037 3233 5091 quem
3287 5020 3525 5076 habuere
3564 5022 3864 5091 prophetae.

2297 5121 2377 5174 Tu
2413 5133 2541 5189 ergo
2570 5115 2843 5186 quomodo
2870 5120 3025 5185 potes
3050 5112 3213 5167 Deum
3237 5112 3490 5167 omnibus
3523 5112 3866 5182 incognitum

2296 5227 2479 5273 nosse,
2512 5208 2606 5279 qui
2631 5222 2731 5262 nec
2762 5206 3135 5276 propheticum
3190 5219 3432 5269 sensum,
3472 5204 3565 5274 qui
3607 5214 3693 5258 est
3719 5221 3862 5274 pra:-

2296 5303 2555 5364 scientize,
2614 5298 2957 5369 cognovisti?
3006 5296 3143 5351 Tum
3196 5295 3381 5351 Simon
3412 5297 3578 5367 erepit
3626 5297 3860 5353 dicere:

2291 5391 2442 5445 llanc
2472 5404 2633 5461 quam
2684 5387 2808 5442 dico
2864 5385 3118 5439 virtutem
3175 5384 3778 5455 incomprehensibilem
3806 5394 3863 5438 et

2288 5483 2705 5539 eminentiorem
2755 5476 2992 5541 cunctis,
3045 5476 3208 5532 etiam
3267 5477 3388 5546 ipso
3444 5475 3537 5545 qui
3588 5475 3858 5529 mundum

2288 5576 2532 5631 condidit
2560 5573 2691 5636 Deo,
2744 5587 2921 5641 neque
2972 5571 3287 5641 angelorum
3337 5570 3624 5639 quisquam
3677 5583 3859 5637 neque

2283 5672 2587 5726 daemonum
2628 5665 2777 5720 novit
2804 5677 2979 5734 neque
3024 5661 3357 5725 Iudaeorum,
3394 5677 3566 5733 neque
3597 5662 3703 5717 ulla
3736 5676 3856 5717 orn-

2372 5886 2413 5909 “
2458 5884 2654 5937 Matth.
2696 5898 2767 5952 xl,
2801 5882 2890 5939 9.7.
2971 5885 3011 5911 "
3053 5882 3205 5938 Joan.
3244 5900 3295 5951 γ,
3326 5881 3413 5939 ἳῦ.
