4066 6334
190 408 343 464 ηπ,

1380 392 1945 455 RECOGNITIONUM
1978 388 2108 447 LIB.
2146 390 2205 449 ll.

3292 389 3427 445 1274

187 524 330 576 nino
356 533 476 591 qua!
506 534 536 573 a
580 516 863 574 conditore
896 513 1007 568 Deo
1034 511 1277 568 substitit
1316 519 1586 566 creatura.
1610 514 1759 576 Quo-
1791 518 1837 574 Α
1864 518 2085 558 causam
2125 503 2182 556 in
2240 502 2493 571 paradiso
2524 500 2743 571 posuit?
2792 498 2848 554 Si
2902 516 3029 555 vero
3077 500 3277 554 bonum
3312 514 3433 557 erat

183 614 360 668 modo
388 612 534 667 enim
566 615 798 681 poterat,
829 622 992 676 quam
1020 603 1249 660 Creator
1301 606 1417 674 ipse
1450 618 1559 658 non
1593 617 1759 656 nove-

182 711 297 763 rat,
315 731 326 740 -
347 701 430 754 lex
457 716 542 754 me
573 700 746 768 ipsius
775 696 1053 752 Creatoris
1084 694 1333 763 edocere,
1359 709 1481 749 cum
1507 706 1610 747 nec
1638 693 1754 763 ipsa

178 791 358 847 sciret
386 795 528 862 quod
558 792 807 846 doceret?

253 882 370 938 LII.
407 884 471 937 Et
529 883 761 937 Petrus:
815 882 1003 945 Miror,
1035 880 1229 951 inquit,
1289 880 1561 951 quomodo
1601 884 1661 933 tu
1690 894 1757 933 ex

176 973 302 1044 lege
337 976 463 1043 plus
518 975 762 1044 potueris
817 974 1049 1035 discere,
1087 988 1249 1042 quam
1280 971 1478 1027 docere
1504 971 1588 1025 vel
1616 970 1758 1025 scire

177 1064 265 1119 lex
299 1057 557 1135 poterat?
581 1071 634 1119 et
686 1064 958 1134 quomodo
1005 1064 1199 1119 horum
1250 1078 1372 1132 qua:
1400 1076 1645 1117 asserere
1676 1062 1757 1115 vis

176 1156 543 1224 probationes
574 1155 725 1210 dicas
754 1163 806 1210 te
836 1171 902 1210 ex
947 1155 1063 1225 lege
1115 1155 1379 1224 proferre,
1412 1169 1535 1208 cum
1581 1168 1757 1222 neque

175 1245 361 1315 legem
397 1260 613 1300 asseras
660 1259 823 1299 nosse
851 1260 913 1299 ea
958 1244 1276 1317 quiedicis,
1304 1259 1478 1313 neque
1508 1258 1631 1299 eum
1661 1242 1755 1311 qui

171 1336 353 1406 legem
390 1337 557 1398 dedit,
603 1336 656 1390 id
712 1344 795 1391 est
833 1338 1020 1391 mundi
1052 1336 1407 1392 Creatorem?
1435 1336 1540 1391 Sed
1571 1348 1624 1390 et
1653 1336 1755 1389 hoc

170 1426 379 1491 miror,
412 1427 686 1496 quomodo
714 1435 771 1481 tu
825 1429 917 1498 qui
950 1431 1101 1485 solus
1131 1428 1243 1483 haec
1276 1430 1443 1497 nosti,
1478 1428 1567 1483 hic
1595 1432 1756 1485 modo

168 1530 301 1569 cum
338 1518 599 1573 omnibus
632 1526 744 1572 stes
798 1520 982 1575 brevis
1032 1520 1154 1575 atrii
1191 1521 1355 1590 hujus
1411 1522 1619 1576 ambitu
1647 1522 1757 1576 eir-

167 1594 498 1664 cunidatus.
539 1608 606 1663 Et
638 1608 825 1665 Simon
853 1612 1046 1666 videns
1084 1627 1207 1666 cum
1259 1614 1409 1667 omni
1443 1615 1645 1683 populo
1675 1616 1753 1668 ri-

165 1696 399 1751 dentem
458 1696 714 1753 Petrum:
741 1697 930 1763 Rides,
959 1701 1157 1769 inquit,
1192 1698 1373 1763 Petre,
1414 1716 1539 1754 cum
1574 1716 1755 1755 sermo

165 1787 234 1841 de
266 1789 440 1842 tantis
470 1790 631 1844 rebus
682 1800 734 1844 et
762 1798 871 1843 tam
902 1792 1266 1847 eminentibus
1291 1792 1585 1846 habeatur?
1618 1791 1752 1845 Tum

1856 597 2000 667 quod
2032 597 2085 651 in
2124 593 2382 666 paradiso
2426 594 2631 666 posuit,
2664 610 2774 649 non
2796 603 2881 650 est
2908 594 3034 649 boni
3059 595 3349 665 prohibere
3400 612 3431 651 a

1856 689 2018 743 bono.

1927 778 2059 833 LIV.
2103 778 2193 834 Sic
2220 794 2351 851 ergo
2375 795 2500 849 cum
2531 780 2578 835 is
2608 778 2702 849 qui
2732 777 3009 833 hominem
3041 776 3171 833 fecit
3195 790 3248 833 et
3274 797 3434 835 mun-

1856 870 2006 933 dum,
2033 871 2333 926 secundum
2364 885 2427 925 ea
2468 886 2589 940 qua:
2618 872 2703 925 lex
2733 868 2902 924 refert
2931 869 3285 940 imperfectus
3336 872 3429 934 sit,

1858 963 2023 1016 alium
2052 964 2171 1018 sine
2202 963 2369 1018 dubio
2398 962 2492 1017 dat
2524 962 2754 1033 intelligi
2778 962 2872 1032 qui
2898 960 3172 1031 perfectus
3205 964 3296 1017 sit.
3327 961 3433 1018 Ne-

1858 1069 2015 1108 cesse
2050 1063 2134 1109 est
2160 1057 2305 1109 enim
2356 1070 2478 1109 esse
2510 1055 2745 1124 aliquem
2787 1054 3030 1107 omnium
3086 1056 3436 1124 praestantio-

1858 1160 1991 1209 rem,
2013 1154 2234 1216 propter
2262 1160 2421 1215 quem
2451 1154 2504 1199 et
2525 1146 2705 1200 omnis
2731 1153 2979 1200 creatura
3003 1145 3252 1200 ordinem
3270 1162 3432 1201 suum

1856 1243 2057 1291 servat.
2084 1236 2241 1292 Unde
2262 1247 2315 1292 et
2348 1252 2449 1309 ego
2479 1239 2683 1301 sciens,
2709 1237 2835 1307 quia
2860 1237 3174 1292 omnimodo
3207 1254 3435 1294 necesse

1855 1334 1941 1381 est
1970 1342 2092 1382 esse
2137 1328 2373 1398 aliquem
2430 1328 2803 1393 benigniorem
2850 1336 2903 1381 et
2952 1328 3312 1395 potentiorem
3342 1344 3429 1393 eo,

1855 1418 1948 1486 qui
1981 1418 2151 1489 legem
2194 1418 2368 1483 dedit,
2406 1418 2724 1489 imperfecto
2759 1418 2883 1481 deo,
2917 1434 2985 1476 ex
3020 1421 3433 1491 c0mparatione

1856 1508 2157 1577 imperfecti
2204 1496 2511 1579 perfectum
2558 1509 2688 1580 quid
2749 1510 2819 1563 sit
2856 1510 3187 1580 intelligens,
3220 1528 3283 1565 ex
3314 1512 3430 1581 ipsa

1858 1598 2141 1668 Scriptura
2185 1599 2355 1655 Deum
2418 1600 2574 1655 illum
2605 1600 2673 1655 de
2714 1616 2823 1669 quo
2854 1603 3117 1670 scriptum
3150 1618 3257 1656 non
3288 1610 3428 1666 erat,

1856 1686 2116 1742 intellexi.
2153 1687 2217 1741 Et
2243 1688 2345 1742 hoc
2368 1688 2529 1742 modo
2548 1690 2718 1757 potui,
2734 1703 2766 1741 o
2783 1686 2962 1753 Petre,
2984 1704 3047 1744 ex
3076 1690 3192 1760 lege
3217 1691 3431 1745 discere

1857 1778 2001 1844 quod
2034 1780 2312 1834 nesciebat
2372 1780 2479 1835 lex.
2511 1778 2667 1845 Quod
2701 1786 2755 1833 et
2806 1780 2853 1834 si
2906 1779 2991 1833 lex
3024 1795 3133 1834 non
3187 1781 3431 1836 dedisset

161 1874 375 1933 Pen-us
406 1898 419 1933 ε
452 1878 593 1942 Noli,
625 1881 821 1950 inquit,
870 1882 1142 1952 indignari
1195 1882 1407 1948 Simon,
1433 1884 1569 1937 nihil
1597 1884 1744 1937 enim
1781 1874 1820 1928 lt
1850 1871 2076 1933 indicia,
2110 1871 2311 1941 quibus
2358 1871 2708 1941 colligeretur
2748 1870 3101 1940 imperfectus
3129 1887 3251 1927 esse
3285 1872 3429 1929 Deus

161 1978 373 2038 prater
415 1970 831 2038 promissionem
882 1980 1126 2027 nostram
1156 1973 1419 2043 gerimus,
1450 1988 1624 2042 neque
1649 1988 1746 2039 aus-

160 2077 258 2118 res
293 2071 521 2119 nostras
549 2064 877 2126 claudimus,
906 2073 964 2119 ut
994 2064 1240 2127 dicebas,
1272 2079 1449 2133 neque
1476 2065 1658 2118 statim
1687 2071 1747 2118 ut

160 2152 487 2211 audivimus
519 2170 548 2207 δ
575 2161 629 2210 te
679 2155 970 2209 ineﬂ'abilia
1000 2153 1234 2225 proferri
1288 2155 1342 2207 in
1384 2154 1565 2225 fugam
1601 2154 1744 2209 versi

157 2261 386 2307 sumus,
420 2247 515 2302 sed
534 2262 600 2301 ne
625 2246 747 2300 loco
774 2246 995 2315 quidem
1040 2247 1196 2301 moti.
1228 2245 1413 2315 Neque
1434 2246 1579 2300 enim
1606 2246 1747 2301 veri-

157 2334 373 2389 similia
413 2336 604 2390 saltem
661 2336 838 2404 aliqua
878 2334 1231 2404 proferuntur
1255 2335 1351 2388 abs
1383 2341 1456 2395 te,
1499 2349 1621 2404 qua:
1645 2348 1746 2389 nos

158 2425 387 2495 possint
417 2426 762 2495 aliquatenus
792 2426 1086 2489 deterrere,
1115 2433 1208 2479 aut
1240 2436 1387 2479 certe
1414 2426 1561 2494 aperi
1588 2424 1745 2479 nobis

156 2516 589 2587 intelligentiam
620 2518 751 2572 dicti
795 2518 979 2587 hujus,
1008 2519 1284 2588 quomodo
1331 2525 1388 2571 tu
1421 2533 1487 2571 ex
1518 2518 1634 2588 lege
1662 2516 1744 2571 di-

156 2607 371 2663 diceris
400 2608 592 2672 Deum,
619 2625 780 2679 quem
824 2611 905 2665 lex
943 2610 1060 2680 ipsa
1110 2610 1303 2672 nescit,
1337 2617 1389 2663 et
1420 2623 1579 2677 quem
1629 2608 1745 2677 ipse

158 2699 256 2769 qui
291 2700 468 2769 legem
497 2700 678 2769 posuit
724 2701 955 2771 ignoret.
990 2700 1053 2753 Et
1080 2698 1268 2753 Simon
1296 2717 1309 2751 :
1334 2698 1410 2760 Si,
1440 2699 1635 2766 inquit,
1663 2698 1742 2751 ri-

158 2790 346 2847 dendo
392 2793 649 2855 cessasti,
679 2793 1028 2848 evidentibus
1067 2790 1462 2867 assertionibus
1490 2804 1745 2859 compro-

158 2881 330 2935 babo.
364 2880 432 2935 Et
460 2880 654 2938 Petrus
682 2885 758 2937 ait
787 2902 801 2937 :
834 2883 978 2948 Quin
1028 2882 1297 2943 desinam,
1329 2886 1390 2933 ut
1416 2880 1622 2950 possim
1652 2878 1741 2933 di-

158 2988 371 3029 scerea
401 2983 473 3035 te,
508 2975 781 3044 quomodo
831 2984 888 3028 tu
936 2989 965 3026 a
1016 2975 1134 3044 lege
1184 2972 1460 3036 didiceris,
1488 2988 1609 3043 qute
1656 2974 1739 3027 lex

160 3068 341 3120 nescit
362 3074 415 3118 et
437 3082 556 3135 qua:
584 3066 696 3134 ipse
722 3066 864 3120 Deus
904 3067 1036 3135 legis
1067 3066 1296 3134 ignoret.

232 3157 373 3212 LIII.
406 3157 469 3211 Et
498 3156 685 3212 Simon
709 3158 890 3222 :Audi,
917 3159 1116 3229 inquit,
1136 3157 1484 3213 manifestum
1518 3165 1602 3212 est
1626 3172 1743 3213 om-

162 3253 330 3307 nibus
385 3259 437 3306 et
492 3250 750 3305 ineffabili
805 3252 1040 3321 quadam
1100 3252 1309 3306 ratione
1365 3259 1741 3322 compertum,

159 3359 336 3396 unum
373 3358 497 3397 esse
528 3340 716 3405 Deum,
770 3343 861 3411 qui
915 3342 989 3397 sit
1026 3345 1269 3397 omnium
1322 3344 1537 3408 melior,
1572 3360 1601 3397 a
1633 3362 1744 3415 quo

160 3447 330 3491 omne
363 3432 505 3501 quod
539 3440 644 3495 est,
671 3434 905 3503 sumpsit
934 3434 1241 3496 exordium,
1272 3436 1416 3489 unde
1445 3443 1499 3489 et
1545 3452 1740 3492 neces-

160 3527 316 3579 sario
342 3525 580 3593 subjecta
606 3533 736 3580 sunt
761 3527 808 3580 ei
840 3526 1019 3580 omnia
1050 3542 1173 3596 quae
1210 3535 1333 3597 post
1363 3528 1541 3598 ipsum
1591 3538 1738 3593 sunt,

160 3617 315 3670 velut
371 3616 603 3685 principi
662 3616 907 3669 omnium
965 3624 1018 3670 et
1072 3618 1438 3673 eminentiori.
1473 3616 1584 3688 Ego
1611 3635 1742 3689 ergo

160 3723 288 3761 cum
322 3709 699 3777 cognovissent
754 3707 922 3761 Deum
974 3710 1117 3763 hunc
1147 3710 1238 3778 qui
1272 3719 1551 3764 creaverat
1582 3726 1743 3765 mun-

160 3797 319 3861 dum,
356 3799 655 3852 secundum
692 3799 836 3868 quod
880 3800 963 3852 lex
996 3800 1177 3863 docet,
1203 3800 1258 3853 in
1291 3801 1476 3855 multis
1506 3817 1627 3856 esse
1659 3802 1743 3857 in-

160 3887 409 3951 ﬁrmum,
440 3888 599 3959 longe
622 3898 802 3943 autem
838 3888 1095 3943 abhorret
1124 3890 1409 3946 infirmitas
1441 3906 1470 3943 a
1499 3891 1741 3960 perfecto

161 3976 296 4042 Deo,
322 3986 385 4033 et
407 3980 549 4032 hunc
578 3981 808 4033 \Zderem
834 3995 939 4033 non
969 3997 1093 4035 esse
1127 3981 1449 4052 perfectum.
1479 3999 1739 4039 necessa-

160 4072 244 4124 rio
284 4072 452 4124 alium
497 4087 619 4125 esse
672 4072 908 4125 intellexi
961 4074 1054 4143 qui
1102 4083 1249 4131 esset
1304 4074 1600 4144 perfectus.
1640 4076 1739 4131 ilic

160 4163 334 4225 enim,
366 4169 425 4215 ut
459 4163 592 4224 dixi,
642 4163 939 4217 secundum
976 4163 1119 4233 quod
1153 4164 1433 4235 Scriptura
1478 4168 1614 4235 legis
1638 4169 1741 4222 do-

160 4257 270 4311 cet,
300 4251 355 4302 in
382 4250 567 4303 multis
592 4250 839 4305 inﬁrmus
870 4268 992 4306 esse
1022 4255 1463 4323 deprehenditur.
1484 4258 1529 4288 “
1556 4257 1739 4311 Primo

160 4340 311 4407 quod
347 4340 509 4392 homo
538 4357 697 4410 quem
733 4344 1040 4411 plasmavit,
1076 4361 1185 4399 non
1218 4350 1391 4417 potuit
1422 4365 1738 4417 permanere

160 4432 287 4484 talis
320 4433 533 4501 qualem
585 4432 700 4502 ipse
755 4434 1016 4500 voluerat,
1046 4445 1100 4490 et
1139 4439 1264 4507 quia
1294 4456 1394 4494 nec
1427 4442 1600 4495 bonus
1629 4450 1733 4507 est,

1847 1962 1941 2032 qui
1970 1960 2215 2016 condidit
2246 1962 2531 2022 mundum,
2568 1961 2699 2014 mihi
2731 1962 2993 2035 possibile
3014 1972 3152 2027 erat,
3175 1968 3337 2020 etiam
3362 1982 3428 2021 ex

1847 2052 1933 2106 his
1960 2066 2085 2122 quin
2139 2053 2193 2106 in
2252 2051 2357 2106 hoc
2404 2052 2608 2106 mundo
2631 2060 2896 2122 geruntur
2927 2054 3087 2109 malis
3116 2071 3216 2110 nec
3243 2072 3431 2111 emen-

1847 2146 2067 2209 dantur,
2093 2145 2370 2215 colligere,
2429 2146 2513 2198 vel
2546 2146 2675 2215 quia
2715 2145 3079 2216 impossibilis
3108 2154 3192 2203 est
3216 2156 3430 2204 creator

1850 2237 1992 2306 ejus,
2024 2237 2280 2306 qui-male
2301 2242 2452 2306 gesta
2484 2251 2591 2289 non
2618 2236 2866 2306 corrigit,
2894 2238 2938 2292 si
2965 2251 3075 2291 non
3113 2247 3311 2308 petest,
3341 2240 3427 2294 vel

1847 2320 2034 2382 si'non
2062 2327 2177 2382 vult
2200 2326 2417 2382 auferre
2444 2328 2607 2394 mala,
2626 2327 2741 2399 ipse
2769 2329 2946 2386 malus
2974 2332 3066 2393 sit,
3092 2332 3138 2387 si
3170 2348 3299 2387 vero
3326 2350 3427 2389 ne-

1846 2435 1952 2489 que
1976 2424 2162 2488 potest
2188 2434 2365 2489 neque
2394 2419 2530 2481 vult,
2586 2434 2688 2473 nec
2735 2428 2930 2489 potens
2966 2437 3067 2475 nec
3122 2422 3299 2478 bonus
3331 2424 3424 2480 sit.

1848 2509 1911 2563 Et
1937 2526 2003 2565 ex
2031 2510 2117 2565 his
2145 2525 2373 2564 necesse
2428 2517 2512 2563 est
2564 2511 2766 2581 colligi,
2807 2514 2954 2582 quod
3007 2514 3146 2570 alius
3178 2516 3251 2569 sit
3283 2513 3426 2569 Deus

1846 2598 2087 2654 omnium
2122 2602 2469 2669 praestantior
2488 2610 2543 2656 et
2576 2603 2868 2672 potentior.
2912 2604 2997 2660 Ad
3028 2606 3143 2661 haec
3196 2608 3240 2663 si
3292 2608 3426 2678 quid

1847 2691 2017 2748 habes
2049 2692 2255 2757 dicere,
2288 2708 2395 2747 non
2432 2695 2685 2751 moreris.

1914 2782 2025 2838 LV.
2058 2782 2250 2839 Petrus
2280 2787 2564 2855 respondit
2594 2807 2605 2841 :
2634 2786 2824 2843 Solent
2856 2790 2979 2855 ista,
3010 2806 3043 2845 ο
3072 2790 3283 2858 Simon,
3321 2795 3423 2849 ab-

1846 2873 2011 2927 surda
2057 2876 2319 2930 adversus
2367 2877 2533 2931 Deum
2586 2880 2839 2933 meditari
2888 2882 2941 2934 hi
2972 2884 3063 2952 qui
3098 2884 3265 2953 legem
3314 2902 3425 2941 non

1846 2969 2125 3038 magistris
2166 2968 2509 3023 tradentibus
2561 2970 2770 3039 legunt,
2823 2974 2919 3026 sed
2964 2976 3292 3044 semetipsos
3323 2977 3425 3031 do-

1845 3069 2027 3116 ctores
2058 3061 2261 3116 habent
2290 3068 2344 3114 et
2368 3069 2560 3129 putant
2591 3078 2650 3117 se
2686 3064 2989 3134 intelligere
3013 3081 3174 3135 posse
3214 3068 3383 3137 legem
3405 3111 3424 3136 ,

1847 3167 2010 3221 quam
2036 3153 2138 3207 sibi
2169 3168 2277 3207 non
2304 3153 2560 3223 exposuit
2591 3153 2681 3208 ille
2707 3155 2849 3224 quia
2871 3157 3134 3226 magistro
3149 3158 3420 3215 didicerit.

1850 3243 2236 3300 Verumtamen
2251 3261 2418 3308 nunc,
2440 3254 2499 3298 ut
2515 3254 2566 3299 et
2584 3261 2683 3299 nos
2707 3247 3005 3301 secundum
3031 3257 3181 3304 tuum
3201 3267 3424 3307 sensum

1850 3335 2189 3406 Scripturam
2229 3338 2364 3407 legis
2388 3338 2539 3407 sequi
2580 3337 2887 3401 videamur,
2920 3340 3047 3408 quia
3081 3351 3134 3393 et
3161 3343 3422 3410 impossi-

1845 3429 2007 3482 bilem
2035 3436 2088 3483 et
2121 3443 2226 3481 non
2251 3428 2453 3482 bonum
2481 3429 2621 3483 dicis
2652 3430 2865 3484 ostendi
2896 3434 3246 3487 Conditorem
3266 3452 3425 3489 mun-

1845 3519 1923 3583 di,
1959 3521 2235 3589 quomodo
2265 3536 2375 3573 non
2409 3521 2589 3575 vidisti
2637 3520 2781 3590 quod
2828 3522 3021 3577 iisdem
3063 3525 3197 3594 ipsis
3236 3544 3423 3595 repre-

1846 3611 2207 3667 hensionihus
2231 3612 2539 3667 succumbit
2564 3622 2619 3667 et
2650 3614 2897 3682 suhjacet
2926 3616 3089 3670 etiam
3118 3618 3221 3671 ista
3248 3621 3420 3675 virtus

1844 3711 1961 3766 tua,
1989 3718 2154 3773 quam
2196 3704 2336 3759 dicis
2377 3720 2501 3759 esse
2537 3706 2952 3760 eminentiorem
2996 3710 3281 3764 omnium?
3318 3711 3420 3766 Eo-

1844 3795 1966 3849 dem
1999 3812 2237 3865 namque
2267 3796 2430 3851 modo
2457 3796 2524 3851 de
2554 3799 2670 3866 ipsa
2698 3798 2809 3851 diei
2840 3806 3039 3868 potest,
3082 3803 3209 3871 quia
3236 3806 3417 3859 omnia

1843 3904 1964 3959 quae
1990 3889 2079 3943 hic
2102 3890 2242 3943 male
2267 3897 2553 3959 geruntur,
2582 3897 2676 3942 aut
2694 3890 3050 3959 impossibilis
3064 3902 3148 3946 est
3165 3910 3284 3964 qum
3310 3912 3417 3950 non

1844 3980 2091 4051 corrigit,
2112 3987 2207 4033 aut
2234 3981 2279 4034 si
2310 3987 2489 4049 potest
2514 3991 2565 4033 et
2594 3995 2703 4033 non
2732 3981 2871 4045 vult,
2892 3982 3033 4035 mala
3066 3994 3167 4038 est.
3204 3983 3259 4038 Si
3288 4002 3418 4040 vero

1845 4087 2020 4142 neque
2058 4078 2239 4141 potest
2272 4087 2448 4141 neque
2480 4072 2616 4137 vult,
2650 4080 2705 4126 et
2740 4073 3100 4142 impossibilis
3134 4083 3187 4128 et
3217 4077 3417 4144 imper-

1846 4164 1983 4219 fecta
2011 4172 2115 4218 est.
2149 4162 2303 4217 Unde
2333 4178 2441 4216 non
2484 4164 2662 4217 solum
2695 4164 2859 4216 simili
2892 4165 3066 4233 culpa:
3091 4166 3267 4221 virtus
3303 4169 3411 4222 ista

1844 4264 1935 4307 tua
1966 4269 2124 4317 nova,
2160 4253 2253 4308 sed
2280 4262 2333 4308 et
2360 4254 2619 4309 deteriori
2646 4254 2922 4317 invenitur
2952 4257 3208 4320 obnoxia,
3244 4260 3288 4313 si
3321 4276 3417 4313 su-

1842 4362 1937 4416 per
1969 4347 2084 4400 haec
2113 4348 2301 4399 omnia
2336 4347 2499 4400 etiam
2530 4362 2653 4400 cum
2698 4362 2805 4400 non
2841 4349 2931 4409 sit,
2970 4364 3092 4403 esse
3134 4350 3410 4407 credatur.

1841 4439 1976 4493 Nam
2006 4440 2051 4493 is
2091 4438 2185 4508 qui
2217 4439 2480 4491 mundum
2513 4439 2737 4505 creavit,
2766 4439 2868 4493 hoc
2909 4441 3085 4509 ipsum
3111 4444 3254 4511 quod
3283 4445 3405 4497 Stib-

160 4525 250 4593 qui
286 4526 461 4592 primo
488 4526 689 4578 homini
722 4527 903 4593 posuit
939 4529 1130 4599 legem,
1164 4538 1223 4584 ut
1254 4532 1321 4585 ab
1344 4534 1733 4603 omnibusqui-
1766 4539 1811 4595 D
1841 4531 2064 4586 sistitcx
2084 4530 2381 4599 opereejus
2400 4546 2507 4599 quo
2525 4531 2786 4584 mundum
2806 4533 3072 4598 condidit,
3095 4535 3271 4603 palam
3300 4544 3407 4599 est,

160 4612 282 4664 dein
314 4612 472 4683 lignis
516 4619 749 4685 paradisi
776 4620 993 4681 ederet,
1024 4622 1090 4675 de
1114 4623 1258 4692 ligno
1289 4632 1467 4677 autem
1495 4627 1735 4679 scientiae

163 4717 271 4787 non
306 4705 669 4774 contingeret,
703 4711 796 4763 sed
849 4711 893 4765 si
950 4721 1227 4782 gustasset
1263 4725 1590 4771 moreretur.
1624 4718 1737 4772 Cur

159 4795 305 4845 enim
340 4804 543 4851 vetaret
595 4815 717 4853 eum
746 4804 887 4856 vesci
916 4813 969 4856 et
1016 4807 1157 4860 scire
1181 4807 1310 4875 quid
1362 4817 1504 4861 esset
1531 4810 1732 4863 bonum

162 4886 245 4939 vel
270 4887 402 4955 quid
459 4896 681 4954 malum,
719 4906 775 4947 ut
826 4911 1005 4951 scnens
1066 4899 1206 4951 mala
1260 4900 1479 4969 quidem
1518 4902 1732 4967 vitaret,

161 4976 305 5031 bona
335 4994 465 5033 vero
499 4981 759 5051 eligeret?
805 4984 907 5040 Sed
963 5004 1137 5057 neque
1162 4989 1278 5058 ipse
1305 4991 1405 5046 hoc
1433 4994 1730 5059 concessit,

158 5076 212 5121 et
244 5072 374 5138 quia
409 5071 498 5126 ille
542 5082 734 5141 przeter
781 5077 1095 5132 mandatum
1138 5083 1376 5151 gustavit
1418 5090 1471 5137 et
1512 5086 1731 5153 agnovit

161 5162 289 5230 quid
320 5176 465 5219 esset
495 5167 715 5230 bonum,
744 5185 804 5222 ac
827 5170 1014 5224 didicit
1045 5173 1266 5228 honoris
1292 5177 1462 5243 gratia
1494 5178 1729 5231 verenda

160 5262 451 5325 contegere
504 5257 841 5327 (indecorum
870 5264 1013 5317 enim
1040 5266 1209 5319 sensit
1238 5268 1490 5321 revelatis
1518 5268 1730 5337 puden-

159 5346 243 5403 dis
278 5358 426 5404 stare
476 5358 601 5406 ante
630 5352 942 5408 Creatorem
993 5357 1202 5427 suum),
1236 5360 1325 5412 ille
1353 5376 1475 5413 eum
1506 5360 1597 5430 qui
1631 5362 1728 5417 ho-

159 5452 346 5495 norem
382 5439 491 5497 Deo
538 5434 749 5500 deferre
803 5446 1086 5511 didicerat,
1121 5458 1292 5505 morte
1318 5451 1648 5507 condemnat
1675 5461 1729 5508 et

160 5531 402 5600 serpenti
426 5533 518 5601 qui
540 5534 663 5600 _htec
703 5538 1038 5602 ostenderat,
1074 5539 1367 5594 maledicit.
1404 5540 1507 5595 Sed
1541 5544 1728 5615 utique

160 5627 203 5675 sl
229 5622 507 5681 laedendus
530 5641 595 5681 ex
629 5627 729 5681 hoc
750 5638 869 5684 erat
894 5632 1057 5686 homo
1075 5672 1089 5696 ,
1117 5647 1217 5685 cur
1246 5633 1470 5687 omnino
1497 5634 1725 5690 lzedendi

163 5832 304 5903 Lips.

1840 4624 1985 4677 sicut
2023 4623 2186 4676 etiam
2241 4623 2358 4691 ipse
2391 4621 2692 4676 confiteris.
2741 4621 2850 4677 Ista
2882 4639 3009 4678 vero
3039 4626 3216 4680 virtus
3247 4643 3410 4695 quam

1836 4722 1891 4769 te
1922 4715 2098 4769 solum
2132 4714 2271 4769 scire
2304 4714 2464 4775 dicis,
2486 4715 2694 4767 nullum
2716 4713 2783 4768 de
2814 4730 2872 4769 se
2897 4715 3157 4770 indicium
3186 4720 3408 4788 przebel,

1840 4822 1936 4876 per
1968 4807 2113 4876 quod
2152 4808 2253 4859 huc
2303 4807 2482 4876 ipsum
2515 4807 2705 4861 saltem
2740 4807 2884 4877 quod
2914 4814 2996 4863 est
3024 4816 3079 4863 et
3119 4811 3405 4873 subsistit,

1838 4899 2112 4968 possimus
2162 4898 2464 4953 advertere.

1908 4989 2042 5044 LVI.
2074 4990 2243 5056 Quale
2273 4998 2356 5044 est
2389 5006 2539 5061 ergo,
2576 4998 2634 5044 ut
2658 4991 3100 5063 derelinquamus
3132 4991 3326 5058 Deum,
3352 4994 3409 5049 in

1838 5083 1996 5152 cujus
2020 5082 2223 5136 mundo
2250 5083 2484 5137 vivimus
2506 5092 2559 5136 et
2588 5082 2846 5137 omnibus
2873 5084 2939 5138 ad
2965 5084 3131 5137 vitam
3155 5101 3409 5139 necessa-

1838 5177 1937 5231 riis
1970 5175 2222 5239 fruimur,
2256 5184 2311 5230 et
2344 5191 2637 5244 sequamur
2670 5176 2859 5230 nescio
2884 5192 3076 5246 quem,
3108 5177 3268 5245 cujus
3297 5194 3407 5233 non

1837 5272 2013 5324 solum
2050 5268 2187 5323 nihil
2236 5269 2626 5338 consequimur
2668 5268 2828 5331 boni,
2862 5268 2955 5323 sed
2990 5285 3056 5323 ne
3086 5270 3187 5323 hoc
3221 5272 3401 5340 ipsum

1836 5362 2094 5430 quidem,
2126 5360 2272 5431 quod
2313 5360 2407 5420 sit,
2449 5360 2593 5414 scire
2639 5375 2932 5430 possumus
2958 5400 2972 5424 ,
3019 5362 3231 5416 scilicet
3278 5362 3405 5431 quia

1838 5470 1937 5507 nec
1974 5463 2091 5517 est;
2128 5454 2241 5509 sive
2270 5453 2411 5505 enim
2440 5468 2562 5507 eum
2601 5453 2776 5506 lucem
2801 5454 3041 5523 appelles
3072 5463 3125 5509 et
3149 5454 3268 5508 luce
3302 5456 3405 5509 ista

1836 5560 1997 5613 quam
2036 5542 2313 5597 cernimus
2343 5543 2630 5617 clariorem
2654 5583 2667 5603 ,
2709 5560 2905 5599 nomen
2938 5546 3117 5615 ipsum
3154 5563 3183 5600 a
3214 5548 3404 5603 mundi

1834 5636 2125 5691 Conditore
2147 5634 2447 5702 mutuaris;
2470 5636 2584 5690 sive
2615 5636 2974 5691 substantiam
3004 5639 3207 5695 dixeiis
3240 5655 3403 5709 super

294 5764 424 5833 Qua:
453 5779 759 5840 sequuntur
788 5772 1051 5828 vocabula
1085 5790 1258 5847 usque
1290 5775 1355 5831 ad
1418 5773 1508 5829 illa
1560 5790 1681 5845 cap.
1740 5790 1855 5846 seq.
1892 5790 1953 5829 cx
1988 5774 2399 5840 comparatione,
2453 5780 2583 5835 «te,
2640 5772 2837 5827 desunt
2895 5790 2948 5827 ιιι
2988 5787 3217 5846 utroque
3274 5776 3397 5831 cod.
