4066 6334
695 399 835 455 ητδ

1540 403 1596 458 S.
1631 404 2020 459 CLEMENTIS
2053 405 2072 459 l
2106 405 2270 464 ROM.
2311 408 2510 465 PONT.
2550 409 2775 467 OPERA
2818 411 3040 467 DUBIA.

3787 409 3922 465 ητδ

691 516 876 570 omnia
899 556 914 580 ,
947 513 1369 586 Intelligentiam
1413 515 1541 570 hinc
1578 516 1791 586 profers
1827 533 1950 572 cum
1987 519 2257 576 sermonis
2283 527 2334 584 Δ
2361 523 2504 576 ditor
2529 524 2695 594 exigit
2735 525 2900 579 etiam
2931 527 3104 594 legem
3145 526 3377 598 impleri.
3407 525 3474 579 Et
3507 523 3705 580 Petrus
3735 545 3746 578 :
3783 523 3922 594 Ergo

689 616 1007 677 augmento;
1038 608 1151 661 sive
1174 617 1430 672 mentem,
1465 610 1579 664 sive
1605 609 2052 675 bonitatem,sive
2069 610 2255 679 vitam,

689 701 804 754 sive
836 700 982 752 aliud
1027 701 1158 769 quid
1202 702 1625 764 memoraveris,
1659 701 1786 755 hinc
1828 702 2095 755 vocabula
2139 719 2258 757 mu-

687 795 883 848 tuaris.
937 791 1074 846 Cum
1100 808 1231 862 ergo
1278 793 1412 846 nihil
1450 795 1576 846 novi
1620 792 1687 846 de
1721 793 1811 845 illa
1848 793 2046 848 virtute
2095 809 2256 863 quam

685 887 850 948 dicis.
894 901 1002 939 non
1053 886 1232 942 solum
1266 883 1335 937 ad
1388 883 1823 954 intelligendum,
1862 900 2048 938 verum
2081 901 2150 939 ne
2189 885 2252 939 ad

689 979 1083 1033 nominandum
1112 977 1330 1047 quidem
1363 976 1599 1038 habeas,
1651 976 1924 1045 quomodo
1955 975 2255 1033 introducis

688 1088 892 1126 novum
920 1070 1109 1130 Deum.
1143 1070 1302 1138 cujus
1333 1085 1434 1123 nec
1459 1069 1879 1137 appellationem
1919 1069 2139 1138 quidem
2169 1070 2256 1123 in-

686 1166 842 1221 venis
873 1163 1104 1218 novam?
1134 1161 1319 1216 Virtus
1350 1162 1496 1216 enim
1528 1176 1634 1214 non
1661 1160 1838 1214 solum
1854 1157 2082 1226 Creator
2097 1174 2255 1214 mun-

685 1257 742 1313 di
771 1255 1010 1317 dicitur,
1052 1253 1148 1308 sed
1193 1262 1248 1307 et
1294 1251 1532 1306 ministri
1578 1251 1774 1322 glorias,
1806 1250 1930 1319 ejus
1966 1253 2254 1322 omnisque

684 1348 880 1401 militia
905 1345 1168 1401 cmlestis.
1201 1343 1319 1397 Non
1349 1343 1448 1397 tibi
1471 1359 1602 1411 ergo
1628 1343 1826 1396 melius
1851 1343 2067 1396 videtur
2091 1358 2216 1399 esse
2234 1383 2250 1407 ,

684 1448 744 1494 ut
761 1453 1058 1509 sequamur
1086 1435 1346 1489 faetorem
1381 1443 1628 1488 nostrum
1653 1432 1843 1497 Deum,
1871 1440 2128 1502 tanquam
2156 1447 2252 1502 pa-

681 1539 822 1586 trem
862 1527 1203 1584 erudientem
1253 1541 1353 1580 nos
1384 1533 1436 1580 et
1480 1525 1813 1578 imbuentem
1846 1525 1988 1578 sicut
2009 1525 2125 1593 ipse
2154 1537 2252 1577 no—

684 1619 969 1688 vit?Quod
999 1628 1050 1673 et
1078 1619 1123 1673 si
1152 1618 1225 1673 sit
1247 1617 1468 1686 aliquis,
1495 1623 1555 1669 ut
1580 1626 1636 1668 tu
1659 1616 1798 1668 dicis
1824 1614 2112 1684 benignior
2133 1629 2252 1667 om-

684 1714 839 1768 nium
872 1711 1036 1773 Deus,
1064 1717 1274 1764 certum
1309 1714 1393 1761 est
1422 1707 1547 1776 quia
1574 1721 1683 1759 non
1713 1706 1971 1759 irascitur
1997 1705 2178 1768 nobis,
2203 1705 2248 1757 si

683 1820 811 1860 vero
877 1801 1133 1857 irascitur
1199 1801 1376 1854 malus
1424 1805 1532 1852 est.
1567 1797 1763 1852 Noster
1803 1803 1984 1851 autem
2029 1794 2169 1850 Deus
2200 1797 2246 1850 si

2358 621 2412 667 et
2435 613 2712 670 adulteros
2758 624 2813 670 et
2865 618 3169 674 homicidas
3218 620 3414 682 salvat,
3468 617 3515 672 si
3566 618 3921 685 cognoverint

2357 721 2504 770 eum,
2537 707 2711 763 bonos
2741 722 2920 763 autem
2952 718 3006 762 et
3036 710 3252 766 sobrios
3289 712 3370 765 vel
3417 709 3833 769 misericordes.
3876 708 3921 762 si

2357 797 2564 851 nullum
2600 798 2668 852 de
2695 814 2759 853 eo
2783 799 3042 855 indicium
3061 802 3338 870 capientes
3367 801 3736 871 ignoraverint
3766 815 3915 860 eum,

2358 903 2465 941 non
2509 888 2698 944 salvat.
2746 889 2999 960 Magnum
3031 899 3084 946 et
3127 893 3328 947 bonum
3372 891 3657 960 praedicas,
3686 890 3782 959 qui
3815 905 3924 943 non

2357 985 2464 1030 tam
2496 979 2665 1035 malos
2696 981 2887 1044 salvet,
2931 998 3094 1052 quam
3125 984 3220 1054 qui
3258 983 3418 1057 bonis
3465 982 3669 1036 nullam
3708 980 3926 1033 miseri-

2354 1067 2596 1122 c0rdiam
2637 1079 2873 1140 praestet.
2924 1072 2989 1126 Et
3037 1073 3226 1128 Simon
3271 1091 3285 1128 :
3322 1073 3547 1144 Magnus
3587 1089 3718 1128 sane
3771 1073 3925 1126 labor

2353 1157 2762 1230 est'agnoscere
2800 1178 2923 1218 eum
2963 1164 3169 1219 homini
3206 1165 3260 1220 in
3294 1180 3459 1220 carne
3499 1167 3693 1235 posito.
3734 1164 3925 1218 Omni-

2354 1248 2456 1304 bus
2484 1251 2627 1304 enim
2655 1253 2894 1308 tenebris
2924 1255 3142 1319 tetrius,
3173 1263 3229 1310 et
3264 1257 3410 1310 omni
3440 1257 3553 1310 luto
3582 1257 3806 1327 gravius
3841 1262 3926 1308 est

2353 1355 2555 1411 corpus
2599 1343 2724 1403 hoc.
2767 1359 2876 1413 quo
2922 1345 3300 1400 circumdatur
3330 1347 3528 1402 anima.
3579 1346 3644 1400 Et
3680 1345 3920 1400 Petrus:

2353 1431 2493 1503 Ergo
2517 1434 2694 1491 bonus
2726 1436 2829 1490 iste
2873 1435 3017 1494 Deus
3046 1454 3167 1508 qua:
3208 1437 3447 1492 diﬂicilia
3485 1445 3648 1504 sunt,
3700 1438 3919 1506 quaerit.

2351 1525 2454 1589 Qui
2486 1533 2668 1581 autem
2699 1542 2827 1583 vere
2860 1527 3005 1584 Deus
3039 1536 3158 1592 est,
3191 1528 3440 1583 faciliora
3469 1529 3692 1597 expetit.
3721 1527 3919 1581 Dimit-

2351 1623 2429 1669 tat
2460 1617 2642 1688 itaque
2672 1633 2771 1674 nos
2799 1621 2958 1690 quasi
2988 1620 3164 1674 bonus
3188 1620 3330 1690 apud
3362 1618 3576 1673 Patrem
3603 1626 3658 1672 et
3690 1618 3918 1676 Creatoo

2351 1722 2465 1762 rem
2495 1716 2766 1773 nostrum,
2795 1718 2850 1765 et
2876 1710 3094 1780 quando
3125 1710 3546 1764 discesserimus
3591 1723 3620 1762 e
3650 1724 3916 1778 corpore,

2351 1806 2402 1850 et
2433 1800 2566 1853 istas
2592 1813 2728 1870 quas
2766 1799 2905 1855 dicis
2929 1801 3184 1856 tenebras
3207 1800 3610 1870 reliquerimus,
3640 1809 3774 1854 tunc
3798 1816 3918 1855 eum

683 1894 940 1949 irascitur
965 1902 1022 1946 et“
1039 1891 1298 1952 vindicet,
1327 1905 1436 1943 non
1469 1899 1555 1943 est
1578 1889 1754 1942 malus
1779 1887 1875 1941 sed
1893 1888 2098 1954 justus,
2122 1902 2248 1956 pro-
2283 1853 2321 1908 ³
2352 1889 2568 1945 facilius
2592 1904 2974 1961 aguoscemus,
3005 1897 3058 1944 et
3090 1898 3221 1946 tunc
3255 1892 3427 1961 magis
3459 1890 3640 1943 anima
3659 1891 3915 1944 condito-

681 1987 832 2055 prios
853 1985 998 2040 enim
1038 1983 1181 2037 filios
1217 1982 1444 2050 corripit
1481 1989 1533 2035 et
1559 1981 1832 2034 emendat.
1871 1979 1963 2033 Ille
1993 1994 2124 2033 vero
2148 1981 2245 2048 qui

679 2076 818 2131 nihil
860 2076 1145 2129 nobiscum
1171 2073 1333 2126 habet
1361 2071 1602 2139 negotii,
1629 2071 1674 2124 si
1709 2070 1989 2124 vindicare
2029 2069 2156 2123 velit
2193 2073 2244 2122 in

677 2182 802 2229 nos,
833 2166 1109 2237 quomodo
1134 2165 1310 2218 bonus
1334 2163 1476 2217 erit?
1504 2161 1770 2231 supplicia
1806 2176 2028 2215 sumens
2057 2160 2123 2214 de
2147 2175 2247 2214 no-

678 2260 787 2322 bis,
819 2257 965 2327 quod
998 2271 1109 2310 non
1132 2255 1395 2310 derelicto
1433 2261 1586 2323 patre
1632 2260 1822 2306 nostro
1862 2253 2039 2326 ipsum
2069 2253 2243 2306 secuti

676 2365 869 2403 sumus
906 2347 1163 2400 inanibus
1192 2344 1607 2414 suspicionibus
1642 2344 1825 2408 tracti,
1860 2345 2132 2413 quomodo
2151 2360 2243 2399 er-

676 2455 745 2510 go
793 2441 893 2493 iste
925 2439 1052 2490 talis
1088 2439 1264 2492 bonus
1309 2451 1338 2488 a
1369 2446 1420 2489 te
1450 2435 1751 2499 asseritur,
1783 2435 1879 2504 qui
1921 2450 2022 2489 nec
2057 2435 2242 2505 justus

676 2531 910 2596 intelligi
959 2536 1158 2596 potest.

745 2619 900 2673 LVII.
939 2619 1075 2671 Tum
1114 2616 1298 2671 Simon
1329 2637 1341 2670 :
1379 2615 1686 2671 Tantumne
1719 2631 1892 2680 erras,
1935 2617 2093 2673 Petre
2117 2661 2131 2685 ,
2177 2628 2236 2674 ut

673 2716 912 2775 nescias,
955 2713 1080 2781 quia
1131 2711 1329 2763 anima:
1359 2716 1561 2762 nostra:
1592 2726 1618 2760 a
1663 2709 1805 2762 bono
1845 2707 1954 2762 Deo
1987 2720 2114 2763 sunt
2147 2710 2238 2764 illo

671 2808 911 2861 omnium
935 2804 1333 2874 pratstantime,
1359 2802 1450 2854 sed
1485 2801 1709 2869 captivae
1753 2799 2000 2854 deductae
2027 2811 2157 2855 sunt
2182 2803 2236 2855 in

670 2900 815 2952 hunc
847 2897 1141 2952 mundum?
1169 2894 1231 2947 Et
1273 2893 1464 2948 Petrus
1497 2911 1507 2945 :
1545 2892 1688 2962 Ergo
1722 2909 1828 2945 non
1857 2901 1940 2945 est
1977 2894 2235 2947 omnibus

671 2991 1002 3059 incognitus,
1036 2990 1178 3042 sicut
1203 2985 1364 3054 paulo
1387 2992 1510 3037 ante
1539 2983 1793 3047 dicebas;
1818 2991 1870 3037 et
1897 2992 2078 3037 tamen
2101 3001 2236 3054 quo-

667 3081 832 3136 modo
861 3079 1088 3132 indulsit
1115 3079 1291 3130 bonus
1320 3074 1463 3130 Deus
1490 3073 1857 3142 captivitatem
1888 3073 2003 3127 fieri
2028 3076 2235 3127 anima-

2350 1996 2460 2034 rem
2493 1998 2650 2036 suum
2683 1983 3087 2051 esseintelliget
3110 1981 3302 2043 Deum.
3335 1991 3389 2036 et
3409 1983 3548 2051 apud
3584 1983 3765 2052 ipsum
3798 1999 3917 2052 per-

2349 2072 2620 2135 manebit,
2654 2088 2753 2127 nec
2787 2075 2930 2126 ultra
2969 2074 3203 2128 diversis
3244 2074 3674 2144 cogitationibus
3721 2072 3916 2144 fatiga-

2347 2162 2510 2224 bitur,
2537 2177 2711 2232 neque
2740 2164 2882 2217 volet
2908 2165 2975 2218 ad
3005 2165 3164 2218 aliam
3182 2164 3478 2233 confugere
3496 2165 3781 2227 virtutem,
3801 2179 3916 2235 quae

2347 2254 2480 2306 nulli
2512 2255 2726 2324 cognita
2757 2263 2841 2309 est
2869 2257 2973 2309 nisi
3009 2254 3217 2309 Simoni
3247 2257 3384 2320 soli;
3409 2271 3529 2324 qum
3565 2264 3730 2309 tantae
3761 2255 3914 2309 boni—

2346 2345 2473 2398 tatis
2505 2353 2608 2408 est,
2647 2353 2703 2398 ut
2734 2345 2838 2399 nisi
2870 2348 2992 2414 quis
3033 2347 3185 2414 prius
3214 2347 3412 2415 impius
3442 2349 3716 2401 exstiterit
3750 2347 3804 2400 in
3825 2363 3914 2417 pa-

2346 2442 2553 2487 reutem
2585 2450 2744 2489 suum
2770 2474 2783 2498 ,
2843 2437 2909 2487 ad
2937 2437 3105 2505 ipsam
3136 2439 3323 2491 venire
3353 2454 3458 2490 non
3489 2438 3685 2506 possit.
3716 2437 3912 2492 Nescio

2342 2523 2617 2594 quomodo
2644 2526 2757 2578 haec
2787 2527 2962 2582 virtus
2995 2527 3076 2580 vel
3121 2528 3264 2581 bona
3305 2529 3386 2582 vel
3411 2529 3560 2597 justa
3590 2528 3913 2597 appellanda

2343 2616 2436 2678 sit,
2471 2617 2560 2669 cui
2591 2616 2804 2685 placere
2837 2631 2943 2670 non
2975 2626 3191 2686 potest,
3224 2618 3331 2673 nisi
3360 2620 3486 2688 quis
3511 2619 3674 2688 impie
3705 2634 3766 2673 se
3794 2634 3913 2688 ges-

2342 2707 2472 2759 serit
2507 2707 2560 2758 in
2593 2723 2715 2760 eum
2737 2723 2765 2760 a
2796 2724 2905 2777 quo
2937 2707 3112 2763 factus
3143 2717 3245 2764 est.

2411 2796 2548 2853 LIX.
2578 2799 2640 2852 Et
2675 2801 2862 2853 Simon
2899 2821 2909 2853 :
2950 2801 3066 2854 Non
3095 2811 3178 2856 est
3212 2803 3468 2871 impium,
3495 2802 3750 2856 utilitatis
3787 2817 3911 2871 gra-

2342 2895 2412 2946 tia
2448 2904 2502 2948 et
2533 2894 2669 2947 lucri
2703 2894 2924 2960 majoris
2949 2894 3243 2962 confugere
3274 2895 3340 2948 ad
3363 2911 3486 2949 eum
3507 2933 3523 2958 ,
3555 2897 3645 2964 qui
3676 2895 3910 2963 opulen-

2339 2985 2497 3038 tioris
2520 2993 2602 3039 est
2626 2985 2830 3054 gloriae.
2860 2983 2920 3036 Et
2958 2983 3154 3038 Petrus
3188 3004 3199 3036 :
3245 2984 3324 3049 Si,
3355 2992 3414 3038 ut
3445 2995 3498 3038 tu
3534 2985 3613 3038 ais
3636 3024 3650 3040 .
3685 3000 3795 3037 non
3823 2997 3910 3038 est

2340 3076 2564 3145 impium
2605 3075 2900 3145 confugere
2940 3077 3006 3129 ad
3048 3077 3319 3139 alienum,
3355 3077 3525 3129 multo
3557 3078 3727 3146 magis
3760 3078 3910 3146 pium

665 3187 788 3226 rum
822 3185 1067 3233 suarum,
1099 3169 1144 3223 si
1178 3175 1296 3222 erat
1322 3181 1486 3236 super
1517 3180 1705 3219 omnes
1737 3165 2009 3233 potentior
2025 3165 2234 3220 virtus?
2258 3175 2301 3232 ο
2333 3173 2415 3222 est
2437 3183 2753 3236 permanere
2782 3168 2923 3237 apud
2949 3168 3228 3237 proprium
3250 3174 3480 3236 patrem,
3511 3167 3731 3222 etiamsi
3774 3183 3911 3237 pau-

664 3262 733 3316 Et
763 3261 982 3316 Simon:
1010 3258 1129 3328 Ipse
1169 3258 1318 3313 misit
1342 3264 1645 3311 creatorem
1689 3254 1856 3309 Deum
1877 3294 1892 3319 ,
1926 3264 1983 3310 ut
2023 3255 2231 3311 conde~

665 3361 748 3407 ret
791 3353 1052 3406 mundum
1073 3391 1086 3411 ,
1120 3349 1214 3402 sed
1242 3350 1352 3414 ille,
1386 3347 1587 3401 mundo
1610 3347 1852 3408 condito,
1880 3350 2232 3417 semetipsum

662 3442 1038 3515 pronuntiavit
1069 3439 1259 3493 Deum.
1303 3437 1369 3491 Et
1398 3437 1594 3492 Petrus
1628 3458 1639 3490 :
1679 3437 1820 3507 Ergo
1856 3455 1965 3492 non
2009 3439 2230 3509 ignora-

661 3546 752 3590 tur
779 3535 849 3588 ab
868 3547 934 3587 eo
963 3533 1057 3602 qui
1089 3529 1334 3585 condidit
1356 3530 1619 3587 mundum
1647 3569 1660 3592 ,
1703 3538 1761 3582 ut
1793 3530 2047 3598 superius
2077 3530 2232 3584 dixe-

659 3639 776 3687 ras,
807 3623 901 3678 sed
933 3638 1108 3691 neque
1152 3621 1349 3674 anima:
1380 3621 1634 3689 ignorant
1665 3637 1786 3674 eum
1811 3663 1826 3684 ,
1861 3621 2127 3689 siquidem
2161 3620 2230 3674 ab

659 3719 779 3789 ipso
809 3717 1056 3769 abductae
1086 3722 1234 3768 sunt.
1267 3711 1367 3766 Cui
1394 3711 1654 3780 ergojam
1688 3712 1791 3764 erit
1825 3712 2156 3779 incognitus,
2181 3712 2226 3765 si

657 3818 716 3863 et
745 3807 932 3861 mundi
956 3805 1185 3859 Creator
1214 3801 1364 3856 novit
1391 3817 1534 3864 eum,
1559 3810 1616 3854 ut
1641 3803 1709 3855 ab
1741 3801 1854 3870 ipso
1882 3802 2106 3863 missus,
2141 3817 2228 3856 se-

655 3899 896 3952 cundum
926 3913 989 3952 ea
1019 3912 1139 3967 qua:
1171 3907 1228 3949 tu
1257 3895 1417 3956 dicis,
1444 3907 1498 3948 et
1531 3908 1721 3946 omnes
1752 3892 1944 3946 animus
1963 3900 2223 3962 tanquam

655 3991 728 4045 ab
746 3991 867 4058 ipso
900 3989 1003 4042 huc
1035 3988 1298 4042 violenter
1319 3984 1648 4061 abstracta}?
1673 3981 1813 4036 Tum
1840 3982 2035 4037 deinde
2067 3985 2221 4039 dicas

654 4083 840 4143 velim,
869 4081 962 4150 qui
994 4081 1244 4135 mittebat
1273 4077 1609 4132 conditorem
1635 4073 1846 4136 mundi,
1875 4089 1980 4128 non
2013 4075 2222 4129 sciebat

652 4189 778 4229 eum
802 4173 895 4242 qui
930 4171 1264 4231 mittebatur,
1299 4169 1456 4222 fidem
1487 4183 1594 4220 non
1641 4165 2020 4219 servaturum?
2047 4165 2092 4220 si
2124 4180 2220 4221 ne-

651 4265 862 4321 sciebat
892 4262 1154 4333 praescius
1197 4275 1303 4312 non
1329 4267 1476 4322 erat,
1511 4259 1556 4311 si
1585 4272 1714 4310 vero
1745 4257 1980 4326 przesciit
2009 4265 2061 4311 et
2093 4272 2218 4326 pas-

648 4371 747 4411 sus
775 4361 879 4416 est,
915 4353 1038 4406 facti
1090 4352 1252 4419 hujus
1303 4351 1416 4419 ipse
1442 4364 1567 4403 reus
1603 4356 1707 4410 est,
1731 4349 1824 4418 qui
1867 4364 1975 4401 non
2009 4348 2213 4415 vetuit;

647 4446 795 4517 quod
846 4446 890 4501 si
949 4460 1058 4498 non
1095 4442 1307 4511 potuit,
1332 4441 1677 4510 omnipotens
1715 4455 1823 4494 non
1855 4447 1958 4495 est.
1987 4439 2043 4494 Si
2082 4456 2212 4496 vero

646 4540 804 4611 quasi
835 4539 1038 4592 bonum
1063 4535 1113 4588 id
1148 4535 1328 4590 sciens
1355 4549 1462 4586 non
1494 4533 1790 4602 prohibuit,
1828 4533 2102 4588 invenitur
2123 4533 2213 4591 ille

648 4648 774 4688 esse
807 4632 1000 4686 melior
1015 4629 1107 4698 qui
1133 4627 1482 4696 praesumpsit
1508 4626 1686 4680 facere
1718 4625 1795 4691 id,
1825 4626 1971 4696 quod
2005 4626 2096 4680 ille
2117 4628 2210 4697 qui

645 4723 896 4778 mittebat
929 4720 1199 4790 ignoravit
1232 4719 1458 4772 bonum.

714 4811 896 4868 LVIII.
932 4811 995 4866 Et
1028 4811 1216 4864 Simon
1244 4828 1256 4860 :
1294 4804 1569 4870 Valentes,
1595 4806 1808 4877 inquit,
1839 4807 1905 4860 ad
1936 4823 1994 4862 se
2023 4806 2209 4863 venire

640 4906 872 4975 suscipit
908 4913 962 4959 et
989 4904 1123 4974 ipsis
1148 4901 1436 4957 benefacit.
1463 4900 1527 4953 Et
1557 4901 1751 4954 Petrus
1782 4921 1794 4953 :
1829 4899 1937 4953 Nec
1979 4900 2084 4954 hoc
2117 4914 2214 4955 no-

638 5013 766 5052 vum
795 5004 899 5054 est.
923 4994 1026 5048 hoc
1055 4995 1200 5048 enim
1223 4992 1351 5046 facit
1378 4999 1432 5046 et
1462 4993 1552 5046 hic
1582 5008 1740 5060 quem
1771 4989 1961 5044 mundi
1984 4998 2201 5046 creato-

637 5106 751 5145 rem
781 5087 990 5142 fateris.
1029 5085 1093 5140 Et
1121 5085 1307 5139 Simon
1342 5105 1353 5138 :
1383 5083 1486 5139 Sed
1525 5086 1700 5138 bonus
1740 5082 1880 5137 Deus
1913 5091 2122 5137 tantum
2153 5084 2201 5138 si

635 5188 966 5250 agnoscatur
996 5179 1226 5233 salutem
1257 5176 1627 5247 praesunt”),
1656 5174 1841 5229 mundi
1861 5183 2042 5229 autem
2066 5189 2200 5229 con-

703 5318 746 5347 "
790 5317 891 5368 Aut
919 5316 1327 5387 si—relinqttere
1356 5317 1528 5387 potuit
1549 5330 1655 5370 non
1682 5316 1936 5387 leguntur
1956 5317 2010 5372 in
2036 5317 2159 5372 cod.
2189 5315 2336 5387 Lips.

630 5386 857 5456 Reliqua
886 5387 1086 5441 desunt
1114 5386 1169 5438 in
1201 5387 1324 5440 cod.
1355 5386 1505 5456 Lips.

2334 3273 2430 3328 per
2460 3259 2550 3313 sit.
2576 3257 2682 3311 Aut
2713 3257 2758 3313 si
2781 3259 2824 3289 “
2857 3275 2963 3312 non
2997 3266 3155 3327 putas
3183 3272 3306 3312 esse
3331 3257 3578 3326 impium,
3617 3266 3677 3310 ut
3715 3259 3912 3311 relicto

2334 3360 2481 3419 patre
2505 3358 2693 3404 nostro
2714 3349 3094 3418 confugiamus
3125 3349 3190 3402 ad
3217 3349 3380 3403 alium
3413 3349 3570 3418 quasi
3601 3350 3906 3410 meliorem.

2332 3457 2507 3509 neque
2537 3441 2804 3510 indignari
2831 3441 3009 3494 credis
3043 3456 3138 3510 pro
3164 3441 3266 3494 hoc
3297 3448 3602 3494 creatorem
3629 3449 3906 3506 nostrum,

2330 3532 2500 3584 multo
2530 3531 2702 3599 magis
2753 3531 2930 3585 bonus
2986 3530 3126 3584 Deus
3165 3547 3274 3585 non
3307 3531 3715 3599 indignabitur,
3755 3532 3905 3602 quod

2327 3639 2450 3682 cum
2481 3637 2728 3677 essemus
2757 3623 2824 3676 ab
2852 3637 2918 3676 eo
2944 3622 3125 3682 alieni.
3149 3639 3255 3675 non
3281 3620 3630 3691 confugimus
3649 3623 3717 3676 ad
3742 3637 3899 3681 eum.

2327 3716 2420 3770 sed
2449 3715 2849 3784 permansimus
2874 3713 3016 3783 apud
3057 3713 3369 3768 Creatorem
3403 3721 3687 3778 nostrum;
3725 3721 3780 3767 et
3800 3729 3905 3782 pu-

2327 3815 2382 3861 to
2410 3807 2646 3875 quod-ex
2672 3808 2775 3860 hoc
2808 3807 2979 3876 magis
3010 3805 3344 3858 collaudabit
3371 3820 3470 3858 nos
3497 3844 3510 3866 ,
3556 3805 3685 3873 quia
3737 3805 3900 3859 Iidem

2326 3911 2612 3951 servamus
2636 3896 2880 3951 Creatori
2917 3905 3105 3950 nostro
3138 3896 3265 3957 Deo,
3293 3896 3653 3951 considerans
3679 3899 3809 3966 quia
3845 3899 3893 3951 si

2323 3988 2408 4042 sui
2452 3987 2624 4056 ipsius
2661 3987 2976 4050 fuissemus,
3008 4003 3287 4057 nunquam
3316 3987 3686 4056 relinquentes
3716 3989 3897 4058 ipsum

2323 4081 2511 4135 seduci
2551 4080 2825 4134 illecebris
2859 4080 3226 4149 potuissemus
3264 4079 3477 4132 alienis.
3512 4077 3647 4134 Nam
3676 4079 3724 4133 si
3764 4084 3892 4148 quis

2320 4172 2756 4240 0pu|entioribus
2775 4171 2988 4226 illectus
3019 4171 3527 4240 pollicitationibus,
3549 4170 3743 4226 relicto
3767 4187 3894 4241 pro-

2318 4263 2437 4331 prio
2468 4270 2693 4332 parente
2738 4260 3015 4332 confugiat
3043 4261 3108 4315 ad
3142 4262 3378 4314 alienum
3401 4300 3416 4325 ,
3445 4270 3625 4330 potest
3652 4260 3795 4325 fieri,
3833 4273 3888 4315 ut

2325 4355 2522 4408 iterum
2551 4356 2741 4408 relicto
2764 4371 2829 4410 eo
2849 4395 2865 4422 ,
2899 4354 2968 4410 ad
2993 4353 3157 4408 alium
3191 4361 3376 4423 pergat
3399 4354 3491 4423 qui
3515 4353 3724 4422 majora
3758 4369 3888 4424 pro-

2318 4448 2548 4515 miserit,
2595 4463 2660 4504 eo
2713 4449 2884 4517 magis
2927 4446 3076 4517 quod
3112 4446 3286 4516 ipsius
3321 4445 3576 4514 proprius
3619 4459 3730 4498 non
3767 4456 3889 4499 erat

2317 4539 2481 4602 filius,
2513 4540 2709 4608 quippe
2752 4538 2846 4608 qui
2886 4539 3048 4592 etiam
3077 4552 3224 4601 eum,
3257 4537 3350 4606 qui
3387 4536 3442 4591 ei
3489 4545 3684 4589 natura
3732 4544 3888 4607 pater

2310 4622 2796 4700 erat,'relinquere
2847 4630 3042 4700 potuit.
3098 4627 3160 4680 Et
3227 4625 3412 4681 Simon
3449 4627 3560 4696 (78)
3598 4647 3610 4680 :
3644 4625 3786 4693 Quid
3838 4629 3884 4683 si

2312 4723 2381 4776 ab
2412 4722 2501 4774 illo
2529 4731 2657 4775 sunt
2683 4720 2909 4785 animae,
2940 4729 2994 4775 et
3020 4721 3436 4789 iguoranteum,
3465 4725 3519 4772 et
3540 4716 3631 4773 ille
3652 4727 3736 4772 est
3758 4733 3882 4773 vere

2311 4825 2465 4885 pater
2498 4813 2779 4884 ipsarum?

2383 4905 2492 4960 LX.
2529 4905 2594 4959 Et
2633 4905 2827 4960 Petrus
2857 4923 2868 4957 :
2902 4903 3068 4965 Satis,
3105 4900 3315 4970 inquit,
3351 4899 3598 4955 ostendis
3631 4914 3758 4953 eum
3794 4899 3880 4952 in-

2310 4995 2571 5050 validum.
2601 4995 2737 5050 Nam
2773 4994 2817 5049 si
2850 4993 3157 5062 potentior,
3206 4999 3262 5044 ut
3306 4992 3421 5055 ais,
3467 4990 3724 5045 omnibus
3757 4998 3874 5052 est,

2311 5103 2589 5157 nunquam
2625 5085 2915 5156 potentiori
2965 5083 3250 5137 invalitlior
3292 5081 3464 5151 spolia
3499 5081 3544 5112 '°
3571 5080 3876 5135 detraxisse

2310 5180 2615 5234 credendus
2643 5189 2724 5234 est
2749 5178 2815 5243 “,
2853 5183 2946 5230 aut
2977 5176 3021 5229 si
3058 5174 3232 5244 potuit
3256 5174 3308 5227 vi
3341 5173 3409 5227 ab
3439 5188 3503 5227 eo
3534 5173 3748 5228 animas
3777 5174 3870 5227 de

2419 5319 2463 5349 ⁷⁸
2481 5317 2612 5372 Luc.
2649 5332 2726 5379 ιι,
2751 5315 2842 5370 22.
2918 5315 2961 5346 "
2985 5311 3330 5367 Delraxissct.
3361 5311 3563 5367 Videris
3586 5313 3736 5378 mihi,
3755 5319 3864 5367 etc.

1917 5500 2285 5557 COTELERII
2324 5502 2553 5558 ΝΟΤᾹΞ.

695 5644 806 5712 (77)
838 5643 1015 5696 Bonus
1055 5639 1194 5694 Deus
1241 5650 1447 5712 tantum
1495 5640 1542 5692 si
1583 5648 1920 5712 agnoscatur,
1961 5638 2185 5712 salutem

621 5707 859 5782 pmm.
883 5714 1082 5767 Eadem
1105 5712 1264 5765 docet
1305 5709 1510 5774 Simon,
1545 5713 1686 5778 apud
1730 5707 1987 5762 II‘CIIEPJIIII
2018 5710 2110 5763 lib.
2147 5725 2184 5770 I,

625 5785 899 5913 ιιιῖἒὸῗιὲτ
931 5853 1110 5910 Simon
1169 5851 1399 5927 Adlilur
1430 5851 1478 5903 in
1511 5850 1693 5905 codice
1719 5850 1990 5904 Cartnclii.
2027 5848 2185 5903 scho-

2292 5638 2422 5690 lium
2452 5658 2462 5691 :
2489 5637 2708 5692 Creator
2732 5640 2914 5692 mundi
2934 5656 3153 5706 corpora
3171 5639 3425 5702 condidit,
3455 5641 3509 5692 in
3532 5641 3720 5709 quibus
3745 5644 3864 5694 ani-

2291 5725 2405 5758 mas
2441 5724 2556 5776 qua:
2589 5720 2711 5761 sunt
2749 5709 2842 5760 Dei
2877 5712 3054 5778 magni
3096 5713 3343 5763 violenter
3373 5711 3586 5762 inclusit
3617 5726 3635 5762 .'
3667 5721 3714 5764 et
3744 5711 3860 5765 ideo

2291 5780 2482 5847 animo!
2517 5796 2617 5830 non
2657 5780 2723 5830 ad
2760 5778 3019 5841 alienum,
3064 5780 3150 5834 scd
3201 5779 3267 5830 ad
3307 5792 3508 5846 patrem
3548 5797 3699 5834 suum
3728 5783 3854 5835 dum

2297 5849 2560 5915 redierint,
2598 5849 2662 5902 ad
2699 5851 2852 5903 istum
2894 5851 3059 5904 redire
3092 5869 3190 5904 non
3224 5859 3460 5917 possunt.
