4050 6336
105 341 279 402 ηπ

1271 365 1278 371 ·
1359 343 1924 404 BECOGNITIONUM
1962 346 2089 404 LIB.
2131 345 2195 402 Π.

3239 349 3383 407 H78

99 460 340 515 ducere
374 457 434 513 in
477 457 624 514 hunc
671 457 938 514 mundum
971 466 1187 514 creator
1217 455 1395 525 Deus,
1431 460 1706 530 quomodo
1732 464 1777 522 Α
1810 460 2232 524 mihividebar,
2271 469 2324 514 et
2352 459 2658 532 cogitabam
2689 461 2757 514 de
2800 475 2863 515 ea
2895 477 3017 532 quae
3060 464 3378 519 conveniret

96 566 211 607 cas
250 563 492 621 corpore
523 549 750 607 emissas
773 559 827 606 et
860 551 1194 622 captivitatis
1220 552 1454 607 vinculis
1495 553 1706 608 resolu-

99 649 224 704 tas,
255 641 444 698 bonus
474 641 617 698 Deus
645 643 858 697 vocabit
889 644 956 698 ad
991 659 1228 713 pinnam,
1258 659 1377 714 qua:
1405 659 1500 714 per
1531 645 1704 713 ipsius

96 731 198 786 vel
233 731 516 788 desidiam
561 735 646 788 vel
691 733 1091 801 infirmitatem,
1146 735 1387 789 abstrahi
1433 735 1502 788 ad
1557 735 1702 790 hunc

97 821 308 878 locum
344 833 399 879 et
429 825 630 879 involvi
665 840 893 896 corpore
924 826 1082 895 quasi
1115 826 1357 881 tenebris
1383 825 1702 896 ignorantiae

99 916 468 984 potuerunt?
493 914 708 970 Videris
733 918 864 971 mihi
901 919 1152 988 ignorare
1185 917 1314 988 quid
1353 917 1424 972 sit
1448 916 1607 974 Pater
1648 929 1700 974 et

101 1003 293 1071 Deus,
323 1023 515 1062 verum
547 1017 599 1062 et
631 1009 825 1062 animae
857 1009 996 1062 unde
1016 1009 1124 1063 sint
1147 1009 1227 1061 vel
1255 1009 1471 1078 quando
1489 1020 1543 1064 et
1564 1027 1700 1080 quo-

100 1097 290 1152 modo
333 1097 527 1165 factae,
565 1114 780 1169 possem
856 1099 1068 1164 dicere,
1100 1098 1192 1154 sed
1243 1100 1358 1154 haec
1404 1117 1552 1156 nunc
1601 1105 1698 1158 tibi

100 1189 340 1258 aperire
362 1188 448 1244 fas
465 1205 573 1244 non
596 1196 700 1254 est,
737 1190 792 1244 in
823 1198 974 1244 tanto
996 1206 1181 1245 errore
1210 1191 1388 1262 posito
1420 1194 1487 1247 de
1520 1193 1699 1248 scien-

99 1281 185 1332 tia
219 1277 345 1336 Dei.
379 1280 516 1336 Tum
552 1279 739 1335 Simon
762 1301 772 1336 :
798 1281 932 1347 Erit,
967 1283 1165 1352 inquit,
1200 1290 1421 1354 tempus
1446 1301 1556 1355 quo
1580 1300 1698 1355 pa:-

101 1371 323 1426 nitebit
376 1381 460 1436 te,
497 1373 640 1442 quod
671 1373 944 1429 dicentem
975 1390 1060 1429 me
1103 1375 1170 1429 de
1201 1375 1459 1430 ineffabili
1495 1379 1695 1434 virtute

102 1476 227 1515 non
260 1464 621 1519 intellexeris.
652 1464 716 1518 Et
741 1463 970 1519 Petrus:
1001 1465 1075 1519 Da
1099 1481 1229 1537 ergo
1259 1469 1439 1534 nobis,
1474 1479 1527 1522 ut
1551 1486 1695 1539 saepe

97 1552 226 1622 jam
267 1553 409 1618 dixi,
461 1564 720 1626 tanquam
786 1573 960 1612 novus
1022 1556 1163 1612 Deus
1221 1567 1313 1612 aut
1344 1563 1436 1630 qui
1492 1563 1560 1616 ab
1603 1564 1694 1617 illo

102 1642 477 1701 descenderis
530 1662 753 1702 sensum
809 1649 1042 1718 aliquem
1101 1665 1342 1716 novum,
1393 1667 1486 1722 per
1531 1670 1692 1723 quem

100 1750 326 1788 novum
361 1753 521 1806 quem
554 1738 692 1792 dicis
724 1736 891 1792 Deum
925 1741 1198 1809 possimus
1239 1756 1567 1812 agnoscere;
1603 1747 1690 1801 isti

99 1826 266 1879 enim
307 1829 549 1898 quinque
605 1845 821 1893 sensus,
884 1846 1023 1899 quos
1071 1832 1229 1887 nobis
1275 1834 1424 1888 dedit
1473 1845 1690 1890 creator

101 1915 287 1985 Deus,
307 1920 555 1974 Creatori
589 1937 690 1976 suo
722 1921 881 1976 ﬁdem
910 1932 1151 1986 servant,
1189 1940 1287 1978 nec
1310 1926 1476 1979 alium
1499 1943 1690 1997 quem~

98 2026 283 2079 quam
315 2027 438 2066 esse
471 2014 714 2067 sentiunt
768 2012 956 2078 Deum,
993 2014 1095 2070 hoc
1149 2017 1228 2071 eis
1261 2017 1376 2086 ipsa
1432 2021 1514 2074 sui
1547 2037 1687 2089 prte-

101 2109 299 2156 stante
332 2111 551 2158 natura.

183 2214 330 2269 LXI.
384 2216 465 2270 Ad
517 2217 648 2283 hzec,
681 2216 903 2273 Simon:
943 2219 1173 2284 Adhibe,
1210 2221 1404 2291 inquit,
1443 2224 1687 2279 animum

102 2306 181 2360 ad
220 2322 288 2362 ea
322 2324 445 2378 quae
493 2309 740 2365 dicturus
772 2326 913 2372 sum,
951 2322 1004 2366 et
1046 2311 1209 2367 facito
1232 2329 1356 2367 eum
1398 2315 1688 2370 invisibili-

102 2398 218 2453 bus
254 2400 465 2454 semitis
511 2401 884 2463 incedentem,
919 2406 1200 2472 pervenire
1237 2405 1304 2458 ad
1337 2421 1398 2460 ea
1434 2423 1555 2475 quae
1590 2409 1684 2462 tibi

102 2489 590 2547 demonstravero.
634 2493 897 2547 Ausculta
931 2510 1059 2564 ergo
1098 2511 1243 2549 nunc
1277 2515 1289 2550 :
1336 2513 1686 2565 nunquamne

105 2581 170 2634 in
203 2583 539 2652 cogitatione
594 2586 805 2653 positus
835 2585 1129 2639 extendisti
1171 2596 1404 2639 mentem
1442 2597 1587 2640 tuam
1630 2590 1684 2643 in

106 2673 372 2742 regiones
398 2677 480 2729 vel
515 2676 724 2731 insulas
753 2692 914 2746 porro
942 2680 1170 2746 positas,
1192 2685 1244 2731 et
1268 2681 1341 2731 ita
1373 2680 1426 2732 in
1445 2683 1521 2735 eis
1549 2681 1684 2736 ﬁxus

107 2765 304 2818 animo
337 2768 624 2832 mansisti,
663 2777 722 2821 ut
771 2783 838 2822 ne
886 2779 1179 2836 prazsentes
1232 2769 1448 2838 quidem
1500 2771 1683 2826 videre

107 2862 210 2908 aut
245 2858 591 2926 temetipsum
625 2858 769 2913 scire
819 2860 909 2913 ubi
959 2859 1180 2914 sederes
1205 2897 1221 2921 ,
1270 2875 1378 2929 prae
1416 2861 1685 2916 suavitate

106 2961 306 3001 eorum
357 2964 477 3017 qua:
509 2950 851 3004 habebantur
885 2951 938 3004 in
972 2951 1182 3015 oculis,
1220 2953 1548 3020 posses?7Et
1579 2949 1682 3006 Pe-

108 3049 234 3094 trus
268 3039 341 3093 ait
371 3059 382 3094 :
414 3039 610 3096 Verum
642 3050 746 3106 est,
782 3042 967 3096 Simon
990 3084 1004 3106 ,
1040 3044 1143 3096 hoc
1188 3019 1319 3096 mihi
1372 3019 1682 3112 frequenter

110 3131 336 3184 accidit.
360 3131 417 3185 Et
451 3130 678 3187 Simon:
715 3133 790 3187 Ita
835 3141 890 3188 et
924 3149 1070 3188 nunc
1121 3151 1343 3190 sensum
1391 3146 1544 3190 tuum
1588 3153 1680 3192 ex-

112 3219 280 3274 tende
310 3221 362 3275 in
414 3225 631 3289 coelum,
680 3233 734 3279 et
771 3225 966 3279 iterum
1016 3240 1180 3295 super
1211 3227 1442 3290 ecelum,
1473 3239 1527 3281 et
1559 3229 1681 3285 vide

108 3310 247 3381 quia
276 3313 436 3367 debet
480 3332 600 3370 esse
632 3315 830 3386 aliquis
863 3317 1015 3370 locus
1037 3317 1130 3386 qui
1160 3319 1229 3371 sit
1260 3320 1399 3372 ultra
1418 3320 1680 3374 mundum

111 3408 201 3461 vel
213 3411 364 3456 extra
381 3406 664 3469 mundum,
685 3407 740 3459 in
757 3423 866 3477 quo
880 3424 1056 3478 neque
1069 3412 1266 3463 coelum
1280 3412 1369 3475 sit,
1385 3427 1559 3481 neque
1572 3421 1682 3468 ter-

111 3516 199 3564 ra,
218 3515 388 3569 neque
415 3498 602 3552 umbra
617 3497 808 3552 horum
828 3501 990 3552 etiam
1029 3500 1102 3553 ibi
1132 3503 1383 3556 tenebras
1401 3511 1676 3573 operetur,

112 3600 173 3646 et
194 3592 510 3646 obboccum
533 3606 706 3660 neque
725 3606 953 3660 corpora
984 3591 1164 3662 aliqua
1180 3594 1234 3645 in
1268 3609 1332 3648 eo
1351 3596 1482 3658 sint,
1504 3612 1679 3666 neque

117 3700 187 3737 ex
235 3683 553 3753 corporibus
611 3683 867 3746 tenebrae,
898 3686 1208 3738 necessario
1239 3687 1310 3740 sit
1359 3687 1537 3741 lumen
1575 3689 1678 3742 im-

119 3789 394 3840 mensum;
423 3781 477 3829 et
511 3775 691 3826 lumen
722 3775 1010 3828 considera
1043 3778 1353 3843 cujusmodi
1385 3796 1507 3834 esse
1545 3797 1674 3850 pos-

119 3869 214 3931 sit,
243 3867 328 3920 cui
362 3868 596 3920 tenebrae
628 3867 789 3921 nulla:
841 3867 1158 3922 succedunt.
1199 3869 1337 3924 Nam
1375 3873 1421 3926 si
1455 3874 1676 3927 univer-

121 3975 241 4014 sum
262 3960 400 4013 hunc
430 3959 693 4012 mundum
718 3960 850 4014 solis
875 3960 1039 4028 hujus
1066 3965 1234 4030 replet
1265 3963 1377 4026 lux,
1413 3971 1676 4032 quantum

118 4052 349 4106 astimas
369 4066 493 4105 esse
522 4050 654 4104 illud
685 4050 1066 4118 incorporeum
1094 4053 1276 4107 lumen
1301 4062 1352 4106 et
1371 4053 1676 4108 infinitum?

120 4152 322 4197 tantum
370 4143 489 4197 sine
538 4143 725 4206 dubio,
770 4150 828 4196 ut
861 4143 1006 4196 istud
1037 4143 1172 4199 solis
1222 4145 1404 4199 lumen
1438 4145 1505 4200 ad
1538 4145 1674 4200 illud

120 4237 345 4290 tenebrae
369 4243 421 4290 et
452 4251 559 4289 non
590 4236 682 4288 lux
712 4251 835 4290 esse
867 4234 1137 4290 videatur.

194 4349 338 4406 LXII.
375 4349 498 4404 Haec
523 4363 647 4404 cum
666 4350 872 4403 diceret
885 4347 1094 4412 Simon,
1121 4349 1313 4405 Petrus
1345 4350 1628 4420 respondit
1653 4369 1666 4406 :

1806 548 1873 603 de
1897 549 2122 604 civitate
2148 565 2347 620 magna
2376 552 2626 620 cogitari,
2647 562 2861 621 portas,
2891 569 3099 615 muros,
3129 553 3375 623 lavacra,

1805 639 2012 709 plateas
2033 679 2046 704 τ
2081 641 2405 712 angiportus
2429 682 2444 706 ,
2477 643 2592 696 fora
2626 653 2679 696 et
2711 644 2904 696 horum
2933 648 3332 715 consequentia
3357 687 3375 714 ,

1804 731 2106 786 secundum
2135 748 2197 787 ea
2231 734 2441 786 scilicet
2463 751 2584 804 qua:
2611 735 2663 788 in
2690 737 2810 789 aliis
2840 736 3069 790 urbibus
3093 737 3337 792 videram
3355 777 3372 801 ,

1802 829 1856 874 et
1887 823 1942 875 in
1991 830 2200 876 tantum
2245 826 2546 880 intentione
2591 827 2969 894 hujuscemodi
3016 828 3248 882 intuittis
3279 830 3376 884 de-

1803 913 2062 977 lectabar,
2095 923 2152 968 ut
2182 932 2328 978 vere,
2365 919 2504 971 sicut
2526 917 2642 986 ipse
2671 919 2878 981 dixisti,
2913 936 3016 973 nec
3046 927 3374 988 pmsentem

1802 1014 1963 1077 atque
2009 1016 2274 1062 astantem
2325 1009 2607 1074 viderem,
2666 1025 2766 1063 nec
2800 1011 2917 1079 ipse
2961 1011 3053 1064 ubi
3089 1010 3374 1073 sederem,

1801 1114 2042 1153 nossem.
2080 1098 2145 1152 Et
2184 1098 2371 1152 Simon
2399 1119 2411 1153 :
2445 1099 2624 1163 Modo,
2663 1101 2859 1169 inquit,
2891 1109 3038 1156 recte
3067 1101 3226 1156 dicis.

1869 1188 2055 1245 LXIII.
2091 1189 2156 1242 Et
2186 1188 2378 1244 Petrus
2410 1208 2421 1243 :
2449 1189 2691 1260 Denique
2708 1207 2829 1244 cum
2850 1192 3052 1261 piscem
3073 1193 3371 1248 maximum

1799 1281 1891 1350 qui
1926 1282 2084 1336 hamo
2127 1282 2441 1348 inhaeserat,
2466 1292 2647 1337 mente
2679 1293 2982 1354 occupatus
3027 1285 3228 1340 habere
3266 1285 3370 1339 mi-

1798 1374 1945 1427 nime
1974 1374 2254 1436 sentirem,
2286 1383 2340 1428 et
2389 1375 2443 1428 id
2478 1376 2700 1443 quidem
2732 1393 2857 1429 cum
2895 1377 3041 1432 hami
3072 1377 3270 1432 lineam
3302 1377 3371 1432 de

1798 1467 2053 1521 manibus
2105 1467 2242 1521 meis
2279 1467 2546 1522 violenter
2597 1470 2885 1538 arriperet,
2923 1477 3231 1539 stupentem
3281 1485 3369 1523 tne

1796 1557 1987 1613 videns
2016 1558 2186 1612 frater
2216 1574 2370 1612 meus
2399 1558 2643 1612 Andreas
2665 1561 2757 1628 qui
2791 1576 3002 1613 mecum
3031 1560 3279 1624 sedebat,
3303 1576 3368 1614 ac

1796 1664 1933 1718 pene
1962 1665 2240 1713 casurum,
2275 1652 2416 1704 latus
2454 1651 2664 1705 fodiens
2700 1653 2888 1704 cubito
2919 1654 3063 1705 velut
3097 1653 3370 1706 dormien-

1796 1748 1902 1793 tem
1929 1744 2128 1796 excitat
2157 1740 2347 1796 dicens
2369 1761 2380 1795 ε
2405 1741 2520 1794 Non
2542 1743 2716 1805 vides,
2732 1742 2914 1804 Petre,
2929 1759 3092 1812 quam
3107 1737 3365 1812 mag-num

1795 1831 1997 1900 piscem
2020 1833 2254 1901 ceperis?
2284 1835 2662 1902 nunquidnam
2698 1842 2879 1887 mente
2917 1834 3187 1895 excidisti,
3217 1834 3366 1903 quod

1793 1938 1873 1976 suc
1894 1924 2157 1978 attonitus
2187 1924 2409 1992 stupes?
2440 1925 2569 1992 quid
2604 1932 2688 1978 est
2717 1926 2859 1992 quod
2888 1925 3131 1993 pateris“?
3158 1926 3246 1979 dic
3269 1927 3360 1978 mi-

1792 2011 1864 2065 hi.
1899 2012 1966 2066 At
1986 2029 2088 2084 ego
2119 2013 2432 2083 indignatus
2470 2015 2516 2068 ei
2554 2016 2860 2084 paululum,
2891 2017 3036 2083 quod
3060 2031 3144 2070 me
3176 2032 3206 2068 a
3241 2015 3364 2070 dul-

1789 2107 1981 2161 cedine
2010 2123 2198 2162 eorum
2242 2124 2362 2176 qua:
2398 2107 2648 2161 intuebar
2691 2105 3056 2169 abstraxerit',
3100 2106 3362 2176 respondi

1789 2197 1924 2250 nihil
1966 2213 2052 2252 me
2092 2199 2218 2250 mali
2251 2199 2400 2267 pati,
2436 2199 2529 2251 sed
2566 2199 2748 2250 animo
2778 2197 3192 2253 desiderabilem
3223 2198 3361 2251 mihi

1789 2289 1990 2343 intueri
2037 2287 2362 2351 Jerusalem,
2395 2290 2664 2357 simulque
2692 2289 3015 2351 Caesaream,
3050 2297 3104 2342 et
3133 2304 3362 2359 corpore

1789 2381 2003 2448 quidem
2047 2396 2170 2434 cum
2217 2383 2334 2449 ipso
2374 2396 2536 2448 esse”
2592 2389 2773 2435 mente
2816 2397 2944 2435 vero
2979 2383 3106 2434 illuc
3141 2382 3358 2450 penitus

1789 2471 2013 2525 auferri.
2048 2471 2114 2524 At
2145 2471 2232 2524 ille
2263 2473 2449 2524 nescio
2485 2471 2627 2524 unde
2661 2472 2981 2539 inspiratus,
3017 2472 3356 2526 reconditum

1786 2571 1839 2615 et
1873 2570 2140 2616 secretum
2174 2564 2417 2616 veritatis
2452 2564 2674 2630 protulit
2715 2564 2959 2617 verbum.

1855 2675 2035 2729 LXIV.
2079 2676 2295 2738 Desine,
2330 2678 2525 2746 inquit,
2552 2676 2738 2743 Petro;
2774 2679 2902 2746 quid
2929 2678 3174 2747 estquod
3203 2680 3360 2747 agis?

1787 2767 1839 2821 hi
1874 2767 2017 2822 enim
2050 2768 2141 2836 qui
2187 2767 2430 2820 daemone
2478 2768 2742 2835 incipiunt
2788 2770 2980 2837 repleri
3019 2771 3102 2822 vel
3149 2770 3357 2824 moveri

1784 2869 1964 2914 mente
1987 2900 2001 2922 ,
2049 2859 2424 2927 hujuscemodi
2459 2859 2610 2911 initia
2641 2859 2863 2923 habent,
2914 2875 3009 2929 per
3037 2861 3356 2928 phantasia:

1784 2953 1961 3024 primo
2001 2952 2066 3005 ad
2097 2950 2336 3020 jucunda
2369 2966 2598 3019 quaeque
2642 2959 2696 3004 et
2744 2950 3083 3005 delectabilia
3115 2951 3354 3006 transfe-

1785 3052 1999 3110 runtur;
2034 3041 2228 3096 deinde
2257 3042 2321 3093 ad
2347 3057 2409 3095 ea
2440 3056 2561 3110 qua:
2583 3057 2692 3095 non
2723 3050 2871 3105 sunt,
2903 3043 3057 3097 vanis
3086 3051 3142 3095 et
3174 3042 3357 3096 inani-

1709 3129 1750 3186 C
1787 3136 1887 3190 bus
1933 3136 2168 3189 motibus
2220 3134 2593 3188 effunduntur.
2648 3133 2762 3188 Hoc
2810 3142 2988 3188 autem
3041 3134 3237 3189 accidit
3285 3151 3350 3190 ex

1782 3227 2042 3296 languore
2070 3225 2308 3294 quodam
2345 3226 2566 3287 animae,
2599 3240 2706 3293 quo
2734 3241 2795 3278 ea
2825 3226 3043 3293 quidem
3072 3241 3192 3295 qua:
3223 3237 3352 3282 sunt

1780 3336 1890 3374 non
1913 3319 2118 3381 vident,
2151 3317 2462 3372 desiderant
2492 3332 2616 3371 vero
2641 3317 2907 3372 adducere
2931 3317 2995 3370 ad
3023 3330 3349 3389 conspectus

1780 3426 1911 3465 suos
1942 3426 2004 3464 ea
2040 3425 2160 3478 quae
2194 3425 2302 3463 non
2333 3417 2481 3463 sunt.
2516 3408 2622 3462 Sed
2653 3417 2706 3462 et
2736 3409 2844 3462 illis
2876 3411 2948 3462 ita
2981 3410 3216 3472 accidit,
3251 3413 3348 3481 qui

1777 3501 2071 3570 phrenesin
2106 3500 2388 3571 patiuntur
2432 3507 2486 3554 et
2536 3499 2789 3554 videntur
2835 3501 2938 3554 sibi
2980 3502 3177 3554 multas
3207 3503 3346 3555 inia-

1777 3595 1930 3663 gines
1959 3592 2160 3653 videre,
2195 3608 2292 3661 pro
2318 3607 2383 3645 eo
2412 3592 2552 3661 quod
2583 3593 2858 3646 nimietate
2889 3591 3106 3661 frigoris
3138 3594 3220 3646 vel
3252 3610 3344 3647 ca-

1777 3685 1910 3738 loris
1943 3686 2121 3736 anima
2156 3685 2396 3753 ipsorum
2429 3684 2688 3736 convulsa
2729 3694 2781 3736 et
2821 3693 2997 3736 emota
3040 3685 3174 3739 locis
3202 3687 3340 3746 suis,

1775 3790 2014 3831 errorem
2046 3777 2248 3843 patitur
2279 3774 2566 3828 ministerii
2611 3774 2892 3827 naturalis.
2931 3773 3037 3827 Sed
3064 3783 3119 3828 et
3164 3776 3217 3827 hi
3246 3775 3342 3845 qui

1776 3867 2025 3919 laborant
2055 3866 2170 3928 siti,-
2195 3881 2319 3918 eum
2347 3865 2402 3918 in
2435 3881 2681 3932 soporem
2713 3866 2957 3917 venerint
2984 3903 2998 3929 ,
3039 3864 3259 3919 ﬂumina
3285 3873 3342 3921 et

1776 3956 1953 4011 fontes
1995 3956 2178 4010 videre
2221 3957 2323 4011 sibi
2356 3957 2610 4010 videntur
2639 3971 2704 4009 ac
2735 3957 2947 4022 bibere;
3010 3957 3111 4010 hoc
3157 3966 3339 4010 autem

1776 4050 2051 4118 patiuntur
2074 4049 2327 4102 ariditate
2357 4048 2697 4116 intemperati
2727 4049 2976 4115 corporis
3006 4046 3338 4100 laborantes.

1774 4140 1997 4208 Propter
2030 4139 2175 4208 quod
2222 4147 2430 4193 certum
2478 4147 2583 4202 est,
2632 4139 2747 4193 lateo
2794 4139 2924 4193 vitio
2972 4141 3208 4208 quodam
3256 4141 3342 4196 vel

1772 4235 1966 4288 anima:
1995 4233 2078 4285 vel
2109 4232 2354 4301 corporis
2386 4230 2521 4284 ﬁeri.

1843 4344 2004 4400 LXV.
2046 4345 2286 4414 Denique
2316 4355 2373 4399 ut
2401 4346 2637 4415 accipias
2666 4347 2744 4399 rei
2771 4345 2928 4401 [idem
2955 4346 3020 4401 de
3040 4345 3338 4401 Jerusalem

122 4442 198 4499 De
243 4454 462 4512 utroque
503 4457 633 4512 ergo
680 4443 946 4510 patienter
993 4444 1240 4496 ausculta
1266 4482 1280 4508 ,
1317 4442 1367 4495 id
1396 4451 1479 4497 est
1519 4450 1573 4497 et
1602 4443 1669 4498 de
1700 4467 1745 4521 υ
1773 4453 1935 4507 quam
1966 4453 2106 4506 saepe
2135 4437 2396 4504 videram,
2427 4438 2672 4494 dicebam
2713 4436 2866 4491 fratri
2899 4453 3040 4501 meo,
3069 4455 3189 4508 quae
3221 4439 3336 4493 loca

117 4536 351 4605 exemplo
369 4534 693 4590 extendendi
726 4549 919 4588 sensus
941 4542 994 4587 et
1023 4534 1090 4588 de
1113 4535 1476 4589 immensitate
1505 4536 1663 4590 luris.

124 4626 246 4682 Scio
263 4629 562 4697 meipsum,
596 4641 630 4680 o
662 4625 880 4689 Simon,
917 4627 1211 4696 aliquando
1246 4627 1299 4680 in
1332 4629 1666 4697 cogitatione

122 4718 340 4793 positum
379 4719 688 4774 extendisse
745 4734 965 4773 sensum
995 4734 1172 4772 meum
1202 4719 1258 4773 in
1293 4721 1575 4788 regiones,
1608 4728 1668 4774 ut

122 4812 222 4876 ais,
245 4820 293 4864 et
327 4810 532 4865 insulas
580 4811 766 4879 procul
812 4810 1019 4880 positas
1057 4849 1070 4873 ,
1106 4825 1306 4880 easque
1336 4818 1516 4865 mente
1558 4826 1667 4864 non

122 4905 290 4960 minus
315 4919 471 4974 quam
515 4904 688 4957 oculis
737 4902 1102 4972 perspexisse.
1135 4901 1273 4955 Cum
1303 4917 1481 4956 essem
1522 4902 1662 4970 apud

121 4998 481 5067 Capharnaum
531 4997 583 5050 in
631 5003 858 5064 captura
891 4995 1124 5062 piscium
1155 4995 1388 5061 positus,
1424 5002 1478 5047 et
1508 4995 1664 5048 sede-

122 5106 230 5144 rem
258 5103 408 5158 supra
456 5103 679 5150 saxum,
712 5086 930 5139 hamum
963 5095 1092 5139 seta:
1128 5085 1382 5138 innexum
1430 5093 1483 5138 et
1516 5085 1666 5139 deci-

122 5180 317 5254 piendis
349 5179 590 5250 piscibus
639 5184 883 5247 aptatum
943 5177 1150 5230 habens
1186 5175 1240 5228 in
1272 5192 1470 5239 manu,
1502 5177 1574 5228 ita
1605 5185 1662 5229 ut

123 5277 389 5331 haerentem
412 5271 464 5326 ei
487 5289 598 5326 non
623 5271 890 5325 senserim
926 5270 1154 5338 piscem,
1184 5267 1313 5320 dum
1346 5282 1502 5321 mens
1539 5283 1660 5320 mea

125 5383 213 5438 per
237 5361 630 5421 desiderabilem
662 5363 794 5416 mihi
847 5360 1147 5414 Jerusalem
1174 5359 1413 5414 distenta
1442 5374 1662 5428 percur-

123 5467 274 5519 reret,
297 5457 354 5510 ad
385 5473 545 5527 quam
590 5471 720 5508 sane
766 5454 1101 5507 oblationum
1152 5452 1326 5520 gratia
1368 5459 1421 5504 et
1459 5450 1659 5503 oratio-

126 5568 242 5607 num
267 5551 482 5621 vigilans
515 5549 822 5616 frequenter
852 5548 1226 5599 ascenderam.
1246 5543 1447 5598 Verum
1475 5551 1527 5596 et
1551 5542 1660 5594 Cte-

126 5659 316 5700 Baream
344 5645 478 5696 hanc
510 5642 695 5694 mirari
729 5641 796 5692 ab
821 5640 943 5691 aliis
975 5637 1202 5690 audiens
1226 5675 1239 5699 ,
1273 5644 1322 5690 el
1344 5635 1659 5690 desiderare

126 5737 336 5792 solebam
362 5776 375 5798 ,
409 5744 459 5790 ct
508 5751 624 5791 eam
665 5736 714 5786 in
747 5750 853 5803 qua
891 5730 1130 5785 nondum
1177 5729 1381 5783 fueram
1415 5769 1428 5793 ,
1472 5727 1654 5780 videre

1773 4547 1977 4601 quosve
2006 4539 2304 4585 conventus
2337 4530 2488 4585 visus
2512 4529 2642 4582 mihi
2671 4527 2893 4583 fuissem
2917 4530 3119 4583 videre.
3156 4531 3257 4584 Sed
3285 4543 3339 4587 et

1769 4624 1836 4678 de
1861 4623 2108 4677 Caesarea
2150 4638 2310 4692 quam
2343 4637 2617 4691 nunquam
2658 4621 2936 4686 videram,
2984 4623 3338 4680 nihilominus

1769 4716 2201 4779 contendebant,
2237 4713 2380 4783 quod
2409 4722 2552 4767 esset
2601 4712 2744 4774 talis,
2801 4714 3012 4780 qualem
3066 4724 3242 4768 mente
3286 4725 3338 4769 et

1768 4810 2094 4880 cogitatione
2124 4822 2499 4876 conceperam.
2531 4805 2666 4858 Cum
2701 4815 2879 4857 autem
2907 4807 3174 4859 venissem
3206 4807 3335 4874 huc,

1766 4902 1902 4956 nihil
1966 4899 2186 4953 omnino
2241 4898 2416 4951 simile
2470 4896 2770 4966 respiciens
2817 4911 3006 4951 eorum
3067 4913 3186 4965 quae
3241 4915 3337 4967 per

1766 4993 2084 5062 phantasias
2137 4988 2419 5052 videram,
2478 4988 2799 5057 reprehendi
2853 4988 3230 5057 meuietipsum
3281 4999 3335 5042 et

1765 5083 1946 5136 notavi
1983 5082 2136 5136 valde
2156 5121 2169 5143 ,
2201 5081 2328 5150 quia
2357 5096 2422 5133 ex
2459 5080 2580 5133 aliis
2611 5095 2729 5147 quae
2758 5078 2996 5130 videram
3023 5120 3033 5140 ,
3069 5087 3253 5147 portas
3282 5081 3331 5133 ei

1763 5182 1815 5227 et
1848 5190 2031 5228 muros
2064 5173 2307 5241 aliasque
2349 5171 2524 5235 mdes,
2575 5187 2759 5223 revera
2810 5171 3219 5224 similitudinem
3265 5187 3333 5224 ex

1762 5269 1885 5321 aliis
1933 5268 2153 5336 capiens
2203 5264 2478 5318 dederam.
2553 5263 2737 5331 Neque
2789 5264 2932 5315 enim
2990 5261 3112 5329 quis
3155 5270 3333 5331 potest

1762 5375 1959 5412 novum
1993 5357 2216 5426 aliquid,
2249 5365 2301 5409 et
2330 5356 2486 5423 cujus
2517 5354 2688 5407 forma
2717 5353 2862 5406 nulla
2897 5369 3134 5420 unquam
3161 5354 3331 5406 exsti-

1762 5451 1908 5510 terit,
1945 5451 2201 5519 cogitare.
2250 5445 2382 5498 Nam
2423 5455 2475 5498 et
2513 5446 2558 5497 si
2607 5446 2732 5496 velit
2765 5444 2959 5512 aliquis
2989 5451 3174 5495 tauros
3206 5457 3330 5496 cum

1760 5543 1943 5614 quinis
1968 5542 2239 5611 capitibus
2262 5557 2325 5593 ex
2356 5555 2454 5592 sua
2481 5539 2809 5606 cogitatione
2840 5537 3092 5600 formare,
3115 5549 3181 5587 ex
3211 5534 3333 5589 istis

1759 5650 1897 5704 quos
1930 5633 2060 5686 vidit
2089 5649 2210 5686 cum
2240 5632 2468 5699 singulis
2501 5630 2791 5698 capitibus,
2829 5630 2948 5680 illos
2974 5627 3156 5696 quinis
3179 5625 3329 5695 capi-

1760 5729 1905 5782 tibus
1941 5725 2110 5796 ﬁngit.
2154 5725 2215 5778 lit
2249 5734 2302 5777 tu
2349 5739 2476 5793 ergo
2524 5741 2688 5777 nunc.
2727 5724 2767 5776 si
2823 5739 2945 5777 veic
2997 5717 3202 5791 aliquid
3234 5718 3332 5774 tibi
