4066 6334
673 416 815 470 1279
1524 411 1581 465 S.
1621 410 2007 466 LLEAIENTIS
2046 410 2064 463 l
2105 408 2269 465 ROM.

2311 406 2513 466 PONT.
2553 406 2797 463 OPERA.
2838 407 3061 464 DL'BIA.
3769 411 3901 466 1280

666 536 867 590 videris
898 541 989 587 tua
1021 532 1345 603 cogitatione
1384 532 1690 602 perspicere
1715 568 1729 593 ,
1772 540 1823 585 et
1859 546 2021 600 supra
2058 528 2227 583 C(Blus
2259 533 2304 589 Α
2332 530 2421 595 qui
2464 527 2533 581 ab
2565 542 2629 581 eo
2679 526 2807 582 facti
2842 536 2993 591 sunt,
3049 527 3191 581 sicut
3240 533 3293 582 et
3339 528 3423 583 lex
3473 526 3635 592 dicit,
3669 544 3901 598 quorum

670 626 888 685 intueri,
923 641 1027 679 non
1061 626 1283 679 dubium
1314 625 1445 694 quin
1473 638 1539 677 cx
1568 623 1652 677 his
1682 638 1741 676 ea
1778 622 2089 676 consideres
2114 636 2231 691 quae
2336 632 2499 670 unum
2529 618 2729 671 coelum
2757 620 2826 671 sit
2854 618 3130 688 sUperius,
3154 634 3263 688 quo
3292 621 3601 676 continetur
3629 622 3795 676 etiam
3826 622 3905 674 vi-

670 721 721 775 in
755 719 916 773 terris
947 718 1156 787 positus
1188 718 1355 770 vides.
1406 716 1513 769 Aut
1556 715 1598 769 si
1631 724 1789 785 putas
1821 713 2030 767 facilem
2064 713 2231 767 menti
2310 708 2488 763 isibile
2515 707 2937 772 firmamentum,
2972 709 3103 764 illud
3133 724 3254 765 esse
3294 719 3612 781 perpetuum
3644 722 3695 767 et
3747 720 3904 766 aster-

666 822 772 867 tute
802 825 1085 865 accessum
1115 826 1235 864 esse
1275 824 1440 878 super
1486 808 1675 867 ςωιοε,
1713 818 1762 860 ct
1792 806 2139 858 considerare
2182 816 2232 859 te
2332 812 2461 849 nunt
2496 812 2619 850 cum
2646 799 2726 851 his
2758 800 2849 865 qui
2880 798 3123 853 habitant
3154 800 3263 865 ibi;
3293 800 3436 855 istud
3470 810 3650 855 autem
3689 802 3903 855 visibilc

665 922 823 977 posse
876 919 995 974 quae
1039 903 1149 956 illic
1197 907 1343 961 sunt,
1397 907 1559 968 atque
1597 900 1875 952 immensa:
1917 896 2059 950 illius
2092 896 2228 950 lucis
2330 889 2383 940 in
2406 888 2877 943 consummatione
2896 890 3077 943 saeculi
3100 890 3479 945 resolvendum
3500 908 3619 948 esse
3641 903 3696 945 et
3721 902 3905 946 trans-

663 998 944 1055 scientiam
987 1009 1179 1065 capere
1206 1032 1219 1055 ,
1267 999 1398 1061 puto
1428 992 1475 1045 ei
1515 989 1606 1060 qui
1645 990 1732 1042 illa
1771 996 1947 1057 potest
1983 1001 2228 1055 compre-
2330 979 2428 1043 ire,
2479 986 2537 1033 ut
2584 980 2716 1033 illud
2766 982 2963 1035 coelum
3012 981 3153 1050 quod
3197 991 3281 1036 est
3311 983 3587 1051 antiquius
3634 992 3687 1037 et
3722 984 3905 1036 excel-

667 1092 938 1151 hendere,
992 1086 1205 1140 facilius
1247 1098 1367 1137 esse
1416 1090 1473 1136 ut
1518 1096 1736 1135 sensum
1783 1096 1940 1134 suum
1975 1080 2065 1147 qui
2100 1078 2228 1131 illuc
2328 1074 2442 1127 sius
2475 1082 2599 1141 post
2641 1072 2904 1141 judicium
2948 1075 3150 1129 sanctis
3196 1082 3249 1129 et
3295 1074 3472 1145 dignis
3508 1082 3786 1145 appareat.
3820 1076 3901 1129 Ad

662 1185 812 1239 novit
838 1178 1147 1238 ascendere,
1174 1177 1227 1230 in
1254 1175 1484 1241 alicujus
1508 1181 1751 1227 nostrum
1777 1171 1868 1241 qui
1897 1170 2224 1231 assistimus,
2329 1163 2443 1218 haec
2475 1164 2661 1218 Simon
2707 1165 2986 1234 respondit
3018 1184 3030 1219 :
3072 1164 3195 1220 Ilaec
3245 1166 3321 1220 ita
3352 1182 3491 1230 esse,
3535 1177 3593 1220 ut
3645 1173 3700 1219 tu
3736 1165 3900 1228 dicis,

660 1292 756 1331 cor
777 1283 829 1329 et
847 1281 1035 1343 pectus
1060 1270 1269 1338 injiciat
1289 1274 1341 1320 et
1363 1266 1529 1326 dicat,
1554 1264 1763 1333 quasin
1784 1278 1847 1316 eo
1871 1260 2225 1329 cngitationes
2329 1255 2686 1310 credentibus
2738 1260 2951 1326 possint
3003 1257 3197 1321 videri,
3244 1258 3304 1315 ei.
3342 1267 3519 1313 autem
3571 1258 3663 1327 qui
3704 1258 3900 1312 horum

660 1376 830 1441 gerat.
866 1366 923 1419 Si
966 1378 1094 1433 ergo
1124 1370 1278 1430 potes
1308 1358 1539 1427 alicujus
1571 1365 1815 1411 nostrum
1844 1394 1857 1417 ,
1903 1354 1994 1422 qui
2046 1361 2222 1406 tamen
2327 1355 2603 1418 exspectat
2635 1348 2893 1410 rationes,
2925 1348 3261 1417 impossibile
3288 1358 3373 1405 est
3402 1366 3468 1405 ex
3518 1349 3632 1420 lege
3667 1350 3902 1420 proferri

658 1438 765 1516 non
818 1460 888 1516 sit
930 1470 1056 1527 erga
1103 1453 1340 1507 favorem
1382 1457 1535 1504 tuum
1572 1454 1899 1516 occupatus,
1940 1445 2223 1499 enuntiare
2324 1449 2377 1494 et
2408 1442 2676 1509 praecipue
2704 1438 2769 1495 de
2801 1440 3166 1495 immensitate
3198 1440 3355 1497 lucis.

656 1536 1015 1623 cogitationes
1045 1545 1247 1605 cordis,
1274 1542 1574 1612 poterimus
1597 1539 1693 1592 tibi
1726 1537 1957 1592 fortasse
1981 1536 2220 1600 credere,
2397 1529 2578 1585 LXIX.
2621 1531 2683 1584 Et
2714 1529 2909 1587 Petrus
2943 1551 2955 1585 :
2988 1528 3129 1597 Noli,
3162 1532 3359 1602 inquit,
3390 1542 3583 1602 putare
3621 1547 3724 1588 nos
3751 1536 3897 1604 quod

657 1622 800 1714 (μιρά
833 1649 884 1697 et
910 1656 972 1695 ca
1006 1652 1126 1709 quae
1159 1650 1325 1704 super
1353 1632 1520 1687 cmlos
1548 1638 1713 1693 sunt,
1752 1630 1894 1684 scire
1941 1628 2183 1699 potueris
2208 1668 2220 1691 ,
2325 1622 2437 1675 luce
2474 1622 2577 1678 fide
2611 1624 2724 1677 sola
2762 1622 3068 1692 recipienda
3098 1638 3220 1679 esse
3260 1624 3527 1687 dicamus,
3564 1626 3658 1680 sed
3706 1636 3761 1679 et
3809 1641 3897 1679 ra-

658 1737 782 1790 licet
812 1736 901 1786 illa
930 1732 1101 1784 multo
1132 1728 1240 1783 sint
1270 1726 1499 1780 celsiora
2326 1719 2469 1771 tione
2496 1717 2809 1772 asserenda.
2844 1715 3028 1788 Neque
3060 1718 3205 1771 enim
3236 1727 3411 1771 tutum
3455 1729 3539 1773 est
3576 1719 3737 1774 nuda
3781 1719 3896 1774 haec

723 1823 905 1880 LXVI.
949 1822 1025 1875 Ad
1062 1821 1173 1874 hate
1202 1818 1387 1872 Simon
1422 1836 1434 1869 :
1473 1814 1575 1880 Qui
1615 1828 1765 1879 vero,
1793 1813 1987 1884 inquit,
2020 1815 2219 1866 multas
2252 1865 2291 1920 Β
2326 1809 2446 1863 fidei
2479 1810 2683 1909 absque
2718 1810 2932 1864 ratione
2964 1809 3479 1920 conlinitterezcum
3515 1813 3712 1920 ‘utique
3752 1812 3895 1910 veri-

654 1918 860 1973 naenias
906 1913 1158 1975 texuisti,
1206 1909 1329 1963 audi
1375 1908 1487 1977 jam
1536 1920 1700 1961 nunc.
1755 1905 2093 1975 lmpossihile
2136 1910 2219 1957 est
2252 1898 2291 1920 ”
2324 1910 2405 1953 tas
2433 1899 2643 1952 ratione
2671 1913 2777 1951 non
2818 1906 3021 1954 careat.
3057 1898 3121 1951 Et
3158 1899 3279 1953 ideo
3307 1900 3352 1930 ⁷⁸
3388 1899 3479 1969 qui
3514 1898 3627 1953 haec
3682 1900 3895 1955 ratione

652 2024 814 2063 omne
846 2006 990 2077 quod
1023 2004 1088 2058 ad
1133 2002 1512 2072 cogitationem
1568 1996 1816 2051 bominis‘
1842 1998 2070 2058 venerit,
2110 2009 2218 2047 non
2320 1990 2527 2043 munita
2564 1990 2885 2059 susceperit,
2918 1990 3143 2059 perdere
3218 2004 3283 2044 ea
3365 2008 3642 2064 nunquam
3689 2000 3891 2064 potest,

651 2102 812 2155 etiam
844 2114 898 2151 re
930 2098 1042 2167 ipsa
1068 2109 1129 2147 ae
1167 2092 1395 2146 veritate
1425 2088 1756 2149 subsistere;
1790 2102 1909 2157 qua:
1942 2088 2083 2140 enim
2109 2099 2217 2138 non
2322 2082 2411 2151 qui
2446 2098 2575 2136 vero
2601 2083 2806 2155 absque
2838 2088 3239 2143 assertionibus
3273 2102 3336 2143 ea
3365 2089 3592 2159 suscipit
3627 2089 3892 2159 simplicis

654 2188 977 2249 subsistunt,
996 2199 1095 2239 nec
1118 2181 1349 2252 speciem
1382 2179 1603 2241 habent,
1630 2192 1753 2247 qua:
1776 2183 1953 2229 autem
1980 2174 2215 2244 speciem
2320 2177 2587 2233 sermonis
2618 2189 2869 2242 assensu,
2895 2193 3069 2249 neque
3099 2194 3317 2234 servare
3339 2195 3399 2233 ea
3427 2189 3542 2234 tuto
3568 2191 3773 2251 potest,
3797 2198 3893 2238 ne-

654 2293 762 2332 non
788 2276 1010 2336 habent,
1041 2287 1141 2326 nec
1168 2268 1483 2339 cogitationi
1536 2274 1765 2335 possunt
1805 2278 2113 2320 occurrere.
2152 2262 2217 2315 Et

2318 2284 2423 2338 que
2452 2272 2495 2324 si
2525 2285 2651 2324 vera
2684 2270 2793 2325 sint
2816 2279 2999 2327 certus
3027 2280 3129 2336 est,
3162 2272 3289 2342 quia
3317 2273 3408 2342 qui
3442 2273 3600 2329 facile
3623 2276 3799 2330 credit
3820 2275 3890 2329 fa-

649 2371 842 2425 Petrus
880 2388 891 2419 :
927 2366 983 2419 Si
1033 2380 1211 2425 omne,
1266 2362 1475 2431 inquit,
1528 2360 1671 2431 quod
1720 2358 1787 2415 ad
1834 2358 2213 2429 cogitationem
2318 2360 2422 2414 cile
2445 2371 2497 2416 et
2520 2360 2723 2416 recedit
2752 2378 2765 2415 :
2797 2363 2887 2432 qui
2921 2371 3100 2417 autem
3129 2364 3391 2418 rationem
3424 2366 3674 2434 quzesivit
3701 2360 3887 2421 eorum

650 2458 833 2509 venire
885 2459 1081 2523 potest,
1129 2451 1396 2515 subsistit,
1452 2450 1615 2502 istum
1661 2464 1823 2519 quem
1871 2447 2007 2502 dicis
2061 2454 2213 2500 extra
2317 2467 2436 2520 qua:
2463 2450 2715 2516 credidit,
2750 2460 2803 2507 et
2834 2455 3065 2524 accepit,
3096 2457 3252 2525 quasi
3284 2456 3515 2511 vinculis
3559 2458 3886 2527 quibusdam

650 2547 909 2601 mundum
946 2560 1066 2598 esse
1097 2539 1478 2595 immensitatis
1514 2540 1713 2602 locum,
1753 2540 1796 2619 si
1831 2553 1953 2593 eum
1989 2538 2111 2608 quis
2160 2536 2212 2590 in
2315 2542 2542 2597 rationis
2587 2544 2755 2612 ipsius
2806 2543 3124 2615 colligatus,
3182 2562 3459 2618 nunquam
3517 2549 3584 2603 ab
3638 2549 3723 2603 bis
3768 2563 3889 2618 qua:

647 2639 814 2692 corde
847 2653 945 2691 suo
978 2636 1155 2688 lumen
1187 2648 1304 2686 esse
1338 2631 1558 2701 cogitet,
1606 2631 1744 2686 alius
1774 2645 1902 2685 vero
1938 2631 2209 2693 tenebras,
2314 2634 2564 2697 credidit,
2592 2635 2773 2691 divelli
2805 2644 2897 2689 aut
2933 2638 3171 2713 separari
3203 2647 3402 2709 potest.
3434 2638 3499 2693 Et
3530 2640 3651 2695 ideo
3681 2650 3890 2712 quanto

646 2727 920 2797 quomodo
950 2724 1145 2794 poterit
1180 2737 1319 2776 unus
1349 2729 1510 2791 atque
1546 2719 1684 2774 idem
1723 2721 1877 2776 locus
1910 2718 2211 2774 secundum
2314 2726 2437 2796 quis
2474 2728 2793 2796 propensior
2829 2726 2988 2781 fuerit
3020 2730 3073 2782 in
3118 2731 3415 2800 expetenda
3459 2732 3691 2798 ratione,
3734 2740 3889 2788 tanto

644 2834 762 2879 eos,
799 2815 890 2885 qui
925 2815 1139 2869 diversa
1173 2812 1239 2867 de
1284 2827 1350 2867 eo
1392 2813 1735 2882 cogitarunt,
1770 2818 1822 2865 et
1867 2810 2046 2864 lumen
2090 2825 2213 2865 esse
2314 2819 2417 2873 erit
2444 2819 2648 2875 Iirmior
2680 2820 2731 2872 in
2760 2820 3135 2875 conservanda
3172 2822 3295 2880 fide.

645 2920 701 2965 et
751 2908 1018 2963 tenebraa‘!
1073 2906 1138 2959 Et
1188 2904 1374 2958 Simon
1423 2921 1435 2959 :
1485 2901 1685 2957 Omitte
1741 2917 1886 2955 nunc
1943 2902 2045 2955 ista
2092 2916 2213 2971 quae
2384 2909 2544 2964 LXX.
2588 2910 2666 2964 Ad
2700 2910 2812 2965 lucc
2844 2910 3067 2967 Simon:
3098 2911 3345 2983 Magnum
3374 2922 3476 2979 est,
3510 2914 3705 2985 inquit,
3736 2916 3886 2985 quod

644 3015 748 3069 ego
780 2998 911 3061 dixi,
948 3004 1005 3050 tu
1044 2994 1173 3065 quid
1203 3009 1324 3047 esse
1355 3000 1511 3061 putes
1542 3008 1705 3063 super
1735 2991 1905 3045 caelos
1935 2990 2143 3045 dicito?

2312 3002 2649 3071 repromittis
2697 3009 2755 3054 ut
2804 3001 3083 3055 immensa
3136 3001 3273 3057 lucis
3319 3001 3598 3056 mternitas
3654 3017 3719 3056 ex
3765 3002 3884 3073 lege

716 3084 923 3142 LXVII.
981 3084 1046 3139 Et
1092 3083 1287 3139 Petrus
1328 3100 1341 3136 :
1390 3080 1447 3135 Si
1496 3082 1561 3136 dc
1599 3097 1763 3145 vero,
1810 3080 2019 3152 inquit.
2064 3081 2211 3136 fonte
2312 3093 2487 3162 possit
2533 3092 2765 3147 ostendi.
2801 3090 3047 3163 Cumque
3096 3092 3291 3150 Petrus
3339 3092 3567 3150 dixisset
3603 3114 3615 3148 :
3648 3092 3885 3161 Quando

644 3178 865 3233 luminis
889 3174 1162 3235 crederes.
1195 3186 1408 3241 Possem
1442 3177 1497 3224 ιθ
1543 3169 1757 3235 δοθεῖεν
1792 3171 1921 3239 ql'id
1971 3179 2023 3223 εί
2072 3187 2209 3241 (Ιυο·’
2236 3207 2276 3264 C
2313 3186 2579 3249 volueris,
2614 3185 2797 3239 Simon
2832 3188 2903 3240 ait
2938 3206 2948 3241 :
2985 3185 3248 3253 Quoniam
3282 3186 3411 3241 hora
3439 3187 3548 3256 jam
3578 3188 3749 3241 multa
3776 3196 3885 3253 est,

644 3270 803 3324 modo
836 3276 979 3322 esset
1029 3265 1171 3337 quod
1210 3266 1531 3318 immensum
1579 3270 1682 3325 (δεῖν
1715 3269 1767 3317 ει
1814 3279 1922 3317 ηυη
1977 3264 2209 3333 Phanii“
2313 3278 2554 3331 crastino
2580 3276 2773 3333 astanti
2808 3277 2935 3330 mibi
2962 3287 3014 3331 et
3044 3278 3319 3339 renitenti,
3346 3278 3391 3332 si
3427 3277 3659 3347 probare
3683 3286 3886 3348 potue-

644 3362 781 3415 siam
840 3373 1056 3423 vanam,
1108 3357 1203 3413 sed
1261 3363 1682 3425 cousequentem
1734 3364 1782 3409 et
1840 3356 2205 3410 necessariam

2312 3370 2386 3422 ris
2423 3368 2622 3422 factum
2655 3383 2775 3423 esse
2837 3369 2980 3422 hunc
3009 3369 3266 3422 mundum
3290 3380 3341 3423 ct
3374 3370 3583 3424 animas
3625 3386 3749 3425 esse
3778 3373 3886 3423 im-

645 3452 911 3505 ralioncm
946 3449 1227 3504 redderem
1257 3446 1522 3509 "erimus.
1557 3460 1654 3499 nec
1699 3446 2089 3503 assertionibus
2121 3463 2211 3502 SO-
2311 3458 2589 3523 tnortales,
2614 3458 2836 3514 habebis
2864 3476 2945 3514 inc
2981 3459 3287 3529 adjutorem
3318 3459 3718 3529 prtetlicationis
3749 3468 3881 3516 tutu.

645 3542 915 3613 pbisticis,
953 3542 1045 3595 sed
1080 3541 1211 3610 legis
1245 3547 1298 3594 et
1326 3549 1537 3591 natura:
1566 3537 1893 3593 testimoniis
1924 3546 2121 3603 uterer,
2150 3546 2208 3595 ιιι
2312 3546 2373 3601 lit
2404 3564 2525 3603 cum
2557 3550 2669 3604 lucc
2699 3551 2947 3617 dixisset,
2977 3567 3229 3622 egressus
3254 3559 3557 3614 est,secuta
3584 3560 3764 3606 autem
3794 3564 3885 3609 est

644 3638 815 3691 scires
855 3635 979 3703 quia
1024 3630 1405 3686 immensitatis
1452 3630 1608 3684 fidem
1652 3631 1923 3700 praecipue
1968 3632 2208 3687 continet
2308 3654 2429 3692 eum
2467 3657 2533 3695 ex
2579 3644 2725 3696 omni
2776 3642 2979 3712 populo,
3014 3644 3104 3713 qui
3154 3659 3277 3698 cum
3313 3644 3431 3715 ipso
3476 3652 3702 3699 venerat
3753 3659 3883 3715 pars

644 3728 749 3783 lex.
789 3724 945 3792 Quod
977 3724 1021 3779 si
1072 3722 1452 3776 immensitatis
1494 3722 1634 3775 ratio
1681 3736 1787 3775 non
1838 3723 1965 3775 latet
2011 3722 2201 3792 legem.
2307 3733 2492 3794 tertia,
2523 3728 2615 3799 qui
2647 3737 2799 3783 erant
2829 3730 2982 3799 quasi
3017 3731 3162 3785 mille
3191 3730 3323 3799 viri;
3359 3733 3536 3787 cazteri
3570 3750 3696 3787 vero
3722 3734 3883 3791 flexis

643 3817 775 3872 nihil
809 3814 1049 3885 profecto
1081 3812 1223 3865 aliud
1264 3826 1380 3865 eam
1417 3813 1584 3867 latere
1616 3820 1815 3882 potest,
1859 3819 1913 3866 et
1948 3812 2065 3867 ideo
2105 3814 2197 3866 fal-
2306 3822 2535 3891 genibus
2568 3820 2914 3889 prostrabant
2945 3836 3003 3876 se
3032 3818 3214 3885 Petro,
3246 3836 3407 3891 super
3434 3838 3571 3892 quos
3602 3824 3690 3877 ille
3721 3825 3883 3879 invo-

641 3922 760 3961 sum
798 3913 900 3967 est,
950 3903 1094 3974 quod
1146 3903 1345 3971 putasti
1381 3918 1501 3956 esse
1548 3903 1750 3973 aliquid
1800 3904 1943 3972 quod
1997 3906 2203 3973 ignoret
2303 3923 2427 3966 cato
2460 3910 2551 3965 Dei
2587 3911 2827 3973 nomine,
2863 3912 2997 3967 alios
3040 3912 3305 3966 dccmonia
3348 3913 3611 3969 habentes
3638 3919 3875 3981 curavit,

640 3998 743 4050 lex.
780 3995 947 4049 Mults
976 4002 1153 4047 autem
1186 3993 1419 4061 amplius
1442 3993 1574 4046 nihil
1610 3994 1792 4048 latebit
1828 4010 1970 4055 eum,
2004 3996 2092 4065 qui
2128 3998 2202 4050 Ie-
2304 4001 2437 4054 alios
2472 4000 2631 4053 etiam
2665 3999 2983 4069 languentes
3013 4000 3247 4063 sanavit,
3280 4010 3332 4055 ct
3368 4002 3441 4055 ita
3480 4002 3749 4059 Imtantcm
3777 4021 3880 4075 pe-

639 4103 757 4159 gem
787 4087 957 4142 dedit.
992 4084 1099 4139 Nec
1134 4092 1311 4137 tamen
1347 4098 1568 4152 possum
1614 4085 1709 4138 tibi
1748 4086 1946 4153 aliquid
1995 4084 2061 4145 de
2102 4086 2201 4138 itn-
2304 4091 2486 4160 pulum
2519 4089 2741 4148 dimisit,
2773 4090 3037 4145 mandans
3067 4091 3167 4152 eis,
3204 4098 3261 4143 ut
3305 4092 3358 4144 in
3390 4093 3693 4147 crastinum
3728 4096 3873 4150 diem

640 4179 925 4231 utensilale
954 4184 1005 4230 cl
1030 4169 1116 4229 llis
1140 4189 1261 4243 quae
1285 4175 1403 4227 Sine
1436 4174 1539 4228 ﬁne
1570 4182 1695 4229 sunt
1719 4175 1886 4243 loqui.
1910 4177 2014 4229 nisi
2048 4176 2199 4246 prius
2300 4183 2571 4237 maturius
2600 4183 2974 4237 convenirent.
3023 4179 3217 4237 Petrus
3267 4198 3391 4237 vero
3434 4199 3557 4237 cum
3604 4187 3873 4241 recessis-

636 4270 701 4324 de
736 4268 841 4328 his,
868 4268 958 4337 qui
1000 4275 1149 4321 certo
1182 4269 1285 4320 ϋηο
1318 4266 1681 4319 terminantur
1721 4268 1893 4330 ςαὲιίεν
1935 4268 2196 4321 rationem
2300 4286 2421 4330 sent
2454 4276 2641 4338 turba},
2678 4277 2844 4330 sterni
2870 4274 3035 4343 jussit
3071 4273 3217 4327 hutni
3257 4275 3356 4328 sub
3390 4290 3514 4330 aere
3562 4278 3685 4330 atrii
3723 4278 3876 4331 nudo

638 4362 718 4414 vel
777 4360 1046 4428 receperis
1094 4367 1359 4421 nostram,
1396 4358 1491 4412 'vel
1543 4360 1655 4427 ipse
1703 4360 1991 4427 protuleris
2029 4370 2193 4415 tuam.

2301 4365 2391 4418 ubi
2438 4364 2606 4419 fuerat
2652 4365 3009 4433 disputatum,
3040 4371 3095 4416 et
3145 4365 3394 4419 recubuit
3433 4381 3537 4419 una
3589 4382 3714 4419 eum
3763 4368 3874 4423 illis

636 4453 789 4518 Quod
820 4452 1189 4519 sidebisquas
1218 4452 1381 4505 certis
1406 4449 1603 4504 finibus
1627 4450 2198 4506 concludunturintel-
2305 4455 2589 4519 undecim,
2634 4472 2733 4525 ego
2771 4471 2896 4508 vero
2936 4471 3059 4511 cum
3112 4456 3234 4513 aliis
3282 4457 3629 4526 quibusdam.
3675 4463 3769 4528 qui
3817 4470 3874 4515 et

634 4546 799 4613 ligere
840 4558 947 4596 non
980 4551 1152 4611 potes,
1189 4542 1359 4594 multo
1392 4543 1563 4612 magis
1593 4542 1660 4595 de
1700 4542 1784 4596 his
1812 4559 1930 4612 qua:
1946 4544 2062 4597 sine
2093 4546 2195 4599 [inc
2231 4542 2271 4597 D
2304 4549 2404 4617 ipsi
2438 4548 2590 4601 initia
2623 4549 2874 4601 audiendi
2925 4548 3073 4601 verbi
3108 4546 3197 4602 Dei
3247 4558 3566 4619 acceperant
3612 4558 3666 4603 et
3709 4561 3873 4605 erant

636 4644 785 4693 sunt,
819 4625 994 4703 neque
1034 4634 1173 4687 seire
1203 4632 1407 4701 aliquid
1436 4634 1637 4703 poteris
1664 4649 1837 4703 neque
1864 4635 2093 4691 discere.
2302 4640 2630 4701 cltarissimi,
2667 4641 2984 4693 recumbens
3020 4639 3299 4694 sumebam
3321 4640 3524 4695 cibum.

704 4725 929 4781 LXVIII.
950 4725 1025 4779 Ad
1052 4727 1161 4779 haec
1190 4723 1375 4778 Simon
1408 4744 1422 4779 ;
1454 4724 1664 4786 Melius,
1695 4727 1790 4789 ait,
1822 4727 1951 4781 mihi
1981 4728 2194 4782 videtur
2372 4730 2554 4785 LXXI.
2598 4731 2700 4785 Sed
2729 4732 3151 4801 benignissimus
3174 4729 3367 4787 Petrus
3394 4732 3773 4794 considerans,
3797 4748 3872 4789 ne

634 4820 949 4889 simpliciter
984 4817 1224 4879 credere,
1255 4818 1379 4886 quia
1430 4816 1571 4872 Deus
1605 4826 1707 4880 est,
1750 4829 1804 4873 et
1846 4821 1969 4889 quia
2019 4821 2191 4875 solum
2299 4823 2439 4879 forte
2469 4824 2743 4877 tristitiam
2792 4824 2921 4875 mihi
2971 4822 3194 4878 inferret
3226 4823 3329 4877 ista
3372 4828 3756 4893 sequestratio,
3791 4826 3867 4879 ait

634 4911 775 4962 istud
810 4911 948 4979 quod
976 4910 1239 4971 videmus,
1273 4910 1343 4963 sit
1375 4910 1570 4963 C(Bllllll
1602 4912 1654 4963 in
1687 4912 1939 4967 universo
1970 4914 2192 4970 mundo.
2299 4916 2365 4970 ad
2409 4932 2494 4971 me
2523 4935 2534 4970 :
2567 4914 2683 4969 Non
2728 4930 2826 4984 pro
2872 4915 3147 4984 superbia,
3178 4931 3210 4969 o
3242 4916 3511 4978 Clemens,
3551 4916 3867 4970 convivium

631 4992 695 5055 Et
716 5000 1396 5071 Petrus:Nonita,inquit,
1418 5000 1511 5056 sed
1529 5020 1692 5056 unum
1708 5004 1923 5072 quidem
1943 5006 2189 5060 confiteri
2298 5022 2404 5062 non
2438 5022 2537 5077 ago
2566 5022 2687 5060 cum
2720 5006 2806 5060 bis
2845 5006 2935 5075 qui
2979 5006 3219 5060 nondum
3266 5005 3532 5075 purificati
3574 5014 3727 5069 sunt,
3768 5006 3867 5060 sed

630 5095 881 5148 convenit
913 5092 1076 5149 Deum
1102 5094 1193 5163 qui
1222 5108 1346 5149 vere
1377 5102 1493 5160 est;
1525 5096 1691 5151 malos
1724 5105 1907 5151 autem
1934 5114 2055 5153 esse
2079 5098 2191 5170 (79)
2299 5115 2488 5155 vereor
2533 5114 2600 5154 ne
2645 5098 2785 5153 forte
2818 5098 2946 5151 mihi
2980 5099 3199 5169 quidem
3241 5112 3485 5163 noceam,
3514 5099 3648 5167 ipsis
3678 5106 3867 5152 autem

702 5319 745 5350 "
789 5317 851 5369 Et
890 5317 1004 5370 ideo
1033 5347 1097 5356 —-
1129 5314 1368 5384 κρηνατί
1409 5328 1577 5385 potest
1618 5317 2000 5373 desiderantur
2046 5320 2099 5373 in
2138 5327 2367 5390 utroque
2398 5320 2521 5377 cod.
2560 5319 2707 5393 Lips.

1926 5490 2290 5549 COTELERII
2329 5491 2559 5548 ΝΟΤᾸΞ.

692 5658 799 5735 (79)
830 5655 1011 5737 ,ςαξιοε
1050 5666 1221 5708 autem
1257 5671 1388 5737 esse.
1432 5653 1505 5733 De
1552 5655 1783 5737 cmlo‘et
1820 5652 1979 5737 melis
2018 5654 2185 5734 multa
2295 5656 2470 5737 plinas
2503 5657 2681 5726 potius
2722 5665 2989 5737 spectent,
3016 5674 3179 5731 quam
3211 5660 3277 5715 ad
3317 5657 3664 5733 theologiam,
3706 5658 3863 5714 notis

624 5730 798 5781 sancti
830 5725 1039 5787 Patres,
1066 5738 1227 5795 atque
1260 5726 1534 5778 cmttraria
1571 5746 1581 5776 ;
1618 5723 1709 5777 sed
1742 5740 1823 5785 ea,
1848 5732 1906 5775 ut
1934 5733 1987 5777 et
2009 5725 2182 5795 majo-
2293 5723 2620 5783 illustratum
2652 5723 2765 5783 non
2788 5728 2947 5783 intus.

627 5813 733 5856 rem
762 5794 1179 5866 choguitionum
1210 5804 1433 5864 partem,
1460 5795 1598 5863 quod
1628 5796 1689 5847 ad
1724 5797 1985 5847 humanas
2016 5794 2179 5847 disci-
