4050 6336
180 402 317 455 1281

1380 399 1943 457 RECOGNITIONUM
1980 402 2110 459 LIB.
2152 399 2235 456 IlI.

3288 402 3427 457 1289.

178 516 318 571 nihil
349 514 575 585 prosim.
605 513 717 569 Hoc
745 515 887 570 enim
914 530 1011 587 pro
1034 523 1180 571 certo
1210 513 1353 570 scire
1375 524 1427 571 te
1453 515 1595 580 volo,
1621 517 1749 587 quia
1780 524 1826 580 Α
1856 526 1941 571 tra
1999 516 2333 572 voluntatem
2383 515 2503 585 ejus
2558 514 2767 569 habitat
2822 513 2877 568 in
2941 528 3007 570 eo
3057 512 3270 569 daemon
3292 553 3306 577 ,
3372 521 3426 566 ct

174 608 363 663 omnis
392 607 483 677 qui
534 608 675 662 idola
716 608 881 662 coluit
912 609 1224 679 aliquando,
1259 618 1311 665 et
1351 625 1443 665 eos
1488 626 1625 681 quos
1662 626 1755 681 pa-

176 700 309 769 gani
340 700 622 753 nominant
639 699 789 765 deos,
805 701 1047 755 adoravit
1071 703 1151 756 vel
1175 701 1240 757 de
1256 701 1547 756 immolatis
1566 718 1779 758 eorum.

175 790 513 859 degustavit,
567 791 758 861 spiritu
809 792 1089 847 immundo
1143 796 1251 871 non
1300 804 1478 859 caret;
1528 794 1754 847 conviva

177 882 329 933 enim
361 880 540 937 factus
570 890 653 937 est
684 882 1010 947 dremonum,
1040 891 1093 938 et
1136 879 1477 954 participium
1524 886 1757 955 sumpsit

176 970 306 1038 (ejus
337 971 598 1026 daemonis
642 972 798 1041 cujus
830 971 882 1026 in
919 980 1097 1027 mente
1143 989 1239 1027 sua
1282 975 1536 1042 speciem,
1569 974 1651 1027 vel
1688 974 1756 1027 ti-

182 1076 338 1117 more
385 1065 466 1117 vcl
517 1078 697 1117 amore
741 1063 991 1119 formavit
1022 1064 1087 1119 ⁷³.
1136 1064 1329 1134 Etpcr
1360 1066 1473 1119 haec
1520 1066 1755 1119 mundus

180 1163 409 1209 nonest
464 1168 490 1205 a
540 1155 732 1223 spiritu
778 1156 1078 1223 immundo,
1128 1165 1179 1210 et
1230 1156 1348 1209 ideo
1381 1156 1757 1226 purificatione

182 1241 394 1311 indiget
426 1244 702 1313 baptismi,
728 1256 785 1299 ut
810 1256 965 1301 exeat
989 1249 1057 1302 ab
1080 1262 1144 1302 eo
1168 1247 1393 1316 spiritus
1420 1247 1753 1309 immundus,

179 1334 284 1402 qui
325 1334 610 1391 Interiores
646 1336 837 1392 animae
878 1340 1049 1408 ipsius
1096 1338 1292 1392 insedit
1344 1337 1565 1391 allectus
1592 1338 1657 1402 ⁷³,
1701 1346 1755 1391 et

182 1420 333 1490 quod
363 1433 445 1477 est
478 1422 740 1489 deterius,
773 1443 870 1480 nec
894 1428 1036 1497 quod
1070 1427 1401 1483 intrinsecus
1431 1428 1593 1481 lateat
1623 1426 1759 1481 indi-

181 1524 366 1577 catur,
399 1518 564 1571 utine
595 1518 901 1586 publicatus
934 1519 1167 1589 fugetur.

257 1603 464 1659 LXXII.
506 1606 702 1661 Amant
754 1610 899 1663 enim
944 1610 1031 1665 isti
1086 1611 1312 1681 Spiritus
1360 1610 1621 1665 immundi
1674 1612 1758 1667 in-

179 1692 393 1750 haerere
424 1699 745 1767 corporibus
775 1698 1075 1767 hominum,
1113 1712 1166 1755 ut
1196 1702 1435 1770 ipsorum
1456 1702 1756 1757 ministerio

180 1786 512 1853 copiditates
536 1804 662 1845 suas
699 1791 971 1859 expleant,
996 1801 1047 1846 et
1080 1791 1145 1845 ad
1176 1808 1238 1846 ea
1261 1808 1380 1863 quae
1414 1792 1513 1862 ipsi
1542 1792 1755 1847 deside-

180 1884 313 1929 rant
346 1875 669 1934 inclinantes
715 1886 907 1935 anima:
949 1890 1153 1947 motus,
1187 1884 1301 1940 suis
1336 1900 1430 1940 eos
1468 1899 1658 1955 parere
1691 1884 1754 1936 li-
1784 1863 1826 1917 Β

178 1967 462 2026 bidinibns
493 1982 709 2043 cogant,
745 1982 801 2028 ut
829 1973 1132 2030 elliciantur
1160 1992 1227 2031 ex
1259 1979 1470 2049 integro
1495 1994 1624 2033 vasa
1652 1978 1757 2034 dte-

180 2072 430 2113 monuin.
467 2060 543 2116 Ex
592 2063 791 2133 quibus
835 2082 977 2121 unus
1029 2076 1112 2122 est
1157 2067 1344 2124 Simon
1378 2071 1485 2134 hic,
1521 2072 1613 2141 qui
1661 2072 1753 2126 tali

178 2148 421 2216 quodam
451 2151 637 2206 morbo
675 2154 1101 2223 comprehensus
1137 2171 1237 2210 nec
1282 2158 1463 2211 sanari
1506 2157 1620 2226 jam
1656 2173 1754 2227 po—

178 2247 316 2302 test,
346 2242 471 2312 quia
505 2243 782 2301 voluntate
809 2254 861 2302 et
899 2247 1179 2319 proposito
1203 2257 1445 2320 azgrotat.
1485 2248 1594 2304 Nec
1621 2264 1751 2304 con~

1857 611 1980 666 ideo
2004 611 2050 642 "
2089 610 2133 664 si
2191 625 2314 664 eum
2366 610 2489 679 quis
2531 609 2717 679 fugare
2762 608 2886 663 velit
2932 614 2985 662 et
3034 607 3302 678 expellere
3358 606 3425 658 ab

1857 716 1940 765 eo,
1974 716 2097 755 cum
2126 702 2196 756 sit
2234 691 2629 769 inseparabilis,
2677 708 2750 764 et,
2784 708 2842 753 ut
2896 698 2967 751 ita
3008 698 3210 761 dicam,
3244 697 3421 750 anima

1851 789 1964 858 jam
2004 790 2121 859 ejus
2152 789 2395 855 effectus,
2429 791 2697 845 videbitur
2747 790 2918 858 magis
2969 802 3164 842 necare
3201 802 3323 840 eum
3368 792 3423 837 et

1857 883 2136 937 homicidii
2186 884 2391 937 crimen
2442 883 2739 937 incurrere.
2791 881 2957 935 Nemo
3004 894 3133 949 ergo
3180 884 3419 931 vestrum

1858 973 2214 1028 contristetur
2244 988 2272 1025 a
2312 972 2561 1025 convivio
2608 977 2798 1023 nostro
2835 976 3139 1039 separatus,
3179 973 3421 1034 tempore

1856 1066 2000 1119 enim
2066 1065 2249 1134 aliquo
2300 1064 2589 1117 observare
2651 1061 2810 1115 debet
2859 1058 3235 1127 unusquisque
3291 1071 3423 1110 sane

1855 1165 2063 1227 quanto
2092 1158 2208 1225 ipse
2246 1156 2498 1209 voluerit.
2537 1153 2709 1207 Parvo
2761 1151 2905 1206 enim
2946 1158 3186 1219 tempore
3232 1163 3423 1216 seque-

1859 1256 2067 1303 stratur
2097 1248 2187 1317 qui
2220 1249 2327 1300 cito
2356 1245 2585 1299 voluerit
2615 1243 2898 1313 baptizari,
2924 1241 3095 1294 multo
3124 1249 3303 1294 autem
3329 1237 3419 1307 qui

1856 1339 2085 1394 tardius.
2120 1337 2506 1407 Unusquisque
2534 1351 2663 1405 ergo
2696 1338 2749 1389 in
2797 1349 2892 1388 sua
2940 1332 3099 1385 habet
3134 1340 3419 1401 potestate.

1857 1434 2022 1488 breve
2084 1439 2176 1486 aut
2220 1431 2437 1500 longum
2498 1428 2827 1498 pmnitentia)
2886 1439 2999 1479 suae.
3049 1432 3263 1490 tempus
3304 1420 3418 1473 exi-

1857 1540 2004 1595 gere,
2036 1532 2087 1579 et
2115 1522 2234 1577 ideo
2260 1523 2314 1575 in
2346 1520 2498 1575 vobis
2528 1519 2863 1589 est,quando
2885 1516 3057 1571 velitis
3085 1514 3149 1568 ad
3176 1520 3422 1567 nostram

1858 1617 2152 1673 convenire
2188 1628 2451 1676 mensam,
2486 1618 2538 1667 et
2588 1627 2697 1666 non
2734 1612 2788 1664 in
2840 1609 3018 1671 nobis,
3053 1605 3252 1675 quibus
3301 1619 3423 1673 per-

1857 1706 2087 1762 missum
2142 1720 2251 1758 non
2301 1710 2384 1759 est
2440 1716 2656 1757 sumere
2704 1713 2826 1753 cum
2870 1698 3047 1766 aliquo
3079 1694 3283 1751 cibum.
3318 1690 3422 1744 nisi

1861 1794 2024 1850 fuerit
2062 1795 2390 1865 baptizatus.
2428 1791 2536 1846 Vos
2571 1805 2700 1858 ergo
2751 1790 2923 1859 magis
2968 1802 3069 1842 nos
3122 1782 3423 1854 prohibetis

1856 1897 2098 1942 avestro
2144 1886 2413 1950 convivio,
2447 1885 2492 1937 si
2545 1882 2610 1936 ad
2660 1879 3053 1953 purificandum
3106 1890 3287 1931 moras
3328 1873 3423 1926 ha-

1857 1980 2029 2035 beatis
2064 1986 2117 2033 et
2146 1977 2354 2033 tardius
2386 1973 2753 2048 baptizeznini.
2800 1971 2892 2027 llis
2916 1970 3074 2023 dictis
3103 1982 3225 2022 cum
3260 1966 3409 2019 bene-

1855 2070 2105 2135 dixisset,
2143 2069 2324 2123 cibum
2358 2067 2609 2135 sumpsit.
2648 2064 2713 2119 Et
2744 2073 2867 2136 post
2908 2064 3021 2116 haec
3063 2074 3185 2113 cum
3222 2057 3423 2129 gratias

1824 2160 1827 2161 ⁷
1856 2164 2059 2235 egisset
2094 2160 2221 2225 Deo,
2249 2161 2529 2230 ingressus
2580 2156 2807 2227 quievit,
2861 2153 3109 2209 similiter
3144 2160 3321 2203 autem
3370 2156 3423 2201 et

1855 2266 1956 2307 nos
1986 2264 2195 2315 omnes,
2222 2257 2339 2304 erat
2368 2250 2509 2302 enim
2531 2247 2644 2317 jam
2674 2262 2801 2299 nox.

254 2376 343 2457 'f‘l
376 2378 499 2457 _C_or.
535 2397 589 2443 x,
614 2380 703 2457 20.
782 2383 827 2457 τι
852 2382 983 2450 Quae
1006 2394 1307 2457 sequuntur
1336 2386 1599 2440 voeabula
1629 2402 1806 2457 usque
1832 2386 2085 2457 adfinem
2136 2386 2299 2457 hujus
2350 2400 2474 2457 cap.
2504 2383 2701 2456 desunt
2761 2383 2817 2435 in
2848 2376 3013 2434 codd.
3034 2378 3183 2449 Lips.
3219 2377 3417 2432 omnia.

176 2445 229 2475 ⁷⁸
274 2444 339 2500 Et
371 2450 754 2507 ideo—crimen
784 2444 1048 2509 incurrere
1079 2444 1184 2511 nou
1209 2456 1560 2511 inveniuntur
1590 2458 1645 2510 in
1676 2444 1832 2513 codd.
1864 2452 2014 2525 Lips.

186 2600 3063 2625 WW—

3068 2613 3369 2631 *ι’-..η

1302 2726 1661 2816 LIBER
1733 2724 2294 2815 TERTIUS.

260 3035 300 3088 Ι.
344 3032 546 3087 Interea
595 3032 785 3089 Petrus
820 3036 1083 3105 gallorum
1122 3034 1372 3104 cantibus
1419 3051 1649 3106 surgens
1696 3042 1749 3089 et
1776 3039 1818 3098 ο
1852 3038 2109 3100 rumpant
2138 3036 2191 3085 et
2221 3030 2443 3099 fatigent
2474 3030 2857 3100 praedicatores
2882 3028 3025 3083 verbi
3057 3028 3172 3084 Dei.
3200 3028 3424 3101 Propter

176 3126 421 3180 excitare
468 3142 565 3181 nos
601 3126 782 3179 volens
834 3126 1042 3180 invenit
1087 3127 1393 3195 vigilantes,
1442 3125 1752 3193 vespertino

178 3220 363 3272 adhuc
392 3218 591 3272 lumine
622 3219 968 3287 perdurantc,
1001 3233 1230 3286 cumque
1260 3232 1323 3271 ex
1374 3232 1522 3270 more
1549 3217 1753 3271 saluta-

179 3312 353 3365 vissct
380 3320 431 3364 et
470 3310 867 3365 resedissemus
898 3323 1108 3371 omnes,
1150 3312 1221 3362 ita
1249 3325 1478 3363 exorsus
1501 3316 1584 3365 est
1618 3329 1629 3363 :
1658 3307 1753 3361 Ni-

180 3401 260 3455 liil
306 3410 388 3454 est
426 3402 729 3465 dillieilius,
778 3401 975 3457 fratres
1026 3403 1151 3463 mei,
1196 3417 1357 3471 quam
1410 3402 1474 3467 de
1524 3399 1752 3455 velitate

178 3492 327 3561 apud
362 3492 603 3562 permisti
636 3492 816 3562 populi
844 3490 1246 3546 multitudincm
1273 3493 1574 3562 diSputare.
1598 3492 1752 3558 Quod

176 3584 330 3638 enim
369 3590 471 3647 est,
506 3583 760 3637 omnibus
808 3590 865 3635 ut
915 3588 1001 3637 est
1046 3582 1151 3636 diei
1200 3597 1308 3637 non
1356 3582 1501 3648 licet,
1534 3593 1754 3653 propter

177 3690 279 3729 eos
307 3673 396 3743 qui
428 3673 662 3743 maligne
709 3681 761 3727 et
796 3673 1056 3728 insidiose
1101 3674 1357 3740 audiunt;
1396 3673 1582 3731 fallere
1625 3690 1754 3730 vero

181 3780 293 3818 non
310 3765 521 3833 expedit
548 3772 768 3833 propter
780 3779 873 3818 eos
890 3764 981 3833 qui
1006 3764 1216 3819 sincere
1240 3762 1754 3819 audire’desiderant

179 3856 485 3909 veritatem.
518 3854 657 3919 Quid
721 3869 849 3925 ergo
898 3853 1057 3909 faciet
1116 3854 1203 3908 cui
1270 3855 1335 3908 ad
1398 3854 1752 3911 indiscretum

178 3946 441 4017 populum
473 3960 650 4000 sermo
679 3952 795 4012 est;
828 3946 1058 4001 oceultet
1108 3945 1252 4015 quod
1297 3962 1485 4001 verum
1534 3948 1651 4003 est?
1688 3947 1753 4001 Et

180 4035 456 4105 quomodo
484 4036 713 4090 instruet
734 4050 828 4091 eos
854 4037 945 4105 qui
972 4035 1119 4105 digni
1147 4038 1310 4089 sunt?
1340 4034 1443 4091 Sed
1476 4038 1519 4091 si
1548 4052 1751 4093 meram

182 4125 427 4196 proferat
469 4128 749 4182 veritatem
799 4126 884 4182 his
914 4128 1007 4198 qui
1051 4127 1297 4182 salutem'
1331 4132 1589 4199 consequi
1642 4146 1752 4185 non

180 4216 519 4283 desiderant,
546 4217 626 4280 illi
656 4232 685 4271 a
715 4233 823 4289 quo
870 4221 1072 4274 missus
1105 4230 1188 4275 est
1238 4222 1489 4289 injuriam
1537 4222 1687 4285 facit,
1724 4237 1752 4275 a

182 4324 296 4377 quo
350 4317 402 4363 ct
446 4309 757 4365 mandatum
817 4313 1056 4381 accepit,
1114 4328 1181 4368 ne
1230 4316 1409 4367 mittat
1461 4314 1748 4369 verborum

1853 3121 1999 3193 quod
2026 3131 2079 3176 et
2103 3136 2201 3192 ego
2231 3125 2283 3175 in
2310 3120 2555 3191 plurimis
2580 3121 2808 3176 circuitu
2835 3122 3064 3191 quodam
3092 3123 3237 3175 verbi
3270 3134 3422 3177 utens

1852 3222 2062 3271 tentare
2095 3214 2328 3279 nitebar,
2363 3230 2427 3269 ne
2460 3213 2821 3284 principalem
2856 3213 2921 3265 de
2965 3228 3171 3267 summa
3220 3212 3423 3267 Divini-

1850 3314 1959 3361 tate
1997 3306 2409 3375 intelligentiam
2458 3307 2636 3358 minus
2687 3304 2866 3371 dignis
2910 3305 3130 3358 auribus
3180 3306 3424 3373 publiea-

1851 3414 1991 3459 rem.
2025 3397 2089 3452 Et
2117 3406 2239 3469 post
2269 3398 2382 3451 haec
2416 3397 2679 3466 incipiens
2710 3398 2819 3467 (80)
2852 3398 2916 3449 de
2944 3398 3099 3451 Patre
3128 3403 3181 3450 et
3214 3395 3347 3450 Filio
3370 3405 3423 3451 et

1854 3490 2061 3562 Spiritu
2096 3498 2306 3553 sancto,
2328 3490 2563 3544 breviter
2588 3490 2745 3543 nobis
2775 3498 2825 3542 et
2856 3488 3131 3542 evidenter
3152 3492 3420 3559 exposuit,

1852 3589 1913 3636 ut
1952 3566 2141 3638 omnes
2184 3582 2465 3637 audientes
2515 3581 2838 3635 miraremur
2856 3582 3126 3649 quomodo
3151 3582 3418 3648 homines,

1852 3672 2110 3731 derelicta
2142 3674 2385 3737 veritate,
2408 3673 2655 3727 conversi
2678 3680 2803 3725 sunt
2837 3672 2898 3725 ad
2930 3673 3240 3726 vanitatem.

1924 3762 1989 3819 II.’
2034 3763 2179 3836 [Ilaec
2215 3763 2370 3818 Petro
2418 3764 2629 3818 dicente
2659 3764 2701 3793 ⁷⁷
2732 3764 2842 3833 (Si)
2876 3762 3066 3832 Aquila
3113 3764 3225 3816 ait:
3258 3763 3422 3817 Recte

1853 3855 2059 3921 dixisti,
2093 3864 2376 3927 propterea
2428 3856 2583 3910 nobis
2635 3856 2802 3909 dicito
2845 3870 2965 3923 qua:
3000 3856 3243 3909 veritatis
3293 3862 3422 3909 sunt

1854 3950 2093 4021 propria.
2138 3948 2203 4003 Et
2252 3942 2491 4003 Petrus:
2534 3948 2604 4002 De
2651 3949 2849 4018 quibus
2880 3949 3046 4001 vultis
3093 3948 3421 4017 interrogate

1854 4058 1958 4098 me.
1992 4042 2055 4095 Et
2095 4042 2287 4112 Aquila
2324 4042 2435 4096 ait:
2474 4041 2543 4096 De
2576 4042 2843 4111 principio
2882 4052 2931 4096 et
2978 4042 3257 4111 principiis
3300 4058 3424 4095 ver-

1853 4134 1982 4188 bum
2026 4132 2268 4202 disputa,
2316 4140 2367 4187 et
2416 4132 2482 4187 de
2531 4146 2595 4186 eo
2643 4133 2783 4203 quod
2840 4133 3184 4200 reprelii-ndit
3234 4132 3421 4185 Simon

1854 4227 2011 4295 quasi
2044 4225 2427 4279 inconveniens
2451 4265 2463 4287 ,
2500 4222 2693 4277 Filium
2730 4222 2820 4279 Dei
2861 4224 2967 4276 dici
3004 4224 3318 4289 Christum,
3356 4239 3422 4277 ne

1858 4318 2055 4373 similia
2105 4316 2527 4389 plantationibus
2573 4324 2625 4370 et
2686 4317 2897 4371 caeteris
2946 4316 3256 4369 inanimatis
3310 4317 3419 4384 pati

180 4400 304 4469 ejus
333 4402 655 4471 margaritas
686 4413 809 4459 ante
839 4420 1033 4474 porcos
1068 4414 1123 4460 et
1146 4420 1310 4491 panes
1337 4406 1401 4467 ⁷⁸,
1431 4405 1523 4476 qui
1561 4407 1751 4461 adver-
1784 4392 1826 4448 D
1855 4408 2105 4463 videatur
2156 4408 2315 4463 Deus.
2358 4406 2551 4461 Petrus
2611 4414 2789 4461 autem
2844 4406 3029 4460 videns
3077 4422 3264 4460 omnes
3319 4408 3421 4459 hoc

182 4507 307 4548 sum
337 4507 428 4545 eas
457 4496 793 4565 argumentis
824 4511 885 4549 ac
906 4497 1337 4567 sophismatibus
1388 4499 1744 4563 reluctantes,

181 4586 333 4655 ipsas
362 4585 578 4654 quidem
608 4600 766 4640 emno
790 4587 1157 4660 intelligentia:
1182 4590 1417 4644 carnalis
1445 4589 1742 4657 involvunt,

184 4677 470 4755 latratibus
516 4684 693 4732 autem
741 4679 855 4734 suis
902 4688 956 4735 et
1011 4682 1457 4750 responsionibus
1507 4682 1744 4739 sordidis

1854 4502 2033 4571 ipsum
2067 4501 2307 4555 volentes
2337 4499 2547 4566 audire,
2586 4513 2798 4554 omnem
2846 4498 3107 4553 rationem
3155 4499 3224 4552 ita
3256 4514 3422 4568 expo-

1850 4592 1959 4647 suit
1987 4611 1999 4647 :

1926 4683 2009 4738 ΙΙΙ.
2056 4683 2313 4753 Principii
2364 4696 2560 4737 nomen
2607 4679 2718 4751 (82)
2761 4680 2813 4733 in
2862 4678 3047 4733 multis
3088 4688 3138 4733 et
3191 4679 3422 4733 diversis

262 4814 273 4867 j
342 4789 528 4867 Matth.
574 4808 663 4852 vn,
702 4790 754 4845 6.
830 4792 875 4823 ⁷⁷
904 4782 1011 4867 Ista
1043 4809 1161 4862 quze
1192 4802 1493 4867 sequuntur
1518 4813 1691 4867 usque
1721 4797 1784 4851 ad
1815 4798 1972 4852 linem
2005 4814 2122 4867 cap.
2156 4797 2241 4857 12,
2274 4813 2325 4849 in
2378 4797 2500 4849 cod.
2534 4810 2667 4849 mss.
2694 4794 2965 4867 plerisque
2991 4794 3178 4867 iisdem
3205 4796 3421 4863 optinue

184 4866 329 4914 notae
364 4860 577 4936 desunt,
628 4868 681 4936 et
727 4870 937 4936 tantum
986 4860 1187 4936 habent
1218 4860 1313 4936 vel
1350 4860 1695 4923 obscuritatis
1728 4869 1809 4923 vel
1853 4860 2086 4924 erroris'
2116 4875 2175 4922 ut
2224 4868 2408 4936 spuria
2440 4880 2501 4920 ea
2530 4880 2652 4919 esse
2684 4860 2736 4919 et
2775 4865 2842 4918 ab
2876 4860 3128 4919 liazretieo
3183 4860 3418 4933 quodam

184 4933 502 4985 recentioris
521 4935 694 4987 anatis
727 4934 935 4988 intrusa
962 4949 1068 4988 non
1101 4934 1430 4992 dubitemus.

1478 5048 1839 5106 COTELERII
1875 5048 2105 5106 NOTAE.

256 5158 371 5231 (80)
406 5154 468 5211 Et
510 5168 624 5227 post
669 5158 777 5215 lucc
808 5161 1128 5231 incipiens...
1178 5163 1244 5216 ad
1284 5164 1584 5217 vanitatem.
1632 5163 1756 5219 Iltcc

185 5228 444 5303 periodus
462 5236 647 5303 gsstat
669 5230 720 5284 in
750 5228 1091 5303 libris'editis
1118 5244 1168 5287 et
1198 5234 1253 5287 in
1287 5250 1389 5289 ms.
1418 5231 1547 5303 Reg.
1569 5243 1665 5298 ;.at
1696 5237 1749 5291 in

188 5296 350 5421 ἓξὲξ).
378 5307 431 5353 et
461 5296 565 5356 Th.
592 5300 925 5356 transfertur
952 5302 1017 5356 ad
1051 5302 1207 5357 linem
1234 5318 1352 5374 cap.
1384 5304 1471 5369 ll,
1498 5296 1594 5359 ubi
1624 5320 1745 5361 eam

185 5384 329 5423 νιαε.

263 5436 372 5508 (8i)
408 5436 533 5492 Hice
569 5432 724 5492 Petro
752 5440 973 5495 dicente.
998 5441 1178 5495 Codex
1202 5443 1626 5499 Candelerianus
1652 5445 1753 5499 hoc

187 5516 351 5587 gaput
377 5518 432 5587 et
462 5509 743 5587 sequentia
776 5513 1265 5587 novem_conti_ne_t,
1290 5514 1745 5587 quemadmodum

190 5575 599 5633 Sorbonicuset
624 5578 881 5635 Tliuanus
909 5598 920 5631 :
954 5575 1333 5639 Carmeliticus
1369 5593 1544 5637 autem
1577 5595 1629 5639 et
1660 5586 1749 5641 ille

193 5644 528 5723 PetriPetiti
552 5646 716 5723 Regio
740 5652 943 5723 similes
967 5661 1114 5716 sunt,
1148 5653 1405 5723 librisque
1439 5655 1739 5723 impressis.

190 5713 300 5792 Nec
330 5717 574 5792 dubium,
613 5713 743 5792 q'uin
790 5721 857 5792 ad
894 5721 981 5774 illa
1024 5713 1334 5792 pertineant.
1360 5740 1479 5792 quae
1515 5713 1744 5781 Rufinus

192 5785 439 5865 abstulit.
474 5788 547 5865 de
568 5785 805 5865 ingenito
822 5791 933 5845 Det
966 5785 1257 5865 ge'iiitoque
1283 5785 1536 5865 disserta,
1569 5796 1634 5851 de
1659 5793 1749 5849 Fi-

194 5856 267 5912 lio
286 5866 487 5923 creato,
516 5858 583 5914 de
611 5856 729 5918 aliis
773 5866 1045 5917 nonnullis
1066 5905 1079 5929 ,
1120 5856 1422 5933 periculosa
1449 5906 1462 5931 ,
1494 5856 1748 5931 obscura,

1864 5166 2074 5219 intrusa
2108 5205 2122 5229 ,
2172 5162 2543 5230 Eunomiana;
2594 5179 2821 5231 qumque
2859 5173 3071 5217 veteres
3116 5162 3418 5221 Ebionitica

1858 5243 2214 5305 censuerunt,
2247 5233 2465 5297 Ariana,
2502 5244 2554 5287 et
2584 5234 2847 5287 addititia.
2884 5232 3077 5287 Nescio
3108 5236 3231 5301 quis
3258 5238 3419 5305 igitur

1856 5305 2001 5375 quod
2036 5320 2065 5358 τι
2111 5303 2307 5357 Rulino
2349 5307 2775 5375 praetermissum
2818 5304 3014 5375 fuerat,
3050 5306 3150 5358 sibi
3185 5303 3418 5374 sumpsit

1858 5372 1917 5429 iit
1953 5378 2419 5446 interpretaretur.
2466 5372 2597 5428 Vide
2621 5372 3138 5446 Clementinamom.
3180 5376 3265 5439 16,
3296 5372 3417 5446 cap.

1860 5446 1944 5501 16.
1979 5444 2082 5499 Ista
2108 5460 2230 5498 vero
2257 5460 2425 5512 usque
2458 5446 2521 5498 ad
2551 5459 2670 5513 cap.
2702 5443 2999 5515 lidesunt
3026 5445 3077 5515 iii
3104 5443 3414 5515 impressis:

1852 5515 2135 5584 desumpta
2162 5522 2339 5569 autem
2363 5523 2488 5569 sunt
2516 5530 2579 5569 ex
2612 5512 2733 5568 eod.
2769 5512 2927 5567 Sorb.
2958 5524 3011 5568 et
3034 5514 3133 5569 Th.

1929 5583 2329 5655 (82)’Priii;ipii
2360 5602 2565 5655 nomen,
2601 5594 2706 5639 etc.
2738 5585 2794 5637 ln
2824 5600 2995 5653 marg.
3039 5600 3143 5640 ms.
3174 5583 3274 5639 Th.
3303 5586 3417 5639 lucc

1854 5656 2147 5726 leguntur»:
2179 5654 2347 5726 Caute,
2375 5654 2469 5725 legi
2521 5664 2717 5726 Oportet
2748 5654 2882 5707 hanc
2914 5656 3227 5723 scripturam
3250 5697 3262 5717 ,
3295 5660 3415 5726 quia

1850 5724 2192 5780 uenientibus
2223 5725 2377 5792 facile
2424 5724 2577 5779 error
2604 5725 2877 5795 subrepere
2916 5732 3099 5793 potest.
3151 5724 3319 5795 Usque
3348 5728 3415 5781 ad

1856 5796 2028 5850 simile
2050 5796 2255 5865 signum
2296 5796 2457 5867 legere
2483 5796 2611 5851 noli.
2642 5794 2761 5851 Vid.
2794 5794 2933 5851 infra
2962 5804 3141 5851 notam
3173 5794 3416 5867 ejusdem

1859 5866 1977 5920 cod.
2008 5866 2074 5920 ad
2104 5880 2222 5920 can.
2256 5866 2339 5919 ‘29.

1859 5880 1977 5921 eoa.
2008 5880 2074 5921 au
2104 5880 2222 5937 cap.
2256 5880 2339 5919 η.
