4066 6334
655 410 798 469 £285

1523 407 1584 467 S.
1624 406 2017 465 tILEHENTIS
2050 404 2073 462 l
2107 406 2271 465 ROM.
2314 406 2515 464 PONT.
2553 404 2783 464 OPERA
2812 404 3043 462 DUBlA.

3756 402 3893 461 1286

652 530 1002 595 nuncupatur
1032 522 1217 590 rebus,
1244 521 1597 577 sensibilibus
1629 525 1838 578 scilicet
1865 531 1920 577 et
1965 524 2220 594 intelligi-
2250 526 2297 585 Α
2324 520 2522 590 gnum?
2570 520 2751 575 Audes
2804 529 2981 574 autem
3034 518 3236 572 factum
3285 515 3467 571 dicere
3514 530 3544 570 a
3597 516 3895 587 semetipso

652 612 875 669 bilibus.
912 614 1015 668 Sed
1049 630 1117 669 ne
1154 623 1277 669 ante
1308 614 1739 683 experimentum
1773 614 2111 669 sensibilium
2156 615 2223 669 ad

656 694 1016 775 intelligibilia
1048 705 1322 759 declinare
1352 705 1650 767 videamur,
1682 703 1833 759 decet
1869 705 2043 774 primo
2084 718 2115 757 a
2138 706 2223 758 vi-

654 796 910 849 sibilibus
942 796 1199 865 incipere,
1236 802 1293 847 ut
1324 796 1391 848 de
1436 795 1685 865 proximo
1728 804 2005 850 sumentes
2044 810 2226 850 exem-

654 883 801 952 plum
837 884 1031 937 iterum
1080 882 1145 936 ad
1188 884 1604 953 intelligibilium
1650 884 1929 939 veniamus
1980 898 2227 954 compre-

654 974 997 1029 hensionem.
1029 973 1149 1039 Quo
1176 974 1338 1028 modo
1386 974 1468 1028 sol
1500 974 1648 1029 verbi
1692 977 1865 1045 gratia
1912 975 1969 1031 in
2016 976 2223 1047 princi-

654 1065 803 1133 pium
849 1063 930 1117 vel
976 1062 1339 1133 principatum
1391 1064 1497 1118 diei
1545 1066 1875 1119 constitutus
1920 1072 2043 1129 est,
2093 1066 2223 1120 luna

654 1171 782 1209 vero
812 1172 843 1211 e
872 1156 1149 1210 contrario
1183 1148 1360 1211 noctis
1388 1156 1469 1222 ης
1500 1157 1612 1211 haec
1656 1167 1837 1213 autem
1863 1169 1920 1213 ut
1949 1157 2226 1230 principa-

653 1254 767 1300 tum
813 1255 1003 1317 gerant
1031 1248 1330 1301 constituta
1361 1257 1507 1310 sunt,
1547 1265 1575 1302 a
1598 1264 1709 1319 quo
1752 1251 1913 1305 etiam
1951 1258 2009 1305 ut
2038 1258 2224 1307 essent

652 1334 709 1389 in
741 1336 1010 1406 principio
1032 1328 1379 1407 acceperunt.
1411 1337 1516 1403 Qui
1544 1348 1721 1393 autem
1750 1338 1865 1394 haec
1894 1341 2220 1411 composuit,

647 1426 851 1486 caelum
883 1433 937 1480 et
964 1434 1169 1482 terram
1198 1429 1351 1499 prius
1378 1429 1642 1495 condidit,
1670 1438 1863 1500 praeter
1901 1431 2013 1485 haec
2040 1439 2221 1486 autem

648 1516 935 1571 terrestria
964 1526 1017 1571 et
1052 1518 1317 1587 inaquosa
1350 1526 1404 1586 et
1432 1519 1674 1575 volatilia
1704 1522 1957 1577 animalia
2000 1536 2224 1593 compo-

648 1607 785 1672 suit,
815 1608 1041 1663 arbores
1066 1625 1285 1680 quoque
1325 1617 1379 1665 et
1409 1610 1605 1666 herbas
1644 1618 1700 1667 et
1740 1619 1863 1682 post
1903 1590 2026 1667 haec.
2048 1590 2223 1666 homi-

649 1693 797 1764 nem,
822 1716 932 1757 non
956 1710 1015 1756 ut
1043 1713 1228 1759 essent
1250 1706 1364 1760 hac
1384 1712 1593 1759 tantum
1620 1698 1943 1775 principium
1975 1718 2218 1767 sumens,

650 1793 748 1848 sed
776 1794 942 1848 etiam
992 1803 1053 1848 ut
1098 1796 1342 1851 viverent
1396 1798 1693 1853 secundum
1740 1796 2053 1850 mandatum
2100 1794 2217 1851 Dei.

651 1876 730 1931 Ita
760 1894 891 1949 ergo
936 1882 1104 1935 multa
1152 1883 1371 1952 quidem
1416 1890 1645 1953 possunt
1683 1898 1807 1938 esse
1852 1884 2139 1954 principia,
2170 1882 2220 1939 ei
2252 1860 2293 1915 Β

650 1977 836 2026 autem
865 1972 959 2041 qui
991 1980 1097 2037 est,
1128 1974 1397 2045 principia
1444 1989 1552 2029 non
1576 1982 1722 2029 sunt.
1757 1970 1935 2029 Unum
1966 1983 2050 2030 est
2080 1975 2225 2029 enim

649 2059 981 2131 principium
1010 2070 1065 2116 et
1096 2077 1262 2116 unum
1294 2062 1413 2119 sine
1436 2063 1699 2133 principio
1729 2064 2077 2134 principium,
2104 2077 2227 2132 qua:

653 2152 837 2207 autem
864 2162 989 2223 post
1017 2152 1134 2209 hac
1175 2161 1325 2219 sunt,
1354 2155 1578 2211 abusive
1622 2152 1878 2211 dicuntur
1906 2156 1976 2219 (si
2006 2154 2226 2227 quidem

652 2241 952 2316 dicuntur)
998 2245 1287 2316 principia.
1343 2243 1688 2303 Praeveniens
1742 2255 1920 2302 autem
1974 2246 2202 2315 exposui

651 2347 874 2390 causam
901 2334 1065 2403 hujus
1095 2335 1348 2406 ampli,
1366 2350 1397 2390 a
1432 2337 1787 2393 sensibilibus
1821 2337 2030 2392 scilicet
2050 2337 2119 2391 ad
2144 2336 2229 2389 in-

652 2421 980 2491 telligihilia,
993 2430 1055 2476 ut
1069 2422 1171 2477 hac
1191 2424 1277 2477 via
1307 2425 1391 2479 usi
1414 2423 1623 2480 ﬁrmam
1645 2434 1699 2481 et
1719 2432 1923 2482 certam
1944 2425 2012 2481 de
2029 2427 2229 2484 intelli-

652 2513 901 2586 gihilium
913 2512 1205 2569 traditione
1213 2515 1591 2585 possideamus
1606 2517 1912 2575 tuitionem.
1930 2516 2059 2574 Sine
2072 2519 2226 2589 prin-

646 2604 798 2674 cipio
830 2620 961 2676 ergo
988 2604 1223 2663 dicimus
1248 2605 1418 2663 Deum
1454 2608 1713 2665 ined'abili
1755 2611 2095 2689 providentia
2129 2612 2227 2669 de-

653 2701 1017 2759 monstrante,
1039 2695 1133 2764 qui
1153 2709 1265 2749 non
1296 2708 1326 2749 a
1343 2710 1403 2751 se
1422 2696 1540 2768 ipso
1558 2697 1737 2754 factus
1749 2706 1834 2753 est
1848 2713 1957 2754 nec
1973 2713 2003 2753 a
2030 2712 2092 2754 se
2108 2698 2227 2770 ipso

651 2784 900 2857 genitus;
918 2795 1001 2841 est
1016 2786 1160 2841 enim
1179 2786 1297 2842 sine
1324 2787 1593 2858 principio
1610 2795 1665 2843 et
1682 2788 1978 2859 ingenitus.
2000 2787 2227 2860 lngeniti

654 2887 834 2932 autem
867 2878 1158 2947 appellatio
1184 2893 1293 2933 non
1333 2880 1464 2949 quid
1488 2881 1579 2944 sit,
1604 2881 1761 2935 nobis
1782 2880 2084 2949 intelligere
2110 2881 2223 2945 dat,

652 2967 751 3023 sed
772 2968 1044 3038 quodnon
1061 2976 1149 3023 est
1168 2968 1375 3035 factus;
1406 2971 1755 3043 αὐτοπάτορα
1770 2986 1900 3026 vero
1918 2983 1973 3027 et
1999 2973 2225 3042 αὐτογέ-

652 3060 956 3137 meamhoc
983 3068 1069 3115 est
1090 3061 1266 3130 ipsum
1299 3060 1404 3117 sibi
1433 3060 1645 3116 Patrem
1676 3062 1965 3133 ipsumque
2001 3064 2106 3119 sibi
2135 3064 2226 3120 Fi-

654 3150 787 3208 litln
818 3151 1275 3253 qui-vocaverunt
1320 3152 1455 3207 illud
1497 3152 1657 3231 quod.
1680 3152 1998 3223 ingenitum,
2029 3165 2224 3213 contu—
2248 3187 2297 3253 ο

653 3244 871 3298 meliam
912 3242 1095 3298 facere
1124 3244 1304 3299 conati
1346 3251 1476 3300 sunt
1516 3244 1700 3301 dubiis
1730 3245 2102 3304 deservientes
2129 3265 2223 3305 ra-

650 3332 917 3391 tionibus.
962 3332 1211 3405 lndigere
1242 3334 1389 3390 enim
1433 3336 1717 3391 nativitate
1762 3336 1893 3391 illud
1925 3338 2070 3408 quod
2110 3350 2228 3396 erat

652 3428 974 3499 piusquam
1049 3434 1388 3493 nasceretur,
1432 3428 1781 3496 parvulon
1830 3444 1983 3484 more
2027 3430 2228 3487 intelli-

651 3524 845 3587 gentes
872 3525 1156 3587 putarunt,
1187 3524 1243 3571 et
1277 3517 1408 3572 illud
1438 3506 1585 3588 quod
1629 3517 1827 3584 fuerat,
1860 3534 1959 3590 pro
1987 3536 2053 3577 eo
2080 3523 2225 3592 quod

652 3606 819 3664 fuerit
848 3617 1133 3680 ponentes,
1160 3610 1320 3680 quasi
1364 3625 1459 3680 per
1482 3625 1545 3666 se
1582 3612 1761 3682 ipsum
1797 3611 1999 3667 factum
2043 3612 2228 3671 dicere

653 3700 866 3756 insania
917 3702 1282 3764 msaniernnt,
1324 3708 1380 3756 et
1428 3702 1855 3772 plantationibus
1885 3719 2227 3776 comparare

652 3791 789 3847 illud
822 3792 971 3863 quod
1006 3800 1092 3848 est
1131 3793 1451 3862 ingenitum,
1475 3804 1535 3854 ut
1572 3794 1887 3851 daemoniosi
1910 3797 2028 3852 ausi
2074 3806 2224 3854 sunt.

652 3882 782 3939 Bac
820 3894 1001 3940 auem
1032 3884 1231 3939 omnia
1272 3884 1329 3939 in
1379 3884 1652 3956 impietate
1697 3887 1993 3942 constituta
2032 3903 2227 3945 conse-

650 3984 910 4046 quentem
938 3974 1145 4029 habent
1176 3974 1556 4045 ignorantiam.
1602 3974 1723 4031 Noli
1750 3978 1897 4032 enim
1942 3978 2226 4036 intellexe-

652 4074 784 4121 runt
805 4065 910 4119 hoc
934 4065 1113 4135 ipsum
1136 4065 1380 4121 dicentes
1407 4074 1461 4122 et
1485 4066 1651 4124 fuisse
1666 4076 1721 4123 et
1735 4083 1845 4124 non
1863 4068 2057 4125 fuisse.
2077 4070 2224 4138 Qua-

651 4166 815 4216 tenus
848 4160 994 4215 enim
1034 4159 1242 4230 genuit,
1274 4158 1399 4222 fuit,
1431 4168 1702 4232 quatenus
1728 4176 1861 4219 vero
1900 4173 2086 4219 natum
2113 4172 2221 4229 est,

652 4268 765 4309 non
796 4252 919 4315 fuit,
961 4251 1081 4307 Non
1128 4252 1297 4308 fuisse
1334 4267 1466 4324 ergo
1512 4270 1637 4309 eum
1685 4263 1900 4312 constat
1950 4266 2223 4327 quatenus

652 4353 845 4402 natum
874 4356 981 4412 est,
1023 4345 1192 4401 fuisse
1212 4352 1396 4399 autem
1426 4362 1550 4402 eum
1580 4356 1799 4404 constat
1832 4359 2104 4420 quatenus
2129 4366 2225 4421 ge-

652 4437 795 4493 nuit.
839 4434 967 4491 Haec
1009 4443 1191 4491 autem
1241 4443 1473 4505 utraque
1522 4437 1705 4496 dicere
1753 4440 1913 4496 simul
1969 4440 2219 4497 eumdem

653 4527 1005 4593 sustinuisse,
1034 4542 1142 4581 non
1172 4529 1435 4596 permittit
1464 4531 1682 4599 pietatis
1708 4530 1994 4600 professio.

725 4614 815 4671 ιν.
858 4614 1063 4671 Deinde
1088 4616 1251 4671 etiam
1274 4632 1590 4675 communes
1612 4621 1972 4691 cogitationes
1992 4622 2225 4679 sollicite

651 4722 684 4760 a
717 4722 778 4762 sc
805 4707 1074 4775 repellunt
1108 4714 1315 4764 tantam
1347 4708 1768 4779 blasphemiam,
1798 4711 2021 4785 dignum
2055 4714 2225 4769 hono-

653 4813 769 4855 rem
797 4797 1040 4867 ingenito
1064 4797 1396 4855 deterentes.
1425 4798 1697 4866 Quidnam
1730 4794 1894 4873 igitur
1908 4804 2033 4873 quis
2056 4805 2224 4859 inter-

652 4894 878 4957 rogatus
903 4888 1051 4941 dicat
1070 4902 1262 4943 eorum
1292 4891 1385 4959 qui
1432 4892 1595 4962 impie
1634 4893 2077 4964 appellaverunt?
2119 4897 2223 4953 nisi

649 4980 779 5046 quia
811 4977 913 5032 fuit
944 4980 1259 5050 priusquam
1275 4986 1452 5049 esset,
1481 4983 1595 5054 ipse
1616 4985 1718 5039 sibi
1740 4982 1919 5049 Pater,
1947 4986 2042 5057 qui
2096 5002 2220 5044 esse

651 5068 844 5123 habuit
898 5078 1193 5139 antequam
1229 5070 1334 5126 sibi
1378 5082 1438 5127 ut
1474 5082 1621 5130 esset
1661 5076 2021 5145 praestitisset.
2052 5080 2219 5131 Αὐτο-

651 5158 843 5229 πάτωρ
876 5160 1269 5232 αιαύτογινής,
1296 5162 1401 5218 hoc
1429 5172 1515 5220 est
1546 5166 1664 5236 ipse
1693 5166 1800 5221 sibi
1825 5165 1983 5222 Pater
2022 5176 2077 5223 et
2105 5168 2222 5239 ipse

650 5249 755 5303 sibi
780 5248 972 5316 Filius,
991 5264 1100 5319 qua
1125 5251 1336 5307 ratione
1362 5252 1593 5320 dicatur,
1622 5260 1678 5309 et
1715 5269 1839 5309 cum
1868 5254 2087 5324 quidem
2114 5270 2222 5310 non

651 5340 849 5397 fuisset
891 5343 1040 5413 quod
1082 5351 1406 5411 esset,ante
1452 5355 1676 5402 exstans
1732 5345 2104 5417 intelligentia
2144 5346 2221 5401 si-

715 5499 764 5531 "
800 5498 1006 5567 Genfi,
1042 5499 1128 5559 l6.

1238 5501 1286 5535 "
1325 5499 1514 5556 Matth.
1550 5517 1607 5566 ι,
1646 5498 1739 5556 28.
1816 5498 1863 5531 '°
1900 5497 2096 5553 Matth.
2127 5513 2181 5563 v,
2210 5498 2302 5553 27.

2327 611 2457 665 illud
2486 612 2630 681 quod
2662 610 2969 665 inell‘ectum
2996 609 3113 663 est?
3137 605 3467 663 Putaverunt
3494 616 3677 662 autem
3707 607 3896 676 hujus-

2326 700 2470 755 modi
2499 716 2621 753 cum
2653 701 2940 771 disciplina
2966 715 3022 755 se
3059 700 3161 753 hoc
3183 699 3386 763 dicere,
3419 700 3561 755 sicut
3606 699 3767 760 ebrii.
3796 697 3893 767 qui

2326 792 2547 847 umbras
2593 806 2691 861 pro
2724 790 2894 845 foveis
2930 790 3264 845 existimant.
3297 787 3522 859 Propter
3571 786 3717 857 quod
3768 797 3896 841 ante

2325 884 2505 937 omnia
2543 889 2755 951 oportet
2796 896 2897 936 nos
2943 879 3327 934 immortalium
3377 878 3769 935 scrutationem
3812 876 3894 930 fa-

2326 973 2831 1041 cientesinciperea
2863 970 3161 1024 Dominicis
3190 968 3595 1032 traditionibus,
3622 966 3715 1020 ubi
3747 980 3896 1018 moro

2326 1062 2515 1115 talium
2544 1060 2911 1116 conditionem
2942 1060 3011 1114 ab
3040 1057 3440 1111 immortalibus
3482 1070 3763 1127 separatis,
3794 1054 3897 1108 do-

2324 1154 2547 1207 cuitnos
2571 1152 2808 1222 pericula
2830 1158 2885 1205 et
2908 1149 3237 1204 tentaliones
3260 1164 3432 1218 usque
3456 1148 3523 1202 ad
3551 1152 3724 1219 ipsam
3747 1162 3899 1202 mor-

2324 1251 2429 1297 tem
2455 1243 2728 1297 sustinere
2752 1247 2973 1311 propter
2993 1253 3142 1306 spem
3174 1238 3437 1293 bonorum
3460 1239 3637 1309 regni,
3667 1240 3894 1294 dicens:

2326 1330 2505 1387 Nolite
2534 1333 2713 1386 timere
2740 1348 2828 1385 eos
2854 1331 2943 1401 qui
2965 1328 3207 1383 occidunt
3237 1344 3443 1399 corpus,
3484 1331 3690 1383 animas
3718 1337 3898 1383 autem

2324 1441 2426 1479 non
2446 1435 2666 1493 possunt
2703 1424 2955 1484 occidere.
2990 1424 3162 1477 timete
3183 1433 3356 1476 autem
3386 1439 3500 1477 eum
3531 1425 3621 1492 qui
3645 1430 3818 1491 potest
3846 1431 3897 1476 et

2323 1532 2509 1585 corpus
2529 1526 2578 1569 et
2595 1518 2825 1569 animam
2844 1512 3057 1584 perdere
3098 1515 3151 1567 in
3184 1515 3467 1584 gehennam
3496 1515 3564 1569 ".
3591 1512 3658 1567 Et
3683 1529 3815 1568 vere
3852 1513 3899 1567 si

2323 1622 2431 1661 non
2461 1606 2819 1662 commoritur
2842 1608 3057 1677 corpori
3084 1606 3283 1670 anima,
3304 1621 3411 1659 non
3434 1606 3621 1675 utique
3634 1604 3899 1659 dividitur

2321 1712 2423 1752 nec
2464 1697 2611 1753 aliud
2632 1697 2834 1767 aliquid
2864 1696 3072 1767 patitur
3096 1697 3163 1752 de
3182 1696 3271 1752 his
3296 1711 3418 1766 qua:
3439 1696 3644 1767 patitur
3671 1709 3896 1765 corpus,

2322 1791 2471 1846 verbi
2501 1791 2669 1861 gratia
2686 1789 3038 1846 inﬂuxlonem
3060 1790 3145 1845 vel
3166 1788 3552 1853 deﬂuxionem,
3577 1788 3898 1843 tenuitatem

2327 1890 2423 1937 aut
2445 1881 2887 1945 crassitudinem,
2902 1881 3191 1937 sanitatem
3213 1878 3296 1934 vel
3315 1877 3706 1941 infirmitatem,
3726 1878 3901 1933 absci-

2327 1974 2535 2028 sionem
2566 1981 2659 2027 aut
2687 1971 3150 2040 conjunctionem.
3184 1968 3289 2025 Sed
3341 1976 3396 2025 et
3443 1971 3498 2024 in
3547 1969 3669 2040 ipsa
3717 1968 3897 2023 homi-

2326 2078 2457 2117 num
2490 2062 2869 2132 procreatione
2902 2061 3039 2117 nihil
3068 2060 3359 2116 committit
3386 2062 3563 2115 anima
3594 2061 3897 2117 secundum

2326 2152 2709 2220 defluxionem,
2726 2152 2820 2209 sed
2841 2153 2897 2207 in
2919 2153 3067 2208 omni
3086 2151 3305 2224 quidem
3332 2160 3481 2206 motu
3511 2160 3619 2207 stat
3647 2152 3900 2208 videlicet

2326 2244 2632 2299 substantia
2656 2244 3030 2308 immutabilis,
3046 2244 3263 2299 diverso
3290 2254 3469 2298 autem
3495 2252 3645 2299 motu
3665 2243 3733 2299 ad
3753 2240 3896 2299 aliud

2324 2343 2379 2392 et
2397 2334 2544 2389 aliud
2568 2350 2768 2405 corpus
2790 2336 2976 2390 incitat
3004 2336 3135 2406 pati.
3154 2333 3297 2389 Fluit
3317 2349 3448 2405 ergo
3467 2340 3522 2389 et
3544 2336 3755 2406 patitur
3770 2335 3899 2390 sub-

2326 2427 2653 2483 stantialiter
2679 2440 2900 2498 corpus,
2929 2427 3091 2483 sicuti
3120 2426 3493 2498 experimento
3519 2426 3892 2498 cognoscitur,

2327 2528 2449 2590 post
2471 2518 2619 2574 illam
2644 2524 2891 2574 natorum
2914 2518 3343 2589 coagulationem
3364 2516 3737 2579 exinanitione
3758 2517 3897 2574 uteri

2326 2609 2468 2665 facta
2495 2649 2509 2673 ,
2562 2616 2782 2681 propter
2819 2619 3156 2665 crementum
3210 2608 3435 2664 infantis
3478 2609 3808 2680 impellentis
3844 2618 3898 2665 et

2327 2698 2544 2771 impulsi
2572 2700 2719 2755 velut
2739 2698 2795 2753 in
2824 2698 3134 2763 luctamine,
3160 2699 3328 2755 verbo
3355 2688 3710 2755 Conditoris:
3739 2698 3895 2766 Quod

2273 2857 2279 2862 ,
2326 2790 2471 2845 enim
2506 2790 2849 2861 coagulatum
2867 2797 2951 2845 est
3006 2790 3227 2846 festinat
3270 2789 3493 2861 egredi;
3521 2790 3664 2859 quod
3712 2797 3897 2845 autem

2328 2880 2639 2950 roagulavit
2678 2880 2827 2950 cupit
2847 2895 3137 2951 exponere.
3160 2880 3338 2937 Causa
3355 2896 3483 2936 vero
3502 2884 3613 2935 haec
3635 2878 3900 2935 transfert

2327 2972 2476 3043 ipsas
2501 2970 2789 3041 passiones
2836 2971 2903 3025 ad
2929 2972 3332 3028 successionem
3354 2971 3595 3042 ejusdem
3621 2971 3725 3040 rei,
3751 2969 3899 3025 facta

2328 3070 2508 3120 autem
2540 3063 2795 3133 passione
2821 3077 3109 3119 commune
3150 3064 3452 3133 periculum
3496 3062 3694 3133 saepius
3728 3077 3900 3133 quam

2329 3153 2562 3224 speciale
2585 3153 2871 3225 contingit.

2399 3243 2466 3300 ν.
2501 3244 2607 3300 Sed
2636 3253 2691 3301 et
2714 3260 2875 3301 omne
2900 3244 3046 3315 quod
3076 3245 3241 3301 servit
3271 3245 3633 3301 muliebribus
3672 3245 3901 3303 deside-

2326 3336 2846 3408 riis,‘promovetur
2886 3345 2941 3391 et
2983 3336 3389 3407 praemeditatur
3432 3340 3758 3395 naturaliter
3802 3357 3891 3398 se-

2324 3428 2579 3483 cundum
2611 3425 3051 3497 uniuscujusque
3088 3434 3335 3493 atatem,
3361 3429 3512 3483 verbi
3542 3443 3708 3485 causa
3738 3424 3898 3486 alitér

2326 3535 2485 3590 puer,
2509 3520 2669 3575 aliter
2688 3534 2820 3575 vero
2849 3518 3196 3584 adolescens,
3231 3520 3390 3575 aliter
3418 3527 3601 3575 autem
3630 3521 3734 3577 vir.
3757 3520 3897 3577 Nam

2326 3612 2509 3668 infans
2537 3611 2757 3682 quidem
2787 3611 2843 3666 in
2871 3610 3074 3667 virtute
3095 3611 3258 3667 habet
3280 3610 3474 3666 horum
3496 3613 3897 3682 operationem,

2324 3702 2570 3759 nondum
2604 3708 2788 3756 autem
2830 3700 2888 3755 in
2918 3701 3122 3756 virtute
3151 3700 3315 3756 habet
3345 3702 3511 3755 etiam
3551 3704 3747 3757 anima
3778 3718 3902 3758 mo-

2326 3803 2453 3861 tus;
2498 3793 2816 3849 adolescens
2858 3806 2991 3846 vero
3018 3799 3241 3863 paratus
3274 3791 3495 3862 quidem
3546 3791 3613 3846 ad
3650 3791 3899 3848 destina-

2323 3892 2475 3949 tum,
2525 3883 2769 3939 nondum
2812 3882 3307 3953 vero‘digestionis
3356 3882 3521 3950 habet
3567 3898 3762 3948 usum;
3809 3885 3900 3940 vir

2324 3984 2507 4033 autem
2537 3976 2863 4047 conspirans
2886 3976 3128 4045 possidet
3154 3974 3504 4047 perfectionis
3528 3976 3892 4045 propositum.

2324 4067 2391 4122 Et
2422 4082 2532 4122 non
2573 4084 2640 4123 ex
2691 4068 2804 4123 illis
2854 4070 2989 4124 solis
3036 4067 3328 4123 dicendum
3371 4077 3487 4131 cst,
3519 4069 3760 4123 animam
3790 4069 3896 4123 im.

2325 4159 2609 4213 mortalem
2634 4198 2651 4223 ,
2683 4174 2885 4231 corpus
2927 4173 3059 4215 vero
3105 4158 3279 4214 ﬂuens
3301 4197 3318 4223 ,
3365 4159 3457 4215 sal
3489 4158 3657 4213 etiam
3678 4174 3748 4214 ex
3770 4158 3892 4222 bis,

2324 4265 2445 4318 quae
2469 4248 2537 4303 ad
2558 4264 2679 4305 eam
2699 4258 2954 4306 constant
2972 4251 3029 4305 in
3056 4264 3397 4306 communem
3423 4264 3714 4320 personam
3743 4264 3893 4304 man-

2324 4340 2491 4405 datis,
2522 4354 2646 4410 quaa
2677 4342 2752 4394 ait
2779 4338 3046 4395 Dominus
3071 4359 3086 4395 :
3115 4338 3328 4393 Dictum
3350 4349 3426 4393 est
3451 4339 3681 4409 antiquis
3713 4354 3733 4392 :
3769 4337 3890 4393 Non

2326 4428 2692 4493 mchaberis;
2719 4446 2812 4498 ego
2840 4439 3014 4483 autem
3034 4429 3152 4483 dico
3178 4445 3195 4483 :
3223 4428 3333 4483 Nec
3354 4431 3409 4483 in
3433 4439 3701 4496 aspectum
3744 4429 3888 4483 dui-

2252 4531 2295 4587 ο
2324 4519 2471 4573 deria
2497 4521 2688 4575 servies
2712 4521 2780 4585 ⁸⁸,
2813 4521 2979 4576 nimis
3007 4528 3168 4575 caute
3208 4520 3457 4589 loquens.
3502 4518 3559 4575 Si
3586 4520 3738 4575 enim
3764 4534 3892 4575 cor-

2323 4624 2427 4679 pus
2452 4610 2775 4665 naturaliter
2804 4610 3102 4681 obligatum
3141 4616 3226 4665 est
3264 4609 3515 4665 femineis
3550 4610 3893 4666 commistio-

2323 4701 2508 4764 nibus,
2542 4702 2716 4772 magis
2738 4711 2917 4756 autem
2951 4703 3425 4757 servirecoactum
3457 4700 3543 4755 bis
3573 4716 3695 4772 qua
3729 4716 3891 4757 acce-

2325 4799 2402 4867 pit
2419 4837 2445 4865 ,,
2467 4804 2527 4851 ut
2557 4804 2703 4852 esset
2728 4804 2783 4850 et
2813 4796 2868 4850 in
2897 4796 3179 4851 schemate
3196 4794 3309 4865 (83)
3339 4794 3563 4849 haberet
3583 4833 3597 4857 ,
3641 4794 3790 4864 quod
3835 4802 3892 4851 et

2324 4890 2623 4960 principale
2666 4897 2753 4945 est
2799 4888 3038 4943 carnalis
3082 4886 3475 4958 procreationis
3500 4925 3516 4950 ,
3569 4900 3679 4957 quo
3723 4886 3891 4942 modo

2321 4980 2447 5052 quis
2477 4982 2791 5051 suspicetur
2811 4980 3033 5049 corpori
3059 4994 3185 5035 esse
3212 4978 3418 5033 dictum
3452 4998 3465 5033 :
3500 4977 3626 5031 Non
3656 4977 3891 5032 macha-

2322 5075 2481 5137 beris,
2519 5090 2613 5143 ego
2660 5083 2836 5127 autem
2866 5072 2988 5127 dico
3018 5088 3108 5127 nec
3142 5071 3403 5127 desiderio
3431 5070 3644 5137 servies,
3677 5078 3734 5125 et
3776 5086 3890 5128 non

2321 5164 2504 5236 potius
2534 5164 2607 5229 ei,
2641 5178 2763 5234 quae
2786 5163 2955 5220 libera
2985 5172 3071 5220 est
3094 5162 3422 5226 substantia,
3448 5162 3642 5215 talium
3673 5162 3891 5233 passio-

2324 5271 2456 5310 num
2486 5262 2807 5325 potestatein
2835 5254 3045 5311 habens
3070 5255 3257 5310 laxare
3291 5253 3373 5309 vel
3396 5250 3673 5325 refrenare
3695 5266 3890 5308 secun-

2325 5346 2455 5402 dum
2483 5349 2856 5417 operationem
2890 5362 3113 5417 corpus,
3142 5344 3233 5401 bic
3265 5343 3508 5401 melioris
3543 5343 3623 5399 rei
3653 5341 3884 5399 manda—

1949 5654 2315 5713 COTELERII
2347 5618 2576 5712 ΝοτΑέ.

721 5797 840 5871 (83)
874 5799 938 5853 In
968 5799 1245 5855 schemate.
1289 5798 1347 5856 ld
1381 5808 1466 5857 est
1522 5798 1578 5854 in
1614 5812 1765 5856 sexu.
1807 5795 1942 5854 Vide
1972 5795 2208 5853 Constit.
2239 5811 2315 5863 vi,
2341 5796 2426 5850 lt.
2453 5792 2599 5848 Infra
2625 5808 2746 5863 cap.
2767 5792 2821 5848 8.
