4050 6336
131 396 294 456 1285

1326 402 1890 462 RECOGNITIONUI
1929 404 2057 463 LIB.
2084 405 2173 463 111.

127 520 265 568 tum
296 512 647 569 insinuatur?
678 512 771 570 Sic
799 514 946 570 enim
989 526 1045 571 et
1085 514 1268 572 futura
1294 526 1582 587 sperantes
1609 533 1719 573 non
1743 522 1795 595 ,Α
1820 534 1881 575 se
1915 519 2165 575 dividens
2186 558 2201 584 ,
2232 534 2344 574 non
2373 518 2618 575 deﬂuens
2637 559 2652 585 ,
2686 534 2796 574 non
2822 519 3131 581 extendens
3160 517 3390 588 aliquid.

132 605 465 670 irascimur,
491 615 543 661 et
574 605 812 662 furorem
842 607 1163 663 cohibemus
1182 615 1236 664 et
1257 608 1514 666 mulieres
1543 609 1722 679 despi-

131 694 330 750 cimus
362 712 457 766 spe
486 696 794 753 futurorum
822 712 1043 754 sensum
1072 700 1441 767 sublevantes,
1478 706 1539 754 ut
1579 700 1717 765 dixi,

132 800 258 837 non
300 801 462 843 omne
502 789 647 857 quod
691 804 881 846 sumus
925 791 1121 848 servile
1166 792 1429 847 habentes
1470 792 1719 847 femineis

130 878 591 945 operationibus,
634 881 729 936 sed
775 882 921 936 aliud
954 883 1174 951 quidem
1218 884 1462 941 serviens
1511 890 1720 938 natura;

130 968 295 1035 quod
349 978 433 1023 est
490 985 724 1037 corpus,
776 971 919 1027 sicut
960 974 1333 1038 ostendimus,
1385 974 1531 1028 aliud
1585 985 1718 1028 vero

131 1054 380 1112 liberum
400 1097 416 1124 ,
445 1068 684 1117 mentem
705 1101 720 1125 ,
753 1060 901 1131 quod
930 1071 1015 1118 est
1044 1066 1242 1140 motu‘s‘
1270 1064 1466 1119 anima:
1493 1066 1717 1118 immor-

130 1146 297 1200 talis.

210 1233 306 1289 Vl.
342 1232 442 1291 Bis
470 1234 638 1307 igitur
665 1236 739 1291 ita
771 1252 831 1294 se
852 1238 1204 1307 habentibus,
1228 1242 1523 1313 vestigium
1560 1241 1713 1313 opti-

132 1340 295 1379 mum
320 1325 388 1381 ad
412 1326 829 1398 intelligibilium
846 1331 1384 1400 comprehensionem
1407 1334 1714 1391 invenimus

130 1430 269 1469 cum
318 1415 430 1473 Deo
468 1417 705 1477 dicente.
750 1418 1069 1477 lncedamus
1101 1435 1233 1493 ergo
1282 1437 1379 1492 per
1429 1439 1555 1479 eum
1598 1426 1716 1480 sine

131 1509 423 1577 periculo,
474 1517 689 1566 utentes
735 1511 933 1567 animae
979 1512 1276 1567 immortali
1315 1516 1713 1585 gubernaculo,

134 1600 289 1653 ultra
320 1614 433 1655 non
462 1601 708 1658 sinentes
742 1602 956 1658 irruere
989 1603 1305 1674 passionem
1335 1608 1612 1663 carnalem
1636 1610 1713 1664 illi

137 1690 444 1745 immortali
470 1699 524 1747 et
554 1693 886 1763 intelligibili
914 1696 1235 1751 substantiae
1252 1736 1267 1762 ,
1298 1697 1573 1755 honorem.
1592 1707 1716 1756 tan-

129 1785 258 1832 tum
291 1780 589 1851 unicuique
622 1783 1047 1853 intelligibilium
1075 1794 1506 1856 sequestrantes,
1540 1806 1713 1861 quan-

1820 610 2145 669 Mementote
2184 615 2329 669 enim
2366 616 2493 685 quia
2529 614 2645 670 haec
2690 628 2980 685 corporum
3023 622 3148 670 sunt
3178 614 3389 684 passio-

1819 718 1960 769 nes,
2005 720 2142 774 quas
2188 706 2351 759 etiam
2388 709 2582 760 animae
2626 706 2865 759 tribuere
2914 705 3345 775 subterfugimus
3372 743 3387 767 ,

1818 792 2012 849 timore
2041 810 2110 849 ne
2144 786 2290 849 forte
2316 795 2697 849 immortalitas
2723 796 2773 849 ei
2812 796 2896 849 his
2926 795 3206 849 attributis
3238 794 3388 850 aure.

1817 891 1993 938 ratur.
2028 882 2227 940 Genuit
2254 900 2387 955 ergo
2417 883 2598 948 Deus,
2630 884 2773 954 quod
2797 892 2850 939 et
2882 882 3151 938 facturam
3190 898 3392 938 vocare

1816 970 2112 1029 didicimus
2156 974 2300 1045 (84),
2333 975 2436 1029 hoc
2483 974 2661 1044 ipsum
2708 989 2839 1047 ergo
2867 989 3065 1028 vocare
3094 980 3149 1028 et
3178 973 3389 1041 genitu-

1816 1074 1935 1123 ram
1971 1068 2027 1115 et
2057 1062 2323 1117 facturam
2373 1070 2430 1119 et
2466 1064 2680 1135 reliqua
2714 1064 2911 1119 horum
2951 1064 3347 1119 vocabulorum
3370 1102 3387 1131 ,

1817 1152 1953 1207 illud
1986 1152 2134 1224 quod
2169 1155 2299 1221 sine
2342 1155 2621 1211 schemate
2656 1163 2876 1221 constat
2906 1156 3173 1226 genitoris
3212 1156 3391 1227 speci-

1818 1258 1964 1310 men,
2000 1260 2205 1316 ponere
2236 1247 2523 1316 permittit.
2558 1246 2770 1313 Quibus
2801 1248 2947 1302 enim
2975 1257 3059 1304 est
3082 1246 3388 1304 differentia

1815 1335 2156 1391 schematum
2178 1378 2193 1403 ,
2228 1338 2281 1392 in
2317 1339 2451 1409 ipsis
2482 1354 2707 1395 necesse
2743 1347 2829 1395 est
2868 1340 3209 1395 observanda
3237 1342 3393 1412 geni-

1813 1431 1937 1480 tura
1981 1435 2038 1482 et
2084 1426 2320 1485 factura.
2350 1427 2633 1484 Manendo
2679 1444 2811 1503 ergo
2857 1430 3043 1503 genuit
3074 1429 3239 1497 Deus,
3277 1446 3388 1485 non

1814 1531 2009 1586 passus
2035 1513 2359 1575 divisionem
2383 1518 2645 1589 aliquam.
2684 1520 2801 1575 Non
2834 1520 2981 1575 enim
3007 1520 3399 1581 honorabilius

1811 1614 1897 1663 est
1918 1607 2026 1665 Deo
2047 1617 2103 1666 et
2132 1610 2237 1665 hoc
2263 1607 2510 1682 lngenito
2534 1611 2669 1666 illud
2698 1613 2846 1683 quod
2870 1620 2977 1677 est,
3011 1627 3077 1668 eo
3105 1612 3252 1691 quod
3278 1629 3388 1667 non

1810 1707 1897 1755 est
1924 1702 2073 1756 velut
2103 1704 2366 1773 genitum.
2406 1701 2609 1759 Volens
2640 1705 2787 1760 enim
2819 1720 2927 1760 non
2952 1705 3168 1773 tardam
3197 1705 3392 1783 habuit

1811 1790 2072 1847 virtutem
2106 1793 2175 1847 ad
2199 1794 2355 1865 quod
2368 1797 2564 1861 voluit,
2596 1812 2696 1851 nec
2725 1797 2963 1852 excessit
2990 1798 3166 1854 virtus
3196 1799 3392 1853 volun-

129 1874 258 1948 tum
288 1870 337 1923 ei
365 1872 412 1925 is
441 1886 603 1941 quem
634 1887 758 1927 esse
782 1874 868 1928 vel
902 1889 1136 1944 praeesse
1180 1886 1397 1934 constat
1437 1879 1549 1937 Deo
1588 1898 1714 1953 per-
1746 1874 1786 1932 Β
1814 1886 2020 1951 tatem;
2065 1882 2161 1939 sed
2212 1886 2518 1941 secundum
2564 1903 2899 1953 mensuram,
2945 1889 3162 1959 qualem
3196 1889 3387 1969 voluit,

127 1960 326 2015 mittit.
363 1961 461 2017 Est
502 1964 646 2018 enim
687 1966 944 2035 primum,
976 1968 1119 2037 quod
1149 1978 1235 2024 est
1264 1970 1590 2042 ingenitum,
1620 1975 1711 2027 cui

122 2058 192 2105 et
252 2055 530 2124 propheta:
579 2057 954 2111 testimonium
1005 2059 1293 2129 perhibent
1335 2080 1349 2117 :
1398 2060 1511 2134 Ego
1568 2063 1711 2121 Deus

121 2144 368 2211 primus,
409 2157 459 2199 et
507 2162 600 2217 ego
645 2157 763 2216 post
803 2146 933 2209 hac,
957 2157 1007 2201 et
1049 2159 1244 2219 prater
1290 2167 1373 2207 me
1418 2152 1559 2208 Deus
1606 2171 1711 2219 non

123 2233 307 2301 est";
341 2234 447 2290 hoc
493 2251 625 2293 vero
658 2238 989 2297 subauditur
1026 2257 1150 2300 esse
1194 2245 1317 2304 siue
1358 2246 1515 2303 initio
1541 2256 1598 2305 et
1620 2250 1707 2305 in-

122 2323 403 2393 genitum

202 2412 320 2473 Vll.
348 2430 602 2474 uemens
625 2434 755 2476 vero
777 2428 833 2476 et
852 2424 1035 2479 caeteri
1058 2425 1553 2497 interrogaverunt,
1577 2428 1708 2501 quid

124 2514 220 2565 est
270 2509 374 2566 hoc
422 2509 767 2584 lngenitum,
826 2516 1020 2575 audire
1066 2520 1332 2579 volentes.
1390 2521 1457 2579 Et
1513 2523 1707 2581 Petrus

122 2603 574 2660 animadverteris
622 2606 699 2660 ait
732 2621 748 2659 :
778 2606 917 2669 Non.
946 2610 1224 2665 modicum
1269 2615 1573 2683 periculum
1622 2622 1707 2671 est

124 2692 198 2747 de
220 2707 309 2758 eo,
342 2694 489 2764 quod
515 2696 635 2751 sine
663 2698 935 2772 principio
962 2708 1047 2755 est
1081 2701 1229 2771 loqui
1256 2705 1340 2759 vel
1374 2705 1583 2771 audire,
1608 2721 1706 2761 vos

124 2800 263 2840 vero
287 2800 387 2855 pro
416 2785 691 2843 desiderio
718 2804 909 2845 eorum
938 2806 1062 2861 quae
1103 2792 1249 2848 dicta
1283 2803 1445 2864 sunt,
1473 2798 1706 2853 immen-

122 2876 353 2930 sitatem
400 2876 610 2932 irruere
658 2880 1076 2949 periclitamini;
1120 2892 1174 2939 et
1210 2901 1297 2941 me
1342 2888 1444 2942 hoc
1491 2885 1602 2960 pati
1645 2900 1705 2945 ut

126 2969 291 3022 video
318 2970 559 3038 captatis
578 3009 593 3035 ,
625 2971 718 3040 qui
744 2973 951 3041 putatis
982 2990 1146 3045 posse
1175 2978 1307 3031 mihi
1340 2978 1408 3033 de
1431 2979 1527 3034 illo
1554 2983 1701 3052 quod

127 3057 407 3115 ineﬂabile
432 3069 516 3115 est
546 3062 851 3133 subripere.
900 3065 1095 3123 Moneo
1134 3079 1315 3125 autem
1354 3087 1453 3127 vos
1501 3072 1700 3134 fratres

1815 1976 1978 2032 talem
2013 1986 2067 2031 et
2097 1981 2305 2049 genuit.
2354 1978 2413 2034 Si
2458 1981 2604 2035 enim
2634 1981 2905 2036 manendo
2925 2024 2939 2048 ,
2968 1996 3078 2035 non
3109 1984 3387 2051 patiendo,

1814 2067 2130 2122 necessitati
2154 2069 2546 2126 crassitudinis
2583 2086 2815 2141 corpora
2844 2070 3137 2127 servientia
3166 2073 3391 2129 umbras

1810 2167 2033 2215 exstare
2056 2158 2284 2226 iaciunt,
2316 2170 2523 2232 quanto
2553 2164 2731 2234 magis
2756 2165 3009 2235 ingenitae
3039 2164 3229 2220 virtuti
3258 2166 3390 2221 sub-

1812 2260 2131 2325 sequentem
2158 2253 2352 2327 demus
2384 2254 2736 2328 Unigenitum
2776 2258 3057 2315 voluntate
3085 2258 3391 2328 proceden-

1812 2349 1945 2399 tem.
1972 2340 2154 2399 Sicuti
2186 2353 2370 2402 autem
2406 2362 2607 2403 rursus
2638 2350 3141 2421 praaintelliguntur
3177 2350 3399 2406 umbris

1808 2448 2061 2505 corpora,
2085 2436 2157 2491 ita
2186 2445 2240 2491 et
2274 2436 2401 2507 plus
2428 2438 2873 2512 pmintelligitur
2901 2448 2956 2495 et
2983 2441 3225 2513 ingenita
3252 2443 3389 2497 sub-

1809 2528 2011 2583 stantia
2041 2529 2237 2599 genitae
2256 2569 2271 2595 ,
2300 2532 2468 2585 etiam
2493 2532 2541 2587 si
2573 2548 2641 2588 ex
2683 2549 2749 2589 eo
2797 2534 2943 2605 quod
2969 2543 3118 2598 erat,
3151 2542 3219 2603 ut
3241 2546 3389 2592 esset

1808 2618 2039 2687 accepit.
2080 2618 2286 2673 idcirco
2316 2621 2485 2691 igitur
2527 2637 2654 2678 vere
2701 2629 2755 2678 et
2802 2624 3134 2695 genituraet
3174 2626 3385 2697 factura

1807 2713 1861 2761 et
1900 2715 2151 2765 creatura
2198 2718 2574 2780 competenter
2601 2713 2941 2782 appellatur,
2969 2715 3097 2784 quia
3124 2716 3387 2771 substan-

1806 2799 1883 2852 tia
1912 2814 2024 2853 non
2055 2808 2139 2855 est
2166 2797 2497 2871 lngenitum.
2531 2801 2738 2857 Memor
2769 2820 2891 2874 sum
2926 2820 3057 2861 sane
3104 2806 3382 2861 Simonem

1806 2905 2100 2947 accusasse
2139 2907 2246 2948 nos
2284 2893 2662 2964 blasphemiae,
2688 2910 2754 2951 eo
2785 2897 2930 2966 quod
2959 2896 3266 2954 diceremus
3294 2898 3385 2952 Fi-

1805 2983 1939 3037 lium
1968 2982 2063 3040 Dei
2104 2982 2411 3052 Christum,
2439 2993 2704 3058 tanquam
2733 2987 3052 3045 hominibus
3080 2997 3135 3045 et
3168 2991 3385 3061 planta-

1806 3074 2047 3140 tionibus
2094 3075 2266 3131 Deum
2312 3087 2626 3147 aequantes;
2667 3094 2766 3134 vos
2809 3094 2942 3135 vero
2992 3095 3061 3135 ex
3108 3080 3384 3138 desiderio

126 3157 184 3202 ct
213 3152 501 3216 conservi,
532 3166 643 3207 non
692 3153 824 3222 quid
870 3156 942 3210 sit
977 3173 1256 3228 quaerere,
1291 3162 1389 3217 sed
1443 3164 1569 3233 quia
1613 3174 1699 3229 est
1742 3232 1755 3233 γ
1803 3166 2017 3223 discere
2038 3166 2317 3229 festinate.

128 3242 525 3313 tantummodo:
544 3244 735 3299 audire
763 3244 1102 3305 desiderare.
1128 3246 1196 3306 Et
1217 3251 1286 3308 de
1316 3253 1422 3310 hoc
1451 3232 1572 3325 plus
1601 3259 1700 3312 ali-
1723 3232 1771 3293 ο
1873 3255 1962 3314 IX.
1994 3254 2261 3313 Omnibus
2293 3265 2480 3315 autem
2507 3258 2741 3315 libenter
2770 3262 3142 3318 annuentibus
3173 3262 3251 3316 ait
3277 3262 3382 3319 Pe--

128 3331 262 3399 quid
308 3332 492 3388 dicere
530 3348 642 3389 non
678 3342 913 3405 oportet.
948 3336 1047 3394 Est
1087 3339 1391 3411 lngenitum
1432 3362 1543 3408 non
1583 3351 1700 3405 sola

124 3422 495 3491 appellatione
531 3425 937 3497 honorandum,
969 3436 1055 3486 est
1080 3432 1226 3487 enim
1272 3440 1327 3489 et
1363 3435 1484 3493 sine
1511 3438 1697 3506 initio;

1802 3354 1922 3403 trus
1954 3366 1968 3403 :
2002 3347 2291 3404 Manifesta
2340 3360 2427 3406 est
2482 3350 2649 3422 hujus
2705 3351 3133 3409 incredulitatis.
3162 3355 3250 3409 via
3276 3394 3291 3419 ,
3345 3371 3381 3410 o

1801 3438 1999 3509 Aquila
2046 3448 2102 3495 et
2150 3441 2355 3497 caeteri.
2411 3440 2519 3508 Qui
2560 3443 2706 3498 enim
2754 3457 2860 3513 pro,
2897 3452 3049 3499 certo
3093 3432 3377 3512 nescierit,

130 3512 238 3567 hoc
262 3522 445 3568 autem
477 3514 598 3571 sine
625 3517 787 3574 initio
818 3526 874 3575 et
899 3519 1206 3591 lngenitum
1233 3535 1319 3581 est
1354 3526 1521 3595 Deus,
1553 3533 1698 3601 quod
1799 3530 2115 3601 opinionem
2170 3524 2352 3586 autem
2406 3547 2583 3603 usque
2625 3533 2692 3588 ad
2742 3512 2990 3590 auditum
3038 3538 3378 3608 susceperit,

122 3618 163 3655 a
191 3604 304 3657 sola
330 3605 587 3676 opinione
610 3622 801 3663 eorum
829 3626 953 3681 quae
983 3611 1125 3669 facta
1162 3625 1292 3672 sunt
1314 3622 1695 3690 annuntiatur,
1800 3621 2023 3680 credere
2050 3624 2226 3689 timet,
2246 3639 2371 3679 cum
2391 3622 2555 3703 facile
2580 3626 2751 3695 possit
2770 3628 3183 3684 excusationem
3202 3604 3379 3700 ipsius

128 3708 266 3793 agse
695 3702 1191 3793 comprehenditur.
1226 3707 1345 3764 Non
1376 3712 1519 3768 enim
1546 3714 1699 3773 inve.
1800 3712 2205 3770 incredulitatis
2237 3729 2268 3769 a
2298 3730 2358 3770 se
2395 3694 2635 3785 abjicere
2673 3732 2786 3787 prae
2816 3719 3020 3788 gaudio
3065 3720 3187 3789 ejus
3224 3694 3379 3793 quod

124 3784 243 3883 niet
287 3787 491 3858 aliquid
539 3789 626 3883 sui
671 3791 848 3863 primo
896 3793 1106 3869 fuisse,
1147 3806 1203 3855 et
1249 3802 1454 3874 aliquid
1507 3817 1699 3877 postea
1799 3807 2159 3877 promittitur,
2190 3784 2513 3877 assumptus
2547 3784 2847 3877 publicare
2871 3810 3021 3867 illam
3066 3784 3377 3883 quam-ha-

128 3874 335 3931 factum
363 3879 683 3977 conspicere
710 3883 820 3947 sui,
854 3899 921 3941 eo
946 3888 1094 3957 quod
1120 3890 1242 3947 sine
1262 3874 1539 3967 principio
1572 3915 1698 3955 eum
1797 3874 1917 3956 buit
1942 3900 2011 3957 de
2038 3916 2105 3957 eo
2123 3900 2270 3972 quod
2300 3874 2568 3971 quaeritur
2588 3901 3050 3969 incredulitatem,
3075 3874 3377 3977 cupiditate

124 3980 255 4021 esse
281 3975 529 4035 constet;
564 3968 681 4025 haec
709 3980 890 4029 autem
921 3991 1112 4057 eorum
1143 3995 1267 4051 qua:
1292 3983 1438 4041 facta
1462 3996 1590 4044 sunt
1615 3990 1700 4046 vi-
1796 3990 2041 4047 discendi
2078 3968 2188 4047 non
2230 3968 2465 4046 dubitat.
2520 3989 2629 4047 Sed
2675 3992 2731 4047 in
2782 3968 3121 4051 secundoide
3148 3968 3270 4052 'hac
3315 4015 3377 4055 re

133 4057 594 4159 citationpropter
624 4062 769 4159 quod
807 4064 940 4159 illud
970 4069 1117 4139 quod
1166 4078 1255 4129 est
1299 4074 1598 4144 ined‘abile.
1626 4082 1697 4139 sd
1796 4095 2001 4150 sermo,
2028 4097 2099 4145 ne
2120 4082 2341 4154 quando
2369 4082 2699 4140 abstrahens
2728 4099 2828 4139 vos
2858 4085 3065 4155 incerta
3094 4086 3220 4143 tldei
3250 4104 3376 4159 spes

128 4146 533 4250 inquisitionem
557 4151 665 4216 sui,
693 4153 840 4250 quod
864 4154 1030 4250 luerit
1056 4166 1501 4233 ante‘praevidere
1528 4186 1696 4241 quam
1796 4146 2103 4246 excipiatur
2132 4146 2232 4245 pro
2260 4173 2365 4230 ﬁde
2396 4176 2453 4229 in
2485 4174 2922 4245 inquisitionem.
2954 4151 3169 4250 Ubique
3190 4146 3373 4236 autem

131 4237 325 4338 fuerit,
364 4240 602 4338 spatium
626 4259 747 4338 non
790 4246 985 4317 habet;
1022 4266 1132 4310 non
1174 4255 1321 4312 enim
1364 4237 1697 4321 secundatur
1797 4237 2322 4337 praferatur-nobis
2359 4263 2507 4320 Deus
2537 4237 2592 4320 et
2620 4268 2688 4320 de
2731 4265 2852 4335 ipso
2889 4237 3177 4338 cogitatus.
3218 4268 3376 4327 Ultro

131 4326 205 4382 ab
220 4342 290 4429 eo
313 4329 407 4400 qui
430 4338 515 4386 est
537 4331 713 4429 ipsius
737 4340 990 4396 essentia
1009 4345 1320 4404 curiositas.
1344 4348 1507 4407 Novit
1530 4354 1697 4427 igitur
1796 4326 2129 4412 inviolabilis
2165 4363 2391 4412 exstans
2433 4355 2582 4412 Deus
2626 4326 2905 4427 ingenitus
2921 4396 2936 4422 ,
2957 4326 3373 4429 operationem-

133 4436 194 4521 ξε
220 4420 426 4521 ίΡξυξῑξν
459 4426 695 4521 (ἰαί-Ποῦ
730 4428 1031 4521 interrogat
1076 4451 1138 4493 se
1173 4437 1241 4495 de
1287 4458 1347 4501 se
1398 4420 1695 4517 ipso.'Sed
1797 4465 1905 4521 que
1950 4450 2234 4504 voluntate
2279 4448 2622 4519 virginaliter
2648 4420 2965 4503 custodivit.
3002 4420 3158 4516 Quod
3185 4460 3371 4509 autem

513 4517 675 4634 ειίἺη
698 4520 1009 4634 plus'quam
1030 4512 1521 4634 oportetdiximus,
1550 4552 1696 4598 amat
1723 4576 1770 4634 Β
1796 4512 1908 4598 non
1959 4551 2045 4598 est
2092 4512 2419 4613 lngenitum,
2454 4541 2604 4597 ultro
2644 4542 2800 4612 virgo
2840 4556 2967 4597 esse
3011 4512 3121 4598 non
3164 4552 3364 4615 potest.

131 4602 275 4658 enim
319 4605 465 4705 illud.
496 4608 645 4705 quod
688 4621 774 4667 est
819 4612 1123 4686 lngenitum
1143 4662 1159 4688 ,
1188 4623 1406 4681 silentio
1438 4602 1695 4690 honorari
1723 4602 1770 4634 υ
1795 4632 2022 4688 Factum
2054 4639 2140 4688 est
2154 4602 2335 4698 cnim,
2368 4602 2629 4703 tanquam
2660 4602 2763 4689 sub
2793 4642 2997 4687 tactum
3022 4602 3284 4705 genitoris
3314 4648 3369 4693 et

132 4698 525 4796 ξξηιιιιηωοάίξ.
579 4700 712 4756 Sine
756 4705 1029 4796 principio
1073 4725 1204 4783 ergo
1251 4715 1394 4773 hanc
1438 4721 1695 4780 substan-
1794 4724 2021 4780 factoris
2036 4698 2720 4796 adductum.lntelligatur
2741 4731 2920 4779 autem
2943 4698 3175 4796 qualiter
3195 4726 3367 4783 Deum

132 4784 284 4887 “fuit
309 4787 607 4844 secundum
638 4792 783 4877 quod
811 4796 1017 4853 sentire
1035 4800 1337 4869 potuimus,
1368 4804 1578 4878 absque
1598 4825 1695 4881 pe-
1792 4814 1978 4871 decuit
1995 4814 2346 4887 Unigenitum
2367 4784 2634 4886 generare
2655 4820 2710 4869 et
2734 4784 3157 4885 primogenitum
3185 4817 3369 4873 omnis

136 4877 305 4933 riculo
334 4883 679 4952 suscepistis.
693 4931 713 4940 -
1489 4877 1496 4878 ί
1599 4877 1617 4881 —

1811 4877 2190 4971 :reaturz,sed
2227 4920 2338 4961 non
2367 4906 2527 4976 quasi
2567 4920 2636 4960 ex
2666 4904 2883 4975 aliquo;
2921 4905 3036 4961 haec
3064 4908 3211 4962 enim
3245 4910 3367 4963 ani-

204 4968 335 5065 Vlll.
364 4972 470 5041 Qui
491 4990 623 5047 ergo
643 4993 764 5035 esse
783 4994 893 5035 non
915 4981 1195 5042 inchoavit
1207 4990 1685 5065 prmdictusﬂeus,
1790 4968 2071 5052 mantium'
2088 5004 2143 5052 et
2170 4968 2593 5051 inanimantium
2623 5001 2709 5049 est
2740 4968 3001 5051 servitus.
3037 4993 3143 5050 Sed
3174 5010 3276 5050 nec
3306 4996 3362 5052 in

137 5063 312 5133 genuit
342 5067 765 5139 primogenitum
794 5072 973 5129 omnis
1001 5084 1286 5146 creaturae,
1325 5082 1487 5139 sicuti
1515 5063 1685 5143 Deum
1790 5089 2170 5160 operationem
2198 5088 2426 5144 veniens
2469 5086 2591 5159 ipse
2622 5086 2707 5141 sui
2749 5081 2953 5155 aliquid
2998 5085 3214 5156 genuit;
3250 5100 3363 5142 non

137 5155 340 5223 decuit;
369 5173 479 5213 non
515 5175 576 5216 se
616 5162 935 5231 immutans,
964 5182 1076 5223 non
1105 5185 1166 5227 se
1194 5167 1544 5246 convertens,
1574 5194 1686 5236 non
1789 5155 1938 5238 enim
1971 5188 2215 5237 maneret
2244 5155 2580 5234 inviolabilis
2606 5185 2663 5233 et
2692 5155 3071 5248 impassihilis,
3102 5184 3362 5247 operatus

202 5311 246 5345 “
281 5310 382 5369 lsa.
416 5329 563 5383 mv,
589 5316 641 5373 ti.

1421 5476 1790 5537 COTELERII
1823 5480 2054 5540 NOTAE.

206 5602 527 5694 Accedit
544 5607 861 5694 grypem,
876 5612 1013 5694 quod
1035 5622 1085 5669 et
1106 5614 1371 5694 facturam
1398 5636 1583 5694 uocare
1598 5620 1682 5677 di-
1786 5623 2134 5694 observatum
2165 5620 2271 5694 fuit
2294 5636 2323 5676 a
2353 5624 2491 5681 viris
2514 5625 2713 5694 doctis,
2736 5641 2845 5684 non
2875 5626 3208 5693 abstinuisse
3228 5640 3356 5688 ante

544 5674 1155 5771 se
1188 5688 1436 5771 ετοίημέλ
1477 5674 1681 5763 κτίσμα

1811 5674 1977 5771 an},
1989 5674 2275 5771 ago—nn;
2297 5674 2581 5771 nens;
2593 5674 3354 5771 'isgsia"gas'.;g";g.ﬁgsi;

141 5744 759 5842 Ξ¹¹Ῑὶ¹ζ¹ἑ¹ἐ¹ὶὲξ¹ἒιε³ἐιὲξ
768 5744 1680 5842 ἔιὲωὲξι.³ξεῖίδξίοδαηὲἶ¹ίιίοέειμέιιί
1786 5744 2817 5842 minus:semissem
2844 5744 3328 5842 ὗὲἙῘιΜιῖῐῖἴὲἐ

140 5824 191 5873 et
230 5814 578 5876 substantiam
615 5814 853 5892 ﬁnitam
883 5824 1135 5884 solebant
1170 5814 1464 5901 appellare.
1481 5814 1683 5905 ’διξιῆ
1786 5814 1908 5891 iiii;
1920 5814 2258 5894 iiiiihiii’id
2281 5814 2579 5909 ﬁmi".
