4066 6334
694 366 831 421 ηδτ

1578 369 1633 422 S.
1676 367 2065 422 ΕΠΙΜΕΝΙΊὸ
2105 368 2123 421 l
2158 368 2323 423 ROM.
2360 364 2560 421 PONT.
2603 363 2829 420 OPERA
2871 362 3094 417 DCBIA.

3787 357 3921 411 νεεδ

692 480 745 533 in
780 480 993 548 seipse;
1026 479 1317 548 impietatis
1357 486 1537 531 autem
1582 478 1739 547 plena
1772 486 1898 531 sunt
1930 479 2043 532 haec
2072 479 2139 532 de
2171 480 2256 532 in-
2284 486 2329 541 Α
2356 476 2754 533 dissensionem
2796 474 3034 529 surrexit
3074 480 3126 525 et
3165 469 3269 524 hoc
3301 484 3527 523 numero
3560 467 3794 529 distans,
3825 484 3921 521 nec

693 572 874 640 genito
907 571 1205 639 suspicari,
1244 570 1625 639 periclitamur
1654 570 1797 622 enim
1830 569 1923 621 filii
1962 570 2279 637 impiorunt‘

694 662 777 730 pie
811 676 868 714 se
899 669 1151 729 putantes
1201 660 1535 729 intelligere,
1568 674 1817 728 magnam
1861 658 2254 727 blasphemiam

692 750 934 819 lngenito
987 751 1307 821 ingerendo,
1361 751 1863 804 masculofeminam
1914 764 2037 802 eum
2068 747 2255 802 existi—

691 850 923 896 mantes.
955 843 1155 897 Memor
1186 858 1307 895 sum
1339 857 1471 896 sane
1495 842 1614 911 ejus
1640 842 1732 911 qui
1764 839 2099 894 commonuit
2129 854 2251 905 nos,

692 934 909 989 fratres.

762 1025 828 1079 Χ.
873 1025 1137 1080 Mancndo
1182 1041 1311 1095 ergo
1350 1024 1535 1093 genuit
1566 1022 1706 1077 Deus
1737 1022 2014 1077 voluntate
2053 1036 2254 1092 praece-

690 1118 851 1172 dente
878 1118 1009 1185 (85),
1053 1117 1193 1170 sicut
1240 1116 1555 1185 praedictum
1592 1122 1695 1168 est.
1728 1114 2018 1183 PrOpterea
2050 1113 2252 1183 Unige-

691 1210 838 1262 nitus
870 1225 992 1261 vere
1026 1208 1357 1277 appellatur;
1392 1223 1456 1261 ex
1490 1206 1727 1275 ingenito
1750 1206 1892 1259 enim
1920 1204 2081 1257 habet
2107 1205 2251 1273 quod

689 1309 771 1355 est
795 1308 845 1352 et
880 1297 1049 1353 Filius
1082 1314 1205 1353 vere
1236 1300 1554 1367 appellatur,
1594 1298 1660 1349 ab
1699 1297 1884 1348 innato
1914 1297 2057 1349 enim
2092 1304 2252 1349 natus

689 1398 791 1445 est.
842 1390 947 1443 Sed
997 1396 1177 1442 tamen
1222 1388 1501 1441 voluntate
1552 1386 1984 1440 controversiam
2032 1390 2250 1438 noxiam

689 1489 971 1535 mansuete
1000 1480 1257 1549 paulatim
1306 1479 1615 1533 relaxantcs
1660 1492 1881 1539 eorum,
1915 1476 2006 1545 qui
2051 1477 2252 1529 audent

684 1571 868 1626 dicere
893 1572 1151 1626 infectum
1179 1587 1207 1624 a
1242 1570 1385 1625 facto
1416 1571 1775 1640 appellatione
1802 1571 1915 1625 sola
1944 1570 2165 1631 distare,
2197 1579 2251 1623 et

686 1664 816 1717 illud
849 1663 991 1732 quod
1016 1665 1193 1734 genite
1224 1663 1545 1718 distinctum
1577 1670 1680 1722 est,
1709 1661 1971 1716 adversus
2000 1662 2249 1715 innatum

685 1770 808 1810 esse
841 1757 1200 1811 substantiam
1247 1756 1550 1825 ingenitum
1596 1754 1883 1808 aliirmare.
1911 1752 2065 1818 Quod
2097 1753 2140 1806 si
2176 1754 2249 1807 ita

686 1847 906 1909 dicitur,
926 1846 1067 1914 quod
1094 1847 1311 1916 quidem
1332 1846 1531 1900 dicitur
1553 1861 1657 1898 non
1678 1854 1780 1907 est,
1799 1846 1943 1915 quod
1960 1853 2138 1897 autem
2166 1853 2250 1899 est

684 1954 792 1991 non
820 1938 1035 1991 dicitur.
1070 1938 1161 1993 Est
1181 1940 1324 1993 enim
1357 1938 1612 1993 infectum
1646 1937 1970 1999 substantia,
1994 1938 2038 1991 si
2066 1946 2246 1990 autem

680 2028 886 2082 dicitur
912 2029 1135 2091 factum,
1156 2029 1454 2083 detestatur
1476 2028 1619 2098 quod
1638 2042 1747 2081 non
1782 2035 1866 2081 est
1898 2026 2244 2095 appellatum,

682 2119 917 2172 maxime
969 2127 1147 2171 autem
1200 2119 1343 2171 ultro
1388 2118 1702 2171 rationabili
1752 2123 2003 2171 exstante
2052 2116 2159 2170 Deo
2194 2125 2247 2171 et

684 2208 827 2260 ultro
864 2207 981 2261 sine
1018 2207 1318 2275 principio,
1352 2207 1497 2275 quod
1544 2207 1705 2259 modo
1754 2220 1863 2259 non
1894 2205 1964 2257 sit
1995 2205 2246 2275 impossi-

680 2298 815 2363 bile;
849 2300 1020 2368 magis
1051 2310 1228 2353 autem
1262 2300 1484 2367 impium
1512 2306 1617 2361 est,
1648 2304 1701 2352 et
1731 2296 1783 2351 id
1812 2294 1955 2365 quod
1984 2298 2126 2349 ultro
2160 2307 2243 2351 est

677 2392 1000 2447 rationabile
1049 2393 1301 2462 ultroque
1338 2392 1671 2461 ingenitum,
1704 2405 1813 2443 non
1852 2391 1957 2444 sibi
1990 2389 2091 2459 ipsi
2130 2403 2243 2441 ma-

677 2486 760 2553 gis
788 2486 948 2537 vellet
975 2500 1096 2539 esse
1127 2485 1479 2551 conjunctum
1500 2524 1515 2544 ,
1550 2497 1714 2553 quam
1746 2482 2027 2537 dualitatis
2059 2481 2242 2535 subire

677 2575 920 2630 ordinem
950 2616 966 2641 ,
1016 2576 1478 2629 honorabiliorem
1532 2575 1853 2628 existimans
1904 2574 2239 2627 nativitatem

686 2665 885 2717 innatae
920 2665 1353 2733 perseverantia.
1390 2662 1566 2719 Unum
1598 2665 1740 2718 enim
1779 2679 1887 2717 non
1918 2670 2021 2727 est,
2066 2677 2241 2731 neque

678 2756 855 2825 ipsum
895 2756 998 2810 sibi
1044 2756 1289 2825 praecipit
1324 2755 1513 2811 dicens
1546 2775 1559 2809 :
1588 2753 1718 2808 Sede
1765 2771 1796 2805 a
1834 2754 2032 2806 dextris
2081 2753 2236 2817 meis,

674 2848 835 2900 donec
864 2864 1051 2913 ponam
1100 2848 1339 2900 inimicos
1394 2857 1508 2900 tuos
1557 2841 1841 2899 scabellum
1888 2845 2075 2915 pedum
2124 2855 2239 2898 tuo-

679 2958 795 2993 rum
817 2942 881 2993 ".
917 2941 1022 2995 Sed
1052 2956 1227 3010 neque
1257 2938 1535 2995 contendit
1568 2922 1829 2992 adversus
1860 2953 1918 2993 se
1951 2939 2150 3007 ipsum,
2182 2945 2241 2989 ut

676 3033 875 3101 aliquid
910 3031 1157 3086 videlicet
1181 3033 1299 3100 ejus
1321 3039 1659 3101 permaneret
1690 3031 2007 3102 ingenitum,
2036 3028 2236 3099 aliquid

675 3140 804 3178 vero
848 3123 1113 3177 uativitati
1163 3124 1527 3191 subjiceretur
1568 3141 1581 3176 :

678 3216 932 3285 praescire
966 3215 1205 3284 ingenite
1250 3214 1455 3284 aliquid
1498 3214 1582 3268 sui
1630 3213 2001 3276 nasciturum,
2034 3213 2231 3281 aliquid

674 3319 802 3359 vero
851 3314 1267 3375 generaturum;
1310 3307 1531 3358 omnino
1568 3304 1817 3358 videlicet
1866 3304 2234 3357 honorabilio-

676 3413 790 3451 rem
819 3414 875 3450 se
905 3398 1226 3465 sihimetipsi
1264 3411 1370 3449 non
1402 3398 1656 3463 ignorans
1679 3412 1799 3450 esse
1833 3394 2099 3457 futurum,
2135 3395 2233 3447 ali-

674 3492 801 3559 quid
823 3490 1041 3559 quidem
1065 3490 1488 3558 p‘rmcipientem,
1518 3488 1720 3556 aliquid
1756 3502 1880 3541 vero
1907 3494 2230 3557 praeceptum

673 3582 1030 3651 accipientem
1054 3621 1066 3643 ,
1102 3580 1235 3633 illud
1270 3581 1419 3634 verbi
1465 3580 1639 3649 gratia
1671 3580 1815 3648 quod
1857 3579 2061 3631 dictum
2108 3586 2227 3633 cst:

674 3674 805 3729 Sede
830 3691 858 3725 α
883 3672 1081 3725 dextris
1107 3673 1254 3733 meis,
1284 3672 1367 3726 vel
1398 3673 1560 3725 etiam
1595 3670 1724 3723 illud
1753 3672 1893 3738 quod
1924 3669 1988 3721 ad
2022 3668 2235 3722 missio-

673 3780 793 3819 nem
842 3763 1071 3833 pertinet
1104 3774 1193 3815 aut
1239 3762 1382 3831 quod
1417 3763 1530 3831 ipse
1558 3763 1907 3830 semetipsum
1940 3759 2230 3829 praeferens

672 3854 1273 3919 collaudaverit,dicens
1294 3870 1303 3904 ε
1325 3852 1389 3905 Et
1408 3854 1532 3907 vidit
1553 3853 1846 3923 Deus,quia
1863 3853 2070 3912 bona“,
2091 3862 2234 3920 post-

669 3963 832 4017 quam
861 3948 927 3999 ab
952 3945 1236 4015 Unigenito
1266 3960 1357 4000 sex
1384 3944 1573 3998 diebus
1591 3944 1778 3998 effecta
1800 3950 2062 4011 suntquae
2089 3942 2230 3995 facta

670 4056 792 4092 esse
823 4044 1056 4097 constat,
1090 4035 1477 4089 immutabilem
1498 4036 1686 4087 videns
1711 4050 1863 4088 suam
1902 4034 2227 4085 voluntatem

670 4132 726 4184 in
758 4128 1322 4183 consummationibus
1354 4125 1625 4195 Unigeniti
1657 4126 1851 4179 divina:
1873 4126 2224 4194 operationis.

740 4220 830 4273 XI.
878 4219 937 4271 Si
972 4226 1151 4272 autem
1185 4218 1453 4285 ingenitus
1486 4231 1592 4269 non
1624 4224 1707 4271 est
1742 4217 1917 4271 factus
1950 4216 2107 4269 Pater
2134 4224 2226 4269 aut

669 4315 755 4369 sui
790 4312 961 4381 ipsius
1001 4310 1194 4373 factor,
1234 4312 1375 4364 sicut
1402 4310 1774 4375 ostendimus;
1815 4312 2087 4379 quomodo
2119 4310 2225 4362 uti-

669 4421 775 4475 que
809 4404 1013 4458 faceret
1042 4411 1135 4456 aut
1168 4411 1449 4473 generaret
1482 4418 1542 4457 ex
1577 4418 1637 4457 se
1672 4404 1789 4471 ipso
1820 4402 2043 4471 aliquid.
2079 4404 2222 4471 quod

2283 1814 2322 1866 Β

1624 3123 1765 3177 scire
1816 3136 2032 3192 quoque
2075 3132 2235 3190 atque
2263 3151 2305 3210 ς

2356 571 2499 623 enim
2548 578 2631 623 est
2675 568 2998 636 Autopator,
3031 565 3133 617 hoc
3158 571 3243 617 est
3271 564 3375 618 sibi
3416 563 3519 631 ipsi
3549 572 3735 630 pater,
3786 578 3921 630 quo-

2356 662 2517 713 modo
2566 675 2673 712 non
2730 658 2901 726 magis
2943 654 3253 709 innascibili
3301 669 3568 707 consensu
3604 667 3921 721 permanere

2356 751 2640 819 diligeret,
2675 747 2819 817 quod
2862 747 3158 815 ingenitum
3188 744 3403 813 quidem
3443 753 3557 798 erat
3588 744 3918 803 substantia,

2356 844 2601 913 genitura
2629 856 2754 894 vero
2784 840 2835 893 in
2859 839 3169 892 dualitatem
3188 836 3546 889 dinumerata.
3570 832 3744 902 Hujus
3767 848 3922 889 nam-

2357 950 2461 1003 que
2490 932 2939 988 inconvenientize
2964 938 3134 982 mater
3153 928 3369 997 quidem
3402 934 3483 981 est
3515 928 3827 996 ignorantia
3858 926 3923 977 de

2356 1024 2495 1089 Deo,
2528 1025 2868 1093 cooperatrix
2896 1036 3023 1074 vero
3051 1029 3103 1073 et
3138 1033 3293 1073 soror
3323 1018 3651 1087 negligentia
3682 1018 3752 1071 de
3800 1016 3926 1085 Spi—

2357 1119 2463 1171 ritu
2494 1126 2704 1171 sanctu.
2740 1115 2977 1184 Spiritus
3019 1121 3195 1167 autem
3229 1121 3449 1167 sanctus
3474 1113 3666 1180 pignus
3695 1112 3760 1165 ad
3790 1127 3925 1164 con-

2355 1209 2721 1263 servationem
2748 1222 2935 1259 eorum
2965 1221 3085 1274 qua:
3122 1220 3149 1257 a
3181 1203 3407 1257 Domino
3437 1205 3558 1257 data
3598 1214 3725 1258 sunt
3762 1206 3924 1257 nobis

2355 1300 2536 1370 (quem
2566 1314 2672 1352 non
2707 1308 2828 1367 post
2856 1299 3056 1351 multos
3100 1297 3216 1350 dies
3259 1296 3648 1364 assumptionis
3678 1295 3799 1363 ejus
3831 1310 3926 1346 ac-

2353 1388 2639 1458 cepimus),
2672 1388 2833 1442 habet
2869 1388 3013 1457 quod
3040 1395 3123 1440 est
3153 1387 3221 1439 ab
3265 1385 3571 1455 Enigenito,
3603 1387 3924 1454 plenissima

2352 1478 2646 1532 declaratio
2676 1478 2891 1531 virtutis
2913 1479 3059 1551 ejus;
3092 1481 3232 1533 sicut
3259 1480 3566 1547 unigenitus
3594 1492 3647 1531 et
3675 1478 3922 1531 omnium

2354 1571 2747 1642 primogenitus
2774 1572 2951 1643 imago
2980 1583 3063 1626 est
3094 1574 3447 1628 immutabilis
3471 1572 3724 1642 ingenita:
3755 1574 3926 1623 virtu-

2352 1666 2452 1728 tis,
2488 1666 2663 1735 imago
2692 1666 2902 1719 scilicet
2935 1665 3125 1728 unica,
3160 1662 3507 1717 immaculata
3555 1679 3805 1723 manens,
3842 1665 3923 1716 vi—

2353 1755 2563 1809 sionem
2600 1757 2821 1825 ingeniti
2856 1772 2977 1809 cum
3012 1755 3082 1810 sit
3117 1755 3369 1819 visibilis,
3409 1764 3629 1825 praestat
3664 1754 3924 1823 intelligi-

2352 1846 2553 1901 bilibus
2583 1853 2637 1899 et
2667 1847 3054 1911 sensibilibus;
3112 1861 3221 1914 quo
3274 1846 3432 1899 modo
3481 1846 3525 1899 si
3580 1845 3706 1915 quis
3751 1845 3919 1898 solem

2350 1936 2499 1990 verbi
2524 1938 2693 2007 gratia
2729 1938 3017 1991 ostendere
3039 1937 3227 1992 volens
3256 1946 3351 1990 aut
3372 1937 3517 1990 aliud
3551 1936 3759 2006 aliquid
3782 1977 3795 1999 ,
3835 1937 3918 1989 his

2350 2030 2440 2097 qui
2475 2046 2579 2082 non
2605 2036 2835 2097 possunt
2866 2043 2960 2096 per
2982 2044 3040 2083 se
3062 2029 3211 2097 ipsos
3241 2044 3365 2083 cum
3396 2029 3599 2092 videre,
3635 2030 3706 2083 sit
3736 2039 3917 2082 autem

2350 2126 2457 2179 illis
2490 2127 2790 2179 necessitas
2820 2125 3005 2179 videre
3044 2125 3244 2186 solem,
3278 2133 3588 2195 temperans
3635 2126 3920 2179 obtutibus

2349 2216 2518 2285 ipsam
2554 2216 2976 2277 necessitatem,
3022 2230 3119 2283 per
3161 2216 3439 2284 speculqu
3486 2217 3708 2285 quidem
3749 2217 3917 2269 solem

2344 2307 2630 2362 ostendere
2682 2307 2933 2369 festinat,
2980 2316 3032 2359 et
3081 2301 3190 2359 nun
3240 2307 3407 2361 solem
3452 2308 3686 2376 afferens
3741 2307 3919 2374 injicit

2344 2400 2603 2467 speculo;
2636 2398 2712 2451 ita
2756 2406 2809 2451 et
2843 2398 3167 2468 llnigenitus
3219 2400 3333 2468 ipse
3379 2400 3595 2469 quidem
3641 2400 3917 2469 ingenitus

2344 2503 2450 2540 non
2475 2494 2580 2551 est,
2607 2487 2907 2557 ingenitum
2934 2502 3060 2542 vero
3086 2496 3255 2541 totam
3285 2490 3339 2541 in
3368 2504 3426 2543 se
3449 2490 3787 2543 demonstrat
3813 2493 3920 2541 vir-

2344 2586 2513 2631 tutem
2553 2594 2677 2631 cum
2714 2578 2784 2631 sit
2816 2579 2940 2632 talis
2986 2591 3051 2631 ac
3083 2585 3268 2632 tantus
3297 2577 3527 2643 deitate;
3564 2580 3633 2632 ab
3671 2580 3758 2633 his
3789 2595 3918 2631 vero

2340 2668 2435 2738 qui
2472 2683 2579 2722 non
2623 2668 2908 2739 diligenter
2952 2669 3321 2738 inquisierunt
3355 2670 3631 2740 ingenitus
3664 2671 3908 2739 suspica-

2340 2761 2522 2825 batur,
2557 2762 2697 2830 apud
2730 2776 2867 2830 quos
2897 2776 3024 2815 vero
3056 2761 3314 2830 praecedit
3362 2763 3478 2831 ipsa
3523 2763 3813 2831 inquisitio
3848 2764 3918 2814 ti-

2341 2861 2548 2900 morem
2580 2846 2672 2901 Dei
2694 2848 2837 2918 (86),
2876 2863 2983 2902 non
3018 2848 3195 2903 solum
3234 2849 3416 2904 dicere
3450 2850 3651 2919 aliquid
3686 2852 3792 2905 tale
3826 2868 3917 2905 re-

2340 2946 2555 3000 cusant,
2594 2938 2687 2993 sed
2719 2938 2882 2992 etiam
2910 2939 3150 3009 cogitare
3173 2949 3388 2995 cavent.
3422 2942 3555 2997 Cum
3598 2958 3728 3013 ergo
3771 2960 3919 2997 unus

2340 3026 2411 3079 sit
2459 3027 2735 3098 ingenitus
2776 3036 2829 3083 et
2892 3046 3034 3085 unus
3088 3030 3344 3101 genitus,
3399 3030 3637 3100 Spiritus
3683 3042 3915 3087 sanctus

2340 3112 2510 3173 Filius
2561 3120 2667 3173 dici
2711 3135 2820 3173 non
2867 3130 3066 3191 potest,
3102 3138 3201 3177 nec
3242 3123 3675 3193 primogenitus;
3725 3124 3916 3176 factus

2338 3220 2422 3267 est
2454 3212 2595 3265 enim
2636 3226 2729 3281 per
2758 3211 2956 3266 factum
2980 3214 3116 3285 (87),
3148 3216 3687 3269 subconnumeratur
3722 3228 3913 3272 autem

2336 3301 2482 3356 Patri
2522 3311 2572 3357 et
2612 3302 2770 3367 Filio,
2805 3313 3063 3374 tanquam
3110 3306 3346 3374 primum
3400 3306 3625 3360 secundi
3678 3323 3774 3375 per
3822 3307 3914 3360 fa-

2336 3407 2483 3452 ctum
2518 3399 2739 3453 virtutis
2762 3400 3128 3463 signaculum.
3150 3399 3359 3454 Etenim
3388 3402 3501 3471 ipse
3526 3399 3704 3454 Patris
3727 3401 3915 3456 ferens

2334 3490 2716 3558 aequipondera
2756 3491 3058 3554 voluntate,
3118 3490 3319 3545 innatae
3371 3494 3794 3560 perseverantiae
3856 3495 3911 3546 in

2336 3582 2568 3651 imagine
2601 3582 2996 3650 operationem,
3024 3592 3145 3651 post
3171 3585 3467 3654 ingenitum
3500 3594 3913 3653 consequenter

2336 3672 2472 3727 bene
2521 3681 2949 3728 connumeratus
2991 3683 3092 3728 est.
3156 3675 3320 3729 Multa
3370 3685 3549 3729 autem
3611 3684 3663 3729 et
3697 3678 3803 3728 alia
3842 3677 3911 3730 de

2335 3763 2514 3828 Patre,
2554 3775 2608 3819 et
2657 3764 2813 3826 Filio,
2843 3773 2896 3818 et
2940 3765 3146 3834 Spiritu
3178 3775 3369 3820 sancto
3392 3767 3630 3819 breviter
3666 3768 3830 3819 nobis
3854 3778 3909 3820 et

2332 3852 2611 3906 evidenter
2656 3853 2929 3922 exposuit,
2976 3860 3036 3905 ut
3079 3868 3271 3907 omnes
3329 3853 3614 3908 audientes
3669 3856 3903 3907 mirare-

2332 3958 2476 4005 mur,
2510 3943 2783 4011 quomodo
2810 3940 3059 3997 homines
3088 3943 3351 3997 derelicta
3380 3944 3611 3998 veritate
3643 3946 3906 3998 Conversi

2330 4034 2550 4087 suntvad
2584 4033 2918 4105 vanitatem]

2402 4122 2513 4178 XII.
2557 4120 2660 4177 Sed
2706 4139 2831 4177 cum
2884 4124 3157 4177 illuxisset
3189 4122 3307 4178 dies
3332 4122 3467 4193 (88),
3496 4124 3783 4192 ingressus
3815 4137 3903 4179 est

2328 4216 2549 4284 quidam
2597 4215 2831 4269 dicens:
2864 4216 3153 4270 Multitudo
3211 4218 3442 4285 plurima
3503 4226 3790 4277 exspectat
3845 4220 3901 4271 in

2328 4308 2487 4371 atrio,
2522 4309 2573 4360 in
2596 4324 2827 4377 quorum
2870 4309 3048 4361 medio
3073 4317 3180 4364 stat
3208 4308 3416 4372 Simon,
3445 4310 3900 4377 persuasionibus

2328 4400 2580 4468 pessimis
2629 4400 2926 4467 praevenire
2958 4415 3119 4453 aures
3167 4400 3352 4468 populi
3393 4401 3649 4467 cupiens.
3688 4399 3754 4451 Et
3789 4399 3895 4453 Pe-

670 4496 1005 4551 nativitatem
1061 4506 1113 4549 et
1166 4494 1426 4547 facturam
1475 4510 1644 4562 usque
1697 4494 1762 4547 ad
1808 4494 2218 4563 appellationem
2256 4510 2297 4563 D
2328 4498 2445 4543 trus
2473 4492 2653 4545 statim
2678 4507 2933 4560 egressus
2950 4492 3099 4545 stetit
3132 4492 3185 4544 in
3215 4491 3334 4544 loco
3361 4507 3467 4559 quo
3494 4489 3669 4559 pridie
3700 4490 3897 4558 dispu-

668 4603 776 4641 non
820 4586 1059 4655 recepit?
1086 4584 1202 4639 Non
1239 4587 1382 4640 enim
1428 4586 1573 4656 quod
1604 4594 1688 4640 est
1729 4600 1823 4654 per
1872 4586 1981 4640 haec
2025 4586 2217 4650 habet;

666 4680 769 4732 ista
792 4662 979 4729 autem
1024 4676 1090 4731 de
1129 4676 1237 4730 Deo
1286 4678 1466 4731 dicere
1514 4678 1736 4746 impium
1777 4687 1879 4732 est.
1926 4678 2213 4733 Manifesta

663 4769 807 4821 enim
837 4777 919 4822 est
945 4769 1028 4822 his
1051 4769 1143 4837 qui
1172 4770 1251 4823 vel
1284 4770 1551 4823 modicum
1583 4770 1859 4840 quidpiam
1894 4772 2075 4826 videre
2106 4787 2223 4840 pos-

664 4868 813 4922 sunt,
845 4860 932 4912 illa
972 4861 1215 4930 ingeniti,
1256 4862 1637 4930 impassibilis,
1670 4862 1852 4915 innata
1887 4864 2216 4919 substantia.

662 4948 723 5012 Si
754 4967 882 5006 vero
910 4960 962 5006 et
998 4962 1116 5023 post
1144 4954 1478 5009 nativitatem
1507 4956 1807 5010 substantia
1838 4956 2113 5024 nunquam
2150 4955 2217 5008 ad

733 5108 779 5137 ⁸¹
819 5105 961 5163 Psal.
994 5124 1099 5171 cn,
1132 5109 1180 5161 1.
1258 5108 1302 5140 ⁸³
1339 5107 1470 5162 Gen.
1507 5125 1541 5172 ι,
1576 5109 1666 5163 3|.

2322 4592 2551 4647 taverat,
2572 4585 2857 4652 omnisque
2888 4584 2953 4637 ad
2985 4584 3159 4652 ipsum
3195 4584 3422 4651 populiis
3445 4597 3748 4637 conversus
3766 4600 3893 4636 cum

2319 4675 2518 4745 gaudio
2550 4673 2864 4729 intendebat
2895 4675 2949 4726 in
2977 4690 3123 4727 eum.
3152 4672 3348 4726 Simon
3394 4688 3522 4725 vero
3569 4672 3659 4725 ubi
3716 4674 3894 4727 sensit

2319 4772 2565 4840 gavisum
2605 4786 2725 4825 esse
2758 4769 3014 4839 populum
3047 4769 3111 4823 de
3145 4776 3440 4837 conspectu
3478 4767 3645 4830 Petri,
3680 4778 3734 4823 et
3759 4786 3892 4837 erga

2322 4862 2570 4916 ail'ectum
2599 4863 2717 4931 ejus
2750 4864 2975 4925 moveri,
3002 4863 3413 4929 obstupefactus
3446 4862 3521 4914 ait
3551 4860 3755 4914 :Miror
3787 4862 3890 4915 ho-

2322 4956 2525 5009 minum
2558 4955 2867 5021 stultitiam,
2892 4955 2984 5024 qui
3008 4971 3092 5010 me
3122 4969 3336 5024 magum
3360 4954 3551 5008 dicunt
3572 4962 3626 5008 et
3662 4954 3889 5010 Petrum

1942 5246 2299 5302 COTELERII
2337 5244 2563 5300 NOTIE.

727 5382 837 5453 (85)
872 5380 1054 5434 Ccnuit
1083 5381 1213 5435 Deus
1243 5384 1502 5436 voluntate
1529 5383 1861 5452 prmredenle.
1898 5382 2084 5435 Dicere
2112 5385 2197 5437 de-

662 5465 799 5518 ount,
850 5454 1123 5505 voluntalc
1170 5456 1492 5515 comitante,
1543 5462 1636 5505 aut
1678 5455 2094 5515 concomitante,
2151 5465 2206 5506 ut

664 5526 955 5592 loquuntur
998 5521 1249 5592 theologi.
1292 5521 1414 5576 Pari
1453 5524 1608 5577 modo
1658 5526 1815 5592 paulo
1864 5532 2020 5591 post,
2068 5534 2209 5578 recte

661 5590 971 5662 scripsisset
996 5609 1006 5642 :
1056 5590 1199 5644 unus
1219 5594 1354 5645 enim
1379 5612 1479 5645 non
1504 5604 1601 5655 est,
1629 5590 1785 5663 neque
1824 5590 1929 5662 ipse
1958 5594 2055 5647 sibi
2082 5610 2212 5659 pra:-

660 5667 804 5741 cipit,
834 5680 949 5733 pro,
982 5678 1141 5715 unum
1168 5664 1304 5716 enim
1327 5680 1427 5717 non
1448 5675 1545 5728 est,
1570 5679 1727 5728 neque
1756 5666 1922 5730 ipsum
1943 5664 2042 5716 sibi
2074 5680 2210 5729 pra:-

652 5741 800 5789 ειβιι.

704 5806 814 5865 (ευ)
834 5803 954 5870 Ipsa
977 5803 1625 5874 inquisitio.Forte,ipsam
1640 5805 2029 5873 inquisitione»:
2049 5807 2203 5862 timor

2312 5384 2427 5438 Dei.
2456 5382 2543 5435 Sic
2570 5398 2669 5435 ms.
2702 5380 2869 5435 Cand.

2384 5455 2491 5521 (87)
2529 5452 2722 5504 Factus
2746 5465 2820 5504 est
2842 5452 2977 5505 enim
2998 5467 3085 5518 per
3101 5452 3316 5519 factum.
3342 5450 3545 5506 Forsan
3567 5450 3755 5508 Grtet-e
3783 5456 3850 5508 ita
3870 5486 3883 5497 -

2312 5520 2538 5603 bebatur
2579 5522 2766 5601 γέγονε
2798 5522 2902 5603 γᾴρ
2938 5522 3145 5603 διᾲιτού
3183 5520 3441 5603 gave-.05,
3489 5522 3634 5591 quod
3662 5528 3881 5603 .melius

2311 5595 2446 5647 verti
2490 5594 2792 5665 potuisset:
2844 5592 3066 5645 Exstitit
3117 5594 3254 5647 enim
3297 5608 3384 5660 per
3423 5609 3541 5645 eum
3584 5594 3673 5662 qui
3722 5606 3874 5649 ortu:

2308 5672 2405 5717 est.

2383 5734 2491 5801 (88)
2538 5731 2637 5786 Sed
2663 5750 2806 5806 eum,
2856 5741 2962 5785 etc.
3013 5733 3074 5788 In
3116 5749 3284 5806 marg.
3327 5744 3429 5789 ms.
3464 5732 3565 5788 Th.
3601 5750 3615 5786 :
3662 5740 3743 5794 Ab
3780 5737 3883 5791 ista

2311 5802 2422 5857 loco
2456 5820 2629 5856 secure
2654 5802 2815 5871 legere
2844 5813 3004 5870 potes.
