4066 6334
225 394 362 451 1289

1450 383 2020 444 RECOGNITIONUM
2059 385 2184 441 LIB.
2225 384 2314 442 III.

3355 381 3503 436 i290

219 507 483 582 diligunt,
515 524 641 564 cum
690 510 878 579 utique
910 507 1041 564 olim
1087 506 1355 562 habentes
1384 508 1636 560 notitiam
1673 506 1803 569 mei,
1835 518 1880 565 Α
1913 503 2107 559 Petrus
2134 523 2146 558 :
2191 504 2360 558 Video
2385 513 2437 557 te
2468 501 2673 557 sentire
2693 497 2840 568 quod
2865 495 3183 567 arguendos
3205 494 3307 559 sis,
3335 503 3388 550 et
3411 497 3500 553 vi.

223 621 313 660 me
352 603 530 673 magis
567 603 798 674 diligere
835 601 1122 658 deberent.
1156 601 1224 656 Et
1273 601 1396 656 ideo
1427 618 1493 656 ex
1525 602 1628 656 hoc
1658 600 1805 656 indi-

217 696 332 752 cio.
395 695 489 764 qui
523 695 727 749 habent
759 709 986 750 sensum
1032 700 1268 764 possunt
1317 693 1644 764 intelligere,
1676 691 1806 762 quia

220 787 400 857 magis
447 786 643 842 Petrus
700 802 895 856 magus
919 786 1093 841 videri
1127 793 1328 857 potest.
1354 801 1480 840 cum
1521 785 1680 850 mihi,
1715 785 1802 838 cui

219 895 288 934 ex
330 881 734 936 consuetudine
761 882 982 937 debitus
1015 882 1409 952 propemodum
1439 889 1547 944 est,
1572 896 1683 935 non
1709 881 1806 936 de-

224 969 400 1027 fertur
427 973 681 1037 all‘eetus,
726 974 808 1027 illi
848 982 1053 1040 autem,
1086 975 1177 1029 cui
1208 975 1362 1029 nullo
1403 990 1507 1030 usu
1550 974 1804 1040 debetur,

218 1062 572 1117 abundanter
595 1065 950 1134 expenditur.

291 1153 434 1207 XIII.
476 1154 540 1206 Et
570 1169 696 1208 cum
728 1156 904 1208 multa
928 1155 1310 1224 hujuscemodi
1347 1152 1537 1208 Simon
1565 1153 1798 1216 diceret,

215 1241 416 1298 Petrus
448 1244 682 1297 salutato
705 1260 774 1299 ex
808 1259 962 1299 more
985 1247 1194 1316 pepulo
1216 1247 1292 1300 ita
1315 1245 1601 1315 respondit
1633 1261 1645 1297 :
1674 1243 1806 1298 Suf-

214 1334 329 1389 ﬁcit
382 1336 699 1406 unicuique,
753 1354 787 1389 υ
839 1335 1052 1402 Simon,
1109 1339 1182 1393 ad’
1234 1336 1804 1392 confutandum.con-~

210 1426 451 1480 scientia
495 1443 629 1492 sua;
674 1428 822 1496 quod
862 1429 908 1483 si
945 1429 1047 1482 hoc
1077 1429 1324 1491 miraris,
1354 1428 1501 1499 quod
1539 1427 1654 1482 noti
1691 1443 1802 1481 non

210 1515 402 1569 solum
443 1524 500 1586 te
553 1532 662 1570 non
705 1517 938 1588 diligunt
970 1520 1065 1572 sed
1106 1528 1162 1573 et
1192 1519 1426 1574 oderunt
1445 1519 1546 1582 tui,
1575 1533 1800 1582 causam

207 1604 369 1662 disce
396 1623 428 1661 a
459 1625 568 1664 me.
603 1609 740 1663 Cum
768 1611 851 1664 sis
890 1611 1170 1675 seductor,
1204 1613 1490 1667 veritatem
1517 1619 1572 1666 te
1598 1611 1800 1681 praedi-

202 1714 344 1754 «care
374 1701 672 1770 proﬁteris,
688 1696 778 1756 '01)
821 1703 923 1757 hoc
967 1704 1151 1773 plures
1183 1704 1518 1759 desiderium
1548 1715 1801 1773 gerentes

202 1791 493 1846 discendae
513 1794 760 1848 veritatis
790 1794 1002 1849 amicos
1030 1794 1295 1849 habuisti.
1325 1793 1431 1848 Sed
1451 1794 1506 1848 hi
1530 1794 1622 1847 ubi
1659 1809 1796 1848 con-

1912 596 2124 649 urbane
2159 595 2543 665 subterfugere
2587 601 2914 656 certamen;
2959 605 3086 642 nam
3132 587 3265 658 quid
3307 589 3497 642 vidisti

1907 702 1998 741 me
2027 687 2226 740 iratum
2273 686 2468 741 fecisse
2498 686 2554 739 in
2585 693 2641 739 te
2672 684 2950 738 hominem
2989 687 3200 733 tantum
3231 679 3492 749 populum
3583 743 3586 746 ι

1909 777 2171 847 decipere
2189 777 2526 847 cupientem,
2557 782 2611 830 et
2641 790 2766 828 cum
2806 773 2942 826 nihil
2989 771 3194 827 habeas
3232 770 3378 840 quod
3410 771 3495 824 di-

1909 882 2026 930 cas,
2060 866 2384 921 modestiam
2419 865 2810 921 simulantem?
2837 864 2929 934 qui
2961 870 3016 917 et
3047 863 3371 916 auctoritate
3401 870 3493 913 tua

1903 956 2089 1026 jubes,
2123 966 2183 1011 ut
2215 954 2496 1027 quomodo
2532 957 2649 1025 ipse
2683 957 2766 1010 vis
2806 963 2857 1022 et
2892 971 3002 1008 non
3048 951 3326 1024 quomodo
3356 953 3492 1006 ordo

1908 1051 2170 1120 postulat,
2206 1049 2583 1105 controversia
2621 1057 2924 1104 moveatur.
2949 1046 3014 1100 Et
3054 1045 3242 1100 Simon
3271 1065 3286 1099 τ
3316 1047 3497 1113 Impe-

1908 1143 2044 1198 rabo
2075 1142 2211 1196 mihi
2235 1143 2337 1212 ipsi
2363 1139 2631 1211 patientia
2667 1141 2742 1193 uti
2773 1139 2839 1192 ad
2869 1139 3198 1208 imperitiam
3233 1146 3406 1199 tuam,
3433 1144 3494 1190 ut

1906 1237 2197 1292 ostendam
2226 1246 2279 1292 te
2319 1238 2540 1308 quidem
2580 1237 2721 1292 velle
2766 1236 3026 1305 populum
3077 1235 3373 1312 seducere,
3407 1249 3494 1287 me

1907 1336 2090 1383 autem
2121 1328 2321 1384 docere
2346 1346 2470 1401 quae
2500 1345 2628 1384 vera
2675 1336 2826 1383 sunt.
2874 1326 2978 1380 Sed
3023 1342 3171 1380 nune
3195 1328 3391 1380 omitto
3425 1327 3494 1381 de

1907 1422 2178 1477 immensa
2222 1424 2345 1478 luce
2378 1423 2691 1486 discutere,
2724 1422 2872 1492 quod
2918 1421 3197 1490 interrogo
3246 1428 3300 1476 te
3325 1460 3342 1484 ,
3388 1421 3498 1474 hoc.

1905 1516 2040 1570 mihi
2068 1517 2340 1586 reSponde
2370 1534 2384 1571 :
2430 1516 2566 1570 Cum
2598 1514 2744 1570 Deus
2791 1515 2981 1569 fecerit
3011 1515 3269 1570 universa
3290 1555 3306 1579 ,
3339 1523 3400 1567 ut
3429 1523 3490 1568 tu

1905 1607 2069 1670 dicis,
2106 1608 2247 1663 unde
2276 1615 2362 1662 cst
2393 1607 2596 1661 malum
2620 1608 2647 1660 ?
2686 1606 2751 1660 Et
2781 1606 3010 1661 Petrus:
3046 1605 3160 1660 Iloc
3205 1608 3368 1660 modo
3404 1607 3492 1660 in-

1905 1710 2188 1771 terrogare
2213 1716 2322 1755 non
2344 1708 2430 1756 est
2451 1699 2817 1763 adversantis,
2844 1699 2940 1755 sed
2966 1699 3251 1754 discentis.
3281 1698 3338 1753 Si
3360 1715 3492 1769 ergo

1908 1794 1994 1847 vis
2039 1793 2274 1856 discere,
2305 1793 2588 1856 conﬁtere,
2608 1801 2661 1847 et
2691 1793 2844 1861 prius
2872 1799 2926 1846 te
2966 1791 3192 1846 doceam
3218 1791 3493 1859 quomodo

199 1885 384 1938 traria
414 1886 472 1939 in
505 1893 557 1940 te
593 1872 757 1955 quam
789 1888 1443 1956 proﬁtebaris-viderunt,
1474 1890 1602 1959 quia
1643 1905 1800 1943 aina-
1829 1861 1872 1914 Β
1905 1885 2112 1940 debeas
2135 1883 2370 1950 discere,
2395 1895 2598 1938 etcum
2642 1883 2903 1938 didiceris
2937 1882 3158 1945 audire,
3202 1890 3337 1936 tunc
3375 1882 3491 1953 jam

204 1984 364 2030 tores
392 1984 571 2039 erant,
610 1985 666 2031 ut
696 1978 830 2040 dixi,
863 1980 1136 2042 veritatis,
1172 1995 1282 2034 non
1319 1983 1500 2036 solum
1537 1997 1645 2035 non
1669 1983 1796 2035 dili-

196 2084 340 2137 gere
372 2076 445 2135 te,
482 2070 577 2122 sed
604 2078 662 2125 et
688 2069 880 2127 odisse
901 2079 1210 2142 cmperunt.
1243 2072 1364 2127 Non
1395 2081 1579 2126 autem
1613 2074 1797 2128 statim

190 2150 281 2213 'ah
309 2161 398 2213 eis
451 2161 706 2217 desertus
738 2179 824 2223 es.
858 2166 986 2234 quia
1017 2165 1100 2219 vel
1135 2166 1488 2234 pollicebaris
1528 2166 1707 2219 adhuc
1746 2174 1800 2219 te

194 2252 287 2306 cis
323 2251 619 2306 ostendere
651 2270 842 2323 posse,
876 2255 1022 2326 quod
1056 2271 1243 2310 verum
1298 2264 1402 2311 est.
1453 2256 1637 2311 Donec
1668 2273 1799 2328 ergo

194 2344 455 2398 nondum
469 2345 654 2400 aderat
675 2347 765 2417 qui
785 2356 972 2417 posset
995 2351 1315 2414 ostendere,
1351 2351 1700 2421 patiebantur
1722 2360 1796 2416 te,

195 2436 298 2488 ubi
336 2451 468 2491 vero
499 2439 731 2506 speseis
755 2439 1020 2494 doctrina
1042 2443 1288 2497 melioris
1323 2445 1532 2510 arrisit,
1559 2452 1613 2500 te
1660 2460 1797 2498 con-

191 2536 518 2584 temnentes
557 2532 706 2600 quod
751 2533 954 2588 melius
1003 2535 1314 2605 intelligunt
1354 2551 1523 2590 nosse
1571 2535 1795 2591 deside-

195 2627 355 2672 rant.
379 2620 442 2673 Et
470 2628 531 2674 tu
561 2623 780 2691 quidem
813 2623 1041 2680 nefariis
1072 2627 1286 2680 artibus
1316 2639 1504 2696 agens,
1540 2627 1608 2680 ab
1634 2641 1799 2682 exor-

192 2712 296 2764 dio
329 2711 504 2766 latere
534 2722 586 2767 te
622 2731 786 2784 posse
818 2716 1137 2780 credidisti,
1158 2717 1254 2771 sed
1285 2733 1393 2792 non
1429 2719 1602 2784 lates;
1636 2735 1796 2790 urge-

198 2809 280 2862 ris
313 2810 462 2862 enim
491 2819 548 2865 et
568 2822 768 2866 contra
793 2811 945 2882 spem
975 2812 1298 2884 publi-caris,
1331 2817 1460 2886 quia
1480 2832 1590 2869 non
1618 2812 1802 2870 solnm'

200 2900 476 2967 ignorasti
514 2903 824 2965 veritatem,
864 2904 960 2958 sed
1003 2919 1103 2960 nec
1134 2904 1326 2959 audire
1355 2904 1578 2960 voluisti
1611 2905 1682 2959 ab
1711 2906 1796 2960 his

197 2992 297 3059 qui
349 3006 470 3043 eam
516 2992 785 3048 sciebant.
822 2993 877 3048 Si
911 2997 1056 3050 enim
1090 2998 1282 3052 audire
1312 2998 1604 3061 voluisses,
1638 2997 1796 3050 inno-

199 3083 408 3137 tnisset
439 3085 627 3153 utique
667 3086 762 3139 tibi
795 3088 887 3140 ille
919 3103 1111 3142 sermo
1132 3089 1254 3158 ejus
1286 3090 1381 3160 qui
1414 3091 1514 3157 ait,
1546 3091 1681 3162 quia
1710 3091 1767 3143 m'

1890 1986 1958 2033 te
1993 1979 2252 2047 incipiam
2293 1985 2697 2047 consequenter
2743 1977 2962 2031 docere.
3010 1975 3067 2030 Si
3098 1990 3228 2032 vero
3255 1977 3364 2030 non
3407 1975 3492 2030 vis

1891 2071 2121 2128 discere
2155 2079 2418 2142 tanquam
2468 2072 2652 2128 sciens
2692 2085 2899 2137 omnia,
2929 2086 3033 2141 ego
3079 2073 3234 2150 prius
3272 2085 3490 2140 expono

1885 2166 2064 2221 tidem
2095 2181 2257 2236 quam
2291 2164 2552 2235 praedico,
2575 2179 2787 2233 expone
2815 2171 2870 2217 et
2899 2170 2958 2216 tu
2988 2163 3134 2233 quod
3167 2163 3269 2216 tibi
3300 2179 3487 2216 verum

1903 2258 2145 2326 videtur,
2175 2265 2229 2314 et
2258 2273 2384 2312 cum
2411 2257 2706 2312 manifesta
2757 2257 2921 2310 fuerit
2965 2257 3253 2325 utriusque
3278 2255 3492 2324 proles-

1902 2355 2009 2419 sio,
2048 2354 2328 2423 judieetur
2353 2354 2421 2408 ab
2450 2353 2806 2407 auditoribus
2823 2352 2986 2416 cujus
3035 2359 3282 2405 nostrum
3308 2365 3490 2405 sermo

1904 2449 1977 2503 sit
2006 2447 2238 2502 veritate
2269 2445 2562 2502 subnixus.
2596 2444 2661 2498 Et
2694 2443 2885 2498 Simon
2916 2443 2982 2496 ad
3015 2443 3131 2497 haec
3164 2443 3485 2513 respondit:

1903 2539 2074 2595 Risus
2098 2541 2232 2594 mihi
2252 2550 2359 2603 est,
2393 2556 2522 2594 ecce
2556 2539 2649 2609 qui
2683 2539 2953 2608 promittit
2985 2537 3129 2607 quod
3156 2552 3242 2591 me
3273 2537 3487 2591 doceat.

1902 2631 2294 2686 Verumtamen
2345 2632 2522 2701 patiar
2570 2639 2624 2685 te
2665 2640 2719 2683 et
2761 2631 3088 2699 imperitiam
3134 2638 3282 2682 tuam
3327 2638 3492 2698 atque

1900 2724 2275 2792 arrogantiam
2309 2722 2502 2776 feram.
2536 2722 2838 2784 Confiteor,
2875 2722 3089 2776 discere
3121 2721 3266 2787 volo,
3303 2721 3490 2774 videa-

1900 2830 2029 2868 mus
2051 2815 2330 2882 quomodo
2361 2831 2448 2869 me
2479 2815 2687 2883 poteris
2715 2814 2933 2868 docere.

1969 2925 2115 2982 XVI.
2142 2926 2208 2980 Et
2232 2926 2428 2982 Petrus
2452 2947 2464 2981 :
2495 2925 2575 2992 Si,
2600 2928 2801 2995 inquit.
2827 2942 2954 2983 vere
2975 2926 3059 2980 vis
3083 2925 3314 2988 discere,
3337 2927 3488 2980 disce

1900 3021 2006 3076 hoc
2053 3020 2331 3092 primum,
2383 3036 2549 3090 quam
2600 3020 2856 3090 imperite
2909 3019 3368 3088 interrogaveris;
3404 3018 3487 3072 ais

1897 3113 2071 3178 enim,
2105 3128 2230 3167 enm
2266 3112 2410 3168 Deus
2443 3113 2702 3169 universa
2731 3115 3034 3174 creaverit,
3062 3111 3206 3165 unde
3243 3119 3327 3166 est
3370 3126 3486 3163 ina-

185 3176 277 3243 lu'l
308 3185 388 3274 est
415 3171 680 3274 occultum
707 3177 856 3274 qu‘od
876 3195 979 3232 non
1004 3191 1337 3249 agnoscetur,
1367 3198 1531 3252 neque
1555 3193 1792 3252 opertum
1820 3210 1863 3264 ο
1897 3206 2009 3260 lum
2028 3171 2069 3260 «ρ’
2109 3204 2252 3260 Alne
2298 3205 2445 3258 enim
2477 3221 2641 3274 quam
2686 3204 2789 3259 hoc
2837 3171 3084 3270 rogare-5'
3138 3211 3251 3257 “es
3310 3203 3485 3258 inter-

191 3266 357 3346 quod.
371 3283 474 3318 non
496 3269 760 3321 reveletur
774 3268 846 3324 ⁸⁸.

272 3358 415 3413 XIV.
458 3355 585 3414 Haec
619 3369 681 3415 et
727 3363 816 3416 his
865 3363 1070 3417 similia
1108 3364 1325 3420 dicente
1373 3364 1558 3428 Petro,
1596 3366 1785 3420 Simon

194 3451 530 3521 respondit:
560 3451 696 3506 Nolo
725 3468 815 3507 me
853 3456 1036 3509 verbis
1082 3471 1343 3526 occupes,
1381 3456 1564 3523 Petre,
1599 3470 1788 3528 repeto

187 3545 300 3598 abs
337 3552 388 3598 te
418 3560 539 3614 quae
562 3544 828 3599 hesterno
861 3547 1238 3616 promiseras;
1263 3549 1494 3606 dicebas
1521 3552 1667 3604 enim
1693 3566 1782 3605 os-

188 3635 512 3690 tendere‘te
551 3652 736 3706 posse,
769 3637 901 3708 quia
956 3638 1043 3694 lex
1091 3640 1287 3696 doceat
1319 3642 1392 3696 de
1418 3644 1788 3698 immensitate

185 3726 342 3780 lucis
367 3733 606 3794 :eternte,
632 3735 687 3782 et
719 3728 870 3799 quod
898 3729 1008 3785 duo
1037 3739 1254 3785 tantum
1284 3733 1398 3788 sint
1426 3735 1550 3788 cceli
1590 3747 1643 3791 et
1682 3737 1785 3805 ipsi

185 3821 392 3882 creati,
417 3822 513 3875 sed
546 3822 805 3892 superius
835 3840 960 3879 esse
991 3825 1139 3880 lucis
1158 3826 1308 3881 illius
1346 3828 1552 3893 sedem,
1582 3830 1638 3883 in
1677 3848 1785 3900 qua

189 3916 350 3966 solus
374 3912 430 3965 in
460 3921 727 3967 aeternum
763 3916 967 3971 residet
998 3917 1291 3977 ineﬂ‘abilis
1321 3917 1515 3988 Pater;
1542 3921 1610 3975 ad
1637 3924 1785 3980 illius

185 4014 326 4056 vero
385 4004 510 4058 cmli
553 4006 972 4061 similitudinem
1030 4008 1236 4064 factum
1276 4026 1400 4066 esse
1438 4012 1601 4066 etiam
1637 4015 1781 4068 istud

183 4094 410 4149 visibile
456 4097 678 4163 cadum,
706 4099 854 4166 quod
887 4106 942 4154 et
981 4101 1344 4156 transiturum
1394 4104 1781 4163 conﬁriuabas.

184 4185 376 4242 Unum
409 4203 541 4257 ergo
569 4188 761 4244 dixisti
791 4206 914 4246 esse
961 4189 1182 4248 Patrem
1208 4198 1474 4261 omnium,
1508 4198 1635 4268 quia
1673 4217 1782 4256 non

181 4287 429 4349 possunt
456 4280 566 4334 duo
620 4278 1062 4348 esseimmensi,’
1103 4286 1310 4355 alioqui
1354 4299 1546 4343 neuter
1591 4307 1783 4346 eorum

180 4375 497 4428 immensus
525 4375 652 4436 erit,
680 4375 811 4444 quia
847 4377 902 4430 in
932 4392 999 4432 eo
1020 4393 1132 4448 quo
1150 4381 1288 4435 alter
1313 4383 1591 4448 subsistit,
1621 4387 1780 4441 alteri

178 4454 358 4520 tinem
381 4466 725 4521 subsistendi
775 4467 921 4522 facit.
964 4467 1022 4523 Si
1072 4487 1206 4541 ergo
1251 4474 1518 4532 hiecnon
1567 4487 1779 4534 tantum

167 4538 495 4628 polliceris,
536 4560 635 4614 sed
665 4569 721 4615 et
748 4563 1046 4617 ostendere
1068 4538 1224 4633 potes
1248 4583 1316 4621 ex
1349 4569 1485 4639 lege,
1519 4572 1779 4627 omittens
1809 4549 1856 4604 θ

177 4657 348 4725 plura
396 4654 549 4723 loqui
593 4655 722 4707 hinc
755 4656 956 4725 incipe.
988 4655 1052 4708 Et
1076 4658 1273 4714 Petrus
1309 4681 1321 4715 :
1362 4661 1418 4715 Si
1450 4673 1671 4734 propter
1704 4674 1777 4730 te,

174 4746 388 4815 inquit,
423 4747 518 4815 qui
549 4746 615 4800 ad
647 4748 1142 4803 contradicendum
1177 4757 1560 4811 tantummodo
1596 4758 1774 4822 venis,

172 4840 413 4907 rogarer
442 4837 509 4891 de
537 4838 620 4892 liis
641 4838 852 4900 dicere,
886 4855 1168 4909 nunquam
1203 4859 1235 4896 a
1266 4860 1352 4898 me
1380 4861 1548 4898 unum
1581 4848 1774 4902 saltem

171 4944 380 4999 posses
411 4920 606 4984 audire
623 4920 966 4996 sermonem,
996 4935 1090 4989 sed
1126 4939 1388 5004 quoniam
1416 4955 1644 4995 necesse
1690 4950 1775 4996 est

166 5020 503 5089 agricolam,
530 5021 623 5090 qui
655 5022 773 5075 vult
823 5020 1031 5078 bonam.
1056 5035 1256 5081 terrain
1289 5032 1582 5094 seminare,
1626 5048 1764 5085 non-

167 5108 334 5160 nulla
368 5109 585 5163 semina
627 5112 859 5180 perdere
889 5122 984 5168 aut
1030 5117 1089 5170 in
1117 5120 1377 5186 petrosis,
1420 5131 1516 5175 aut
1564 5123 1616 5176 in
1680 5126 1764 5179 his

165 5217 304 5272 quae
331 5203 405 5255 ab
426 5194 750 5259 hominibus
782 5209 1159 5264 conculcanda
1193 5222 1338 5276 sunt,
1369 5213 1453 5268 vel
1491 5215 1544 5268 in
1572 5217 1768 5271 dumo.

164 5298 258 5352 sis
277 5311 348 5351 ac
370 5297 599 5367 repletis
622 5301 880 5356 sentibus
911 5301 1067 5366 locis,
1096 5303 1239 5361 sicut
1257 5315 1322 5365 _et
1359 5307 1618 5379 Magister
1662 5327 1764 5364 ηομ

164 5402 295 5448 sier
322 5395 583 5462 exposuit
601 5394 979 5451 diversitatem
1005 5401 1270 5468 propositi
1329 5402 1764 5476 uniuscujusque

165 5483 392 5537 animi?
403 5500 503 5554 per
531 5486 645 5541 hate
678 5486 935 5542 indicans
951 5489 1025 5555 ",
1052 5505 1161 5545 non
1197 5495 1472 5549 morabor.

137 5649 142 5657 _
246 5577 375 5652 Χὶζ.
417 5577 554 5633 Τιιηι
578 5578 813 5636 Simon:
846 5581 1066 5640 Videris
1101 5588 1267 5654 mihi,
1313 5591 1526 5662 inquit,
1560 5593 1722 5650 irasci
1751 5616 1766 5662 ;

133 5670 328 5740 quin]
364 5670 416 5726 si
455 5679 565 5736 est,
611 5687 724 5726 non
760 5689 985 5730 necesse
1025 5688 1110 5732 est
1155 5680 1294 5736 inire
1331 5684 1666 5742 conﬂictum.
1700 5687 1772 5741 Et

283 5853 335 5884 ιι
362 5853 553 5908 Matth.
583 5829 750 5914 :36.
809 5860 854 5890 ει
895 5859 1032 5916 Luc.
1070 5878 1184 5928 vni,
1219 5866 1267 5919 rs.

501 5950 774 6012 Ριιτιιοι..
821 5953 942 6013 Gn.
993 5955 1036 6016 1.

1894 3295 2122 3364 rogandi
2196 3293 2411 3364 species
2483 3295 2888 3365 praecedebant.
2965 3292 3152 3347 Primo
3185 3335 3200 3353 ,
3281 3294 3327 3348 si
3401 3302 3488 3348 est

1892 3385 2140 3452 malum;
2196 3384 2472 3449 secundo,
2527 3385 2662 3454 quid
2709 3385 2780 3438 sit
2835 3385 3082 3456 malum;
3138 3384 3336 3447 tertio,
3396 3386 3486 3438 cui

1893 3478 1986 3542 sit,
2036 3487 2090 3533 et
2143 3477 2312 3532 unde.
2363 3475 2465 3531 Ad'
2503 3478 2616 3531 hate
2674 3476 2901 3531 Simon:
2956 3475 3000 3531 Ο
3035 3475 3482 3547 imperitissimo.

1894 3571 2113 3641 inquit,
2176 3578 2232 3626 et
2277 3570 2732 3634 ineruditissime,
2789 3578 2946 3624 estne
2999 3569 3282 3624 hominum
3334 3571 3487 3639 quis-

1890 3675 2052 3729 quam
2107 3659 2200 3728 qui
2250 3675 2357 3714 non
2394 3659 2757 3726 conﬁteatur,
2798 3659 2926 3729 quia
2995 3659 3068 3714 sit
3125 3661 3178 3713 in
3213 3660 3316 3713 hac
3375 3661 3486 3714 vita

1892 3752 2146 3806 malum?
2196 3750 2351 3806 Unde
2400 3761 2455 3806 et
2500 3766 2603 3822 ego
2646 3759 2849 3821 putans
2899 3760 2951 3807 te
2998 3752 3084 3806 vel
3133 3767 3482 3806 communem

1889 3843 2137 3897 omnium
2167 3841 2371 3897 habere
2401 3857 2625 3897 sensum
2648 3883 2662 3906 ,
2692 3843 3031 3911 interrogavi
3065 3844 3212 3898 unde
3250 3844 3322 3898 sit
3364 3860 3484 3899 ma-

1889 3935 2023 3996 lum,
2066 3950 2177 3988 non
2214 3941 2274 3988 ut
2300 3934 2518 3990 discere
2538 3935 2750 3995 volens,
2781 3935 2881 4011 qui
2927 3935 3114 3989 omnia
3154 3936 3347 3996 sciam,
3382 3936 3482 3991 abs

1889 4031 1941 4078 te
1975 4024 2251 4094 prazcipue
2277 4025 2368 4094 qui
2410 4024 2547 4077 nihil
2579 4023 2830 4090 noveris,
2862 4025 2956 4079 sed
2991 4033 3050 4078 ut
3094 4033 3146 4079 te
3194 4026 3480 4082 ostendam

1888 4115 2141 4185 ignarum
2169 4131 2290 4172 esse
2308 4117 2573 4171 omnium.
2599 4117 2664 4170 Et
2699 4133 2766 4171 ne
2798 4125 2954 4187 putes
2984 4118 3112 4188 quia
3147 4119 3322 4173 iratus
3355 4135 3480 4173 sum

1886 4209 2036 4279 quod
2074 4210 2148 4262 ita
2198 4219 2377 4264 tecum
2428 4214 2702 4264 austerius
2767 4213 2995 4281 loquor,
3053 4212 3335 4267 miseratio
3389 4227 3479 4264 me

1887 4299 2054 4354 habet
2077 4299 2273 4354 horum
2297 4302 2390 4370 qui
2428 4302 2652 4366 adsunt,
2681 4317 2821 4372 quos
2843 4309 2902 4356 tu
2949 4302 3202 4372 decipere
3232 4304 3471 4357 conaris.

1887 4389 1954 4442 Et
1982 4389 2182 4446 Petrus
2212 4394 2288 4445 ait
2316 4411 2328 4446 :
2367 4391 2596 4446 Multum
2625 4394 2802 4447 malus
2840 4409 2921 4456 es,
2957 4394 3004 4449 si
3031 4402 3215 4448 tantas
3241 4394 3476 4463 injurias

1885 4499 1995 4537 non
2064 4483 2241 4537 iratus
2295 4484 2483 4549 facis;
2533 4484 2627 4539 sed
2711 4485 3048 4554 impossibile
3119 4493 3204 4539 est
3261 4486 3471 4538 funium

1885 4592 1997 4629 non
2026 4591 2386 4646 consurgere,
2417 4577 2508 4630 ubi
2540 4577 2684 4646 ignis
2708 4585 2811 4632 est.
2845 4576 3238 4631 Verumtamen
3268 4577 3468 4639 dicam,

1885 4685 1954 4722 ne
1985 4677 2038 4722 te
2067 4669 2252 4723 verbis
2282 4667 2471 4723 videar
2501 4685 2796 4739 occupare,
2828 4670 3126 4738 quominus
3158 4669 3226 4722 ad
3256 4683 3321 4722 ea
3351 4685 3473 4737 qua:

1883 4762 1986 4816 abs
2005 4769 2058 4815 te
2091 4762 2543 4817 inconvenienter
2577 4770 2707 4817 sunt
2751 4763 2919 4829 dicta,
2959 4762 3344 4833 respondeam.
3375 4763 3471 4817 Ais

1882 4869 2076 4909 omnes
2106 4854 2267 4909 fateri
2310 4842 2438 4925 quia
2470 4840 2543 4911 sit
2588 4859 2824 4919 malum,
2846 4856 3013 4927 quod
3046 4857 3233 4926 utique
3268 4855 3466 4910 falsum

1881 4955 2001 5014 est;
2044 4963 2172 5001 nam
2221 4949 2400 5017 primo
2449 4935 2695 5015 omnium
2746 4953 2874 5019 quia
2913 4951 3179 5004 subsistat
3220 4951 3464 5010 malum,

1878 5035 2134 5093 universa
2159 5031 2522 5094 'Iiebracorum
2556 5051 2716 5110 negat
2741 5041 2894 5110 gens.

1951 5128 2113 5185 XVII.
2132 5129 2196 5182 Et
2223 5129 2437 5195 Simon,
2465 5133 2774 5201 interrupto
2803 5132 2923 5199 ejus
2950 5147 3204 5186 sermone
3229 5149 3242 5184 :
3271 5128 3477 5190 Betim.

1877 5219 2078 5291 inquit,
2116 5222 2326 5276 faciunt
2357 5225 2449 5294 qui
2481 5223 2674 5278 dicunt
2705 5242 2812 5278 non
2847 5239 2972 5277 esse
3010 5225 3240 5278 malum.
3273 5221 3339 5275 Et
3362 5222 3464 5276 Pc-

1875 5327 1994 5372 trus
2022 5335 2036 5370 :
2069 5315 2188 5370 Non
2219 5317 2287 5370 de
2333 5321 2435 5371 hoc
2490 5334 2638 5372 nunc
2686 5321 3076 5389 proposuimus
3107 5311 3293 5373 dicere
3314 5359 3328 5382 ,
3366 5319 3460 5370 sed

1873 5413 2001 5479 quia
2036 5426 2145 5463 non
2191 5426 2384 5464 omnes
2417 5411 2612 5464 dicunt
2667 5428 2790 5466 esse
2852 5413 3078 5464 malum.
3143 5409 3460 5464 Secundum

1875 5509 2056 5556 autem
2090 5509 2207 5556 erat
2255 5503 2597 5572 interrogare
2631 5510 2706 5565 te,
2761 5503 2892 5572 quid
2926 5511 3011 5557 est
3055 5503 3257 5556 malum
3279 5542 3295 5568 ,
3330 5501 3460 5554 suh-

1876 5597 2099 5657 stantia,
2132 5611 2200 5649 an
2235 5596 2530 5662 accidens,
2563 5612 2632 5648 an
2665 5596 2866 5650 actus?
2897 5594 2992 5650 sed
3039 5602 3094 5650 et
3135 5595 3240 5647 alia
3287 5591 3460 5644 multa

1879 5689 2216 5758 liujusmodi.
2252 5688 2317 5742 Et
2353 5697 2476 5759 post
2525 5689 2674 5753 haec,
2717 5704 2846 5761 erga
2887 5688 3018 5760 quid
3047 5689 3129 5741 vel
3179 5682 3461 5755 quomodo

3097 5960 3169 6020 ιιι
