4050 6336
672 361 802 420 ΒΜ

1511 367 1569 422 S.
1612 366 2002 422 CLEMI-INTIS
2044 366 2058 418 Ι
2097 364 2258 418 ΙίΟΜ.
2301 363 2501 420 PONT.
2544 364 2768 420 OPI'IRA
2808 363 3033 420 DUBIA.

3795 358 3935 412 ιεςε

670 480 766 539 sit,
799 488 897 534 aut
940 481 1030 534 cui
1073 480 1145 535 sit
1181 481 1407 539 malum,
1437 490 1618 534 utrum
1651 480 1760 534 Deo
1790 468 1858 534 an
1895 480 2102 550 angelis
2125 518 2139 542 ,
2174 495 2242 530 an
2271 485 2314 537 Α
2346 479 2402 532 Si
2430 480 2648 550 quidem
2674 488 2732 532 ut
2761 478 2891 532 mihi
2914 477 3132 530 videtur
3161 476 3337 529 facere
3358 475 3464 536 vis,
3489 488 3595 544 ego
3618 473 3932 527 secultdum

669 570 1018 635 hominibus,
1055 573 1162 643 piis
1192 588 1261 628 an
1291 573 1506 643 impiis,
1537 573 1792 628 omnibus
1820 588 1886 625 an
1929 573 2202 642 aliquibus
2222 611 2238 635 .

670 677 739 715 an
764 663 869 716 sibi
903 664 1031 732 ipsi,
1063 681 1130 717 an
1161 665 1313 718 nulli.
1339 664 1402 717 Et
1432 673 1562 718 tunc
1589 665 1955 731 interrogares
1987 663 2126 716 unde
2147 664 2238 729 sit,

669 760 988 807 utrumnam
1021 769 1050 806 a
1087 753 1215 820 Deo,
1256 769 1325 808 an
1369 770 1434 808 ex
1475 754 1680 818 nihilo,
1724 769 2012 823 semperne
2054 753 2241 821 fuerit,

668 855 739 894 an
771 857 840 896 ex
871 849 1118 912 tempore
1149 845 1374 914 creperit
1397 886 1412 910 ,
1445 844 1577 898 utile
1617 845 1687 899 sit
1717 859 1784 898 an
1812 844 2021 910 inutile,
2053 855 2107 899 et
2133 846 2241 899 alia

665 932 841 985 multa
868 948 988 1002 qua:
1023 932 1405 1001 hujuscemodi
1438 933 1744 1004 propositio
1783 933 1969 1004 exigit.
2001 933 2084 988 Ad
2125 934 2239 989 haec

669 1022 858 1086 Simon
907 1024 1231 1094 respondit:
1288 1024 1512 1095 Ignosce
1563 1026 1719 1092 mihi,
1747 1027 1927 1081 erravi
1959 1029 2028 1081 de
2065 1027 2238 1095 prima

665 1114 1113 1185 interrogatione,
1149 1117 1242 1172 sed
1270 1128 1398 1187 puta
1432 1133 1518 1172 me
1548 1131 1696 1172 nunc
1724 1117 1960 1188 primum
2001 1118 2239 1174 interro-

663 1217 814 1272 gare,
839 1212 927 1259 est
957 1207 1160 1259 malum
1192 1221 1261 1259 an
1297 1195 1451 1259 non?

734 1314 921 1371 XVIII.
964 1316 1030 1371 Et
1050 1316 1246 1373 Petrus
1273 1317 1348 1370 ait
1374 1336 1387 1371 :
1414 1317 1700 1382 Quomodo
1732 1318 2057 1388 interrogas,
2079 1318 2237 1388 quasi

660 1407 875 1464 discere
907 1411 1099 1465 volens
1127 1426 1196 1465 an
1241 1410 1456 1476 docere,
1496 1427 1564 1464 an
1595 1412 1916 1482 qua:sti0nis
1958 1413 2238 1467 movenda

660 1501 876 1570 gratia?
903 1501 961 1556 Si
993 1505 1217 1572 quidem
1239 1505 1395 1573 quasi
1422 1504 1634 1558 discere
1661 1505 1869 1570 volens,
1896 1504 2072 1558 habeo
2090 1506 2237 1574 quod

656 1602 712 1648 te
740 1595 893 1662 prius
923 1595 1172 1669 docgwm,
1209 1604 1268 1649 ut
1297 1612 1392 1664 per
1421 1596 1868 1665 consequentiam
1899 1603 1954 1650 et
1987 1596 2236 1652 ordinent

654 1688 924 1742 doctrina:
976 1689 1238 1751 veniens,
1279 1705 1344 1742 ex
1383 1698 1435 1742 te
1492 1689 1608 1756 ipso
1653 1689 1925 1759 intelligas
1981 1690 2114 1759 quid
2165 1691 2238 1745 sit

656 1780 885 1835 malum.
931 1778 987 1834 Si
1025 1794 1155 1834 vero
1204 1790 1263 1834 ut
1303 1782 1508 1834 docens
1540 1782 1822 1850 preponis,
1868 1797 1977 1835 non
2019 1781 2234 1851 indigeo

656 1871 756 1924 abs
786 1878 838 1925 te
876 1871 1086 1935 doceri,
1121 1871 1297 1925 habeo
1325 1872 1471 1925 enim
1503 1872 1821 1939 magistrum
1851 1887 1882 1924 a
1911 1889 2020 1942 quo
2046 1873 2231 1927 omnia

655 1959 850 2014 didici.
899 1959 1058 2024 Quod
1092 1964 1137 2014 si
1181 1963 1500 2030 qumstionis
1530 1960 1812 2016 movenda:
1838 1969 1892 2015 et
1917 1961 2231 2031 disputandi

656 2050 851 2118 gratia,
892 2058 1128 2120 uterque
1175 2061 1424 2105 nostrum
1479 2052 1632 2121 prius
1679 2054 1822 2122 quod
1855 2053 1958 2109 sibi
1995 2053 2230 2123 videtur,

654 2153 893 2212 exponat
918 2153 972 2199 et
1010 2146 1083 2198 ita
1115 2155 1397 2200 certamen
1430 2146 1717 2199 habeatur.
1747 2144 1933 2216 Neque
1961 2149 2107 2202 enim
2139 2165 2232 2204 ve-

654 2251 774 2289 rum
803 2245 889 2291 est
917 2237 1032 2306 (89)
1067 2244 1127 2290 ιιι
1158 2238 1462 2307 interroges
1491 2237 1646 2306 quasi
1677 2237 1889 2292 discere
1918 2239 2140 2305 volens,
2176 2246 2231 2295 et

653 2327 1004 2381 contradicas
1031 2335 1091 2380 ut
1119 2328 1346 2392 docens,
1377 2338 1437 2382 ut
1465 2337 1586 2397 post
1605 2329 2020 2398 responsionem
2052 2346 2228 2385 meam

654 2419 712 2472 in
743 2427 836 2473 tuo
869 2419 1082 2488 judicio
1111 2421 1183 2475 sit
1213 2421 1420 2484 dicere,
1454 2421 1498 2474 si
1531 2421 1668 2476 bene
1690 2437 1759 2475 an
1797 2423 1936 2476 male
1966 2421 2225 2478 dixerim.

654 2512 884 2583 Propter
928 2513 1076 2583 quod
1140 2529 1250 2569 non
1306 2526 1460 2583 potes
1517 2515 1571 2568 in
1616 2515 1736 2568 loco
1801 2515 2228 2572 contradicentis

653 2614 806 2660 stans
826 2606 994 2674 judex
1038 2621 1160 2662 esse
1192 2621 1528 2676 eorumqua:
1565 2606 1839 2673 dicimus;
1880 2616 1934 2662 et
1981 2607 2124 2673 ideo,
2170 2617 2228 2662 ut

653 2695 786 2760 dixi,
817 2698 863 2750 si
893 2703 1169 2751 certamen
1209 2695 1518 2750 habendum
1563 2708 1670 2764 est,
1710 2709 1937 2766 uterque
1976 2709 2224 2754 nostrum

651 2791 796 2859 quod
829 2792 993 2844 sentit
1030 2798 1286 2860 exponat,
1337 2797 1391 2845 et
1427 2791 1591 2846 nobis
1622 2793 1675 2844 in
1720 2792 1978 2846 conflictu
2029 2793 2227 2862 positis

652 2882 895 2952 religiosi
924 2883 1204 2936 auditores
1243 2882 1299 2934 hi
1325 2881 1462 2950 justi
1484 2881 1702 2951 judices
1729 2892 1912 2937 erunt.

721 3017 863 3073 XIX.
910 3017 973 3071 Et
1007 3017 1194 3074 Simon
1247 3037 1258 3073 :
1291 3017 1407 3073 Non
1439 3017 1536 3072 tibi
1574 3020 1787 3074 videtur
1822 3021 2120 3075 absurdum
2163 3030 2223 3075 ut

654 3111 939 3181 imperitus
986 3112 1219 3180 populus
1268 3111 1337 3165 de
1373 3112 1575 3166 nostris
1609 3113 1772 3168 dictis
1827 3114 2022 3170 habeat
2074 3115 2221 3184 judi-

2345 569 2590 638 magistri
2625 569 2728 622 mei
2763 577 3089 638 prmeeptum
3123 566 3238 620 ﬁeri
3267 567 3418 629 volo,
3452 568 3544 635 qui
3579 565 3764 635 primo
3811 579 3932 618 om-

2342 662 2494 716 nium
2531 661 2769 715 Hebrtea:
2809 661 2982 730 genti,
3031 675 3195 729 quam
3227 659 3436 713 sciebat
3482 658 3693 712 habere
3739 658 3933 725 cogni-

2342 749 2545 802 tionem
2583 747 2677 803 Dei
2707 758 2761 803 et
2788 751 2936 820 quod
2966 751 3082 820 ipse
3111 758 3258 804 esset
3280 750 3371 819 qui
3402 749 3592 803 lecerit
3624 749 3930 806 mundum,

2342 842 2621 912 praecepit,
2655 859 2762 896 non
2794 851 2856 896 ut
2887 858 3011 898 eum
3035 851 3304 912 quzereret
3331 858 3491 911 quem
3538 840 3759 896 sciebat
3781 882 3799 902 ,
3839 841 3935 894 sed

2340 934 2674 988 voluntatem
2706 935 2827 1003 ejus
2850 933 3235 1003 justitiamque
3277 933 3619 1002 perquireret
3647 931 3850 986 sciens
3865 931 3931 994 ⁸³,

2339 1029 2467 1098 quia
2495 1029 2551 1084 in
2580 1030 2860 1084 hominum
2889 1029 3118 1083 arbitrio
3143 1027 3380 1097 positum
3405 1033 3510 1092 est,
3544 1035 3606 1079 ut
3637 1027 3749 1080 hoc
3775 1041 3936 1096 qua-

2340 1130 2525 1177 rentes
2555 1123 2834 1176 inveniant
2881 1131 2934 1176 et
2975 1120 3176 1174 faciant
3226 1127 3391 1190 atque
3417 1119 3722 1172 observent
3761 1134 3833 1173 ea
3866 1120 3934 1173 de

2338 1214 2542 1285 quibus
2565 1213 2850 1284 judicandi
2883 1221 3033 1268 sunt.
3066 1211 3129 1265 Et
3157 1212 3280 1266 ideo
3305 1211 3473 1279 jussit
3513 1225 3621 1265 nos
3647 1227 3928 1280 quarere,

2337 1321 2446 1360 non
2478 1305 2621 1360 unde
2649 1307 2722 1360 sit
2761 1306 2988 1368 malum,
3017 1312 3078 1358 ut
3107 1312 3166 1358 tu
3198 1304 3366 1373 paulo
3407 1311 3534 1356 ante
3571 1303 3928 1373 requirebas,

2336 1398 2431 1452 sed
2459 1397 2732 1466 justitiam
2775 1397 2902 1451 boni
2945 1396 3041 1451 Dei
3078 1411 3390 1466 regnumque
3416 1395 3564 1462 ejus,
3602 1403 3655 1447 et
3706 1397 3929 1456 omnia,

2337 1490 2542 1560 inquit,
2591 1488 2700 1542 hac
2738 1487 3059 1556 adjiciatur
3092 1485 3322 1540 vobis”.
3378 1484 3442 1536 Et
3485 1483 3682 1536 Simon
3717 1503 3728 1535 :
3775 1485 3928 1550 Quo-

2338 1582 2507 1645 niam,
2539 1580 2738 1649 inquit,
2781 1577 3028 1633 IIebrazis
3061 1578 3164 1633 ista
3211 1575 3546 1628 mandantur
3591 1577 3748 1628 velut
3782 1588 3927 1630 recte

2337 1671 2642 1727 scientibus
2672 1670 2841 1726 Deum
2871 1678 2925 1724 ct
2952 1668 3330 1740 opinantibus.
3357 1667 3500 1737 quod
3534 1668 3927 1739 unusquisque

2337 1763 2391 1816 in
2429 1778 2532 1819 suo
2580 1761 2808 1817 arbitrio
2840 1762 3036 1816 habeat
3085 1776 3247 1828 agere
3291 1775 3377 1821 ea,
3413 1759 3481 1813 de
3533 1759 3750 1829 quibus
3776 1760 3926 1828 judi-

2263 1837 2306 1893 Β
2335 1854 2543 1909 candus
2566 1862 2672 1917 est,
2710 1853 2843 1906 mihi
2873 1861 3056 1905 autem
3080 1851 3148 1904 ab
3173 1849 3283 1904 illis
3311 1849 3595 1920 discrepat
3622 1849 3922 1910 sententia,

2333 1945 2479 1999 unde
2508 1945 2592 2000 vis
2625 1952 2684 1997 ut
2708 1944 2965 2013 incipiam
2989 1943 3014 1996 ?

2400 2035 2541 2092 XXI.
2585 2035 2723 2089 Tum
2759 2034 2995 2090 Petrus:
3031 2033 3181 2104 Ego,
3231 2033 3444 2104 inquit,
3493 2031 3710 2087 suadeo
3744 2031 3924 2101 primo

2329 2126 2685 2196 quaerendum
2718 2142 2876 2185 esse,
2907 2126 2955 2180 si
3007 2125 3060 2184 in
3116 2133 3384 2194 potestate
3418 2130 3614 2176 nostra
3657 2130 3749 2175 est
3780 2122 3924 2173 scire

2333 2218 2477 2272 unde
2503 2215 2790 2286 judicandi
2831 2216 3027 2270 sitnus.
3064 2214 3128 2267 Et
3160 2213 3348 2267 Simon
3380 2231 3393 2266 :
3425 2212 3547 2264 Non
3581 2213 3681 2271 ita,
3721 2213 3920 2280 inquit,

2330 2311 2422 2364 sed
2463 2309 2531 2363 de
2556 2309 2686 2373 Deo,
2717 2308 2862 2363 unde
2893 2316 2947 2361 et
2976 2324 3171 2361 omnes
3204 2307 3297 2376 qui
3331 2314 3530 2375 praesto
3561 2315 3699 2358 sunt
3731 2307 3920 2358 audire

2328 2403 2580 2472 cupiunt.
2616 2401 2681 2454 Et
2712 2398 2910 2454 Petrus
2935 2418 2949 2452 :
2982 2397 3211 2451 Constat
3241 2412 3372 2466 ergo
3401 2395 3542 2465 apud
3579 2402 3655 2456 te,
3685 2396 3819 2462 quia
3839 2404 3918 2447 est

2330 2493 2534 2564 aliquid
2574 2493 2627 2546 in
2667 2492 2879 2546 arbitrii
2915 2500 3226 2564 potestate;
3268 2489 3438 2542 fatere
3473 2489 3575 2540 hoc
3610 2495 3833 2540 tantum
3874 2488 3918 2539 si

2328 2596 2434 2652 cst,
2458 2595 2511 2640 et
2537 2585 2881 2654 requiramus
2911 2594 2966 2636 ut
2999 2584 3159 2638 dicis.
3194 2581 3260 2635 de
3307 2579 3438 2633 Deo.
3471 2577 3667 2633 Simon
3702 2579 3770 2631 ad
3806 2579 3917 2634 hac

2329 2679 2652 2748 respondit:
2691 2675 3068 2745 Nequaquam.
3110 2673 3174 2727 Et
3213 2671 3453 2726 Petrus:
3495 2669 3553 2724 Si
3594 2686 3734 2740 ergo
3776 2672 3916 2724 nihil

2327 2777 2409 2822 est
2434 2769 2486 2820 in
2513 2777 2700 2820 nostra
2729 2772 3023 2834 potestate,
3056 2763 3392 2832 superﬂuum
3417 2771 3500 2816 est
3526 2776 3629 2814 nos
3665 2776 3918 2830 quan-re

2328 2859 2534 2929 aliquid
2565 2858 2632 2913 de
2663 2856 2796 2920 Deo,
2829 2873 2954 2909 cum
2991 2857 3045 2909 in
3081 2863 3354 2924 potestate
3401 2870 3508 2906 non
3545 2853 3617 2906 sit
3659 2869 3916 2922 qua-ren-

2327 2953 2474 3006 tibus
2503 2951 2766 3004 invenire.
2807 2948 2959 3002 Unde
2981 2949 3120 3002 bene
3151 2947 3395 3000 dixeram
3427 2946 3529 2998 hoc
3557 2944 3744 3013 primo
3765 2960 3920 3013 qua:-

2326 3041 2555 3094 rendum
2584 3058 2728 3105 esse,
2783 3041 2827 3094 si
2878 3047 2963 3093 est
2999 3038 3204 3108 aliquid
3243 3039 3295 3090 in
3345 3036 3556 3089 arbitrii
3610 3045 3911 3105 potestate.

2326 3130 2462 3185 Tum
2495 3132 2684 3185 Simon
2715 3151 2728 3188 :
2761 3130 2879 3184 Non
2905 3147 3225 3200 possumus,
3257 3129 3454 3197 inquit,
3491 3145 3560 3183 ne
3591 3130 3698 3181 hoc
3733 3129 3912 3197 ipsum

649 3203 845 3258 cium?
876 3203 936 3255 Ει
963 3203 1195 3257 Petrus:
1234 3202 1351 3257 Non
1387 3204 1458 3257 ita
1494 3214 1598 3270 est,
1634 3205 1778 3275 quod
1811 3207 1956 3260 enim
1985 3209 2077 3260 uni
2115 3208 2222 3261 for-

2326 3225 2542 3294 quidem
2580 3224 2883 3293 intelligere
2913 3222 3059 3294 quod
3091 3223 3253 3283 dicis,
3292 3223 3335 3274 si
3372 3221 3697 3289 estaliquid
3739 3223 3794 3273 in
3827 3237 3915 3273 arb

649 3304 798 3348 tasse
832 3294 1013 3348 minus
1072 3296 1260 3364 liquet,
1299 3296 1614 3365 investigari
1653 3313 1682 3350 a
1719 3298 1970 3366 plurimis
2004 3302 2219 3368 poterit,

651 3401 775 3439 nam
811 3402 952 3455 saepe
1010 3389 1173 3441 etiam
1225 3387 1365 3440 fama
1425 3389 1571 3458 vulgi
1625 3390 1926 3459 prophetia
1983 3394 2220 3460 speciem

649 3484 816 3531 tenet.
852 3477 1027 3545 Super
1059 3478 1171 3531 haec
1206 3487 1386 3533 autem
1419 3481 1624 3545 omnia,
1655 3497 1894 3551 praesens
1921 3482 2009 3536 hic
2043 3483 2223 3537 omnis

651 3571 882 3640 populus
931 3585 1114 3624 amore
1159 3568 1250 3623 Dei
1289 3573 1623 3627 constrictus
1659 3575 1746 3626 hic
1781 3581 1962 3636 astat,
2000 3573 2220 3642 verique

646 3659 1014 3731 cognoscendi
1060 3662 1257 3731 gratia,
1288 3671 1340 3716 ct
1375 3663 1498 3716 ideo
1534 3680 1726 3718 omnes
1761 3665 1850 3717 isti
1883 3664 2040 3734 quasi
2074 3680 2220 3718 unus

649 3753 932 3807 habendus
963 3760 1066 3818 est,
1099 3769 1200 3822 pro
1233 3771 1340 3808 uno
1375 3755 1673 3824 eodemque
1699 3772 1826 3826 erga
1855 3771 2096 3810 amorem
2127 3773 2219 3811 ve-

648 3843 828 3898 ritatis
864 3843 1094 3909 affectu,
1156 3846 1295 3898 sicut
1335 3862 1365 3898 c
1415 3849 1694 3900 contrario
1726 3847 1835 3901 duo
1882 3848 2022 3900 inter
2055 3864 2114 3902 se
2171 3848 2216 3901 si

641 3934 1010 4000 dissentiant,
1061 3936 1215 3988 multi
1251 3945 1378 3989 sunt
1411 3947 1463 3989 et
1505 3931 1730 3993 d'lvcrsi.
1801 3937 1854 3992 Si
1908 3947 2088 3993 autem
2135 3941 2218 3994 vis

644 4023 903 4078 indicium
938 4043 1167 4096 capere,
1199 4031 1474 4099 quomodo
1508 4032 1687 4085 omnis
1723 4031 1812 4085 hic
1856 4034 2088 4102 p0pulns
2120 4035 2212 4102 qui

640 4123 784 4169 astat
814 4119 973 4187 quasi
1017 4135 1159 4174 unus
1189 4122 1260 4174 sit
1295 4115 1479 4187 homo,
1509 4140 1572 4177 ex
1609 4124 1828 4178 silentio
1861 4125 1981 4193 ejus
2017 4125 2135 4194 ipso
2159 4133 2212 4180 et

639 4207 822 4275 quiete
856 4210 1168 4275 considera,
1206 4216 1479 4281 quomodo
1514 4230 1638 4267 cum
1673 4216 1820 4268 omni
1858 4218 2116 4285 patientia
2154 4227 2212 4270 ut

639 4299 810 4361 vides,
840 4301 1002 4354 etiam
1038 4312 1326 4370 antequam
1365 4307 1598 4369 discant,
1636 4306 1849 4360 veritati
1899 4305 1992 4360 Dei
2039 4307 2208 4360 hono-

637 4406 751 4444 rem
805 4391 1080 4448 deferunt.
1137 4394 1386 4451 Nondum
1438 4400 1582 4452 enim
1645 4399 1905 4468 majorem
1957 4400 2204 4463 cultum,

634 4499 795 4551 quem
824 4485 872 4539 ei
917 4488 1128 4542 deferre
1154 4489 1408 4558 debeant,
1438 4494 1764 4548 didicerunt.
1798 4495 2025 4566 Pmpter
2058 4498 2202 4567 quod
2236 4532 2279 4587 ι)

635 4591 796 4643 spero
840 4578 906 4631 de
951 4580 1234 4636 clementia
1271 4583 1384 4647 Dei,
1424 4587 1568 4655 quod
1615 4588 1929 4656 religiosum
1959 4591 2205 4659 proposi-

636 4680 749 4720 tum
784 4673 979 4726 mentis
1007 4689 1193 4727 eorum
1218 4678 1566 4746 amplectetur
1587 4695 1714 4748 erga
1742 4696 1819 4743 se,
1844 4690 1894 4733 et
1924 4684 2203 4734 veritatem

632 4759 944 4826 pratdicanti
985 4765 1225 4819 victoria:
1271 4769 1500 4836 palmam
1538 4769 1717 4834 dabit,
1752 4780 1808 4824 ut
1851 4771 2202 4826 manifestum

630 4852 709 4903 eis
745 4850 904 4906 faciat
939 4857 1176 4910 veritatis
1209 4875 1532 4926 przeconem.

701 4952 816 5009 XX.
860 4955 996 5011 Tum
1041 4959 1270 5015 Simon:
1309 4961 1383 5017 De
1435 4979 1581 5033 quo.
1613 4967 1826 5036 inquit,
1878 4968 1958 5021 vis
2011 4968 2196 5024 haberi

627 5051 941 5102 certamen?
969 5052 1078 5115 dic,
1111 5063 1166 5107 ut
1200 5063 1251 5108 et
1281 5071 1380 5125 ego
1413 5057 1665 5112 definiam
1700 5061 1843 5129 quod
1886 5061 2015 5113 mihi
2048 5062 2195 5114 vide-

627 5148 739 5202 tur,
775 5150 828 5193 et
861 5142 932 5194 ita
987 5147 1215 5214 qumstio
1268 5148 1514 5216 incipiat.
1551 5151 1614 5204 Et
1646 5150 1840 5206 Petrus
1877 5155 2190 5222 respondit:

2325 3317 2473 3370 bitrii
2506 3323 2796 3387 potestate.
2835 3316 2902 3368 At
2938 3315 3136 3368 Petrus
3161 3315 3352 3368 videns
3395 3312 3541 3383 quod
3591 3313 3658 3366 ad
3697 3321 3910 3382 partem

2324 3426 2383 3465 se
2413 3411 2894 3464 contentiosiorem
2931 3410 3193 3470 declinat,
3235 3407 3486 3478 superari
3522 3417 3816 3466 metuens,
3857 3413 3914 3458 ut

2321 3502 2480 3570 quasi
2522 3503 2787 3555 incertum
2822 3501 3128 3552 confundat
3165 3501 3372 3562 omnia,
3405 3499 3732 3567 respondit:
3761 3499 3912 3561 Quo-

2322 3594 2484 3647 modo
2513 3609 2643 3662 ergo
2682 3593 2812 3655 scis,
2843 3593 2972 3671 quia
3017 3608 3126 3644 non
3158 3601 3242 3646 est
3273 3593 3326 3644 in
3363 3591 3601 3645 hominis
3633 3599 3912 3660 potestate

2321 3687 2460 3739 scire
2496 3686 2720 3755 aliquid,
2755 3701 2879 3737 cum
2915 3684 3016 3736 hoc
3052 3684 3228 3751 ipsum
3268 3682 3454 3736 scias?

2391 3776 2554 3830 XXII.
2601 3776 2665 3830 Et
2718 3776 2950 3829 Simon:
3007 3773 3241 3836 Nescio,
3279 3774 3493 3841 inquit,
3555 3773 3602 3826 si
3661 3774 3746 3826 vel
3806 3774 3904 3826 hoc

2319 3871 2494 3941 ipsum
2529 3868 2738 3930 sciam;
2777 3865 3154 3934 unusquisque
3185 3867 3330 3919 enim
3383 3865 3526 3918 sicut
3563 3865 3614 3917 ei
3652 3864 3765 3916 fato
3812 3867 3906 3920 de-

2317 3960 2596 4022 cernitur,
2629 3959 2711 4010 vel
2747 3958 2857 4023 agit
2888 3957 3097 4026 aliquid
3132 3957 3214 4009 vel
3249 3955 3504 4022 intelligit
3551 3956 3636 4007 vel
3674 3957 3896 4022 patitur.

2317 4051 2452 4104 Tum
2484 4049 2717 4104 Petrus:
2773 4047 2988 4112 Videte,
3028 4048 3242 4116 inquit,
3283 4047 3481 4097 fratres
3508 4087 3520 4107 ,
3561 4045 3614 4096 in
3642 4061 3767 4111 qua:
3807 4046 3893 4097 alr

2315 4138 2479 4190 surda
2512 4137 2777 4190 deciderit
2823 4134 3034 4198 Simon,
3081 4135 3171 4203 qui
3209 4144 3332 4187 ante
3386 4148 3566 4185 meum
3601 4132 3897 4185 adventum

2313 4229 2575 4294 docebat,
2608 4228 2751 4297 quod
2810 4228 3062 4281 homines
3117 4227 3170 4278 in
3210 4234 3482 4294 potestate
3540 4224 3808 4278 haberent
3847 4237 3894 4278 et

2313 4337 2503 4390 sapere
2548 4329 2602 4376 et
2643 4323 2820 4374 facere
2868 4335 2989 4389 qua:
3031 4320 3263 4381 vellent,
3295 4333 3439 4370 nunc
3491 4316 3544 4368 in
3599 4327 3888 4385 angustum

2311 4411 2566 4470 redactus
2624 4414 2952 4468 necessitate
2986 4413 3302 4473 verborum,
3335 4418 3495 4478 negat
3529 4425 3654 4463 esse
3692 4413 3747 4463 in
3800 4411 3888 4462 ho-

2311 4507 2473 4560 minis
2504 4514 2773 4575 potestate
2808 4511 2901 4557 aut
2935 4501 3204 4558 sentiendi
3239 4501 3443 4571 aliquid
3476 4509 3571 4554 aut
3596 4502 3817 4572 agendi,
3842 4515 3889 4557 et

2264 4621 2275 4631 ο
2309 4609 2486 4651 tamen
2519 4597 2677 4650 audet
2714 4612 2771 4649 se
2806 4597 3084 4649 doctorem
3122 4592 3386 4663 profiteri.
3428 4592 3534 4647 Sed
3587 4593 3678 4647 dic
3701 4637 3715 4659 ,
3758 4612 3888 4664 quo-

2306 4693 2468 4745 modo
2491 4707 2622 4759 ergo
2642 4688 2782 4744 Deus
2803 4689 3014 4757 judicat
3043 4687 3344 4742 secundum
3374 4688 3664 4740 veritatem
3695 4703 3886 4739 unum-—

2303 4800 2575 4854 quemque
2629 4800 2725 4853 pro
2760 4783 2977 4836 artibus
3013 4782 3151 4848 suis,
3187 4784 3230 4837 si
3265 4799 3426 4852 agere
3459 4780 3666 4849 aliquid
3709 4783 3760 4833 in
3794 4798 3882 4849 po-

2306 4885 2502 4931 testate
2541 4893 2647 4929 non
2690 4877 2878 4929 habuit
2901 4879 2921 4928 1’
2944 4875 3054 4927 lloc
3087 4875 3130 4929 si
3169 4882 3440 4938 teneatur,
3468 4874 3730 4927 convulsa
3762 4885 3880 4927 sent

2303 4971 2507 5030 omnia,
2542 4969 2746 5021 frustra
2791 4970 2893 5022 erit
2925 4968 3166 5021 studium
3203 4965 3450 5021 Sectandi
3494 4966 3720 5018 meliora
3744 5008 3757 5028 ,
3791 4967 3877 5018 Sed

2302 5073 2355 5117 ct
2378 5063 2593 5131 judices
2618 5065 2799 5115 surculi
2841 5062 3046 5116 frustra
3076 5062 3286 5130 legibus
3310 5067 3553 5130 pra-sunt
3576 5067 3628 5111 et
3653 5071 3875 5126 puniunt

2301 5173 2395 5208 eos
2441 5155 2532 5225 qui
2589 5157 2727 5207 male
2764 5165 2969 5224 agunt;
3022 5171 3127 5207 non
3173 5155 3315 5206 enim
3354 5154 3408 5204 in
3466 5167 3563 5206 sua
3614 5156 3874 5219 potestate

735 5297 779 5326 ⁸⁸
822 5295 1094 5377 Vfﬂl'lbtllil
1128 5303 1850 5379 sciens—-judicandi-sunt
1885 5316 1935 5359 et
1977 5324 2098 5379 qtue
2159 5311 2318 5377 paulo
2352 5320 2471 5379 post
2530 5320 2835 5379 sequuntur
2881 5321 2928 5363 et
2969 5305 3736 5377 opinantibus»judicandus
3786 5319 3867 5358 cst

625 5369 829 5422 desunt
863 5370 914 5420 in
949 5380 1181 5440 utroque
1214 5373 1336 5426 cod.
1373 5371 1518 5441 Lips,
1599 5377 1641 5406 ⁸⁷
1689 5376 1874 5429 Matth.
1911 5369 2106 5441 v5.35.

1918 5530 2281 5586 COTELI'LIIII
2332 5533 2559 5589 NOTJ‘I.

695 5665 816 5739 (8ft),
841 5664 1014 5732 Neque
1055 5686 1189 5720 enim
1219 5685 1389 5721 rerum
1421 5678 1515 5739 est.
1574 5667 1792 5738 Ἀληθές
1838 5672 1948 5720 ἐστι
1986 5688 2082 5739 pro
2113 5673 2188 5722 δί-

624 5737 776 5786 καιόν
808 5738 938 5794 ἐστι,
968 5742 1141 5788 (ιι-μιῆς»
1167 5743 1362 5790 Attica.
1403 5738 1587 5790 Verum
1623 5737 1695 5789 est
1731 5757 1822 5806 pro
1852 5737 2056 5806 jusnim
2086 5753 2184 5803 Μ,

631 5823 829 5872 ctu/unm
873 5819 976 5866 est,
1021 5813 1189 5860 oratio
1243 5809 1500 5863 Iluman'i.
1542 5809 1778 5871 Ilua-ent,
1828 5812 2184 5877 adductisque

2300 5673 2562 5741 evetiiplis
2611 5670 3257 5741 firmantgrammatici,
3305 5676 3515 5721 veteres
3565 5682 3624 5718 ac
3678 5680 3845 5720 recen-

2297 5739 2483 5789 tim'es.
2525 5739 2796 5798 Horatius,
2841 5739 3004 5804 Epist.
3049 5743 3087 5798 Ι,
3121 5757 3212 5797 vn,
3243 5744 3308 5787 ‘JS
3350 5758 3359 5788 :

2336 5807 2511 5859 Μιιιιγι
2548 5826 2596 5860 2.3
2635 5828 2883 5874 ((ucm'ruc
2910 5828 3001 5862 suo
3033 5817 3238 5861 modqu
3277 5829 3331 5860 ιιι·
3367 5811 3491 5874 pelle
3534 5826 3701 5861 rerum
3739 5815 3831 5860 ui.
