4078 6336
627 382 767 441 ΗΞ)Ῑὶ

1469 388 1528 443 S.
1567 386 1960 444 CLEMENTIS
1997 385 2015 439 1
2055 383 2223 440 Πολι.
2263 381 2465 440 PONT.
2505 384 2731 441 OPERA
2772 385 3000 445 DUBIA.

3733 384 3876 441 H96

623 499 862 562 mundus
907 500 1011 556 iste
1067 500 1430 572 temporibus,
1491 501 1672 558 donec
1717 503 2024 558 animarum
2075 502 2270 572 qute'A
2301 514 2398 568 ροι-
2466 500 2942 570 incorruptibilia,
2999 500 3094 554 scd
3149 507 3310 569 prout
3369 499 3603 553 voluerit
3654 506 3875 553 creator

621 590 1020 660 praedestinata:
1063 601 1215 656 sunt,
1246 593 1312 648 ad
1361 593 1721 663 expletionem
1767 594 1888 662 ejus
1936 609 2196 648 numerus

624 680 963 752 impleretur,
990 691 1043 737 et
1094 690 1226 737 tunc
1279 683 1424 738 istud
1482 684 1700 753 quidem
1732 672 1946 740 visibile
1995 687 2195 738 cmlum

624 774 998 829 revolveretur
1027 781 1085 828 ut
1117 773 1276 839 liber,
1309 775 1442 828 illud
1477 791 1607 829 vero
1638 764 1783 848 quod
1823 783 1908 830 est
1942 777 2196 846 superius

622 873 1004 933 appareret,et
1032 865 1226 920 anima
1255 865 1538 920 beatorum
1570 868 1895 936 corporibus
1927 869 2043 924 suis
2072 870 2198 924 red-

623 955 750 1010 dite
779 956 1171 1012 inducerentur
1206 957 1262 1011 in
1292 957 1489 1021 lucem,
1527 957 1816 1029 impiorum
1851 975 1979 1014 vero
2005 962 2197 1016 anima:

624 1063 724 1116 pro
763 1047 1060 1103 immundis
1087 1049 1300 1103 actibus
1332 1050 1450 1104 suis
1471 1050 1663 1118 spiritu
1687 1036 1936 1106 ﬂammeo
1963 1053 2200 1106 circum-

623 1139 783 1203 datae,
834 1140 889 1193 in
930 1139 1256 1210 profundum
1294 1141 1437 1211 ignis
1479 1141 1937 1214 inexstinguibilis
1988 1160 2198 1213 merge-

625 1238 837 1292 rentur,
899 1247 995 1300 per
1047 1233 1304 1286 saeculum
1361 1247 1680 1301 expensum
1724 1235 2012 1303 supplicia.
2073 1234 2198 1291 lla‘c

623 1326 803 1372 autem
863 1322 937 1374 ita
981 1337 1103 1377 csse
1155 1339 1316 1377 verus
1347 1324 1505 1377 nobis
1536 1325 1797 1395 propheta
1827 1333 2058 1382 testatus
2090 1336 2195 1392 est,

621 1408 688 1462 de
706 1426 814 1477 quo
835 1411 880 1464 si
908 1411 990 1465 vis
1015 1427 1310 1482 agnoscere
1336 1414 1462 1483 quia
1491 1417 1754 1484 propheta
1784 1417 1874 1480 sit,
1897 1418 2198 1473 innumeris

624 1503 1021 1558 assertionibus
1075 1505 1333 1560 edocebo.
1387 1505 1464 1560 Ex
1523 1507 1608 1561 his
1661 1509 1805 1563 enim
1858 1525 1979 1579 quae
2016 1512 2084 1565 ab
2133 1527 2198 1566 eo

621 1592 768 1645 dicta
817 1602 966 1659 sunt,
995 1606 1049 1650 et
1097 1613 1246 1651 nunc
1282 1599 1493 1668 singula
1524 1615 1644 1669 qua:
1676 1601 1813 1655 dixit
1868 1601 2195 1672 implentur;

623 1684 784 1737 etiam
837 1702 899 1739 ea
950 1702 1070 1756 quae
1118 1687 1299 1742 futura
1353 1687 1510 1755 dixit,
1546 1693 1846 1746 creduntur
1903 1694 2196 1764 implenda,

628 1775 760 1830 fides
785 1779 928 1830 enim
955 1777 1156 1834 futuris
1178 1795 1245 1834 ex
1276 1781 1361 1836 his
1395 1799 1514 1852 qua:
1537 1785 1650 1853 jam
1682 1794 1832 1855 gesta
1856 1794 1984 1840 sunt
2013 1786 2192 1842 datur.

697 1865 910 1920 .\'.\'\’ll.
934 1867 998 1922 At
1021 1867 1208 1923 Simon
1239 1873 1324 1924 cui
1357 1884 1693 1943 compertum
1716 1885 1852 1938 erat,
1887 1876 2106 1931 Petrum
2128 1879 2196 1932 de

626 1957 922 2024 prophetia:
979 1959 1139 2015 titulo
1196 1963 1434 2018 dilucide
1490 1967 1769 2035 assignare
1819 1971 2194 2031 rationem,ex

625 2061 734 2113 quo
791 2051 1021 2114 qmcstio
1065 2053 1244 2105 omnis
1304 2055 1623 2114 absolvitur.
1652 2072 1958 2114 sermonem
1999 2061 2064 2115 de
2093 2062 2196 2116 hoc

622 2135 742 2189 ﬁeri
777 2136 1092 2204 declinavit,
1119 2149 1172 2194 et
1200 2145 1539 2210 respondens
1578 2147 1652 2199 ait
1680 2167 1691 2201 :
1720 2147 1800 2200 Ad
1832 2164 1892 2203 ea
1927 2167 2046 2219 qua:
2074 2152 2197 2204 volo

627 2229 896 2294 responde
920 2231 1048 2284 mihi
1078 2233 1304 2299 etdic,si
1329 2237 1544 2291 visibile
1576 2240 1742 2305 istud,
1775 2251 1832 2295 ut
1862 2246 1963 2309 ais,
1996 2245 2193 2297 cmlum

626 2318 952 2381 resolvetur,
990 2336 1087 2374 cur
1146 2338 1212 2376 ex
1268 2324 1422 2379 initio
1475 2327 1677 2382 factum
1738 2332 1860 2385 est?
1897 2332 2213 2402 Respondit

629 2405 823 2463 Petrus
861 2429 873 2463 :
908 2410 1135 2481 PrOpter
1158 2414 1439 2470 hominum
1478 2428 1799 2488 praesentem
1832 2423 1972 2477 hanc
1996 2425 2194 2479 factum

625 2511 708 2554 est
756 2505 940 2565 vitam,
987 2512 1046 2558 ut
1089 2516 1236 2561 esset
1281 2510 1585 2577 interjectio
1617 2513 1864 2583 quaedam
1893 2524 1947 2570 et
1972 2517 2191 2580 divisio,

626 2605 695 2642 ne
730 2608 852 2660 quis
893 2596 1028 2648 forte
1079 2597 1336 2668 indignus
1369 2601 1758 2659 habitationem
1791 2607 2093 2662 caelestium
2142 2616 2194 2662 et

625 2679 717 2737 Dei
746 2685 917 2749 ipsius
948 2687 1134 2741 sedem
1168 2690 1396 2754 videret,
1438 2710 1559 2763 qua:
1591 2696 1675 2750 his
1706 2699 1837 2751 solis
1862 2700 1954 2768 qui
1993 2677 2196 2755 mundo

625 2775 791 2827 corde
819 2788 941 2828 sunt
965 2778 1008 2807 '°
1036 2778 1265 2834 videnda
1287 2794 1682 2852 praeparantur.
1717 2786 1870 2843 Nunc
1901 2797 2101 2855 autem,
2141 2792 2192 2844 id

629 2874 715 2918 est
767 2869 957 2935 agonis
1012 2879 1287 2940 tempore,
1347 2875 1636 2929 invisibilia
1689 2893 1809 2933 esse
1858 2882 2058 2950 placuit
2108 2897 2190 2946 ea,

623 2971 744 3023 quae
796 2957 1143 3015 vincentibus
1180 2965 1244 3016 ad
1299 2968 1580 3032 praemium
1642 2969 1912 3024 destinata
1962 2981 2107 3028 sunt.
2132 2973 2195 3026 Et

627 3049 817 3102 Simon
844 3051 951 3103 ait:
979 3049 1034 3104 Si
1068 3052 1320 3108 conditor
1348 3056 1523 3112 bonus
1545 3068 1626 3113 est
1649 3069 1702 3114 et
1728 3063 1966 3117 mundus
1995 3064 2190 3132 bonus,

623 3139 897 3207 quomodo
926 3140 1103 3194 bonus
1126 3141 1267 3196 bona
1295 3146 1555 3202 dissolvet
1581 3149 1912 3219 aliquando?
1938 3152 1993 3206 Si
2013 3165 2191 3210 autem
2219 3173 2263 3229 α

624 3229 885 3283 dissolvet
931 3232 1076 3299 quod
1116 3234 1318 3289 bonum
1379 3246 1484 3300 est,
1540 3243 1812 3310 quomodo
1860 3246 1974 3314 ipse
2018 3247 2194 3304 bonus

623 3318 928 3372 videbitur?
976 3317 1034 3379 Si,
1084 3332 1264 3377 autem
1314 3328 1470 3394 quasi
1526 3331 1728 3384 malum
1756 3333 1990 3388 resolvet
2013 3345 2067 3388 et
2101 3337 2196 3390 de-

625 3414 819 3472 struet,
851 3411 1123 3478 quomodo
1172 3429 1279 3468 non
1325 3416 1595 3472 videbitur
1649 3421 1828 3476 malus
1865 3422 1958 3492 qui
1990 3425 2194 3479 malum

626 3498 799 3554 fecit?

695 3593 928 3653 XXVIII.
948 3599 1220 3654 Petrusad
1246 3601 1357 3656 haec
1385 3620 1398 3655 :
1425 3602 1929 3676 Quoniam,inquit,
1954 3624 2198 3681 spopon-

623 3681 806 3738 dimus
837 3687 962 3749 tibi,
1001 3703 1068 3743 ne
1116 3689 1580 3760 blasphemantem
1630 3702 1683 3747 te
1731 3693 2033 3766 fugiamus,
2081 3700 2198 3769 ipse

621 3775 768 3826 enim
819 3779 1012 3834 reddes
1058 3796 1159 3849 pro
1208 3781 1294 3836 his
1333 3798 1451 3850 quae
1490 3784 1728 3853 loqueris
1771 3788 2058 3857 rationem,
2099 3810 2196 3864 pa-

622 3867 821 3921 tienter
879 3870 1125 3928 ferimus.
1184 3873 1324 3927 Audi
1388 3889 1518 3944 ergo
1570 3891 1715 3931 nunc
1750 3896 1762 3930 :
1796 3877 2007 3936 leu‘m
2045 3883 2192 3945 istud

622 3959 768 4026 quod
808 3961 1019 4016 visibile
1050 3971 1134 4017 est
1164 3972 1218 4018 et
1262 3967 1582 4034 pertransit,
1621 3968 1668 4022 si
1706 3971 1926 4039 quidem
1975 3982 2195 4045 propter

621 4052 973 4120 semetipsum
1035 4052 1237 4108 factum
1283 4065 1450 4120 esset,
1483 4058 1705 4114 haberet
1765 4060 2000 4119 fortasse
2048 4069 2192 4136 quod

622 4141 761 4196 dicis
793 4145 998 4214 aliquid
1035 4146 1284 4210 rationis,
1309 4149 1435 4218 quia
1467 4152 1662 4206 resolvi
1699 4154 1924 4211 minime
1953 4159 2190 4216 deberet.

625 4232 683 4286 Si
712 4250 837 4288 vero
857 4245 1077 4306 propter
1106 4239 1253 4293 aliud
1275 4241 1403 4308 quid
1435 4241 1636 4297 factum
1661 4254 1813 4302 estet
1837 4264 1945 4304 non
1973 4261 2195 4321 propter

621 4339 700 4387 se,
734 4330 1048 4383 necessario
1101 4330 1362 4396 solvetur,
1411 4343 1471 4387 ut
1513 4335 1646 4389 illud
1694 4354 1792 4408 pro
1826 4356 1937 4410 quo
1987 4341 2190 4398 factum

621 4416 837 4470 videtur
864 4429 1143 4488 appareat.
1177 4421 1331 4477 Sicut
1362 4428 1508 4482 verbi
1541 4430 1717 4497 gratia
1764 4431 2016 4496 dixerim,
2049 4440 2188 4490 testa

2303 589 2469 653 Deus,
2497 590 2570 645 ita
2601 598 2655 645 et
2683 601 2841 645 erunt
2871 591 2962 644 illa
3001 605 3122 660 qua:
3169 600 3338 645 creat.
3372 589 3558 659 Neque
3592 589 3738 643 enim
3768 589 3874 644 sub

2300 681 2417 750 lege
2446 687 2531 735 est
2564 682 2740 735 virtus
2783 680 2899 746 Dei,
2928 681 3022 736 sed
3046 683 3131 736 lex
3171 683 3440 737 creaturis
3472 681 3588 737 suis
3617 682 3874 736 voluntas

2297 773 2418 840 ejus
2455 780 2560 827 est.
2585 772 2907 842 ,iiespondit
2938 781 2991 827 et
3035 770 3259 827 Simon:
3296 772 3508 828 Revoco
3557 782 3632 840 te,
3667 774 3870 844 inquit,

2298 862 2366 917 ad
2388 864 2618 931 primam
2648 864 3028 933 quaestionem,
3061 863 3248 921 dixisti
3272 863 3440 919 Deum
3472 880 3617 920 nunc
3646 867 3872 935 quidem

2297 955 2432 1008 nulli
2465 969 2588 1010 esse
2610 956 2905 1020 visibilem,
2926 970 3050 1010 cum
3074 971 3204 1010 vero
3232 957 3532 1012 resolutum
3562 955 3728 1010 fuerit
3757 970 3875 1009 ca:-

2300 1047 2412 1100 lum
2463 1046 2610 1102 istud
2665 1056 2718 1102 et
2759 1063 3032 1118 supernus
3077 1048 3166 1103 ille
3200 1055 3378 1102 status
3429 1048 3578 1118 regni
3625 1047 3873 1102 caelestis

2300 1135 2610 1198 obfulserit,
2643 1144 2775 1191 tunc
2803 1152 2899 1193 eos
2929 1137 3022 1208 qui
3052 1137 3240 1191 mundi
3261 1147 3389 1192 sunt
3421 1139 3586 1204 corde
3609 1139 3676 1201 ",
3698 1138 3871 1191 etiam

2300 1223 2466 1278 Deum
2504 1224 2756 1291 visuros;
2803 1241 2925 1296 quae
2979 1227 3250 1281 sententia
3295 1229 3568 1281 contraria
3614 1236 3697 1283 est
3738 1228 3870 1298 legi,

2300 1315 2375 1370 ibi
2416 1317 2562 1370 enim
2593 1319 2858 1387 scriptum
2881 1327 2965 1372 est
2995 1317 3162 1374 Deum
3193 1317 3402 1374 dixisse
3441 1338 3453 1372 :
3481 1318 3652 1374 Nemo
3672 1320 3872 1374 videbit

2299 1406 2488 1475 faciem
2515 1416 2756 1460 meam'et
2784 1408 2917 1461 vivet
2937 1408 3004 1462 ”.

2372 1495 2537 1551 XXX.
2584 1496 2650 1551 Et
2695 1495 2890 1552 Petrus
2939 1497 3381 1568 responditzllis
3407 1500 3498 1569 qui
3535 1500 3706 1570 legem
3755 1516 3870 1554 non

2299 1605 2363 1643 ex
2397 1589 2692 1644 traditione
2722 1589 2890 1660 Moysi
2924 1591 3131 1659 legunt,
3166 1592 3475 1664 contrarius
3506 1591 3719 1645 videtur
3753 1609 3872 1647 ser-

2299 1697 2390 1736 mo
2421 1698 2596 1742 meus.
2631 1683 2725 1737 sed
2770 1683 2897 1737 audi
2934 1683 3208 1753 quomodo
3248 1699 3358 1738 non
3413 1685 3484 1738 sit
3533 1685 3866 1739 contrarius.

2304 1769 2444 1825 Deus
2469 1771 2682 1826 videtur
2716 1779 2896 1826 mente
2923 1787 3027 1826 non
3061 1789 3313 1843 corpore,
3333 1774 3529 1842 spiritu
3554 1790 3660 1828 non
3676 1790 3868 1829 carne.

2228 1829 2271 1884 Β
2303 1858 2458 1914 Unde
2490 1869 2545 1914 et
2579 1863 2755 1932 angeli
2787 1862 2879 1931 qui
2910 1874 3039 1918 sunt
3089 1829 3336 1932 spiritus,
3365 1829 3554 1919 Ivident
3588 1861 3778 1927 Deum,
3817 1876 3873 1919 et

2299 1951 2550 2006 homines
2601 1969 2730 2023 ergo
2779 1953 2952 2008 donec
3003 1955 3250 2011 homines
3285 1966 3434 2020 sunt,
3483 1956 3649 2012 Deum
3680 1958 3872 2012 videre

2299 2060 2408 2098 non
2450 2053 2700 2114 possunt.
2737 2045 2813 2099 Ex
2851 2049 3248 2102 resurrectione
3291 2058 3470 2103 autem
3503 2059 3870 2110 mortuorum,

2299 2153 2422 2191 cum
2479 2137 2606 2190 facti
2661 2137 2862 2191 fuerint
2926 2139 3069 2194 sicut
3128 2141 3324 2210 angeli,
3361 2142 3545 2196 videre
3608 2153 3872 2213 poterunt

2300 2227 2466 2282 Deum
2493 2229 2558 2284 "'.
2591 2228 2657 2282 Et
2703 2230 2804 2284 hoc
2858 2230 3018 2284 modo
3059 2247 3168 2284 non
3211 2241 3295 2288 est
3335 2249 3516 2288 sermo
3557 2221 3735 2292 meus.
3764 2238 3872 2305 legi

2299 2323 2630 2384 contrarius,
2664 2339 2840 2392 neque
2884 2325 3017 2378 illud
3055 2326 3198 2394 quod
3226 2329 3483 2397 magiSter
3507 2345 3660 2383 meus
3683 2330 3824 2385 dixit
3854 2351 3866 2386 :

2299 2414 2452 2466 Beati
2482 2413 2675 2467 mundo
2719 2415 2892 2478 corde,
2920 2418 3169 2484 quoniam
3205 2419 3304 2485 ipsi
3330 2417 3492 2470 Deum
3526 2419 3768 2474 videbunt
3796 2422 3865 2478 “.

2297 2501 2560 2556 Futurum
2603 2505 2749 2557 enim
2785 2512 3000 2574 tempus
3040 2508 3297 2571 ostendit,
3322 2508 3376 2562 in
3401 2525 3510 2578 quo
3536 2525 3601 2562 ex
3629 2512 3872 2565 homini-

2298 2593 2401 2647 bus
2458 2593 2634 2663 angeli
2686 2597 2837 2656 Iient,
2895 2597 2986 2665 (ιυί
3012 2597 3058 2626 ’⁸
3094 2596 3145 2648 in
3204 2598 3399 2666 spiritu
3465 2601 3662 2656 mentis
3698 2599 3870 2655 Deum

2298 2685 2577 2740 videbunt.
2599 2683 2730 2740 Post
2758 2687 2870 2739 hinc
2897 2695 3076 2741 autem
3107 2689 3268 2741 verba
3300 2690 3578 2758 multaque
3640 2691 3746 2744 alia
3778 2693 3870 2748 his

2298 2776 2518 2838 similia,
2547 2792 2671 2830 cum
2696 2776 3027 2845 juramcntis
3062 2768 3314 2846 pluribus
3358 2780 3627 2834 allirmare
3674 2781 3869 2834 Simon

2297 2871 2462 2937 coepit
2491 2867 2680 2922 dicens
2712 2885 2724 2919 ;
2755 2867 2827 2922 De
2859 2867 2961 2921 hoc
3015 2870 3146 2922 mihi
3204 2872 3322 2926 solo
3375 2873 3637 2926 rationem
3672 2874 3865 2939 redde,

2296 2961 2341 3016 si
2373 2961 2698 3014 immortalis
2729 2969 2814 3014 est
2841 2962 3045 3024 anima,
3091 2969 3144 3016 et
3188 2962 3463 3033 obsequar
3507 2966 3556 3016 in
3609 2967 3869 3020 omnibus

2298 3053 2560 3107 voluntati
2592 3060 2716 3117 tum,
2753 3053 2844 3107 sed
2879 3054 3142 3115 crastino,
3169 3054 3366 3124 inquit,
3403 3071 3526 3110 nam
3561 3056 3721 3111 hodie
3750 3058 3868 3125 jam

2298 3146 2511 3199 tardum
2543 3151 2646 3200 est.
2693 3145 2791 3200 Ubi
2834 3159 2962 3214 ergo
2995 3146 3161 3215 cwpit
3200 3145 3382 3201 dicere
3423 3145 3639 3208 Petrus.
3673 3147 3870 3201 Simon

2298 3252 2555 3308 egressus
2603 3245 2686 3291 est
2737 3245 2790 3290 ct
2845 3251 2968 3290 cum
3013 3237 3131 3305 ipso
3174 3237 3433 3306 perpauci
3480 3255 3543 3292 ex
3583 3239 3870 3294 sodalibus

2299 3330 2438 3398 ejus,
2492 3336 2545 3382 et
2586 3327 2689 3380 hoc
2733 3341 2842 3396 prie
2891 3326 3236 3381 verecundia.
3273 3326 3464 3381 (Σιγειετί
3497 3343 3624 3381 vero
3672 3343 3870 3382 omnes

2299 3422 2365 3475 ad
2387 3421 2604 3476 Petrum
2625 3421 2897 3481 conversi,
2931 3420 3159 3490 genibus
3193 3419 3408 3489 positis,
3446 3421 3869 3489 prosternebant

2299 3530 2358 3569 se
2387 3525 2511 3567 ante
2539 3529 2687 3576 eum,
2719 3529 2782 3567 ex
2813 3512 3017 3582 quibus
3061 3512 3324 3580 aliquanti
3363 3512 3596 3566 diversis
3649 3512 3872 3582 languo-

2299 3608 2452 3660 ribus
2499 3606 2710 3660 astricti
2742 3614 2836 3659 aut
2883 3604 3222 3659 daemonibus
3278 3604 3563 3665 incursati,
3619 3606 3870 3659 oratione

2298 3698 2444 3753 Petri
2494 3698 2832 3752 sanabantur
2871 3703 2927 3750 et
2957 3694 3309 3749 discedebant
3341 3695 3665 3764 gaudentes,
3705 3698 3866 3765 quasi

2296 3790 2410 3844 veri
2441 3788 2531 3843 Dei
2565 3787 2897 3850 doctrinam,
2928 3788 3090 3841 simul
3119 3796 3174 3841 et
3201 3787 3638 3841 misericordiam
3669 3805 3866 3843 conse-

2295 3882 2427 3936 cuti.
2462 3880 2596 3935 Cum
2629 3894 2760 3950 ergo
2791 3879 3190 3934 abscessissent
3229 3879 3421 3944 turbae,
3453 3888 3506 3932 et
3558 3881 3659 3933 soli
3711 3880 3869 3934 fami-

2296 3976 2458 4028 liares
2487 3973 2607 4041 ejus
2641 3971 3097 4027 remansissemus
3154 3985 3276 4024 cum
3329 3985 3416 4032 eo,
3470 3973 3662 4026 stratis
3714 3973 3868 4026 humi

2294 4067 2523 4127 redditis
2552 4066 2910 4119 accubuimus
2935 4064 3155 4117 solitum
3190 4062 3571 4131 unusquisque
3600 4078 3868 4132 recogno-

2294 4176 2454 4215 scens
2503 4159 2707 4220 locum,
2741 4163 3068 4224 sumptoque
3116 4153 3238 4207 cibo
3267 4167 3392 4207 cum
3426 4154 3634 4224 gratias
3659 4154 3868 4224 egisse-

2293 4271 2413 4308 mus
2437 4253 2567 4315 Deo,
2603 4249 2929 4321 quievimus.

2369 4346 2562 4402 XXXI.
2607 4343 2868 4417 Sequenti
2920 4357 3049 4396 vero
3082 4342 3170 4396 die
3201 4340 3395 4396 Petrus
3446 4357 3512 4395 ex
3550 4356 3702 4396 more
3741 4353 3868 4398 ante

2293 4440 2466 4492 lucem
2506 4434 2889 4506 surgens,jam
2919 4447 3019 4488 nos
3053 4431 3256 4485 invenit
3288 4431 3576 4499 vigilantes
3606 4441 3660 4484 et
3706 4447 3869 4500 para-

621 4523 846 4562 ovorum
866 4513 1114 4579 quamvis
1137 4514 1362 4583 pulchre
1393 4516 1536 4572 facta
1561 4530 1615 4574 et
1643 4520 1932 4590 diligenter
1956 4523 2186 4580 formata
2219 4513 2261 4567 θ
2290 4541 2376 4588 tos
2406 4530 2473 4585 ad
2503 4527 2854 4590 audiendum,
2887 4535 3048 4595 atque
3078 4525 3150 4578 ita
3184 4538 3413 4578 exorsus
3439 4531 3522 4578 est
3549 4545 3560 4577 :
3593 4522 3869 4592 Deprecor

621 4600 890 4664 videatur,
915 4618 1140 4659 necesse
1166 4618 1248 4661 est
1281 4615 1459 4663 tamen
1491 4625 1614 4665 eam
1645 4612 1822 4684 frangi
1863 4623 1917 4670 et
1966 4620 2188 4684 resolvi,

625 4700 680 4743 ut
707 4691 832 4746 inde
861 4693 1041 4761 pullus
1069 4698 1326 4764 procedat
1357 4711 1410 4755 et
1450 4702 1607 4767 illud,
1643 4721 1743 4775 pro
1767 4722 1876 4776 quo
1897 4710 2066 4764 totius
2102 4712 2192 4766 ovi

623 4779 796 4836 forma
827 4799 1086 4853 expressa
1116 4788 1348 4854 videtur,
1383 4803 1659 4862 appareat.
1686 4794 1762 4850 lta
1787 4813 1917 4869 ergo
1945 4809 1999 4854 et
2025 4801 2190 4871 huius

622 4875 808 4929 mundi
840 4893 1064 4934 necesse
1102 4893 1188 4936 est
1232 4885 1472 4939 transire
1517 4894 1744 4955 statum,
1781 4897 1839 4945 ut
1881 4901 2057 4956 status
2098 4896 2189 4953 ille

621 4967 904 5023 sublimior
933 4972 1082 5042 regni
1115 4976 1356 5031 caelestis
1385 4976 1661 5050 effulgeat.

692 5059 882 5116 ΧΧιΧ.
929 5062 992 5117 Et
1023 5057 1212 5120 Simon
1239 5085 1249 5118 :
1279 5067 1398 5122 Non
1422 5072 1553 5126 mihi
1583 5073 1798 5129 videtur
1820 5077 1949 5146 quia
1980 5081 2182 5136 resolvi

618 5153 793 5222 possit
831 5156 1052 5220 caalum,
1081 5160 1226 5227 quod
1277 5175 1307 5212 a
1360 5161 1467 5216 Deo
1502 5161 1703 5218 factum
1736 5177 1837 5222 est.
1868 5168 1951 5223 Ab
1980 5180 2187 5231 aeterno

615 5245 762 5299 enim
791 5255 992 5302 aeterna
1023 5249 1180 5314 ﬁunt,
1213 5266 1242 5304 a
1275 5256 1619 5323 corruptibili
1643 5261 1964 5327 temporalia
2001 5272 2055 5319 et
2090 5280 2185 5320 ca-

615 5336 775 5392 duca.
810 5337 873 5393 Et
903 5339 1095 5412 Petrus
1120 5360 1132 5396 :
1157 5340 1274 5397 Non
1301 5345 1376 5398 ita
1412 5355 1516 5410 est,
1547 5348 1640 5402 sed
1665 5363 1695 5402 a
1719 5354 2040 5410 mortalibus
2062 5360 2185 5428 qui-

615 5430 736 5485 dem
764 5433 1093 5517 omnimodis
1121 5437 1498 5508 corruptibilia
1538 5439 1673 5495 fiunt
1722 5453 1775 5497 et
1827 5450 2182 5518 temporalia;

617 5522 686 5574 ab
710 5515 910 5578 aztcrno
926 5542 1057 5580 vero
1073 5543 1182 5582 non
1206 5545 1424 5600 semper
1447 5534 1819 5604 corruptibilia
1844 5515 2020 5608 neq—ue
2039 5515 2182 5597 sem;

642 5729 643 5732 “
723 5727 768 5757 ⁸⁸
810 5725 994 5781 Matth.
1027 5745 1082 5792 v,
1113 5731 1166 5785 8.

629 5796 766 5848 Ιιωη.
794 5797 965 5869 angeli
988 5799 1112 5867 ﬁent
1146 5808 1234 5871 qui
1266 5803 1463 5858 desunt
1490 5796 1542 5858 in
1565 5804 1724 5859 codd.
1762 5804 1910 5874 Lips.

1245 5733 1296 5813 °’_
1327 5730 1462 5788 lhid.
1491 5805 1500 5813 _
1533 5734 1584 5800 θ’
1627 5735 2025 5813 Ιςξοτίηιςιιη,
2050 5742 2138 5813 20.
2212 5745 2260 5776 ’³
2301 5743 2491 5801 Matth.
2528 5759 2662 5810 uti,
2690 5743 2778 5797 50.

2297 4640 2412 4690 vos,
2469 4622 2666 4676 fratres
2697 4628 2750 4675 et
2791 4617 3043 4674 conservi
3089 4618 3218 4680 mei,
3257 4625 3316 4671 ut
3353 4619 3396 4671 si
3430 4618 3554 4687 quis
3599 4617 3739 4671 forte
3772 4634 3870 4671 ve-

2293 4726 2467 4772 strum
2501 4731 2610 4768 non
2636 4720 2815 4784 potest
2845 4711 3091 4780 vigilare,
3115 4725 3220 4764 non
3257 4710 3359 4764 sibi
3386 4717 3705 4777 extorqueat
3735 4725 3869 4761 eru-

2291 4809 2522 4864 bescens
2547 4805 2889 4876 praesentiam
2921 4818 3118 4868 meam,
3143 4803 3272 4872 quia
3300 4801 3534 4854 diflicilis
3565 4810 3646 4854 est
3679 4799 3866 4854 subita

2293 4898 2641 4972 permutatio,
2697 4898 2857 4966 longo
2902 4905 3081 4950 autem
3117 4903 3361 4964 tempore
3393 4892 3440 4947 si
3482 4891 3747 4962 paulatim
3775 4907 3869 4945 as-

2294 4991 2504 5054 sucfaat,
2539 4991 2692 5045 labor
2715 5005 2824 5043 non
2850 4989 2955 5043 erit
2976 4987 3122 5058 quod
3151 5002 3215 5041 ex
3241 5001 3342 5041 usu
3367 4986 3534 5039 venit.
3573 4981 3692 5036 Non
3714 4985 3866 5038 enim

2292 5096 2483 5136 omnes
2512 5081 2759 5151 ejusdem
2792 5077 3157 5134 institutionis
3182 5075 3410 5136 fuimus,
3447 5074 3574 5127 licet
3598 5088 3866 5142 processu

2292 5173 2556 5242 temporis
2583 5173 2637 5226 in
2671 5187 2831 5226 unam
2857 5167 3142 5240 temperari
3168 5167 3624 5221 consuetudinem
3661 5169 3868 5236 poteri-

2292 5280 2444 5330 mus;
2477 5265 2630 5317 aiunt
2675 5263 2841 5326 enim,
2876 5261 3022 5331 quod
3062 5258 3365 5315 secundum
3411 5266 3620 5311 natura:
3680 5256 3867 5310 locum

2290 5357 2536 5411 obtineat
2569 5355 2932 5410 consuetudo.
2965 5351 3182 5409 Testem
3217 5359 3396 5405 autem
3429 5348 3597 5404 Deum
3640 5347 3866 5413 invoco,

2291 5450 2435 5519 quod
2475 5466 2585 5503 non
2638 5448 2910 5518 indignor,
2955 5447 3001 5504 si
3031 5446 3156 5518 quis
3201 5445 3340 5500 forte
3366 5458 3474 5498 non
3507 5448 3685 5511 potest
3721 5441 3869 5511 vigi-

2291 5545 2422 5607 lare,
2449 5542 2544 5599 sed
2569 5543 2670 5597 hoc
2699 5542 2891 5612 magis,
2925 5541 2972 5596 si
2993 5555 3118 5595 cum
3144 5546 3314 5595 totam
3343 5535 3465 5606 quis
3490 5545 3705 5588 noctem
3734 5532 3866 5587 dor-

2891 5741 2936 5774 ”
2978 5739 3166 5796 Matth.
3197 5757 3249 5805 v,
3283 5739 3318 5789 8
3439 5738 3457 5768 °
3523 5730 3770 5790 Vorabb.
3799 5750 3868 5792 cz
