4078 6336
225 409 368 468 ἥθ’]

1490 409 2056 469 RECOGNITIONUM
2092 409 2224 470 LIB.
2266 412 2356 468 III.

3356 419 3497 478 I998

223 532 383 596 miat,
408 546 505 602 per
537 529 680 585 diem
705 544 814 584 non
837 529 1008 601 replet
1039 528 1094 585 id
1139 527 1286 600 quod
1314 528 1504 584 omisit
1528 529 1582 582 in
1615 537 1797 582 nocte.
1831 534 1874 590 Α
1907 525 2119 582 siderat
2145 527 2336 581 urbem
2369 527 2653 598 perveniat
2683 529 2952 586 veritatis.
3011 531 3119 598 Qui
3161 537 3293 590 ver‘o
3327 537 3507 609 impev

224 621 614 684 Necessarium
650 638 886 692 namque
934 630 1019 679 est
1063 621 1328 678 doctrinae
1367 621 1566 677 studiis
1600 621 1806 678 intente

221 724 283 774 et
316 715 683 770 indesinenter
711 729 932 784 operam
963 713 1117 780 dare,
1185 723 1246 770 ut
1287 731 1440 770 mens
1473 722 1663 769 nostra
1702 713 1796 769 Dei

225 807 405 864 solius
449 807 709 863 memoria
743 807 1040 875 repleatur,
1075 807 1204 878 quia
1251 813 1490 862 mentem
1522 821 1686 876 quam
1717 818 1804 859 re-

223 899 459 968 pleverit
488 899 748 954 memoria
778 896 896 964 Dei,
931 899 1173 970 maligno
1216 899 1273 953 in
1321 912 1386 954 ea
1428 912 1538 959 non
1582 896 1803 953 dabitur

222 987 516 1132 milia“.
557 1075 696 1131 Cum
739 1077 854 1132 haec
883 1077 1092 1133 diceret
1139 1078 1207 1132 ad
1245 1093 1348 1134 nos
1380 1076 1597 1141 Petrus,
1629 1094 1801 1134 unus-

220 1167 460 1237 quisque
491 1179 736 1222 nostrum
754 1169 986 1223 sollicite
1007 1167 1380 1223 satisfaciebat
1399 1169 1474 1234 ei,
1493 1169 1640 1238 quod
1667 1168 1797 1222 olim

220 1259 376 1313 brevi
425 1272 619 1311 somno
671 1258 854 1312 satiati
904 1258 1276 1328 vigilaremus,
1336 1259 1431 1314 sed
1488 1272 1799 1313 vereremur

219 1350 468 1404 excitare
499 1363 646 1414 eum,
676 1349 803 1418 quia
833 1364 934 1403 nec
967 1349 1184 1404 deceret
1209 1349 1510 1420 discipulos
1534 1349 1799 1420 magistro

220 1440 525 1509 imperare;
552 1441 695 1510 quod
719 1447 897 1494 tamen
924 1435 1085 1510 pene,
1111 1441 1144 1495 ὸ
1164 1438 1342 1506 Petre,
1370 1440 1489 1496 ausi
1520 1441 1799 1495 fueramus

219 1547 582 1601 praesumere,
605 1532 732 1586 dum
758 1545 855 1584 cor
884 1539 1135 1586 nostrum
1157 1531 1326 1585 nimio
1357 1531 1647 1586 verborum
1671 1537 1797 1584 tuo-

217 1637 344 1675 rum
378 1621 650 1676 desiderio
682 1621 1010 1692 tripudians,
1037 1637 1291 1675 somnum
1335 1622 1552 1692 penitus
1585 1621 1798 1692 fugaret

215 1717 288 1771 ab
321 1719 522 1774 oculis.
552 1716 657 1771 Sed
689 1717 884 1773 iterum
917 1715 1144 1772 affectus
1169 1733 1297 1788 erga
1326 1725 1380 1772 te
1409 1726 1598 1772 noster
1622 1715 1797 1770 obsti-

213 1810 310 1870 tit,
343 1818 399 1864 et
431 1811 697 1864 violenter
729 1821 780 1865 te
805 1825 834 1863 a
868 1810 1040 1868 nobis.
1073 1826 1181 1865 non
1215 1811 1340 1865 tulit
1368 1810 1620 1865 excitari.
1655 1809 1792 1862 Tum

1909 613 2048 668 ritus
2080 621 2165 669 est
2192 621 2247 668 et
2273 615 2570 686 querendi.
2591 617 2734 670 viam
2763 620 2960 682 nescit,
2993 620 3136 675 sicut
3166 624 3496 694 peregrinus

1909 705 2104 768 viator,
2133 707 2396 777 ignorans
2429 717 2482 762 et
2503 723 2720 773 errans,
2755 711 2802 764 si
2839 710 2960 763 cive
2982 718 3035 765 et
3069 711 3323 783 indigena
3356 714 3494 770 nolit

1904 798 1985 850 uti
2008 798 2170 861 duce,
2203 799 2324 853 sine
2371 799 2540 854 dubio
2576 815 2706 855 cum
2742 801 3082 858 aberraverit
3115 818 3144 856 a
3182 803 3266 858 via
3289 806 3493 862 verita-

1903 886 2000 949 tis,
2017 895 2172 941 extra
2202 887 2330 942 vitae
2350 887 2552 958 januas
2591 891 2920 956 remanebit,
2953 899 3008 946 et
3035 893 3112 947 ita
3143 895 3327 949 noctis
3351 903 3487 950 atra:

1904 977 2147 1032 tenebris
2182 977 2473 1036 involutus
2497 996 2596 1051 per
2622 982 2850 1036 semitas
2897 982 3220 1053 perditionis
3251 984 3486 1043 incedet.

1903 1067 2045 1134 Quia
2080 1083 2212 1136 ergo
2259 1069 2307 1123 si
2340 1085 2437 1140 per
2485 1071 2738 1127 ordinem
2764 1089 2886 1142 qua;
2915 1074 3209 1143 quaerenda
3243 1084 3376 1131 sunt
3400 1078 3488 1131 in-

1902 1159 2218 1229 quirantur,
2239 1161 2476 1217 inveniri
2503 1162 2762 1218 facillime
2793 1175 3044 1234 possunt,
3081 1153 3328 1221 ordinem
3359 1180 3492 1223 vero

1903 1241 2217 1320 requirendi
2252 1253 2546 1322 imperitus
2572 1253 2808 1324 ignorat,
2837 1266 3050 1311 rectum
3080 1265 3164 1313 est
3201 1265 3258 1312 ut
3288 1259 3488 1314 scienti

1900 1342 2064 1396 cedat
2099 1343 2325 1413 ignarus
2375 1351 2430 1400 et
2489 1345 2667 1414 primo
2696 1349 2974 1417 quaerendi
2999 1350 3252 1404 ordinem
3282 1351 3488 1418 discat,

1903 1437 1963 1482 ut
2000 1430 2074 1484 ita
2105 1430 2328 1486 demum
2353 1432 2726 1506 interrogandi
2761 1443 2816 1491 et
2842 1437 3209 1508 respondendi
3240 1440 3487 1496 inveniat

1898 1522 2269 1591 disciplinam.
3435 1525 3441 1531 ’

1971 1615 2188 1672 XXXV.
2231 1619 2298 1673 Et
2344 1618 2536 1689 Simon
2581 1620 2651 1677 ad
2694 1621 2812 1678 haec
2847 1643 2860 1679 :
2902 1623 3027 1679 Non
3073 1641 3206 1697 ergo
3235 1627 3483 1684 omnium

1894 1714 1981 1761 est
2010 1709 2234 1772 veritas,
2265 1710 2358 1766 sed
2404 1726 2596 1770 eorum
2630 1715 3132 1786 tantummodoqui
3167 1725 3340 1773 artem
3379 1734 3483 1774 no.

1897 1798 2075 1852 verint
2103 1799 2442 1871 disputandi,
2475 1803 2621 1873 quod
2649 1805 2840 1876 utique
2881 1807 3181 1863 absurdum
3212 1820 3321 1875 est,
3352 1825 3478 1866 cum

214 1899 421 1957 Petrus
449 1921 462 1956 :
497 1901 766 1968 Quoniam
798 1901 964 1972 igitur
985 1901 1262 1964 audiendi,
1295 1900 1493 1970 inquit,
1521 1899 1796 1955 desiderio
1829 1902 1868 1956 Β
1897 1893 2180 1960 aequaliter
2226 1895 2298 1951 sit
2350 1895 2494 1954 Deus
2522 1899 2791 1970 omnium.
2825 1915 2934 1954 non
2964 1917 3157 1957 omnes
3195 1905 3481 1973 aqualiter

212 1992 455 2048 libenter
479 2008 576 2048 vos
610 1995 855 2048 asseritis
881 1993 1124 2064 vigilare,
1153 1994 1272 2047 volo
1303 1992 1459 2047 vobis
1483 2007 1545 2047 ea
1580 1999 1790 2046 tantum

211 2105 344 2159 quae
375 2089 632 2144 hesterno
663 2091 897 2159 sparsim
928 2089 1074 2145 dicta
1103 2100 1252 2154 sunt,
1285 2098 1533 2160 repetere
1559 2090 1792 2160 diligen-

210 2182 330 2235 tius
353 2189 407 2236 et
436 2195 560 2235 cum
590 2196 692 2236 suo
716 2181 909 2235 ordine
937 2181 1233 2251 explicare.
1264 2181 1422 2246 Quod
1457 2189 1511 2237 et
1546 2195 1643 2251 per
1673 2180 1790 2236 sin-

212 2276 377 2342 gulas
407 2289 654 2344 quasque
683 2273 1083 2343 disputationes
1120 2274 1347 2329 diurnas
1380 2273 1560 2329 facere
1603 2274 1791 2343 dispo-

211 2378 309 2425 no,
347 2369 407 2415 ut
450 2377 545 2431 per
589 2369 804 2415 noctem
847 2361 937 2416 ubi
986 2370 1258 2418 secretum
1306 2364 1412 2418 loci
1447 2371 1500 2419 et
1525 2364 1789 2434 temporis

211 2452 403 2514 datur,
461 2454 507 2507 si
556 2451 687 2523 quid
741 2452 882 2508 forte
919 2461 1107 2523 utpote
1159 2455 1214 2509 in
1258 2455 1558 2510 certamine
1608 2454 1790 2509 minus

210 2544 376 2612 plene
405 2544 612 2599 dictum
645 2553 748 2609 est,
793 2546 844 2600 id
876 2546 1087 2615 integro
1107 2547 1299 2601 ordine
1327 2554 1381 2601 et
1410 2546 1554 2601 linea
1577 2547 1787 2623 directa

209 2634 621 2702 explanationis
670 2635 934 2704 aperiam.
990 2635 1053 2689 Et
1097 2645 1220 2705 post
1265 2637 1381 2691 haec
1412 2638 1577 2707 coepit
1629 2637 1788 2694 nobis

209 2727 505 2782 ostendere
563 2727 837 2796 quomodo
887 2727 1142 2782 hesterno
1181 2729 1364 2783 haberi
1393 2729 1642 2784 debuerit
1669 2730 1786 2786 dis-

210 2819 455 2888 putatio,
515 2824 568 2872 et
602 2824 822 2889 propter
864 2817 1270 2872 contentionem
1321 2818 1404 2873 vel
1456 2819 1783 2889 imperitiam

207 2909 643 2964 contradicentis
671 2908 858 2964 haberi
893 2925 1002 2963 non
1018 2909 1277 2977 potuerit,
1291 2917 1346 2964 et
1360 2910 1485 2980 ideo
1514 2911 1632 2966 sola
1663 2925 1785 2981 pro-

211 3000 458 3055 fessione
487 3014 621 3054 usus
653 2999 746 3063 sit,
781 3007 946 3069 atque
976 3015 1040 3054 ea
1071 3015 1190 3072 qum
1207 3001 1275 3055 ab
1295 3000 1608 3057 adversario
1635 3001 1784 3057 dice-

209 3091 445 3153 bantur,
470 3099 679 3144 tantum
726 3090 1083 3156 destruxerit,
1118 3107 1214 3146 sua
1241 3093 1569 3164 vero'neque
1597 3096 1781 3149 omnia

207 3197 391 3251 neque
422 3183 708 3237 manifeste
734 3184 1078 3252 exposuerit;
1106 3191 1161 3239 et
1193 3184 1407 3255 singula
1437 3186 1597 3241 nobis
1627 3201 1781 3257 repe-
1809 3231 1850 3288 ε

207 3279 333 3328 tens
361 3272 573 3344 integro
599 3271 789 3327 ordine
819 3281 873 3327 et
903 3276 1062 3344 plena
1093 3274 1305 3329 ratione
1334 3277 1617 3332 disseruit.

282 3362 521 3418 XXXIII.
560 3363 695 3420 Cum
731 3380 860 3420 vero
888 3367 998 3435 jam
1027 3366 1327 3421 albesceret
1350 3367 1489 3431 dies,
1522 3385 1779 3440 egressus

207 3454 274 3508 ad
308 3456 496 3511 turbas
543 3465 667 3526 post
716 3458 1018 3512 Orationem
1071 3458 1234 3514 solito
1279 3459 1345 3513 ad
1386 3459 1778 3530 disputandum

205 3547 455 3601 constitit
484 3549 624 3610 loco,
649 3557 701 3602 et
733 3547 927 3603 videns
959 3546 1236 3604 Simonem
1268 3550 1324 3609 in
1366 3551 1563 3607 mediis
1601 3554 1777 3608 turbis

204 3646 444 3694 stantem
473 3655 539 3693 ex
573 3654 722 3694 more
751 3642 904 3709 prius
939 3641 1177 3695 salutato
1205 3643 1412 3712 populo.
1437 3644 1512 3696 ait
1545 3665 1556 3698 :
1595 3644 1775 3701 Dolori

203 3730 338 3783 mihi
367 3745 490 3784 esse
522 3729 694 3784 fateor
723 3731 791 3786 de
819 3733 1100 3788 nonnullis
1155 3732 1490 3796 hominibus,
1518 3735 1610 3804 qui
1649 3752 1774 3791 cum

200 3823 279 3876 ita
316 3822 382 3875 ad
413 3838 512 3876 nos
542 3823 762 3878 veniant
791 3833 848 3878 ut
871 3825 1086 3879 discant
1117 3825 1345 3896 aliquid,
1376 3828 1464 3882 ubi
1487 3844 1582 3883 eos
1611 3830 1774 3885 doce-

201 3929 261 3967 re
294 3915 648 3981 coeperimus,
681 3914 782 3984 ipsi
812 3929 1004 3969 rursus
1046 3917 1338 3985 magistros
1367 3933 1425 3972 se
1453 3932 1576 3974 esse
1607 3919 1770 3988 proli-

198 4011 408 4067 tentur,
430 4012 484 4058 et
513 4006 849 4076 interrogant
871 4008 1087 4076 quidem
1109 4016 1166 4060 ut
1195 4010 1527 4075 ignorantes,
1550 3995 1776 4064 contra:

199 4097 391 4150 dicunt
431 4106 610 4151 autem
648 4113 708 4151 ut
754 4099 1012 4154 scientes.
1047 4095 1155 4152 Sed
1209 4098 1444 4154 fortasse
1490 4099 1636 4160 dicat
1666 4102 1769 4156 ali-

195 4189 345 4258 quis,
376 4189 504 4259 quia
549 4190 640 4259 qui
674 4189 995 4259 interrogat,
1022 4191 1091 4244 ob
1126 4191 1228 4244 hoc
1258 4191 1474 4260 quidem
1512 4200 1570 4246 ut
1596 4195 1770 4248 discat

195 4283 519 4352 interrogat,
563 4282 654 4335 ubi
688 4297 816 4336 vero
863 4281 917 4335 id
956 4282 1099 4351 quod
1132 4280 1366 4336 audierit
1393 4298 1503 4336 non
1542 4284 1593 4338 ei
1624 4292 1769 4341 recte

192 4373 404 4427 dictum
438 4373 673 4436 videtur,
710 4387 935 4428 necesse
967 4382 1050 4428 cst
1085 4383 1142 4426 ut
1193 4373 1540 4444 respondeat,
1571 4383 1624 4428 et
1655 4376 1769 4431 haec

192 4466 413 4519 videtur
443 4480 564 4519 esse
594 4464 976 4532 contradictio,
998 4482 1119 4540 qua:
1143 4482 1250 4521 non
1277 4474 1360 4522 est
1381 4467 1764 4533 contradictio,

192 4555 289 4612 sed
319 4556 434 4610 rein
444 4557 757 4625 terrogatio.
1046 4541 1048 4544 r

263 4644 505 4700 XXXIV.
547 4648 746 4701 Audiat
776 4662 906 4718 ergo
947 4648 1060 4703 haec
1095 4669 1106 4702 :
1141 4647 1335 4705 Totius
1383 4649 1650 4706 doctrinae
1691 4652 1768 4706 di-

187 4740 425 4810 seiplina
477 4751 683 4794 certum
748 4740 907 4794 habet
960 4739 1309 4804 ordinem,et
1342 4751 1471 4796 sunt
1517 4743 1764 4812 quaedam

187 4846 310 4900 qua:
360 4831 533 4900 prima
584 4830 849 4895 tradenda
882 4839 1028 4895 sunt,
1062 4833 1165 4885 alia
1211 4848 1340 4887 vero
1371 4849 1491 4903 qua:
1522 4836 1764 4889 secundo

187 4919 241 4973 in
290 4923 430 4985 loco,
463 4928 513 4975 et
546 4922 650 4974 alia
682 4923 867 4986 tertio,
893 4932 946 4980 et
987 4923 1067 4978 sic
1120 4924 1333 4994 singula
1381 4941 1611 4997 quaeque
1665 4943 1761 4997 per

183 5013 457 5085 ordinem,
493 5028 613 5083 quae
644 5014 830 5083 utique
862 5015 906 5068 si
937 5031 1032 5084 per
1061 5018 1508 5085 consequentiam
1541 5019 1762 5073 tradan-

185 5083 595 5165 tur,manifesta
619 5105 780 5173 ﬁunt;
801 5113 955 5159 extra
983 5107 1230 5160 ordinem
1257 5124 1381 5161 vero
1404 5109 1448 5163 si
1471 5110 1759 5178 proferan-

184 5205 294 5261 tur,
321 5196 487 5249 etiam
537 5204 728 5250 contra
783 5198 1049 5252 rationem
1103 5199 1249 5252 dicta
1296 5201 1646 5258 videbuntur.
1692 5203 1758 5257 Et

180 5288 303 5343 ideo
324 5289 376 5340 in
401 5289 593 5358 primis
616 5289 751 5343 ordo
771 5291 1070 5346 servandus
1093 5298 1196 5355 est,
1224 5292 1268 5346 si
1297 5300 1479 5346 tamen
1505 5295 1605 5348 hoc
1631 5311 1755 5365 pro-

181 5381 362 5452 posito
391 5395 720 5451 quaeramus,
743 5390 801 5435 ut
831 5383 1106 5452 possimus
1147 5384 1293 5453 quod
1323 5386 1620 5455 quaerimus
1671 5387 1755 5441 in-

179 5473 387 5527 venire.
424 5471 634 5526 Etenim
678 5475 771 5543 qui
826 5483 1034 5529 rectum
1069 5474 1282 5529 initium
1322 5477 1422 5531 viae
1455 5480 1750 5547 acceperit,

177 5565 341 5618 etiam
394 5565 695 5620 secundum
742 5566 920 5622 locum
959 5577 1361 5638 consequenter
1389 5570 1657 5636 advertet,
1699 5581 1752 5626 et

177 5670 238 5708 ex
286 5644 552 5710 secundo.
584 5657 801 5711 tertium
857 5659 1072 5715 facilius
1127 5660 1397 5727 inveniet;
1445 5669 1499 5716 et
1545 5672 1751 5732 quanto

179 5748 320 5799 ultra
387 5750 740 5817 processerit,
785 5758 945 5805 tanto‘
988 5753 1161 5822 magis
1215 5753 1261 5807 ei
1311 5757 1396 5807 via
1455 5756 1748 5824 agnitionis

177 5838 418 5906 apertior
458 5840 566 5904 fiet,
604 5859 887 5914 usquequo
920 5845 983 5900 ad
1027 5846 1198 5916 ipsam
1234 5863 1342 5916 quo
1372 5848 1544 5902 tendit
1571 5857 1622 5903 ct
1653 5850 1746 5906 de-

1896 1998 2060 2053 posse
2088 1985 2422 2043 voluntatem
2439 1979 2562 2058 ejus
2588 2005 2904 2060 agnoscere.
2933 1992 2999 2046 Et
3016 1993 3210 2050 Petrus
3235 1995 3478 2067 :1Equa~

1894 2075 1994 2138 les,
2030 2075 2228 2146 inquit,
2262 2093 2454 2135 omnes
2486 2079 2563 2137 ab
2599 2097 2666 2137 eo
2726 2082 2853 2138 facti
2899 2097 3048 2148 sunt,
3085 2094 3140 2141 et
3187 2090 3475 2158 aequaliter

1891 2165 2107 2219 cunctis
2135 2166 2284 2221 dedit
2341 2184 2574 2251 capaces
2596 2185 2718 2226 esse
2768 2174 3032 2229 veritatis.
3070 2173 3271 2230 Verum
3325 2179 3474 2247 quod

1892 2257 2076 2312 nullus
2099 2273 2287 2312 eorum
2316 2261 2407 2328 qui
2439 2263 2552 2316 nati
2580 2271 2731 2324 sunt,
2768 2263 3018 2321 eruditus
3048 2275 3212 2322 natus
3242 2269 3337 2336 sit,
3375 2271 3472 2327 sed

1896 2346 2170 2416 posterior
2205 2348 2276 2402 sit
2311 2350 2594 2406 nativitate
2620 2352 2880 2418 eruditio,
2926 2354 3060 2408 nulli
3094 2355 3320 2410 dubidm
3345 2370 3471 2417 ‘est.

1891 2435 2027 2491 Cum
2063 2437 2229 2508 igitur
2258 2441 2518 2495 nativitas
2550 2441 2832 2496 hominum
2886 2443 2940 2497 in
2993 2459 3060 2500 eo
3090 2452 3273 2515 teneat
3303 2450 3472 2517 requi-

1890 2534 2082 2593 tatem,
2120 2536 2180 2583 ut
2209 2545 2400 2585 omnes
2443 2532 2703 2589 similiter
2753 2534 3472 2608 percipiendaedisciplinze

1890 2634 2120 2690 capaces
2156 2621 2286 2687 sint,
2318 2639 2425 2676 non
2469 2633 2553 2679 est
2607 2626 2661 2679 in
2690 2633 2911 2694 natura,
2936 2626 3032 2682 sed
3069 2629 3127 2682 in
3151 2632 3470 2703 eruditbne

1888 2711 2199 2770 diversitas.
2259 2714 2366 2770 Aut
2420 2716 2544 2784 quis
2589 2717 2788 2778 nescit,
2837 2717 2984 2786 quod
3039 2733 3102 2772 ea
3140 2734 3263 2788 qua:
3297 2736 3468 2775 unus-

1887 2801 2121 2872 quisque
2151 2803 2367 2868 didicit,
2401 2805 2720 2874 priusquam
2753 2806 3010 2868 disceret,
3050 2807 3376 2877 ignorabat?
3403 2811 3469 2864 Et

1888 2887 2076 2945 Simon
2113 2891 2312 2957 :Vere,
2345 2893 2541 2962 inquit,
2573 2894 2737 2948 dicis.
2776 2894 2914 2948 Tum
2963 2895 3198 2952 Petrus:
3234 2896 3292 2961 Si
3338 2915 3470 2969 ergo

1887 2982 1940 3036 in
1973 2983 2058 3037 his
2090 2984 2303 3040 artibus
2358 3001 2494 3055 quas
2535 3001 2670 3039 usus
2718 2988 3027 3043 communis
3077 2989 3260 3053 habet,
3291 2992 3470 3062 primo

1883 3072 2136 3136 discitur,
2160 3075 2356 3130 deinde
2386 3076 2641 3139 docetur,
2667 3087 2875 3146 quanto
2922 3081 3095 3150 magis
3132 3092 3344 3150 oportet
3373 3099 3469 3145 eos

1883 3165 1979 3235 qui
2008 3164 2320 3220 eruditores
2347 3181 2406 3222 se
2450 3167 2774 3236 proﬁtentur
2817 3168 3146 3234 animarum,
3179 3171 3358 3241 primo
3383 3172 3466 3226 di-

1882 3271 2060 3320 scere,
2090 3263 2143 3312 et
2173 3258 2247 3311 ita
2283 3257 2503 3321 docere,
2535 3275 2629 3322 ne,
2664 3277 2787 3314 eum
2825 3262 2932 3318 sint
2960 3261 3062 3331 ipsi
3097 3260 3358 3333 imperiti,
3391 3266 3467 3318 ri-

1882 3345 2125 3399 diculum
2154 3345 2426 3415 videatur,
2459 3348 2504 3403 si
2534 3348 2656 3405 aliis
2684 3364 2742 3403 se
2786 3350 3125 3418 przestituros
3175 3351 3462 3406 scientiam

1881 3438 2282 3508 repromittant.
2319 3437 2457 3494 Tum
2497 3439 2685 3494 Simon
2723 3436 2818 3495 ειη
2868 3442 3106 3507 artibus,
3136 3445 3334 3514 inquit,
3371 3447 3458 3502 his

1878 3545 2000 3599 quae
2021 3545 2154 3585 usus
2184 3530 2495 3588 communis
2526 3532 2711 3595 habet,
2745 3548 2933 3587 verum
2965 3541 3070 3601 est,
3102 3535 3246 3605 quod
3282 3553 3458 3594 unus-

1877 3622 2112 3691 quisque
2166 3622 2270 3676 nisi
2331 3621 2607 3687 didicerit,
2663 3624 2913 3688 nesciat,
2968 3625 3023 3679 in
3088 3626 3253 3683 verbo
3329 3646 3464 3687 vero.

1877 3713 2117 3770 scientia:
2145 3713 2327 3770 statim
2356 3721 2418 3768 ut
2443 3714 2680 3769 audierit
2709 3715 2854 3786 quis,
2887 3716 3100 3772 didicit.

1948 3821 2190 3878 XXXVI.
2223 3821 2290 3876 Et
2327 3822 2568 3880 Petrus:
2605 3823 2661 3880 Si
2712 3826 2933 3896 quidem
2983 3843 3077 3897 per
3111 3828 3362 3884 ordinem
3405 3843 3460 3887 et

1873 3922 2276 3983 consequenter
2305 3915 2514 3981 audiat,
2551 3925 2731 3986 potest
2759 3920 2903 3974 scire
2948 3919 3093 3990 quod
3120 3936 3309 3975 verum
3351 3935 3455 3986 est,

1873 4006 1970 4060 sed
2001 4007 2096 4077 qui
2130 4006 2518 4062 emendatioris
2550 4010 2672 4065 vita:
2704 4011 2946 4080 regulam
2993 4014 3456 4069 conversationis-

1873 4115 1979 4170 que
2019 4099 2275 4155 castioris
2306 4100 2586 4171 suscipere
2607 4109 2844 4166 recusat,
2870 4119 2990 4172 qua
3017 4105 3204 4174 utique
3233 4108 3453 4175 scquela

1871 4199 1953 4246 est
1984 4191 2227 4246 scientias
2251 4192 2520 4257 veritatis,
2561 4194 2705 4247 scire
2741 4210 2800 4249 se
2843 4196 2988 4263 quod
3034 4200 3157 4261 Scit,
3189 4213 3297 4253 non
3335 4202 3454 4254 vult

1871 4282 2046 4338 fateri.
2084 4283 2238 4339 Sicut
2267 4283 2430 4339 etiam
2469 4285 2760 4340 nonnullos
2803 4287 3073 4352 videmus,
3115 4291 3206 4360 qui
3240 4292 3451 4347 artibus

1868 4390 2005 4445 quas
2031 4391 2059 4429 a
2084 4391 2256 4445 puero
2279 4376 2582 4431 didicerant
2612 4377 2909 4445 derelictis,
2937 4379 3004 4433 ad
3031 4381 3168 4436 alios
3199 4398 3258 4438 se
3290 4393 3450 4441 actus

1868 4466 2177 4532 conferunt,
2207 4476 2261 4524 et
2287 4476 2347 4522 ut
2374 4471 2661 4552 excusatio
2692 4471 2765 4525 sit
2795 4471 2875 4526 eis
2906 4472 3130 4527 desidia:
3161 4491 3296 4539 suas,
3330 4479 3448 4530 cul-

1801 4579 1844 4634 ι)
1870 4575 2000 4628 pare
2027 4561 2293 4631 incipiunt
2313 4569 2485 4616 artem
2510 4563 2657 4616 velut
2681 4563 3100 4621 infructuosam.
3127 4564 3190 4620 Et
3216 4567 3402 4623 Simon
3431 4588 3445 4625 :

1873 4651 2142 4708 Deberem
2185 4669 2377 4709 omnes
2428 4653 2714 4710 audientes
2761 4657 2986 4711 credere
3035 4674 3221 4713 verum
3275 4675 3440 4726 esse,

1867 4746 2017 4815 quod
2048 4745 2314 4800 audiunt?
2336 4747 2474 4800 Tum
2506 4745 2703 4802 Petrus
2739 4765 2752 4800 :
2787 4747 2888 4812 Qui
2922 4750 3194 4805 audierint
3230 4767 3328 4821 per
3353 4769 3446 4806 or—

1864 4839 2044 4892 dinem
2099 4854 2407 4894 sermonem
2459 4838 2747 4903 veritatis,
2797 4843 3174 4898 contradicere
3221 4846 3445 4902 omnino

1863 4945 1972 4984 non
2007 4938 2258 5000 possunt,
2311 4931 2407 4986 sed
2440 4931 2623 4985 sciunt
2655 4948 2842 4986 verum
2879 4949 3001 4987 esse
3039 4935 3183 5003 quod
3213 4937 3439 5001 dicitur,

1863 5022 1910 5075 si
1942 5029 2121 5077 tamen
2153 5022 2386 5077 libenter
2423 5025 2586 5076 etiam
2633 5025 2757 5077 vitae
2811 5025 3061 5078 instituta
3111 5029 3436 5097 suscipiant.

1864 5111 1974 5167 llos
2009 5129 2135 5168 vero
2186 5130 2324 5183 quos
2371 5114 2657 5170 audientes
2686 5115 2750 5168 ad
2807 5116 2947 5170 bona
2984 5132 3149 5184 opera
3186 5118 3440 5174 conferre

1862 5220 1920 5258 se
1951 5207 2114 5274 piget,
2155 5207 2295 5261 male
2336 5208 2528 5276 agendi
2575 5207 2744 5260 libido
2799 5209 3153 5277 acquiescere
3195 5209 3279 5264 his
3319 5227 3440 5278 qua:

1861 5298 2293 5366 rectajudicant,
2326 5314 2434 5352 non
2468 5298 2617 5353 sinit.
2669 5297 2826 5353 Unde
2857 5299 3163 5354 ostenditur
3197 5302 3435 5374 positum

1858 5406 1980 5444 esse
2013 5392 2065 5444 in
2097 5391 2406 5444 auditorum
2441 5399 2730 5460 potestate,
2779 5393 2978 5461 eligere
3005 5400 3187 5445 utrum
3220 5394 3432 5449 malint.

1856 5481 2013 5548 Quod
2063 5483 2106 5536 si
2160 5499 2350 5538 omnes
2401 5485 2492 5553 qui
2543 5484 2794 5546 audiunt,
2850 5485 3170 5550 obedirent,
3225 5494 3434 5544 natura:

1857 5575 2028 5642 magis
2057 5583 2202 5629 esset
2233 5577 2557 5642 necessitas,
2589 5592 2711 5645 quae
2741 5593 2845 5630 una
2883 5590 3074 5630 omnes
3113 5585 3293 5646 ageret
3325 5578 3430 5632 vin.

1857 5665 2009 5720 Sicut
2038 5669 2178 5721 enim
2212 5667 2429 5723 suaderi
2465 5669 2589 5738 quis
2624 5684 2730 5723 non
2761 5677 2959 5738 potest,
3001 5677 3059 5722 ut
3089 5669 3181 5722 ﬁat
3214 5668 3432 5726 brevior

1854 5768 1944 5811 aut
1974 5761 2202 5830 longior,
2233 5762 2359 5831 quia
2410 5778 2516 5815 non
2554 5761 2685 5816 sinit
2734 5762 2816 5815 vis
2853 5769 3093 5826 naturm;
3149 5760 3222 5812 ita
3266 5770 3318 5813 et
3363 5763 3427 5813 ad

1854 5852 2157 5917 veritatem,
2193 5856 2236 5909 si
2267 5870 2457 5912 oinnes
2492 5854 2658 5910 verbo
2689 5862 3141 5928 wnvcrterentur
3186 5864 3279 5911 aut
3314 5871 3428 5908 θυι-
