4050 6336
662 402 805 460 ιευυ

1511 405 1572 460 S.
1612 405 2006 461 CLI-IMENTIS
2043 406 2061 460 l
2097 405 2263 460 ROM.
2305 403 2506 462 PONT.
2537 408 2763 463 OPEWA
2807 406 3032 463 DL'BIA.

3800 409 3924 464 15M

655 534 758 572 sies
811 534 922 572 non
976 527 1453 583 converterentur,
1501 531 1710 578 natura:
1757 531 1903 578 esset
1961 523 2074 584 vis,
2131 539 2249 589 quia:
2280 528 2319 579 Α
2351 537 2519 588 quum
2561 523 2860 586 videretur,
2895 532 2950 577 ut
2976 523 3110 592 justi
3141 532 3194 578 et
3225 523 3412 590 injustt
3465 540 3577 579 uno
3628 533 3780 596 apud
3810 545 3922 581 cm

653 610 892 680 cogebat
922 610 1087 667 verbo
1116 625 1311 667 οιιιιιει
1353 615 1606 668 converti
1659 623 1754 669 aut
1775 615 1991 674 nullum
2019 616 2246 671 omnino

654 702 929 758 converti.

731 790 996 850 XXXVII.
1029 793 1094 848 Et
1126 794 1317 850 Simon
1353 816 1366 851 :
1405 796 1546 852 Doce
1573 811 1705 870 ergo
1740 812 1865 861 nos,
1894 795 2026 868 quid
2069 798 2246 868 primo

655 894 875 956 oportet
900 887 1116 943 discere
1149 903 1279 943 eum
1311 889 1406 958 qui
1445 891 1728 945 veritatem
1758 890 1903 946 scire
1940 887 2246 944 desiderat?

655 977 722 1033 Et
769 978 964 1035 Petrus
1008 997 1022 1032 :
1063 980 1207 1036 Ante
1251 982 1472 1045 omnia,
1522 983 1729 1051 inquit,
1779 980 1953 1051 quaeri
2005 989 2241 1051 oportet,

655 1069 788 1140 quid
818 1071 893 1126 sit
913 1070 1123 1141 homini
1145 1075 1413 1142 quaerenti
1440 1073 1684 1128 invenire
1705 1073 1986 1144 possibile.
2012 1071 2243 1128 Necesse

648 1170 742 1217 est
767 1162 914 1217 enim
937 1163 1208 1233 judicium
1239 1164 1340 1220 Dei
1366 1166 1420 1219 iu
1467 1163 1572 1220 hoc
1601 1173 1770 1230 stare,
1799 1166 1849 1222 si
1877 1165 2053 1235 patuit
2079 1165 2242 1220 homo

654 1252 858 1308 bonum
890 1252 1092 1318 facere,
1123 1265 1179 1310 et
1209 1272 1318 1311 non
1353 1256 1514 1322 fecit;
1540 1264 1596 1310 et
1628 1255 1749 1312 ideo
1776 1256 2129 1327 quaerendum
2159 1266 2244 1311 est

655 1344 993 1411 hominibus,
1026 1349 1074 1404 si
1105 1349 1344 1404 habeant
1388 1350 1442 1403 in
1485 1357 1754 1420 potestate
1806 1364 1903 1404 sua
1935 1357 2240 1419 quaerentes

651 1435 902 1494 invenire
928 1439 1066 1510 quid
1091 1450 1178 1496 est
1199 1442 1425 1508 bonum,
1456 1451 1509 1496 et
1540 1457 1667 1497 cum
1702 1442 2008 1496 invenerint
2029 1441 2236 1508 facere;

652 1527 759 1582 hoc
813 1530 961 1584 enim
1005 1540 1090 1586 est
1136 1547 1237 1601 pro
1285 1549 1396 1604 quo
1438 1532 1725 1603 judicandi
1776 1539 1926 1589 sunt.
1988 1533 2238 1602 Amplius

649 1629 835 1699 autem
869 1621 956 1676 liis
991 1623 1172 1678 solum
1211 1624 1356 1680 scire
1403 1621 1489 1679 fas
1514 1633 1604 1680 est
1651 1625 2004 1695 prophetam,
2035 1631 2092 1678 et
2120 1638 2236 1678 me-

652 1711 794 1776 rito;
816 1713 948 1782 quid
978 1714 1125 1768 enim
1146 1729 1286 1785 opus
1313 1723 1398 1772 est
1425 1716 1744 1772 hominibus
1773 1716 1937 1779 scire,
1961 1713 2238 1786 quomodo

2347 611 2678 667 haberentur
2706 614 2899 669 ordine
2931 613 3272 670 meritorum.

2416 703 2658 761 XXXIX.
2689 704 2754 760 Et
2777 703 2970 760 Simon
2998 722 3010 757 :
3045 704 3220 760 Unum
3246 713 3330 760 est
3359 706 3426 761 de
3453 722 3563 778 quo
3595 708 3740 762 mihi
3771 710 3924 762 Veli-

2343 796 2626 861 satislleri,
2654 797 2702 853 si
2735 798 3059 854 immortalis
3089 806 3174 853 est
3199 799 3419 865 anima;
3456 816 3563 854 non
3609 801 3768 854 erli-
3804 818 3924 872 pes-

2344 903 2468 943 sum
2499 903 2646 945 onus
2693 890 2882 971 subire
2915 890 3169 961 iustitia,
3200 890 3305 945 nisi
3339 892 3493 962 prius
3521 891 3590 947 de
3635 892 3926 948 immorta-

2343 981 2496 1037 litate
2542 981 2738 1038 animze
2768 983 2963 1046 sciam,
2995 998 3117 1052 qua:
3149 983 3336 1052 utique
3354 982 3418 1039 .si
3450 983 3791 1040 immortalis
3819 1001 3926 1038 non

2342 1079 2457 1136 est,
2489 1088 2590 1128 nec
2620 1072 3024 1142 pradicationis
3057 1083 3161 1128 tuae
3199 1074 3398 1144 poterit
3441 1083 3589 1131 stare
3620 1075 3925 1146 professio.

2343 1161 2480 1218 Tum
2507 1162 3114 1230 PetruszQuaeramus,
3161 1165 3358 1235 inquit,
3405 1168 3581 1236 prius,
3633 1169 3682 1223 si
3734 1168 3926 1238 justus

2339 1261 2425 1310 est
2455 1253 2632 1325 Deus;
2663 1255 2808 1326 quod
2847 1256 2894 1312 si
2927 1256 3213 1317 claruerit,
3256 1256 3465 1328 integer
3500 1262 3759 1327 proiecto
3793 1263 3924 1315 reii-

2338 1348 2520 1419 gionis
2555 1349 2692 1406 ordo
2727 1350 3024 1406 constabit.
3068 1347 3135 1403 Et
3169 1348 3359 1405 Simon
3387 1365 3401 1402 :
3427 1349 3648 1405 Videris
3686 1355 3831 1407 inibi
3869 1367 3923 1405 ιιι

2337 1437 2432 1507 qui
2477 1447 2530 1492 te
2573 1438 2751 1506 jactas
2795 1438 3114 1509 disputandi
3181 1441 3432 1495 ordinem
3502 1457 3702 1506 nosse,
3771 1459 3922 1498 nunc

2338 1534 2529 1581 contra
2569 1528 2819 1584 ordinem
2865 1529 3248 1600 respondisse;
3302 1546 3388 1586 me
3417 1531 3560 1586 enim
3593 1543 3838 1603 rogante
3868 1545 3922 1589 ut

2336 1617 2636 1682 ostendas,
2667 1618 2716 1672 si
2768 1618 3092 1674 immortalis
3119 1629 3203 1676 est
3239 1623 3448 1689 anima,
3487 1632 3545 1678 tu
3589 1626 3698 1688 ais,
3741 1631 3924 1696 prim

2336 1721 2437 1762 nos
2473 1719 2717 1777 quat-ere
2743 1719 2962 1780 oportet
2998 1712 3044 1766 si
3081 1714 3260 1781 justus
3300 1724 3385 1769 est
3413 1716 3575 1771 Deus.
3625 1717 3693 1772 Et
3718 1718 3920 1778 Petrus

650 1804 833 1862 factus
864 1808 937 1863 sit
967 1807 1242 1864 mundus!
1280 1807 1577 1864 Haecenim
1619 1807 1880 1864 discenda
1922 1805 2235 1862 necessario
2265 1872 2297 1876 _
2333 1799 2411 1852 δίι
2437 1818 2451 1855 ε
2481 1798 2653 1876 νδιίὲθ
2681 1813 3079 1873 ωηειηυωιετ
3105 1813 3160 1858 ei
3185 1814 3332 1861 Νειθ
3370 1822 3431 1862 δε
3454 1809 3646 1864 Ιηὺεῑ-
3682 1809 3912 1867 Simon:

649 1900 987 1964 viderentur,
1018 1903 1065 1956 si
1095 1902 1276 1956 simile
1315 1901 1616 1956 ineundum
1653 1900 1814 1955 nobis
1865 1905 2012 1954 esset
2060 1896 2230 1953 srtitio
2262 1872 2305 1927 Β
2338 1891 2510 1946 Velim
2542 1872 2776 1951 discere.

648 1992 819 2046 cium.
853 1992 1008 2046 Nunc
1051 1999 1236 2048 autem
1271 1992 1470 2047 suillcit
1498 1993 1660 2048 nobis
1701 1993 1768 2048 ad
1815 1991 2024 2048 cultum
2048 1989 2142 2045 Dei
2173 1999 2232 2045 ut

649 2082 914 2146 sciamus,
941 2085 1066 2154 quia
1100 2084 1229 2154 ipse.
1257 2083 1387 2138 fecit
1415 2083 1716 2148 mundum;
1749 2083 2023 2153 quomodo
2049 2090 2228 2136 autem

563 2167 566 2172 ’
651 2174 844 2229 fecerit
867 2177 1220 2248 quarendum
1252 2191 1360 2230 non
1388 2184 1494 2239 est,
1519 2176 1668 2246 quia,
1701 2184 1762 2228 ut
1780 2175 1914 2238 disi,
1937 2190 2047 2227 non
2071 2174 2229 2230 nobis

652 2266 925 2331 imminet,
999 2269 1262 2339 tanquh
1311 2268 1491 2324 simile
1543 2267 1746 2338 aliquid
1797 2266 2046 2332 factoris,
2092 2268 2228 2321 artis

649 2357 825 2427 ipsius
859 2359 1147 2414 scientiam
1180 2358 1416 2414 discere.
1472 2358 1582 2414 Sed
1615 2373 1791 2429 neque
1821 2374 1917 2429 pro
1945 2360 2050 2414 hoc
2080 2359 2228 2429 judi-

644 2449 812 2504 candi
844 2465 1058 2516 sumus,
1093 2466 1192 2506 cur
1221 2467 1332 2507 non
1369 2451 1729 2506 didicerimus
1750 2450 2024 2521 quomodo
2050 2451 2226 2508 factus

646 2541 725 2594 sit
748 2541 1004 2603 mundus,
1030 2543 1126 2597 sed
1160 2557 1258 2612 pro
1284 2557 1351 2597 eo
1374 2550 1607 2608 tantum,
1641 2543 1685 2598 si
1739 2542 2052 2612 ignoremus
2078 2543 2227 2599 Con-

648 2615 880 2687 ditdrem
929 2636 1069 2703 ejus.
1116 2633 1370 2703 Sciemus
1418 2643 1601 2690 autem
1649 2634 1987 2690 conditorem
2038 2636 2254 2691 mundi'

637 2725 854 2794 justum
885 2734 942 2780 et
984 2728 1185 2782 bonum
1232 2725 1425 2791 Deum,
1477 2727 1524 2782 si
1568 2742 1695 2797 eum
1747 2719 2225 2796 semitis‘justitiaa

647 2819 1022 2888 requiramus.
1083 2818 1219 2872 Nam
1272 2819 1319 2873 si
1367 2819 1472 2873 hoc
1518 2828 1726 2873 tantum
1765 2819 2006 2874 sciamus
2045 2818 2112 2873 de
2157 2834 2224 2874 eo

641 2910 792 2979 quod
842 2909 1017 2964 bonus
1069 2917 1184 2974 est,
1223 2909 1537 2980 hujusmodi
1588 2911 1818 2965 scicntia
1860 2925 1973 2965 non
2027 2909 2223 2965 sufﬁcit

622 3000 714 3055 .ad
753 3003 1004 3056 salutem.
1056 3000 1112 3056 In
1165 3002 1419 3072 praesenti
1465 3002 1608 3056 enim
1655 3010 1920 3070 tempore,
1980 3000 2222 3057 bonitate

630 3098 765 3163 .ejns
788 3104 842 3149 et
870 3095 1148 3149 bencliciis
1178 3093 1537 3164 perfruuntur
1565 3109 1673 3146 non
1712 3094 1890 3148 solum
1910 3092 2085 3162 digni,
2126 3093 2219 3148 scd

2404 1981 2514 2038 XL.
2556 1981 2752 2041 Petrus
2797 1985 3012 2050 :Audi,
3067 1987 3266 2059 inquit,
3317 1992 3564 2045 nonnulli
3619 1993 3914 2050 boinin

2333 2075 2773 2146 blaspbeinantes
2795 2075 2964 2132 Deum
2989 2089 3042 2134 et
3067 2095 3283 2135 omnem
3314 2082 3480 2137 vitam
3524 2100 3686 2139 suam
3729 2088 3790 2140 iu

2325 2167 2541 2236 justitia
2579 2176 2632 2222 et
2661 2168 2938 2238 voluptate
2977 2169 3261 2236 ducentes,
3295 2173 3351 2226 in
3393 2172 3612 2231 lectulis
3660 2178 3787 2231 suis
3814 2177 3910 2231 de-

2331 2257 2504 2312 functi
2551 2269 2714 2324 sunt,
2767 2262 3050 2314 consecuti
3102 2265 3264 2316 linem
3317 2263 3441 2318 vita:
3487 2265 3632 2320 inter
3673 2282 3815 2322 suos
3858 2275 3912 2322 et

2329 2348 2706 2406 honorabilem
2746 2352 3126 2420 sepulturam;
3167 2353 3256 2406 alii
3293 2341 3618 2409 verfDeum
3660 2358 3908 2412 colentes

2327 2449 2534 2496 etcum
2570 2443 2722 2498 onmi
2757 2443 2974 2513 justitia
3017 2453 3071 2499 et
3112 2444 3408 2502 sobrietate
3435 2447 3604 2501 vitam
3644 2463 3813 2503 suam
3856 2452 3906 2504 in

2327 2534 2664 2602 parcimonia
2711 2545 3135 2598 conservantes,
3169 2552 3268 2607 pro
3293 2537 3522 2607 justitia:
3551 2542 3908 2596 observantia

2327 2627 2381 2682 in
2414 2629 2648 2683 desertis
2693 2629 2972 2693 interiere,
3021 2632 3093 2682 ita
3141 2638 3212 2684 ut.
3245 2647 3314 2686 ne
3355 2633 3636 2702 sepultura
3677 2635 3908 2704 quidem

2327 2719 2660 2774 haberentur
2723 2721 2896 2790 digni.
2952 2719 3054 2775 Ubi
3104 2731 3190 2776 est
3247 2738 3378 2793 ergo
3420 2723 3635 2793 justitia
3695 2725 3820 2785 Dei.
3860 2731 3906 2781 si

2322 2811 2506 2865 anima
2554 2812 2883 2867 immortalis
2911 2822 3151 2878 nonest,
3181 2829 3302 2884 quae
3343 2816 3425 2869 vel
3455 2815 3500 2868 si
3533 2816 3700 2885 impie
3728 2823 3907 2889 egerit

2323 2920 2514 2974 poenas
2545 2905 2599 2958 in
2630 2906 2835 2970 futuro,
2868 2907 2952 2960 vel
2983 2907 3028 2960 si
3063 2907 3147 2974 pie
3177 2914 3232 2960 et
3255 2907 3402 2974 juste
3431 2909 3652 2976 praemia
3701 2925 3906 2964 cense

2322 2997 2564 3064 quatur?
2605 2995 2669 3049 Et
2704 2994 2894 3051 Simon
2935 2997 3011 3049 ait
3053 3015 3066 3050 :
3106 2996 3218 3051 Hoc
3265 2999 3455 3066 utique
3499 2999 3759 3067 estquod
3802 3017 3905 3054 nos

2322 3093 2639 3148 incredulos
2697 3093 2866 3154 facit,
2909 3095 3038 3164 quia
3084 3096 3240 3149 multi
3287 3096 3425 3150 bene
3480 3106 3708 3166 agentes
3759 3103 3909 3152 male

637 3187 809 3240 etiam
861 3185 1087 3256 indigni.
1143 3183 1201 3240 Si
1247 3200 1377 3240 vero
1424 3200 1532 3238 non
1582 3192 1793 3238 tantum
1847 3184 2071 3250 bonum,
2123 3185 2289 3266 sedc
2324 3194 2580 3253 pereunt,
2629 3193 2683 3239 et
2730 3201 2947 3240 rursum
3024 3187 3180 3239 multi
3241 3187 3406 3256 impie
3466 3197 3696 3257 agentes
3752 3191 3907 3261 longi

635 3277 810 3331 etiam
835 3277 1044 3347 justum
1071 3294 1199 3334 eum
1222 3277 1441 3332 credam
1453 3292 1534 3338 us,
1556 3285 1610 3330 et
1633 3277 1930 3330 secundum
1955 3277 2057 3331 hoc
2078 3276 2222 3344 quod

639 3367 710 3422 de
741 3367 852 3422 Deo
887 3368 1202 3433 credimus,
1250 3369 1306 3423 in
1351 3368 1501 3423 omni
1550 3367 1660 3420 vita
1730 3381 1914 3423 nostra
1957 3368 2223 3439 justitiam

637 3467 947 3525 teneamus,
983 3463 1145 3515 etiam
1169 3461 1412 3516 bonitate
1435 3461 1555 3530 ejus
1581 3460 1637 3514 in
1663 3467 1931 3515 aeternum
1955 3461 2220 3518 fruemur.

640 3549 885 3620 Denique
943 3551 1187 3608 llebraais
1243 3554 1336 3623 qui
1399 3552 1467 3608 de
1514 3553 1623 3608 Deo
1694 3556 1768 3608 ita
1820 3553 2220 3623 opinabantur,

632 3642 784 3710 quod
819 3644 994 3698 solum
1027 3646 1204 3699 bonus
1250 3654 1428 3709 esset,
1463 3645 1676 3700 dicebat
1708 3645 1962 3715 Magister
2013 3651 2220 3712 noster,

641 3743 774 3787 utet
821 3735 1090 3804 justitiam
1123 3737 1242 3804 ejus
1286 3746 1593 3805 quaererent
1635 3739 1702 3801 ",
1753 3739 1856 3792 hoc
1881 3746 1986 3801 est,
2020 3747 2080 3791 ut
2112 3737 2223 3791 sci-

640 3834 764 3877 rent
802 3841 925 3880 eum
965 3830 1220 3895 praesenti
1266 3830 1485 3898 quidem
1523 3838 1768 3899 tempore
1818 3829 2022 3884 bonum
2066 3843 2221 3891 esse,

636 3927 701 3968 nt
728 3932 917 3972 omnes
946 3919 1002 3971 in
1031 3919 1275 3974 bonitate
1311 3920 1430 3988 ejus
1458 3920 1664 3982 vivant,
1692 3920 1903 3990 justum
1931 3935 2061 3975 vero
2091 3934 2216 3974 eum

640 4011 886 4063 laturum
933 4009 987 4063 in
1021 4011 1110 4065 die
1142 4011 1370 4081 judicii,
1417 4021 1478 4066 ut
1519 4011 1700 4083 dignis
1749 4013 1968 4082 pramia
2014 4018 2216 4066 aeterna

639 4103 915 4165 restituat,
950 4117 980 4156 a
1007 4105 1209 4174 quibus
1236 4105 1489 4161 excludet
1529 4107 1804 4177 indignos.

713 4192 998 4249 XXXVI".
1042 4195 1107 4248 Et
1139 4196 1365 4251 Simon;
1399 4197 1684 4263 Quomodo
1717 4206 1894 4268 potest
1933 4211 2101 4252 unum
2132 4205 2215 4252 at-

638 4302 745 4356 que
793 4285 962 4351 idem,
994 4294 1049 4341 et
1081 4287 1451 4344 bonumesse
1498 4298 1551 4343 et
1589 4289 1838 4359 justum?
1863 4289 2060 4346 Petrus
2097 4292 2209 4347 ait:

633 4379 778 4446 Quia
823 4379 944 4434 sine
983 4379 1223 4448 justitia,
1258 4382 1462 4436 bonum
1508 4382 1775 4452 injustum
1814 4383 2213 4454 quodammodo

635 4470 950 4529 videbitur;
984 4469 1117 4524 boni
1147 4479 1234 4526 est
1268 4473 1437 4536 enim,
1473 4473 1647 4527 solem
1691 4483 1853 4526 suum
1892 4481 1945 4528 et
1975 4474 2210 4542 pluviam

2328 3275 2588 3342 temporis
2617 3277 2782 3328 vitam
2823 3291 2947 3330 cum
2977 3277 3314 3333 beatitudine
3348 3279 3565 3335 ﬁniunt.

2403 3367 2537 3422 XLI.
2578 3368 2642 3421 Et
2684 3367 2877 3423 Petrus
2912 3391 2924 3424 ;
2971 3367 3084 3425 Hoc
3135 3371 3350 3440 ipsum,
3390 3372 3600 3443 inquit,
3646 3377 3804 3445 quod
3854 3387 3908 3430 ιε

2322 3458 2390 3510 ad
2424 3459 2860 3513 incredulitatem
2902 3459 3086 3521 trahit,
3118 3461 3276 3516 nobis
3306 3471 3509 3518 certain
3545 3464 3704 3518 fidem
3741 3465 3904 3531 facit,

2322 3549 2449 3617 quia
2487 3548 2754 3616 judicium
2789 3549 2911 3602 erit.
2959 3547 3174 3603 Etenim
3221 3567 3346 3606 cum
3381 3562 3590 3607 certum
3623 3559 3699 3609 sit
3723 3554 3902 3609 Deum

2318 3643 2526 3710 justum
2559 3655 2700 3702 esse,
2735 3642 3107 3695 necessarium
3145 3651 3198 3697 et
3227 3659 3570 3715 consequens
3625 3657 3714 3700 est
3745 3651 3903 3702 aliud

2319 3751 2442 3790 esse
2471 3735 2752 3794 saeculum,
2785 3734 2838 3786 in
2867 3749 2973 3802 quo
3011 3735 3387 3804 unusquisque
3419 3753 3516 3806 pro
3556 3741 3778 3794 meritis
3815 3757 3900 3796 re-

2319 3827 2526 3896 cipiens
2565 3828 2835 3896 justitiam
2864 3825 2954 3881 Dei
2990 3829 3198 3896 probet.
3252 3827 3407 3893 Quod
3439 3828 3485 3883 si
3517 3844 3670 3883 nunc
3701 3846 3902 3887 omnes

2319 3917 2569 3974 homines
2601 3933 2700 3990 pro
2733 3919 2942 3974 meritis
2980 3918 3098 3973 suis
3127 3919 3450 3988 reciperent,
3477 3937 3605 3976 vere
3647 3938 3756 3977 nos
3791 3924 3898 3978 fal-

2317 4011 2429 4066 lere
2458 4011 2777 4065 videbamur
2819 4010 3068 4064 dicentes
3122 4009 3367 4064 futurum
3415 4027 3537 4066 esse
3593 4013 3895 4082 judicium,

2314 4111 2369 4158 ct
2397 4103 2520 4158 ideo
2547 4102 2650 4157 hoc
2679 4102 2856 4171 ipsum
2897 4100 3041 4172 quod
3086 4101 3138 4154 in
3170 4101 3422 4170 presenti
3465 4103 3575 4154 vita
3617 4119 3729 4158 non
3767 4108 3896 4160 red-

2314 4197 2460 4250 ditur
2492 4195 2790 4265 unicuique
2821 4209 2920 4263 pro
2948 4193 3160 4248 actibus
3193 4194 3330 4255 suis,
3363 4193 3517 4248 tidem
3552 4195 3894 4250 indubitabi-

2315 4289 2420 4342 lem
2463 4285 2594 4340 facit
2629 4286 2934 4342 scientibus
2965 4284 3132 4341 Deum
3163 4300 3284 4338 esse
3305 4285 3539 4354 justum,
3565 4288 3697 4356 quia
3737 4289 3893 4356 judi-

2313 4380 2456 4434 cium
2490 4377 2615 4432 erit.
2659 4375 2724 4430 Et
2756 4375 2946 4430 Simon
2975 4395 2991 4432 :
3026 4376 3138 4430 Cur
3167 4392 3295 4446 ergo
3339 4377 3470 4430 mihi
3504 4394 3612 4431 non
3659 4395 3892 4449 per-sua-

2311 4470 2510 4526 detur?
2535 4467 2768 4526 Petrus:
2800 4467 2939 4534 Quia
2966 4483 3153 4522 verum
3186 4468 3506 4537 prophetam
3541 4485 3650 4524 non
3686 4471 3890 4527 audisti

629 4576 703 4614 ex
733 4575 891 4630 aequo
912 4561 1082 4630 justis
1109 4570 1163 4616 et
1195 4561 1418 4631 injustis
1449 4564 1692 4633 praebere
1710 4564 1781 4628 ",
1804 4562 1903 4619 sed
1931 4563 2038 4618 hoc
2060 4565 2209 4618 vide-
2244 4549 2285 4603 ί)
2317 4562 2588 4616 dicentem
2624 4577 2638 4611 :
2688 4560 2920 4626 Quwrite
2974 4559 3144 4628 primo
3181 4559 3454 4628 justitiam
3508 4561 3648 4627 ejus,
3694 4571 3743 4614 et
3783 4562 3892 4615 tu

637 4661 794 4707 retur
829 4653 1119 4722 injustam,
1152 4653 1199 4709 si
1225 4654 1400 4709 bonos
1446 4655 1731 4725 malosque
1771 4656 1966 4726 aequali
1996 4671 2210 4727 semper

636 4758 786 4800 sorte
824 4755 1097 4809 censeret,
1145 4756 1201 4800 et
1243 4747 1350 4801 nisi
1388 4745 1606 4817 frugum
1644 4762 1811 4801 causa
1843 4747 1948 4802 hoc
1981 4746 2207 4811 faceret,

628 4838 840 4908 quibus
867 4838 1076 4909 perfrui
1105 4839 1389 4909 aequaliter
1418 4855 1610 4894 omnes
1654 4840 1747 4909 qui
1783 4840 1836 4893 in
1868 4840 1972 4894 hoc
2006 4840 2210 4896 mundo

633 4930 748 4984 nati
779 4939 937 4995 sunt,
970 4931 1308 4985 conveniret.
1362 4929 1471 4985 Sed
1502 4932 1645 4985 sicut
1673 4931 1800 4985 data
1834 4945 1867 4985 a
1892 4929 2003 4986 Deo
2027 4931 2209 5000 pluvia

627 5036 698 5076 es
737 5036 896 5091 aequo
929 5032 987 5077 et
1025 5022 1210 5092 fruges
1255 5023 1430 5076 nutrit
1459 5028 1513 5076 et
1543 5023 1754 5086 lolium,
1799 5023 1998 5078 messis
2025 5031 2208 5078 autem

629 5122 877 5183 tempore
921 5113 1195 5168 frumenta
1244 5116 1463 5184 quidem
1521 5122 1926 5186 congregantur
1977 5114 2031 5168 in
2080 5115 2211 5169 bor-

631 5220 809 5269 reum,
841 5206 1011 5274 palea:
1040 5221 1171 5259 vero
1195 5207 1278 5261 vel
1322 5207 1509 5261 lolium
1557 5207 1670 5276 igni
1709 5215 2112 5261 consumuntur
2132 5207 2206 5260 “:

631 5301 707 5352 ita
747 5299 803 5353 in
837 5299 927 5354 die
962 5299 1160 5368 judicii
1214 5315 1361 5364 cum
1389 5300 1524 5370 justi
1567 5300 1990 5356 introducentur
2030 5300 2084 5352 in
2123 5314 2209 5352 re,

625 5409 796 5465 gnum
834 5392 950 5458 Dei,
1006 5394 1194 5463 injusti
1240 5402 1423 5449 autem
1472 5394 1806 5463 abjicientur
1853 5392 2034 5456 foras,
2079 5401 2212 5446 tunc

621 5485 793 5537 etiam
819 5482 1037 5552 justitia
1065 5483 1158 5538 Dei
1188 5483 1531 5539 ostendetur.
1584 5483 1720 5538 Nam
1750 5485 1798 5538 si
1832 5484 2058 5554 aequalis
2087 5499 2212 5553 per-

625 5580 876 5627 maneret
915 5577 1181 5645 perpetuo
1209 5573 1368 5628 malis
1397 5582 1452 5629 et
1481 5572 1672 5633 bonis.
1700 5572 1812 5642 jam
1845 5572 1948 5628 hoc
1977 5588 2087 5626 non
2114 5588 2209 5627 so-

624 5665 740 5722 lum
773 5664 978 5722 bonum
1011 5676 1121 5721 neu
1147 5676 1336 5733 esset,
1365 5667 1462 5721 sed
1491 5676 1546 5721 et
1576 5667 1844 5736 injustum
1892 5673 2060 5735 atque
2099 5667 2207 5721 ini-

728 5851 777 5883 "‘
816 5845 1010 5905 ﬂatili.
1045 5850 1234 5912 v1.35.
1314 5852 1355 5881 ’⁷
1385 5847 1576 5904 Matth.
1607 5865 1661 5916 ν,
1699 5849 1786 5904 i5.

2316 4655 2496 4708 omnia
2537 4664 2864 4723 opponentur
2904 4651 3047 4705 nobis
3069 4653 3136 4706 ”.
3167 4649 3234 4704 Et
3264 4651 3452 4705 Simon
3479 4671 3492 4703 :
3526 4652 3775 4723 lndulge,
3809 4656 3891 4707 in-

2311 4745 2450 4812 quit,
2487 4731 2626 4798 inibi
2666 4739 2869 4796 nolenti
2914 4742 3089 4812 primo
3125 4741 3394 4810 justitiam
3435 4758 3704 4810 quaerere,
3736 4753 3890 4797 ante-

2310 4851 2476 4903 quam
2514 4836 2684 4892 sciam
2730 4836 2775 4890 si
2814 4835 3140 4888 immortalis
3183 4834 3254 4886 sit
3302 4835 3503 4887 anima.
3566 4832 3632 4887 Et
3660 4833 3884 4890 Petrus:

2313 4927 2378 4980 Et
2402 4936 2458 4981 tu
2489 4927 2622 4981 mihi
2655 4926 2758 4980 hoc
2788 4941 2954 4980 unum
2989 4925 3228 4996 indulge,
3257 4926 3383 4994 quia
3413 4941 3520 4978 non
3548 4941 3776 4994 possu
3813 4928 3889 4980 fs-

2309 5031 2437 5072 cere
2486 5017 2646 5072 aliter
2681 5032 2846 5087 quam
2896 5030 2982 5070 me
3033 5015 3295 5084 propheta
3350 5014 3594 5069 veritatis
3642 5015 3883 5071 edocuit.

2313 5107 2452 5164 Tum
2483 5109 2674 5163 Simon
2703 5125 2716 5160 :
2753 5107 2976 5163 Certum
3007 5115 3114 5170 est,
3147 5108 3347 5176 inquit,
3379 5120 3486 5190 non
3518 5121 3685 5176 posse
3712 5116 3768 5161 te
3795 5125 3886 5161 as-

2313 5217 2497 5257 serere
2525 5201 2670 5272 quod
2701 5199 3025 5255 immortalis
3060 5199 3128 5253 sit
3159 5200 3360 5260 anima,
3393 5204 3447 5252 et
3479 5199 3551 5251 ob
3584 5199 3690 5252 hoc
3720 5200 3885 5253 cavil-

2313 5295 2470 5358 laris,
2516 5296 2700 5350 sciens
2742 5292 2870 5362 quia
2901 5293 2947 5346 si
2981 5290 3230 5344 mortalis
3287 5291 3570 5360 probetur,
3614 5288 3883 5342 radicitus

2307 5387 2651 5443 convellatur
2691 5385 2972 5454 religionis
3002 5383 3164 5439 istius
3191 5397 3353 5452 quam
3384 5381 3606 5435 conaris
3636 5393 3883 5435 asserere

2312 5487 2424 5534 tota
2464 5477 2772 5548 professio;
2817 5485 2877 5531 et
2922 5475 3046 5529 ideo
3093 5474 3255 5528 laudo
3285 5473 3502 5543 quidem
3537 5473 3878 5542 prudentiam

2309 5580 2483 5634 tuam,
2538 5583 2647 5626 non
2700 5575 2886 5621 tamen
2939 5565 3113 5636 probo
3173 5563 3627 5635 persuasionem;
3674 5556 3878 5615 multis

2311 5663 2457 5733 enim
2501 5657 2800 5728 persuades
2841 5658 3127 5721 suscipere
3173 5654 3494 5722 religionem
3539 5660 3599 5709 et
3637 5650 3877 5709 libidinis

1865 5848 1909 5879 ’⁸
1938 5845 2128 5901 Matth.
2167 5861 2246 5912 tu,
2281 5843 2361 5897 l2.
2439 5843 2482 5874 θ’
2509 5841 2700 5897 Matth.
2732 5857 2806 5902 vi,
2832 5839 2920 5895 33.
