4078 6336
238 412 378 470 1301

235 620 442 689 quibus
481 621 683 680 evenit,
724 629 782 673 ut
821 633 999 687 neque
1044 615 1404 686 praesentibus
1455 613 1815 685 perfruantur

232 721 292 767 et
323 712 668 782 decipiantur
703 711 921 766 futuris.
967 707 1138 765 Simul
1179 712 1324 765 enim
1357 717 1417 766 ut
1444 709 1644 764 mortui
1691 707 1813 765 fuc-

235 805 377 863 rint,
413 804 574 856 etiam
609 802 787 854 anima
820 801 1024 871 pariter
1049 801 1452 871 exstinguetur.

307 893 469 949 XLII.
518 893 712 950 Petrus
755 909 884 948 vero
930 895 1044 949 haec
1086 893 1335 958 audiens,
1365 894 1623 950 dentibus
1663 892 1812 954 fren-

229 985 371 1040 dens
397 985 740 1053 frontemque
767 979 1008 1039 atterens
1039 999 1226 1048 manu,
1255 992 1309 1038 et
1333 984 1602 1055 profundo
1622 985 1811 1040 dolore

231 1079 522 1147 suspirans
564 1077 640 1128 ait
677 1095 690 1131 :
723 1075 938 1130 Astntia
990 1077 1258 1147 serpentis
1287 1077 1495 1146 antiqui
1533 1077 1600 1131 ad
1632 1076 1810 1129 homi-

230 1185 364 1222 num
396 1168 744 1238 decipiendas
787 1167 999 1222 animas
1044 1175 1289 1222 armatus
1332 1167 1571 1230 assistis,
1601 1177 1657 1221 et
1687 1167 1808 1221 ideo

231 1267 292 1312 ut
340 1274 570 1328 serpens
631 1257 934 1328 sapientior
983 1259 1198 1312 caeteris
1255 1259 1467 1322 bestiis,
1525 1259 1594 1312 ab
1652 1258 1808 1311 initio

227 1352 512 1405 doctorem
550 1359 604 1406 te
635 1366 757 1407 esse
793 1351 1077 1422 professus
1107 1368 1189 1407 es.
1239 1350 1306 1404 Et
1346 1365 1562 1417 rursus,
1603 1359 1663 1420 ut
1689 1366 1806 1404 ser-

226 1457 368 1511 pens
410 1442 611 1501 multos
654 1440 1002 1498 introducere
1043 1442 1177 1496 deos
1215 1443 1460 1507 volebas,
1495 1457 1662 1513 super
1698 1457 1806 1513 quo

223 1535 550 1590 confutatus
575 1537 784 1590 nullum
814 1535 1039 1589 omnino
1065 1551 1208 1590 nunc
1234 1550 1356 1590 esse
1387 1537 1588 1589 asseris
1614 1529 1803 1590 Deum.

223 1621 365 1677 Nam
408 1640 504 1693 per
530 1626 874 1680 occasionem
906 1625 1092 1678 nescio
1117 1624 1279 1694 cujus
1320 1624 1488 1695 ignoti
1520 1622 1636 1689 Dei,
1671 1639 1806 1678 eon-

222 1712 464 1768 ditorem
505 1714 694 1768 mundi
728 1713 894 1768 Deum
929 1703 1157 1786 negasti.
1194 1716 1289 1770 sed
1324 1731 1449 1770 eum
1482 1716 1564 1770 vel
1601 1717 1802 1768 malum

221 1820 379 1867 esse,
411 1805 494 1860 vel
533 1806 733 1861 multos
765 1806 966 1860 habere
1003 1807 1108 1860 sibi
1145 1807 1402 1875 mquales,
1433 1806 1516 1861 vel
1553 1807 1800 1869 omnino,

1434 403 1998 460 RECOGNITIONUM
2039 402 2169 462 LIB.
2210 403 2292 461 Ill.

237 526 429 583 subire
460 525 882 588 continentiam,
916 524 1018 580 sub
1044 539 1140 594 spe
1172 523 1481 578 futurorum
1521 523 1812 582 lnmorum.
1843 539 1891 595 Α
1990 520 2177 576 XLIV.
2231 521 2296 574 Et
2342 520 2536 576 Petrus
2583 537 2596 572 :

3369 403 3508 460 I309.

2650 519 2836 574 Dicam
2887 521 2958 574 ita
3020 529 3078 574 ut
3134 534 3245 590 pra:
3293 521 3507 579 caueri:

1916 614 2175 669 omnibus
2202 614 2296 668 tibi
2329 615 2504 684 magis
2534 613 2815 683 probetur.
2854 609 3146 681 Responde
3182 628 3315 684 ergo
3343 613 3505 682 mihi,

1913 707 2044 776 quid
2083 712 2169 762 est
2209 704 2354 775 quod
2405 705 2748 760 incredulum
2795 698 2968 774 magis
3021 705 3253 760 suadere
3302 713 3502 774 potest,

1913 798 2064 852 visus
2111 811 2182 851 an
2223 796 2483 852 auditus?
2519 795 2586 850 Et
2614 794 2803 850 Simon
2831 814 2846 851 :
2880 794 3068 852 Visus:
3098 795 3236 851 Tum
3263 795 3461 853 Petrus
3481 835 3498 850 .

1910 887 2200 955 Quomodo
2235 902 2368 958 ergo
2414 902 2446 942 a
2490 903 2578 943 me
2618 887 2704 942 vis
2729 887 2946 942 discere
2988 888 3178 954 verbo,
3211 889 3357 960 quod
3401 890 3500 944 tibi

1909 995 1971 1036 re
1996 982 2112 1050 ipsa
2142 981 2406 1050 probatur
2435 989 2488 1035 et
2513 981 2672 1036 visu?
2698 978 2764 1033 Et
2791 979 2980 1034 Simon
3008 1000 3022 1036 :
3048 980 3268 1047 Nescio,
3299 982 3498 1052 inquit,

1912 1070 2190 1142 quomodo
2219 1072 2394 1127 dicas.
2446 1071 2511 1125 Et
2542 1071 2738 1127 Petrus
2767 1085 2784 1123 :
2815 1071 2872 1124 Si
2905 1072 3110 1136 nescis,
3142 1088 3305 1143 perge
3350 1089 3500 1127 nunc

1910 1163 1966 1216 in
1997 1163 2218 1218 domum
2269 1171 2451 1227 tuam,
2493 1173 2548 1220 et
2579 1167 2860 1235 ingressus
2904 1165 3136 1221 interius
3181 1166 3496 1220 cubiculum

1907 1256 2121 1312 videbis
2170 1257 2462 1328 imaginem
2499 1258 2754 1327 positam,
2787 1261 3159 1312 continentem
3191 1260 3349 1330 pueri
3379 1261 3497 1315 vio-

1908 1350 2083 1406 lenter
2126 1352 2304 1406 necati
2353 1350 2582 1421 elligiem
2629 1366 2871 1420 purpura
2923 1362 3260 1422 coopertam,
3314 1355 3494 1424 ipsum

1908 1441 2217 1513 Interroga,
2262 1452 2317 1497 et
2358 1442 2577 1497 docebit
2620 1454 2672 1496 te
2708 1443 2792 1496 vel
2835 1445 3194 1513 responsione
3235 1445 3318 1512 vel
3348 1447 3490 1501 visu.

1907 1531 2048 1598 Quid
2083 1534 2230 1587 enim
2272 1549 2413 1604 opus
2449 1541 2537 1590 est
2577 1533 2771 1589 audire
2806 1534 2875 1589 ab
2898 1550 2965 1590 eo
2993 1535 3040 1590 si
3071 1536 3393 1592 immortalis
3420 1539 3494 1593 sit

1906 1624 2105 1688 anima,
2131 1641 2254 1679 cum
2285 1634 2466 1680 astare
2495 1641 2614 1680 eam
2642 1625 2829 1680 videas
2856 1627 3217 1695 prasentcm?
3257 1626 3316 1681 Si
3344 1632 3489 1682 enim

1905 1730 2014 1769 non
2059 1724 2226 1780 esset,
2269 1731 2372 1771 nec
2406 1716 2580 1771 videri
2623 1720 2809 1785 utique
2843 1724 3074 1785 poterat.
3119 1716 3276 1783 Quod
3314 1720 3360 1774 si
3393 1735 3492 1772 ne-

1905 1808 2014 1861 scis
2040 1822 2204 1876 quam
2230 1808 2356 1862 dico
2386 1808 2702 1877 imaginem,
2736 1807 2863 1861 hinc
2898 1824 2928 1863 e
2957 1809 3189 1879 vestigio
3211 1824 3335 1864 cum
3365 1811 3489 1866 aliis

222 1908 287 1949 ut
311 1897 574 1960 diximus,
610 1913 718 1952 non
754 1914 876 1953 esse
908 1897 1074 1952 Deum
1103 1898 1490 1952 contirmabas.
1528 1895 1659 1952 Post
1688 1897 1800 1950 haec
1835 1910 1872 1965 Β
1901 1901 2090 1954 decem
2129 1899 2283 1960 viris.
2317 1913 2385 1954 ex
2427 1899 2513 1955 his
2543 1899 2637 1970 qui
2676 1909 2974 1970 praesentes
3011 1909 3161 1966 sunt,
3191 1917 3382 1957 eamus
3418 1903 3485 1957 ad

219 2003 352 2039 cum
380 1989 542 2042 etiam
576 1988 629 2041 in
663 1988 764 2042 hoc
801 1999 1093 2058 superatus
1136 1988 1358 2051 fuisses,
1389 1989 1628 2041 animam
1657 2004 1801 2042 nunc

215 2095 400 2132 assev.
426 2096 514 2133 ras
559 2096 682 2134 esse
730 2081 1044 2144 mortalem,
1091 2081 1168 2136 uti
1219 2096 1287 2134 ne
1336 2079 1647 2134 futurorum
1706 2095 1802 2150 spe

218 2180 376 2224 recte
405 2171 664 2240 justeque
695 2173 927 2225 vivatur.
961 2171 1094 2226 Nam
1131 2173 1321 2243 utique
1359 2173 1406 2227 si
1439 2171 1802 2243 desperamur

219 2263 443 2326 futura,
471 2263 662 2331 quidni
691 2264 736 2318 si
768 2264 1084 2318 abscidatur
1126 2263 1526 2325 misericordia,
1573 2265 1800 2319 luxuria:

217 2351 578 2421 indulgeatur
625 2360 678 2407 et
730 2352 1145 2424 voluptatibus,
1208 2370 1273 2408 es
1331 2355 1530 2424 quibus
1583 2371 1797 2410 omnem

213 2458 556 2513 consurgere
599 2445 923 2512 injustitiam
951 2447 1207 2500 constat?
1231 2444 1296 2499 Et
1334 2461 1460 2499 eum
1494 2454 1659 2525 t_ant:e
1698 2446 1800 2499 im-

217 2539 445 2604 pietatis
469 2537 772 2591 doetrinam
810 2539 1022 2594 miserae
1058 2539 1184 2593 huic
1233 2541 1550 2596 introducas
1594 2552 1798 2594 morta-

215 2628 356 2680 lium
394 2629 542 2689 \'it;e,‘
569 2636 620 2682 te
655 2630 830 2698 ipsum
861 2631 1032 2698 pium,
1059 2646 1143 2684 me
1175 2631 1399 2698 impium
1429 2647 1610 2692 vocas.
1639 2633 1796 2701 quasi

215 2720 315 2787 qui
349 2719 594 2772 homines
632 2734 737 2771 non
772 2719 948 2772 sinam
984 2719 1085 2772 sub
1119 2734 1215 2787 spe
1251 2719 1557 2772 futurorum
1627 2720 1796 2772 bono-

217 2828 346 2865 rum
375 2827 526 2863 arma
553 2813 830 2881 corripere
856 2819 908 2865 et
941 2815 1260 2882 impugnare
1285 2828 1344 2866 se
1375 2812 1628 2874 invicem,
1662 2813 1796 2865 diri-

216 2920 354 2973 pere
393 2919 456 2956 ac
488 2904 805 2957 subvertere
849 2903 1102 2957 universa
1139 2911 1194 2957 et
1229 2904 1409 2957 moliri
1454 2905 1633 2957 omnia
1675 2920 1796 2973 qua:

217 2995 394 3048 libido
421 2995 725 3048 dictaverit.
783 2992 845 3047 Et
868 2993 993 3062 quis
1022 2995 1128 3048 erit
1161 2995 1279 3048 ista:
1318 2994 1443 3049 vita:
1473 3003 1666 3054 status.
1699 2995 1794 3065 qui

213 3105 248 3139 ει
291 3095 348 3140 te
398 3087 784 3148 introducitur,
832 3093 891 3138 ut
938 3096 1177 3156 pugnent
1228 3086 1476 3140 homines
1515 3097 1568 3139 et
1619 3086 1794 3155 impu-

213 3187 476 3249 gnentur,
505 3186 562 3230 ut
595 3179 901 3232 irascantur
925 3186 978 3233 et
1004 3181 1385 3248 perturbentur
1414 3186 1466 3232 et
1495 3193 1709 3244 semper
1736 3177 1790 3229 in

213 3280 368 3323 metu
398 3269 621 3322 vivant?
649 3268 882 3324 Necesse
919 3278 1002 3323 est
1042 3270 1184 3322 enim
1218 3285 1314 3323 eos
1343 3269 1435 3338 qui
1485 3269 1608 3322 aliis
1653 3266 1792 3320 infe—
1817 3247 1859 3304 (ἶ

215 3369 350 3414 runt
387 3362 526 3414 mala
558 3360 722 3413 etiam
767 3362 915 3430 ipsos
947 3375 1166 3429 sperare
1199 3362 1422 3416 similia.
1469 3359 1706 3412 Videsne
1739 3367 1791 3412 te

211 3453 414 3506 ducem
464 3453 892 3521 perturbationis
937 3460 991 3507 et
1035 3469 1140 3506 non
1183 3455 1356 3524 pacis,
1394 3453 1698 3522 iniquitatis
1737 3459 1790 3504 ct

213 3563 328 3601 non
365 3548 640 3617 acquitatis
675 3547 950 3600 existere?
979 3545 1176 3600 Verum
1203 3563 1324 3616 ego,
1361 3562 1466 3599 non
1505 3545 1661 3614 quasi
1695 3545 1787 3614 qui

209 3641 509 3694 ostendere
556 3656 662 3693 non
707 3638 911 3708 possim
964 3640 1322 3692 immortalem
1361 3654 1484 3694 esse
1527 3639 1785 3700 animam,

209 3733 470 3788 83mulavi
518 3731 881 3797 iracundiam,
929 3731 1024 3785 sed
1070 3733 1328 3786 misereor
1377 3733 1661 3786 animabus
1691 3732 1788 3783 lio-

208 3828 446 3882 niinum.
477 3840 616 3894 quas
644 3831 702 3876 tu
732 3823 982 3891 decipere
1013 3824 1253 3878 conaris.
1290 3822 1473 3877 Dicam
1509 3839 1659 3894 ergo,
1693 3825 1784 3877 sed

211 3935 322 3973 non
362 3922 517 3988 quasi
561 3925 612 3969 tc
650 3924 907 3984 cogente;
946 3915 1062 3968 scio
1103 3916 1246 3968 enim
1281 3915 1553 3984 quomodo
1580 3915 1783 3976 dicam,

206 4018 263 4061 et
292 4009 446 4062 solus
477 4007 586 4060 eris
615 4007 704 4075 qui
744 4005 812 4059 de
843 4006 945 4058 hoc
975 4020 1081 4057 non
1119 4013 1226 4057 tam
1261 4007 1616 4074 persuasione
1646 4005 1785 4059 indi—

209 4116 362 4171 geas,
405 4116 568 4168 quam
631 4097 1095 4163 commonitione;
1147 4112 1244 4151 eos
1290 4106 1467 4151 autem
1515 4098 1618 4152 hoc
1693 4100 1784 4166 qui

206 4208 336 4246 vere
369 4192 642 4260 ignorant,
673 4189 881 4243 do:ebo
909 4198 966 4240 ut
988 4189 1259 4242 convenit.

279 4280 464 4336 XLIII.
506 4280 645 4335 Tum
681 4279 868 4334 Simon
898 4300 908 4334 :
937 4278 992 4332 Si
1026 4279 1302 4342 irasceris,
1331 4279 1528 4349 inquit,
1558 4296 1665 4333 non
1698 4280 1784 4334 in—

205 4377 502 4447 terrogabo
531 4391 633 4430 nec
665 4375 854 4429 audire
883 4375 1025 4428 volo.
1060 4373 1124 4426 Et
1145 4373 1337 4428 Petrus
1363 4390 1376 4425 :
1401 4371 1482 4427 Tu
1517 4373 1782 4442 siquidem

207 4488 357 4526 nunc
402 4469 750 4524 occasionem
782 4468 983 4538 quaeris
1011 4467 1482 4537 subterfugiendi;
1518 4469 1686 4522 habes
1721 4469 1784 4520 li-

205 4565 466 4625 centiam.
533 4571 586 4618 et
643 4564 764 4617 sine
807 4563 1098 4617 occasione
1161 4561 1508 4630 cujusquam.
1577 4559 1776 4615 Omnes
1810 4588 1853 4642 ι)

201 4659 354 4716 enim
405 4657 698 4711 audierunt
746 4663 801 4710 te
849 4653 987 4709 nihil
1031 4661 1178 4707 recte
1216 4653 1509 4715 dicentem,
1551 4669 1651 4707 nec
1683 4668 1779 4723 po-

202 4753 378 4807 tuisse
410 4749 612 4818 aliqnid
646 4746 991 4812 conﬁrmare,
1024 4745 1116 4800 sed
1143 4745 1213 4798 ob
1243 4745 1344 4797 hoc
1367 4752 1576 4818 tantum
1613 4745 1776 4802 inter-

201 4851 431 4908 rogasse
459 4804 516 4894 ut
540 4839 965 4901 contradiceres,
993 4838 1136 4906 quod
1160 4837 1340 4906 quivis
1371 4804 1547 4892 facere
1578 4847 1776 4907 potest.

198 4935 344 5002 Quid
388 4933 534 4989 enim
597 4929 811 4985 difficile
849 4937 934 4984 cst
976 4937 1099 4998 post
1131 4928 1410 4983 evidentes
1448 4930 1779 4986 assertiones

202 5026 560 5096 respondere,
594 5022 731 5076 nihil
757 5021 962 5074 dixisti.
998 5018 1065 5073 Ut
1099 5028 1278 5073 autem
1315 5020 1458 5074 scias
1491 5020 1616 5089 quia
1653 5035 1779 5089 pos-

181 5133 323 5173 ‘sum
355 5117 452 5171 tibi
485 5130 592 5171 uno
623 5129 874 5169 sermone
919 5113 1226 5174 ostendere,
1259 5112 1402 5181 quod
1455 5113 1777 5166 immortalis

197 5219 286 5267 est
317 5210 520 5268 anima,
553 5207 903 5276 interrogabo
936 5214 995 5259 te
1019 5205 1239 5258 verbum
1275 5203 1414 5273 quod
1457 5219 1646 5257 omnes
1675 5219 1776 5256 no-

200 5311 356 5364 runt,
407 5298 680 5370 responde
709 5297 864 5357 mihi,
892 5304 948 5352 et
979 5312 1087 5351 uno
1117 5313 1368 5374 sermone
1416 5296 1772 5348 immortalem

196 5411 322 5449 esse
347 5391 736 5462 comprobabo.
764 5388 902 5444 Tum
929 5388 1138 5449 Simon,
1167 5390 1259 5460 qui
1277 5371 1398 5457 1am
1429 5389 1774 5441 occasionem

196 5488 303 5541 sibi
353 5486 508 5539 visus
553 5484 731 5550 fuerat
793 5483 1068 5537 invenisse
1117 5498 1183 5536 ex
1229 5479 1511 5534 iracundia
1545 5477 1685 5532 Petri
1719 5486 1777 5531 ut

195 5578 526 5639 discederet,
569 5577 770 5632 restitit
811 5592 910 5646 pro
955 5591 1020 5630 eo
1056 5573 1200 5645 quod
1242 5573 1441 5627 mirum
1480 5571 1528 5626 ei
1571 5570 1775 5638 aliquid

196 5651 640 5741 promittebatur,
670 5675 724 5721 et
756 5667 867 5720 ait:
900 5664 1174 5735 Interroga
1205 5678 1310 5724 me,
1343 5671 1400 5715 ut
1423 5660 1518 5715 tibi
1550 5677 1775 5730 respon-

195 5764 353 5815 deam
379 5758 525 5830 quod
561 5773 752 5812 omnes
791 5762 1014 5819 norunt,
1043 5763 1096 5808 et
1127 5753 1340 5807 audiam
1376 5767 1487 5807 uno
1525 5763 1579 5805 ut
1611 5753 1771 5821 polli-

194 5854 339 5907 citos
369 5868 429 5907 es
459 5865 730 5914 sermone,
771 5847 1055 5919 quomodo.
1082 5846 1260 5901 anima
1310 5844 1634 5899 immortalis
1663 5844 1771 5898 sit?

1905 1991 2130 2044 domum
2165 1999 2336 2046 tuam.

1977 2081 2135 2140 XLV.
2178 2085 2247 2137 At
2276 2083 2463 2138 Simon
2496 2084 2611 2138 haec
2638 2084 2867 2139 audiens
2895 2092 2950 2139 et
2980 2085 3320 2142 conscientia
3353 2102 3484 2157 per-

1903 2191 2124 2238 russus,
2169 2177 2354 2231 colore
2398 2185 2608 2230 mutato
2644 2177 2940 2247 exsanguis
2977 2178 3206 2233 elfectus
3236 2186 3354 2245 est;
3387 2195 3484 2234 ex-

1902 2266 2086 2318 timuit
2147 2266 2294 2320 enim
2364 2280 2432 2319 ne
2484 2265 2622 2319 forte
2673 2266 2720 2319 si
2770 2272 2995 2335 negaret
3044 2276 3485 2336 perscrutaretur

1901 2359 2098 2412 domus
2144 2359 2286 2426 ejus,
2334 2368 2426 2412 aut
2466 2373 2535 2412 ne
2579 2359 2871 2430 lndignans
2893 2358 3092 2415 Petrus
3132 2359 3482 2418 manifestius

1899 2466 2024 2504 cum
2057 2449 2340 2520 proderet,
2369 2457 2422 2504 et
2452 2451 2710 2506 omnibus
2739 2453 2865 2522 quis
2908 2461 3054 2508 esset
3085 2452 3475 2516 innotesceret,

1902 2543 1973 2596 ita
2007 2543 2287 2612 respondit
2321 2562 2335 2599 :
2365 2541 2610 2598 Obsecro
2645 2551 2723 2607 te,
2751 2543 2929 2609 Petre,
2965 2561 3061 2615 per
3087 2546 3238 2600 illum
3275 2546 3476 2602 bonum

1899 2629 2068 2685 Deum
2098 2632 2191 2700 qui
2223 2632 2276 2686 in
2305 2639 2359 2686 te
2388 2640 2495 2695 est,
2531 2641 2591 2688 ut
2624 2633 2818 2688 vincas
2859 2635 3118 2689 malitiam
3150 2651 3272 2705 qua:
3307 2637 3362 2690 in
3393 2639 3482 2695 it

1897 2729 2004 2784 est,
2038 2724 2260 2793 suscipe
2298 2739 2385 2778 me
2413 2725 2477 2777 ad
2513 2724 2892 2793 paenitentiam
2923 2735 2976 2781 et
3007 2727 3235 2782 habebis
3262 2743 3349 2784 me
3379 2729 3480 2782 ad-

1895 2812 2136 2881 jutorem
2165 2813 2576 2883 praedicationis
2617 2826 2742 2871 tum.
2798 2815 2956 2871 Nune
2982 2819 3128 2872 enim
3158 2833 3284 2874 vere
3311 2820 3478 2876 rebus

1898 2906 2034 2976 ipsis
2067 2906 2256 2971 didici,
2284 2908 2413 2978 quia
2447 2907 2542 2963 Dei
2579 2910 2692 2963 veri
2723 2911 2986 2980 propheta
3017 2928 3110 2975 es,
3142 2920 3196 2967 et
3237 2913 3361 2969 ideo
3388 2931 3480 2969 se-

1896 3002 2046 3050 creta
2091 2996 2372 3050 hominum
2411 2998 2562 3054 solus
2602 3005 2765 3067 atque
2809 3015 3009 3054 arcana
3049 3001 3360 3070 cognoscis.
3412 3002 3477 3074 Et

1895 3084 2091 3142 Petrus
2121 3089 2197 3142 ait
2236 3105 2248 3139 :
2287 3086 2762 3153 Videtis,fratres,
2795 3089 3070 3146 Simonem
3101 3093 3473 3161 pmnitentiam

1896 3187 2248 3247 quazrentem,
2285 3181 2450 3250 paulo
2480 3191 2602 3251 post
2631 3181 2885 3237 videbitis
2913 3197 3034 3236 eum
3063 3198 3256 3239 rursus
3284 3185 3351 3238 ad
3385 3186 3474 3239 in-

1895 3269 2208 3325 ﬁdelitatem
2247 3285 2401 3326 suam
2443 3278 2661 3328 reverti.
2696 3273 2904 3329 Putans
2939 3275 3084 3328 enim
3117 3291 3204 3330 me
3232 3277 3472 3346 prophe-

1893 3371 2003 3417 tam
2035 3379 2181 3427 esse,
2211 3380 2310 3434 pro
2336 3381 2400 3420 eo
2433 3366 2577 3436 quod
2611 3367 2880 3436 publicavi
2914 3369 3052 3422 mala
3085 3367 3228 3436 ejus,
3265 3385 3386 3438 qua:
3417 3371 3470 3423 in

1891 3456 2122 3510 secretis
2171 3457 2403 3511 habebat
2452 3469 2505 3513 et
2553 3459 2608 3513 in
2655 3459 2921 3521 occultis,
2984 3461 3360 3530 paenitentiam
3411 3478 3472 3517 se

1891 3553 2142 3599 acturum
2190 3549 2476 3617 promisit;
2513 3563 2600 3603 me
2631 3557 2812 3604 autem
2862 3551 3079 3605 mentiri
3115 3551 3197 3606 fas
3225 3569 3331 3605 non
3362 3562 3466 3616 est,

1889 3652 2068 3707 neque
2113 3649 2172 3692 ut
2222 3639 2458 3693 infidelis
2502 3639 2591 3694 hic
2625 3642 2868 3696 salvetur
2911 3651 3006 3695 aut
3049 3658 3156 3696 non
3199 3645 3465 3708 salvetur,

1887 3743 1988 3797 ego
2033 3729 2220 3784 fallere
2268 3729 2460 3786 debeo.
2505 3730 2702 3786 Testor
2742 3732 2887 3786 enim
2927 3734 3127 3787 caelum
3155 3743 3208 3788 et
3237 3743 3466 3797 terram,

1888 3820 2014 3888 quia
2050 3836 2158 3875 non
2183 3821 2496 3891 prophetice
2525 3823 2667 3887 dixi,
2698 3840 2820 3894 qua:
2851 3825 2963 3878 dixi
2998 3825 3082 3878 vel
3122 3841 3264 3894 qum,
3291 3840 3466 3896 quan-

1887 3920 2000 3966 tum
2031 3914 2289 3982 possibile
2322 3923 2460 3979 erat,
2493 3915 2670 3970 turbis
2701 3917 3048 3971 audientibus
3079 3917 3337 3981 iudicavi,
3368 3921 3462 3973 sed

1887 4022 1918 4059 a
1947 4006 2276 4076 quibusdam
2306 4009 2400 4078 qui
2443 4015 2575 4063 tunc
2603 4009 2653 4064 ei
2685 4011 2820 4064 socii
2863 4008 3079 4064 fuerant
3120 4012 3173 4064 in
3203 4013 3465 4080 operibus

1887 4100 2026 4164 suis,
2057 4115 2206 4154 nunc
2236 4109 2418 4157 autem
2456 4104 2710 4159 conversi
2739 4112 2870 4159 sunt
2899 4105 2965 4157 ad
3001 4104 3161 4158 fidem
3195 4114 3462 4170 nostram,

1884 4193 2013 4261 quid
2041 4193 2088 4247 ei
2120 4192 2175 4246 in
2203 4202 2414 4248 secreto
2453 4203 2662 4265 gestum
2693 4197 2786 4260 sit,
2816 4196 3016 4261 didici;
3065 4199 3282 4268 cognita
3329 4214 3462 4268 ergo

1886 4298 1998 4337 non
2029 4286 2360 4354 praecognita
2395 4286 2613 4341 locutus
2645 4303 2790 4345 sum.

1957 4373 2142 4429 XLVI.
2189 4375 2378 4431 Simon
2409 4394 2538 4433 vero
2570 4387 2628 4433 ut
2658 4380 2771 4434 hate
2799 4380 3007 4445 audivit
3043 4381 3346 4436 maledictis
3374 4381 3462 4437 his

1883 4473 1938 4519 et
1983 4467 2251 4522 conviciis
2299 4468 2610 4538 aggreditur
2636 4469 2879 4538 Petrum,
2925 4472 3154 4527 dicens:
3194 4472 3238 4526 Ο
3270 4473 3460 4527 nefan-

1883 4557 2112 4613 dissime
2144 4559 2390 4614 omnium
2422 4568 2476 4614 et
2505 4561 2882 4628 dolosissime,
2909 4562 2995 4616 cui
3025 4564 3311 4616 victoriam
3349 4562 3461 4616 fore

1881 4655 2036 4713 tona,
2066 4664 2177 4704 non
2206 4651 2409 4706 veritas
2438 4652 2608 4708 dedit.
2641 4651 2842 4707 Verum
2871 4668 2972 4724 ego
3012 4668 3120 4708 non
3153 4669 3252 4724 pro
3284 4670 3457 4724 penn-

1881 4744 1962 4797 ria
2001 4743 2246 4798 scientia:
2287 4745 2662 4814 ptenitentiam
2705 4746 2860 4816 petii,
2910 4747 3001 4801 sed
3037 4755 3096 4800 ut
3141 4757 3229 4811 tu,
3263 4757 3459 4817 putans

1880 4847 2086 4902 meper
2123 4834 2502 4903 paenitentiam
2545 4835 2874 4906 discipulum
2916 4844 3069 4889 tuum
3110 4835 3246 4896 fore.
3275 4839 3454 4891 omnia

1879 4935 2090 4976 secreta
2135 4922 2498 4992 professionis
2543 4932 2650 4980 tua:
2686 4925 3048 4981 concrederes
3097 4926 3251 4986 mihi.
3284 4935 3343 4980 ut
3383 4929 3481 4986 ita.

1878 5013 2094 5067 demum
2126 5022 2178 5069 te
2207 5016 2420 5071 cunctis
2452 5017 2653 5087 agnitis
2682 5017 3046 5072 confutarem.
3077 5016 3184 5072 Sed
3217 5029 3275 5072 ut
3304 5021 3458 5072 calli-

1876 5105 1982 5160 dus
2019 5107 2332 5162 intellexisti
2364 5125 2526 5179 quam
2561 5110 2634 5163 ob
2676 5125 2900 5164 causam
2941 5110 3335 5182 parnitudinem
3379 5113 3456 5168 si-

1879 5200 2265 5263 mntassem,et
2287 5201 2610 5270 acquieviin
2631 5209 2890 5272 tanquam
2917 5219 3094 5257 meum
3127 5219 3234 5256 non
3261 5203 3455 5258 intelli-

1877 5305 2012 5362 gens
2043 5290 2252 5356 dolum,
2287 5302 2344 5345 ut
2376 5293 2529 5364 prius
2555 5310 2640 5350 me
2669 5295 2812 5365 Apud
2845 5295 3103 5364 pepulum
3127 5311 3450 5366 exponeres,

1879 5384 2035 5451 quasi
2078 5383 2410 5452 imperitum,
2444 5397 2557 5437 tum
2589 5385 2785 5440 deinde
2824 5385 3149 5456 prazvidens.
3175 5386 3322 5455 quod
3354 5402 3456 5455 ego

1879 5476 1954 5529 ita
1994 5476 2196 5546 populo
2241 5477 2527 5546 expositus
2573 5494 2799 5532 necesse
2855 5478 3030 5533 habeo
3077 5478 3348 5550 indignari
3400 5488 3454 5536 et

1878 5568 2125 5622 confiteri
2153 5584 2240 5624 me
2279 5585 2389 5624 non
2418 5585 2545 5624 vere
2573 5570 2972 5640 penitudinem
3003 5586 3216 5642 gerere,
3248 5586 3452 5640 prave-

1877 5659 2030 5722 nisti,
2085 5669 2142 5713 ut
2186 5659 2400 5715 diceres
2450 5675 2537 5714 me
2579 5659 2646 5713 ad
2696 5660 3071 5715 infidelitatem
3120 5674 3297 5715 meam
3330 5668 3450 5728 post

1877 5749 2252 5818 ptenitcutiam
2280 5764 2679 5820 regressurum,
2709 5759 2767 5802 nt
2793 5751 2939 5804 omni
2969 5766 3035 5803 cx
3069 5756 3223 5820 parte
3252 5748 3451 5803 vicisse

1875 5839 2166 5906 videreris,
2210 5851 2261 5896 et
2308 5840 2351 5896 si
2395 5855 2771 5912 permanerem
2823 5843 2877 5898 in
2929 5841 3252 5914 pmnitcntia
3282 5856 3448 5913 quam
