4078 6336
628 406 769 461 13KB

1519 405 1575 460 S.
1617 401 2008 460 CLEMENTI-5
2047 402 2065 453 I
2107 399 2279 455 80M.
2320 397 2524 452 I'ONT.
2565 395 2793 452 OPERA
2833 397 3058 452 Dl'BiA.

3743 401 3882 457 1506

611 519 898 590 professus
950 522 1156 575 fueram
1180 560 1194 583 ,
1220 529 1294 575 'ct
1337 522 1384 576 si
1429 536 1541 574 non
1593 534 1987 590 permanerem,
2027 525 2088 570 ut
2131 524 2187 568 tu
2219 523 2266 574 Α
2293 513 2464 581 magis
2486 511 2766 566 deﬂendus
2787 521 2871 567 est
2905 510 3117 577 Simon,
3153 513 3299 584 quod
3323 530 3417 569 vas
3465 514 3758 570 electionis
3791 516 3877 568 fa-

616 613 836 680 sapiens
876 613 1209 677 eredereris,
1237 613 1329 681 qui
1376 614 1478 666 ista
1514 611 1851 680 pratvideris,
1882 625 1981 680 ego
2009 619 2189 664 autem

615 704 876 773 deceptus
918 706 1152 766 viderer,
1199 707 1327 773 quia
1371 713 1523 756 tuum
1557 719 1666 756 non
1709 702 1931 772 praevidi
1971 702 2189 767 dolum;

615 805 672 847 tu
706 812 837 850 vero
879 813 1056 850 meum
1093 797 1427 865 praevidens.
1460 796 1761 850 calliditate
1791 811 1924 850 usus
1951 795 2191 848 circum-

613 890 884 955 scripsisti
913 905 1018 942 me.
1039 888 1178 952 Sed,
1211 897 1268 942 ut
1298 889 1430 950 dixi,
1463 889 1695 942 fortuna:
1719 897 1823 950 est,
1857 904 1966 941 non
1992 887 2190 942 verita-

610 982 684 1033 tis
719 982 821 1034 ista
852 981 1074 1034 victoria
1094 1025 1109 1046 ,
1146 981 1266 1034 scio
1300 989 1479 1034 tamen
1518 996 1618 1033 cur
1643 995 1745 1049 ego
1778 979 1885 1033 ista
1914 996 2020 1033 non
2052 995 2189 1048 prte-

611 1075 860 1137 viderim,
897 1074 1025 1142 quia
1073 1082 1261 1127 astans
1304 1073 1517 1128 loeutus
1555 1089 1674 1126 sum
1721 1073 1816 1125 tibi
1849 1087 1945 1140 per
1975 1073 2188 1125 bonita-

611 1172 719 1216 tem
749 1179 945 1226 meam,
969 1173 1023 1218 et
1047 1164 1315 1231 patienter
1344 1164 1426 1233 egi
1457 1174 1654 1217 tecum.
1686 1161 1842 1218 Nunc
1872 1172 2052 1216 autem
2089 1163 2186 1216 tibi

610 1254 898 1308 ostendam
944 1255 1246 1310 divinitatis
1298 1271 1431 1309 meat
1481 1255 1812 1324 potentiam,
1868 1262 1926 1308 ut
1965 1263 2188 1324 repente

608 1344 868 1413 procidas
903 1353 957 1399 et
990 1345 1185 1399 adores
1218 1359 1322 1398 me.

679 1433 883 1488 XLVII.
915 1434 1030 1503 Ego
1058 1450 1178 1489 sum
1201 1436 1372 1502 prima
1408 1433 1605 1496 virtus,
1631 1433 1728 1500 qui
1754 1447 1970 1502 semper
1989 1439 2043 1485 et
2066 1430 2186 1486 sine

608 1525 766 1579 initio
808 1542 948 1580 sum.
987 1525 1274 1595 Ingressus
1304 1532 1482 1579 autem
1511 1537 1723 1579 uterum
1765 1523 1992 1583 Rachel,
2023 1534 2184 1578 natus

609 1630 732 1668 sunt
767 1624 825 1668 ut
858 1615 1018 1669 homo
1046 1631 1111 1668 ex
1139 1630 1224 1675 ea,
1259 1630 1368 1683 quo
1399 1615 1465 1668 ab
1493 1614 1808 1668 hominibus
1843 1613 2015 1666 videri
2047 1627 2186 1682 'pos-

606 1722 760 1771 sent;
805 1722 905 1776 ego
938 1722 1032 1775 per
1059 1721 1239 1759 aerem
1284 1706 1478 1766 volavi,
1515 1705 1625 1775 igni
1658 1705 1978 1758 commistus
2010 1720 2182 1757 unum

605 1811 809 1866 corpus
851 1798 1076 1852 effectus
1113 1813 1262 1864 sum,
1292 1806 1513 1853 statuas
1547 1798 1753 1852 moveri
1796 1797 1920 1861 feci,
1947 1796 2182 1850 animavi

2293 609 2415 655 ctus
2443 611 2528 677 est
2586 600 2862 672 maligno;
2920 603 3064 670 quod
3126 607 3313 674 utique
3354 620 3463 658 non
3501 604 3723 670 fuisset,
3766 606 3877 661 nisi

2291 699 2614 758 potestatem
2651 693 2707 745 in
2737 708 2858 747 eum
2885 708 2986 761 pro
3018 695 3261 762 peccatis
3305 695 3582 765 prioribus
3625 697 3880 765 accepis-

2292 768 2401 836 set.
2430 780 2565 835 Nam
2599 783 2725 837 inde
2744 783 2875 852 quid
2899 785 3101 846 dicam,
3122 786 3265 854 quod
3303 794 3356 840 et
3376 785 3503 842 Jesu
3538 794 3731 841 nostro
3751 803 3879 842 cre-

2289 872 2504 927 diderat
2534 877 2572 936 ',
2591 882 2652 928 et
2688 874 2834 943 quod
2861 875 3199 930 imntortales
3225 892 3349 931 esse
3369 879 3580 932 animas
3611 878 3721 932 sibi
3755 879 3878 948 ipse

2290 965 2597 1033 persuasit?
2625 965 2887 1030 Quamvis
2927 967 2981 1019 in
3035 982 3101 1021 eo
3147 967 3366 1021 ludatur
3411 983 3441 1020 a
3488 968 3877 1033 datmonibus,

2289 1064 2472 1110 tamen
2504 1057 2783 1126 persuasit
2837 1059 2966 1122 sibi,
3026 1059 3171 1127 quod
3202 1060 3356 1128 pueri
3388 1061 3659 1116 violenter
3685 1062 3876 1116 necati

2291 1145 2488 1200 habeat
2531 1148 2770 1200 animam
2825 1149 3225 1204 ministrantem
3269 1150 3373 1204 sibi
3414 1151 3482 1204 ad
3527 1167 3878 1221 quaecunque

2287 1239 2556 1305 voluerit;
2591 1239 2645 1292 in
2677 1254 2787 1308 quo
2818 1255 2964 1303 vere,
2996 1249 3054 1293 ut
3085 1241 3218 1299 dixi.
3251 1258 3279 1294 a
3304 1242 3648 1298 damtonibus
3679 1243 3876 1297 illudi-

2287 1336 2396 1383 tur.
2443 1329 2509 1382 Et
2535 1329 2656 1385 ideo
2687 1346 2788 1399 ego
2813 1331 3125 1385 secundum
3161 1347 3223 1386 ea
3247 1349 3368 1401 qua:
3395 1334 3497 1403 ipsi
3540 1335 3877 1390 videbantur

2288 1418 2504 1474 locutus
2526 1436 2646 1475 sum
2676 1422 2743 1475 ad
2765 1438 2926 1488 eum;
2953 1438 3077 1476 nam
3110 1432 3163 1477 et
3195 1439 3222 1476 a
3245 1423 3446 1479 .Iudans
3470 1425 3686 1490 didicit,
3739 1426 3877 1496 quia

2288 1511 2359 1565 sit
2375 1511 2651 1580 judicium
2675 1521 2730 1566 et
2761 1515 2897 1568 uitio
2927 1515 3251 1584 proferenda
3282 1518 3573 1572 adversum
3618 1535 3740 1581 eos,
3773 1518 3876 1589 qui

2286 1611 2479 1656 contra
2521 1620 2706 1658 veram
2750 1598 2908 1660 [idem
2942 1609 3170 1662 veniunt
3205 1625 3305 1663 nec
3342 1611 3745 1678 pumitudinem
3776 1627 3876 1680 ge-

2286 1703 2442 1760 runt;
2491 1696 2586 1750 sed
2619 1696 2705 1751 isti
2738 1707 2867 1752 sunt
2894 1700 3096 1767 quibus
3120 1702 3390 1771 malignus
3421 1711 3681 1771 tanquam
3731 1718 3874 1772 per-

2286 1782 2441 1839 fectis
2492 1787 2546 1839 in
2575 1788 2875 1843 sceleribus
2917 1799 3168 1859 apparet,
3223 1801 3286 1844 ut
3332 1792 3572 1868 decipiat
3617 1808 3746 1858 eos,
3799 1808 3878 1848 ne

599 1893 880 1954 exanima,
913 1892 1121 1961 lapides
1155 1907 1321 1960 panes
1352 1891 1476 1954 feci,
1516 1893 1582 1947 de
1615 1898 1799 1946 monte
1838 1891 1894 1944 in
1941 1899 2180 1943 montem

2287 1877 2579 1946 aliquando
2601 1879 2668 1932 ad
2689 1881 3063 1949 paznitentiam
3095 1891 3505 1938 convertantur.

603 1984 805 2045 volavi,
841 1984 1190 2047 transmeavi,
1216 1984 1466 2038 manibus
1501 1985 1815 2054 angelorum
1847 1990 2186 2037 sustentatus

602 2076 677 2131 ad
709 2086 884 2130 terras
910 2075 1186 2130 descendi.
1220 2075 1344 2130 llaec
1364 2092 1470 2131 non
1494 2077 1670 2129 solum
1693 2076 1816 2139 feci,
1839 2075 1934 2130 sed
1964 2084 2015 2128 et
2041 2089 2186 2126 nunc

607 2164 786 2219 facere
807 2179 1048 2233 possunt,
1075 2173 1132 2219 ut
1160 2167 1324 2221 rebus
1351 2166 1484 2236 ipsis
1509 2167 1736 2235 probent
1765 2167 2040 2229 omnibus,
2059 2165 2186 2234 quia

603 2270 710 2326 ego
747 2272 867 2310 sum
898 2253 1068 2309 Filius
1100 2254 1193 2310 Dei
1222 2264 1375 2311 stans
1401 2257 1459 2310 in
1489 2266 1777 2319 aeternum,
1822 2268 1876 2310 et
1899 2256 2186 2309 credentes

607 2345 745 2399 mihi
778 2346 1027 2400 similiter
1058 2355 1204 2401 stare
1233 2348 1289 2400 in
1320 2354 1640 2416 perpetuth
1671 2347 1864 2400 faciam
1901 2344 2034 2415 (92;.
2069 2344 2184 2398 Tua

517 2437 519 2439 ’
606 2447 790 2492 auteut
815 2439 976 2491 verba
1005 2454 1143 2491 vana
1176 2448 1304 2494 sunt
1323 2441 1526 2502 omnia,
1555 2451 1653 2493 nec
1686 2440 1852 2492 ullum
1872 2446 2024 2507 potes
2047 2453 2184 2506 opus

601 2531 897 2584 ostendere
938 2532 1204 2592 veritatis,
1238 2532 1379 2586 sicut
1406 2542 1457 2586 et
1479 2533 1568 2586 ille
1595 2535 1687 2602 qui
1711 2532 1863 2586 misit
1889 2541 1941 2586 to
1971 2547 2182 2601 magus,

599 2622 700 2692 qui
733 2638 832 2675 nec
855 2639 914 2677 se
945 2624 1120 2691 ipsum
1153 2624 1327 2693 potuit
1360 2625 1590 2678 liberare
1619 2626 1686 2679 de
1715 2624 1898 2679 crucis
1934 2639 2114 2692 paena.

680 2712 910 2768 XLVIII.
948 2714 1042 2769 llis
1072 2714 1235 2770 dictis
1263 2730 1293 2768 a
1329 2713 1568 2780 Simone,
1607 2715 1801 2771 Petrus
1852 2716 2135 2785 respondit
2169 2735 2182 2769 :

610 2804 690 2859 Ne
729 2821 860 2875 agas
891 2806 1093 2869 aliena,
1126 2813 1184 2859 tu
1218 2806 1366 2860 enim
1392 2807 1540 2877 quod
1580 2808 1658 2862 sis
1690 2822 1887 2877 magus
1935 2823 1999 2862 ex
2053 2807 2186 2876 ipsis

609 2913 733 2965 quae
762 2897 1004 2966 gessisti,
1040 2896 1330 2952 confessus
1363 2913 1422 2952 es
1453 2906 1505 2952 et
1537 2898 1942 2965 manifestatus,
1997 2906 2187 2953 noster

608 2997 794 3042 autem
825 2989 1084 3056 magister
1115 2989 1209 3057 qui
1245 2998 1331 3043 est
1362 2987 1533 3042 Filius
1568 2987 1660 3043 Dei
1693 2997 1747 3043 et
1782 2989 2044 3052 hominis,
2069 3004 2180 3042 ma-

609 3077 807 3133 nifeste
841 3079 1017 3133 bonus
1047 3088 1160 3142 est;
1192 3079 1338 3148 quod
1373 3090 1553 3133 autem
1587 3095 1716 3134 vere
1739 3081 1810 3135 sit
1857 3077 2027 3133 Filius
2055 3078 2181 3141 Dei,

598 3169 808 3238 quibus
837 3171 1100 3238 oportuit,
1135 3171 1342 3226 dictum
1370 3179 1454 3224 est
1483 3179 1536 3225 et
1563 3170 1795 3224 dicetur.
1823 3168 1903 3224 Tu
1927 3177 2106 3223 autem
2136 3168 2182 3224 si

602 3277 716 3315 non
729 3263 811 3316 vis
823 3263 1072 3317 conﬁteri
1094 3263 1238 3332 quod
1254 3278 1449 3332 magus
1473 3279 1554 3324 es,
1579 3277 1704 3315 cum
1731 3263 1877 3317 omni
1898 3263 2001 3315 hac
2024 3263 2183 3316 turba

602 3361 898 3431 pergamus
915 3355 981 3407 ad
1007 3354 1227 3409 domum
1249 3364 1418 3418 tuam,
1433 3363 1486 3408 et
1518 3363 1648 3408 tunc
1664 3353 1946 3423 apparebit
1972 3353 2096 3422 quis
2114 3352 2185 3406 sit

606 3464 820 3518 magus;
866 3445 992 3502 Haec
1033 3455 1212 3502 autem
1239 3445 1406 3502 Petro
1437 3445 1672 3513 dicente,
1710 3444 1898 3499 Simon
1928 3444 2183 3515 blaSphe-

608 3539 736 3593 miis
763 3548 818 3592 et
848 3539 1156 3592 maledictis
1203 3554 1361 3608 agere
1388 3540 1575 3607 cmpit,
1615 3546 1673 3591 ut
1722 3537 1986 3593 seditione
2018 3537 2181 3597 facta,

603 3630 944 3699 perturbatis
996 3629 1253 3685 omnibus
1295 3631 1448 3698 argui
1488 3645 1599 3683 non
1652 3636 1861 3698 posset,
1909 3635 1963 3682 et
1993 3626 2185 3681 Petrus

607 3722 766 3788 quasi
798 3721 1149 3789 blasphemiae
1180 3735 1345 3774 causa
1375 3721 1657 3782 secedens,
1684 3721 1858 3774 victus
1889 3719 2181 3773 videretur.

606 3814 719 3869 Sed
752 3815 991 3883 perstitit
1023 3821 1079 3867 et
1111 3829 1337 3882 arguere
1371 3829 1490 3866 eum
1518 3813 1892 3867 vehementius
1913 3813 2097 3880 caepit.

679 3902 864 3958 XLIX.
898 3902 1053 3956 Tunc
1098 3904 1332 3971 populus
1360 3901 1682 3972 indignatus
1715 3900 1990 3955 Simonem
2043 3901 2186 3954 atrio

602 3994 846 4061 ejectum
881 4002 1036 4049 extra
1062 3993 1288 4061 januam
1325 3990 1523 4044 domus
1553 3989 1782 4059 pepulit,
1827 4003 2061 4057 eumque
2090 3988 2186 4042 de-

603 4085 829 4153 pulsum
863 4098 1004 4138 unus
1023 4091 1245 4136 secutus
1272 4089 1354 4136 est
1370 4078 1727 4145 δίδως-κὴριο
1757 4089 1936 4133 autem
1969 4079 2186 4134 silentio

603 4171 804 4226 Petrus
836 4173 1040 4242 alloqui
1081 4172 1341 4241 populum
1371 4171 1480 4224 hoc
1528 4170 1690 4224 modo
1721 4171 1888 4240 cmpit
1918 4189 1934 4223 ι
1967 4169 2186 4224 Patien-

603 4274 711 4327 ιρι,
741 4265 958 4328 fratres,
996 4264 1172 4319 malos
1201 4264 1343 4320 ferre
1370 4263 1855 4325 debetis,scientes
1884 4262 2010 4332 quia
2043 4262 2185 4317 Deus

601 4373 733 4412 cum
788 4358 964 4427 possit
1020 4372 1115 4412 eos
1164 4355 1449 4419 excidere,
1501 4356 1707 4425 patitur
1757 4362 1938 4407 tamen
1986 4355 2184 4408 durare

608 4463 784 4517 usque
818 4448 884 4502 ad
920 4448 1279 4517 praestitutam
1309 4445 1472 4509 diem,
1504 4447 1558 4498 in
1591 4457 1698 4514 qua
1730 4445 1797 4496 de
1816 4443 2068 4498 omnibus
2093 4445 2184 4512 ju-

2358 1968 2420 2024 L.
2454 1969 2565 2024 Vos
2610 1987 2738 2042 ergo
2771 1973 2864 2042 qui
2901 1973 2967 2026 ad
3001 1972 3290 2028 Dominum
3329 1976 3720 2030 convertimini
3770 1993 3873 2047 per

2288 2063 2685 2132 ptenitentiam,
2712 2073 2934 2119 curvate
2966 2066 3012 2119 ei
3035 2082 3233 2136 genua.
3270 2066 3393 2120 Haec
3421 2083 3544 2120 cum
3589 2068 3855 2123 dixisset.

2288 2153 2464 2206 omnis
2503 2153 2795 2210 multitudo
2810 2170 2991 2223 genua
3023 2157 3170 2209 llexit
3202 2156 3332 2212 Deo.
3364 2157 3429 2210 Et
3461 2157 3660 2214 Petrus
3688 2161 3874 2229 respi-

2289 2244 2443 2297 ciens
2493 2244 2560 2297 ad
2607 2246 2829 2312 emtum,
2863 2263 2988 2300 eum
3045 2249 3306 2318 lacrymis
3337 2251 3528 2304 orabat
3559 2268 3728 2320 super
3747 2268 3872 2316 eos,

2289 2342 2348 2387 ut
2378 2334 2520 2389 Deus
2553 2336 2650 2405 pro
2682 2353 2778 2392 sua
2812 2339 3056 2393 bonitate
3092 2341 3373 2409 suscipere
3415 2358 3512 2395 eos
3542 2343 3874 2413 dignaretur

2287 2426 2664 2496 confugientes
2699 2430 2766 2484 ad
2789 2446 2867 2485 se.
2900 2429 2962 2482 Et
2997 2439 3288 2500 postquam
3318 2434 3494 2486 oravit
3521 2441 3574 2488 et
3603 2435 3872 2504 przecepit

2287 2525 2346 2570 ut
2378 2519 2598 2587 postera
2628 2520 2715 2574 die
2755 2522 3020 2576 maturius
3052 2525 3431 2588 convenirent,
3456 2526 3871 2580 multitudinem

2286 2610 2514 2664 missam
2546 2610 2674 2666 fecit
2706 2611 2842 2682 (93).
2876 2611 3012 2665 Tum
3045 2613 3246 2668 deinde
3291 2615 3595 2669 secundum
3629 2631 3870 2672 consue-

2287 2701 2556 2764 tudinem,
2582 2701 2704 2755 cibo
2733 2711 2970 2771 sumpto,
2997 2703 3330 2773 quievimus.

2357 2792 2440 2846 Ll.
2487 2791 2649 2862 Igitur
2675 2792 2871 2848 Petrus
2905 2795 3069 2848 solita
3111 2796 3293 2851 noctis
3323 2796 3458 2851 hora
3485 2813 3865 2871 consurgens,

2286 2889 2497 2943 invenit
2537 2902 2637 2942 nos
2686 2889 2999 2957 vigilantes,
3035 2898 3243 2944 etcum
3296 2907 3361 2945 ex
3412 2908 3565 2947 more
3612 2897 3868 2951 salutans

2286 2979 2644 3042 consedisset,
2697 2981 2907 3048 primus
2963 2980 3153 3036 Nicet‘a
3177 2985 3196 3012 ³
3219 2983 3296 3036 ait
3325 3003 3337 3037 :
3366 2983 3422 3037 Si
3457 2988 3753 3054 permittis,
3787 2993 3870 3043 mi

2286 3073 2505 3127 domine
2534 3072 2712 3136 Petre,
2746 3073 2923 3126 habeo
2955 3075 3101 3142 quod
3139 3091 3345 3144 rogent.
3373 3076 3437 3128 Et
3458 3075 3652 3133 Petrus
3681 3099 3694 3132 :
3730 3080 3868 3134 Per-

2286 3164 2680 3233 mitto,inquit,
2715 3179 2823 3217 non
2848 3165 3024 3219 solum
3047 3165 3142 3219 tibi
3171 3166 3267 3220 sed
3287 3173 3341 3220 et
3371 3168 3649 3231 onmibus,
3668 3183 3723 3223 et
3751 3188 3869 3225 non

2289 3258 2466 3312 solum
2500 3256 2662 3310 modo
2685 3255 2784 3311 sed
2820 3264 2874 3310 et
2920 3271 3157 3326 semper,
3187 3265 3246 3310 ιιι
3287 3260 3663 3330 unusquisque
3714 3264 3868 3331 quod

2286 3360 2410 3398 eum
2438 3352 2643 3408 movet,
2676 3352 2729 3398 et
2768 3359 2975 3414 partem
3010 3361 3172 3414 quam
3197 3347 3346 3400 dolet
3383 3348 3438 3400 in
3469 3350 3654 3402 auium
3689 3351 3869 3404 fatea-

2288 3447 2409 3501 tur,
2448 3445 2508 3490 ut
2548 3437 2722 3505 possit
2748 3437 3011 3508 consequi
3066 3437 3413 3495 medicinam.
3443 3441 3572 3504 Qute
3601 3443 3746 3495 enim
3789 3445 3870 3497 si-

2286 3530 2456 3584 lrutio
2495 3535 2864 3597 conteguntur
2909 3544 3008 3582 nec
3067 3529 3420 3584 innotescunt
3481 3533 3674 3594 nobis,
3717 3537 3869 3588 velut

2289 3620 2443 3672 multi
2471 3621 2730 3688 temporis
2756 3619 2886 3673 vitia
2917 3618 3134 3674 dillicile
3161 3630 3447 3685 curantur,
3488 3632 3537 3676 et
3575 3624 3697 3676 ideo
3726 3642 3870 3693 ψιυο

2289 3713 2435 3765 niam
2472 3711 2782 3766 tacentibus
2815 3726 2922 3764 non
2965 3711 3124 3766 facile
3175 3721 3355 3781 potest
3405 3715 3614 3768 medela
3665 3731 3871 3785 oppor-

2288 3804 2405 3857 tu-ui
2437 3811 2490 3858 et
2518 3807 2815 3860 necessarii
2863 3807 3136 3862 sermonis
3185 3808 3452 3873 adhiberi,
3496 3812 3742 3880 proferre
3771 3814 3870 3867 de-

2288 3898 2380 3951 bet
2425 3899 2809 3968 unusquisque
2851 3899 2906 3952 in
2955 3915 3064 3969 quo
3093 3901 3310 3955 animus
3363 3918 3459 3971 per
3501 3904 3866 3974 ignorantiam

2290 3989 2541 4057 languet;
2590 3988 2794 4042 tacenti
2829 4004 2959 4043 vero
2999 3989 3129 4044 dare
3181 3992 3482 4046 remedium
3540 3996 3716 4049 solius
3781 4004 3871 4047 est

2289 4079 2416 4145 Dei;
2470 4095 2763 4150 possumus
2808 4089 2989 4135 autem
3019 4090 3075 4136 et
3105 4098 3227 4146 nos,
3260 4084 3353 4138 sed
3405 4087 3644 4139 circuitu
3708 4089 3864 4142 multi

2287 4173 2575 4240 temporis.
2607 4171 2842 4227 Necesse
2870 4182 2954 4228 est
2999 4175 3143 4229 enim
3178 4183 3235 4227 ut
3275 4192 3456 4231 seruio
3495 4179 3761 4231 doctrina-
3798 4183 3869 4231 ab

2288 4265 2446 4317 initio
2491 4281 2587 4334 per
2614 4266 2862 4320 ordinem
2907 4281 3158 4330 currens,
3196 4276 3250 4322 et
3278 4268 3510 4339 singulis
3552 4272 3867 4342 quibusque

2288 4358 2685 4426 quaestionibus
2746 4357 2980 4412 obvians
3023 4366 3220 4412 cuncta
3279 4363 3507 4431 aperiat,
3561 4372 3617 4418 et
3670 4378 3867 4421 cuncta

2287 4452 2550 4506 dissolvat
2577 4459 2632 4505 et
2663 4452 2942 4519 perveniat
2974 4452 3137 4505 etiam
3169 4453 3234 4506 ad
3267 4454 3369 4508 hoc
3387 4457 3532 4524 quod
3564 4463 3864 4529 unusquis-

608 4541 810 4593 diciuin
843 4539 963 4604 lict;
1003 4539 1278 4607 quomodo
1307 4552 1436 4606 ergo
1465 4551 1565 4591 nos
1589 4551 1696 4589 non
1729 4536 2017 4603 patiemur,
2044 4552 2183 4604 quos
2217 4563 2260 4617 υ
2290 4559 2395 4612 quc
2432 4542 2488 4595 in
2541 4542 2726 4595 animo
2778 4557 2878 4597 suo
2920 4544 3180 4612 requirit;
3215 4545 3306 4598 sed
3349 4547 3474 4609 hoc,
3509 4556 3569 4601 ut
3600 4551 3737 4613 dixi,
3773 4568 3868 4620 per

609 4634 814 4695 patitur
849 4629 1036 4684 Deus?
1081 4631 1191 4686 Cur
1231 4635 1412 4681 autem
1460 4642 1569 4681 non
1602 4625 1731 4680 forti
1775 4628 1960 4681 animo
2005 4627 2185 4680 illatas

602 4723 678 4776 ab
699 4722 781 4776 eis
812 4722 1110 4775 toleramus
1138 4719 1392 4787 injurias,
1426 4735 1550 4772 cum
1602 4735 1732 4773 suas
1761 4720 1853 4773 ille
1884 4724 1975 4789 qui
2007 4727 2187 4795 potest

609 4815 795 4868 omnia
828 4827 938 4866 non
968 4811 1289 4873 ulciscatur,
1323 4819 1379 4863 ut
1409 4820 1463 4864 et
1492 4811 1665 4879 ipsius
1705 4811 1956 4874 bonitas,
1989 4821 2041 4864 et
2073 4827 2176 4863 nia-

613 4905 793 4960 lorum
827 4912 1090 4960 noscatur
1122 4902 1402 4971 impietas?
1428 4899 1628 4956 Verum
1675 4902 1722 4954 si
1751 4917 1857 4956 non
1890 4901 2187 4957 invenisset

611 4994 891 5051 Simonem
915 4995 1187 5063 malignus
1208 4994 1524 5047 ministrum
1543 4992 1988 5060 sibi,invenisset
2016 4995 2182 5047 alium

611 5090 733 5144 sine
763 5088 964 5151 dubio;
1013 5101 1240 5141 necesse
1270 5093 1354 5140 est
1378 5085 1526 5138 cnim
1562 5086 1764 5140 saeculo
1815 5085 1943 5139 huic
1997 5087 2183 5140 venire

607 5183 901 5248 scandala;
923 5197 996 5236 ea:
1019 5190 1190 5234 tamen
1213 5179 1292 5233 illi
1313 5194 1404 5248 per
1429 5195 1580 5248 quem
1609 5179 1820 5232 veniunt
1848 5180 1936 5233 ¹⁰⁰.
1962 5178 2029 5231 Ει
2061 5181 2183 5234 ideo

687 5321 754 5350 ¹⁰⁶
789 5318 978 5371 Matth.
1012 5333 1164 5382 xviii,
1193 5317 1243 5369 7.
1324 5315 1477 5369 ‘Act.
1513 5331 1634 5381 VIII,
1666 5316 1751 5369 15.

2285 4634 2515 4687 multum
2555 4640 2775 4700 tempus
2811 4631 2925 4686 fieri
2949 4640 3148 4702 potest.
3179 4633 3334 4688 Nunc
3377 4645 3560 4692 autem
3590 4642 3740 4708 quod
3770 4641 3866 4695 de-

2287 4725 2500 4782 sideras
2524 4740 2676 4795 roga.

2356 4815 2468 4870 Ltl.
2513 4814 2577 4867 Et
2619 4814 2808 4869 Niceta
2849 4815 2964 4868 ait:
3000 4813 3207 4871 Uberes
3251 4817 3346 4872 tibi
3398 4819 3605 4887 gratias
3657 4835 3778 4890 ago,
3834 4839 3866 4876 ο

2286 4907 2716 4962 clementissime
2755 4904 2936 4970 Petre,
2984 4923 3171 4961 verum
3228 4909 3330 4963 hoc
3360 4919 3443 4963 est
3469 4913 3619 4979 quod
3651 4915 3865 4969 discere

2291 4998 2452 5068 cupio
2478 5017 2491 5052 :
2519 4997 2630 5051 Cur
2657 4997 2846 5052 Simon
2878 4999 2970 5066 qui
2991 4998 3310 5054 adversatur
3343 5000 3473 5063 Deo,
3509 5003 3692 5058 facere
3715 5014 3865 5058 tanta

2290 5091 2406 5144 haec
2433 5098 2489 5144 et
2525 5090 2653 5142 talia
2683 5089 2902 5158 potuit?
2939 5088 3054 5144 Non
3085 5091 3229 5144 enim
3260 5091 3518 5150 mentitus
3541 5104 3628 5147 est
3659 5097 3866 5163 aliquid

2289 5197 2355 5236 ex
2380 5181 2487 5245 his,
2526 5194 2647 5249 quin
2677 5194 2741 5232 se
2787 5179 2982 5233 fecisse
3017 5180 3302 5248 professus
3334 5190 3436 5237 est.
3475 5182 3555 5235 Ad
3582 5188 3698 5238 lia-c
3736 5189 3864 5241 bea-

1831 5316 1850 5347 ³
1887 5314 2101 5368 Primus
2132 5315 2331 5390 Hiceta»
2354 5326 2408 5370 et
2437 5332 2558 5386 qum
2591 5323 2898 5390 seqtiinttur
2925 5316 3186 5370 vocabula
3211 5333 3384 5388 usque
3415 5320 3482 5374 ad
3514 5319 3610 5373 illa
3639 5336 3760 5390 cap.
3793 5322 3867 5377 63

606 5402 828 5445 exortus
861 5399 939 5443 est
968 5398 1040 5452 et,
1088 5374 1194 5443 etc.
1221 5388 1275 5441 in
1307 5385 1429 5440 cod.
1460 5374 1873 5455 Lipsfdesunt;
1908 5402 2007 5441 nec
2037 5388 2176 5440 male
2207 5374 2534 5455 ιιιιιιιιιιιι,ἰιι
2560 5374 2794 5440 videtuF.

1886 5521 2253 5577 COTELICRII
2294 5523 2528 5579 NOTAE.

681 5642 789 5711 (9‘2)
825 5641 893 5695 Et
925 5643 1188 5695 credentes
1211 5641 1382 5711 mihi,
1415 5640 1660 5694 similiter
1706 5649 1848 5693 stare
1892 5641 1946 5692 in
1994 5656 2176 5709 perpe-

609 5723 756 5765 tuum
778 5713 991 5779 faciam.
1019 5712 1155 5764 lhnc
1175 5710 1720 5766 MenanderSimonis
1737 5711 2055 5779 discipulus,
2082 5727 2177 5763 eos

606 5788 700 5849 ιμιι
734 5783 1058 5852 baptismum
1091 5800 1248 5837 suum
1284 5791 1629 5850 acceperant,
1654 5782 1866 5836 diccbat
1892 5786 2178 5837 immorta—

611 5855 691 5908 ινδ
720 5869 1128 5923 pennzltsuros.

2361 5643 2471 5710 (95)
2510 5639 2901 5695 Mullitudinem
2926 5643 3141 5695 missam
3165 5642 3304 5710 fecit.
3329 5641 3517 5696 Risum
3543 5652 3730 5696 tenere
3753 5659 3860 5697 non

2286 5716 2457 5780 potui,
2487 5729 2608 5763 cunt
2637 5729 2732 5782 pro
2765 5713 2867 5776 his,
2896 5713 2946 5763 in
2985 5715 3278 5782 iiuposlot'c
3301 5715 3710 5781 pscudn-Ahdia
3737 5716 3860 5783 legi,

2286 5783 2602 5847 sucriﬁrium
2654 5784 2793 5846 (erit,
2847 5784 3002 5852 quasi
3058 5785 3322 5853 scriptum
3362 5794 3509 5838 esset
3551 5785 3860 5850 duntaxat,

2289 5854 2501 5905 missum
2533 5853 2672 5923 {cciL
