4050 6336
153 365 186 420 ι
197 366 318 422 505

1327 362 1898 421 RECOGNITIONUM
1932 363 2060 421 ιω.
2105 363 2174 418 lll

3296 373 3438 431 15116

150 488 263 534 lus
294 481 488 536 Petrus
535 483 608 536 ita
646 484 929 555 respondit
957 499 969 534 :
997 481 1142 539 Deus
1191 483 1286 552 qui
1329 499 1474 537 unus
1502 491 1555 536 et
1583 498 1746 538 verus
1775 486 1824 541 Α
1851 493 2032 536 autem
2066 480 2214 538 Deus
2242 491 2504 548 internus,
2539 500 2590 538 e.
2633 490 3045 547 muemutabilis
3083 508 3432 561 permanens.

146 580 278 632 est,
304 573 676 644 Primogenito
706 591 809 630 suo
839 576 1046 631 amicos
1074 577 1248 631 bonos
1277 583 1332 630 et
1369 575 1554 630 ﬁdeles
1590 576 1748 630 insti-

149 665 276 716 tuit
309 679 644 735 praeparare;
678 668 861 722 sciens
895 675 1076 721 autem
1112 669 1240 734 quia
1287 667 1418 721 boni
1462 684 1587 724 esse
1635 684 1748 722 non

149 765 424 821 possunt,
480 758 586 811 nisi
651 757 888 812 habeant
937 759 992 811 in
1042 767 1310 828 potestate
1361 775 1582 815 sensum
1638 775 1748 830 quo

149 845 305 898 liant
349 848 497 910 boni,
531 855 594 900 ut
635 864 702 902 ex
749 864 850 904 suo
892 851 1173 920 proposito
1217 851 1320 905 hoc
1348 851 1458 906 sint
1481 850 1626 922 quod
1653 867 1742 904 vo-

144 938 312 1000 lunt,
353 939 554 1008 alioqui
603 956 711 994 non
766 951 998 1010 possunt
1042 958 1166 1010 esse
1205 958 1332 998 vere
1374 943 1525 1006 boni,
1557 943 1601 997 si
1635 957 1746 996 non

145 1030 448 1098 proposito
495 1031 590 1084 sed
641 1034 970 1087 necessitate
1000 1041 1321 1088 tenerentur
1359 1035 1413 1086 in
1460 1034 1624 1097 bono,
1651 1051 1748 1102 po-

147 1132 416 1176 testatem
467 1122 615 1177 dedit
660 1125 955 1194 unicuique
1002 1126 1218 1185 arbitrii
1265 1126 1373 1189 sui,
1406 1133 1463 1178 ut
1496 1126 1599 1179 hoc
1626 1142 1749 1182 esse

149 1214 343 1281 possit
371 1213 516 1284 quod
539 1217 670 1270 vult.
701 1216 766 1269 Et
787 1233 1006 1272 rursum
1035 1218 1340 1288 praavidens
1360 1219 1487 1287 quia
1516 1219 1618 1290 ista
1651 1233 1748 1287 po-

149 1313 342 1360 testas
390 1306 629 1372 arbitrii,
659 1309 801 1364 alios
834 1310 1058 1389 quidem
1097 1309 1305 1364 faceret
1345 1311 1546 1379 eligere
1577 1311 1743 1375 bona,

146 1395 306 1448 alios
339 1411 466 1450 vero
496 1397 659 1460 mala,
689 1409 742 1452 et
772 1415 868 1468 per
912 1400 1015 1452 hoc
1047 1401 1102 1453 in
1141 1399 1280 1454 duos
1308 1402 1532 1455 ordines
1554 1417 1747 1456 neces-

149 1487 315 1540 sario
346 1489 760 1558 propagandum
801 1498 944 1545 esset
978 1492 1263 1546 hominum
1295 1510 1494 1562 genus,
1529 1494 1745 1546 [micui-

147 1595 269 1647 que
298 1579 476 1634 ordini
508 1583 782 1638 concessit
808 1592 863 1637 et
896 1584 1075 1638 locum
1106 1592 1163 1638 et
1216 1600 1417 1655 regem,
1449 1601 1609 1655 quem
1633 1586 1746 1640 vel-

145 1670 232 1723 let
258 1671 489 1742 eligere;
527 1674 704 1728 bonus
747 1675 896 1729 enim
931 1693 1024 1730 rex
1059 1677 1220 1732 bonis
1245 1679 1468 1746 gaudet,
1500 1687 1554 1734 et
1583 1680 1744 1733 mali-

144 1778 304 1832 gnus
337 1765 513 1818 malis.
559 1763 625 1817 Et
654 1768 906 1835 quamvis
933 1767 1048 1821 haec
1083 1768 1206 1830 tibi,
1231 1783 1265 1822 0
1290 1768 1563 1833 Clemens,
1598 1770 1651 1822 in
1679 1785 1744 1824 eo

145 1828 419 1918 tractatu,
456 1872 616 1926 quem
651 1828 720 1912 de
754 1857 1117 1926 prailinitione
1131 1867 1186 1913 et
1211 1859 1316 1914 fine
1347 1860 1740 1924 disserueram,
1779 1828 1824 1896 Β

143 1947 379 2017 plenius
410 1948 782 2015 exposuerim,
810 1956 992 2004 tamen
1034 1957 1089 2004 et
1121 1966 1268 2003 nunc
1307 1952 1611 2020 requirenti
1651 1952 1744 2004 Ni-

141 2049 297 2092 ceta:
327 2039 683 2094 manifestare
711 2056 798 2094 me
822 2042 1079 2096 convenit
1137 2057 1259 2111 qua:
1301 2044 1372 2097 sit
1405 2044 1563 2107 ratio,
1601 2044 1745 2116 quod

143 2129 350 2185 Simon
395 2133 491 2201 qui
522 2141 714 2185 contra
749 2131 917 2187 Deum
953 2135 1139 2199 sentit,
1174 2143 1325 2188 tanta
1371 2134 1550 2190 facere
1586 2137 1750 2189 mira-

143 2220 290 2274 bilia
322 2224 517 2292 potuit.

226 2309 365 2365 Llll.
411 2313 580 2384 lgitur
606 2315 783 2383 primo
811 2315 1078 2378 omnium,
1107 2316 1284 2371 malus
1311 2332 1436 2371 esse
1462 2317 1745 2386 judii-atnr

143 2403 305 2470 apud
349 2403 519 2458 Deum
553 2407 619 2469 is,
648 2407 741 2475 qui
788 2407 1069 2475 requirere
1107 2424 1216 2461 non
1266 2410 1402 2472 vult,
1436 2412 1584 2480 quod
1634 2411 1740 2464 sibi

140 2496 398 2564 expedit.
420 2495 884 2578 Quomodo'enim
918 2499 1045 2551 talis
1077 2499 1180 2553 iste
1213 2500 1382 2554 alium
1411 2501 1618 2570 diliget,
1647 2503 1740 2571 qui

143 2586 519 2657 semetipsum
544 2605 652 2641 non
694 2588 1038 2660 diligit?Aut
1077 2591 1165 2644 cui
1200 2607 1309 2645 non
1332 2593 1448 2646 'iste
1483 2593 1741 2646 inimicus

143 2677 283 2739 erit,
309 2678 403 2745 qui
432 2678 536 2731 sibi
566 2679 671 2748 ipsi
715 2681 926 2733 amicus
969 2697 1094 2734 esse
1127 2697 1234 2735 non
1268 2685 1486 2752 potuit?
1511 2682 1580 2737 Ut
1609 2700 1741 2754 ergo

144 2767 629 2837 distinguerentur
658 2771 752 2840 qui
784 2771 926 2824 bona
950 2780 1005 2824 et
1033 2773 1128 2841 qui
1159 2774 1371 2842 eligunt
1406 2775 1571 2858 mala,
1594 2775 1740 2830 Deus

145 2860 303 2928 quod
332 2862 463 2915 utile
491 2869 575 2916 est
599 2863 895 2917 occultavit
926 2865 1263 2928 hominibus,
1297 2866 1350 2919 id
1381 2875 1485 2926 est,
1519 2883 1741 2936 posses-

147 2953 372 3005 sionem
403 2954 556 3024 regni
605 2956 894 3017 cmlorum,
926 2972 1156 3026 eamque
1210 2958 1355 3012 velut
1414 2960 1736 3013 thesaurum

148 3055 432 3098 secretum
466 3051 709 3115 reposuit
739 3057 791 3101 et
826 3047 1135 3112 abscondit,
1173 3059 1232 3102 ut
1264 3050 1332 3103 ad
1358 3065 1481 3104 eam
1514 3069 1621 3105 non
1655 3053 1737 3106 fa-

1852 569 1956 636 Qui
1991 586 2122 642 ergo
2166 589 2275 627 non
2319 574 2434 627 vult
2485 573 2764 646 inquirere
2816 581 2962 648 quod
3016 585 3119 640 sibi
3156 590 3286 642 utile
3327 598 3435 653 est,

1851 664 2030 718 malus
2059 673 2164 729 est,
2199 665 2254 719 in
2286 673 2499 720 tantum
2532 678 2590 722 ut
2628 671 2832 725 malitia
2884 690 2983 728 sua
3029 678 3206 746 ipsum
3241 682 3433 753 imple-

1852 757 1982 810 tatis
2015 758 2313 827 principem
2356 770 2598 829 superet.
2633 761 2727 818 llle
2754 764 2898 818 enim
2930 767 3174 825 bonitate
3204 774 3294 828 Dei
3333 780 3435 830 ab-

1833 840 2024 900 utitur
2055 849 2120 902 ad
2156 851 2498 920 propositum
2534 854 2756 910 malitiae
2793 873 2926 921 suae,
2974 871 3026 915 et
3058 863 3161 918 sibi
3215 867 3432 936 placet;

1851 936 1943 991 hic
1968 946 2152 993 autem
2184 942 2380 997 salutis
2431 961 2542 999 suae
2575 947 2716 1000 bona
2745 952 2992 1022 negligit,
3026 963 3084 1007 ut
3122 959 3432 1026 perditione

1852 1028 1936 1082 sui
1978 1031 2122 1084 malo
2152 1033 2385 1102 placeat.

1925 1119 2036 1177 LV.
2079 1121 2311 1194 Propter
2343 1127 2446 1184 hos
2467 1145 2618 1201 ergo,
2661 1135 2755 1203 qui
2789 1137 2982 1193 salutis
3026 1156 3140 1196 suae
3182 1148 3431 1216 neglectu

1852 1211 2069 1281 placent
2102 1216 2269 1283 malo,
2295 1225 2350 1272 et
2378 1236 2473 1276 eos
2508 1224 2603 1292 qui
2652 1227 2834 1282 studio
2864 1231 3120 1289 utilitatis
3161 1211 3280 1291 sure
3317 1241 3436 1308 pla-

1852 1319 1976 1361 cere
2024 1308 2258 1378 cupiunt
2307 1312 2472 1377 bono,
2509 1319 2661 1384 paria
2704 1322 2949 1390 quaedam
2977 1328 3042 1380 ad
3073 1333 3432 1387 tentationem

1851 1401 2108 1465 praesenti
2139 1401 2266 1459 lmic
2316 1407 2517 1459 saeculo
2565 1418 2769 1464 statuta
2803 1426 2929 1468 sunt
2973 1417 3185 1484 decem,
3226 1438 3430 1477 secun-

1850 1487 1980 1541 dum
2035 1507 2322 1546 numerum
2369 1496 2557 1551 decem
2609 1503 2893 1572 plagarum
2927 1526 3048 1577 qua:
3096 1512 3258 1568 illatre
3303 1525 3432 1571 sunt

1849 1579 2107 1652 Egypto.
2141 1583 2276 1640 Cum
2308 1590 2453 1642 enim
2509 1591 2724 1664 Moyses
2756 1601 3058 1655 secundum
3097 1618 3428 1676 praeceptum

1850 1669 1944 1727 Dei
1978 1683 2186 1742 peteret
2223 1694 2252 1731 a
2285 1677 2593 1747 Pharaone,
2631 1694 2689 1739 ut
2735 1691 3009 1747 emitteret
3059 1669 3342 1766 populum,
3375 1709 3431 1755 et

1852 1765 1918 1819 ad
1951 1769 2324 1825 testimonium
2361 1776 2608 1832 caalestis
2649 1778 2862 1850 imperii
2899 1786 3054 1854 signa
3093 1791 3429 1860 ostenderet,

1851 1858 2094 1926 projecta
2123 1861 2178 1914 in
2209 1869 2411 1917 terram
2455 1867 2606 1937 virga
2646 1885 2911 1927 conversa
2968 1887 3052 1931 est
3100 1879 3153 1932 in
3209 1898 3432 1953 serpen-

1849 1953 1957 2001 tem
1987 1948 2028 2002 ³.
2060 1949 2307 2021 Cumque
2343 1955 2413 2009 ob
2449 1956 2563 2012 haec
2596 1959 2810 2013 Pharao
2860 1980 2967 2018 non
3013 1968 3171 2023 vellet
3211 1948 3435 2042 aeq-uie-

1849 2051 2028 2102 scere,
2063 2047 2253 2110 utpote
2306 2045 2516 2102 habens
2564 2051 2779 2105 arbitrii
2833 2055 3162 2130 libertatem,
3207 2079 3429 2118 rursum

1851 2129 1994 2198 magi
2046 2132 2246 2187 similia
2286 2137 2441 2206 signa
2497 2140 2676 2197 facere
2732 2146 2832 2200 visi
2888 2159 3041 2216 sunt,
3083 2156 3431 2221 permittente

1847 2217 1979 2285 Deo,
2017 2232 2073 2275 ut
2128 2230 2467 2296 propositum
2513 2235 2658 2304 regis
2710 2239 3035 2307 probaretur
3087 2261 3165 2300 ex.
3210 2249 3428 2304 arbitrii

1848 2311 2123 2379 libertate,
2153 2317 2198 2371 si
2242 2322 2414 2390 magis
2439 2325 2689 2382 crederet
2719 2331 2891 2400 signis
2912 2333 3083 2406 Moysi
3118 2341 3210 2408 qui
3247 2356 3276 2394 a
3317 2341 3427 2397 Deo

1846 2404 2052 2461 missus
2081 2418 2186 2473 est,
2227 2427 2389 2481 quam
2436 2416 2522 2472 his
2551 2435 2675 2488 qua:
2709 2425 2848 2492 magi
2883 2404 3212 2485 videbantur
3241 2437 3428 2504 potius

1847 2494 2045 2560 facere,
2078 2515 2241 2568 quam
2290 2503 2599 2575 faciebant;
2634 2528 2771 2581 quos
2803 2516 2950 2584 ipsos
2987 2521 3173 2591 utique
3207 2530 3429 2583 nomine

1844 2586 2150 2658 intelligere
2207 2593 2472 2650 debuerat
2531 2617 2638 2655 non
2671 2621 2795 2660 t'SSC
2839 2615 3123 2678 operarios
3154 2619 3425 2683 veritatis,

1843 2679 1989 2748 quod
2046 2698 2155 2736 non
2189 2699 2217 2735 a
2267 2684 2378 2741 Deo
2431 2691 2583 2746 missi
2633 2697 2727 2748 sed
2781 2701 2922 2769 magi
2984 2679 3423 2776 appellabantur,

1844 2772 1987 2824 sicut
2010 2785 2061 2826 et
2093 2776 2318 2832 traditio
2346 2781 2575 2837 indicat.
2599 2785 2846 2858 Denique
2879 2772 3145 2863 usquead
3188 2802 3425 2873 aliquem

1843 2859 2024 2915 locum
2053 2865 2149 2918 risi
2177 2878 2304 2922 sunt
2341 2870 2545 2928 habere
2578 2887 2876 2944 certamen,
2913 2896 2966 2938 et
2995 2897 3121 2957 post
3152 2891 3265 2946 haac
3294 2910 3428 2949 con-

1842 2954 1970 3010 fessi
2010 2958 2077 3013 de
2118 2976 2175 3014 se
2217 2978 2435 3020 cessere
2467 2971 2680 3025 meliori
2709 2974 2745 3030 δ.
2794 2976 3082 3035 lnducitur
3109 3000 3238 3055 ergo
3265 2991 3422 3060 plaga

1841 3052 2030 3105 ultima
2054 3054 2097 3118 ',
2124 3056 2381 3112 interitus
2432 3065 2852 3132 primitivorum,
2908 3082 2964 3126 et
3017 3082 3151 3130 tunc
3208 3080 3424 3153 Moyses

147 3135 262 3189 cile
297 3137 419 3205 quis
461 3137 633 3205 possit
670 3139 867 3192 virtute
915 3147 968 3193 et
1014 3140 1246 3192 scientia
1287 3145 1574 3210 pervenire
1606 3160 1734 3212 pro-
1764 3183 1808 3241 ο
1838 3141 2064 3209 jubetur
2117 3151 2380 3218 populum
2444 3159 2837 3225 conspersione
2879 3168 3164 3234 sanguinis
3227 3188 3423 3230 conse-

149 3225 530 3300 pria,’famam
555 3236 737 3301 tamen
766 3230 911 3298 ejus,
938 3231 1176 3284 diversis
1207 3234 1524 3288 nominibus
1542 3247 1588 3288 el
1617 3236 1731 3304 opi-

148 3319 413 3372 nionibus
436 3335 530 3388 per
545 3322 928 3390 generationes
957 3323 1206 3392 singulas
1240 3324 1307 3377 ad
1337 3327 1584 3380 omnium
1613 3344 1738 3397 per-

149 3409 315 3462 (lusit
345 3411 614 3477 auditum,
654 3421 712 3465 ut
751 3415 796 3466 si
829 3414 922 3483 qui
956 3415 1098 3468 forte
1125 3424 1311 3469 essent
1339 3429 1612 3474 amatores
1643 3422 1737 3476 bo-

150 3499 237 3561 ni,
272 3501 553 3555 audientes
597 3504 743 3571 quod
783 3503 887 3557 sibi
933 3513 1080 3558 esset
1133 3507 1264 3561 utile
1296 3517 1350 3562 et
1382 3510 1623 3566 salutare
1651 3529 1737 3567 re-

150 3589 442 3658 quirerent
479 3602 536 3646 et
587 3594 933 3661 invenirent;
969 3597 1314 3667 requirerent
1355 3610 1535 3670 autem
1571 3620 1678 3657 non
1706 3621 1736 3658 a

151 3677 488 3751 semetipsis,
521 3687 615 3740 sed
658 3688 726 3741 ab
775 3704 841 3742 eo
894 3690 987 3759 qui
1016 3692 1334 3769 occultavit,
1367 3693 1596 3764 darique
1630 3696 1734 3749 sibi

151 3776 456 3830 accedendi
509 3777 716 3832 aditum
775 3791 828 3834 et
881 3783 1024 3836 viam
1080 3786 1323 3838 scientia:
1357 3795 1731 3854 precarentur,

150 3875 278 3928 qum
316 3860 424 3916 illis
443 3865 577 3917 solis
618 3867 880 3936 panditur
910 3871 1000 3938 qui
1025 3886 1145 3926 eam
1168 3889 1334 3942 super
1361 3877 1544 3928 omnia
1577 3893 1738 3930 mun-

148 3951 207 4004 di
241 3953 406 4021 hujus
444 3956 736 4028 diligerent
780 3963 947 4027 bona,
985 3981 1085 4020 nec
1133 3967 1242 4020 alio
1287 3969 1412 4038 quis
1460 3978 1620 4038 pacto
1649 3973 1734 4026 vel

150 4045 459 4116 intelligere
501 4065 619 4103 eam
651 4054 823 4122 possit
851 4056 1066 4112 etiamsi
1099 4060 1561 4127 prudentissimus
1590 4065 1732 4120 vide-

149 4143 338 4204 retur;
372 4139 424 4191 hi
465 4157 616 4206 vero,
652 4145 745 4214 qui
785 4148 1158 4216 neglexissent
1204 4153 1348 4221 quod
1381 4153 1488 4207 sibi
1521 4155 1652 4210 utile
1678 4165 1732 4211 et

147 4228 394 4283 salutare
421 4241 568 4286 esset
592 4235 891 4305 inquirere,
919 4249 1176 4311 tanquam
1207 4259 1265 4299 se
1297 4243 1448 4314 ipsos
1477 4247 1604 4302 odio
1635 4250 1732 4303 ha-

150 4318 347 4374 bentes
378 4330 432 4375 et
473 4328 784 4397 semetipsis
812 4332 1019 4388 inimici
1056 4334 1451 4393 fraudarentur
1471 4341 1592 4409 ejus
1625 4343 1727 4398 bo-

149 4410 260 4475 nis,
296 4413 441 4466 velut
474 4418 567 4485 qui
605 4418 892 4489 diligerent
922 4427 1086 4481 mala.

1841 3249 2019 3300 crare,
2051 3246 2214 3308 atque
2266 3241 2338 3295 ita
2390 3256 2584 3315 magna
2626 3265 2750 3302 cum
2804 3269 2962 3321 prece
3000 3260 3202 3315 oblatis
3250 3267 3420 3318 etiam

1841 3331 2183 3395 muneribus,
2219 3350 2343 3388 eum
2373 3340 2575 3406 populo
2612 3355 2832 3411 rogatur
2863 3347 3186 3409 abscedere.

1911 3418 2044 3473 LVI.
2073 3421 2246 3478 Simili
2277 3442 2408 3496 ergo
2437 3429 2600 3484 modo
2640 3434 2800 3488 etiam
2833 3454 2978 3493 nunc
3023 3457 3118 3510 per
3151 3461 3236 3499 me
3266 3448 3422 3502 video

1841 3513 1976 3579 geri.
2012 3513 2164 3568 Sicut
2195 3518 2340 3570 enim
2399 3529 2528 3574 tunc
2588 3524 2773 3596 Moyse
2827 3530 3083 3588 hortante
3139 3553 3319 3608 regem
3363 3553 3412 3594 ut

1840 3603 2088 3660 crederet
2124 3606 2248 3673 Deo,
2277 3612 2624 3669 obsistebant
2667 3620 2808 3690 magi
2854 3626 3011 3692 quasi
3051 3633 3421 3689 ostentatione

1841 3694 2103 3748 similium
2132 3700 2435 3768 signorum,
2462 3715 2513 3759 et
2537 3722 2567 3760 a
2598 3709 2777 3766 salute
2809 3713 3121 3773 incredulos
3162 3723 3413 3790 prohibe-

1838 3786 1990 3848 bant,
2027 3789 2100 3841 ita
2135 3803 2190 3845 et
2247 3809 2390 3847 nunc
2421 3812 2545 3850 cum
2577 3815 2676 3866 ego
2714 3805 2937 3858 exierim
2995 3809 3190 3867 docere
3229 3830 3421 3872 omnes

1838 3890 2028 3948 gentes
2058 3891 2115 3936 ut
2147 3887 2370 3941 credant
2409 3892 2538 3944 vero
2572 3890 2702 3958 Deo,
2738 3894 2924 3952 Simon
2962 3898 3149 3973 Magus
3185 3911 3414 3972 resistit,

1837 3970 2025 4023 eadem
2056 3987 2223 4043 agens
2251 3964 2541 4032 adversum
2571 3998 2674 4047 me,
2702 4002 2822 4052 qua:
2852 3997 2903 4041 et
2929 3991 3002 4043 illi
3030 4001 3159 4047 tunc
3187 4012 3416 4065 egerunt

1838 4062 2128 4118 adversum
2157 4066 2403 4138 Moysen,
2434 4082 2491 4125 ut
2522 4078 2566 4128 si
2599 4079 2689 4144 qui
2726 4091 2854 4135 sunt
2884 4100 2948 4138 ex
2996 4092 3276 4155 gentibus,
3322 4098 3416 4163 qui

1836 4171 1944 4209 non
1978 4161 2368 4230 rectojudicio
2421 4175 2685 4234 utuntur,
2739 4189 3075 4245 appareant,
3134 4187 3416 4243 salv.ntur

1837 4257 2019 4302 autem
2057 4252 2149 4320 qui
2180 4253 2460 4324 signorum
2492 4270 2705 4315 rectum
2754 4264 3050 4324 discrimen
3100 4273 3411 4336 habuerint.

1836 4337 1960 4395 llaec
1995 4343 2210 4400 dicente
2253 4345 2435 4412 Petro,
2469 4350 2655 4407 Niceta
2691 4362 2965 4426 respondit
3011 4383 3021 4417 :
3056 4365 3296 4422 Obsecro
3337 4381 3411 4434 te.

1835 4441 1894 4486 ut
1923 4434 1967 4487 si
1999 4436 2129 4504 quid
2161 4438 2226 4490 ad
2264 4443 2583 4496 memoriam
2616 4448 2782 4509 venit,
2810 4453 3094 4518 permittas
3132 4460 3260 4512 mihi
3289 4478 3415 4530 pro-

222 4499 626 4575 ιιινηοροτιει
656 4527 785 4582 ergo
814 4515 985 4571 bonos
1011 4518 1238 4590 diligere
1261 4538 1379 4578 eam
1403 4542 1573 4596 super
1602 4543 1720 4582 om.

222 4609 239 4621 ν.
316 4594 364 4621 LI
421 4607 498 4621 Α...
572 4617 664 4621 ____
713 4619 732 4621 η
799 4605 831 4621 ι.
879 4607 935 4621 ._.
1093 4612 1103 4621 .
1180 4613 1190 4621 .
1489 4620 1493 4621 ν

2015 4499 2029 4504 _
2752 4499 2782 4509 ν,
3289 4499 3412 4530 ,ηυ-

1841 4522 1996 4578 ferre.
2031 4523 2166 4579 Tum
2196 4526 2392 4586 Petrus
2423 4533 2724 4592 delectatus
2755 4557 2920 4610 super
2942 4547 3124 4601 studio
3168 4550 3412 4621 discipu-

151 4592 265 4654 nia,
315 4594 365 4647 id
417 4607 522 4663 est,
568 4617 736 4672 super
779 4605 1024 4672 divitias,
1054 4612 1307 4680 gloriam,
1346 4592 1610 4688 requiem,
1642 4638 1731 4690 pa-

151 4689 362 4761 rentes,
398 4689 760 4758 propinquos,
793 4697 1002 4752 amicos
1042 4711 1095 4754 et
1149 4718 1311 4760 omne
1357 4709 1578 4777 quodin
1626 4712 1730 4765 hoc

148 4775 357 4827 mundo
391 4786 496 4833 est.
533 4780 635 4845 Qui
670 4799 800 4838 vero
831 4789 1075 4855 perfecte
1108 4793 1287 4865 diligit
1319 4804 1726 4867 possessionem

145 4865 293 4922 hanc
339 4874 490 4941 regni
543 4875 831 4940 cmlorum.
881 4884 1102 4952 abjiciet
1161 4890 1281 4945 sine
1316 4891 1484 4947 dubio
1507 4912 1726 4953 omnem

144 4960 306 5013 mala:
337 4969 757 5026 consuetudinis
783 4988 966 5036 usum,
1000 4979 1409 5049 negligentiam,
1430 4985 1718 5051 desidiam,

144 5051 433 5118 malitiam,
461 5055 621 5120 iram,
649 5070 959 5132 cunctaque
991 5065 1076 5121 his
1107 5071 1326 5126 similia.
1359 5072 1493 5128 Nam
1522 5078 1568 5131 si
1591 5079 1723 5148 quid

144 5139 341 5194 horum
390 5149 698 5213 prietuleris
745 5154 816 5215 ei,
868 5164 1127 5225 tanquam
1172 5164 1264 5231 qui
1298 5166 1420 5234 plus
1461 5167 1722 5227 dilexeris

144 5237 377 5302 propriae
405 5238 646 5296 libidinis
670 5244 798 5296 vitia
828 5263 991 5315 quam
1019 5249 1207 5317 Deum,
1225 5252 1293 5308 ad
1313 5262 1720 5326 possessionem

143 5328 296 5396 regni
332 5330 573 5387 caelestis
606 5339 892 5403 pervenire
933 5359 1041 5396 non
1076 5348 1303 5414 poteris,
1344 5353 1471 5419 quia
1509 5363 1562 5407 et
1590 5373 1719 5412 vere

143 5420 372 5474 stultum
403 5430 515 5487 est;
543 5426 747 5499 aliquid
778 5434 899 5500 plus
947 5449 1132 5492 amare
1163 5456 1326 5508 quam
1370 5443 1560 5500 Deum.
1593 5447 1719 5505 Sive

142 5516 288 5566 enim
331 5526 589 5584 parentes
645 5531 795 5587 sunt,
847 5529 1190 5598 moriuntur;
1225 5535 1340 5590 sive
1401 5529 1712 5613 propinqui,

141 5621 251 5662 non
282 5598 641 5682 permanent;
674 5617 790 5674 sive
835 5623 1020 5688 amici,
1075 5636 1380 5684 mutantur.
1418 5632 1580 5687 Solus
1631 5617 1744 5691 est.

207 5766 231 5796 ³
257 5765 428 5824 Exod.
454 5787 552 5832 vn.
583 5749 701 5830 vm.
769 5779 793 5810 ‘
836 5778 1008 5836 Exod.
1038 5796 1159 5844 vni,
1195 5785 1278 5843 l9.
1396 5788 1413 5815 '
1448 5788 1617 5846 Exod.
1658 5809 1753 5850 sn.

1833 4617 2037 4670 lorum:
2078 4619 2192 4681 Die,
2215 4609 2414 4693 inquit,
2447 4629 2592 4695 quod
2625 4630 2729 4686 vis.

1903 4709 2061 4766 LVll.
2095 4713 2158 4767 Et
2183 4713 2372 4770 Niceta
2405 4720 2510 4771 ait:
2548 4719 2688 4786 Quid
2722 4739 3018 4792 peccavere
3051 4731 3316 4804 Egyptii,
3364 4743 3410 4794 si

1829 4813 1937 4852 non
1969 4802 2320 4858 crediderunt
2352 4805 2546 4878 Moysi,
2583 4826 2706 4865 cum
2735 4821 2788 4866 et
2829 4820 2969 4887 magi
3023 4824 3220 4877 similia
3253 4831 3410 4897 signa

1828 4890 2079 4958 fecerint,
2107 4897 2322 4952 etiamsi
2358 4902 2678 4958 viderentur
2706 4912 2886 4977 potius
2922 4915 3035 4969 fieri
3069 4935 3231 4987 quam
3267 4928 3411 4978 veri-

1833 4993 1944 5041 tate
1969 4988 2200 5045 lierent?
2225 4992 2358 5047 Nam
2385 5006 2437 5050 et
2465 4999 2508 5051 si
2533 5015 2632 5069 ego
2658 5001 2880 5058 fuissem
2910 5016 3060 5075 tunc,
3089 5029 3151 5067 ex
3181 5032 3245 5068 eo
3264 5024 3407 5087 quod

1833 5079 1974 5147 magi
2008 5080 2208 5136 similia
2239 5084 2533 5154 faciebant,
2567 5109 2750 5151 nonne
2779 5107 2871 5151 aut
2921 5100 3140 5173 Moysen
3190 5124 3405 5180 magum

1831 5171 2212 5240 credidissem,
2247 5190 2545 5252 autmagos
2575 5203 2697 5256 qua:
2727 5194 3110 5263 ostendebant,
3143 5199 3407 5259 divinitus

1830 5263 2011 5318 facere
2042 5275 2362 5337 putassem?
2393 5279 2519 5346 quia
2553 5295 2660 5334 non
2699 5286 2830 5338 mihi
2863 5289 3159 5362 verisimile
3194 5294 3406 5350 videre-

1830 5365 1940 5420 tur,
1975 5359 2096 5414 licet
2123 5378 2219 5430 per
2251 5367 2614 5442 phantasiam,
2645 5378 2833 5432 eadem
2866 5388 3044 5441 tamen
3071 5383 3208 5439 ellici
3237 5402 3266 5440 a
3291 5404 3408 5442 ma-

1829 5451 1910 5517 gis
1943 5468 2125 5521 posse,
2158 5473 2280 5526 qua:
2308 5461 2399 5516 ille
2421 5465 2512 5532 qui
2543 5481 2572 5518 a
2599 5466 2708 5523 Deo
2737 5472 2941 5528 missus
2973 5485 3078 5540 est,
3122 5489 3404 5548 perpetra-

1827 5545 1938 5599 bat.
1968 5548 2031 5601 Et
2066 5568 2213 5607 nunc
2233 5571 2364 5626 ergo
2389 5559 2519 5628 quid
2551 5574 2782 5631 peccant
2812 5567 2862 5621 hi
2889 5570 2979 5638 qui
3017 5545 3233 5628 Simoni
3279 5591 3402 5630 cre-

1825 5641 1984 5707 dunt,
2020 5661 2142 5700 cum
2169 5647 2389 5706 rideant
2419 5669 2542 5710 eum
2577 5663 2727 5712 tanta
2761 5659 2940 5718 facere
2958 5664 3268 5722 mirabilia?
3291 5669 3402 5725 Aut
