4050 6336
683 398 822 454 1307

1564 399 1622 452 S.
1663 395 2060 452 CLI‘ZMENTIS
2095 396 2110 450 Ι
2148 395 2315 450 ΗΘΜ.
2353 387 2555 453 PONT.
2587 399 2812 454 OPEIM
2855 399 3082 458 IlUIlIA.

3821 405 3947 460 131-8

681 531 788 569 non
821 523 908 570 est
942 515 1191 569 mirabile
1220 529 1318 586 per
1341 531 1518 569 aerem
1547 518 1757 580 volare,
1800 518 1913 587 igni
1952 517 2246 570 admistum
2277 517 2322 572 Α
2352 517 2586 584 gmentis
2629 518 2892 573 virtutum
2926 520 3233 574 movebitur
3258 521 3333 577 ad
3374 521 3717 585 secundum,
3763 531 3826 575 et
3888 538 3943 573 ex

677 625 850 665 unum
873 625 1073 679 corpus
1095 608 1253 670 caici,
1305 609 1489 663 facere
1532 617 1744 666 statuas
1796 609 2029 678 ingredi,
2083 624 2252 662 canes

670 713 851 752 terens
896 698 1116 765 latrare,
1147 708 1202 753 et
1237 701 1343 753 alia
1375 699 1461 753 bis
1483 701 1704 762 similia,
1747 715 1870 770 qua
1897 701 2087 769 utique
2137 699 2252 754 dis-

675 793 978 846 cretionem
1009 786 1385 848 nescientibus
1434 795 1571 847 satis
1601 795 1738 847 mira
1765 794 1936 847 sunt?
1967 792 2073 849 Sed
2103 801 2160 846 et
2183 793 2250 848 de

679 886 953 954 lapidibus
976 887 1130 941 visus
1153 896 1239 942 est
1267 903 1436 957 panes
1462 887 1658 942 facere.
1689 886 1842 952 Quod
1870 887 1917 942 si
1946 895 2134 958 peccat
2153 887 2248 956 qui

671 982 830 1048 signa
874 978 1202 1039 facientibus
1254 979 1464 1042 credit,
1495 979 1771 1048 quoinodo
1828 994 1936 1033 non
1989 993 2248 1048 peccasse

673 1073 952 1128 videbitur
999 1083 1053 1126 et
1104 1075 1171 1135 is,
1237 1074 1332 1142 qui
1396 1071 1623 1128 Domino
1691 1081 1882 1127 nostro
1931 1087 2029 1141 pro
2075 1073 2247 1142 signis

666 1174 728 1216 et
758 1165 1053 1218 virtutibus
1076 1162 1346 1217 credidit?

748 1255 927 1310 LVIII.
964 1256 1031 1310 Et
1064 1256 1257 1311 Petrus
1289 1258 1396 1310 ait:
1444 1256 1702 1310 Libenter
1745 1256 1958 1326 accipio
2005 1256 2149 1326 quod
2179 1257 2246 1309 de.

676 1351 913 1401 veritate
944 1348 1010 1401 ad
1045 1349 1307 1403 amussim
1341 1349 1602 1417 requiris.
1629 1357 1683 1401 et
1713 1348 2094 1416 impedimenta
2120 1347 2243 1400 ﬁdei

675 1438 728 1489 iu
769 1439 948 1490 anima
975 1445 1066 1491 tua
1102 1439 1273 1492 latere
1305 1453 1411 1491 non
1446 1437 1673 1506 pateris.
1714 1436 1863 1491 Unde
1892 1443 1946 1490 et
1979 1425 2242 1490 medelam

667 1529 934 1598 consequi
955 1529 1111 1583 facile
1133 1536 1308 1597 potes.
1337 1527 1630 1582 Meministi
1656 1527 1800 1596 quod
1829 1528 1984 1597 pejus
1999 1529 2242 1581 omnium

670 1635 796 1673 esse
830 1621 966 1677 dixi.
1002 1635 1126 1673 cum
1159 1619 1283 1688 quis
1313 1619 1537 1688 negligit
1566 1618 1712 1686 quod
1740 1618 1844 1673 sibi
1893 1617 2111 1688 expedit
2159 1616 2243 1669 dia

666 1711 868 1765 scere?
896 1709 960 1763 Et
1007 1707 1195 1762 Niceta
1249 1711 1561 1779 respondit:
1617 1709 1854 1763 Memini.
1900 1707 2132 1763 Petrus:
2177 1704 2243 1761 Et

671 1814 891 1852 rursum
915 1797 1058 1866 quod
1108 1797 1249 1852 Deus
1294 1800 1590 1853 occultavit
1629 1799 1913 1853 veritatem
1967 1814 2145 1862 suam,
2179 1807 2239 1851 ut

663 1906 789 1942 eam
822 1890 908 1944 his
937 1891 1029 1960 qui
1063 1906 1122 1945 se
1156 1889 1392 1944 fideliter
1418 1899 1723 1953 sectantur,
1753 1891 2003 1961 aperiat?
2054 1889 2118 1944 Et
2149 1890 2242 1944 Ni-

666 1991 821 2033 ccta:
881 1980 958 2034 Ne
1012 1981 1114 2034 hoc
1156 1982 1376 2051 quidem
1404 1982 1608 2036 oblitus
1640 1998 1781 2036 sum.
1843 1980 1980 2036 Tum
2007 1980 2236 2035 Petrus:

664 2073 811 2139 Quid
845 2089 976 2142 ergo
999 2082 1180 2143 putas,
1210 2076 1337 2144 quia
1366 2075 1417 2128 in
1455 2083 1656 2129 terram
1689 2073 1962 2130 defossam
2007 2076 2243 2129 abscon-

669 2165 811 2216 derit
843 2163 984 2217 Deus
1015 2164 1296 2219 veritatem
1315 2173 1367 2219 et
1392 2171 1605 2218 montes
1639 2165 1684 2218 ei
1717 2167 2146 2234 superposuerit,
2182 2174 2241 2218 ut

672 2256 741 2311 ab
767 2255 852 2311 his
873 2255 966 2325 qui
992 2257 1042 2309 in
1073 2255 1400 2326 profundum
1428 2257 1615 2312 fodere
1637 2258 1838 2318 valent,
1862 2260 2241 2313 tantummodo

669 2348 903 2402 inveniri
937 2348 1152 2420 possit?
1192 2348 1308 2402 Non
1354 2349 1425 2400 ita
1455 2357 1539 2401 est
1563 2389 1577 2410 ,
1621 2349 1715 2401 sed
1749 2348 1893 2402 sicut
1925 2357 2137 2403 montes
2188 2359 2239 2403 ct

668 2447 872 2491 terram
902 2439 1027 2492 emli
1071 2440 1276 2493 ambitu
1329 2439 1710 2500 circumdedit,
1773 2439 1843 2490 ita
1873 2447 1926 2490 et
1956 2438 2235 2492 veritatem

669 2532 957 2584 charitatis
1010 2547 1123 2585 sua:
1170 2532 1436 2584 velamine
1478 2529 1739 2590 contexit,
1773 2538 1830 2580 ut
1878 2528 1969 2582 ille
2013 2529 2079 2581 ad
2119 2544 2237 2582 eam

662 2623 818 2676 solus
850 2622 1132 2690 pervenire
1155 2622 1352 2690 possit,
1382 2622 1474 2692 qui
1500 2622 1655 2690 prius
1681 2621 1906 2690 januam
1927 2620 2238 2675 dilectionis

667 2715 868 2767 divinae
895 2714 1215 2783 pulsaverit.

739 2803 872 2859 LIX.
909 2803 1117 2858 Etenim
1146 2804 1289 2872 quod
1329 2803 1479 2873 prius
1519 2804 1703 2859 dicere
1749 2820 2052 2878 cmperam,
2087 2805 2236 2874 paria

661 2899 910 2966 quaedam
973 2897 1098 2952 huic
1148 2897 1352 2950 mundo
1397 2897 1709 2953 destinasse
1769 2899 1971 2954 Deum:
2023 2901 2111 2953 ille
2143 2899 2235 2969 qui

670 2994 876 3060 primus
902 3007 965 3043 ex
995 2989 1216 3058 paribus
1245 2992 1412 3055 venit,
1447 3005 1477 3042 a
1507 2991 1650 3042 malo
1682 3002 1791 3053 est,
1819 2991 1913 3060 qui
1937 2992 2233 3054 secundus,

667 3103 694 3136 a
727 3086 892 3140 liono.
918 3083 974 3135 In
996 3085 1108 3152 ῖτιιο
1139 3083 1434 3150 unicuique
1478 3081 1762 3136 hominum
1818 3076 1953 3153 justi
2014 3085 2234 3139 occasio

2355 605 2766 675 comparatione
2789 623 2912 678 qua:
2933 609 3046 664 sint
3075 609 3289 679 potiora
3310 609 3715 680 deprehendet,
3747 626 3941 682 quam.

2349 697 2436 752 vis
2457 697 2747 753 manil‘esta
2767 699 3078 756 habeantur
3097 701 3303 757 indicia
3325 703 3468 774 apud
3489 705 3751 760 eruditos
3777 721 3946 775 quos-

2350 803 2481 859 que,
2507 790 2649 845 sicut
2672 807 2770 862 per
2801 792 3014 848 ordinis
3043 797 3491 864 consequentiam
3528 795 3948 852 dmonstravi-

2351 896 2494 936 mus.
2550 881 2608 936 Si
2638 899 2770 938 vero
2797 893 3054 955 tanquam
3103 901 3274 942 sanus
3303 889 3427 957 quis
3464 897 3521 943 et
3570 889 3672 960 qui
3725 891 3946 945 lucilius

2349 988 2460 1028 non
2494 973 2759 1044 indigeat,
2797 991 2906 1030 non
2930 985 3016 1031 est
3060 987 3368 1033 comnotus
3401 978 3470 1032 ad
3519 980 3774 1049 primum
3805 1019 3826 1044 ,
3875 984 3944 1034 rei

2349 1065 2522 1132 ipsius
2546 1069 2954 1134 perseverantia
2990 1067 3349 1122 suscitabitur
3369 1068 3438 1121 ad
3462 1069 3812 1134 secundum,
3842 1072 3948 1125 dis-

2350 1157 2786 1227 tinctionemque
2841 1159 3123 1229 signorum
3163 1168 3220 1213 et
3266 1160 3597 1215 mirabilium
3654 1161 3835 1216 faciet
3895 1163 3945 1216 in

2348 1246 2495 1301 hunc
2525 1247 2747 1301 modum
2781 1248 2925 1319 (94):
2963 1248 3058 1304 Ille
3083 1251 3177 1319 qui
3214 1266 3244 1303 a
3274 1251 3417 1306 malo
3445 1261 3555 1317 est,
3609 1255 3782 1324 signa
3825 1269 3948 1325 qua

2346 1337 2498 1400 facit,
2531 1339 2665 1392 nulli
2697 1349 2970 1409 prosunt;
3004 1343 3096 1396 illa
3119 1357 3253 1397 vero
3283 1359 3404 1414 qua:
3437 1344 3571 1400 facit
3601 1347 3823 1411 bonus,
3849 1349 3947 1403 ho-

2348 1428 2586 1485 minibus
2613 1442 2867 1500 prosunt.

2417 1521 2530 1576 LX.
2561 1523 2695 1576 Nam
2735 1524 2845 1586 die,
2879 1541 3084 1595 quaeso,
3115 1543 3240 1595 qua:
3266 1528 3474 1583 utilitas
3511 1540 3598 1585 est
3640 1533 3943 1586 ostendere

2345 1622 2558 1672 statuas
2581 1619 2945 1684 ambulantes,
2975 1620 3175 1676 latrare
3212 1638 3386 1681 tereos
3420 1634 3514 1677 aut
3547 1625 3808 1694 lapideos
3849 1641 3940 1680 ca-

2346 1724 2466 1772 nes,
2491 1711 2657 1765 salire
2691 1721 2929 1776 montes,
2975 1714 3162 1769 volare
3210 1731 3305 1784 per
3340 1730 3544 1779 aerem,
3597 1727 3658 1772 et
3706 1719 3821 1771 alia
3861 1720 3940 1774 his

2344 1802 2571 1865 similia,
2597 1820 2719 1874 qua:
2747 1805 2933 1861 dicitis
2971 1807 3166 1864 fecisse
3200 1808 3522 1866 Simonem?
3563 1811 3707 1876 Qua:
3750 1823 3938 1865 autem

2345 1908 2376 1945 a
2409 1895 2554 1949 bono
2583 1905 2732 1958 sunt,
2758 1897 2824 1950 ad
2862 1898 3145 1953 hominum
3182 1902 3414 1956 salutem
3465 1901 3831 1963 deferuntur,
3889 1917 3938 1954 ut

2345 2000 2473 2041 sunt
2505 1988 2594 2041 illa
2625 2005 2746 2058 qua:
2777 1988 2907 2044 fecit
2933 1973 3434 2060 Doniinus'noster,
3461 1995 3557 2064 qui
3582 1994 3718 2049 fecit
3749 2009 3935 2048 eccos

2342 2079 2550 2143 videre,
2594 2080 2720 2134 fecit
2742 2083 2940 2138 surdos
2974 2085 3186 2147 audire,
3221 2085 3431 2140 debiles
3453 2094 3508 2140 et
3530 2085 3773 2141 claudos
3813 2102 3936 2139 ere»

2345 2174 2444 2237 xit,
2479 2175 2768 2244 languores
2793 2181 2848 2228 et
2877 2175 3156 2232 daemones
3187 2178 3470 2248 eﬂugavit,
3496 2187 3757 2232 mortuos
3808 2178 3936 2232 fecit

2344 2279 2652 2334 resurgere,
2685 2274 2737 2319 ct
2761 2266 2866 2319 alia
2889 2267 2975 2320 his
3000 2269 3201 2322 similia
3229 2284 3349 2339 qua:
3369 2269 3537 2322 etiam
3563 2285 3668 2336 per
3700 2286 3789 2324 me
3819 2269 3931 2323 ﬁeri

2344 2355 2562 2410 videtis.
2595 2352 2700 2410 Ista
2731 2371 2862 2426 ergo
2892 2356 3045 2427 signa
3073 2374 3193 2426 qua:
3247 2360 3314 2413 ad
3357 2359 3595 2412 salutem
3643 2359 3930 2412 hominum

2342 2453 2573 2514 prosunt
2612 2455 2667 2500 et
2699 2447 2906 2516 aliquid
2935 2449 3062 2502 boni
3092 2448 3406 2504 hominibus
3446 2439 3786 2511 conferunt,
3820 2467 3930 2503 ma-

2343 2535 2522 2603 lignus
2573 2534 2751 2588 facere
2793 2551 2901 2590 non
2938 2546 3145 2606 potest,
3183 2539 3288 2592 nisi
3338 2539 3392 2592 in
3424 2540 3528 2593 fine
3561 2541 3759 2593 mundi
3813 2551 3930 2592 tau-

2342 2634 2453 2675 tum
2484 2623 2618 2692 (95).
2647 2623 2801 2678 Tunc
2819 2627 2964 2678 enim
2989 2628 3296 2682 admiscere
3321 2629 3370 2681 ei
3395 2629 3928 2698 concedeturaliqua

2340 2715 2506 2767 etiam
2537 2716 2604 2768 de
2653 2715 2864 2770 dextris
2915 2717 3112 2786 signis,
3164 2718 3215 2771 id
3265 2727 3385 2781 est,
3421 2720 3596 2773 utch
3650 2721 3929 2775 dmnones

2341 2805 2510 2876 fuget.
2550 2807 2630 2860 vel
2656 2809 3014 2877 aegritudines
3046 2820 3222 2873 sanet,
3246 2818 3300 2864 et
3333 2821 3557 2880 propter
3611 2811 3722 2865 hoc
3743 2853 3760 2876 ,
3806 2823 3926 2865 tan-

2338 2917 2501 2968 quam
2527 2903 2617 2970 qni
2648 2903 2951 2956 excesserit
2971 2903 3238 2956 terminos
3259 2919 3390 2957 suos
3413 2913 3468 2957 ct
3485 2906 3540 2957 in
3563 2907 3923 2976 semetipsum

2339 2989 2548 3044 divisus
2580 2991 2671 3052 sit,
2703 3007 2764 3044 ac
2801 2993 3157 3061 semetipsum
3213 2993 3638 3063 impugnavcrit,
3675 2996 3925 3049 destrue-

2341 3094 2450 3135 tur.
2479 3081 2542 3134 Et
2576 3092 2864 3151 propterea
2898 3083 3161 3139 Dominus
3207 3085 3480 3153 prmdisit,
3516 3088 3571 3139 in
3600 3089 3920 3141 novissimis

659 3177 852 3244 jndicii
887 3177 1069 3236 datur,
1106 3175 1219 3228 sive
1251 3174 1484 3243 simplex
1538 3175 1628 3229 ille
1676 3178 1766 3239 sit,
1822 3177 1936 3230 sive
1973 3178 2229 3246 prudens.
2261 3179 2306 3238 ο
2339 3175 2677 3244 temporibus
2709 3177 3064 3229 tentationem
3089 3175 3325 3229 futuram
3361 3178 3521 3230 talem
3561 3179 3754 3247 in‘qua
3776 3179 3921 3230 deci-

663 3267 800 3320 Nam
834 3269 878 3321 si
913 3268 1142 3336 simplex
1181 3273 1266 3320 est
1320 3278 1374 3320 et
1407 3267 1704 3320 crediderit
1759 3267 1837 3321 illi
1878 3269 1970 3338 qui
2025 3270 2232 3338 primus

663 3361 836 3421 venit.
865 3360 1036 3428 signis
1054 3359 1199 3412 enim
1232 3371 1288 3411 ct
1347 3359 1607 3428 prodigiis
1650 3367 1852 3424 motus,
1886 3376 2109 3414 necesse
2152 3373 2235 3416 est

664 3451 853 3504 eadem
899 3451 1130 3512 ratione,
1185 3452 1429 3503 utetiam
1481 3450 1555 3501 illi
1606 3451 1696 3518 qui
1729 3451 1970 3505 secundo
1999 3452 2232 3518 venerit,

661 3541 881 3605 credat;
907 3542 1080 3610 signis
1101 3541 1246 3595 enim
1277 3548 1331 3594 et
1361 3540 1622 3610 prodigiis
1648 3543 1967 3597 suadebitur
1987 3555 2040 3598 et
2062 3559 2229 3608 nunc,

661 3633 808 3684 sicut
854 3633 1024 3699 prius.
1085 3631 1222 3684 Cum
1253 3647 1385 3684 vero
1439 3632 1736 3685 crtdiderit
1792 3633 1918 3688 huic
1963 3635 2229 3697 secundo,

665 3724 844 3776 discet
871 3723 938 3776 ab
958 3737 1022 3775 eo
1049 3722 1193 3790 quod
1241 3722 1418 3791 primo
1449 3722 1526 3775 illi
1555 3724 1648 3792 qui
1680 3739 1709 3774 a
1740 3725 1882 3778 malo
1911 3727 2076 3790 venit,
2108 3741 2228 3780 cre-

664 3817 793 3869 dere
824 3831 930 3868 non
958 3815 1174 3877 debeat,
1208 3824 1262 3868 et
1288 3815 1361 3867 ita
1385 3816 1584 3884 prioris
1612 3832 1768 3870 error
1798 3817 2021 3871 secundi
2043 3834 2230 3872 emen-

663 3908 886 3960 datione
913 3906 1227 3975 corrigitur.
1262 3904 1318 3960 Si
1347 3922 1474 3961 vero
1503 3910 1630 3976 quia
1663 3910 1837 3978 primo
1858 3909 2115 3966 credidit.
2146 3927 2232 3965 se-

662 3999 903 4051 cundum
929 3999 1176 4064 recipere
1203 3998 1462 4060 noluerit,
1502 4000 1696 4052 merito
1729 4008 1788 4052 ut
1831 4000 2070 4068 injustus
2100 4018 2230 4056 eou—

663 4092 1048 4156 dcmnabitur;
1103 4090 1365 4157 iujustum
1411 4092 1554 4144 enim
1608 4102 1721 4155 est,
1776 4101 1834 4146 ut
1882 4109 2006 4148 cum
2059 4097 2232 4163 primo

665 4186 886 4248 propter
913 4179 1067 4246 signa
1091 4179 1412 4236 crediderit.
1446 4181 1686 4234 secundo
1713 4183 1903 4236 eadem
1929 4192 2022 4254 aut
2068 4187 2228 4240 etiam

665 4273 871 4340 potiora
907 4269 1102 4323 fcrenti
1127 4271 1282 4340 signa
1315 4287 1420 4326 non
1453 4273 1662 4328 credat.
1714 4273 1771 4327 Si
1806 4291 1935 4332 vero
1973 4291 2081 4331 non
2114 4294 2232 4333 cre-

663 4364 800 4416 didit
827 4363 1026 4430 primo.
1059 4377 1406 4431 consequens
1433 4374 1538 4424 est.
1573 4373 1631 4418 ut
1657 4367 1735 4420 vel
1767 4368 1820 4421 in
1846 4369 2090 4423 secundo
2113 4386 2228 4425 mo-

661 4464 852 4506 veatur
875 4453 940 4505 ad
975 4453 1326 4506 credendum.
1357 4455 1538 4525 Neque
1557 4456 1701 4508 enim
1731 4457 1783 4510 in
1808 4465 2022 4512 tantum
2045 4461 2228 4516 animo

2338 3268 2579 3337 piantur,
2621 3269 2667 3321 si
2711 3267 2823 3322 fieri
2856 3277 3058 3337 potest,
3091 3270 3255 3322 etiam
3281 3268 3470 3334 electi;
3521 3269 3780 3323 confusis
3821 3274 3919 3324 sci-

2340 3361 2466 3412 licet
2499 3361 2716 3413 indiciis
2749 3361 3031 3429 signorum
3057 3361 3363 3430 perturbari
3391 3376 3618 3415 necesse
3652 3371 3738 3416 cst
3758 3361 3922 3415 etiam

2335 3465 2451 3511 eos,
2479 3451 2569 3518 qui
2599 3450 2651 3502 in
2682 3450 3063 3504 discernendis
3087 3451 3394 3518 spiritibus,
3427 3465 3489 3502 ac
3511 3452 3923 3521 distinguendis

2335 3541 2633 3596 virtutibus
2665 3541 2916 3597 videntur
2944 3541 3173 3596 eruditi.

2404 3631 2538 3706 L_Xl.
2579 3632 2772 3688 Decem
2805 3649 2935 3702 ergo
2961 3635 3334 3702 quzedisimus
3358 3634 3534 3704 paria,
3561 3634 3695 3687 huic
3720 3636 3924 3689 mundo

2337 3725 2610 3778 destinata
2643 3733 2772 3777 sunt
2794 3726 2864 3778 ab
2886 3725 3044 3778 initio
3067 3726 3276 3779 saeculi.
3309 3723 3443 3779 Cain
3477 3734 3532 3779 et
3573 3727 3712 3781 Abel
3752 3743 3919 3778 unum

2336 3816 2437 3867 fuit
2471 3830 2594 3884 par;
2623 3815 2922 3868 secundum
2946 3831 3081 3869 vero
3104 3816 3384 3885 gigantum
3432 3823 3488 3868 et
3510 3815 3625 3869 Noe
3649 3859 3666 3882 ,
3693 3818 3918 3868 tertium

2336 3905 2638 3960 Pharaonis
2666 3914 2721 3960 et
2749 3906 3056 3972 Abraham;
3091 3915 3346 3974 quartum
3395 3906 3824 3961 Philistinorum
3869 3917 3919 3959 et

2335 3997 2522 4059 Isaac;
2553 3995 2806 4064 quintum
2839 3993 2983 4048 Esau
3028 3993 3329 4058 ctulacob;
3364 4007 3582 4048 senum
3630 4010 3917 4064 magorum

2333 4098 2385 4140 ct
2419 4088 2749 4157 legislatoris
2783 4086 2996 4156 Moysi;
3050 4087 3344 4156 septimum
3396 4087 3695 4140 teutatoris
3717 4094 3772 4138 et
3797 4083 3914 4138 Filii

2336 4179 2602 4246 hominis;
2625 4189 2875 4232 octavum
2903 4179 3143 4233 Simonis
3166 4186 3220 4233 et
3254 4194 3456 4242 meum,
3487 4176 3676 4244 Petri;
3711 4195 3911 4232 nonum

2333 4273 2576 4326 omnimn
2607 4271 2873 4342 gentium.
2917 4279 2972 4325 et
3002 4272 3152 4325 illius
3201 4272 3294 4340 qui
3340 4271 3589 4324 mittetur
3642 4270 3914 4324 seminare

2335 4364 2561 4418 verbum
2598 4363 2740 4418 inter
2763 4372 2988 4432 gentes;
3010 4363 3285 4416 decimum
3314 4362 3643 4416 Antichristi
3674 4374 3729 4417 et
3757 4362 3906 4416 Chri-

2335 4456 2427 4518 sti,
2461 4454 2530 4508 de
2557 4454 2759 4524 quibus
2782 4453 3005 4521 paribus
3035 4452 3172 4506 alias
3205 4453 3359 4506 vobis
3389 4466 3483 4519 per
3505 4451 3726 4520 singula
3753 4452 3911 4503 latius

657 4545 837 4603 stetit,
865 4551 924 4595 ut
955 4541 1301 4610 ingeminatis
1330 4519 1674 4596 mirabilibus
1703 4559 1809 4597 non
1834 4547 2013 4598 valeat
2051 4547 2224 4600 susci-
2257 4519 2308 4578 υ
2333 4519 2697 4617 exponemuﬂ
2726 4519 2795 4597 Et
2819 4559 2945 4597 cum
2978 4544 3093 4597 hac
3111 4544 3320 4596 diceret
3349 4541 3568 4603 Petrus,
3592 4542 3791 4611 Aquila
3821 4545 3908 4594 ait:

659 4636 786 4688 tari.
817 4633 870 4686 Si
906 4648 1036 4686 vero
1066 4634 1306 4702 prudens
1339 4648 1444 4694 est,
1484 4636 1870 4690 discretionem
1918 4646 2097 4707 potest
2127 4655 2223 4692 ca-

660 4743 790 4798 pere
819 4729 1120 4797 signorum.
1149 4724 1214 4779 Et
1243 4727 1289 4780 si
1330 4727 1546 4796 quidam
1597 4729 1775 4798 primo
1816 4730 2080 4794 credidit,
2129 4748 2227 4784 au-

2333 4637 2476 4694 Vere
2503 4639 2723 4694 assidua
2756 4637 3004 4692 doctrina
3033 4653 3174 4706 opus
3202 4646 3307 4695 est.
3342 4646 3399 4690 ut
3430 4635 3498 4690 de
3525 4634 3767 4704 singulis
3794 4651 3910 4706 pos-

2336 4733 2410 4787 sit
2433 4733 2559 4803 quis
2583 4730 2727 4786 scire
2761 4733 3048 4785 rationem.

1947 4884 2312 4940 COTELERII
2375 4884 2607 4942 ΝΟΤιΕ.

728 5061 837 5146 (94)
873 5060 1373 5146 Distinctionemqgc
1400 5061 1693 5146 signarunt,
1725 5060 2116 5146 etutirqbiliuut
2138 5061 2228 5130 fa-

654 5130 775 5200 ciet,
804 5130 856 5187 ῐη
886 5135 1020 5185 hunc
1048 5131 1276 5185 modum.
1301 5131 1470 5200 Quem
1490 5131 1725 5200 modum
1762 5130 1888 5184 hinc
1919 5131 2101 5185 hausit
2130 5148 2230 5184 au-

656 5199 780 5260 ctor
815 5203 998 5272 Operis
1031 5203 1319 5270 imperfecti
1347 5203 1400 5254 in
1447 5199 1780 5261 Matthwum,
1827 5202 1892 5253 ad
1928 5217 2022 5266 vn,
2056 5201 2144 5264 16,
2172 5211 2226 5272 et

656 5293 804 5342 xxiv,
834 5273 925 5338 24,
959 5290 1054 5327 seu
1083 5275 1268 5328 homil.
1296 5273 1360 5327 l9
1389 5273 1553 5342 etM).
1587 5273 1843 5342 Idemque
1865 5272 2140 5342 profertur
2159 5271 2228 5326 ab

653 5340 912 5417 Origene,
939 5360 974 5398 ιι
1001 5347 1052 5417 in
1072 5341 1488 5417 Cy_lxum,_p._94,
1518 5351 1616 5410 sta
1640 5340 1908 5417 Procopio
1936 5341 2129 5417 Ganeo
2157 5343 2224 5396 ad

655 5413 818 5474 Num.
853 5432 998 5477 xxiv,
1030 5416 1082 5469 8.
1111 5414 1219 5469 Ncc
1252 5414 1399 5467 aliud
1432 5423 1628 5466 sonant
1660 5414 1762 5466 ista
1796 5413 2071 5466 Theodori
2094 5413 2226 5466 Stu-

652 5490 815 5568 dit:e,_
834 5487 1105 5568 catechesi
1323 5483 1513 5568 [lauat
1544 5483 1823 5568 πρρςέἧται.
1854 5482 2230 5568 ἐξεληξύθασιγ

654 5563 736 5622 εἰς
766 5559 857 5612 τὸν
889 5559 1108 5628 κόσμον·
1128 5555 1275 5628 ἀλλὰ
1294 5555 1401 5625 γὰρ
1430 5556 1523 5628 xui.
1555 5553 2033 5628 municipaton
2053 5571 2111 5628 τε
2136 5554 2231 5628 κει).

649 5631 752 5693 τὰς
779 5629 931 5693 θείας
963 5623 1180 5692 ἐντολὰς
1217 5623 1651 5697 διᾳκρίξυόμξγοι.
1695 5623 1862 5697 ndidi
1899 5641 1958 5697 τε
1996 5626 2091 5697 καὶ
2132 5623 2227 5677 νῦν

654 5690 1147 5772 παρεχῳρήθησαν,
1166 5690 1174 5692 “
1193 5696 1325 5772 ,καθ’
1348 5690 1462 5772 ei};
1480 5690 1601 5772 ὀἷδξ
1611 5695 1933 5772 μτρρπουςῌή
1979 5695 2225 5772 πρόγοεαΣ

653 5765 857 5852 σημεῘᾶ
881 5765 959 5821 ’τὲ
1007 5765 1101 5820 iul.
1123 5767 1350 5852 .fépg‘ra
1378 5765 1822 5852 .éﬁf‘p‘3'&§5003t;
1855 5765 1996 5852 1361's
2028 5765 2118 5852 οὐ,
2147 5765 2230 5852 δεῖ

2330 5060 2441 5133 ﬁnd
2483 5060 2578 5113 τοῦ
2623 5061 2828 5133 Κυρίου
2860 5060 3214 5133 Δχαρφςττῆρθς
3259 5060 3573 5133 δοκιμάζειν
3610 5066 3740 5128 τοῦς
3781 5083 3902 5133 τνη-

2333 5077 2437 5113 om
2483 5077 2578 5113 του
2625 5077 2828 5131 nuptas
2869 5077 3214 5183 χαμκτηὲθς
3259 5077 3573 5133 compagem:
3610 5077 3740 5128 τοὺς
3781 5083 3902 5138 γνη-

2333 5130 2608 5208 σιεροντας
2659 5131 2923 5208 μαθητάς.
2976 5131 3102 5208 Τίς*
3147 5132 3170 5182 ὲ
3276 5134 3603 5208 χλιρυετήρςί
3632 5137 3692 5187 ἐν
3743 5137 3902 5208 τοιίτφ

2329 5202 2461 5273 (loco!
2502 5200 2800 5273 γικξλςόνταί
2843 5201 3039 5273 πάντες
3079 5201 3157 5253 ὅτι
3207 5200 3606 5273 ἐμά’μαοηίὲαἰ
3647 5200 3902 5270 ἐστε,ἑῦ

2328 5269 2733 5352 ἀγέπνὲχητξ
2765 5275 2822 5352 e
2851 5271 3117 5352 ἀλλήλο.ι.τε

2394 5341 2504 5415 (A957)
2544 5341 2668 5394 Nisi
2694 5344 2746 5395 in
2769 5346 2873 5412 ﬁuc
2895 5341 3076 5395 mundi
3103 5351 3332 5415 tantum.
3358 5341 3526 5415 Signa
3546 5362 3672 5415 quze
3700 5347 3770 5401 ab
3797 5349 3903 5402 An-

2329 5410 2588 5466 tichristo
2620 5410 2777 5474 tient,
2802 5429 3003 5466 verane
3034 5429 3100 5466 an
3137 5413 3349 5467 fallacia
3389 5410 3579 5468 futura
3608 5418 3725 5472 sint
3747 5458 3762 5477 .
3802 5420 3896 5471 du-

2330 5480 2465 5555 bitat
2489 5482 2933 5555 Chrysostomus
2957 5483 3022 5535 ad
3071 5482 3403 5555 “Ibant.
3436 5501 3496 5552 ιι,
3546 5488 3602 5546 9,
3633 5498 3691 5541 et
3721 5491 3896 5555 Augu-

2327 5550 2529 5618 s'tinus,
2563 5550 2655 5608 lib.
2688 5570 2754 5608 xx
2784 5552 2859 5625 De
2888 5554 3097 5608 ditata
3132 5553 3245 5615 Dei,
3264 5570 3386 5625 cap.
3411 5550 3497 5612 l9.
3522 5555 3758 5624 Quidam
3783 5550 3895 5612 vera

2329 5633 2522 5698 putant
2557 5641 2569 5675 :
2607 5627 2793 5693 plures
2821 5624 3161 5698 imaginaria.
3194 5625 3238 5677 Δ
3263 5624 3456 5698 nostro
3486 5627 3595 5680 alia
3630 5630 3898 5684 insistitur

2328 5695 2413 5769 via
2459 5710 2488 5769 :1
2526 5710 2687 5764 quam
2736 5695 3004 5769 sequitur
3042 5704 3235 5749 auctor
3280 5696 3467 5764 Operi:
3496 5701 3815 5769 _imp¢r[ccti
3847 5703 3891 5751 in

2326 5756 2664 5833 ﬂammatur,
2696 5766 2763 5821 ad
2798 5756 2894 5830 vn.
2941 5764 3044 5830 lii;
3097 5781 3252 5834 utr,
3298 5756 3404 5834 lii,
3443 5767 3550 5824 24:
3600 5756 3788 5826 homil.
3839 5773 3893 5825 l9

653 5833 860 5904 τόύτοις
895 5833 1351 5910 συναρπάςεὸιϐαι,
1373 5837 1435 5889 ἐκ
1451 5833 1505 5890 δὲ
1537 5833 1629 5888 τοῦ
1647 5836 2074 5907 παραδεδομένου
2096 5835 2226 5909 ἡμῖν
2323 5836 2376 5889 el
2406 5835 2494 5889 ill).
