4078 6336
1349 418 1914 478 RECOGNITIONUM
1948 416 2079 471 LIB.
2123 412 2209 469 ill.

3322 400 3466 464 ιδιῡ

270 539 434 597 ιλιι.
465 539 536 594 At
564 537 764 594 Petrus
788 559 800 593 :
831 545 970 605 Quis
999 551 1107 601 est,
1132 542 1232 608 qui
1265 540 1523 594 assiduus
1552 538 1624 591 sit
1651 550 1788 604 erga,
1811 536 1854 590 Α
1882 533 2081 603 inquit,
2115 539 2168 585 te
2196 528 2455 583 omnibus
2483 525 2692 581 divitiis
2731 523 3022 594 repletum,
3057 537 3106 575 si
3141 521 3250 575 huc
3283 521 3463 574 mlite

199 634 514 688 doctrinam
555 640 608 687 et
637 631 883 686 studiose
921 633 1132 702 singula
1172 645 1402 699 qumque
1449 628 1728 699 perquirat
1759 667 1777 692 ,

199 726 312 781 nisi
345 726 441 795 qui
465 725 706 779 animam
729 738 887 778 suam
909 723 1088 795 diligit
1107 723 1176 778 ad
1191 723 1419 778 salutem
1443 729 1499 776 et
1522 720 1778 776 omnibus

199 819 484 873 renuntiat
511 818 678 887 hujus
713 815 908 871 mundi
937 818 1193 887 negotiis,
1244 822 1308 870 ut
1351 813 1455 870 soli
1485 813 1654 868 verbo
1682 809 1777 864 Dei

200 917 381 973 vacet,
412 925 574 980 quem
605 909 784 964 solum
813 909 1137 979 prudentem
1187 906 1400 978 judicat
1429 917 1593 961 verus
1645 917 1780 973 pro-

199 1001 389 1070 pheta,
409 999 734 1058 vendentem
765 1000 953 1054 omnia
979 1013 1104 1069 qua
1128 1014 1228 1053 sua
1251 1009 1401 1060 sunt,
1433 1003 1488 1050 et
1507 1005 1778 1050 ementem

198 1106 369 1145 uuam
401 1106 589 1146 veram
618 1091 973 1160 margaritam
1003 1090 1042 1154 ‘,
1070 1099 1127 1144 et
1148 1088 1540 1158 intelligentem
1561 1100 1686 1155 qua:
1701 1084 1778 1138 sit

195 1182 509 1238 differentia
557 1198 586 1236 a
621 1182 1021 1252 temporalibus
1064 1181 1133 1236 ad
1171 1189 1375 1236 aeterna
1401 1217 1419 1244 ,
1471 1177 1656 1250 parvis
1701 1174 1774 1228 ad

194 1289 419 1344 magna,
455 1273 772 1328 hminibus
792 1272 862 1328 ad
887 1272 1095 1328 Deum?
1114 1271 1371 1342 lntelligit
1391 1271 1536 1324 enim
1559 1283 1680 1338 quc
1703 1268 1777 1323 sit

191 1375 402 1421 :eterna
433 1381 561 1436 spes
584 1366 728 1436 apud
764 1381 948 1421 verum
976 1375 1030 1420 et
1061 1365 1261 1437 bonum
1287 1362 1478 1417 Deum.
1522 1360 1656 1426 Quis
1673 1375 1776 1414 au-

191 1468 304 1515 tem
331 1460 529 1529 estqui
555 1458 735 1528 diligit
766 1457 959 1521 Deum,
998 1457 1105 1512 nisi
1153 1465 1247 1526 qui
1286 1455 1611 1526 sapientiam
1652 1454 1776 1522 ejus

188 1550 492 1620 cognovit?
527 1549 807 1618 quomodo
854 1557 1037 1602 autem
1072 1549 1199 1616 quis
1240 1559 1539 1614 agnoscere
1577 1545 1776 1613 poterit

188 1640 525 1710 sapientiam
574 1639 712 1702 Dei,
745 1640 851 1694 nisi
897 1638 1155 1694 assiduus
1203 1638 1276 1692 sit
1318 1636 1386 1689 ad
1438 1635 1772 1689 audiendum

190 1734 424 1788 verbum
449 1732 576 1801 ejus
593 1732 709 1786 lex
740 1747 852 1801 quo
879 1730 1082 1784 accidit
1131 1739 1191 1784 ut
1216 1745 1461 1784 amorem
1493 1727 1614 1797 ejus
1637 1743 1772 1780 con-

183 1823 368 1893 cipiat
392 1831 448 1876 et
490 1823 659 1893 digno
691 1837 816 1875 eum
867 1821 1418 1881 honoreveneretur,
1473 1817 1691 1887 hymnis
1717 1823 1771 1869 et

183 1912 546 1968 orationibus
567 1913 636 1967 ad
665 1928 788 1967 eum
812 1911 981 1974 fusis,
1009 1920 1067 1965 et
1090 1913 1144 1966 i'n
1175 1910 1260 1964 bis
1293 1909 1654 1964 libentissime
1680 1923 1770 1962 re-

185 2006 513 2074 quiescens,
542 2019 929 2073 summumque
955 2003 1228 2072 deputans
1259 2002 1671 2063 detrimentum,
1723 1999 1770 2052 si

185 2095 420 2167 quando
445 2097 652 2165 aliquid
690 2095 837 2150 aliud
889 2096 972 2150 vel
1015 2096 1087 2149 ad
1125 2104 1459 2149 momentum
1507 2094 1773 2163 temporis

188 2191 456 2259 loquatur
468 2196 569 2242 aut
594 2197 739 2259 agat,
759 2188 886 2258 quia
912 2203 1099 2244 revera
1121 2203 1222 2242 nec
1243 2195 1424 2258 potest
1445 2186 1626 2240 anima
1650 2202 1774 2257 quae.

188 2281 287 2338 Dei
319 2295 509 2336 amore
557 2283 760 2351 repleta
811 2288 918 2344 est,
974 2279 1122 2334 aliud
1157 2279 1366 2350 aliquid
1422 2280 1618 2333 intueri
1663 2279 1770 2335 nisi

181 2373 340 2444 quod
365 2372 433 2426 ad
453 2372 619 2428 Deum
643 2373 906 2442 pertinet,
928 2386 1028 2424 nec
1055 2373 1243 2426 satiari
1261 2380 1442 2441 potest
1462 2387 1572 2442 pra
1585 2385 1772 2425 amore

187 2465 342 2532 ejus,
383 2479 449 2518 ea
499 2478 620 2532 qua:
652 2463 753 2531 ipsi
788 2463 892 2516 scit
921 2478 1044 2517 esse
1089 2463 1287 2532 placita
1316 2463 1652 2517 meditando.
1703 2459 1771 2514 lli.

187 2571 326 2610 vero
359 2554 452 2623 qui
483 2553 736 2608 affectum
767 2552 888 2622 ejus
919 2554 1145 2607 minime
1175 2568 1500 2622 concepere.
1528 2569 1628 2608 nec
1655 2554 1771 2607 illii-

187 2648 463 2701 minatam
486 2644 808 2701 charitatem
839 2644 961 2714 ejus
987 2655 1186 2715 gerunt
1210 2653 1410 2709 mente,
1433 2648 1582 2701 velut
1606 2647 1657 2699 in
1692 2656 1770 2700 te-

189 2740 384 2794 nebris
434 2739 597 2809 positi
640 2738 814 2791 lucem
870 2737 1056 2791 videre
1085 2752 1192 2790 non
1238 2747 1491 2802 possunt.
1535 2735 1600 2791 Et
1647 2739 1768 2791 ideo

182 2831 362 2884 etiam
397 2829 717 2899 priusquam
741 2829 1006 2897 incipiant
1035 2827 1319 2896 acquirere
1348 2826 1416 2880 de
1443 2825 1576 2891 Deo,
1609 2827 1765 2896 quasi

192 2923 386 2976 labore
415 2921 661 2991 oppressi
692 2922 876 2974 statim
925 2918 1210 2982 deficiunt,
1259 2933 1327 2972 ac
1375 2917 1538 2974 taedio
1573 2920 1765 2988 repleti

188 3016 466 3069 continuo
493 3029 522 3065 a
549 3013 771 3082 propria
821 3012 1224 3065 consuetudine
1255 3012 1544 3080 rapiuntur
1585 3011 1653 3064 ad
1702 3027 1764 3064 ea

190 3107 360 3161 verba
388 3105 587 3174 quibus
617 3103 979 3158 delectantur.
1031 3101 1165 3155 Nam
1193 3103 1260 3156 de
1305 3101 1415 3156 Deo
1445 3103 1636 3156 audire
1667 3103 1767 3154 ali—

1881 623 2171 694 placuerit,
2205 628 2261 676 et
2303 620 2556 690 pluribus
2605 617 2800 673 fultum
2851 615 3176 670 ministeriis
3220 613 3456 685 mittam.

1881 713 2007 766 llaec
2037 727 2136 782 ego
2159 711 2411 773 audiens,
2437 718 2493 764 et
2515 707 2655 763 nihil
2678 710 2733 762 in
2755 722 2824 761 eo
2847 704 3149 762 secundum
3178 703 3321 764 hanc
3340 715 3463 773 pro-

1879 806 2176 861 fessionem
2206 804 2424 868 videns,
2456 802 2554 858 sed
2598 816 2819 872 magum
2863 809 2918 854 et
2950 798 3304 871 deceptorem
3330 792 3460 853 esse

1879 897 2209 967 intelligens,
2237 894 2526 966 respondi:
2559 893 2757 961 Quaeso
2788 901 2862 956 te,
2903 890 3300 962 ignoscemihi,
3327 891 3456 960 quia

1877 989 2042 1059 pedes
2065 988 2248 1052 doleo,
2278 996 2333 1042 et
2355 996 2646 1056 propterea
2685 986 2894 1059 exirea
2919 969 3169 1040 Caesarea
3211 998 3322 1051 non
3357 997 3456 1036 vas

1878 1083 1995 1148 leo;
2027 1089 2290 1150 praeterea
2315 1088 2403 1134 est
2447 1077 2582 1132 mibi
2625 1091 2795 1140 uxor,
2829 1084 2958 1130 sunt
3008 1064 3224 1145 parvuli
3277 1075 3456 1140 liberi,

1875 1189 2015 1244 quos
2032 1173 2340 1241 relinquere
2381 1171 2612 1227 omnino
2655 1185 2763 1224 non
2798 1183 3025 1238 possum
3089 1167 3160 1224 At
3210 1168 3302 1224 ille
3342 1168 3458 1224 hac

1878 1264 2110 1318 audiens
2138 1272 2195 1317 et
2223 1261 2454 1333 ignavia:
2482 1277 2571 1316 me
2592 1261 2876 1322 incusans,
2902 1258 3183 1329 proiectus
3211 1267 3296 1314 est
3329 1275 3458 1314 con-

1876 1365 1961 1412 tra
1999 1356 2197 1410 Doram
2219 1350 2604 1426 dicens:.Cum
2630 1351 2871 1408 audieris
2893 1361 3100 1421 quanta
3124 1350 3256 1405 mihi
3281 1352 3455 1422 gloria

1876 1449 1981 1505 erit
2009 1449 2063 1502 in
2094 1448 2233 1502 urbe
2253 1445 2446 1509 Roma,
2479 1444 2877 1514 penitebitte.
2927 1443 2996 1497 Et
3034 1452 3160 1514 post
3195 1445 3309 1498 haec
3337 1445 3459 1515 ipse

1874 1539 2119 1610 quidem,
2151 1547 2212 1593 ut
2239 1538 2444 1603 aiebat,
2471 1535 2904 1606 Romam/petiit,
2924 1552 3032 1606 ego
3059 1547 3242 1592 autem
3265 1537 3457 1591 conte

1877 1634 2005 1688 stim
2034 1633 2170 1688 redii
2204 1631 2328 1695 huc,
2360 1645 2528 1686 orans
2582 1636 2642 1683 ut
2667 1643 2756 1682 me
2777 1629 3050 1700 suscipias
3081 1631 3150 1694 ad
3183 1631 3457 1700 paeniten-

1875 1727 2028 1786 tiam.
2051 1725 2180 1794 quia
2207 1723 2278 1778 ab
2318 1737 2386 1778 eo
2409 1722 2676 1790 deceptus
2707 1737 2852 1778 sum.

1947 1816 2132 1884 LXIV.
2165 1816 2302 1872 Cum
2323 1815 2439 1889 haec
2456 1814 2690 1869 dixisset
2722 1815 2770 1868 is
2792 1813 2887 1883 qui
2918 1828 2950 1867 a
2996 1815 3221 1872 Simone
3243 1823 3460 1883 regres-

1878 1925 1974 1966 sus
1996 1918 2102 1973 est,
2130 1908 2298 1978 jussit
2325 1921 2452 1962 eum
2475 1905 2674 1960 Petrus
2708 1905 2760 1962 in
2786 1905 2930 1958 atrio
2958 1905 3222 1961 residere.
3254 1905 3457 1960 Proce-

1874 2001 2012 2057 dens
2040 2008 2223 2054 autem
2252 1999 2369 2068 ipse
2393 2007 2448 2053 et
2476 1998 2671 2052 turbas
2716 1997 2982 2068 plurimas
3012 1997 3204 2060 videns
3233 2037 3248 2063 ,
3279 1999 3458 2069 multo

1873 2094 2060 2164 plures
2088 2106 2253 2162 quam
2283 2090 2668 2161 superioribus
2697 2091 2914 2154 diebus,
2947 2091 3102 2145 stetit
3128 2090 3182 2143 in
3209 2090 3332 2144 loco
3359 2107 3454 2148 so-

1875 2189 1970 2244 lito
1991 2195 2046 2242 et
2071 2186 2370 2242 ostendens
2393 2199 2519 2238 eum
2539 2185 2633 2253 qui
2657 2191 2905 2246 venerat,
2933 2197 3242 2244 sermonem
3274 2185 3455 2240 facere

1874 2280 1976 2333 hoc
2009 2279 2168 2332 modo
2187 2276 2387 2347 erepit:
2415 2273 2544 2338 Isto,
2575 2273 2796 2338 fratres,
2818 2274 2986 2343 quem
3007 2277 3243 2339 ostendo
3269 2278 3450 2344 vobis,

1873 2372 2035 2442 paulo
2059 2379 2188 2428 ante
2213 2371 2362 2426 venit
2390 2368 2457 2423 ad
2484 2384 2593 2436 me,
2629 2368 2698 2423 de
2738 2366 2982 2423 Simonis
3010 2364 3145 2423 mihi
3175 2369 3335 2425 malis
3365 2385 3458 2423 ar-

1873 2466 2020 2520 tibus
2042 2464 2322 2527 nuntians,
2351 2461 2629 2532 quomodo
2655 2461 2830 2530 ipsam
2872 2461 3099 2515 sceleris
3144 2461 3228 2515 sui
3282 2462 3454 2516 oﬂici-

1872 2573 1996 2611 nam
2022 2555 2312 2627 proiecerit
2335 2555 2389 2608 in
2416 2552 2771 2624 profundum,
2801 2567 2911 2605 non
2932 2552 3095 2621 quasi
3129 2555 3452 2622 panitentia

1871 2649 2094 2712 ductus,
2121 2649 2218 2703 sed
2247 2653 2502 2701 metuens
2528 2661 2598 2700 ne
2626 2645 3005 2714 deprehensus
3028 2645 3263 2714 publicis
3314 2647 3449 2716 legi-

1873 2742 1975 2797 bus
2014 2740 2343 2809 subjaceret.
2377 2737 2625 2808 Rogabat
2647 2745 2830 2790 autem
2857 2737 3024 2800 hunc,
3057 2747 3116 2791 ut
3143 2738 3293 2801 dicit,
3327 2747 3456 2792 mu-‘

1869 2847 1999 2886 nera
2029 2831 2292 2902 pollicens
2321 2829 2608 2890 immensa,
2631 2842 2817 2882 secum
2844 2842 3085 2882 manere.
3118 2825 3290 2892 Quem
3323 2843 3447 2882 cum

1871 2925 2104 2980 suadere
2133 2923 2356 2976 minime
2380 2921 2674 2990 potuisset,
2703 2928 2964 2989 tanquam
2989 2920 3246 2989 ignavum
3277 2921 3450 2974 incre-

1869 3034 2006 3089 pans
2038 3015 2355 3084 dereliquit,
2391 3013 2508 3080 ipse
2538 3009 2766 3065 Romam
2799 3022 3012 3081 petens.
3046 3012 3293 3081 Cumque
3334 3013 3449 3065 lucc

1869 3108 2066 3164 Petrus
2095 3108 2114 3138 ⁷
2144 3107 2446 3162 indicasset
2479 3105 2678 3167 turbis,
2711 3104 2827 3173 ipse
2857 3104 2953 3173 qui
2979 3119 3263 3174 regressus
3299 3111 3328 3157 a
3362 3103 3449 3157 Si-

183 3194 326 3264 quid
359 3193 558 3246 talibus
588 3182 872 3246 tmdiOsum
901 3199 985 3246 est
1037 3200 1092 3246 et
1123 3193 1432 3254 molestum,
1476 3207 1578 3261 pro
1607 3209 1671 3245 eo
1706 3201 1764 3246 ut
1789 3207 1833 3265 ο
1869 3213 2028 3254 moue
2060 3196 2260 3260 fuerat,
2309 3195 2526 3265 publice
2555 3206 2709 3248 stans
2758 3194 2972 3264 singula
3003 3210 3233 3264 qumque
3277 3197 3446 3265 cmpit

189 3287 335 3349 disi,
359 3285 487 3356 quia
517 3299 669 3339 mens
691 3299 898 3366 eorum.
928 3285 1132 3338 nullam
1170 3283 1514 3338 dulcedinem
1567 3284 1768 3339 divinae

182 3378 481 3432 cbaritatis
511 3379 743 3447 accepit.

265 3467 455 3523 LXIII.
510 3467 634 3523 Haec
664 3466 828 3523 Petro
863 3466 1082 3521 dicente
1114 3468 1233 3522 dies
1277 3475 1502 3522 exortus
1537 3477 1621 3522 est
1644 3507 1658 3528 ,
1712 3474 1766 3522 et

181 3573 328 3614 ecce
355 3559 581 3614 veniens
610 3559 832 3629 quidam
865 3574 930 3613 ex
959 3558 1247 3627 discipulis
1279 3556 1522 3612 Simonis
1557 3559 1764 3611 clama-

189 3652 288 3706 bat
315 3651 538 3706 dit-eus:
573 3649 816 3706 Obsecro
842 3659 914 3711 te,
936 3648 1114 3713 Petre,
1136 3650 1355 3718 suscipe
1384 3664 1472 3702 me
1502 3648 1765 3703 miserum

182 3756 223 3794 a
265 3740 422 3809 Mago
461 3739 684 3794 Simone
726 3740 1034 3810 deceptum,
1068 3741 1157 3794 cui
1203 3755 1305 3810 ego
1354 3739 1503 3794 velut
1551 3740 1766 3795 caelesti

185 3831 307 3886 Deo
335 3830 702 3894 intendebam,
730 3846 826 3900 pro
855 3830 940 3884 his
956 3846 1077 3900 quae
1099 3831 1169 3883 ab
1195 3846 1259 3884 eo
1280 3830 1394 3884 fieri
1422 3831 1764 3887 mirabilibus

188 3927 464 3980 videbant.
493 3925 708 3980 Auditis
737 3934 918 3978 tamen
947 3924 1295 3979 sermonibus
1314 3925 1424 3978 tuis
1449 3924 1616 3992 carpit
1651 3925 1762 3992 jam

182 4018 327 4071 mihi
359 4017 519 4070 homo
545 4016 739 4077 videri,
761 4025 815 4070 et
847 4015 1065 4087 quidem
1112 4014 1312 4069 malus.
1371 4010 1762 4069 Verumtamen

183 4123 320 4162 cum
356 4107 484 4161 hinc
539 4108 718 4161 exiret
745 4146 760 4168 .
791 4123 890 4176 ego
916 4121 1042 4160 eum
1073 4105 1406 4160 subsecutus
1439 4119 1560 4159 sum
1587 4105 1760 4169 solus,

183 4200 433 4256 nondum
457 4201 602 4254 enim
633 4199 701 4252 ad
733 4200 998 4268 liquidum
1033 4196 1339 4267 impiet'ates
1367 4197 1490 4266 ejus
1522 4212 1764 4267 agnove-

179 4307 332 4348 nm.
348 4291 486 4346 Cum
516 4297 696 4344 autem
712 4290 939 4344 vidisset
967 4305 1052 4343 me
1077 4289 1520 4357 subsequentem,
1543 4287 1760 4342 beatum

181 4400 277 4438 me
312 4383 502 4438 dicens
544 4381 796 4452 perduxit
813 4381 878 4436 ad
905 4380 1127 4436 domum
1150 4395 1327 4447 suam,
1351 4379 1498 4434 circa
1522 4379 1760 4434 medium

1867 3288 2069 3360 pOpttlo
2113 3301 2389 3358 exponere
2436 3285 2505 3340 de
2561 3285 2864 3340 sceleribus
2909 3284 3168 3340 Simonis.
3210 3285 3275 3340 Et
3316 3303 3446 3342 cum

1868 3381 2108 3450 graviter
2146 3379 2354 3434 ferrent
2384 3377 2451 3432 de
2498 3375 2606 3440 his,
2660 3392 2783 3446 qum
2817 3376 3114 3432 audiebant
3162 3393 3261 3448 per
3294 3388 3444 3433 artes

1867 3473 2108 3542 magicas
2136 3478 2288 3543 gesta
2309 3485 2339 3523 a
2370 3467 2614 3533 Simone,
2645 3468 2723 3523 ait
2751 3467 2980 3522 Petrus:

1938 3562 2098 3617 LXV.
2128 3563 2328 3627 Nolite,
2390 3562 2612 3625 fratres,
2663 3561 2906 3632 graviter
2936 3559 3078 3614 ferre
3109 3561 3176 3616 de
3208 3563 3292 3616 his
3321 3579 3444 3632 qua:

1864 3664 2146 3710 transacta
2173 3661 2322 3717 sunt,
2348 3654 2442 3708 sed
2482 3654 2774 3708 observate
2797 3651 2864 3706 de
2886 3651 3087 3708 futuris
3112 3671 3126 3720 ;
3153 3671 3274 3724 quae
3294 3657 3439 3710 enim

1867 3751 2205 3804 transierunt
2232 3745 2344 3816 jam
2370 3747 2523 3799 ﬁnita
2548 3754 2699 3808 sunt,
2733 3761 2852 3814 qua:
2880 3760 3011 3800 vero
3039 3746 3324 3801 imminent
3350 3765 3444 3816 pc—

1866 3840 2103 3896 riculosa
2150 3847 2281 3892 sunt
2312 3838 2397 3891 his
2437 3837 2531 3907 qui
2575 3837 2939 3898 incurrerint;
2985 3837 3244 3891 scandala
3293 3840 3440 3892 enim

1866 3947 2144 4002 nunquam
2172 3931 2406 3985 deerunt
2445 3929 2572 3982 huic
2612 3927 2853 3984 mundo“
2880 3928 3055 3982 donec
3104 3929 3442 3998 permittitur

1866 4023 2090 4076 inimico
2117 4035 2277 4091 agere
2303 4008 2402 4089 pro
2432 4017 2714 4072 voluntate
2746 4034 2844 4072 sua
2863 4057 2877 4082 ,
2907 4028 2963 4071 ut
3000 4018 3296 4088 prudentes
3319 4021 3443 4089 qui-

1864 4130 1972 4185 que
1998 4122 2052 4169 et
2081 4113 2450 4183 intelligentes
2480 4111 2714 4166 astutias
2737 4109 2858 4178 ejus
2915 4111 3214 4165 suscitatos
3242 4112 3347 4166 sibi
3371 4113 3442 4167 ab

1864 4223 1929 4261 eo
1958 4211 2216 4276 superent
2244 4219 2470 4276 agones,
2519 4203 2573 4256 hi
2623 4218 2752 4256 vero
2778 4204 2872 4272 qui
2921 4205 3202 4273 negligunt
3229 4205 3442 4259 discere

1863 4315 1984 4371 quae
2013 4300 2081 4353 ad
2117 4299 2349 4354 salutem
2396 4298 2672 4367 pertinent
2696 4298 2893 4352 animae
2922 4313 3054 4358 suae,
3081 4298 3249 4364 justis
3279 4299 3348 4351 ab
3375 4315 3442 4352 eo

1863 4391 2281 4463 deceptionibus
2309 4390 2620 4461 capiantur.
2651 4389 2790 4456 Quia
2815 4399 3026 4459 ergout
3051 4391 3152 4458 ipsi
3184 4391 3436 4449 audistis.

180 4497 320 4538 vero
348 4483 526 4536 noctis
551 4480 626 4533 ait
647 4479 713 4533 ad
737 4493 855 4534 me:
895 4477 1150 4533 Omnium
1183 4487 1236 4532 te
1258 4477 1538 4531 hominum
1564 4475 1759 4530 ΐειεὶίιηι
1866 4483 2057 4538 Simon
2102 4497 2356 4554 egressus
2402 4488 2487 4536 est
2515 4496 2679 4535 aures
2701 4481 3089 4551 gentiliumqui
3112 4481 3179 4535 ad
3208 4483 3438 4536 salutem

185 4555 494 4637 meliorem,
527 4575 574 4629 si
602 4573 844 4628 volueris
874 4587 1049 4640 usque
1095 4571 1164 4624 ad
1208 4569 1368 4624 ﬁnem
1407 4583 1759 4639 perseverare

1869 4574 2042 4629 vocati
2077 4582 2206 4630 sunt
2249 4573 2572 4644 praevenire.
2605 4587 2831 4627 necesse
2881 4581 2968 4628 est
2995 4581 3049 4626 et
3098 4589 3182 4627 me
3213 4576 3441 4643 vestigia

177 4682 425 4732 mecum;
443 4666 532 4720 cui
554 4679 677 4719 cum
703 4661 1286 4732 promisissem,exegit
1309 4675 1338 4714 a
1361 4674 1449 4715 me
1471 4659 1756 4728 juramen-

181 4772 303 4816 tum
333 4759 771 4832 perseverantiae,
804 4770 978 4826 eoque
1013 4762 1238 4824 accepto
1279 4752 1540 4824 imposuit
1590 4767 1758 4821 super

180 4846 445 4910 humeros
474 4867 626 4907 meos
655 4852 859 4920 polluta
904 4848 1150 4918 quaedam
1178 4854 1233 4900 et
1265 4845 1625 4905 exsecrabilia
1667 4861 1756 4900 se-

177 4955 338 5002 creta
356 4960 456 4998 sua
491 4954 548 4996 ut
575 4952 872 5013 portarent,
900 4947 953 4994 et
985 4939 1138 5008 sequi
1166 4953 1251 4992 me
1276 4937 1462 5006 jussit.
1499 4933 1599 4991 Ubi
1628 4951 1758 4992 vero

176 5047 406 5097 ventum
437 5042 523 5091 est
571 5035 637 5088 ad
669 5048 839 5092 mare.
893 5031 1168 5100 navigium
1220 5028 1364 5099 quod
1397 5027 1534 5082 forte
1573 5027 1761 5082 aderat

176 5131 490 5201 ingressus,
540 5126 595 5181 id
630 5141 660 5180 a
694 5124 1004 5180 cervicibus
1055 5123 1194 5178 meis
1239 5119 1382 5190 quod
1413 5128 1634 5190 portare
1675 5134 1762 5175 me

172 5224 447 5292 jusserat,
477 5219 731 5289 sumpsit.
770 5218 834 5272 Et
872 5218 1036 5288 paulo
1067 5225 1189 5286 post
1211 5231 1468 5285 egressus
1501 5212 1635 5267 nihil
1665 5226 1762 5266 es-

177 5315 331 5376 tulit,
358 5324 569 5367 certum
602 5313 747 5382 quod
777 5313 833 5365 in
864 5325 1013 5367 mare
1035 5309 1088 5362 id
1114 5311 1341 5379 jecerat.
1369 5305 1617 5377 Rogabat
1659 5320 1759 5359 au-

179 5420 291 5464 tem
317 5422 426 5470 me,
453 5415 510 5460 ut
532 5422 654 5461 cum
674 5408 793 5474 ipso
809 5402 1207 5475 proficiscerer,
1229 5401 1420 5456 dicens
1441 5414 1500 5454 se
1526 5395 1756 5454 Romam

180 5513 396 5575 petere,
428 5500 502 5554 ibi
530 5490 677 5554 enim
707 5497 763 5575 in
787 5506 998 5551 tantum
1027 5486 1377 5566 placiturum,
1401 5501 1460 5546 ut
1481 5491 1623 5547 Deus
1654 5506 1758 5561 pu-

176 5572 330 5653 tetur
358 5605 414 5652 et
448 5593 649 5656 divinis
680 5572 894 5664 publice
935 5591 1171 5646 donetur
1218 5589 1541 5644 honoribus.
1579 5575 1755 5651 Tunc,

253 5728 276 5761 ⁸
314 5726 506 5781 Iatth.
531 5740 652 5788 xm,
689 5720 780 5779 ιιι.
838 5725 858 5757 '
891 5723 972 5783 Cu

172 5799 352 5853 hac

171 5872 439 5936 leguntur
470 5869 525 5922 in
553 5867 712 5922 codd.
741 5866 918 5932 Lines.

1862 4667 1983 4735 ejus
2025 4665 2260 4736 insequi,
2311 4675 2369 4719 ut
2421 4665 2465 4720 si
2515 4665 2646 4733 quid
2680 4664 2819 4720 forte
2865 4666 2933 4719 ab
2963 4665 3057 4718 illo
3098 4666 3435 4734 disputatum

1862 4757 2046 4824 fuerit,
2077 4758 2388 4828 corrigatur
2423 4773 2454 4810 a
2488 4757 2667 4811 nobis.
2702 4756 2810 4811 Sed
2839 4759 3095 4827 quoniam
3114 4759 3324 4828 justum
3354 4767 3441 4815 est

1862 4849 1931 4904 de
1965 4848 2122 4904 vobis
2147 4849 2410 4918 majorem
2431 4847 2850 4903 sollicitudinem
2882 4849 3018 4918 geri,
3043 4850 3134 4919 qui
3155 4849 3266 4918 jam
3294 4851 3438 4904 intra

1864 4954 2052 4994 muros
2080 4938 2207 4992 vitae
2246 4938 2628 5002 continemini,
2660 4939 2790 5008 quia
2823 4939 2968 5009 quod
2994 4939 3324 5009 acquisitum
3354 4951 3440 4996 est

1861 5033 1906 5088 si
1945 5038 2151 5102 pereat,
2183 5029 2444 5085 damnum
2477 5030 2664 5095 infert,
2695 5031 2842 5101 quod
2869 5041 3050 5087 autem
3079 5033 3098 5063 '
3119 5033 3364 5087 nondum
3389 5035 3436 5088 si

1860 5123 2080 5194 quidem
2104 5123 2336 5178 inveniri
2367 5126 2627 5193 potuerit,
2657 5124 2869 5178 lucrum
2891 5132 2997 5189 est,
3026 5125 3072 5179 si
3103 5127 3285 5179 minus
3333 5125 3436 5180 hoc

1862 5215 2036 5269 solum
2067 5213 2255 5268 damni
2278 5221 2363 5269 est
2387 5213 2532 5283 quod
2554 5213 2769 5267 lucrum
2821 5213 3021 5267 factum
3051 5229 3158 5267 non
3209 5221 3323 5280 est;
3377 5224 3436 5268 ut

1859 5320 1990 5377 ergo
2017 5313 2071 5361 et
2097 5321 2196 5362 vos
2232 5307 2408 5376 magis
2434 5322 2499 5360 ac
2548 5307 2722 5376 magis
2760 5311 2816 5360 in
2861 5306 3092 5361 veritate
3123 5306 3436 5373 firmemini,

1860 5409 1911 5453 ct
1941 5406 2131 5472 gentes
2159 5415 2280 5471 qua
2301 5400 2368 5453 ad
2393 5400 2626 5454 salutem
2673 5405 2946 5452 vocantur
2978 5413 3086 5452 non
3124 5411 3439 5467 usquequa-

1862 5507 1966 5561 que
1992 5493 2204 5563 possint
2249 5491 2494 5562 nequitia
2540 5489 2780 5545 Simonis
2835 5488 3144 5560 prmveniri,
3201 5489 3437 5559 cogitavi

1863 5584 2185 5640 Zaccbzeum
2211 5586 2368 5642 vobis
2418 5584 2679 5639 ordinare
2712 5593 3012 5654 pastorem,
3035 5597 3138 5653 ego
3161 5596 3290 5638 vero
3319 5581 3437 5653 ips:

1095 5741 1124 5778 ε
1143 5723 1252 5779 Ιιωε
1278 5722 1488 5784 Petrus.
1515 5729 1570 5778 et
1591 5737 1711 5793 qua!
1737 5707 2042 5791 sequuntur
2070 5725 2358 5790 vocabula,
2399 5738 2574 5793 usque
2603 5722 2669 5776 ad
2703 5722 2794 5776 illa
2826 5737 2948 5793 cap.
2981 5721 3085 5776 65:
3119 5721 3437 5792 deceptioni-

354 5794 846 5866 mutandesuut
874 5797 929 5852 in
953 5793 1112 5852 codd.
1139 5794 1320 5866 Lipss.
1394 5797 1418 5828 ⁸
1448 5794 1637 5850 Matth.
1666 5807 1820 5859 xvm,
1849 5795 1909 5866 7;
1930 5796 2066 5854 Luc.
2097 5813 2231 5860 xvn,
2264 5797 2315 5854 l.
2391 5795 2414 5827 ’
2447 5793 3078 5863 Quodnam—[actum
3105 5809 3209 5847 non
3234 5802 3436 5847 estnon
