4078 6336
699 417 827 476 I3"

1578 419 1635 475 S.
1677 418 2067 475 CLEMENTIS
2106 420 2124 473 I
2163 419 2330 476 ROM.
2372 418 2575 478 PONT.
2602 418 2843 475 .OPERA
2882 418 3109 476 DUBIA.

3799 427 3935 484 1319.

695 542 807 586 tres
841 529 1120 591 vobiscum
1165 541 1486 600 pennanere
1500 524 1734 584 menses
1776 536 1831 584 et
1879 529 1955 583 ita
1991 529 2261 600 proficisci
2289 532 2342 590 Α
2367 543 2464 597 pcr
2487 531 2790 584 orationem
2840 531 3206 596 sanctificato,
3235 517 3298 587 ut
3341 532 3413 586 ita
3440 532 3662 590 demum
3695 551 3793 607 per
3821 539 3934 595 hac

695 619 760 673 ad
793 607 1006 689 gentes,
1044 633 1116 674 ne
1167 618 1401 688 amplius
1443 618 1789 674 morantibus
1831 618 1991 674 nobis
2021 627 2076 673 et
2097 619 2269 674 scele-

695 711 852 766 ribus
884 709 1123 767 Simonis
1180 724 1573 783 usquequaque
1603 710 2004 782 grassantibus.
2038 712 2266 767 insana-

693 801 833 856 oiles
870 801 1026 858 ﬂant.

765 890 950 947 LXVI.
984 891 1110 948 Haec
1151 893 1245 950 illo
1270 892 1488 950 dicente
1516 895 1807 951 universus
1834 896 2068 966 populus
2093 893 2260 961 flevit,

691 986 926 1041 audiens
954 987 1099 1056 quod
1130 986 1479 1057 profecturus
1500 996 1668 1044 esset.
1709 989 1779 1042 At
1798 987 1992 1045 Petrus
2014 1003 2266 1059 compas-

692 1091 792 1132 sus
823 1079 927 1143 eis,
975 1079 1139 1134 etiam
1197 1079 1315 1148 ipse
1363 1078 1632 1150 lacrymas
1679 1077 1838 1145 fudit,
1886 1087 1940 1136 et
1985 1081 2040 1134 in
2065 1082 2264 1136 coelum

691 1170 995 1238 respiciens
1015 1171 1093 1224 ait
1120 1190 1133 1224 :
1158 1167 1302 1233 Tibi,
1328 1169 1494 1233 Deus,
1516 1169 1608 1239 qui
1631 1171 1828 1225 caelum
1855 1177 2163 1239 terramque
2187 1169 2266 1224 fe-

692 1262 817 1316 cisti
848 1268 902 1315 et
928 1262 1113 1316 omnia
1143 1276 1264 1330 qua:
1313 1262 1370 1314 in
1400 1262 1482 1316 eis
1514 1271 1663 1324 sunt,
1696 1276 1910 1332 precem
1965 1262 2263 1331 supplicem

693 1351 1001 1415 fundimus,
1029 1359 1086 1405 ut
1115 1351 1501 1421 confugientes
1529 1352 1595 1405 ad
1623 1359 1675 1406 te
1697 1352 1752 1405 in
1782 1351 2132 1406 tribulatione
2163 1367 2262 1407 sua

688 1437 918 1508 soie’ris;
954 1449 1175 1510 propter
1204 1440 1458 1496 allectum
1488 1441 1634 1496 enim
1689 1456 1850 1511 quem
1906 1441 2108 1496 habent
2133 1456 2262 1512 erga

687 1542 762 1599 te,
791 1530 1032 1601 diligunt
1053 1546 1161 1593 me,
1194 1531 1287 1600 qui
1313 1531 1595 1585 veritatem
1638 1537 1785 1584 tuam
1817 1533 2134 1586 annuntiavi
2158 1534 2259 1588 eis.

685 1621 917 1693 Propter
942 1622 1086 1692 quod
1116 1622 1491 1677 miserationis
1520 1629 1628 1676 tua:
1659 1622 1880 1678 dextera
1905 1625 2259 1692 custodiens;

685 1730 797 1768 non
823 1714 968 1769 enim
1004 1713 1298 1769 Zacchaius
1349 1729 1453 1768 nec
1497 1714 1637 1768 alius
1663 1715 1950 1784 quisquam
1983 1716 2260 1771 hominum

685 1813 875 1858 custos
922 1818 1048 1858 esse
1079 1803 1162 1858 eis
1197 1803 1428 1858 idoneus
1478 1812 1677 1873 potest.
1712 1803 1837 1859 Ilaec
1884 1816 2061 1860 autem
2093 1817 2146 1862 et
2175 1807 2260 1862 his

685 1892 886 1946 similia
915 1907 1041 1946 cum
1086 1893 1317 1947 dixisset
1369 1867 1583 1956 Petrus,
1616 1895 1871 1950 manibus
1898 1898 2257 1966 superpositis
2291 1867 2332 1922 Β

683 1983 947 2039 lacchee
989 1984 1186 2051 oravit,
1219 1990 1278 2037 ut
1325 1985 1731 2054 inculpabiliter
1783 1987 2128 2058 episcopatus
2169 1991 2254 2044 sui

684 2083 933 2131 servaret
971 2074 1229 2130 oﬂicium.
1261 2075 1391 2130 Post
1439 2077 1555 2130 haec
1593 2076 1878 2131 duodecim
1910 2080 2257 2150 presbyteros

681 2168 960 2222 ordinavit
989 2175 1044 2221 et
1072 2167 1332 2223 diacones
1382 2175 1638 2237 quatuor,
1675 2176 1730 2221 et
1758 2169 1872 2224 ait:
1934 2169 2254 2231 Zacchaeum

682 2260 835 2314 hunc
861 2259 1019 2314 vobis
1048 2257 1304 2312 ordinavi
1351 2258 1690 2327 episcopum,
1723 2259 1904 2314 sciens
1925 2276 2048 2315 eum
2095 2264 2255 2317 timo—

683 2366 799 2405 rem
830 2349 922 2405 Dei
977 2349 1179 2403 habere
1228 2357 1283 2403 et
1337 2351 1614 2404 eruditum
1660 2365 1781 2404 esse
1823 2352 1877 2404 in
1931 2350 2250 2421 Scripturis,

682 2455 846 2510 quem
879 2442 1038 2510 quasi
1067 2439 1272 2494 Christi
1319 2440 1497 2494 locum
1530 2454 1836 2496 servantem
1866 2441 2134 2497 honorare
2157 2444 2255 2498 de-

680 2533 844 2597 betis,
873 2531 1190 2586 obedientes
1216 2530 1264 2584 ei
1291 2530 1355 2584 ad
1370 2531 1600 2586 salutem
1624 2540 1887 2597 vestram,
1914 2543 1968 2587 et
1994 2537 2248 2598 scientes,

676 2622 827 2692 quod
858 2623 973 2678 sive
1009 2622 1184 2676 honor
1213 2624 1329 2678 sive
1357 2621 1556 2692 injuria
1617 2638 1737 2692 quae
1778 2625 1828 2678 ei
1879 2624 2145 2687 defertur,
2183 2625 2250 2678 ad

678 2716 959 2769 Christum
988 2715 1260 2769 redundat
1290 2722 1345 2768 et
1400 2729 1430 2767 a
1466 2714 1689 2770 Christo
1725 2716 1792 2772 ad
1821 2715 2024 2776 .Deum.
2057 2717 2253 2772 Audite

680 2823 813 2877 ergo
839 2823 963 2862 eum
995 2808 1257 2862 attentius
1306 2815 1360 2862 et
1389 2808 1458 2861 ab
1488 2808 1608 2876 ipso
1633 2807 1894 2876 suscipite
1947 2807 2250 2864 doctrinam

683 2899 826 2962 fidei,
856 2899 1060 2952 monita
1093 2907 1271 2954 autem
1317 2901 1440 2954 vita:
1482 2914 1512 2952 a
1549 2901 1915 2971 presbyteris,
1949 2916 1978 2954 a
2007 2901 2252 2957 diaconi-

680 2992 783 3046 bus
810 3006 941 3046 vero
976 2992 1224 3046 ordinem
1254 2991 1579 3060 disciplina.
1614 2989 1910 3046 Viduarum
1941 2993 2250 3062 religiosam

676 3098 869 3136 curam
901 3085 1096 3152 gerite,
1128 3084 1364 3154 pupillos
1405 3084 1622 3139 enixius
1655 3083 1860 3153 iuvate,
1917 3085 2248 3155 pauperibus

2363 628 2716 674 consecratus
2747 621 2921 689 possit
2950 619 3231 690 percipere
3253 621 3320 678 de
3358 626 3566 679 sanctis
3594 625 3730 697 (97).

2439 706 2770 766 LXVIII.—
2793 710 2860 765 Et
2877 725 2999 766 cum
3023 705 3191 767 multa
3217 713 3447 771 dixisset
3487 716 3554 772 de
3587 720 3802 773 ratione
3842 720 3938 773 ba-

2365 800 2576 870 ptismi,
2607 800 2857 860 dimissis
2897 803 3078 860 turbis
3116 803 3434 860 ad-solitam
3468 822 3524 863 se
3552 811 3760 880 recepit
3783 825 3937 865 man-

2364 891 2594 957 sionem,
2628 892 2811 961 ibique
2855 894 3162 950 astantibus
3206 896 3314 951 sibi
3343 897 3652 963 duodecim,
3711 899 3769 954 id
3823 911 3932 963 est,

2364 979 2623 1038 Zacchaeo
2651 989 2705 1038 et
2727 982 3026 1053 Sophonia,
3052 984 3290 1056 Josepho
3317 996 3371 1043 et
3404 988 3647 1054 Hichaa,
3671 989 3937 1046 Eleazaro

2362 1082 2417 1130 et
2441 1072 2693 1160 Phinees,
2722 1073 2930 1130 Lazaro
2957 1086 3010 1132 et
3037 1075 3238 1142 Eliseo,
3273 1093 3360 1133 me
3381 1078 3662 1137 Clemente
3686 1090 3743 1136 et
3767 1076 3938 1137 Nico-

2363 1164 2543 1230 demo,
2567 1164 2756 1231 Niceta
2782 1175 2838 1221 et
2869 1166 3088 1237 Aquila,
3123 1168 3228 1222 hoc
3256 1169 3421 1224 modo
3449 1172 3770 1240 prolocutus
3798 1181 3883 1227 est
3919 1191 3931 1228 :

2361 1253 2784 1313 Considemmus
2819 1257 3017 1323 fratres
3039 1299 3054 1322 ,
3082 1259 3229 1329 quod
3265 1260 3473 1330 justum
3511 1272 3630 1329 est;
3663 1264 3930 1318 debemus

2361 1347 2503 1401 enim
2531 1348 2792 1402 auxilium
2820 1348 3039 1419 aliquod
3070 1349 3213 1405 ferre
3231 1350 3508 1420 gentibus,
3533 1366 3654 1422 qua
3679 1353 3751 1407 ad
3777 1355 3928 1408 salu-

2362 1445 2469 1492 tem
2502 1446 2706 1493 τίοι-ωε
2735 1447 2885 1494 sunt.
2917 1438 3023 1509 Ipsi
3055 1439 3288 1496 audistis
3319 1440 3465 1510 quod
3499 1439 3689 1496 Simon
3720 1458 3929 1512 prece-

2371 1529 2501 1585 dere
2525 1531 2714 1585 volens
2742 1531 2844 1585 iter
2871 1538 3119 1586 nostrum
3142 1529 3419 1600 profectus
3437 1540 3542 1598 est,
3571 1547 3736 1603 quem
3771 1547 3933 1602 Opor-

2360 1626 2539 1674 tuerat
2571 1635 2602 1676 e
2629 1619 2858 1688 vestigio
2889 1619 3129 1691 insequi,
3163 1609 3223 1675 ut
3251 1619 3426 1676 sicubi
3462 1620 3676 1691 aliquos
3699 1621 3933 1676 subver-

2361 1719 2474 1765 tere
2506 1718 2744 1765 tentaret
2791 1711 3056 1765 continuo
3099 1709 3482 1766 confutaretur
3525 1724 3556 1763 a
3597 1710 3785 1766 nobis.
3825 1710 3930 1764 Sed

2360 1802 2617 1872 quoniam
2657 1801 2921 1871 injustum
2967 1802 3102 1858 mihi
3140 1801 3376 1864 videtur,
3414 1807 3476 1855 ut
3503 1800 3786 1856 derelictis
3839 1801 3924 1855 his

2362 1894 2455 1964 qui
2485 1893 2598 1963 jam
2637 1893 2893 1948 conversi
2925 1899 3054 1946 sunt
3085 1892 3151 1946 ad
3187 1891 3376 1957 Deum,
3401 1907 3590 1946 eorum
3617 1893 3716 1962 qui
3747 1893 3928 1946 adhuc

2361 1986 2519 2054 longe
2544 1992 2671 2039 sunt
2701 1999 2889 2037 curam
2921 1983 3284 2053 proferamus,
3321 1991 3531 2038 rectum
3570 1993 3706 2054 puto
3753 1986 3927 2040 tribus

2359 2069 2642 2132 mensibus
2665 2091 2986 2146 permanere
3014 2093 3101 2133 me
3133 2092 3253 2131 cum
3277 2077 3364 2131 his
3385 2078 3477 2146 qui
3503 2076 3556 2130 in
3581 2078 3685 2132 hac
3707 2081 3927 2133 civitate

2357 2168 2610 2222 conversi
2633 2176 2762 2221 sunt
2786 2166 2851 2220 ad
2879 2166 3059 2231 fidem,
3082 2173 3136 2220 et
3159 2165 3429 2235 firmiores
3450 2181 3545 2222 eos
3576 2160 3811 2228 edicere,
3828 2184 3926 2221 nec

2357 2265 2540 2312 tamen
2569 2258 2692 2312 illos
2724 2258 2818 2328 qui
2845 2257 3025 2313 adhuc
3048 2258 3206 2326 longe
3224 2265 3353 2312 sunt
3382 2258 3599 2326 penitus
3629 2259 3926 2329 negligere.

2357 2363 2424 2404 ne
2450 2347 2607 2411 forte.
2642 2348 2690 2403 si
2719 2348 2813 2402 diu
2838 2348 3061 2405 venenis
3091 2347 3342 2417 pessima:
3371 2346 3638 2402 doctrina:
3672 2350 3927 2403 infician-

2357 2446 2469 2503 tur,
2517 2438 2791 2494 didicilius
2835 2448 3178 2495 revocentur.
3224 2438 3289 2493 Et
3326 2439 3450 2495 ideo
3484 2439 3628 2502 volo,
3660 2440 3704 2497 si
3746 2428 3927 2495 tamen

2354 2533 2517 2585 etiam
2549 2532 2702 2586 vobis
2726 2531 2936 2600 justum
2976 2531 3212 2596 videtur,
3246 2539 3305 2585 ut
3336 2546 3435 2602 pro
3469 2528 3735 2585 lacchan
3765 2546 3927 2599 quem

2357 2623 2446 2676 hic
2476 2622 2852 2677 ordinavimus
2873 2623 3214 2691 episcopum,
3251 2622 3578 2690 subjiciatur
3605 2622 3663 2674 in
3697 2636 3928 2674 numero

2356 2712 2653 2782 Benjamim
2679 2711 2822 2767 filius
2847 2710 3011 2779 Saba,
3029 2720 3083 2766 et
3101 2727 3199 2783 pro
3222 2711 3495 2767 Clemente
3511 2726 3674 2781 quem
3700 2711 3923 2765 decrevi

2355 2818 2564 2856 mecum
2596 2817 2815 2872 semper
2837 2817 2979 2865 esse,
3004 2802 3130 2871 quia
3163 2817 3228 2857 ex
3266 2802 3524 2872 gentibus
3553 2802 3783 2856 veniens
3825 2816 3926 2853 au-

2352 2893 2532 2948 diendi
2559 2895 2705 2948 verbi
2742 2893 2834 2948 Dei
2879 2894 3085 2964 grande
3113 2895 3447 2950 desiderium
3482 2894 3648 2963 gerit,
3678 2892 3924 2946 Ananias

2353 2986 2498 3040 filius
2532 2984 2711 3047 Safra,
2751 2999 2851 3053 pro
2879 2983 3067 3039 Niceta
3112 3000 3242 3039 vero
3279 2993 3332 3039 et
3369 2985 3583 3054 Aquila,
3627 2980 3722 3052 qui
3746 2998 3923 3052 nuper

2350 3074 2598 3130 conversi
2635 3085 2763 3129 sunt
2805 3072 2873 3126 ad
2916 3072 3074 3128 fidem
3119 3072 3346 3140 Christi,
3391 3072 3635 3128 Ilubelus
3668 3071 3920 3126 Zacchai

679 3163 1112 3230 misericordiam
1177 3175 1361 3237 facite,
1419 3176 1652 3244 juvenes
1690 3175 2008 3245 pudicitiam
2035 3177 2246 3244 docete,

2355 3164 2525 3219 frater
2553 3172 2608 3219 et
2632 3164 2928 3219 Zacharias
2961 3172 3222 3220 structor.
3253 3163 3375 3220 ISIis
3399 3180 3528 3234 ergo
3557 3173 3793 3233 quatuor
3819 3178 3920 3232 pro

672 3273 729 3318 et
755 3275 812 3319 ut
845 3266 1077 3320 breviter
1109 3274 1283 3321 totum
1314 3267 1515 3331 dicam,
1561 3269 1884 3324 alterutrum
1924 3284 2020 3324 vos
2043 3270 2098 3323 in
2126 3271 2249 3340 qui-

679 3358 781 3412 bus
799 3373 886 3412 res
915 3360 1223 3429 poposcerit
1246 3367 1569 3416 sustentate.
1593 3359 1760 3416 Deum
1786 3362 1952 3416 colite
1976 3363 2066 3431 qui
2096 3378 2248 3417 crea-

675 3451 751 3502 vit
770 3451 968 3503 cmlum
996 3457 1050 3504 ct
1087 3458 1312 3512 terram,
1345 3449 1567 3507 Christo
1607 3453 1832 3517 credite,
1863 3454 2092 3509 invicem
2125 3455 2249 3508 dili-

676 3541 809 3609 gite,
843 3541 1227 3595 misericordes
1259 3549 1434 3597 estote
1463 3543 1529 3596 ad
1560 3557 1772 3608 omnes,
1801 3561 1908 3599 non
1943 3547 2107 3609 verbo
2127 3549 2247 3602 solo

677 3631 770 3686 sed
798 3639 852 3686 et
883 3647 1050 3702 Opere
1077 3640 1130 3687 et
1152 3633 1315 3686 rebus
1337 3635 1555 3703 implete
1583 3636 1926 3691 charitatem.
2215 3623 2218 3633 ’

747 3721 951 3778 LXVII.
985 3723 1200 3778 Etcum
1232 3725 1346 3779 haec
1383 3733 1546 3794 atque
1600 3726 1688 3781 his
1727 3728 1925 3781 similia
1959 3728 2246 3797 praecepis-

675 3822 778 3877 sct,
809 3817 1182 3884 pronuntiavit
1199 3816 1267 3870 ad
1291 3819 1547 3887 populum
1571 3819 1760 3874 dicens
1786 3838 1799 3874 :
1835 3819 2098 3887 Quoniam
2131 3829 2244 3875 tres

675 3923 891 3963 menses
913 3910 1076 3962 statui
1105 3908 1281 3964 facere
1311 3911 1589 3965 vobiscum
1612 3951 1628 3975 ,
1657 3914 1701 3968 si
1732 3914 1857 3982 quis
1888 3924 2124 3969 vestrum
2149 3915 2242 3970 de-

674 3998 900 4062 siderat,
930 4000 1252 4070 baptizetur,
1311 4009 1371 4055 ut
1416 4009 1615 4058 exutus
1642 4003 1920 4072 prioribus
1964 4006 2144 4070 malis,
2176 4008 2241 4060 de

673 4091 880 4160 reliquo
912 4107 1009 4161 pro
1039 4092 1196 4147 bonis
1220 4093 1429 4147 actibus
1451 4093 1622 4148 haeres
1641 4094 1905 4149 bonorum
1936 4097 2239 4150 caelestium

668 4195 734 4232 ex
766 4181 937 4248 gestis
987 4183 1224 4250 propriis
1277 4182 1388 4235 flat.
1448 4182 1684 4237 Accedat
1705 4199 1836 4253 ergo
1880 4186 1970 4254 qui
2033 4188 2145 4241 vult
2173 4188 2239 4241 ad

670 4269 1013 4332 Zacchaum.
1040 4281 1093 4326 et
1125 4272 1226 4340 ipsi
1259 4270 1350 4324 det
1392 4286 1590 4326 nomen
1619 4289 1780 4328 suum
1815 4275 1953 4344 (96),
1980 4285 2142 4346 atque
2171 4278 2240 4331 ab

667 4377 734 4417 eo
764 4363 948 4415 audiat
973 4363 1227 4432 mysteria
1252 4361 1402 4430 regni
1432 4364 1958 4435 cmlorumJejuniis
1991 4367 2240 4438 frequen-

668 4453 814 4506 tibus
844 4463 1064 4522 operam
1100 4453 1374 4522 impendat
1404 4470 1467 4508 ac
1517 4459 1867 4527 semetipsum
1900 4459 1954 4514 in
1983 4462 2236 4517 omnibus

2354 3255 2439 3309 his
2463 3262 2698 3324 quatuor
2743 3255 3057 3311 substitutis
3094 3255 3298 3327 expleri
3330 3255 3452 3311 volo
3493 3255 3783 3310 duodecim
3814 3247 3920 3307 nu;

2353 3354 2670 3412 merum,'ut
2702 3361 2787 3402 me
2826 3347 2882 3401 in
2921 3346 3056 3418 ipsis
3083 3347 3297 3417 semper
3326 3361 3511 3403 secum
3553 3361 3676 3402 esse
3714 3347 3919 3402 sentiat

2352 3434 2560 3491 Simon.

2417 3555 2599 3610 LXIX.
2669 3556 3037 3626 Sequestratis
3089 3554 3251 3625 igitur
3303 3571 3385 3610 me
3435 3553 3712 3609 Clemente
3742 3564 3796 3611 et
3825 3554 3920 3607 Ni-

2346 3657 2463 3701 ccta
2509 3655 2562 3702 et
2602 3647 2818 3717 Aquila,
2863 3647 2929 3698 ad
2967 3647 3090 3699 illos
3119 3644 3407 3698 duodecim
3455 3631 3578 3698 ait':
3622 3641 3762 3697 Volo
3815 3658 3912 3696 vos

2347 3744 2472 3807 post
2502 3737 2642 3791 diem
2668 3738 2970 3790 crastinum
3003 3734 3273 3805 proficisci
3306 3734 3369 3787 ad
3395 3742 3583 3803 gentes
3611 3744 3664 3787 et
3685 3735 3915 3803 vestigia

2350 3828 2586 3883 Simonis
2616 3827 2851 3896 insequi,
2883 3834 2941 3879 ut
2965 3825 3150 3879 omnia
3175 3839 3293 3892 quae
3324 3833 3435 3890 agit
3464 3822 3756 3876 manifesta
3781 3823 3911 3875 mihi

2348 3917 2584 3973 faciatis.
2629 3919 2734 3973 Sed
2775 3926 2829 3972 et
2868 3915 3206 3986 prepositum
3249 3915 3586 3984 singulorum
3625 3913 3914 3981 diligenter

2343 4013 2603 4080 requirite
2634 4019 2686 4065 et
2723 4026 2809 4064 me
2848 3987 3166 4062 adluturuin
3210 4008 3328 4062 sine
3369 4021 3520 4060 mora
3565 4007 3648 4060 eis
3692 4021 3913 4059 annun-

2341 4103 2492 4166 tiate,
2524 4109 2577 4155 et
2603 4117 2669 4154 ne
2699 4102 2870 4153 multa
2900 4101 3056 4154 vobis
3086 4099 3288 4162 dicam,
3323 4113 3415 4167 per
3441 4099 3624 4151 omnia
3658 4098 3912 4151 instruite

2340 4185 2571 4262 gentiles
2608 4198 2926 4259 exspectare
2963 4189 3250 4243 adventum
3285 4203 3484 4241 meum.
3511 4186 3766 4254 Cumque
3794 4186 3906 4239 lucc

2341 4293 2502 4354 atque
2525 4283 2610 4337 his
2629 4283 2826 4338 similia
2840 4281 3066 4335 dixisset
3090 4299 3100 4332 :
3129 4279 3302 4332 Etiam
3317 4294 3434 4350 vos,
3461 4278 3660 4347 inquit,
3688 4277 3907 4338 fratres,

2342 4376 2387 4430 si
2430 4375 2558 4445 quid
2591 4375 2746 4430 vobis
2783 4377 2848 4426 ad
2880 4372 3260 4434 haecwidetur,
3287 4371 3470 4433 dicite,
3513 4387 3579 4425 ne
3626 4369 3768 4424 forte
3801 4385 3907 4422 non

2342 4468 2411 4523 sit
2455 4474 2661 4521 rectum
2693 4465 2835 4534 quod
2870 4463 3001 4516 mihi
3030 4463 3130 4517 soli
3168 4462 3362 4530 piaret.
3391 4459 3528 4514 Tum
3561 4476 3758 4515 omnes
3802 4477 3905 4512 una

668 4547 878 4613 probet,
914 4554 972 4598 ut
996 4545 1175 4599 tribus
1207 4546 1291 4599 his
1334 4549 1613 4603 mensibus
1651 4549 2042 4608 consummatis
2066 4554 2120 4606 in
2146 4555 2233 4609 die
2266 4536 2308 4590 Ῑ)
2339 4571 2466 4610 voce
2496 4554 2868 4610 collaudantes
2895 4568 3018 4607 eum
3055 4570 3066 4606 :
3104 4549 3379 4621 Rogamus
3421 4552 3616 4619 magis,
3664 4551 3904 4607 aiebant.

667 4637 805 4690 festo
835 4636 1008 4704 possit
1033 4638 1318 4705 baptizari.
1355 4637 1724 4706 Baptizabitur
1746 4651 1922 4696 autem
1947 4647 2236 4713 unusquis-

664 4745 769 4798 que
801 4738 1040 4783 veatrum
1073 4729 1126 4781 in
1149 4731 1305 4798 aquis
1332 4731 1659 4799 perennibus
1683 4734 2085 4790 nomine’l‘rinaa
2111 4740 2234 4792 Bea-

663 4810 918 4883 titudinis
949 4819 1206 4873 invocato
1255 4835 1418 4889 super
1467 4835 1548 4887 se,
1581 4831 1877 4892 perunctus
1909 4825 2086 4894 primo
2113 4827 2234 4882 oleo

2340 4657 2396 4702 ut
2445 4662 2543 4716 pro
2589 4646 2819 4699 arbitrio
2846 4654 2938 4698 tuo
2964 4654 3162 4697 cuncta
3209 4645 3471 4712 disponas
3508 4650 3561 4696 et
3609 4642 3757 4712 quod
3807 4643 3904 4697 tibi

2339 4738 2442 4807 ipsi
2471 4737 2684 4791 videtur
2721 4736 2943 4805 jubcas;
2974 4734 3076 4788 hoc
3115 4734 3258 4788 enim
3309 4745 3564 4804 putamus
3596 4749 3723 4788 esse
3770 4748 3906 4800 Opus

2341 4833 2612 4902 integuum
2645 4830 2884 4900 pictatis,
2917 4828 2963 4882 si
2994 4842 3113 4896 qua:
3135 4833 3191 4880 tu
3218 4825 3451 4896 jusseris
3481 4825 3834 4896 impleamus.

1960 5001 2327 5060 COTELERII
2361 5004 2592 5061 ΝΟΤᾹΞ.

727 5139 834 5207 (96)
879 5136 944 5191 Et
976 5137 1076 5206 ipsi
1113 5137 1205 5190 det.
1234 5153 1416 5190 nomen
1452 5155 1624 5192 suum.
1652 5136 1755 5203 Qui
1785 5136 2078 5193 Christiani
2113 5140 2228 5195 fieri

656 5211 934 5280 voiebant,
965 5209 1168 5280 dabant
1199 5225 1356 5261 suum
1383 5223 1577 5261 nomen
1607 5208 1671 5260 ad
1697 5209 2052 5277 baptismum,
2082 5213 2226 5280 quod

655 5279 992 5335 scriberetur
1016 5294 1044 5329 a
1075 5279 1222 5331 clero
1249 5321 1261 5342 ,
1295 5287 1593 5346 posteaque
1617 5279 2149 5348 όνοματογραφέντες
2169 5291 2223 5335 et

653 5349 951 5405 subscripti
979 5349 1324 5402 dicebantur.
1361 5348 1643 5402 Celebrem
1677 5349 1843 5400 ritum
1877 5349 2076 5403 docent
2099 5366 2221 5403 cum

653 5366 868 5405 siinscrl
914 5366 951 5400 ιι
979 5366 1324 5402 dicebantur.
1361 5366 1643 5402 Celenrcm
1677 5366 1843 5400 ritum
1877 5366 2076 5403 uocent
2099 5366 2220 5403 cum

653 5420 839 5473 multis
875 5366 1106 5472 giricius
1151 5434 1308 5488 papa.
1348 5419 1509 5485 epist.
1551 5419 1602 5489 l,
1636 5432 1756 5486 cap.
1801 5417 1855 5481 2,
1904 5426 1956 5472 et
1982 5420 2220 5489 Cyrillus

651 5488 1193 5559 Hierosolymitanus,
1237 5489 1514 5559 catechcsi
1547 5488 1810 5559 75,_alque
1837 5490 1890 5540 in
1937 5488 2217 5559 opsum-

651 5507 1193 5559 Ιιιει·οδοι)·ιηιιειιιυε,
1237 5507 1504 5541 (Ἢιευιιρει
1555 5507 1621 5551 οι
1649 5507 1810 5556 atque
1837 5507 1890 5540 ιη
1937 5507 2148 5559 ιιροκιτ
2191 5519 2217 5530 ·

649 5563 822 5631 χήσει.
864 5558 932 5631 Ea
965 5557 1399 5631 Procatechesis,
1425 5567 1480 5631 ut
1507 5558 1558 5610 id
1588 5557 2071 5631 obiter_moneam,
2104 5507 2217 5612 veri-

650 5627 712 5683 iit'
753 5629 972 5683 homilia
1008 5627 1065 5681 S.
1100 5628 1308 5698 Basilii
1353 5627 1424 5680 De
1456 5629 1735 5694 baptismo,
1768 5627 1899 5698 Περὶ
1937 5629 2216 5697 φωτίσμα-

644 5717 755 5762 τος.
784 5707 986 5761 exstat,
1020 5697 1114 5752 sed
1146 5698 1314 5750 multa
1345 5713 1468 5750 cum
1515 5697 1855 5757 diversitate,
1888 5698 1941 5750 in
1974 5699 2215 5764 antiquis

646 5771 976 5823 membranis
1019 5768 1364 5822 Bibliotheca:
1412 5766 1591 5837 Regina
1627 5769 1750 5821 cod.
1796 5768 1931 5823 1260
1969 5776 2022 5821 et
2051 5768 2210 5831 2405,

643 5841 709 5895 ad
751 5840 910 5909 cujus
953 5838 1277 5910 posterioris
1310 5839 1518 5894 codicis
1553 5839 1849 5908 marginem
1892 5839 1972 5893 sic
2008 5840 2216 5892 notavit

2338 5142 2564 5214 criticus
2593 5139 2812 5214 Graecus
2840 5159 2853 5214 ς
2886 5140 3075 5214 Σαφῶς
3106 5143 3238 5213 ἡμῖν
3277 5138 3526 5214 ξείκνυσε
3549 5141 3582 5214 ὁ.
3613 5144 3902 5214 χςιραίκτὴρ

2329 5212 2423 5283 τεοῦ
2461 5211 2817 5283 προκειμένου
2843 5208 3020 5283 λόχοι),
3056 5208 3136 5262 ὂτί
3159 5213 3254 5262 οὐκ
3288 5209 3399 5283 ἔφη
3439 5208 3528 5260 τοῦ
3563 5208 3901 5283 ἁγέορ-Βαέέ-

2330 5277 2586 5335 λείου.’ῐη
2628 5277 2862 5336 concilio
2905 5279 3512 5348 Const:mtinopolitano
3553 5280 3655 5348 sub
3696 5277 3849 5335 Mena
3887 5304 3897 5336 :

2327 5352 2594 5418 Στέφανος
2625 5351 2893 5412 διάκονος,
2928 5353 2956 5403 ό
3002 5353 3094 5403 καὶ
3139 5350 3236 5413 τὰς
3268 5347 3634 5418 πφσηγορίας
3673 5350 3782 5402 τῶν
3823 5355 3901 5415 εἰς

2323 5419 2390 5528 τε
2437 5417 2578 5474 Θεῐον
2631 5420 2908 5490 βάπτισμα
2963 5417 3644 5492 προσιόντωγὲγγράφειν
3699 5436 3900 5489 τεταγ-

2329 5506 2358 5528 ΙΙ
2397 5508 2482 5528 Uﬁ.‘

2368 5508 2501 5552 ενος.

2326 5506 2501 5629 μνᾶἳῆ
2539 5559 2714 5614 Possit
2738 5560 2996 5627 percipere
3017 5559 3079 5612 de
3105 5559 3322 5613 sanctis.
3347 5555 3460 5629 Hoc
3479 5564 3582 5619 est,
3613 5573 3816 5627 corpus
3844 5570 3898 5615 et

2322 5628 2644 5698 sanguinem
2687 5630 2912 5684 Christi.
2953 5630 3008 5683 Id
3051 5646 3179 5683 vero
3218 5644 3408 5749 magna
3448 5628 3758 5695 ignorantia
3790 5646 3897 5684 non

2323 5699 2636 5749 intelligens
2663 5701 3081 5749 consarcinator
3107 5702 3283 5749 tertiae
3361 5696 3614 5749 em'elalis
3641 5697 3897 5749 Clemen-

2323 5696 2636 5768 intelligens
2663 5701 3081 5754 consarcinator
3107 5702 3283 5754 tertiae
3315 5696 3614 5751 Decrelalis
3641 5697 3898 5753 Clemen-

2323 5769 2414 5828 tis.
2447 5771 2526 5822 sic
2549 5770 2728 5823 Rufini
2761 5770 2918 5825 verba
2949 5771 3325 5840 interpolavit:
3351 5768 3796 5839 possitpercipere
3823 5771 3896 5824 fo-

2321 5856 2438 5892 cum
2461 5857 2577 5894 cum
2601 5843 2816 5895 sanctis.
