4078 6336
170 379 311 436 1513

1300 386 1867 449 RECOGNITIONUM
1907 388 2034 449 LIB.
2077 388 2162 451 III.

3285 400 3432 458 ἐἶτα

244 492 496 585 LXX-f-
519 494 693 565 lgitur
725 504 934 553 statuto
981 496 1071 555 die
1111 512 1241 553 cum
1288 502 1573 557 stetissent
1618 515 1749 559 ante
1775 514 1823 570 Α
1851 508 2172 578 relinquens
2201 524 2342 580 quos
2365 526 2475 565 non
2521 518 2761 583 oportet;
2802 511 2886 569 vel
2926 524 3157 571 uxorem
3188 516 3429 585 ﬁdelem,

165 586 413 651 Petrum,
443 584 522 642 Ne
540 588 847 651 arbitreris,
880 591 1055 656 aiunt,
1098 590 1276 657 Petre,
1311 608 1537 663 parvum
1587 596 1743 652 nobis

1850 601 1934 654 vel
1985 601 2029 655 si
2080 616 2201 671 qua:
2276 603 2319 634 ’θ
2362 601 2853 675 διιηιξιιυίυεητοᾱί
2910 622 3187 683 personae;
3227 610 3427 680 quibus

165 679 337 732 indici
368 685 689 742 mererem,
720 680 868 749 quod
901 682 1220 738 haudamur
1250 700 1357 738 non
1384 685 1671 741 audientes
1696 694 1748 742 te

166 784 266 838 per
308 784 523 825 menses
558 777 699 836 tres;
734 770 830 825 sed
878 774 1136 842 quoniam
1174 775 1280 829 hoc
1326 775 1546 845 expedit
1586 792 1747 847 agere

162 864 318 933 quod
363 873 418 917 tu
457 861 643 934 jubes,
678 863 997 920 obediemus
1041 867 1485 935 promptissime;
1530 882 1748 937 semper

162 971 300 1025 ergo
322 957 531 1009 vultum
566 963 719 1009 tuum
753 956 807 1010 in
846 964 1041 1012 nostro
1065 956 1231 1013 corde
1266 958 1570 1014 retinentes
1598 960 1743 1014 sicut

160 1048 384 1117 jussisti
430 1050 640 1102 alacres
673 1050 1094 1118 proﬁciscimur.
1135 1050 1204 1103 At
1232 1050 1323 1106 ille
1352 1052 1605 1106 oratione
1642 1066 1746 1121 pro

163 1141 245 1194 eis
285 1140 350 1193 ad
384 1140 671 1193 Dominum
715 1142 833 1195 fusa
861 1142 1048 1195 emisit
1078 1157 1194 1198 eos.
1235 1141 1301 1195 Et
1340 1157 1465 1198 cum
1510 1142 1743 1213 profecti

164 1231 403 1287 fuissent
446 1231 523 1285 illi
568 1231 855 1287 duodecim
896 1234 989 1303 qui
1035 1234 1305 1304 praemissi
1347 1241 1496 1300 sunt,
1541 1234 1741 1290 Petrus

164 1326 452 1394 ingressus
479 1340 545 1379 ex
568 1340 718 1379 more
747 1325 801 1379 in
832 1326 950 1379 loco
979 1326 1368 1396 disputationis
1400 1327 1569 1382 stetit.
1596 1326 1744 1381 Con-

162 1424 392 1470 venerat
423 1424 603 1471 autem
638 1418 822 1495 populi
867 1417 1180 1478 multitudo,
1226 1418 1509 1487 copiosior
1545 1432 1743 1473 nume-

162 1523 262 1562 rus
289 1522 451 1577 quam
481 1509 710 1572 solebat,
731 1517 783 1563 et
806 1524 997 1564 omnes
1019 1522 1142 1564 cum
1174 1510 1430 1581 lacrymis
1454 1510 1743 1565 intueban-

160 1607 250 1653 tur
281 1614 428 1662 eum,
464 1614 560 1671 pro
588 1614 655 1654 eo
686 1598 829 1670 quod
862 1600 1036 1670 pridie
1064 1602 1131 1655 ab
1161 1616 1227 1656 eo
1256 1600 1561 1666 audissent,
1602 1617 1739 1671 pro-

161 1689 436 1745 fecturum
461 1707 519 1746 se
541 1690 778 1746 Simonis
798 1693 991 1761 gratia.
1017 1676 1121 1746 Sed
1144 1701 1197 1747 et
1222 1684 1338 1763 ipse
1365 1693 1738 1763 lacrymantes

157 1799 256 1837 eos
284 1785 477 1839 videns
500 1784 698 1838 similia
726 1784 1053 1854 patiebatur,
1082 1785 1209 1839 licet
1235 1793 1529 1839 conaretur
1552 1788 1741 1841 occul-

159 1882 283 1928 tare
324 1886 381 1930 et
424 1876 674 1947 inhibere
719 1877 1021 1947 lacrymas;
1062 1876 1397 1946 prodebatur
1444 1884 1628 1931 tamen
1674 1894 1743 1933 ex

158 1976 404 2022 tremore
419 1968 571 2021 vocis
588 1977 641 2021 et
665 1968 1061 2038 interruptione
1088 1971 1382 2036 sermonis,
1407 1971 1553 2040 quod
1577 1972 1742 2026 simili

158 2069 455 2129 angeretur
485 2058 700 2115 affectu.

226 2151 420 2205 LXXI.
464 2151 846 2207 Verumtamen
897 2168 1060 2207 manu
1102 2152 1418 2210 confricans
1484 2154 1739 2220 frontem,

158 2246 349 2315 Equo
376 2248 580 2308 animo,
607 2246 803 2313 inquit,
821 2252 1018 2309 estote,
1040 2245 1260 2313 fratres,
1276 2257 1328 2301 et
1358 2246 1742 2303 misericordes

158 2341 381 2392 animas
402 2344 621 2393 vestras
644 2338 862 2392 consilii
890 2338 1102 2393 ratione
1134 2338 1409 2402 solamini,
1435 2339 1741 2393 referentes

157 2444 347 2483 omnia
384 2430 452 2483 ad
487 2429 674 2491 Deum,
708 2429 867 2498 cujus
891 2430 1066 2484 solius
1104 2430 1376 2500 implenda
1397 2438 1451 2484 et
1482 2431 1534 2483 in
1557 2430 1744 2483 omni-

156 2525 261 2577 lius
314 2522 650 2592 praeferenda
685 2524 938 2575 voluntas
980 2528 1085 2575 est.
1121 2519 1256 2574 Nam
1289 2522 1336 2577 si
1380 2522 1533 2576 verbi
1568 2521 1743 2591 gratia

157 2630 456 2685 ponamus,
492 2614 634 2683 quod
671 2628 766 2682 pro
793 2612 988 2667 all'ectu
1021 2627 1183 2681 quem
1207 2628 1334 2682 erga
1356 2627 1454 2667 vos
1476 2614 1735 2684 gerimus,

160 2714 357 2762 contra
396 2707 731 2759 voluntatem
772 2706 893 2773 ejus
924 2703 1145 2774 agentes
1186 2703 1529 2765 resideamus
1561 2704 1744 2759 vobis-

156 2814 309 2860 cum,
349 2797 595 2867 nunquid
628 2813 733 2851 non
773 2805 952 2865 potest
982 2798 1153 2851 missa
1177 2797 1229 2850 in
1262 2813 1348 2852 me
1388 2804 1587 2859 morte,
1613 2812 1741 2866 pro-

158 2889 454 2946 fectionem
482 2889 615 2943 mihi
639 2905 668 2941 a
699 2888 857 2944 vobis
886 2888 1130 2943 indicere
1160 2890 1504 2960 longiorem?
1531 2888 1598 2943 Et
1622 2891 1745 2946 ideo

161 2984 361 3037 melius
390 2990 474 3036 est
507 2990 565 3035 ut
598 2981 736 3035 hanc
767 2982 1074 3036 breviorem
1100 2984 1223 3035 cum
1262 2983 1543 3036 voluntate
1570 2983 1744 3053 ipsius

161 3074 515 3144 impleamus,
554 3080 739 3142 utpote
782 3074 983 3142 quibus
1027 3072 1311 3127 definitum
1342 3081 1426 3128 est
1470 3073 1523 3125 in
1567 3076 1745 3128 omni-

1848 701 2073 760 pr0pter
2120 692 2299 748 Deum
2339 694 2543 750 deferri
2588 698 2848 753 solatium
2894 700 3152 754 convenit
3214 700 3429 757 Interea

1848 799 1944 852 per
1976 784 2093 840 dies
2125 786 2375 857 singulos
2410 790 2701 861 disputans
2727 798 2781 846 et
2822 792 3051 856 docens,
3084 794 3429 863 prepositum

1848 882 2064 945 tempus
2112 877 2168 931 in
2211 878 2477 935 doctrinas
2507 882 2696 937 labore
2725 884 3039 953 complevit.
3073 883 3142 937 Et
3169 899 3296 938 eum
3327 883 3427 938 ad-

1846 967 2087 1023 venisset
2126 968 2245 1025 dies
2275 970 2449 1028 festus
2473 998 2499 1037 ,-
2539 990 2709 1045 super
2737 974 2931 1031 decem
2960 976 3137 1030 millia
3170 975 3427 1046 haptizsti

1845 1067 1992 1113 sunt.

1917 1151 2152 1211 LXXIII.
2195 1153 2256 1209 In
2296 1155 2409 1213 illis
2432 1164 2615 1211 autem
2650 1157 2843 1214 diebus
2870 1150 3104 1229 epistola
3134 1156 3373 1214 mittitur
3395 1172 3429 1213 ι

1846 1241 2108 1303 fratribus
2130 1247 2233 1317 qui:
2258 1257 2683 1317 praecesserant,
2719 1250 2773 1304 in
2798 1264 2905 1320 qua
2942 1248 3184 1305 Simonis
3216 1251 3430 1306 scelera

1843 1338 2300 1404 continebantur,
2360 1340 2638 1411 quomodo
2696 1357 2797 1412 per
2843 1341 3095 1396 civitates
3153 1342 3430 1411 deciperet

1844 1429 2033 1485 turbas
2080 1438 2136 1486 et
2167 1429 2390 1486 Petrum
2441 1449 2540 1503 per
2581 1434 2798 1505 singula
2839 1434 3142 1497 laceraret,
3191 1440 3250 1487 ut
3300 1447 3428 1487 cum

1843 1519 1983 1574 forte
2012 1521 2325 1579 advenisset
2345 1564 2359 1586 ,
2394 1525 2579 1581 nullus
2610 1526 2659 1580 ei
2691 1525 3131 1580 accommodaret
3156 1524 3430 1578 auditum.

1840 1606 2135 1663 Asserebat
2180 1610 2327 1665 enim
2373 1628 2497 1666 eum
2547 1628 2765 1684 magum
2841 1629 2966 1668 esse
3023 1621 3077 1669 et
3130 1615 3251 1668 sine
3291 1612 3425 1677 Deo,

1842 1697 2170 1767 injuriosum
2197 1741 2214 1766 ,
2266 1702 2525 1757 callidum
2552 1745 2567 1770 ,
2614 1704 2930 1774 imperitum
2968 1711 3019 1759 et
3064 1703 3429 1774 impossibilia

1844 1789 2210 1857 proﬁtentem.
2260 1790 2507 1847 Mortuos
2551 1793 2697 1847 enim
2748 1790 3159 1849 resurrecturos
3190 1796 3426 1857 asserit,

1772 1856 1816 1912 Β
1846 1856 1991 1946 quod
2020 1885 2125 1943 est,
2161 1880 2359 1951 inquit,
2389 1882 2750 1951 impossibile.
2774 1881 2830 1937 Si
2863 1885 2956 1953 qui
2982 1898 3114 1939 vero
3142 1900 3266 1939 eum
3296 1856 3427 1939 con?

1845 1967 2027 2023 futare
2049 1970 2223 2034 velit,
2275 1973 2509 2027 occultis
2550 1974 2618 2028 ab
2650 1989 2716 2027 eo
2746 1974 2964 2029 insidiis
3004 1976 3295 2045 perimitur
3333 1991 3430 2045 per

1846 2061 2113 2117 satellites
2147 2063 2302 2131 ejus;
2352 2072 2575 2134 prepter
2599 2066 2745 2137 quod
2772 2106 2785 2130 ,
2822 2068 3022 2137 inquit,
3086 2076 3141 2122 et
3162 2084 3263 2138 ego
3303 2084 3427 2121 cum

1843 2165 1969 2205 eum
2017 2166 2367 2221 superassem
2405 2161 2459 2207 et
2506 2155 2934 2224 triumphassem
2962 2194 2976 2219 ,
3030 2155 3260 2209 insidias
3308 2156 3428 2224 ejus

1845 2240 2056 2295 veritus
2088 2239 2233 2311 fugi,
2267 2257 2337 2296 ne
2367 2240 2506 2296 forte
2551 2241 2836 2295 maleficiis
2880 2256 2965 2295 me
3004 2241 3297 2311 perimeret
3335 2247 3430 2293 aut

1846 2342 2075 2386 mortem
2106 2347 2281 2387 meam
2314 2348 2409 2401 per
2438 2332 2670 2386 insidias
2701 2332 2962 2387 elocaret.
2988 2329 3310 2385 Indicabant
3334 2344 3427 2384 au-

1844 2430 1953 2479 tem
1988 2424 2224 2477 maxime
2249 2437 2373 2477 eum
2415 2424 2558 2492 apud
2596 2420 2860 2491 Tripolim
2893 2422 3191 2475 demorari.

1917 2512 2153 2568 LXXIV.
2191 2512 2362 2581 Igitur
2406 2510 2602 2567 Petrus
2646 2512 2935 2583 epistolam
2973 2511 3192 2565 recitari
3228 2513 3430 2579 populo

1842 2608 2018 2677 jubet,
2043 2614 2096 2662 et
2126 2616 2247 2677 post
2281 2609 2573 2662 lectionem
2597 2607 2887 2676 allocutus
2934 2620 3029 2659 eos
3070 2605 3142 2659 de
3173 2605 3431 2659 omnibus

1848 2700 2165 2769 plenissime
2207 2700 2509 2763 instruxit,
2539 2699 2813 2768 praecipue
2841 2706 3024 2751 tamen
3058 2702 3117 2749 ut
3144 2695 3431 2750 obetlirent

1848 2790 2145 2855 Zacclueo,
2198 2805 2361 2861 quem
2387 2786 2682 2844 ‘ordinavit
2723 2789 2807 2843 eis
2833 2788 3172 2857 episcopum.
3218 2784 3326 2840 Sed
3376 2793 3431 2841 et

1848 2885 2201 2955 presbyteros
2233 2891 2286 2938 et
2316 2882 2582 2939 diaconos
2612 2881 2837 2951 populo,
2889 2888 2943 2934 et
2983 2879 3122 2948 ipsis
3153 2877 3430 2932 nihilomi-

1848 2993 1954 3032 nus
2006 2978 2268 3049 pOpuium
2316 2974 2740 3039 commendavit.
2779 2970 3063 3040 Simulque
3100 2969 3437 3023 denuntians

1846 3070 1995 3141 quod
2034 3068 2172 3138 apud
2219 3066 2483 3136 Tripolim
2515 3065 2855 3118 hiematurus
2884 3068 3062 3125 esset,
3092 3058 3435 3115 Commendo

160 3166 266 3221 bus
294 3166 537 3222 .obedire
569 3164 711 3231 Deo;
748 3166 891 3220 unde
934 3173 988 3219 et
1031 3178 1130 3219 vos
1170 3164 1381 3219 debetis
1421 3165 1586 3219 simili
1615 3166 1745 3221 obe-
1773 3192 1815 3248 ο
1849 3176 1982 3223 vos,
2032 3159 2248 3228 inquit,
2300 3158 2491 3227 gratia:
2540 3154 2670 3216 Dei,
2715 3153 2961 3207 crastino
2994 3166 3119 3205 cum
3150 3151 3433 3204 voluntates

161 3257 371 3312 dientia
405 3272 599 3327 parere
629 3257 701 3317 ei,
746 3257 947 3326 quippe
978 3258 1070 3326 qui
1101 3256 1265 3311 etiam
1300 3270 1385 3311 me
1413 3272 1520 3323 non
1544 3256 1650 3311 alia
1677 3272 1741 3310 ex

160 3366 357 3411 causa,
388 3350 489 3403 nisi
509 3365 605 3419 pro
625 3350 796 3418 ipsius
820 3364 1005 3403 amore
1036 3348 1300 3418 diligatis.
1327 3346 1397 3401 Ut
1420 3364 1552 3419 ergo
1576 3349 1739 3402 amici

163 3442 292 3505 Dei,
336 3443 601 3495 voluntati
634 3443 753 3510 ejus
807 3442 1207 3510 obtemperate;
1257 3440 1351 3496 sed
1392 3448 1447 3495 et
1495 3456 1592 3496 vos
1640 3441 1743 3511 ipsi

160 3539 395 3607 probate
426 3535 571 3607 quod
598 3534 806 3604 justum
840 3541 940 3589 est.
976 3531 1235 3602 Nunquid
1259 3547 1366 3585 non
1401 3532 1629 3601 impium
1662 3533 1745 3586 vi-

162 3629 422 3691 debatur,
470 3628 516 3682 si
557 3641 681 3679 eum
720 3641 820 3680 vos
866 3623 1058 3678 Simon
1107 3624 1407 3693 deciperet,
1481 3638 1582 3693 ego
1634 3639 1743 3677 non

163 3721 441 3775 venissem
478 3717 544 3773 ad
578 3733 679 3773 vos
707 3717 961 3772 detentus
1004 3730 1033 3768 a
1078 3714 1340 3769 fratribus
1375 3714 1469 3784 qui
1505 3722 1664 3769 erant
1690 3715 1743 3769 in

164 3810 534 3877 llieru$alem,
584 3817 637 3863 et
684 3807 904 3878 quidem
953 3822 1076 3862 cum
1126 3806 1404 3861 haberetis
1449 3799 1593 3876 apud
1646 3821 1745 3861 vos

161 3904 514 3965 Zaechseum,
564 3903 740 3956 virum
780 3900 984 3955 bonum
1018 3906 1072 3954 et
1111 3898 1167 3953 in
1210 3913 1465 3954 sermone
1508 3898 1738 3968 expedi-

164 3996 323 4049 tum?
352 3994 428 4047 lta
451 4009 580 4064 ergo
608 3999 661 4047 et
684 4008 831 4047 nunc
853 3992 1080 4062 impium
1102 3991 1362 4059 judicate,
1390 3991 1436 4044 si
1466 4004 1592 4053 eum
1616 4005 1721 4043 ex-

164 4090 293 4143 ierit
324 4086 513 4141 Simon
554 4086 621 4140 ad
652 4093 841 4157 gentes
872 4083 1293 4155 impngnandas,
1323 4082 1527 4153 quibus
1563 4083 1747 4137 nullus

163 4180 395 4234 omnino
420 4177 675 4233 defensor
705 4187 809 4241 est,
831 4192 931 4247 ego
960 4192 1068 4231 non
1094 4176 1401 4247 subsequar
1429 4175 1685 4231 detentus
1717 4194 1746 4231 a

162 4271 345 4327 vobis.
385 4269 616 4341 Propter
658 4269 802 4339 quod
849 4269 1226 4331 observemus,
1260 4283 1328 4323 ne
1376 4266 1517 4325 forte
1548 4269 1746 4324 aﬂ’ectu

166 4366 375 4435 injusto
406 4364 742 4417 voluntatem
769 4360 994 4432 maligni
1028 4359 1296 4417 faciamus

237 4454 452 4511 LXXII.
493 4454 713 4509 Interim
751 4453 950 4515 tribus,
1021 4460 1081 4506 ut
1149 4450 1283 4514 dixi,
1315 4451 1597 4508 mensibus
1624 4468 1748 4521 per-

1848 3251 2065 3305 Domini
2096 3248 2465 3319 profecturus.
2497 3244 2602 3301 Per
2623 3252 2769 3299 totos
2790 3246 2829 3276 "
2862 3250 3045 3297 autem
3070 3251 3183 3295 tres
3215 3256 3436 3293 menses

1846 3358 1987 3415 quos
2031 3341 2175 3412 apud
2223 3339 2531 3394 Caesaream
2574 3337 2840 3391 doctrinre
2889 3348 3058 3389 causa
3100 3332 3429 3401 .exegimus,

1847 3451 2187 3508 quaecunque
2215 3431 2357 3502 apud
2382 3431 2643 3501 populum
2674 3428 2981 3484 disserebat
3010 3441 3105 3494 per
3128 3424 3293 3485 diem,
3314 3423 3427 3478 haec

1848 3529 2007 3583 nobis
2043 3533 2258 3582 secreto
2295 3522 2716 3578 lucubrantibus
2746 3534 2933 3575 secum
2980 3515 3194 3586 plenius
3220 3522 3276 3593 et
3309 3529 3426 3584 per-

1848 3620 2047 3677 fectius
2078 3617 2407 3687 explanabat
2428 3655 2441 3678 ,
2466 3622 2728 3683 tanquam
2763 3611 3103 3666 ﬁdelioribus
3134 3623 3198 3662 ac
3229 3608 3333 3663 sibi
3368 3606 3428 3659 li-

1848 3714 2017 3784 quido
2048 3711 2314 3781 probatis.
2350 3707 2527 3762 Simul
2551 3714 2605 3761 et
2646 3706 2879 3774 imperat
2920 3702 3075 3763 mihi,
3109 3700 3239 3769 quia
3270 3698 3433 3752 intel~

1849 3807 1981 3862 lexit
2006 3820 2097 3859 me
2117 3801 2424 3859 studiosius
2449 3815 2570 3869 qua:
2585 3796 2838 3851 audirem
2876 3793 3138 3849 memoria
3154 3806 3433 3845 commen-

1848 3902 2002 3963 dare,
2051 3898 2205 3952 libris
2247 3893 2460 3964 slngula
2501 3906 2729 3962 quaeque
2763 3903 2887 3958 qure
2920 3892 3217 3941 memoratu
3262 3882 3429 3951 digna

1848 3991 2176 4047 videbantur
2202 3981 2668 4055 comprehendere
2697 3989 2751 4035 et
2775 3978 2990 4031 mittere
3022 3974 3088 4028 ad
3114 3982 3189 4035 te,
3220 3972 3292 4027 mi
3326 3971 3428 4025 do-

1851 4084 1999 4137 mine
2026 4077 2250 4138 Jacobe.
2291 4077 2435 4130 sicut
2468 4081 2524 4127 et
2554 4071 2657 4126 feci
2687 4084 2887 4140 parens
2915 4067 3035 4134 ejus
3074 4062 3379 4134 praeceptis.

1922 4168 2133 4226 LXXV.
2160 4167 2377 4221 Primus
2406 4176 2536 4233 ergo
2567 4162 2706 4215 liber
2728 4174 2795 4212 ex
2826 4158 2909 4213 his
2942 4171 3083 4226 quos
3116 4154 3270 4225 prius
3303 4154 3428 4207 misi

1850 4266 1918 4320 ad
1949 4274 2001 4319 te
2029 4262 2140 4334 (98)
2165 4257 2409 4314 continet
2432 4254 2498 4309 de
2540 4266 2674 4307 vero
2707 4250 2970 4322 prepheta
3006 4254 3060 4301 et
3089 4247 3155 4301 de
3180 4244 3433 4315 proprie-

1852 4365 1963 4413 tate
1991 4351 2369 4423 intelligentize
2420 4347 2589 4418 legis,
2638 4343 2939 4400 secundmn
2984 4339 3037 4393 id
3082 4338 3228 4409 quod
3259 4336 3432 4408 Moysi

1851 4452 2076 4507 traditio
2126 4449 2309 4503 docet.
2365 4440 2657 4497 Secundus
2707 4438 2775 4492 de
2836 4434 3108 4506 principio
3154 4432 3429 4489 continet.

165 4550 401 4603 manebo
444 4546 589 4619 apud
632 4560 770 4612 vos;
814 4553 990 4601 estote
1040 4542 1250 4599 assidui
1297 4542 1365 4597 ad
1405 4545 1742 4599 audiendum
1779 4524 1822 4578 D
1851 4556 2035 4603 utrum
2072 4556 2240 4598 unum
2270 4541 2343 4595 sit
2377 4533 2733 4607 principium,
2760 4546 2829 4583 an
2860 4528 3049 4590 multa,
3075 4534 3130 4580 et
3150 4523 3295 4595 quod
3302 4538 3433 4619 _nou

164 4642 417 4702 verbum,
439 4646 493 4694 et
510 4639 906 4693 consummatis
930 4636 1036 4699 bis,
1054 4637 1100 4691 si
1124 4636 1216 4706 qui
1239 4645 1472 4707 possunt
1488 4641 1745 4693 etvolunt

167 4732 321 4802 sequi
347 4746 470 4790 nos.
495 4730 829 4801 permittitur
856 4725 936 4783 eis
958 4728 1108 4782 salva
1132 4728 1353 4797 pietate.
1377 4729 1534 4795 Quod
1562 4739 1745 4786 autem

166 4825 293 4878 dico
328 4824 481 4877 Salva
522 4822 742 4892 pietate,
782 4822 886 4874 hoc
917 4827 1021 4883 est,
1055 4835 1123 4873 ne
1152 4837 1316 4889 quem
1356 4821 1603 4876 discessu
1648 4838 1748 4877 suo

166 4917 459 4973 contristet
497 4914 590 4986 qui
622 4912 943 4968 contristari
986 4926 1094 4966 non
1137 4910 1324 4977 debet,
1357 4914 1443 4969 vel
1491 4928 1747 4986 parentes

242 5098 288 5130 ³⁸
328 5097 419 5150 γει
443 5097 487 5150 si

168 5178 258 5225 tur
302 5168 355 5222 in
387 5166 549 5223 codd.
599 5164 777 5235 Lipss.

1854 4639 2069 4708 ignoret
2099 4632 2456 4687 Hebraeorum
2486 4626 2593 4688 lex,
2642 4620 2775 4693 quid
2804 4621 2874 4675 sit
2906 4615 3436 4708 immensitas.i'l‘er-

1850 4730 1986 4791 tius,
2024 4727 2091 4781 de
2124 4725 2234 4780 Deo
2254 4731 2308 4777 et
2343 4722 2428 4775 his
2456 4732 2577 4788 quae
2604 4717 2672 4769 ab
2700 4730 2767 4769 eo
2796 4713 3229 4767 institutavsuut.
3257 4707 3435 4773 Quar-

1855 4826 1979 4881 tus,
2010 4814 2158 4886 quod
2200 4826 2326 4866 cum
2369 4807 2527 4864 multi
2561 4806 2821 4859 dicantur
2852 4801 2962 4864 dii,
2997 4815 3141 4854 unus
3172 4800 3242 4855 sit
3270 4813 3433 4852 verus

1856 4909 2002 4965 Deus
2033 4905 2336 4963 secundum
2358 4896 2677 4957 testimonia
2704 4893 3144 4965 Scripturarum.
3172 4890 3431 4956 Quintus,

512 5092 935 5163 quae—convenit
956 5090 1155 5147 desunt
1184 5090 1241 5144 in
1270 5090 1396 5149 cod.
1421 5100 1655 5163 utroque
1680 5090 1829 5161 Lips.
1908 5091 1952 5122 “
1986 5089 2091 5144 Per
2126 5096 2445 5142 totos—esse
2466 5098 2570 5136 non
2593 5086 2799 5149 poterat
2822 5075 2965 5150 (cap.
2993 5072 3081 5145 75)
3111 5086 3218 5127 non
3244 5071 3433 5139 legan-

1470 5330 1842 5412 QOTELERII
1871 5327 2107 5413 NOTAE.

241 5504 355 5578 (98)
396 5502 613 5578 Primus
643 5518 765 5578 ergo
808 5498 1153 5578 liber__ea_:__hi_s
1183 5514 1310 5578 quos
1338 5497 1644 5578 prius'miai
1680 5495 1748 5547 ad

173 5565 389 5640 tefetc.
446 5565 616 5644 Igitur
656 5565 847 5627 decem
898 5571 973 5625 illi
1014 5569 1141 5623 libri
1180 5565 1346 5624 antea
1379 5568 1444 5644 ad
1484 5565 1747 5644 Jac_oh_i_uu

172 5636 328 5702 missi
375 5646 446 5717 (si
468 5636 1026 5717 7unquam_in_rerum
1074 5649 1268 5717 natura
1305 5636 1751 5717 ex_stitere)_._di_s-

171 5718 347 5788 tingui
382 5707 607 5788 'deben't
642 5713 872 5788 abistis
891 5712 1080 5788 decem
1111 5708 1538 5788 Ηεοοςκίιὶοηιιιῃ
1576 5707 1752 5788 libris,

173 5778 286 5856 qui”
304 5802 451 5841 nunc
473 5786 541 5841 ad
572 5785 822 5839 eumdem
846 5781 1120 5856 Iacobum
1142 5778 1265 5848 post
1290 5794 1385 5856 e_o_s
1400 5778 1749 5856 scr-ib‘uutmur.

175 5845 241 5914 Et
304 5867 487 5915 tamen
540 5856 642 5911 hoc
690 5856 812 5910 loco
851 5854 907 5907 in
954 5845 1200 5921 margine
1239 5849 1447 5905 codicis
1490 5846 1603 5901 RR.
1644 5845 1750 5902 PP.

1857 5492 2280 5549 Carmeiitarum
2314 5491 2515 5561 legitur
2546 5508 2580 5561 3
2614 5485 2990 5561 Distinctionu
3042 5483 3299 5539 libroruin
3341 5480 3432 5540 der

1859 5580 1969 5618 cem
2000 5563 2276 5632 prementis
2311 5558 2499 5629 apiaria.
2542 5558 3183 5632 Eumdemqueerrorem
3215 5564 3437 5610 secutus

1858 5627 2077 5688 videtur
2114 5640 2230 5687 tum
2280 5627 2516 5700 scriptor
2556 5644 2662 5700 ms.
2705 5627 3012 5691 Sorbonici,
3055 5627 3155 5700 t_o_ti
3201 5641 3438 5700 namque

1860 5703 2021 5774 Operi
2054 5719 2117 5759 ea
2142 5696 2411 5774 lemmata'
2430 5699 2721 5774 praeponit;
2755 5707 2870 5774 tum
2914 5712 3020 5751 ms.
3060 5696 3274 5750 Thuani
3308 5711 3436 5750 exa-

1828 5769 2035 5837 urator,
2089 5772 2182 5843 qui
2217 5769 2470 5843 similiter
2517 5772 2610 5843 illa
2660 5769 2915 5843 praefixit,
2957 5782 3023 5829 ac
3061 5777 3325 5838 praeterea
3370 5782 3435 5823 ex

1864 5845 1973 5902 isto
1990 5839 2167 5916 capite
2197 5843 2267 5899 75
2292 5842 2417 5899 libri
2448 5839 2593 5899 tertii
2623 5839 2865 5897 sustulit;
