4078 6336
654 358 799 416 9315

1519 355 1578 411 S.
1613 346 2006 409 CLEHEN‘I'IS
2038 351 2057 405 Ι
2090 351 2257 407 RCM.
2303 351 2501 407 PCNT.
2541 350 2768 406 OPERA
2808 351 3032 407 DUBIA.

3750 358 3892 411 1316

644 473 793 547 quod
820 471 931 526 duo
959 470 1071 524 sint
1098 468 1225 524 celi
1244 507 1261 531 ,
1292 483 1525 538 quorum
1578 482 1749 523 unum
1792 466 1867 523 sit
1900 465 2049 522 istud
2078 466 2207 521 visi-
2239 476 2281 527 Α
2313 466 2493 535 posita
2521 474 2625 533 est,
2648 468 2796 535 justa
2840 468 2913 523 sit
2941 481 2995 524 et
3018 460 3279 539 perfecta,
3310 478 3364 525 et
3395 487 3516 540 qua:
3544 473 3663 526 sola
3709 478 3888 543 possit

649 564 755 618 bile
804 561 1203 615 firmamentum
1251 559 1398 628 quod
1444 564 1499 613 et
1545 556 1842 621 transibit,
1884 554 2034 611 aliud
2074 569 2205 611 vero

647 662 919 710 uernum
938 631 994 707 ἐι
1022 651 1321 707 invisibile.
1371 650 1592 713 Sextus,
1624 651 1692 707 de
1728 650 1873 706 bono
1899 656 1955 707 et
1982 650 2125 705 malo
2151 655 2207 704 et

648 744 795 815 quod
825 742 969 796 bono
990 752 1186 798 cuncta
1217 742 1581 810 subjiciantur
1609 759 1639 796 a
1671 740 1848 804 Patre,
1881 741 2083 795 malum
2116 754 2210 793 au-

640 841 752 889 tem
781 848 952 902 quare
973 843 1030 887 et
1055 834 1350 903 quomodo,
1379 843 1435 887 et
1459 833 1602 888 unde
1632 836 1721 895 sit,
1754 840 1810 888 et
1836 833 1981 903 quod
2008 846 2208 902 coope-

641 930 791 979 rctur
832 925 1051 994 quidem
1102 910 1283 986 bono,
1334 927 1429 980 sed
1464 942 1575 982 non
1626 927 1903 996 proposito
1934 927 2111 994 bono;
2148 936 2204 981 et

639 1032 761 1085 quae
789 1018 898 1071 sint
929 1018 1081 1086 signa
1127 1018 1277 1079 boni,
1310 1034 1431 1088 qua:
1461 1034 1588 1073 vero
1618 1020 1837 1080 mali,et
1865 1034 1986 1089 qua:
2009 1018 2080 1073 sit
2100 1018 2209 1073 dif-

640 1106 873 1162 ferentia
901 1109 1187 1164 dualitatis
1206 1119 1262 1164 et
1288 1110 1712 1180 conjugationis.
1749 1108 2053 1178 Septimus,
2084 1125 2205 1179 qua:

639 1200 786 1260 sint,
824 1215 945 1268 qua
975 1202 1250 1268 prosecuti
1297 1210 1427 1257 sunt
1472 1202 1757 1257 duodecim
1788 1202 2022 1271 apostoli
2060 1200 2204 1271 apud

641 1290 899 1358 populum
932 1290 986 1345 in
1012 1292 1230 1360 templo.
1262 1290 1526 1359 Octavus,
1549 1293 1617 1347 de
1637 1292 1818 1347 verbis
1848 1291 2057 1347 Domini
2083 1308 2204 1361 quze

641 1378 746 1432 sibi
777 1380 1033 1433 videntur
1055 1397 1180 1436 esse
1208 1384 1512 1448 contraria,
1540 1383 1636 1439 sed
1665 1399 1776 1439 non
1799 1390 1929 1439 sunt
1951 1424 1967 1448 ,
1999 1390 2051 1438 et
2080 1398 2206 1453 qua:

638 1468 711 1520 sit
742 1467 936 1522 borum
968 1470 1262 1525 absolutio.
1294 1470 1670 1543 Nonus,vquia
1716 1473 1803 1528 lex
1850 1488 1973 1543 quas
2013 1486 2046 1526 a
2094 1471 2206 1527 Deo

2310 556 2492 613 facere
2538 572 2749 629 pacem.
2811 559 3104 623 Decimus,
3152 561 3221 616 de
3265 563 3552 617 nativitate
3599 563 3886 619 hominum

2310 647 2519 702 carnali
2550 656 2605 704 et
2633 650 2703 705 de
2729 653 3079 720 generatione
3106 669 3227 721 qua:
3267 660 3350 707 est
3380 668 3479 723 per
3524 655 3883 724 baptismum,

2310 747 2365 794 et
2393 754 2517 810 qua
2543 741 2618 795 sit
2647 743 2703 796 in
2729 743 3212 800 bominecarnalis
3240 745 3468 799 seminis
3494 734 3803 809 successio,
3829 758 3888 802 et

2310 846 2431 901 quae
2468 832 2663 887 anima
2708 833 2831 902 ejus
2856 834 3019 899 ratio,
3051 844 3105 889 et
3132 835 3407 904 quomodo
3452 837 3506 890 in
3540 836 3657 906 ipsa
3686 845 3775 892 est
3810 838 3886 891 li-

2308 924 2496 980 bertas
2516 925 2760 991 arbitrii;
2792 940 2914 994 qua
2941 927 3199 995 quoniam
3230 942 3339 980 non
3385 938 3470 983 est
3502 930 3744 997 ingenita
3785 929 3886 985 sed

2308 1012 2452 1068 facta
2479 1023 2600 1079 est,
2631 1016 2930 1070 immobilis
2974 1031 3004 1069 a
3046 1017 3190 1070 bono
3222 1032 3348 1071 esse
3389 1034 3496 1072 non
3526 1027 3768 1088 poterat.
3807 1018 3887 1073 De

2307 1103 2393 1159 bis
2423 1120 2554 1175 ergo
2576 1107 2806 1177 singulis
2834 1122 2955 1177 qua:
2986 1108 3128 1176 apud
3156 1107 3458 1163 Casaream
3486 1112 3719 1166 disserta
3752 1118 3887 1165 sunt

2308 1210 2338 1249 a
2370 1193 2553 1259 Petro,
2574 1197 2823 1267 jubente,
2851 1205 2913 1249 ut
2940 1197 3075 1259 dixi,
3109 1198 3228 1266 ipso
3258 1199 3445 1253 decem
3467 1202 3787 1270 conscripta
3811 1199 3884 1253 ad

2306 1290 2364 1345 te
2390 1289 2671 1343 transmisi
2700 1289 2998 1343 volumina.
3050 1286 3160 1341 Nos
3191 1298 3369 1345 autem
3402 1290 3492 1344 die
3524 1301 3743 1360 postera
3763 1331 3780 1355 ,
3822 1299 3887 1344 ut

2310 1387 2578 1437 statutum
2633 1380 2832 1441 fuerat,
2859 1394 2982 1432 cum
3013 1379 3317 1450 aliquantis
3340 1381 3433 1450 qui
3460 1380 3681 1435 Petrum
3722 1384 3885 1452 sequi

2308 1473 2666 1529 decreverant
2689 1469 2942 1525 fidelibus
2962 1469 3127 1532 viris,
3140 1484 3173 1522 a
3192 1470 3440 1527 Caesarea
3456 1472 3884 1544 proficiscimur.

1743 1788 2099 1875 LIBER
2172 1787 2761 1895 QUARTUS.

705 2105 746 2163 ι.
787 2106 1023 2163 Profecti
1072 2123 1103 2162 a
1146 2107 1395 2163 Casam
1441 2114 1504 2162 ut
1528 2107 1795 2180 Tripolin
1825 2125 2201 2181 pergeremus,
2243 2119 2283 2174 Β
2316 2108 2493 2163 tribus
2530 2108 2622 2177 qui
2653 2108 2921 2178 prmuissi
2952 2117 3107 2170 sunt.
3144 2108 3277 2178 quia
3305 2124 3335 2161 a
3364 2108 3575 2162 civibus
3607 2124 3705 2178 pro
3734 2108 3883 2164 desi-

634 2198 777 2269 apud
810 2199 1006 2253 Doraiu
1037 2201 1199 2254 breve
1226 2201 1485 2269 oppidum
1514 2202 1745 2270 primam
1784 2202 2013 2256 fecimus
2041 2218 2202 2255 man-

632 2289 867 2350 sionem,
893 2290 1023 2358 quia
1047 2305 1147 2342 nec
1172 2289 1330 2357 longe
1358 2290 1566 2343 aberat.
1617 2288 1684 2341 Et
1708 2304 1900 2343 omnes
1933 2304 2071 2358 pene
2104 2288 2197 2357 qui

632 2396 729 2448 per
762 2394 1068 2435 setmonem
1096 2378 1245 2433 Petri
1276 2379 1642 2441 crediderant.
1672 2380 1855 2435 divelli
1882 2381 1952 2434 ab
1978 2395 2043 2436 eo
2064 2382 2205 2435 satis

628 2490 774 2545 acng
797 2473 1095 2534 habebant,
1128 2473 1226 2528 sed
1247 2473 1453 2551 pariter
1481 2474 1819 2537 incedentes,
1842 2473 1971 2528 dum
1999 2474 2196 2529 iterum

630 2567 846 2631 videre,
878 2565 1078 2620 iterum
1125 2566 1417 2636 complecti
1458 2567 1650 2635 juvat,
1703 2568 1900 2621 iterum
1949 2566 2205 2621 conferre

630 2672 939 2713 sermonem
967 2697 983 2720 ,
1036 2656 1107 2711 ad
1134 2656 1495 2711 diversorium
1538 2658 1905 2726 pervenimus.
1940 2656 2201 2727 Sequenti

628 2761 759 2801 vero
786 2746 874 2801 die
900 2747 1149 2801 venimus
1177 2743 1590 2808 Ptolomaidem,
1618 2746 1711 2801 ubi
1739 2745 1925 2801 decem
1956 2746 2075 2799 dies
2098 2747 2191 2799 de-

630 2840 825 2893 morati
854 2854 979 2893 cum
1007 2838 1272 2907 aliquanti
1309 2838 1537 2893 verbum
1562 2837 1653 2892 Dei
1684 2840 2040 2908 recepissent,
2059 2855 2194 2891 non-

626 2931 793 2985 nullis
820 2946 1008 2985 eorum
1029 2971 1045 2993 ,
1077 2930 1172 2999 qui
1209 2931 1526 2985 attentiores
1550 2930 1875 2990 videbantur
1910 2936 1965 2984 et
1991 2930 2196 2983 diutius

626 3022 871 3075 detinere
893 3022 1285 3078 nosdoctrina:
1312 3024 1486 3093 gratia
1514 3022 1830 3093 cupiebant,
1856 3020 2117 3090 Tripolim
2149 3026 2195 3075 si

626 3115 731 3169 hoc
761 3114 970 3177 velint,
1004 3122 1066 3167 ut
1106 3122 1465 3184 sequerentur
1491 3112 1874 3169 indicavimus.
1928 3111 2195 3165 Similiter

624 3213 681 3261 ct
707 3206 850 3276 apud
881 3205 1086 3277 Tyrum
1116 3221 1180 3259 ac
1214 3205 1470 3259 Sidonem
1501 3214 1556 3259 et
1583 3204 1834 3275 Bcrytum
1868 3204 2117 3267 fecimus,
2142 3211 2195 3258 et

626 3299 712 3350 liis
756 3298 851 3365 qui
902 3297 1119 3366 plenius
1164 3296 1548 3350 desiderabant
1590 3296 1783 3349 audire
1840 3310 2191 3359 sermonem,

623 3389 767 3458 apud
818 3387 1081 3458 Tripolim
1128 3388 1287 3441 nobis
1328 3387 1672 3441 biemaudum
1722 3386 2186 3441 denuntiavimus.

2308 2201 2463 2254 derio
2493 2200 2638 2268 quod
2668 2216 2797 2269 erga
2835 2199 3058 2253 Petrum
3104 2207 3505 2268 conceperant,
3547 2216 3657 2254 non
3700 2202 3880 2255 solum

2303 2293 2555 2361 hospitiis
2578 2292 2671 2344 sed
2715 2300 2770 2343 et
2803 2293 2947 2345 omni
2983 2291 3323 2345 humanitate
3353 2296 3593 2360 suscepti
3628 2294 3741 2346 sint
3764 2330 3781 2355 .
3822 2292 3880 2345 in

2302 2390 2511 2434 tantum
2545 2391 2601 2432 ut
2635 2387 2691 2431 et
2736 2380 3201 2433 contristarentur
3234 2381 3520 2448 aliquanti,
3553 2382 3757 2449 quibus
3784 2379 3883 2433 dc-

2302 2471 2451 2525 fuere
2496 2485 2638 2539 quos
2694 2471 3070 2539 susciperent;
3109 2472 3182 2524 ita
3231 2472 3377 2526 enim
3423 2487 3615 2526 omnes
3657 2482 3886 2540 paratos

2303 2563 2494 2625 fuisse,
2527 2571 2585 2614 ut
2615 2562 2666 2615 si
2695 2563 2865 2614 multo
2890 2562 3079 2629 plures
3113 2563 3431 2625 venissent,
3482 2562 3659 2615 adhuc
3694 2573 3819 2616 tam.
3844 2580 3880 2616 ι

2301 2651 2679 2723 suscipiendos
2710 2652 2885 2721 magis
2912 2668 3074 2722 quam
3130 2654 3493 2722 suscipientes
3531 2652 3698 2708 fuisse
3727 2652 3883 2707 defu-

2301 2760 2480 2805 turos.

2368 2840 2457 2897 lli.
2500 2840 2679 2909 Super
2711 2839 2797 2894 his
2819 2838 3015 2896 Petrus
3043 2840 3201 2894 valde
3233 2840 3557 2900 delectatus,
3591 2840 3879 2892 collaudao

2296 2936 2373 2989 vit
2406 2940 2459 2988 et
2491 2932 2769 2987 benedixit
2800 2948 2896 2985 eos
2948 2947 3011 2985 ac
3042 2948 3230 2987 secum
3272 2948 3493 2987 manere
3528 2934 3716 2999 jussit.
3753 2931 3878 3001 Ipse

2299 3042 2426 3081 vero
2454 3040 2577 3077 cum
2606 3023 2828 3077 lavisset
2856 3022 2909 3076 in
2944 3026 3081 3076 mari
3117 3024 3254 3093 (99),
3274 3024 3396 3078 cibo
3419 3031 3635 3092 sumpto
3665 3024 3879 3091 quievit

2296 3116 2350 3169 in
2387 3130 2633 3183 vespera.
2664 3112 2729 3165 Et
2758 3131 2823 3168 ex
2859 3130 3009 3169 more
3042 3116 3317 3184 pullorum
3340 3116 3594 3169 cantibus
3618 3132 3879 3184 surgens,

2295 3204 2615 3275 vespertino
2636 3201 2813 3257 adhuc
2840 3204 3044 3259 lumine
3074 3204 3423 3273 perdurante.
3447 3214 3679 3260 cunctos
3720 3207 3881 3259 inve-

2297 3297 2378 3350 nit
2413 3299 2733 3367 vigilantes;
2775 3312 2997 3352 eramus
3036 3308 3215 3350 autem
3248 3311 3439 3351 oumes
3467 3311 3590 3349 cum
3622 3312 3686 3349 eo
3723 3296 3881 3351 sede-

2297 3386 2402 3441 cim
2424 3428 2438 3448 ,
2473 3387 2669 3444 Petrus
2697 3397 2753 3442 et
2780 3403 2881 3457 ego
2931 3386 3217 3450 Clemens,
3249 3385 3435 3440 Niceta
3466 3394 3523 3439 et
3547 3386 3779 3455 Aquilo,
3823 3398 3883 3443 et

626 3478 795 3548 Igitur
824 3495 948 3532 cum
980 3494 1049 3532 ex
1082 3478 1314 3545 singulis
1347 3476 1665 3532 civitatibus
1712 3477 1944 3532 studiosi
1992 3478 2194 3546 quique
2222 3471 2263 3527 C
2299 3478 2375 3531 illi
2406 3479 2497 3548 qui
2541 3487 2937 3550 praecesserant
2963 3477 3271 3531 duodecim.
3306 3476 3563 3533 Salutans
3588 3478 3775 3547 itaque
3815 3488 3886 3532 ut

622 3574 1018 3625 comitarentur
1045 3568 1285 3629 Petrum,
1318 3569 1616 3623 electorum
1638 3568 1931 3622 multitudo
1954 3568 2189 3638 plurima

622 3662 961 3732 ingredimur
1007 3659 1289 3728 Tripolim.
1324 3657 1596 3716 Continuo
1623 3666 1804 3714 autem
1848 3668 1976 3713 ante
2002 3666 2190 3728 portas

622 3754 862 3808 civitatis
886 3753 947 3805 fr.
973 3761 1089 3807 tres
1115 3750 1207 3822 qui
1235 3745 1501 3821 ιιι-ἐδετηίδεί
1532 3750 1780 3815 fuerant,
1812 3760 2109 3807 occurrunt
2138 3763 2191 3807 et

625 3844 989 3914 suscipientes
1017 3859 1117 3897 nos
1138 3842 1431 3905 adducunt,
1463 3858 1560 3914 per
1588 3842 1827 3913 hospitia
1853 3883 1868 3905 ,
1898 3860 2020 3914 qua:
2054 3859 2191 3915 pra-

624 3947 969 4006 paraveraut.
1004 3934 1311 3990 Commotio
1350 3942 1533 3988 autem
1579 3943 1635 3988 et
1670 3949 1973 3990 concursus
2020 3936 2193 4012 pluri-

625 4044 749 4082 mus
798 4028 958 4083 fiebat
1004 4028 1062 4081 in
1104 4027 1361 4090 civitate,
1393 4025 1822 4081 desiderantium
1862 4027 2050 4082 videre
2090 4026 2185 4083 Pe-

626 4127 793 4174 trum.

698 4208 761 4264 ll.
804 4208 867 4262 Fit
914 4224 1037 4263 cum
1070 4209 1413 4264 venissemus
1442 4210 1510 4263 ad
1561 4210 1783 4264 domum
1816 4209 2090 4279 Maronis,
2134 4209 2191 4264 in

625 4319 732 4374 qua
767 4303 925 4359 Petro
948 4302 1127 4356 fuerat
1157 4311 1543 4373 praeparatum,
1568 4318 1869 4358 conversus
1890 4304 1957 4358 ad
1979 4304 2188 4369 turbas,

624 4402 751 4465 post
791 4395 931 4447 diem
962 4395 1264 4459 crastinum
1294 4409 1600 4447 sermonem
1629 4410 1687 4448 se
1722 4395 1787 4448 ad
1818 4410 1915 4450 eos
1940 4396 2191 4465 promisit

627 4485 919 4540 facturum.
947 4484 1222 4555 lgiturqui
1244 4485 1507 4555 praemissi
1535 4485 1749 4538 fuerant
1778 4484 1993 4547 fratres,
2014 4488 2194 4540 omni-

629 4578 733 4630 bus
764 4577 856 4646 qui
890 4576 1171 4631 nobiscum
1197 4584 1457 4630 venerant
1510 4576 1742 4645 hospitia
1784 4578 2053 4632 dividunt.
2092 4577 2194 4633 Pe—

632 4678 751 4720 trus
779 4682 908 4723 vero
934 4667 1172 4721 Maronis
1202 4666 1419 4720 domum
1446 4668 1726 4736 ingressus
1756 4682 1881 4721 cum
1906 4676 2191 4737 rogaretur

630 4758 814 4811 cibum
848 4774 1089 4821 sumere,
1117 4774 1460 4828 nequaquam
1492 4774 1550 4812 se
1581 4756 1851 4811 facturum
1882 4760 2182 4828 respondit.

631 4850 736 4904 nisi
766 4852 916 4917 prius
941 4850 1167 4911 scisset,
1197 4852 1240 4904 si
1268 4865 1456 4904 oumes
1486 4848 1577 4917 qui
1607 4865 1729 4903 eum
1768 4848 1981 4904 fuerant
2016 4852 2188 4905 comi-

540 4933 550 4944 ’
630 4942 734 4995 tati
772 4942 1022 5007 hospitiis
1053 4944 1477 5009 requiescerent.
1504 4941 1783 5012 Comperit
1815 4953 1999 4997 autem
2026 4960 2055 4996 a
2081 4944 2188 4997 fra-

2291 3571 2503 3625 solebat
2548 3571 2742 3626 Petrus
2770 3572 2847 3623 ait
2882 3586 2895 3621 :
2940 3569 3112 3624 Hodie
3156 3570 3284 3639 quia
3315 3570 3442 3624 aliis
3469 3572 3724 3639 occupati
3763 3587 3884 3625 non

2292 3678 2482 3715 stunus
2506 3702 2520 3723 ,
2558 3663 2717 3716 nobis
2766 3663 2961 3717 simus.
3009 3660 3073 3713 Et
3120 3676 3222 3730 ego
3257 3660 3477 3729 quidem
3508 3662 3663 3714 vobis
3687 3700 3703 3723 ,
3745 3678 3875 3731 qua:

2291 3751 2441 3821 apud
2496 3751 2801 3806 Caesaream
2874 3759 2998 3821 post
3062 3751 3371 3821 digressum
3421 3759 3667 3806 vestrum
3721 3766 3879 3821 gesta

2292 3851 2441 3905 sunt,
2471 3844 2774 3907 enarrabo;
2810 3858 2908 3897 vos
2938 3850 3122 3897 autem
3152 3842 3286 3895 mibi
3312 3858 3433 3912 qua:
3463 3842 3553 3896 hic
3584 3860 3613 3896 a
3646 3841 3887 3898 Simone

2293 3942 2609 4005 perpetrata
2638 3940 2787 3997 sunt,
2827 3933 3087 3988 indicate.
3123 3932 3188 3988 Et
3217 3949 3343 3987 cum
3372 3934 3441 3988 de
3471 3934 3559 3988 bis
3591 3936 3666 3988 ab
3696 3936 3877 3989 alter-

2293 4036 2426 4082 utro
2449 4042 2631 4082 sermo
2658 4026 2933 4088 ederetur,
2966 4027 3320 4081 illucescente
3350 4027 3439 4080 die
3466 4027 3702 4095 ingressi
3751 4030 3882 4096 qui-

2292 4122 2415 4175 dam
2457 4120 2525 4175 de
2571 4120 2939 4173 familiaribus
2980 4119 3233 4172 nuntiant
3271 4117 3465 4181 Petro,
3501 4118 3649 4187 quod
3680 4120 3881 4171 Simon

2292 4212 2383 4267 ubi
2403 4228 2524 4266 eum
2554 4212 2839 4267 didicisset
2882 4212 3211 4281 ingressum,
3235 4227 3330 4280 per
3354 4220 3569 4265 noctem
3593 4211 3885 4281 profectus

2292 4312 2439 4357 esset
2488 4301 2703 4373 Syriam
2754 4302 3004 4357 tendens.
3050 4301 3246 4355 Turba:
3283 4308 3465 4356 autem
3511 4300 3655 4355 dicm
3709 4302 3875 4362 hanc,

2293 4395 2582 4465 inquiunt,
2640 4410 2803 4464 quam
2847 4394 3230 4463 interposuisti
3284 4393 3401 4455 eis,
3460 4392 3739 4447 desiderio
3796 4396 3877 4448 tui

2295 4488 2674 4556 longissimum
2722 4486 2825 4539 sibi
2870 4502 2993 4539 esse
3026 4495 3249 4555 tempus
3270 4485 3587 4553 opinantur,
3639 4485 3881 4555 denique

2294 4592 2402 4631 non
2438 4576 2674 4633 ferentes
2722 4584 2871 4631 stant
2920 4585 3047 4632 ante
3086 4577 3309 4644 januam
3332 4617 3345 4639 ,
3378 4577 3520 4630 inter
3551 4591 3610 4631 se
3642 4576 3879 4631 invicem

2294 4670 2361 4724 de
2388 4670 2472 4724 his
2502 4685 2622 4739 quae
2676 4669 2865 4724 audire
2893 4669 3122 4737 cupiunt
3148 4669 3527 4731 conferentes,
3562 4675 3617 4722 et
3656 4678 3709 4723 te
3752 4681 3881 4723 ante

2295 4761 2624 4832 prmlinitum
2657 4770 2871 4831 tempus
2908 4762 3235 4815 omnimodis
3270 4778 3326 4816 sc
3356 4762 3571 4816 visuros
3626 4770 3877 4831 sperant,

2292 4864 2611 4925 «piantoque
2660 4855 2835 4923 magis
2859 4853 2977 4908 ilics
3004 4853 3255 4908 clarescit
3288 4851 3667 4907 multitudines
3709 4854 3867 4906 colli-

2298 4955 2533 5016 guntur,
2568 4954 2623 5000 et
2654 4946 2940 5000 audituros
2992 4962 3053 5000 se
3098 4960 3405 5000 sermonem
3452 4953 3646 5010 tuum,
3689 4946 3880 4999 nescio

1920 5116 2283 5173 COTELERH
2325 5118 2553 5175 NOT/E.

704 5278 814 5347 (99)
860 5275 978 5345 Ipse
1006 5292 1121 5329 vero
1154 5292 1272 5329 cum
1298 5276 1507 5330 lavisset
1537 5278 1589 5328 in
1622 5277 1777 5347 mari.
1813 5274 1945 5327 Vide
1977 5278 2202 5329 omnino

634 5348 689 5404 Β.
724 5346 1101 5418 Epipltauiuiu,
1130 5347 1315 5400 haeresi
1348 5349 1434 5407 50,
1464 5363 1608 5399 num.
1641 5346 1694 5403 2,
1734 5346 1814 5409 15,
1846 5348 1934 5403 2i,
1966 5355 2017 5399 et
2046 5348 2200 5400 abeo

633 5416 893 5479 monitus,
929 5416 1229 5469 libionitira
1263 5417 1376 5470 hch
1419 5424 1473 5468 et
1526 5417 1723 5470 similia
1769 5432 1887 5482 quer.
1932 5432 2034 5468 non
2076 5433 2200 5468 raro

630 5495 925 5543 Occurrunt
977 5488 1031 5539 in
1066 5485 1541 5554 liecognilionibus,
1578 5484 1818 5553 Epitome
1866 5494 1917 5537 ct
1964 5483 2201 5539 Clemen-

633 5561 778 5619 tim’s,
811 5565 967 5611 caute
998 5558 1180 5623 legito.
1214 5557 1359 5611 Alias
1389 5559 1566 5610 lavare
1599 5571 1813 5617 manus,
1854 5555 2067 5617 faciem,
2116 5574 2197 5620 os,

634 5630 816 5698 pedes.
869 5635 1040 5680 totum
1091 5642 1311 5698 corpus,
1358 5627 1521 5679 certis
1567 5626 1779 5698 diebus,
1814 5633 1910 5698 aut
1952 5626 2199 5693 singulis,

632 5694 725 5751 aut
758 5700 956 5766 smptus
990 5700 1041 5748 in
1074 5694 1205 5755 d'c,’
1232 5712 1295 5748 ac
1341 5698 1575 5750 deﬁnitis
1630 5697 1797 5753 horis,
1864 5694 2024 5762 idque
2075 5704 2196 5763 post

632 5783 910 5831 Somnum,
955 5775 1077 5836 post
1130 5766 1501 5829 concubitum,
1545 5773 1667 5821 ante
1723 5774 1773 5819 ct
1822 5776 1941 5834 post
1990 5768 2193 5829 cibum,

2306 5288 2427 5331 ante
2474 5294 2684 5348 preces.
2721 5286 2844 5331 ante
2876 5279 3373 5331 reconciliationem
3427 5278 3479 5329 in
3522 5278 3873 5345 pmnitcntia.

2306 5361 2426 5401 ante
2459 5352 2818 5416 sumptionum
2854 5349 3209 5401 Eucharistiae
3243 5366 3254 5401 ε
3309 5349 3443 5405 haec.
3480 5348 3726 5415 inquam.
3761 5366 3875 5399 0m-

2306 5420 2414 5479 nia,
2456 5420 2520 5472 ad
2555 5420 2981 5473 consuetudines
3022 5420 3273 5487 ritusque
3306 5418 3544 5486 gentium
3587 5424 3643 5469 et
3687 5416 3877 5468 litt-lo-

2304 5490 2507 5541 siarum
2544 5490 2888 5558 pertinentia,
2918 5486 3372 5558 quemadmodum
3396 5495 3583 5540 notum
3610 5496 3693 5538 est
3718 5492 3876 5545 satis.

2308 5556 2566 5636 pietatcni
2604 5575 2709 5610 non
2758 5558 2977 5636 laedunt,
3026 5560 3133 5610 imo
3166 5556 3421 5625 adjuvare
3456 5564 3707 5636 possunt.
3740 5558 3783 5609 si
3811 5559 3875 5636 ad

2308 5628 2503 5680 iunium
2540 5628 2696 5680 finem
2740 5628 3063 5695 dirigantur.
3104 5644 3202 5680 nec
3239 5628 3619 5695 superstitiose
3656 5642 3719 5681 ac
3764 5629 3876 5681 vcl-

2306 5708 2378 5749 utt
2424 5699 2486 5749 ad
2522 5700 2748 5752 salutem
2786 5698 3092 5751 necessaria
3118 5706 3465 5767 usmpenlur.
