4078 6336
176 345 324 403 IS"

1309 337 1878 399 RECOCNl'l‘lONUM
1918 339 2045 396 LIB.
2086 340 2175 399 iV.

3301 344 3450 403 1518·

174 457 331 512 unde
359 464 752 528 prmsumentes
781 455 1092 511 certissime
1119 452 1422 530 confidunt.
1444 451 1600 506 Nunc
1620 465 1760 522 ergo
1788 455 1835 526 Α
1861 461 1912 505 et
1949 422 2318 522 prudentibus,
2345 463 2396 507 et
2436 451 2682 507 τεθριαεεί
2709 468 2771 505 ea
2798 451 3034 520 parvulis
3063 451 3126 508 ι’.
3151 451 3257 507 Per
3297 455 3450 526 quod

171 550 330 620 quod
360 551 459 603 tibi
487 548 725 612 videtur,
753 547 885 618 jube
914 557 976 602 ut
1001 548 1252 602 dicamus
1293 546 1410 614 eis;
1457 544 1760 599 absurdum

171 657 418 712 namque
459 653 545 698 est
594 649 804 696 tantam
864 640 1277 712 multitudinem
1325 637 1762 712 convenisaeet

168 731 465 796 discedere
509 746 637 786 cum
687 731 954 810 iniustitia
977 771 993 796 ,
1036 731 1238 804 quippe
1281 731 1331 784 si
1373 742 1636 800 responsa
1678 727 1760 781 eis

167 823 330 880 nulla
383 823 706 878 reddantur.
750 821 870 878 Non
909 822 1060 886 enim
1097 821 1421 892 cogitabant
1464 819 1611 890 quod
1651 817 1758 889 ipsi

166 918 447 976 statutum
486 929 596 970 non
627 912 1076 984 exspectaverint
1103 911 1247 973 diem
1270 950 1288 977 ,
1318 910 1434 969 aed,
1456 913 1605 982 quod
1640 924 1674 963 a
1702 913 1759 964 te

165 1011 352 1078 magis
381 1009 674 1064 videant-Ir
699 1021 825 1062 esse
858 1003 1180 1074 eontepti.

1864 543 2055 614 utique
2081 543 2413 607 declaratur,
2452 545 2580 614 quia
2612 542 2961 597 Hebraeorum
2991 544 3224 614 populus
3251 547 3347 614 qui
3372 561 3439 604 ea

1861 632 1981 704 lege
2023 633 2271 689 eruditus
2311 642 2438 697 est,
2487 635 2755 712 ignoravit
2791 648 2944 695 eum,
2988 636 3220 704 populus
3253 645 3436 694 autem

1858 724 2100 794 gentium
2129 726 2351 796 agnovit
2382 723 2568 780 Iesum
2598 732 2654 780 et
2685 732 3004 791 veneratur,
3038 737 3263 801 propter
3290 729 3436 800 quod

1857 824 1912 873 et
1953 818 2292 879 salvabitur,
2339 832 2448 871 non
2496 817 2674 872 solum
2721 831 3026 888 agnoscens
3074 833 3220 883 eum.
3245 821 3339 876 sed
3381 828 3446 875 et.

1856 908 2192 964 voluntatem
2243 908 2365 978 ejus
2417 908 2646 964 faciens.
2685 906 2855 976 Debet
2904 916 3084 964 autem
3131 910 3180 966 is
3224 911 3321 980 qui
3364 926 3442 968 ex

1857 1000 2113 1070 gentibus
2153 1007 2272 1067 est,
2321 1007 2375 1055 et
2403 1016 2467 1056 ex
2501 998 2614 1054 Deo
2641 999 2806 1056 habet
2826 1040 2842 1066 ,
2888 1008 2949 1055 ut
2978 1001 3168 1079 diligat
3203 1000 3392 1056 Jesum
3413 1043 3442 1069 ,

238 1098 335 1156 IV.
378 1098 517 1153 Tum
560 1097 760 1153 Petrus
792 1097 1074 1150 admirans
1111 1095 1223 1150 ait:
1253 1093 1499 1162 Videtis,
1532 1094 1752 1160 fratres,
1853 1091 2058 1161 proprii
2085 1091 2286 1146 habere
2313 1092 2610 1162 propositi,
2639 1101 2698 1146 ut
2718 1093 2906 1149 credat
2929 1099 2983 1148 et
3009 1091 3202 1165 Moysi.
3227 1092 3293 1147 Et
3317 1110 3443 1147 rur-

150 1192 445 1260 quomodo
495 1190 877 1260 unusquisque
921 1202 1103 1256 sermo
1149 1184 1366 1241 Domini
1435 1188 1753 1258 prophetico
1853 1198 1950 1238 sus
1981 1182 2242 1239 Hebraeus
2283 1183 2377 1254 qui
2418 1199 2487 1239 ex
2533 1183 2644 1239 Deo
2670 1185 2864 1250 habet,
2899 1194 2959 1240 ut
3007 1185 3196 1240 credat
3226 1185 3428 1257 Moysi,

160 1284 350 1339 dictus
383 1284 662 1353 impletur.
696 1281 918 1335 Memini
947 1281 1096 1349 enim
1118 1279 1330 1335 dixisse
1359 1296 1484 1336 eum
1515 1300 1529 1335 :
1556 1279 1749 1335 Hessis
1851 1276 2053 1331 habere
2095 1277 2256 1331 debet
2277 1283 2331 1330 et
2358 1292 2424 1330 ex
2454 1278 2739 1347 proposito
2767 1292 2870 1333 suo
2889 1317 2905 1342 ,
2941 1284 3001 1331 ut
3040 1279 3229 1333 credat
3255 1280 3313 1334 in
3339 1277 3436 1361 Je-

155 1375 378 1445 quideat
423 1375 632 1439 multa,
660 1375 892 1442 operarii
935 1383 1110 1443 autem
1153 1375 1331 1443 pauci.
1385 1372 1587 1444 Rogate
1625 1392 1749 1445 ergo
1848 1381 2004 1429 sum,
2040 1374 2099 1420 ut
2145 1369 2526 1438 unusquisque
2567 1383 2759 1424 eorum
2804 1368 3014 1425 habens
3062 1371 3116 1425 in
3160 1387 3220 1427 se
3276 1373 3426 1428 aliud

155 1468 434 1520 dominum
487 1469 703 1528 magis,
773 1475 830 1518 ut
879 1466 1060 1534 eiiciat
1111 1466 1379 1534 operaria;
1423 1465 1476 1518 ξι
1528 1481 1748 1520 meum
1847 1455 2017 1509 divini
2064 1459 2345 1522 muneris,
2392 1458 2540 1512 aliud
2593 1460 2830 1529 propria:
2877 1460 3199 1528 industriae,
3247 1463 3318 1518 Sil.
3357 1479 3426 1517 (τι

152 1560 398 1612 suam".
432 1556 572 1612 Ecce
594 1573 727 1627 ergo
755 1572 903 1612 nunc
943 1572 1067 1627 qua:
1094 1557 1149 1610 in
1194 1563 1459 1627 mysterio
1489 1558 1745 1625 praadicta
1849 1554 2082 1617 utroque
2114 1547 2410 1618 perfectus.
2460 1548 2539 1604 De
2573 1550 2668 1603 tali
2704 1550 2850 1604 enim
2897 1550 3114 1606 dicebat
3161 1551 3434 1611 Dominus

153 1658 306 1713 sunt,
343 1650 735 1719 adimplentur.
768 1647 874 1702 Sed
900 1654 956 1702 et
983 1649 1129 1718 quod
1160 1647 1746 1703 1111111111111υε111ε111
1841 1644 2030 1692 noster
2075 1651 2195 1691 mo
2244 1641 2416 1695 divin
2444 1654 2460 1672 °
2513 1639 2620 1706 Qui
2659 1638 2863 1712 metm
2902 1641 2968 1696 dc
3007 1641 3273 1699 acu-ris
3313 1647 3430 1700 11111

150 1741 216 1794 ab
249 1741 457 1797 oriente
481 1751 532 1795 et
567 1741 834 1795 occidente
852 1779 870 1799 .
899 1758 933 1794 a
962 1742 1312 1810 septentrione
1340 1750 1393 1795 et
1423 1742 1662 1804 meridie,
1691 1750 1742 1795 et
1776 1788 1814 1810 η
1844 1744 1979 1784 που.
2007 1738 2057 1784 ει
2095 1738 2267 1784 κιϐτο
2293 1731 2361 1788 ⁸⁸.

583 1833 788 1887 sinibus
809 1788 1082 1885 A'braharm
1114 1842 1163 1887 et
1207 1831 1365 1886 Isaac
1390 1842 1440 1886 et
1460 1788 1696 1886 Iacob,“

1913 1821 2002 1880 Vl.
2045 1820 2150 1876 Sed
2194 1825 2265 1880 de
2292 1824 2380 1880 his
2403 1824 2538 1880 satis
2569 1824 2809 1893 dictum;
2840 1832 2998 1895 urget
3025 1825 3172 1882 enim
3197 1833 3420 1898 tempus

143 1921 316 1974 etiam
373 1922 476 1975 hoc
521 1923 746 1992 pariter,
799 1927 859 1974 ut
902 1921 1130 1985 videtis,
1178 1912 1449 1992 expletur.
1503 1919 1738 1991 Pmpter

145 2012 296 2080 quod
317 2012 586 2081 deprecor
625 2027 724 2066 vos
757 2027 1058 2066 conservos
1079 2021 1134 2067 et
1162 2013 1446 2080 adjutores
1474 2027 1650 2075 meos,
1675 2019 1735 2065 ut

143 2103 381 2157 discatis
411 2105 676 2157 attentius
701 2102 1030 2171 praedicandi
1077 2104 1326 2158 ordinem
1357 2117 1411 2157 et
1442 2103 1737 2159 absolutio-

143 2209 277 2247 1111111
313 2195 468 2252 vias,
521 2203 581 2248 ut
631 2195 856 2263 possitis
897 2196 1112 2250 salvare
1159 2197 1375 2251 animas
1409 2196 1730 2263 hominum,

142 2301 265 2355 qua:
306 2285 526 2339 occulta
578 2284 673 2340 Dei
729 2287 927 2342 virtute
972 2303 1134 2357 quem
1179 2287 1413 2342 debeant
1471 2288 1727 2359 diligere,

142 2377 299 2446 prius
347 2379 511 2431 etiam
559 2394 726 2448 quam
776 2377 1080 2432 doceantur
1131 2389 1458 2448 agnoscunt.
1523 2379 1729 2437 Videtis

139 2469 289 2521 enim
314 2483 413 2522 eos
438 2469 597 2538 quasi
629 2468 802 2523 bonos
833 2485 1022 2523 servos
1052 2469 1368 2525 desiderare
1392 2488 1540 2536 eum,
1565 2490 1727 2543 quem

140 2558 247 2613 siti
274 2567 506 2626 sperant
537 2559 832 2613 adventum
859 2560 945 2615 sui
979 2559 1194 2615 Domini
1221 2563 1498 2626 nuntiare,
1525 2575 1581 2618 ut
1603 2579 1730 2633 pos-

139 2651 250 2705 sint
272 2651 612 2705 voluntatem
643 2653 768 2722 ejus
794 2668 918 2706 cum
949 2653 1246 2708 didicerint
1290 2654 1529 2723 implere.
1570 2654 1725 2710 Desi-

137 2739 355 2806 derium
400 2757 532 2811 ergo
553 2741 599 2774 ¹⁵
644 2744 902 2797 audiendi
950 2745 1101 2798 verbi
1146 2743 1241 2798 Dei
1291 2752 1348 2798 et
1391 2745 1724 2799 voluntatem

137 2833 257 2899 eius
287 2835 574 2905 quaerendi
624 2852 691 2891 ex
728 2836 840 2891 Deo
866 2838 1097 2900 habent,
1149 2847 1204 2893 et
1241 2839 1344 2893 hoc
1370 2847 1457 2894 est
1505 2840 1722 2896 initium

139 2927 264 2982 doni
319 2925 416 2982 Dei
445 2928 592 2998 quod
639 2930 897 2999 gentibus
923 2930 1106 2994 datur,
1141 2937 1201 2985 ut
1233 2933 1450 3000 possint
1485 2946 1582 3002 per
1618 2931 1723 2988 hoc

139 3016 449 3071 doctrinam
480 3020 724 3084 recipere
752 3019 1028 3075 veritatis.

1837 1919 1893 1966 et
1925 1914 2111 1983 populi
2143 1913 2400 1984 religiosa
2429 1914 2649 1969 devotio
2673 1916 2869 1970 invitat
2896 1933 3030 1982 nos,
3062 1918 3131 1972 ad
3164 1918 3314 1988 ipsos
3336 1918 3419 1972 fa-

1836 2019 1958 2058 cere
1981 2020 2310 2060 sermonem.
2337 2005 2402 2059 Et
2423 2022 2547 2060 cum
2572 2008 2687 2062 hac
2705 2007 2964 2073 dixisset,
2985 2010 3298 2078 requirebat
3320 2012 3416 2065 ubi

1833 2107 2175 2166 opportunus
2191 2105 2335 2152 esset
2354 2099 2508 2153 locus
2527 2099 2594 2151 ad
2615 2099 3030 2168 disputandum.
3049 2099 3114 2153 Et
3130 2099 3280 2154 Maro
3300 2101 3376 2154 ait
3398 2121 3411 2155 :

1833 2186 1930 2242 Est
1958 2189 2090 2242 mihi
2115 2189 2260 2245 aedes
2276 2190 2636 2260 amplissima,
2658 2206 2780 2260 qua:
2805 2192 2929 2260 plus
2949 2208 3115 2261 quam
3136 2193 3410 2262 quingen-

1833 2287 1920 2334 tos
1949 2281 2179 2350 recipiat
2208 2282 2387 2343 viros,
2419 2290 2504 2336 est
2532 2291 2588 2337 et
2616 2283 2818 2337 hortus
2841 2284 2983 2339 intra
3013 2284 3236 2340 domum
3266 2304 3281 2353 ;
3313 2296 3411 2340 aut

1832 2371 1878 2426 si
1924 2372 1978 2426 in
2012 2373 2230 2442 publico
2261 2374 2446 2442 aliquo
2481 2375 2658 2444 placet
2689 2375 2839 2437 loco,
2873 2375 2976 2429 hoc
3008 2378 3182 2446 magis
3213 2393 3404 2433 omnes

1828 2461 2178 2527 desiderant,
2215 2479 2376 2518 nemo
2400 2466 2546 2522 enim
2580 2474 2700 2525 est.
2732 2466 2824 2534 qui
2854 2482 2964 2520 non
2994 2469 3181 2536 cupiat
3208 2469 3290 2521 vel
3327 2469 3410 2522 fa-

1827 2556 1965 2609 ciem
1989 2563 2138 2609 tuam
2155 2555 2338 2612 videre
2367 2565 2598 2612 tantum.
2627 2558 2692 2620 Et
2719 2556 2915 2612 Petrus
2942 2581 2954 2613 :
2983 2559 3222 2616 Ostende
3249 2563 3405 2626 mihi,

1829 2646 2030 2717 inquit,
2080 2648 2252 2704 eadem
2285 2650 2368 2704 vel
2398 2650 2643 2706 hortum.
2687 2650 2751 2703 Et
2802 2667 2928 2705 cum
2967 2654 3196 2708 vidisset
3233 2656 3436 2718 aedem,

1825 2737 2234 2808 ingrediebatur
2284 2749 2344 2795 ut
2388 2750 2443 2796 et
2481 2743 2701 2797 hortum
2722 2745 3076 2814 perspiceret,
3121 2754 3173 2800 et
3219 2749 3403 2801 suhito

1824 2833 2004 2887 omnis
2031 2833 2321 2888 multitudo
2348 2836 2507 2904 quasi
2537 2836 2606 2889 ab
2645 2837 2832 2903 aliquo
2860 2846 3114 2898 evocata,
3157 2854 3280 2892 cum
3321 2842 3405 2893 fe-

1822 2923 2117 2978 stinatione
2145 2925 2392 2996 ingressa
2421 2915 2507 2980 est
2530 2926 2775 2990 domum,
2810 2935 2973 2997 atque
3017 2929 3141 2982 inde
3171 2930 3237 2983 ad
3268 2931 3408 2983 hor-

1825 3023 1936 3068 tum
1967 3019 2216 3086 prorupit
2237 3056 2253 3081 ,
2287 3017 2379 3072 ubi
2406 3017 2520 3085 jam
2547 3018 2727 3071 stabat
2757 3018 2954 3074 Petrus
2973 3059 2989 3081 ,
3024 3020 3386 3078 considerans

207 3107 270 3162 V.
316 3107 408 3162 Sic
435 3111 578 3164 enim
609 3118 662 3163 et
700 3109 1052 3165 Hebrmorum
1094 3111 1297 3180 pepulo
1323 3126 1390 3166 ex
1435 3111 1595 3165 initio
1622 3111 1720 3165 da-
1744 3113 1790 3174 ο
1820 3107 1944 3177 quis
1970 3115 2116 3162 esset
2146 3116 2310 3177 aptus
2341 3108 2406 3162 ad
2436 3107 2829 3178 disputandum
2861 3111 3036 3165 locus.

138 3209 254 3254 tum
294 3209 416 3262 est,
454 3208 514 3253 ut
543 3200 838 3268 diligerent
868 3200 1090 3272 Moysen
1134 3209 1187 3255 et
1232 3201 1519 3256 crederent
1551 3202 1719 3257 verba

134 3289 270 3356 ejus.
294 3288 475 3361 [Unde
503 3301 556 3344 et
585 3289 848 3360 scriptum
876 3299 961 3346 est
994 3311 1006 3346 :
1034 3290 1271 3346 Credidit
1293 3293 1518 3362 populus
1533 3292 1638 3346 Deo
1665 3301 1718 3348 et

137 3380 312 3452 Moysi
342 3382 546 3451 [1111111111
575 3384 692 3452 ejus
725 3385 788 3438 ".
813 3382 835 3455 ]
860 3383 1018 3450 Quod
1049 3399 1188 3455 ergo
1220 3384 1319 3439 fuit
1348 3385 1559 3455 proprii
1593 3401 1715 3439 11111-

133 3475 279 3528 neris
328 3489 358 3527 a
409 3473 517 3528 Deo
558 3491 688 3546 erga
735 3475 1087 3530 Hebraeorum
1131 3485 1383 3546 gentem,
1425 3477 1527 3529 hoc
1566 3492 1716 3531 nunc

129 3565 383 3622 videmus
414 3566 534 3621 dari
565 3570 730 3623 etiam
765 3567 855 3623 his
888 3568 983 3638 qui
1012 3585 1079 3622 ex
1112 3569 1371 3638 gentibus
1401 3583 1716 3622 convocan-

134 3665 223 3708 tur
253 3657 322 3711 ad
356 3656 536 3714 fidem.
581 3657 817 3728 Operum
855 3675 986 3713 vero
1026 3660 1166 3712 ratio
1197 3659 1450 3728 potestati
1480 3669 1534 3713 et
1565 3659 1714 3713 arbi-

128 3748 233 3800 trio
263 3749 706 3819 uniuscujusque
746 3751 1102 3821 permittitur,
1135 3757 1190 3805 et
1223 3751 1326 3806 hoc
1358 3751 1597 3822 ipsorum
1627 3759 1713 3807 est

131 3839 412 3908 preprium
438 3879 454 3901 ,
509 3838 880 3911 [desiderium
937 3857 1068 3896 vero
1108 3841 1308 3898 habere
1351 3858 1478 3914 erga
1520 3843 1711 3898 docto-

131 3943 240 3982 rem
271 3929 579 4003 veritatis.)
618 3931 721 3986 hoc
771 3948 800 3986 a
842 3932 1004 3987 Patre
1055 3935 1263 3989 cmlesti
1304 3933 1563 3991 donatum
1601 3946 1709 3992 est.

131 4015 233 4072 Sed
263 4021 419 4075 salus
442 4022 496 4074 in
526 4033 690 4080 eoest
722 4032 782 4079 ut
811 4027 1147 4081 voluntatem
1179 4027 1332 4096 ejus,
1367 4029 1527 4098 cujus
1556 4033 1709 4084 anio—

127 4122 236 4162 rem
284 4117 341 4163 et
379 4111 708 4167 desiderium
754 4113 865 4168 Deo
910 4115 1177 4185 largiente
1225 4116 1578 4184 conceperis,
1626 4114 1708 4169 fa-

125 4199 268 4266 cias;
311 4216 377 4255 ne
404 4203 622 4257 dicatur
649 4203 718 4258 ad
752 4212 807 4260 te
840 4205 933 4260 ille
962 4221 1142 4260 sermo
1168 4207 1291 4273 eius
1319 4222 1482 4276 quem
1525 4208 1660 4262 dixit
1689 4228 1704 4262 :

125 4286 258 4353 Quid
301 4302 475 4345 autem
513 4292 689 4350 dicitis
721 4296 892 4349 mihi:
925 4295 1174 4360 Domine,
1213 4296 1464 4360 Domine,
1496 4306 1544 4351 et
1599 4316 1703 4352 non

124 4379 304 4446 facitis
332 4400 450 4453 quis
480 4385 598 4440 dico
630 4388 672 4418 "
703 4387 888 4459 “00)?
936 4384 1031 4442 Est
1057 4404 1187 4458 ergo
1221 4389 1425 4460 proprii
1457 4393 1698 4445 muneris

1888 3196 1999 3251 VII.
2047 3196 2117 3252 Ut
2148 3205 2329 3253 autem
2371 3199 2508 3251 vidit
2550 3199 2742 3253 turbas
2785 3201 2934 3254 velut
2972 3201 3208 3271 ingentis
3247 3205 3398 3258 fluvii

1819 3287 2120 3344 inundasse
2148 3291 2324 3345 lenem
2358 3297 2596 3344 meatum
2620 3329 2636 3353 ,
2669 3291 2972 3347 ascendens
3007 3308 3172 3362 supra
3222 3296 3396 3350 basim

1816 3381 2108 3450 quamdam
2129 3423 2148 3448 ,
2179 3398 2302 3451 qua:
2333 3383 2476 3436 forte
2501 3383 2658 3450 juxta
2691 3383 2832 3438 horti
2861 3385 3124 3454 parietem
3175 3389 3354 3441 stabat
3375 3429 3391 3452 ,

1815 3475 1993 3542 primo
2026 3475 2308 3543 religionis
2346 3489 2496 3528 more
2531 3476 2791 3546 populum
2830 3478 3107 3532 salutavit.
3153 3479 3386 3547 Quidam

1814 3574 1996 3618 autem
2021 3582 2084 3619 ex
2116 3567 2304 3636 bisqui
2327 3567 2576 3630 aderant,
2607 3575 2656 3620 et
2678 3569 2850 3622 multo
2879 3577 3123 3640 tempore
3141 3589 3170 3624 a
3190 3572 3394 3626 (11111110-

1813 3659 1974 3712 nibus
1999 3657 2213 3712 fuerant
2249 3659 2480 3728 fatigati,
2505 3658 2555 3710 in
2576 3666 2721 3713 terra
2752 3670 3021 3729 proruunt
3045 3661 3393 3718 obsecranti-

1812 3748 1915 3802 bus
1940 3748 2228 3818 spiritibns
2253 3748 2567 3810 immundis,
2585 3755 2645 3801 ut
2664 3749 2745 3802 vel
2773 3766 2884 3804 uno
2907 3751 2994 3806 die
3012 3752 3389 3823 indulgeretur

1809 3837 1890 3892 eis
1919 3837 1975 3891 in
2005 3837 2248 3891 obsessis
2278 3835 2602 3905 corporibus
2634 3851 2954 3906 permanere
2983 3855 2996 3900 ;
3027 3854 3164 3907 quos
3193 3837 3388 3897 Petrus

1810 3929 2106 3998 increpans
2129 3927 2294 3997 j‘ussit
2326 3926 2624 3981 abscedere
2644 3966 2657 3989 ,
2691 3935 2744 3980 et
2777 3927 2895 3982 sine
2925 3943 3074 3982 mora
3109 3929 3387 3986 discesse-

1808 4029 1956 4074 runt.
1987 4019 2117 4074 Post
2151 4019 2252 4074 hos
2282 4019 2374 4072 alii
2405 4019 2582 4088 longis
2618 4017 2800 4072 afﬂicti
2835 4019 3196 4089 languoribus
3226 4038 3386 4093 roga-

1808 4113 1940 4168 bant
1971 4111 2192 4165 Petrum
2213 4151 2227 4174 ,
2263 4118 2319 4164 ut
2349 4109 2659 4180 reciperent
2687 4110 3012 4175 sanitatem,
3048 4126 3146 4180 pro
3176 4112 3386 4180 quibus

1807 4220 1867 4259 se
1916 4203 2349 4272 supplicaturum
2402 4199 2630 4254 Domino
2681 4199 2988 4269 pollicetur,
3038 4216 3163 4254 cum
3212 4203 3389 4270 prius,

1805 4289 2258 4351 sermodoctriuae
2275 4289 2467 4344 fuisset
2498 4290 2769 4358 expletus.
2804 4289 2909 4342 Sed
2940 4290 3123 4343 statim
3159 4298 3218 4343 ut
3246 4305 3379 4358 pro-

1804 4387 1983 4448 misit,
2016 4382 2374 4453 languoribus
2405 4381 2630 4436 resoluti
2663 4388 2818 4444 sunt,
2847 4381 3082 4449 etjussit
3106 4397 3199 4436 eos
3227 4398 3382 4436 scor-

123 4485 150 4523 a
181 4471 288 4527 Deo
319 4477 567 4532 concessi
624 4453 898 4539 Hebraeis,
938 4487 997 4533 ut
1030 4453 1492 4550 Movsi-credant,
1523 4481 1698 4550 genti-
1730 4453 1772 4508 Β
1803 4479 1904 4533 sim
1943 4474 2184 4530 residere
2227 4488 2350 4526 cum
2406 4473 2520 4533 his,
2570 4473 2662 4542 qui
2715 4486 2745 4524 a
2789 4473 3130 4528 dtetnonibus
3163 4474 3381 4527 fuerant

122 4559 218 4614 bus
247 4570 432 4617 autem
460 4604 476 4629 ,
510 4574 568 4619 ut
596 4565 780 4622 Jesum
812 4568 1062 4637 diligant.
1098 4567 1209 4621 Hoc
1240 4569 1385 4623 enim
1419 4569 1697 4622 indicabat
1801 4565 2008 4624 curati,
2060 4561 2216 4631 quasi
2268 4567 2390 4630 post
2449 4560 2652 4614 laboris
2705 4560 3103 4630 fatigationem.
3162 4561 3375 4617 interea

119 4659 167 4704 et
194 4651 474 4724 Magister,
507 4657 597 4710 ubi
631 4660 703 4712 ait
731 4675 743 4709 :
777 4658 1078 4728 Conﬁtebor
1107 4660 1222 4722 tibi,
1257 4659 1446 4723 Pater,
1470 4659 1690 4714 Domine

118 4743 225 4798 creti
262 4757 316 4801 et
362 4759 515 4803 terra!
540 4751 641 4821 (1),
669 4753 794 4822 quia
833 4753 1110 4806 occultasti
1143 4754 1253 4806 Iura
1290 4769 1322 4804 a
1368 4753 1690 4820 sapientibus

175 4931 214 4961 ¹²
248 4927 440 4984 Matth.
478 4946 563 4993 ix,
600 4930 687 4993 57,
722 4931 809 4984 38.
889 4932 931 4962 ¹³
957 4930 1091 4986 Luc.
1120 4945 1218 4982 xm
1243 4969 1256 4989 ,
1288 4927 1389 4993 29;
1412 4927 1704 4982 Matthxi"

175 5016 273 5054 non
302 5001 555 5054 leeuntur
587 5002 638 5054 iu
669 5001 830 5054 codd.
860 4999 1038 5054 Linss.
1121 5002 1162 5031 ¹⁵
1188 4999 1359 5053 Exod.
1396 5015 1506 5054 xw.
1537 4999 1627 5052 51.
1705 5001 1713 5029 ¹

1834 4971 1843 4980 .
1924 4927 1964 4956 ¹⁸
1999 4927 2322 4979 Desiderinm
2348 4939 2468 4992 ergo
2498 4938 2550 4976 et
2583 4937 2704 4990 sqq.

1822 5013 1908 5052 uc.
1944 5013 2016 5054 vn,
2055 4996 2142 5050 46.
2226 4995 2264 5024 ¹⁷
2299 4993 2488 5048 Matth.
2520 5008 2596 5054 x1,
2634 4992 2704 5046 25

116 4997 145 5053 5
168 5016 273 5056 non
302 5001 555 5072 leguntur
587 5002 638 5054 in
669 5001 830 5057 codd.
860 4999 1038 5072 Lipss.
1121 5002 1162 5031 ¹⁵
1188 4999 1359 5053 Exod.
1396 5015 1506 5063 xw,
1537 4999 1627 5052 51.

1800 4654 1927 4708 (111111
1981 4653 2094 4706 [nec
2145 4659 2400 4721 aguntur,
2454 4649 2685 4719 plurima
2739 4650 3039 4704 multitudo
3065 4643 3379 4716 'conveuit,

1798 4762 1936 4815 quos
1967 4760 2075 4797 non
2111 4743 2287 4797 solum
2319 4741 2654 4796 desiderium
2705 4739 2889 4807 Petri,
2936 4742 3029 4796 sed
3073 4756 3126 4795 et
3165 4744 3374 4796 sanita—

1924 4927 1964 4956 “
1999 4923 2322 4979 Desiderinm
2348 4939 2468 4992 ergo
2498 4938 2550 4976 et
2583 4937 2704 4990 sqq.
2744 4936 2920 4989 usque
2951 4921 3014 4973 ad
3052 4921 3208 4974 finem
3243 4939 3364 4992 (τη),

1944 5013 2016 5044 νι-
2055 4996 2142 5044 46.
2226 4995 2264 5024 ¹⁷
2299 4993 2488 5044 Matth.
2520 5008 2596 5044 χι.
2634 4992 2722 5044 25.
2832 4994 2873 5023 ⁸⁸
2896 4991 3084 5044 Matth.
3123 5009 3239 5044 xm.
3275 4994 3361 5044 52.

2900 4994 3084 5048 Matth.
3123 5009 3239 5055 xm,
3275 4994 3361 5047 52.

1413 5176 1779 5236 COTELERII
1815 5177 2046 5233 NOTzE.

177 5326 322 5395 (100)
369 5323 506 5395 Quid
540 5333 708 5375 autem
766 5324 941 5376 dicitis
992 5325 1162 5389 mihi,
1237 5323 1489 5395 Domine,
1561 5329 1667 5376 etc.

111 5393 256 5448 Luca:
293 5394 466 5454 v1.46
501 5415 509 5446 :
546 5395 607 5444 Τί
631 5395 686 5445 δέ
709 5412 770 5463 με
802 5397 1031 5458 καλεῖτε,
1062 5397 1250 5464 Κύριε,
1277 5394 1466 5464 Κύρίε,
1495 5395 1585 5445 καὶ
1609 5395 1668 5445 οὐ

114 5471 298 5518 ποιεῖτε
345 5468 378 5519 ἃ.
421 5465 598 5531 λὲγως
651 5466 787 5528 Quid
846 5477 1019 5517 autem
1056 5468 1248 5518 roratis
1291 5480 1402 5517 me:
1428 5465 1664 5525 Domine,

111 5535 346 5595 Domine;
393 5545 440 5586 et
489 5553 589 5586 non
624 5537 801 5602 facitis
841 5554 954 5604 qua:
1000 5537 1157 5588 dico?
1190 5553 1280 5590 seu
1320 5552 1382 5587 cx
1416 5536 1518 5586 alia
1547 5549 1668 5586 vcr—

112 5610 245 5660 sionc
277 5608 416 5675 apud
456 5607 749 5657 Caesarium
793 5607 1184 5664 Arelatensem,
1227 5605 1410 5656 homil.
1459 5605 1511 5662 4,
1559 5606 1588 5654 9
1615 5612 1667 5656 et

113 5677 413 5733 12.13am”!
445 5692 582 5744 quas
616 5693 758 5728 cura:
790 5679 887 5728 viri
934 5679 1222 5728 (iint‘iHsml
1262 5676 1516 5742 Stephani
1561 5675 1664 5725 lin-

112 5746 219 5799 iutii
246 5750 506 5800 (itiill'illiiS
544 5766 553 5797 :
593 5747 729 5809 Quid
754 5749 962 5812 prodest
1000 5753 1134 5813 quod
1168 5748 1341 5797 dicitis
1382 5747 1526 5803 mihi,
1563 5746 1665 5795 Do-

111 5819 247 5872 mine.
281 5820 518 5877 Domine,
568 5829 613 5869 ct
647 5836 743 5868 non
795 5821 963 5870 tacitis
997 5837 1109 5872 ouw
1154 5820 1231 5872 κει
1265 5836 1322 5869 ca
1354 5834 1467 5878 qua?
1499 5815 1658 5869 dico?

1777 5321 1833 5376 S.
1864 5311 2224 5388 Augustinus:
2258 5336 2421 5374 serm.
2459 5321 2548 5382 ὃς,
2619 5321 2688 5372 De
2729 5321 2923 5372 sanctis
2961 5334 2977 5368 :
3025 5319 3166 5371 Illud
3210 5322 3358 5374 mli-le

1776 5393 2060 5446 timendum
2093 5403 2188 5450 est,
2215 5391 2349 5459 quod
2381 5392 2566 5443 iterum
2594 5392 2846 5442 Dominus
2871 5391 2995 5439 dicit
3030 5408 3043 5440 .·
3079 5392 3216 5453 Quid
3244 5407 3358 5456 pro-

1773 5466 1884 5516 dcst
1918 5463 2053 5532 quod
2086 5463 2259 5514 dicitis
2293 5478 2310 5514 :
2341 5462 2584 5525 Domine,
2629 5462 2870 5522 Domine,
2922 5471 2967 5511 et
3019 5478 3118 5511 non
3173 5461 3349 5526 facim

1771 5552 1885 5604 (pur
1908 5537 2021 5586 dico
2056 5535 2233 5604 vobis?

1845 5605 1920 5663 (li
1964 5606 2141 5664 Pater,
2188 5603 2404 5655 Domine
2443 5602 2556 5653 611³11
2596 5611 2644 5655 et
2676 5612 2846 5654 terrm.
2893 5599 3177 5653 Candelcr.
3215 5618 3345 5663 ns,

1778 5675 1993 5728 Domine
2035 5676 2213 5738 Pater,
2247 5690 2352 5742 quo
2392 5674 2552 5727 minio
2585 5677 2785 5727 (11111111-
2831 5674 2898 5723 ah
2946 5673 3170 5731 tiiinno,
3225 5670 3320 5728 {ile

1770 5764 2021 5812 1111111111),
2056 5748 2194 5801 aliis.
