4048 6342
573 408 582 418 ,
633 349 794 407 ista

1542 349 1596 403 6.
1642 344 2036 404 CLEMENTIS
2070 343 2088 402 l
2129 344 2296 406 ROM.
2338 347 2540 407 ΡΟΝΤ.
2584 344 2818 404 OPERA
2857 343 3084 402 DUBIA.

3803 341 3930 396 159

654 472 770 519 tum
790 502 807 529 ,
829 476 950 533 qua:
976 467 1299 531 perpetratae
1322 461 1538 533 fuerant
1557 501 1572 527 ,
1601 462 1742 517 fama
1769 470 2129 532 pertraxerat.
2157 463 2226 516 At
2254 471 2299 528 Α
2328 465 2534 520 divina.
2566 465 2631 518 Et
2664 465 2738 517 ita
2768 462 2970 515 factum
2996 467 3110 522 est,
3144 464 3203 512 ut
3231 458 3436 512 cultum
3471 453 3569 511 Dei
3616 469 3802 526 quem
3847 469 3930 523 pro

653 551 853 608 Petrus
879 566 1041 604 manu
1073 552 1355 620 quiescere
1387 552 1648 621 populum
1676 552 1882 608 docens
1903 591 1918 616 ,
1951 559 2006 605 et
2038 551 2229 607 turbas

657 641 1170 713 lntranquillitate
1223 657 1560 713 componens
1593 644 1657 709 “,
1715 643 1819 698 hoc
1878 643 2042 698 modo
2102 642 2230 698 fecit

655 733 942 790 exordium
956 753 968 788 :
1631 727 1634 729 Α

737 825 874 880 Vill.
907 824 1191 897 lncipienti
1223 825 1290 879 de
1321 840 1452 879 vero
1481 823 1578 879 Dei
1614 824 1766 879 cultu
1798 822 1980 879 facere
2011 839 2228 879 sermo-

658 901 1192 973 nem'necessarium
1245 915 1378 968 mihi
1424 913 1661 982 videtur,
1707 931 1803 971 eos
1846 917 1939 986 qui
1987 917 2230 971 nondum

659 1009 726 1066 de
756 1009 859 1064 hoc
885 1009 1089 1079 aliquid
1121 1008 1366 1063 scientia
1396 1008 1683 1062 consecuti
1715 1017 1878 1071 sunt,
1911 1008 2089 1078 primo
2121 1023 2236 1062 om-

661 1107 810 1158 nium
845 1103 1080 1166 docere,
1123 1117 1220 1172 per
1262 1101 1446 1155 omnia
1495 1102 1878 1172 inculpabilem
1925 1101 2233 1171 ponendam

661 1211 784 1251 esse
813 1195 1054 1249 divinam
1078 1193 1483 1249 Providentiam
1508 1233 1524 1255 ,
1562 1184 1658 1263 per
1690 1210 1852 1263 quam
1888 1195 2124 1247 mundus
2157 1208 2236 1247 re.

660 1289 809 1358 gitur
842 1295 896 1341 et
925 1268 1285 1357 gubernatur.
1322 1283 1478 1339 Hunc
1507 1292 1686 1339 autem
1720 1286 1878 1340 nobis
1915 1285 2126 1340 exordii
2165 1285 2238 1338 ti-

663 1378 834 1430 tulum
865 1376 1015 1430 dedit
1043 1377 1328 1446 przesentis
1357 1377 1540 1446 operis
1569 1375 1710 1429 ratio
1732 1416 1746 1438 ,
1781 1384 1835 1429 et
1869 1391 2060 1429 eorum
2096 1391 2236 1445 quos

663 1466 756 1522 Dei
789 1468 964 1520 virtus
995 1468 1209 1526 sanavit
1249 1465 1503 1530 occasio,
1548 1474 1607 1520 ut
1647 1452 2042 1531 Ostendamus,
2089 1467 2235 1537 quod

661 1567 812 1614 recta
847 1561 1058 1614 ratione
1119 1560 1506 1630 quamplurimi
1555 1559 1856 1634 a'diverSis
1897 1560 2237 1615 daemonibus

662 1639 1000 1713 obtinentur,
1037 1661 1096 1705 ut
1128 1669 1222 1721 per
1251 1652 1353 1706 hoc
1385 1659 1646 1722 appareat
1669 1651 1883 1720 justitia
1915 1650 2033 1706 Dei.
2080 1650 2240 1706 inve-

664 1744 846 1798 nietur
891 1743 1036 1796 enim
1087 1745 1330 1819 omnium
1382 1759 1521 1813 pene
1571 1743 1844 1797 malorum
1896 1751 2071 1797 mater
2115 1759 2238 1798 esse.

665 1834 995 1904 ignorantia.
1029 1831 1134 1887 Sed
1160 1834 1272 1902 jam
1304 1835 1584 1888 veniamus
1616 1837 1680 1887 ad
1707 1849 1954 1907 causam.

736 1923 828 1979 ιχ.
870 1924 1014 1978 Deus
1044 1941 1166 1978 cum
1203 1924 1422 1980 fecisset
1453 1926 1725 1978 hominem
1763 1927 1827 1977 ad
1865 1925 2153 1994 imaginem
2187 1933 2239 1979 et

667 2017 1082 2072 similitudinem
1117 2031 1270 2070 suam
1296 2056 1310 2076 ,
1345 2017 1493 2084 operi
1525 2031 1625 2069 suo
1659 2015 1933 2083 spiramen
1963 2014 2238 2084 quoddam

666 2117 722 2161 et
753 2107 971 2181 odorem
1004 2124 1116 2161 sua:
1143 2107 1444 2161 divinitatis
1477 2107 1745 2168 inseruit,
1777 2113 1834 2159 ut
1863 2122 1958 2175 per
1981 2107 2084 2159 hoc
2117 2123 2242 2175 par-

668 2200 863 2268 ticipes
917 2199 1043 2252 facti
1095 2199 1354 2252 mOrtales
1393 2196 1666 2265 [Inigeniti
1716 2199 1868 2265 ejus,
1923 2212 2018 2265 per
2063 2197 2238 2264 ipsum

669 2292 832 2347 etiam
867 2291 1028 2343 amici
1059 2289 1152 2343 Dei
1186 2298 1240 2342 et
1273 2289 1366 2341 ﬁlii
1395 2288 1706 2356 adoptionis
1733 2288 2065 2353 existerent;
2100 2286 2253 2340 unde‘

669 2393 721 2435 et
753 2397 857 2450 qua
887 2381 971 2432 via
1000 2381 1049 2432 id
1085 2380 1298 2449 possint
1330 2377 1558 2445 adipisci
1588 2417 1602 2438 .
1639 2377 1753 2446 ipse
1781 2393 1874 2431 eos
1901 2383 1958 2429 ut
1983 2375 2242 2444 propheta

670 2487 833 2526 verus
855 2472 1071 2526 edocuit
1089 2512 1101 2535 ,
1127 2472 1305 2524 sciens
1331 2470 1529 2538 quibus
1554 2470 1769 2522 actibus
1797 2469 2076 2522 hominum
2092 2468 2242 2521 dele-

671 2572 916 2618 ctaretur
937 2563 1117 2618 Pater.
1152 2561 1304 2616 Unus
1325 2563 1506 2630 itaque
1534 2563 1675 2630 apud
1714 2562 1961 2615 homines
1991 2568 2122 2615 tunc
2149 2559 2242 2624 Dei

671 2657 853 2710 cultus
873 2665 1010 2717 erat,
1034 2671 1333 2724 menspura
1349 2662 1399 2708 et
1427 2655 1652 2722 spiritus
1682 2654 2056 2720 incorruptus.
2086 2650 2149 2704 Et
2173 2653 2245 2706 ob

674 2749 778 2802 hoc
797 2748 974 2801 onmis
995 2756 1243 2801 creatura
1268 2747 1506 2799 humano
1531 2746 1714 2814 generi
1737 2745 1916 2799 ftedus
1934 2745 2246 2799 inviolabile

674 2840 1056 2894 conservabat.
1118 2837 1200 2892 Ob
1264 2840 1626 2892 reverentiam
1683 2853 1918 2906 namque
1968 2836 2246 2890 Creatoris

676 2933 823 2986 nulla
857 2930 1125 3001 agritudo
1176 2929 1406 2993 in'eos,
1461 2931 1670 2982 nullum
1715 2929 1907 2983 vitium
1965 2929 2242 2998 corporis,

678 3021 829 3074 nulla
858 3020 1106 3074 ciborum
1145 3019 1423 3073 dominata
1453 3019 1740 3088 corruptio
1769 3027 1883 3082 est,
1916 3035 1983 3074 ex
2012 3035 2121 3089 quo
2154 3020 2247 3073 fie-

675 3113 799 3175 bat,
851 3121 909 3165 ut
956 3112 1105 3166 mille
1155 3127 1424 3166 annorum
1471 3122 1602 3166 artas
1645 3111 1702 3165 in
1741 3110 2091 3181 fragilitatem
2139 3127 2246 3166 non

677 3203 941 3258 incideret
971 3205 1290 3258 senectutis.
1336 3259 1345 3265 ,

752 3293 817 3348 Χ.
863 3294 968 3349 Sed
1017 3295 1108 3347 ubi
1155 3297 1265 3348 vita
1301 3295 1504 3348 laboris
1538 3311 1736 3364 expers
1764 3295 2031 3348 bonorum
2066 3309 2252 3364 persc-

676 3388 978 3441 verantiam
1011 3403 1119 3440 non
1151 3387 1360 3456 putavit
1389 3387 1571 3440 divina
1602 3388 1910 3456 largitione,
1941 3386 2036 3440 sed
2068 3402 2249 3440 rerum

679 3479 821 3533 forte
854 3494 1215 3543 concessam,
1250 3489 1303 3532 et
1336 3480 1454 3534 sine
1485 3479 1596 3532 ullo
1629 3466 1827 3534 sudore
1855 3477 2054 3532 divinae
2080 3493 2252 3531 amm-

679 3569 872 3622 nitatis
902 3570 1118 3623 deliciis
1152 3567 1357 3638 perfrui
1380 3609 1394 3631 ,
1423 3577 1633 3623 natum
1659 3569 1900 3638 debitum
1933 3578 1987 3623 et
2017 3587 2123 3623 non
2156 3569 2251 3626 Dei

680 3660 946 3715 bonitatis
1000 3676 1202 3714 munus
1256 3660 1487 3730 accepit.
1539 3658 1597 3714 In
1641 3663 1949 3716 contrarias
1995 3678 2093 3732 per
2139 3663 2253 3736 hzec

679 3750 933 3829 homines
963 3759 1015 3805 et
1053 3751 1249 3821 impias
1296 3751 1657 3822 cogitationes
1701 3753 1813 3806 otio
1857 3753 2088 3808 docente
2130 3769 2256 3824 per-

681 3843 942 3906 veniunt,
973 3850 1226 3912 putantes
1255 3843 1480 3896 deorum
1514 3843 1615 3897 sibi
1649 3844 1818 3896 vitam
1851 3844 2019 3898 nullis
2051 3845 2256 3898 labori-

682 3934 786 3988 bus
835 3935 1110 4004 nullisque
1165 3934 1376 3989 meritis
1421 3942 1627 3987 natam.
1674 3931 1814 3988 Hinc
1861 3935 2154 4004 proficiunt
2199 3935 2255 3989 in

681 4028 959 4090 deterius,
993 4034 1052 4080 ut
1080 4041 1258 4097 neque
1301 4026 1642 4096 providentia
1692 4024 1788 4081 Dei
1834 4027 2098 4080 mundum
2142 4028 2256 4097 regi

681 4119 1001 4180 crederent,
1035 4133 1212 4186 neque
1254 4117 1551 4171 virtutibus
1595 4133 1719 4172 esse
1760 4118 1995 4187 aliquem
2037 4119 2252 4184 locum,

665 4199 1125 4283 quandoquidem
1155 4208 1478 4277 semetipsos
1505 4209 1708 4262 scirent
1731 4209 1896 4263 nullis
1924 4211 2074 4278 prius
2100 4211 2258 4266 bonis

683 4299 944 4370 operibus
975 4299 1270 4369 assignatis
1299 4299 1396 4354 otii
1427 4315 1491 4352 ac
1523 4287 1842 4354 deliCiarum
1876 4316 2144 4355 summam
2175 4310 2256 4357 tc-

685 4408 847 4456 nere,
881 4401 935 4447 et
967 4393 1179 4446 amicos
1207 4391 1300 4447 Dei
1330 4394 1536 4463 absque
1568 4393 1701 4448 ullis
1733 4392 2014 4448 laboribus
2042 4395 2253 4451 haberi.

2272 1812 2314 1867 Β

2276 3171 2321 3231 C

2332 557 2491 610 bouis
2520 556 2875 626 neglexerant
2896 569 2915 616 ,ε
2944 557 3342 620 recuperarent
3375 565 3474 618 pro
3503 549 3680 603 malis
3701 588 3720 610 ,
3759 557 3820 602 et
3849 562 3929 600 eo-

2333 647 2625 717 gitationes
2670 647 2724 699 in
2762 645 2930 700 Deum
2972 659 3112 714 quas
3145 649 3481 712 perverterat
3528 641 3929 710 indulgentia,

2332 740 2650 795 emendaret
2703 737 2945 793 atﬂictio.
2994 735 3086 789 Sic
3134 749 3266 805 ergo
3323 733 3504 789 divina
3563 732 3935 787 Providentia

2334 832 2438 886 hoc
2470 846 2592 886 esse
2627 829 2817 884 utilius
2846 827 3162 882 hominibus
3206 807 3431 889 videns,
3481 825 3606 879 vias
3667 825 3931 894 benigni-

2335 926 2462 980 tatis
2494 932 2549 978 et
2581 921 2965 986 abundantia,
2997 927 3256 988 tanquam
3289 933 3411 986 qua:
3456 917 3770 975 lederent,
3809 917 3935 968 sub-

2334 1016 2505 1070 trahit
2535 1016 2603 1069 ab
2633 1014 2946 1069 hominibus
2974 1051 2989 1076 ,
3019 1020 3075 1067 et
3106 1010 3410 1066 vexationis
3440 1012 3550 1065 iter
3581 1025 3649 1063 ac
3696 1010 3936 1062 tribula-

2334 1106 2504 1162 tionis
2534 1105 2762 1160 inducit.

2408 1198 2523 1254 Xll.
2568 1197 2674 1252 Sed
2734 1205 2794 1251 ut
2834 1195 3149 1251 ostenderet
3209 1196 3338 1266 quia
3379 1193 3498 1248 hac
3539 1208 3650 1263 pro
3701 1193 3938 1263 ingratis

2337 1297 2651 1361 agerentur,
2699 1303 2868 1349 unum
2915 1287 3210 1357 quemdam
3258 1301 3324 1341 ex
3373 1285 3484 1338 illis
3528 1285 3636 1354 qui
3669 1283 3940 1353 primitus

2339 1388 2622 1454 cmperant
2671 1396 2794 1435 esse
2843 1379 3140 1443 mortales,
3199 1377 3345 1447 quod
3394 1392 3518 1431 eum
3575 1377 3776 1446 gratia:
3830 1391 3939 1428 sua

2339 1491 2450 1530 non
2480 1475 2855 1529 immemorem
2887 1472 3059 1534 vidit,
3092 1478 3147 1525 et
3191 1469 3323 1540 quia
3373 1470 3629 1540 speravit
3675 1471 3940 1522 invocare

2339 1581 2536 1621 nomen
2569 1563 2785 1617 Domini
2819 1560 2896 1632 (Ξ)
2919 1601 2933 1624 ,
2966 1560 3032 1614 ad
3067 1561 3406 1615 immortales
3451 1560 3783 1622 transtulit,
3834 1575 3942 1611 ca:—

2343 1646 2473 1713 teris
2506 1657 2598 1726 qui
2630 1656 2684 1710 in
2727 1663 2938 1709 tantum
2972 1654 3172 1725 ingrati
3203 1653 3494 1717 exstitere,
3546 1660 3610 1705 ut
3641 1667 3749 1706 nec
3782 1652 3940 1704 labo-

2341 1749 2494 1803 ribus
2535 1755 2589 1802 et
2632 1746 3086 1819 tribulationibus
3123 1745 3406 1800 emendari
3448 1751 3502 1799 et
3541 1743 3762 1813 corrigi
3810 1758 3940 1812 pos-

2345 1840 2488 1900 sint,
2523 1837 2853 1909 gravissima
2883 1843 3063 1889 morte
3092 1836 3390 1890 damnatis.
3421 1833 3638 1888 Invenit
3666 1841 3861 1887 tamen
3889 1843 3940 1885 et

2344 1931 2486 1984 inter
2519 1931 2668 1999 ipsos
2693 1944 2862 1982 unum
2893 1926 3185 1997 quemdam
3215 1943 3338 1981 cum
3367 1927 3529 1981 domo
3555 1940 3659 1980 sua
3679 1927 3902 1995 justum
3925 1965 3937 1980 .

2345 2038 2506 2093 quem
2541 2026 2876 2084 reservaret,
2917 2027 3193 2090 praecepto
3243 2018 3294 2072 ei
3333 2017 3460 2072 dato
3519 2025 3584 2070 ut
3630 2017 3940 2070 fabricaret

2346 2124 2554 2176 arcam,
2591 2122 2646 2168 et
2692 2113 2745 2165 in
2776 2126 2840 2166 ea
2865 2151 2880 2175 ,
2929 2126 3051 2164 cum
3097 2111 3305 2164 diluvio
3339 2117 3537 2163 cuncta
3573 2119 3936 2164 necarentur.

2347 2207 2463 2276 ipse
2513 2221 2638 2259 cum
2691 2208 2777 2259 his
2827 2206 3028 2274 quibus
3087 2211 3417 2274 praeceptum
3473 2203 3687 2264 fuerat,
3759 2215 3940 2270 posset

2344 2296 2612 2358 evadere,
2660 2311 2770 2365 quo
2814 2297 2996 2365 impiis
3043 2297 3459 2350 inundationem
3501 2308 3783 2365 aquarum
3819 2310 3940 2363 per-

2343 2389 2542 2458 emptis
2600 2390 3041 2459 purilicationem
3099 2389 3340 2450 mundus
3402 2389 3726 2458 acciperet,
3784 2395 3839 2442 et
3901 2388 3939 2440 is

2346 2481 2439 2550 qui
2471 2478 2547 2535 ad'
2571 2483 2946 2551 posteritatem
2994 2483 3212 2554 generis
3243 2480 3422 2535 fuerat
3453 2487 3784 2534 reservatus
3805 2521 3818 2541 ,
3839 2472 3942 2549 ἰυρι-

2347 2586 2546 2641 aquam
2575 2573 2813 2627 mundus
2841 2573 3090 2635 elfectus,
3119 2573 3383 2625 mundum
3415 2569 3604 2625 denuo
3630 2582 3941 2639 repararet.

2419 2661 2559 2719 Xlll.
2601 2663 2708 2719 Sed
2738 2667 2822 2720 his
2852 2666 3111 2720 omnibus
3141 2667 3310 2736 gestis
3349 2679 3541 2720 rursus
3581 2664 3844 2716 homines
3879 2662 3944 2713 ad

2349 2756 2686 2825 impietatem
2718 2765 3034 2822 vertuntur,
3068 2766 3122 2812 et
3151 2765 3376 2828 pr0pter
3407 2755 3509 2810 hoc
3545 2771 3577 2808 a
3623 2753 3744 2808 Deo
3788 2755 3918 2824 poni

2349 2855 2444 2901 tur
2472 2850 2556 2904 lex
2587 2865 2708 2920 quae
2738 2850 2959 2905 vivendi
2989 2850 3212 2904 modum
3245 2850 3466 2904 doceret
3491 2866 3507 2914 ;
3539 2847 3637 2902 sed
3669 2859 3943 2916 processu

2347 2943 2615 3014 temporis
2635 2983 2649 3005 ,
2682 2941 2780 2997 Dei
2810 2942 3033 3012 quidem
3063 2943 3249 2997 cultus
3278 2951 3331 2996 et
3355 2941 3567 3010 justitia
3600 2940 3668 2992 ab
3704 2939 3949 2992 inﬁdeli-

2350 3035 2455 3089 bus
2481 3043 2536 3089 et
2568 3035 2751 3103 impiis
2785 3033 3184 3103 corrumpitur,
3215 3031 3361 3086 sicut
3399 3030 3562 3100 paulo
3607 3036 3741 3099 post
3790 3043 3948 3097 aper-

2354 3129 2469 3185 tius
2501 3125 2877 3182 ostendemus.
2910 3123 3194 3180 Perversa:
3225 3130 3405 3177 autem
3439 3130 3494 3176 et
3525 3121 3791 3175 erratica:
3824 3119 3951 3171 reli-

2355 3220 2545 3292 giones
2574 3214 3025 3279 introducuntur,
3057 3213 3260 3282 quibus
3295 3227 3354 3266 se
3386 3211 3620 3280 plurima
3666 3223 3809 3276 pars
3855 3209 3950 3257 bo-

2355 3312 2563 3366 minum
2595 3323 2691 3378 per
2731 3305 3080 3360 occasionem
3127 3302 3389 3358 feriarum
3432 3309 3487 3356 et
3528 3301 3949 3354 solemnitatum

2361 3403 2660 3462 dederunt,
2707 3404 2872 3468 potus
2916 3396 3289 3450 instaurantes
3329 3401 3382 3448 et
3424 3391 3699 3452 convivia,
3758 3392 3952 3443 tibias-

2355 3506 2461 3565 que
2522 3507 2586 3545 ac
2618 3489 2833 3546 fistulas
2865 3495 2919 3542 et
2945 3487 3188 3541 citharas
3220 3500 3284 3538 ac
3313 3483 3532 3538 diversa
3572 3496 3789 3552 genera
3840 3496 3951 3532 mu-

2357 3586 2599 3641 sicorum
2633 3587 2910 3636 sectantes
2932 3620 2946 3641 ,
2982 3589 3034 3633 et
3065 3577 3396 3646 semetipsos
3426 3589 3522 3644 per
3551 3572 3745 3626 omnia
3779 3581 3953 3624 temu-

2358 3675 2538 3731 lcntia:
2586 3688 2650 3727 ac
2695 3671 2928 3726 luxuria:
2973 3669 3349 3739 propitiantes.
3397 3665 3534 3718 Hinc
3565 3665 3757 3717 omnis
3794 3677 3950 3716 error

2357 3767 2566 3836 accepit
2597 3764 2863 3834 originem
2890 3801 2905 3827 ,
2941 3761 3070 3815 hinc
3098 3761 3252 3814 lucos
3279 3767 3334 3814 et
3358 3773 3517 3822 aras,
3547 3755 3677 3809 hinc
3706 3769 3950 3808 coronas

2356 3863 2411 3911 et
2464 3853 2716 3909 victimas
2767 3865 3059 3920 reperere,
3116 3856 3172 3904 et
3221 3853 3344 3917 post
3398 3845 3727 3901 ebrietatem
3791 3844 3946 3912 quasi

2333 3944 2714 4017 'lymphaticis
2743 3941 2990 3996 motibus
3017 3939 3102 4009 agi
3130 3955 3146 4004 ;
3177 3951 3244 3992 ex
3276 3938 3380 3993 hoc
3410 3937 3521 4006 jam
3552 3940 3813 4004 potestas
3845 3933 3948 3984 dav

2359 4035 2562 4102 moniis
2592 4029 3112 4102 data‘ingrediendi
3157 4023 3540 4097 hujuscemodi
3579 4030 3807 4076 mentes
3831 4059 3846 4082 ,
3898 4031 3949 4071 ut

2359 4101 2559 4180 choros
2585 4123 2788 4178 ducere
2809 4101 3036 4176 insanos
3056 4128 3112 4174 et
3133 4117 3351 4186 Baccho
3379 4114 3560 4170 furere
3583 4112 3948 4170 viderentur;

2363 4216 2488 4272 hinc
2518 4214 2751 4269 fremere
2779 4212 3069 4276 dentibus,
3101 4218 3157 4264 et
3185 4207 3398 4278 mugire
3425 4204 3493 4260 de
3522 4201 3827 4274 profundis
3873 4202 3947 4253 vi-

2363 4308 2616 4363 sceribus
2649 4306 2970 4368 inventum,
3003 4303 3134 4356 hinc
3161 4299 3425 4355 terribilis
3469 4297 3656 4350 vultus
3700 4304 3761 4350 et
3803 4293 3948 4348 ferus

2360 4404 2417 4458 in
2469 4401 2785 4455 hominibus
2841 4405 3158 4467 aspectus,
3191 4401 3253 4447 ut
3303 4392 3352 4447 is
3401 4406 3560 4461 quem
3621 4389 3944 4443 temulent'u

756 4483 848 4538 X1.
892 4483 1208 4538 Justissimo
1238 4487 1420 4554 itaque
1466 4483 1559 4537 Dei
1598 4484 1813 4553 judicio,
1847 4484 1902 4537 in
1943 4485 2255 4554 huiusmodi

2363 4495 2708 4550 subverterat
2741 4505 2805 4545 ac
2837 4491 3050 4545 daemon
3081 4487 3442 4561 instigaverat
3463 4523 3478 4547 ,
3512 4480 3745 4535 numine
3773 4480 3946 4549 reple.

687 4576 1078 4646 cogitationum
1113 4577 1352 4630 vanitate
1385 4576 1770 4646 languentibus
1795 4616 1811 4639 ,
1843 4576 2061 4633 labores
2091 4589 2141 4633 et
2176 4577 2259 4631 af-

670 4652 960 4723 .nictiones
982 4681 1081 4736 pro
1109 4667 1348 4722 remedio
1381 4655 1888 4746 conferuntur..Ubi
1924 4683 2054 4739 ergo
2083 4669 2260 4724 adfuit

688 4762 843 4816 labor
891 4774 953 4812 ac
985 4747 1265 4812 tribulatio
1288 4798 1302 4822 ,
1336 4759 1655 4813 deliciarum
1684 4767 1739 4814 et
1783 4761 2118 4817 ammnitatis
2160 4778 2256 4818 ex-

686 4855 828 4910 clusi
861 4863 988 4907 sunt
1032 4854 1171 4907 loco.
1219 4850 1391 4906 Terra
1425 4862 1602 4910 autem
1649 4855 1818 4925 coepit
1858 4856 2004 4910 nihil
2030 4857 2111 4910 eis
2139 4856 2258 4912 sine

689 4947 877 5000 labore
913 4943 1248 5013 producere;
1278 4951 1331 4998 et
1363 4953 1495 4999 tunc
1524 4960 1790 5002 conversa
1836 4947 1892 5000 in
1937 4947 2258 5010 hominibus

693 5031 992 5101 cogitatio,
1059 5032 1327 5086 creatoris
1384 5034 1468 5086 sui
1537 5035 1814 5104 requirere
1881 5047 2262 5093 commonelur

691 5123 953 5177 auxilium
972 5159 991 5185 ,
1017 5131 1070 5175 et
1097 5122 1437 5177 orationibus
1467 5138 1531 5177 ac
1557 5124 1700 5179 votis
1731 5127 1982 5196 praesidia
2027 5128 2260 5186 imitare

2364 4595 2454 4640 tus
2486 4601 2514 4637 a
2545 4583 2788 4653 deceptis
2814 4591 2870 4636 et
2897 4580 3215 4636 errantibus
3243 4575 3622 4631 crederentur.

2438 4674 2575 4731 XIV.
2619 4673 2776 4730 Unde
2821 4688 2946 4727 cum
2993 4678 3104 4724 tam
3155 4670 3338 4722 multa:
3383 4666 3438 4718 in
3471 4665 3634 4717 hunc
3677 4661 3943 4714 mundum

2364 4767 2514 4823 falsae
2530 4775 2583 4823 et
2607 4765 2854 4821 erratica:
2872 4763 3164 4834 religiones
3190 4768 3376 4816 essent
3403 4755 3760 4818 introductae,
3797 4752 3943 4806 missi

2365 4874 2559 4914 sumus
2590 4873 2693 4912 nos
2741 4856 3054 4912 deferentes
3098 4855 3277 4935 vobis~
3301 4862 3560 4921 tanquam
3605 4847 3738 4902 boni
3783 4862 3947 4914 nego-

2367 4953 2594 5006 tiatores
2612 4989 2628 5015 ,
2676 4966 2707 5004 a
2736 4950 2989 5021 patribus
3037 4948 3301 5002 traditum
3328 4952 3384 5001 et
3411 4949 3806 4998 conservatum
3837 4938 3944 4992 veri

2367 5041 2464 5096 Dei
2509 5041 2760 5109 cultum,
2815 5040 2978 5110 cujus
3030 5038 3187 5109 quasi
3237 5035 3445 5091 semina
3490 5031 3743 5103 quedam
3802 5031 3945 5082 vobis

2369 5133 2488 5188 hac
2515 5133 2678 5201 verba
2707 5133 3109 5203 respergimus,
3144 5137 3198 5185 et
3230 5128 3286 5183 in
3321 5133 3505 5182 vestro
3532 5123 3749 5194 judicio
3797 5122 3945 5194 poni-

764 5255 808 5289 "
838 5254 971 5337 ριιπ
994 5258 1604 5339 δοίῐυιιηιιυχοεριωῌ
1623 5274 1797 5339 usque
1827 5261 1892 5316 ad
1918 5262 2078 5339 tinem
2096 5280 2214 5335 cap.
2243 5265 2332 5330 56,
2356 5268 2556 5324 desunt
2579 5269 2632 5324 in
2656 5269 2816 5325 codd.
2842 5268 3055 5339 Lipss.;
3082 5268 3354 5323 coherent
3369 5272 3553 5329 autem
3567 5263 3944 5339 antecedentia

693 5342 818 5411 cum
852 5329 941 5411 iis,
980 5342 1100 5396 quae
1154 5344 1273 5398 cap.
1306 5328 1377 5382 37
1427 5328 1724 5400 leguntur,’
1759 5329 1864 5385 hoc
1909 5335 2074 5388 modo
2102 5351 2115 5385 :
2165 5328 2515 5407 componens,
2548 5356 2669 5394 cum
2705 5340 2890 5411 aliqua
2909 5328 3128 5394 Ἱσαιὶιιε
3163 5346 3326 5405 esset,
3377 5328 3626 5405 prerupit
3652 5343 3710 5388 at
3734 5344 3944 5402 postea

691 5396 802 5462 die,
832 5405 939 5453 etc.

1996 5555 2363 5611 COTELERII
2396 5557 2628 5615 NOTE.

771 5729 847 5801 (2)
887 5728 955 5784 Et
978 5732 1102 5801 quia
1141 5733 1367 5801 speravit
1407 5733 1648 5801 invocqre
1685 5692 1868 5787 nomen
1900 5729 2134 5794 Domini,
2168 5731 2264 5789 Vel

701 5784 1361 5859 “(manentium
1390 5784 1922 5880 «manantia
1956 5784 2139 5874 pain;
2188 5784 2264 5861 illi

2373 5736 2779 5806 applicatquod
2814 5737 2878 5793 de
2906 5738 3012 5797 hoc
3040 5736 3246 5795 dictum
3288 5741 3464 5795 luerat
3511 5741 3714 5797 Geucs.
3758 5756 3838 5802 Iv,
3860 5741 3938 5804 ΞΒ,

2367 5804 2522 5874 juita
2554 5804 2692 5861 LXX
2722 5808 3070 5880 interpretes.
