4048 6342
156 424 294 481 1521

1378 424 1942 484 IiECOGNITIONUM
1986 423 2110 482 LIB.
2152 425 2240 483 IV.

3283 419 3420 483 1522

151 556 286 595 ntus
330 538 472 610 quod
524 549 734 596 rectum
777 540 993 596 videtur
1031 542 1253 612 eligere.
1303 541 1357 594 Si
1401 542 1547 596 enim
1593 539 1733 594 reci-
1760 557 1807 612 Α
1840 540 1942 598 fide
1968 542 2233 608 credunt,
2280 541 2649 612 absque'ulla
2695 543 3061 598 remoratione
3100 540 3416 600 discedunt.

153 631 328 702 piatis
355 646 473 699 qua!
500 641 688 686 nostra
717 638 881 694 sunt,
913 646 1021 686 non
1047 632 1223 687 solum
1255 629 1360 701 ipsi
1390 629 1737 685 incursiones

153 726 426 779 daemonis
455 722 696 794 eﬂugere
719 764 734 787 ,
768 720 862 779 sed
895 730 950 778 et
978 739 1043 778 ex
1074 723 1199 778 aliis
1226 738 1320 778 eas
1363 722 1599 792 effugere
1640 735 1738 792 po-

156 817 343 872 teritis
361 859 377 882 ,
427 817 591 873 simul
619 822 673 871 et
700 824 1028 871 aeternorum
1057 817 1327 871 bonorum
1357 813 1582 885 praemia
1612 828 1739 868 con-

156 909 487 980 sequemini.
520 908 622 975 Qui
652 916 830 963 autem
860 910 1289 978 contempserint
1333 908 1574 977 recipere
1615 922 1737 977 qua:

155 1001 423 1056 dicuntur
452 1016 480 1052 a
515 1000 705 1065 nobis,
740 999 794 1052 in
822 998 1076 1069 pl'azsenti
1108 998 1327 1068 quidem
1362 998 1471 1050 vita
1504 996 1736 1051 diversis

155 1093 505 1150 damonibus
530 1100 586 1147 et
613 1093 997 1162 aegritudinum
1028 1091 1176 1145 vitiis
1205 1089 1586 1159 subiacebunt,
1614 1097 1737 1157 post

151 1199 448 1240 excessum
511 1193 689 1237 autem
757 1183 1006 1253 corporis
1063 1183 1227 1236 etiam
1287 1182 1482 1235 animae
1543 1195 1733 1234 eorum

155 1277 562 1333 cruciabuntur
592 1277 645 1330 in
680 1284 1025 1346 perpetuum.
1065 1273 1208 1328 Deus
1239 1273 1383 1328 enim
1415 1288 1521 1326 non
1557 1273 1734 1326 solum

153 1370 372 1433 bonus,
407 1369 502 1424 sed
531 1379 584 1423 et
605 1369 792 1437 justus
821 1375 904 1422 est
930 1386 944 1434 ;
976 1382 1102 1420 nam
1135 1366 1180 1421 si
1212 1381 1428 1435 semper
1459 1365 1635 1419 bonus
1664 1365 1736 1417 sit

150 1471 211 1515 et
245 1477 522 1532 nunquam
549 1461 731 1529 justus
753 1503 768 1525 ,
802 1467 861 1514 ut
890 1459 1082 1514 reddat
1115 1458 1410 1528 unicuique
1438 1472 1539 1526 pro
1567 1455 1734 1527 gestis

152 1551 312 1617 suis,
343 1553 544 1608 bonum
579 1552 889 1606 invenietur
930 1551 1217 1620 iniustum.
1265 1547 1534 1619 Injustum
1578 1562 1734 1602 nam-

147 1659 268 1714 que
303 1655 423 1710 est,
467 1645 514 1699 si
557 1645 633 1698 ita
678 1645 824 1715 apud
867 1660 993 1700 eum
1023 1644 1290 1699 habeatur
1321 1643 1558 1712 impius,
1591 1643 1735 1696 sicut

146 1744 208 1792 et
243 1740 385 1808 pius.

227 1829 343 1884 XV.
383 1828 555 1900 Igitur
586 1827 860 1885 daemones
881 1869 897 1893 ,
928 1830 1071 1885 sicut
1102 1829 1265 1900 paulo
1297 1835 1424 1885 ante
1451 1828 1691 1884 diximus
1711 1866 1727 1889 ,

149 1939 283 1978 cum
323 1922 711 1978 occasionibus
753 1924 995 1992 acceptis
1037 1923 1284 1992 ingerere
1329 1937 1387 1976 se
1431 1927 1724 1990 potuerunt
1756 1895 1800 1954 Β

143 2027 251 2082 per
280 2014 453 2068 malos
480 2022 533 2067 et
562 2020 750 2083 turpes
779 2021 935 2068 actus
967 2012 1294 2084 corporibus
1322 2011 1604 2065 hominum
1631 2051 1645 2074 ,
1678 2010 1726 2065 si

145 2104 332 2158 multo
361 2114 608 2174 tempore
640 2113 960 2175 permanent
993 2106 1048 2159 in
1085 2105 1165 2161 eis
1205 2119 1299 2174 per
1337 2103 1725 2174 negligentiam

147 2197 432 2266 ipsorum,
463 2197 592 2267 quia
624 2196 820 2251 animm
853 2212 964 2251 suae
990 2197 1135 2266 quod
1180 2202 1266 2251 est
1307 2196 1441 2249 utile
1486 2211 1592 2249 non
1641 2209 1729 2248 re-

140 2290 376 2359 quirunt
401 2330 416 2347 .
465 2290 779 2344 necessario
826 2297 1032 2360 cogunt
1062 2304 1157 2344 eos
1186 2287 1552 2342 habitantium
1583 2288 1638 2341 in
1669 2301 1729 2341 se

143 2382 458 2437 daemonum
488 2384 557 2437 de
588 2383 802 2453 reliquo
831 2381 1013 2436 facere
1044 2383 1376 2436 voluntates.
1427 2379 1582 2446 Quod
1629 2394 1727 2432 au-

140 2481 259 2529 tem
301 2483 385 2529 est
425 2472 668 2528 omnium
711 2472 988 2537 deterius,
1029 2472 1083 2526 in
1118 2470 1592 2526 consummatione
1625 2485 1728 2524 sa:-

58 2578 74 2584 ‘
140 2565 287 2631 culi,
317 2581 442 2620 cum
473 2564 683 2621 daemon
721 2566 810 2619 ille
841 2565 951 2635 igni
981 2564 1231 2618 tradetur
1267 2571 1504 2628 aeterno,
1536 2577 1730 2617 neces-

141 2659 296 2713 sario
322 2667 376 2713 et
409 2659 589 2712 anima
635 2674 760 2728 quae
807 2657 858 2712 ei
903 2657 1119 2727 paruit,
1169 2671 1294 2710 cum
1341 2656 1462 2726 ipso
1506 2654 1725 2709 aeternis

140 2753 367 2823 ig'nihus
415 2753 777 2818 cruciabitur,
827 2767 936 2807 una
986 2766 1112 2805 cum
1161 2764 1393 2820 corpore
1434 2766 1535 2806 suo
1580 2748 1725 2819 quod

140 2840 360 2909 polluit.

221 2925 361 2983 XVI.
407 2927 692 2985 Daemones
716 2939 896 2984 autem
923 2929 1123 2984 habere
1146 2925 1476 2983 desiderium
1505 2928 1726 2982 immer-

140 3020 308 3092 gendi
341 3038 400 3077 se
433 3023 762 3092 corporibus
795 3009 1074 3076 hominum
1111 3021 1226 3074 hare
1257 3035 1426 3076 causa
1458 3032 1561 3076 est.
1602 3018 1726 3089 Spi-

141 3114 287 3169 ritus
368 3124 498 3169 sunt
556 3115 822 3169 habentes
881 3114 1226 3184 propositum
1277 3127 1604 3168 conversum
1657 3111 1723 3165 ad

140 3206 407 3260 malitiam
433 3224 447 3272 ;
483 3222 580 3277 per
611 3208 764 3262 cibos
799 3222 930 3277 ergo
959 3216 1013 3261 et
1043 3215 1207 3276 potus
1240 3206 1626 3260 immoderatos
1656 3222 1719 3261 ac
1746 3242 1793 3297 ς

139 3295 422 3352 libidinem
451 3305 747 3367 perurgcnt
776 3297 1026 3352 homines
1055 3297 1122 3351 ad
1151 3305 1432 3367 peccatum
1463 3316 1477 3363 ;
1509 3311 1606 3352 cos
1637 3305 1718 3350 ta-

136 3404 265 3444 men
312 3391 402 3459 qui
449 3390 711 3460 peccandi
765 3391 1106 3460 propositum
1153 3397 1384 3459 gerunt,
1434 3392 1527 3459 qui
1583 3391 1712 3445 dum

135 3480 396 3535 videntur
435 3481 748 3536 necessaria
803 3491 1010 3535 natura;
1060 3483 1197 3537 velle
1246 3484 1556 3553 complere,
1609 3499 1717 3538 non

136 3579 389 3628 tenentes
431 3573 654 3628 modum
706 3589 805 3644 per
844 3574 1220 3636 nimietatem.
1269 3576 1608 3647 ingrediendi
1662 3577 1715 3630 in

137 3664 474 3734 semetipsos
503 3664 843 3721 daemonibus
890 3663 1097 3718 faciunt
1145 3665 1345 3721 locum.
1395 3664 1574 3720 Donec
1617 3683 1686 3721 au

133 3760 248 3808 tem
281 3761 489 3808 naturae
518 3769 777 3808 mensura
809 3759 1062 3807 servatur
1107 3763 1161 3808 et
1203 3753 1397 3812 modus
1440 3755 1716 3825 legitimus

131 3846 466 3909 custoditur,
523 3845 616 3902 Dei
664 3846 950 3918 clementia
999 3845 1339 3915 ingrediendi
1372 3847 1426 3901 in
1461 3847 1708 3902 homines

131 3951 247 3989 non
278 3935 358 3992 eis
398 3937 587 3991 tribuit
633 3935 969 3993 facultatem.
1015 3936 1115 3991 Ubi
1151 3953 1279 3992 vero
1322 3946 1416 3991 aut
1457 3954 1612 3993 mens
1643 3938 1711 3992 ad

133 4012 466 4094 impietatem
500 4025 884 4090 declinaverit,
939 4033 1033 4079 aut
1072 4041 1276 4097 corpus
1325 4029 1710 4084 immoderatis

123 4115 274 4171 cibis
309 4131 372 4170 ac
407 4117 627 4188 potibus
663 4119 1071 4188 adimplebitur,
1122 4128 1383 4190 tanquam
1429 4122 1712 4177 voluntate

125 4214 189 4261 et
236 4211 518 4278 proposito
559 4225 747 4264 eorum
797 4212 890 4281 qui
934 4226 993 4266 se
1038 4212 1112 4265 ita
1147 4213 1429 4282 negligunt
1459 4214 1705 4276 invitati,

126 4298 294 4367 quasi
322 4300 612 4355 adversum
643 4316 739 4356 eos
770 4304 862 4372 qui
905 4318 935 4356 a
978 4302 1088 4358 Deo
1121 4304 1354 4374 positam
1390 4305 1561 4375 legem
1597 4308 1719 4361 solo'

125 4389 338 4454 verint,
372 4391 650 4462 accipiunt
682 4393 1017 4450 facultatem.

204 4480 364 4540 XVII.
406 4482 616 4540 Videtis
655 4501 785 4558 ergo
827 4497 1094 4558 quantum
1141 4489 1318 4544 valeat
1362 4492 1569 4561 agnitio
1611 4488 1705 4547 Dei

1839 635 2035 688 Anima
2067 636 2213 690 enim
2261 650 2386 690 cum
2433 635 2644 690 venerit
2684 635 2750 688 ad
2799 633 2956 688 fnlem
2991 633 3117 696 Dei,
3164 633 3417 691 ctelestis

1839 741 1995 795 aquae
2028 727 2286 781 virtutem
2331 726 2714 795 consequitur,
2765 741 2861 794 per
2901 741 3064 794 quam
3114 726 3417 781 daemonem

1838 822 2097 884 tanquam
2127 817 2420 871 scintillam
2455 817 2596 887 ignis
2624 817 2958 886 exstinguat.

1909 905 2097 963 XVIII.
2140 907 2234 964 Est
2265 924 2395 980 ergo
2429 909 2552 964 ﬁdei
2601 923 2895 973 mensura,
2940 921 3062 978 quae
3106 906 3150 962 si
3202 908 3415 978 integra

1839 1003 1910 1056 sit
1933 1042 1947 1063 ,
1980 1017 2044 1056 ex
2079 1001 2294 1072 integro
2327 1003 2393 1056 de
2423 1001 2607 1056 anima
2642 1000 2945 1056 daemonem
2976 1000 3167 1071 fugat;
3203 999 3248 1053 si
3284 1013 3414 1054 vero

1839 1093 2019 1146 minus
2070 1091 2280 1161 aliquid
2329 1092 2560 1155 habeat,
2609 1092 2814 1147 residet
2865 1091 3060 1146 adhuc
3091 1090 3296 1161 aliquid
3346 1088 3416 1144 de

1799 1171 1802 1174 ’
1838 1184 2085 1252 portione
2120 1183 2387 1238 daemonis
2421 1185 2475 1238 in
2522 1185 2771 1254 portione
2813 1183 3189 1246 infidelitatis,
3235 1192 3287 1236 et
3330 1189 3418 1237 est

1839 1275 2114 1344 plurimus
2154 1271 2337 1341 labor,
2398 1286 2458 1331 ut
2507 1278 2778 1348 intelligat
2825 1278 3006 1332 anima
3054 1275 3274 1347 quando
3321 1285 3416 1329 aut

1837 1369 2093 1438 qualiter,
2141 1369 2210 1423 si.
2238 1369 2394 1437 plene
2437 1378 2531 1424 aut
2579 1372 2762 1424 minus
2806 1367 2963 1439 plene
2994 1385 3058 1424 ex
3092 1386 3150 1424 se
3198 1367 3416 1438 fugatus

1837 1460 1907 1512 sit
1938 1457 2171 1512 daemon.
2209 1458 2264 1512 Si
2299 1459 2442 1513 enim
2478 1459 2530 1514 in
2563 1461 2744 1530 aliqua
2775 1471 2927 1530 parte
2957 1459 3258 1524 resederit,
3290 1476 3415 1516 cum

1838 1556 2051 1619 tempus
2084 1548 2357 1615 inveniet,
2387 1551 2746 1622 cogitationes
2775 1552 3000 1623 subjicit
3026 1552 3285 1608 cordibus
3315 1553 3417 1606 hoc

1837 1642 2044 1696 minum
2072 1686 2086 1708 ,
2121 1651 2174 1698 et
2206 1643 2283 1697 illi
2319 1646 2630 1700 nescientes
2661 1646 2807 1701 unde
2840 1646 2955 1700 haec
2993 1648 3242 1707 veniant.
3287 1663 3418 1714 sug-

1833 1728 2174 1803 gestionibus
2217 1736 2520 1793 daemonum
2571 1737 2730 1808 quasi
2770 1738 2966 1792 animae
3019 1752 3132 1794 suae
3160 1739 3415 1793 sensibus

1834 1824 2085 1880 credunt.
2121 1825 2438 1898 Suggerunt
2464 1843 2595 1898 ergo
2627 1828 2752 1884 aliis
2798 1830 3092 1886 occasione
3133 1843 3415 1900 corporea;

1831 1918 2178 1974 necessitatis
2237 1920 2462 1976 delicias
2522 1923 2708 1992 sequi,
2768 1923 3000 1978 aliorum
3061 1923 3404 1978 iracundiam

1829 2018 2098 2064 excusant
2126 2027 2221 2081 per
2248 2009 2638 2067 abundantiam
2674 2014 2815 2071 fellis
2835 2053 2849 2077 ,
2880 2015 3110 2069 aliorum
3141 2015 3411 2084 insaniam

1833 2101 1972 2171 nigri
2002 2100 2145 2158 fellis
2175 2104 2518 2159 vehementia
2565 2107 2848 2164 colorant.
2885 2106 2978 2161 sed
3022 2114 3077 2161 et
3123 2107 3410 2162 stultitiam

1829 2195 2192 2264 quorumdam
2217 2211 2316 2266 pro
2339 2198 2688 2254 multitudine
2715 2200 3040 2270 phlegmatis
3091 2207 3408 2253 extenUant.

1829 2283 1986 2349 Quod
2037 2285 2139 2340 etsi
2191 2286 2263 2339 ita
2311 2297 2489 2350 esset,
2536 2295 2717 2342 tamen
2765 2289 2880 2343 haec
2925 2289 3142 2360 singula
3179 2291 3412 2343 molesta

1829 2379 2046 2448 corpori
2077 2395 2200 2434 esse
2229 2395 2338 2434 non
2375 2388 2616 2448 possent,
2645 2379 2750 2436 nisi
2775 2397 2840 2436 ex
2867 2381 3114 2435 ciborum
3142 2390 3404 2452 pottmm-

1830 2467 1934 2539 que
1991 2470 2307 2549 nimietate,
2361 2474 2452 2538 qui
2512 2486 2637 2526 cum
2678 2472 2830 2541 justo
2895 2474 3131 2543 amplius
3179 2490 3409 2528 sumun-

1829 2570 1939 2626 tur,
1974 2563 2308 2616 abundantia
2345 2579 2534 2617 eorum
2584 2579 2748 2633 quam
2789 2565 3098 2634 decoquere
3143 2569 3409 2620 naturalis

1829 2670 1936 2708 non
1970 2641 2166 2708 sifﬂicit
2195 2655 2366 2716 calor,
2401 2655 2678 2710 crudescit
2708 2655 2764 2709 in
2792 2671 3063 2710 venenum
3094 2656 3367 2726 quoddam
3386 2697 3401 2717 ,

1827 2746 1991 2816 idque
2021 2747 2328 2801 visceribus
2361 2748 2628 2816 venisque
2660 2747 2913 2800 omnibus
2945 2748 3172 2802 sentina:
3203 2749 3255 2800 in
3289 2761 3407 2800 mo-

1829 2839 1958 2892 dum
1992 2839 2312 2893 redundans
2336 2879 2350 2901 ,
2385 2847 2569 2892 motus
2602 2840 2852 2907 corporis
2883 2839 3109 2894 insanos
3139 2839 3317 2892 reddit
3348 2846 3405 2894 et

1827 2937 2039 2999 turpes.
2092 2928 2324 3000 Propter
2371 2931 2516 3000 quod
2567 2931 2622 2984 in
2674 2930 2930 2984 omnibus
2968 2941 3051 2986 est
3107 2932 3402 2987 obtinenda

1828 3023 2166 3091 parcimonia
2193 3062 2207 3085 ,
2243 3031 2300 3076 ut
2333 3038 2508 3092 neque
2539 3022 2881 3077 daemonibus
2915 3023 3067 3078 locus
3100 3022 3274 3087 detur,
3306 3039 3403 3077 ne-

1829 3130 1935 3184 que
1965 3115 2147 3169 anima
2176 3115 2245 3169 ab
2268 3098 2356 3169 eis
2402 3116 2627 3170 obsessa
2675 3128 2782 3167 una
2818 3129 2943 3167 cum
2984 3114 3119 3184 ipsis
3151 3115 3404 3167 tradatur

1828 3208 2051 3262 adernis
2085 3206 2306 3274 ignibus
2338 3206 2654 3260 crueianda.

1895 3298 2037 3355 XIX.
2081 3296 2178 3353 Est
2206 3307 2259 3354 et
2291 3299 2434 3353 alius
2464 3314 2621 3352 error
2649 3299 2958 3353 dmmonum
2979 3338 2994 3364 ,
3025 3312 3187 3370 quem
3220 3297 3397 3367 subji-

1821 3393 1976 3448 ciunt
2008 3393 2264 3446 sensibus
2297 3392 2580 3444 hominum
2602 3430 2616 3455 ,
2664 3398 2723 3443 ut
2756 3396 2947 3459 putent
2978 3405 3037 3446 se
3070 3390 3138 3443 ab
3176 3390 3261 3443 his
3299 3390 3396 3458 qui

1821 3484 2085 3539 dicuntur
2113 3484 2186 3538 dii
2220 3482 2427 3554 perpeti
2461 3496 2581 3552 qua:
2608 3483 2911 3552 patiuntur,
2942 3494 3050 3551 quo
3099 3496 3194 3550 per
3239 3482 3352 3534 luce
3376 3522 3392 3542 .

1825 3577 2098 3632 sacrificia
2131 3575 2419 3632 offerentes
2451 3583 2505 3629 et
2538 3588 2764 3628 munera
2789 3614 2802 3637 .
2838 3574 2996 3643 quasi
3026 3573 3395 3643 repropitian-

1819 3673 1903 3719 tes
1933 3680 2068 3724 eos,
2127 3665 2334 3718 cultum
2393 3664 2544 3717 falsa:
2593 3663 2878 3733 religionis
2931 3661 3234 3727 a‘llirment,
3294 3679 3394 3717 nos

1820 3771 1954 3810 vero
1986 3754 2265 3826 refugiant
2297 3755 2389 3826 q'ti
2421 3769 2521 3824 pro
2545 3753 2723 3808 salute
2750 3768 2938 3806 eorum
2969 3752 3267 3822 satagimus
3288 3791 3302 3813 ,
3335 3759 3394 3804 nt

1816 3845 1885 3898 ab
1932 3860 2117 3899 errore
2161 3845 2502 3910 liberentur;
2562 3843 2659 3899 sed
2705 3843 2844 3907 hoc,
2892 3851 2950 3897 ut
2990 3843 3136 3906 dixi,
3185 3842 3393 3897 faciunt

1817 3935 2137 4006 ignorantes
2160 3937 2313 4007 quod
2346 3937 2622 3990 daemones
2654 3936 2760 3990 ista
2793 3935 2897 3990 sibi
2941 3945 3271 4006 suggerant,
3323 3952 3392 3990 ne

1817 4029 2121 4082 salventur.
2182 4028 2276 4083 Est
2326 4035 2456 4099 ergo
2499 4028 2554 4082 in
2600 4035 2872 4098 potestate
2919 4027 3386 4096 uniuscujusque,

1813 4122 1942 4192 quia
1974 4122 2130 4176 liberi
2177 4122 2391 4174 arbitrii
2425 4120 2603 4175 factus
2636 4130 2722 4174 est
2767 4120 2930 4174 homo
2952 4158 2968 4184 ,
3001 4127 3182 4173 utrum
3228 4121 3388 4174 nobis

1811 4215 1944 4268 velit
1976 4215 2166 4267 audire
2199 4215 2268 4267 ad
2292 4214 2496 4279 vitam,
2527 4229 2594 4267 an
2622 4212 2961 4268 daemonibus
2986 4212 3050 4265 ad
3081 4213 3385 4265 interitum.

1815 4303 1958 4356 Aliis
1988 4304 2149 4358 etiam
2183 4304 2461 4362 daemones
2493 4305 2547 4358 in
2580 4304 2697 4356 visu
2729 4318 2822 4373 per
2849 4302 3093 4357 diversas
3125 4303 3387 4371 imagines

1811 4404 2181 4465 apparentes.
2223 4396 2496 4450 interdum
2530 4395 2707 4449 minas
2753 4395 3074 4456 intendunt,
3113 4394 3411 4447 interdum‘

1811 4489 2074 4543 sanitates
2105 4488 2642 4544 incommoditatibus
2672 4489 3021 4558 pollicentur,
3053 4496 3109 4540 ut
3139 4487 3223 4540 his
3246 4502 3384 4556 quos

125 4581 185 4628 et
216 4570 414 4629 divinae
457 4575 739 4648 religionis
781 4578 1134 4635 observantia
1161 4621 1175 4644 ,
1210 4597 1330 4651 quae
1372 4598 1479 4636 non
1528 4583 1704 4637 solum
1742 4576 1782 4633 Ι)
1812 4581 2096 4651 decipiunt
2127 4581 2354 4635 deorum
2387 4581 2746 4635 nihilominus
2777 4581 2845 4636 de
2876 4597 2936 4635 se
2983 4581 3228 4635 inserant
3267 4581 3376 4649 opi-

123 4664 375 4720 defendit
406 4668 691 4725 credentes
722 4670 790 4726 ab
820 4673 1233 4728 incursionibus
1281 4673 1534 4728 ἀπωστιῙί
1557 4716 1570 4736 ,
1616 4691 1712 4730 ve-

122 4768 334 4834 rumet
367 4761 637 4831 imperare
691 4777 788 4818 eos
841 4762 970 4819 facit
1009 4765 1096 4820 his
1142 4765 1234 4835 qui
1277 4767 1491 4822 caeteris
1534 4767 1710 4821 domi-

123 4860 349 4908 nantur.
383 4853 445 4909 Et
476 4854 600 4911 ideo
629 4857 1000 4912 necessarium
1027 4859 1184 4915 vobis
1209 4865 1321 4926 est,
1352 4860 1443 4929 qui
1477 4861 1610 4915 estis
1641 4878 1707 4915 ex

120 4943 413 5015 gentibus,
447 4945 745 5018 confugere
774 4949 840 5002 ad
873 4947 1040 5004 Deum
1073 4959 1127 5006 et
1154 4953 1450 5014 observare
1501 4971 1596 5008 vos
1632 4956 1702 5009 ab

117 5035 275 5090 omni
309 5037 653 5093 immunditia
677 5079 690 5101 ,
725 5048 785 5094 ut
824 5041 1069 5112 expulsis
1103 5042 1442 5100 daemonibus
1471 5045 1562 5100 Dei
1595 5046 1696 5099 ha-

118 5131 320 5187 bitatio
353 5132 444 5186 fiat
477 5135 532 5187 in
564 5135 739 5191 vobis.
771 5137 948 5192 Simul
973 5149 1028 5194 et
1052 5140 1396 5196 orationibus
1426 5143 1699 5200 commen-

116 5221 251 5277 date
279 5240 374 5278 vos
421 5224 566 5291 Deo,
614 5235 668 5281 et
713 5229 1056 5300 interpellate
1099 5247 1222 5286 eum
1266 5232 1558 5289 adversum
1596 5235 1697 5290 im-

119 5315 436 5386 pudentiam
471 5318 777 5374 daemonum
805 5339 820 5388 ;
851 5323 1138 5378 credentes
1167 5325 1312 5378 enim
1348 5343 1694 5398 quaacunque

116 5410 428 5491 petieritis,
454 5413 734 5483 accipietis
759 5416 824 5471 ’°.
855 5414 960 5471 Sed
981 5425 1035 5472 et
1060 5419 1159 5487 ipsi
1189 5420 1464 5476 daemones
1489 5431 1695 5492 quanto

115 5502 356 5557 viderint
385 5504 548 5559 fidem
575 5521 828 5563 crescere
859 5509 914 5563 in
944 5510 1161 5566 homine
1181 5551 1196 5576 ,
1230 5520 1385 5567 tanto
1415 5515 1482 5568 ab
1515 5531 1578 5566 eo
1606 5531 1693 5569 re-

115 5593 332 5663 fugiunt
360 5594 414 5648 in
441 5610 503 5650 ea
537 5598 710 5653 solum
743 5610 896 5669 parte
924 5602 1229 5657 residentes
1250 5644 1264 5668 ,
1297 5605 1351 5659 in
1375 5622 1480 5676 qua
1512 5605 1688 5661 adhuc

113 5681 321 5752 aliquid
351 5683 685 5741 infidelitatis
709 5689 1010 5758 resederit;
1038 5692 1108 5746 ab
1135 5691 1375 5750 his’vcro
1406 5696 1498 5766 qui
1529 5696 1687 5767 plena

225 5864 270 5895 ”
303 5862 487 5918 Matth.
522 5881 636 5928 XXI,
669 5865 758 5921 εξ.

313 5963 582 6021 Parnm.
631 5963 748 6022 Gn.
800 5964 846 6026 l.

1812 4675 2032 4728 nionem
2055 4712 2070 4736 ,
2101 4682 2156 4729 et
2190 4674 2336 4744 quod
2370 4675 2477 4728 sint
2505 4674 2780 4729 daemones
2811 4674 3111 4744 ignoretur.
3148 4673 3250 4727 Sed
3286 4689 3386 4728 nos

1813 4785 1921 4822 non
1955 4770 2154 4831 latent,
2185 4752 2770 4840 scientes‘mysterium
2802 4776 3068 4823 creatura:
3088 4809 3102 4830 ,
3137 4776 3190 4822 et
3220 4784 3382 4838 quam

1814 4863 1883 4916 ob
1912 4877 2136 4916 causam
2170 4863 2509 4916 dremonibus
2543 4861 2655 4916 htec
2685 4877 2845 4932 agere
2887 4861 2941 4914 in
2988 4861 3239 4931 praesenti
3281 4876 3385 4915 ste-

1812 4953 1938 5006 eulo
1969 4953 2337 5022 permittatur.
2373 4960 2432 5004 nt
2465 4953 2547 5006 vel
2580 4949 2964 5005 transformari
2995 4951 3076 5004 eis
3119 4949 3281 5002 liceat
3326 4948 3382 5001 in

1807 5059 1948 5116 quas
1969 5045 2165 5098 volunt
2189 5045 2454 5114 imagines
2475 5083 2489 5106 ,
2523 5044 2607 5097 vel
2636 5057 2926 5113 suggerere
2951 5057 3146 5112 pravas
3168 5040 3379 5109 cogita-

1802 5140 1979 5195 tiones
1999 5180 2013 5200 .
2043 5138 2125 5193 vel
2157 5138 2398 5192 inserere
2431 5153 2488 5192 se
2520 5153 2614 5206 per
2642 5136 2795 5191 cibos
2824 5143 2877 5190 et
2903 5143 3092 5206 potum
3118 5135 3222 5190 sibi
3249 5150 3382 5189 con-

1801 5243 2077 5288 secratum
2114 5233 2397 5286 mentibus
2429 5232 2510 5286 vel
2544 5230 2872 5299 corporibus
2908 5245 3097 5284 eorum
3123 5270 3138 5294 ,
3173 5229 3264 5298 qui
3311 5244 3379 5282 ex

1801 5343 1865 5381 eo
1894 5325 2267 5395 sumpserint,
2302 5325 2385 5378 vel
2414 5323 2481 5376 ad
2519 5321 2646 5376 idoli
2695 5319 2931 5390 alicujus
2975 5321 3376 5377 venerationem

1802 5421 2014 5476 somnia
2042 5433 2179 5474 vana
2210 5417 2544 5489 conﬁngere.

1873 5511 1991 5569 XX.
2036 5513 2100 5567 Et
2129 5521 2310 5566 tamen
2341 5513 2468 5583 quis
2500 5514 2571 5566 ita
2607 5513 2726 5567 sine
2763 5526 2928 5567 sensu
2960 5509 3264 5569 invenitur.
3283 5507 3373 5562 cui

1799 5605 2120 5676 persuaderi
2158 5605 2387 5664 debeat.
2425 5614 2485 5658 ut
2518 5604 2722 5658 idolum
2755 5589 2933 5667 colat,
2969 5603 3084 5658 sive
3127 5600 3259 5656 illud
3301 5615 3369 5655 ex

1797 5712 1932 5751 auro
1965 5701 2078 5752 sive
2107 5712 2172 5751 ex
2207 5696 2452 5766 quolibet
2483 5695 2704 5750 metallo
2737 5693 2937 5750 factum
2970 5692 3085 5748 sit?
3110 5691 3214 5747 Cui
3257 5705 3368 5746 non

2986 5965 3061 6023 ΕΞ
