4078 6336
655 411 817 467 1523

1569 410 1623 463 s.
1661 364 2059 462 enauimus
2096 402 2117 457 ι
2148 402 2315 459 non.
2353 400 2554 459 rem.
2594 399 2816 454 orem
2855 398 3078 452 suam.

3758 398 3907 452 ιῖθι

651 530 831 602 palam
861 536 947 584 est
970 527 1026 582 id
1049 540 1167 583 esse
1200 528 1331 582 illud
1365 526 1643 580 metallum
1664 566 1678 589 ,
1712 523 1859 593 quod
1892 521 2086 576 artifex
2123 536 2214 573 vo-
2246 527 2287 579 Α
2319 518 2511 587 agendi
2563 523 2775 569 tantum
2823 514 3115 571 adversum
3166 530 3267 569 nos
3293 557 3306 578 ,
3362 522 3415 569 et
3459 513 3597 566 nihil
3637 514 3907 584 loquendi

652 620 795 675 luit?
832 618 1119 687 Quomodo
1164 614 1295 690 ergo
1336 616 1518 673 inesse
1561 616 1935 670 ibidivinitas
1977 611 2218 681 putanda

652 720 778 777 est,
806 711 954 782 quod
991 711 1038 765 si
1073 710 1342 765 noluisset
1372 706 1566 761 artifex
1587 745 1603 771 ,
1638 705 1864 760 omnino
1895 719 2004 759 non
2034 704 2221 759 esset?

653 810 748 855 aut
788 800 1063 873 quomodo
1108 799 1233 855 inde
1267 798 1450 853 futura
1486 798 1590 854 sibi
1619 796 1936 850 annuntiari
1967 803 2217 865 sperent,

656 893 751 948 ubi
782 909 883 949 nec
914 890 1266 963 praesentium
1299 888 1499 959 aliquis
1534 887 1845 942 intellectus
1875 886 2001 940 est?
2025 884 2223 950 Quam-

662 986 748 1037 vis
788 983 1005 1037 etiamsi
1054 980 1260 1051 aliquid
1304 978 1645 1041 divinarem,
1690 992 1797 1031 non
1839 977 2100 1031 continuo
2143 974 2222 1027 dii

656 1074 843 1129 haberi
873 1085 1125 1143 possent;
1152 1070 1281 1142 quia
1307 1070 1451 1125 aliud
1480 1078 1564 1124 est
1585 1069 1881 1129 divinatio.
1908 1067 2052 1122 aliud
2079 1065 2221 1120 divi-

656 1166 818 1217 nitas.
852 1159 991 1214 Nam
1022 1169 1077 1215 et
1106 1159 1384 1231 Pythones
1416 1157 1662 1212 divinare
1694 1156 1972 1217 videntur,
2012 1162 2068 1208 et
2112 1168 2223 1207 non

654 1257 917 1310 continuo
947 1251 1024 1307 dii
1057 1258 1224 1314 sunt,
1264 1250 1500 1319 denique
1547 1264 1579 1303 a
1618 1245 1946 1303 Christianis
1988 1244 2223 1301 homini-

653 1349 760 1404 bus
787 1346 1102 1415 ell'ugantur
1134 1343 1210 1415 (3)
1235 1362 1253 1410 ;
1277 1352 1332 1397 et
1359 1341 1633 1413 quomodo
1667 1340 1812 1395 Deus
1852 1346 1968 1403 est,
2002 1339 2096 1408 qui
2138 1336 2225 1391 fu-

654 1447 815 1508 gatur
845 1439 915 1493 ab
944 1435 1209 1491 homine?
1241 1434 1349 1489 Sed
1391 1434 1531 1489 dicis
1580 1433 1855 1488 fortasse:
1901 1430 2036 1501 quid
2074 1428 2224 1501 quod

654 1532 919 1587 sanitates
948 1528 1190 1583 eﬂieiunt
1208 1568 1227 1593 ,
1256 1535 1314 1582 et
1344 1527 1615 1597 quomodo
1645 1527 1768 1597 quis
1794 1533 2014 1580 curetur
2040 1532 2225 1579 osten-

652 1621 837 1676 dunt?
867 1619 979 1674 llac
1022 1619 1237 1674 ratione
1280 1617 1497 1674 colendi
1538 1624 1668 1672 sunt
1710 1616 1880 1671 etiam
1920 1613 2117 1671 medici
2167 1621 2227 1669 ut

2321 608 2552 663 facultas
2582 608 2664 661 eis
2706 621 2971 661 concessa
3017 607 3314 659 videretur.
3366 606 3523 659 Nunc
3574 613 3751 660 autem
3805 606 3907 659 ubi

2320 696 2613 766 aliquando
2660 710 2820 759 vera,
2870 695 3163 766 aliquando
3212 695 3347 749 falsa
3396 697 3677 758 dicuntur,
3728 696 3911 750 debe-

2320 804 2443 842 mus
2468 801 2763 858 agnoscere
2780 826 2794 849 ,
2821 794 2881 841 ut
2903 788 3159 855 superius
3185 786 3334 852 dixi,
3361 788 3666 841 damonum
3696 796 3749 841 et
3784 804 3909 840 non

2323 879 2419 934 Dei
2463 894 2586 933 esse
2634 892 2927 946 responsa,
2980 880 3123 948 apud
3164 894 3325 948 quem
3369 878 3711 933 mendacium
3750 896 3911 934 nun-

2323 985 2489 1041 quam
2520 980 2627 1026 est.

2393 1061 2581 1119 XXIII.
2617 1063 2772 1129 Quod
2802 1064 2846 1119 si
2874 1062 3151 1117 curiosius
3178 1063 3304 1133 quis
3329 1065 3686 1134 progrediens
3708 1064 3865 1118 dicat
3892 1083 3907 1117 :

2323 1154 2467 1221 Quid
2496 1158 2643 1217 enim
2676 1172 2816 1226 opus
2844 1164 2966 1210 erat
2995 1155 3315 1225 hujusmodi
3348 1158 3489 1209 mala
3529 1172 3557 1209 a
3594 1156 3701 1211 Deo
3734 1157 3864 1211 fieri
3892 1195 3910 1218 ,

2322 1249 2524 1319 quibus
2549 1248 2617 1302 ad
2645 1246 3044 1304 subvertendas
3069 1257 3282 1303 mentes
3298 1248 3567 1303 humanas
3582 1258 3731 1303 tanta
3747 1258 3913 1304 esset

2324 1340 2601 1395 intentio?
2635 1339 2762 1395 Hac
2790 1339 3117 1411 proponenti
3164 1342 3625 1409 respondebimus
3655 1359 3667 1395 :
3714 1343 3915 1411 requi-

2324 1432 2557 1488 rendum
2597 1449 2723 1488 esse
2772 1434 2951 1501 primo
3004 1434 3288 1497 omnium,
3342 1436 3387 1487 si
3438 1440 3525 1487 est
3582 1433 3789 1502 aliquid
3852 1434 3915 1487 in

2328 1524 2636 1580 substantia
2670 1524 2994 1597 malmn._Et
3029 1526 3285 1595 quamvis
3312 1524 3585 1580 sufﬁceret
3615 1523 3800 1578 dicere
3837 1524 3912 1577 ad

2324 1629 2482 1677 eum,
2514 1613 2649 1683 quia
2674 1629 2782 1668 non
2813 1623 2898 1669 est
2937 1614 3273 1668 conveniens
3304 1621 3364 1667 ut
3396 1621 3652 1667 creatura
3692 1612 3917 1682 judieet

654 1710 762 1773 dii.
791 1710 993 1764 multos
1020 1710 1165 1763 enim
1210 1716 1441 1772 sanant,
1484 1715 1539 1761 et
1582 1714 1790 1777 quanto
1828 1705 1955 1777 quis
1993 1705 2224 1777 peritior
2316 1704 2664 1769 Creatorem,
2702 1705 2796 1761 sed
2823 1705 2971 1760 illius
2999 1716 3082 1760 est
3106 1705 3353 1774 judicare
3380 1720 3517 1773 opus
3541 1705 3773 1759 alienum
3809 1705 3915 1773 qui

655 1800 858 1863 fuerit,
890 1808 1045 1855 tanto
1077 1801 1265 1871 plures
1302 1799 1540 1854 sanabit.

2329 1805 2422 1851 aut
2450 1796 2648 1853 similis
2683 1795 2901 1852 artificii
2930 1805 3025 1850 aut
3047 1797 3243 1851 similis
3278 1795 3532 1865 potentia:
3559 1804 3644 1849 est
3672 1813 3685 1861 ;
3720 1802 3913 1849 tamen

729 1891 866 1947 XXI.
909 1891 1063 1947 Unde
1085 1900 1337 1955 constat,
1364 1892 1498 1946 istos
1524 1906 1648 1945 cum
1676 1890 1786 1944 sint
1805 1888 2091 1944 damonici
2112 1890 2225 1961 spi-
2255 1857 2304 1918 Β
2326 1903 2395 1943 ne
2426 1886 2845 1942 circuitionibus
2877 1896 3116 1950 utamur,
3149 1888 3399 1941 absolute
3428 1886 3666 1941 dicimus
3694 1888 3745 1940 in
3778 1887 3920 1942 sub-

656 1984 802 2038 ritus
827 2022 843 2049 ,
877 1990 932 2037 et
965 1982 1139 2037 multo
1170 1982 1339 2036 citius
1367 1981 1508 2036 scire
1541 1982 1721 2051 aliqua
1756 1988 1811 2036 et
1838 1981 2012 2035 multo
2041 1981 2223 2052 perfe-

655 2080 845 2142 ctius;
874 2090 983 2129 non
1013 2077 1161 2130 enim
1209 2073 1275 2127 ad
1317 2073 1637 2127 discendum
1678 2073 1936 2131 tarditate
1977 2073 2226 2142 corporis

656 2169 1043 2239 degravantur.
1076 2169 1139 2225 Et
1170 2170 1293 2227 ideo
1319 2186 1440 2243 qua:
1467 2169 1664 2226 medici
1696 2171 1861 2239 longo
1891 2176 2143 2239 tempore
2172 2173 2225 2221 e:

654 2258 844 2316 labore
877 2261 1111 2332 plurimo
1138 2272 1492 2334 assequntur,
1522 2257 1638 2317 haec
1680 2261 1761 2327 illi
1802 2269 2063 2330 tanquam
2108 2259 2227 2329 spi-

656 2351 802 2407 ritus
822 2393 839 2418 ,
868 2353 1076 2423 absque
1109 2370 1262 2409 mora
1292 2356 1399 2410 ulla
1428 2364 1483 2411 et
1527 2354 1732 2424 absque
1774 2352 2091 2407 diiiicultate
2133 2366 2226 2406 co-

657 2451 956 2514 gnoscunt.
990 2444 1108 2499 Non
1148 2460 1280 2516 ergo
1320 2447 1521 2501 mirum
1566 2453 1688 2509 est,
1740 2444 1788 2500 si
1846 2444 1973 2514 plus
2021 2442 2227 2513 aliquid

656 2548 823 2605 quam
868 2533 1119 2589 homines
1163 2538 1386 2602 sciunt;
1439 2528 1537 2591 sed
1577 2533 1682 2592 hoc
1726 2532 2054 2589 intuendum
2103 2540 2224 2598 est,

661 2624 812 2695 quod
841 2641 906 2680 ea
938 2640 1061 2697 quas
1104 2628 1289 2682 sciunt
1311 2666 1328 2692 ,
1376 2642 1484 2681 non
1519 2627 1585 2682 ad
1619 2626 1849 2681 salutem
1882 2627 1974 2682 sed
2020 2626 2089 2682 ad
2132 2628 2229 2682 de-

658 2713 963 2784 captionem
998 2716 1283 2786 proferunt
1331 2718 1638 2771 animarum
1669 2756 1685 2779 ,
1735 2726 1794 2770 ut
1837 2732 1933 2787 per
1976 2716 2092 2771 haec
2136 2732 2230 2774 eas

664 2806 874 2861 cultum
921 2804 1074 2862 falsa:
1122 2808 1401 2878 religionis
1448 2809 1731 2865 edoceant.
1785 2807 1894 2863 Sed
1939 2807 2117 2872 Deus,
2163 2824 2233 2867 ne

661 2904 831 2951 tanta:
858 2895 1199 2969 deceptionis
1225 2914 1381 2955 error
1413 2900 1605 2955 lateret
1648 2909 1703 2956 et
1749 2900 2065 2956 errantibus
2116 2900 2233 2968 ipse

661 3001 832 3044 causa
858 2988 1131 3044 videretur
1156 2991 1426 3057 existere,
1449 2992 1541 3062 qui
1575 3000 1783 3046 tantum
1808 2991 1888 3047 eis
1915 2991 2079 3046 licere
2109 3006 2233 3063 per-

667 3079 859 3144 misit,
896 3087 955 3134 ut
984 3096 1082 3151 per
1105 3081 1508 3148 divinationes,
1540 3098 1635 3153 per
1680 3080 1999 3140 curationes
2038 3092 2091 3136 et
2138 3096 2235 3152 per

662 3169 876 3224 somnia
906 3170 1154 3241 decipere
1186 3172 1439 3227 homines
1487 3173 1742 3244 possint,
1775 3174 2079 3230 clementia:
2123 3189 2235 3230 sua:

662 3260 964 3319 "taedium
987 3261 1223 3333 providit
1240 3263 1574 3328 hominibus,
1601 3275 1654 3319 et
1678 3264 2089 3321 distinctionem
2112 3263 2233 3318 falsi

663 3350 890 3423 verique
947 3354 1092 3408 scire
1148 3354 1497 3425 cupientibus
1556 3358 1613 3411 in
1677 3358 1968 3428 propatulo
2031 3356 2233 3427 posuit.

672 3440 770 3498 Est
800 3460 933 3514 ergo
966 3446 1071 3501 ista
1102 3446 1384 3503 distinctio
1419 3448 1495 3517 (4)
1526 3466 1541 3503 :
1575 3446 1732 3514 Quod
1778 3466 1808 3503 a
1852 3465 1983 3504 vero
2016 3448 2126 3504 Deo
2154 3450 2239 3504 di-

670 3535 819 3591 titur
849 3539 961 3594 sive
990 3555 1086 3611 per
1116 3540 1409 3610 prophetas
1429 3582 1447 3609 ,
1478 3543 1592 3597 sive
1637 3557 1736 3611 per
1781 3543 2022 3599 visiones
2058 3544 2240 3598 diver-

672 3642 769 3684 sas
788 3669 803 3694 .
835 3645 1050 3701 semper
1079 3648 1268 3687 verum
1298 3642 1381 3688 est
1406 3652 1421 3690 :
1453 3633 1600 3703 quod
1630 3643 1811 3689 autem
1841 3649 1871 3688 a
1900 3634 2241 3691 daemonibus

669 3722 1006 3791 pralieitur.
1038 3739 1146 3780 non
1186 3740 1399 3795 semper
1442 3708 1631 3783 verum
1671 3736 1774 3784 est.
1822 3727 1917 3784 Est
1955 3745 2087 3801 ergo
2126 3730 2241 3788 evi-

668 3818 852 3874 dentis
885 3818 1110 3884 indicii,
1145 3836 1254 3875 non
1273 3836 1315 3875 -a
1344 3836 1473 3878 γεω
1501 3820 1612 3878 Deo
1647 3823 1754 3877 dici
1788 3838 1883 3889 ea,
1935 3824 1992 3878 in
2037 3824 2241 3895 quibus

673 3908 973 3979 aliquando
1002 3910 1347 3966 mendacium
1376 3920 1491 3979 est,
1537 3911 1594 3967 in
1644 3913 1876 3968 veritate
1917 3914 2063 3968 enim
2099 3929 2242 3973 nun-

670 4015 842 4070 quam
873 4002 1219 4057 mendacium
1250 4010 1367 4066 est.
1398 4002 1452 4057 in
1482 4003 1572 4058 his
1602 4011 1785 4060 autem
1820 4003 1916 4074 qui
1958 4006 2243 4060 mentiun-

672 4100 786 4157 tur,
819 4100 1000 4163 potest
1049 4094 1346 4166 aliquando
1388 4103 1445 4151 et
1491 4094 1740 4152 veritatis
1780 4096 1989 4167 aliquid
2040 4096 2246 4153 admis-

674 4184 823 4248 ceri.
855 4201 952 4256 per
979 4186 1128 4258 quod
1158 4186 1447 4243 mendacia
1477 4186 1825 4243 condiantur.

714 4268 913 4335 κιιιι.
951 4276 1107 4344 Quod
1147 4279 1194 4335 si
1235 4279 1383 4335 dicat
1431 4280 1669 4350 aliquis:
1717 4278 1857 4346 Quid
1904 4280 2049 4337 enim
2106 4296 2245 4353 opus

675 4377 798 4425 erat
830 4369 937 4424 hoc
966 4370 1145 4441 ipsum
1168 4411 1185 4435 ,
1214 4378 1273 4424 ut
1302 4369 1385 4426 eis
1409 4371 1817 4441 permitteretur
1841 4372 1927 4426 vel
1951 4373 2247 4443 aliquando

678 4476 870 4517 verum
901 4460 1113 4526 dicere.
1146 4470 1201 4516 et
1233 4476 1329 4532 per
1361 4462 1463 4517 hoc
1502 4469 1715 4516 tantum
1759 4478 2003 4519 errorem
2045 4477 2247 4521 morta-

2326 1980 2527 2036 stantia
2561 1978 2697 2033 nihil
2728 1994 2852 2033 esse
2884 1977 3035 2033 mali.
3080 1976 3234 2043 Quod
3282 1978 3327 2032 si
3374 1977 3446 2031 ita
3494 1987 3611 2039 est.
3647 1978 3918 2032 substan-

2325 2073 2527 2126 tiarum
2557 2070 2815 2126 conditor
2843 2070 3051 2125 frustra
3081 2071 3379 2141 culpatur?

2389 2146 2581 2221 XXlV.
2653 2162 2761 2219 Sed
2793 2178 3055 2218 occurres
3086 2164 3217 2217 mihi
3252 2172 3306 2218 et
3338 2163 3491 2217 dices
3520 2180 3534 2216 :
3573 2160 3800 2216 Etiamsi
3842 2177 3918 2217 ex

2327 2256 2540 2311 arbitrii
2573 2256 2823 2311 libertate
2854 2256 2908 2309 in
2940 2257 3044 2309 hoc
3071 2268 3291 2309 ventum
3324 2262 3443 2318 est,
3476 2256 3723 2325 nunquid
3749 2255 3918 2325 igno-

2326 2348 2486 2403 rabat
2512 2349 2602 2403 ille
2626 2349 2719 2419 qui
2746 2348 2967 2403 creabat
2997 2364 3092 2402 eos
3112 2390 3128 2414 ,
3161 2348 3307 2417 quod
3339 2348 3394 2401 in
3428 2347 3630 2401 malum
3661 2348 3920 2401 declina-

2327 2441 2437 2496 turi
2468 2449 2655 2496 essent
2686 2454 2826 2511 quos
2856 2440 3126 2494 creabat?
3158 2439 3411 2510 Oportuit
3440 2456 3571 2511 ergo
3602 2454 3703 2494 nec
3728 2442 3920 2494 creari

2326 2548 2422 2602 eos
2439 2572 2459 2597 ,
2483 2548 2623 2605 quos
2648 2533 2966 2590 deviaturos
2992 2533 3060 2589 ab
3087 2534 3278 2589 itinere
3301 2532 3530 2605 justitim
3556 2531 3917 2602 prtevidebat.
3950 2576 3953 2579 .

2328 2629 2569 2685 Audiant
2598 2631 2666 2685 ad
2696 2631 2811 2684 haec
2838 2631 2931 2699 qui
2965 2630 3041 2684 ita
3089 2638 3438 2699 proponunt,
3474 2630 3619 2699 quod
3650 2628 3921 2697 hujusce-

2330 2721 2479 2777 modi
2512 2720 2914 2776 assertionibus
2944 2720 3077 2774 illud
3111 2720 3280 2773 voluit
3309 2719 3599 2774 ostendere
3620 2759 3633 2783 .
3669 2735 3765 2773 cur
3798 2735 3922 2775 non

2331 2814 2538 2869 malitia
2571 2828 2763 2867 eorum
2801 2813 2895 2882 qui
2932 2812 3174 2866 nondum
3206 2818 3399 2876 erant,
3434 2811 3729 2865 bonitatem
3759 2811 3925 2865 vice-

2333 2906 2405 2961 rit
2438 2906 2743 2961 Creatoris.
2779 2902 2837 2959 Si
2869 2907 3017 2960 enim
3054 2904 3241 2959 volens
3270 2904 3496 2974 implere
3526 2918 3817 2956 numerum
3863 2910 3926 2955 et

2334 3012 2650 3052 mensuram
2682 2996 2984 3053 creationis
3017 3011 3166 3060 suae,
3202 2995 3550 3050 extimuisset
3577 3010 3763 3049 eorum
3816 2996 3925 3064 qui

2336 3089 2507 3144 futuri
2534 3098 2692 3145 erant
2722 3090 3017 3154 malitiam,
3047 3098 3100 3145 et
3146 3090 3305 3159 quasi
3346 3086 3439 3159 qui
3490 3088 3650 3140 aliam
3694 3087 3922 3141 nullam

2259 3204 2305 3261 ε
2338 3183 2583 3238 invenire
2612 3184 2757 3237 viam
2794 3182 3021 3237 remedii
3053 3197 3116 3236 ac
3148 3182 3435 3237 medicinae
3464 3181 3765 3250 potuisset,
3802 3180 3928 3235 nisi

2337 3274 2444 3328 hoc
2475 3275 2652 3328 solum
2685 3282 2744 3327 ut
2772 3272 3073 3327 retraheret
3104 3288 3163 3327 se
3193 3286 3222 3324 a
3255 3270 3533 3341 proposito
3558 3269 3775 3324 creandi
3801 3311 3818 3326 .
3853 3286 3930 3325 ne

2339 3362 2444 3417 sibi
2478 3354 2847 3416 ascriberetur
2878 3360 3084 3413 malitia
3124 3374 3314 3415 eorum
3359 3357 3455 3429 qui
3500 3356 3662 3410 futuri
3708 3364 3928 3421 erant;

2338 3453 2471 3525 quid
2500 3454 2649 3509 aliud
2678 3469 2774 3523 per
2808 3451 3263 3513 haecdoceretur,
3312 3450 3419 3504 nisi
3466 3447 3685 3517 indigna
3728 3448 3931 3515 passio

2338 3554 2394 3603 et
2437 3546 2697 3602 indecora
2741 3544 3012 3616 fragilitas
3058 3542 3409 3607 Conditoris,
3459 3542 3553 3610 qui
3610 3540 3682 3592 ita
3739 3539 3931 3608 perti-

2340 3639 2543 3694 muerit
2573 3620 2765 3694 eorum
2801 3645 2959 3692 actus
2992 3635 3085 3706 qui
3116 3633 3362 3689 nondum
3405 3640 3595 3696 erant,
3631 3638 3689 3686 ut
3721 3644 3751 3683 a
3782 3645 3928 3701 pro—

2340 3731 2518 3801 posita
2548 3728 2863 3784 conditione
2891 3728 3170 3782 cessaret?

2412 3820 2578 3877 XXV.
2620 3820 2725 3875 Sed
2754 3818 2841 3873 his
2866 3816 3284 3893 proculaamotis
3314 3812 3447 3867 illud
3472 3812 3657 3866 animo
3681 3815 3936 3863 contun-

2341 3912 2580 3983 plemur.
2613 3910 2743 3980 quia
2781 3907 2925 3963 Deus
2956 3905 3335 3961 universitatis
3365 3900 3619 3958 conditor
3650 3898 3933 3954 conditio-

2343 4006 2432 4060 nis
2472 4016 2587 4059 suz
2629 4001 2844 4056 futuras
2891 3997 3226 4054 dilferentias
3256 3994 3593 4066 pmvidens,
3626 3991 3933 4061 unicuique

2343 4105 2610 4152 creatura:
2640 4090 2942 4159 secundum
2973 4090 3226 4161 pr0prios
3259 4095 3471 4151 motus,
3505 4101 3643 4155 quos
3673 4100 3740 4137 ex
3770 4084 3931 4137 arbi-

2344 4188 2436 4243 trii
2470 4188 2724 4243 libertate
2754 4181 3099 4255 proferebat,
3132 4179 3412 4251 prospexit
3441 4187 3494 4233 et
3549 4176 3800 4247 praevidit
3844 4175 3933 4227 di-

2343 4292 2535 4335 versos
2557 4276 2779 4332 ordines
2806 4278 2969 4345 atque
2991 4270 3167 4329 oﬂicia
3190 4270 3516 4331 dillerentia,
3536 4276 3594 4322 ut
3616 4283 3739 4323 cum
3760 4266 3932 4320 unius

2344 4349 2531 4425 essent
2575 4366 2897 4423 substantia:
2937 4378 3129 4417 omnes
3170 4360 3473 4416 secundum
3522 4368 3790 4437 creatura
3839 4373 3929 4409 ra—

2346 4462 2586 4527 tionem,
2638 4468 2786 4515 esset
2836 4464 3019 4511 tamen
3087 4454 3379 4509 diversitas
3432 4451 3486 4505 in
3540 4450 3830 4503 ordinibus
3876 4458 3929 4502 et

678 4552 829 4609 libus
856 4552 1171 4616 introduci,
1202 4552 1391 4607 audiat
1429 4552 1498 4608 ad
1536 4554 1693 4608 haec:
1741 4552 1800 4608 Si
1840 4555 1921 4614 eis
1964 4572 2244 4627 nunquam
2276 4541 2325 4601 Ι)
2350 4552 2540 4609 olIiciis
2582 4548 2882 4607 secundum
2933 4546 3186 4619 praprios
3235 4543 3541 4598 animorum
3590 4550 3774 4595 motus
3798 4580 3815 4604 ,
3863 4557 3929 4595 ex

680 4647 880 4702 fuisset
904 4647 1176 4702 indultum
1216 4647 1331 4701 veri
1375 4648 1581 4718 aliquid
1607 4648 1843 4716 .dicere,
1885 4650 2110 4705 omnino
2150 4666 2250 4707 nec

682 4736 1043 4809 pradicerent
1073 4736 1316 4809 aliquid;
1346 4753 1455 4792 non
1491 4738 1850 4805 pradicentes
1891 4746 2107 4806 autem,
2151 4756 2250 4795 nec

681 4830 832 4902 quod
886 4839 1075 4889 essem
1123 4830 1397 4887 damones
1440 4840 1932 4902 cognoscerentur.
1990 4830 2148 4898 Quod
2204 4832 2251 4887 si

686 4925 1074 4994 ignorarentur
1103 4937 1230 4979 esse
1260 4923 1535 4993 (temones
1566 4924 1621 4979 in
1654 4923 1758 4979 hoc
1790 4925 2026 4989 mundo.
2058 4925 2252 4995 agonis

688 5014 866 5073 nostri
892 5023 949 5071 et
975 5012 1296 5071 certaminis
1324 5029 1427 5071 nos
1468 5029 1635 5071 causa
1679 5014 1963 5079 latuisset,
2005 5021 2061 5069 et
2100 5021 2251 5085 pate-

687 5123 877 5165 remur
904 5107 1085 5179 palam
1115 5096 1238 5179 qisc
1260 5118 1527 5179 geruntur
1556 5108 1613 5163 in
1656 5108 1874 5165 occulto
1910 5121 1923 5157 :
1961 5107 2162 5179 quippe
2204 5104 2252 5160 si

2350 4645 2560 4701 arbitrii
2598 4643 2853 4697 libertate
2886 4638 3265 4711 proferendos.
3296 4634 3636 4691 Praevidebat
3668 4648 3802 4703 ergo
3847 4630 3934 4686 fu—

2350 4744 2501 4791 turas
2551 4736 2608 4789 in
2653 4733 2928 4788 creaturis
2969 4732 3196 4801 culpas,
3240 4738 3295 4783 et
3333 4728 3565 4798 justitiae
3609 4726 3732 4795 ejus
3787 4728 3933 4779 ratio

2350 4827 2642 4899 poscebat,
2678 4834 2734 4878 ut
2766 4822 3166 4879 emendationis
3201 4835 3368 4875 causa
3407 4820 3597 4889 culpas
3641 4833 3803 4888 ptena
3846 4826 3935 4871 se-

2352 4927 2629 4991 queretur.
2677 4915 2930 4987 Oportuit
2972 4929 3101 4986 ergo
3149 4929 3271 4969 esse
3314 4920 3368 4966 et
3418 4926 3705 4981 pmnarum
3759 4911 3933 4964 mini-

2356 5022 2538 5073 stros,
2571 5024 2713 5082 quos
2761 5016 2943 5062 tamen
2983 5006 3207 5061 libertas
3253 5002 3465 5058 arbitrii
3510 5004 3564 5057 in
3609 5000 3757 5056 hunc
3784 5001 3936 5055 ordi-

2356 5118 2481 5174 nem
2534 5101 3062 5179 traheret-[praeter
3112 5096 3228 5151 hzec
3281 5104 3463 5150 autem
3515 5102 3567 5147 ct
3620 5093 3935 5146 debuerunt

1992 5258 2357 5316 COTELERII
2396 5256 2630 5314 NOTAE.

764 5426 840 5486 f5)
877 5426 918 5479 Δ
950 5425 1268 5507 Christianis
1296 5422 1591 5507 horninibus
1613 5423 1939 5507 .eﬂ‘ugantstr.
1972 5421 2114 5493 Lege
2148 5415 2255 5471 Αε-

693 5508 875 5557 torum
908 5511 1020 5558 m,
1053 5496 1121 5549 l6
1144 5505 1201 5551 et
1228 5510 1368 5563 σαι..
1400 5496 1585 5563 ibique
1612 5496 1955 5561 interpretes;

716 5597 719 5601 ι
763 5570 843 5637 (4)
883 5566 977 5622 Est
990 5583 1116 5638 ergo
1143 5564 1563 5638 istg_distissctio,
1593 5574 1698 5620 etc.
1735 5565 1871 5638 Hinc
1897 5562 2255 5638 auctor__0pe-

692 5632 783 5693 vis
806 5632 1093 5717 imperfecti
1122 5633 1544 5717 ἱη-ριαιξιιαξιιηι,
1583 5638 1723 5691 alius
1756 5652 1785 5689 a
1836 5632 2043 5717 Joanne
2083 5633 2257 5717 Chry—

694 5702 1136 5771 sostoniofhom.
1171 5706 1259 5767 18.
1288 5705 1354 5759 ad
1409 5705 1530 5775 éap.
1589 5722 1690 5770 vn,
1747 5722 1890 5761 vers.
1925 5704 2006 5758 ἥ
2050 5723 2063 5758 :
2120 5702 2261 5774 Ergo

694 5780 1004 5849 prophetam
1031 5781 1084 5831 in
1110 5778 1319 5849 nomine
1358 5774 1579 5842 Christi,
1620 5778 1672 5849 in
1710 5778 1897 5849 spiritu
1928 5784 2099 5829 autem
2144 5774 2264 5827 dia-

702 5846 827 5904 boli.
860 5850 1053 5916 Quales
1088 5858 1206 5901 sunt
1232 5847 1571 5902 dieinatores.
1614 5846 1714 5899 Sed
1752 5849 1827 5902 sic
1851 5846 2217 5900 discernuntur
2249 5859 2263 5895 :

2356 5420 2603 5491 quonng
2624 5416 2869 5491 diabolus
2902 5412 3164 5491 interdum
3194 5428 3369 5491 verum
3399 5411 3549 5491 dicit,
3578 5417 3796 5491 sanctas
3837 5425 3942 5460 α-

2360 5476 2463 5548 ίεπι
2504 5488 2737 5558 Spiritus
2776 5500 3042 5558 nunquam
3088 5483 3353 5558 interdum
3390 5482 3661 5558 mentitur.
3706 5476 3941 5558 Conces-

2359 5546 2477 5615 sum
2500 5546 2578 5616 est
2608 5567 2784 5611 autem
2817 5546 3032 5609 didbolo
3064 5566 3110 5608 et
3153 5552 3416 5607 interdum
3444 5550 3714 5604 ueritatem
3738 5546 3936 5612 dicere,

2361 5640 2419 5685 ut
2445 5628 2771 5685 mendatium
2793 5642 2947 5681 suum
2970 5642 3098 5679 rara
3131 5625 3346 5678 veritate
3366 5618 3709 5676 commendet.
3744 5616 3806 5671 Si
3837 5634 3937 5670 n-

2364 5711 2467 5755 tem
2494 5708 2759 5766 ιιιιιηοιιπι
2788 5698 2982 5750 diceret
2997 5692 3207 5766 perunt,
3231 5690 3808 5766 _nec_od_tent_qti_ongm
3839 5704 3936 5755 ps—

2360 5754 2492 5817 terat
2510 5754 2754 5830 sufficere,
2782 5768 2862 5816 vel
2880 5761 3133 5827 proﬁcere
3152 5754 3386 5812 seductio
3406 5757 3543 5823 eius.
3568 5754 3701 5811 Vide
3722 5754 3935 5809 iterm!

2361 5835 2674 5889 mandatum
2698 5833 2783 5890 tu.
