4048 6342
101 413 263 472 ηις

1325 406 1894 465 RECOCNITIONUM
1933 407 2061 465 LIB.
2103 408 2194 466 Π.

3240 406 3380 467 1330

101 537 365 596 ctantur,
406 527 631 600 adjutis,
673 526 864 599 religio
898 525 991 581 Dei
1033 541 1153 596 qua:
1177 540 1272 596 per
1302 525 1693 580 continentiam
1724 532 1767 586 Α
1799 525 2027 588 viribus,
2061 534 2242 580 tamen
2264 523 2398 579 dicit
2423 523 2544 579 huic
2572 522 2723 585 vada,
2767 531 2817 577 et
2857 521 3024 588 radit,
3048 523 3217 578 εισιὶὸ
3238 524 3374 588 seni,

105 621 583 690 sobrietatemque
620 622 928 682 constabat,
962 632 1243 674 rarescere
1275 617 1418 673 inter
1443 616 1693 672 homines

106 720 286 783 atque
307 711 522 767 aboleri-
543 710 927 781 propemodum
961 711 1144 779 coepit.

191 801 387 858 XXXI.
427 801 562 857 Nam
605 816 728 856 cum
771 816 838 855 ex
887 800 1047 855 initio
1088 800 1360 865 homines,
1401 807 1590 872 utpote
1610 801 1696 871 ju~

109 903 268 951 stum
297 901 352 950 et
379 893 562 948 omnia
616 898 964 946 contuentem
1009 889 1176 946 Deum
1225 894 1492 958 colentes,
1517 910 1695 965 neque

112 1000 350 1057 peccare
381 984 644 1039 auderent
679 999 857 1053 neque
901 983 1156 1053 injuriam
1217 983 1396 1039 facere
1433 986 1694 1055 proximis

111 1074 260 1136 suis,
317 1072 456 1128 certi
504 1073 648 1143 quod
706 1073 1139 1144 uniuscujusque
1186 1082 1370 1130 actus.
1401 1083 1455 1130 et
1511 1084 1693 1133 motus

110 1165 394 1235 aspiceret
423 1162 564 1219 Deus
597 1183 611 1220 :
639 1165 729 1221 ubi
761 1164 1040 1237 religionis
1086 1165 1267 1222 cultus
1303 1166 1371 1222 ad
1397 1167 1692 1223 simulacra

111 1255 372 1312 exanima
415 1271 713 1313 conversus
754 1265 860 1322 est,
905 1265 1166 1329 tanquam
1204 1259 1273 1314 de
1317 1261 1520 1330 quibus
1558 1264 1693 1318 certi

109 1353 328 1411 essent,
358 1347 506 1424 quod
537 1363 715 1418 neque
751 1348 998 1405 viderent
1036 1366 1212 1421 neque
1241 1352 1491 1407 audirent
1519 1368 1696 1424 neque

114 1446 477 1493 moverentur
510 1440 564 1493 in
593 1439 798 1509 aliquo,
839 1440 1068 1495 licenter
1111 1455 1337 1510 peccare
1366 1450 1420 1497 et
1447 1443 1501 1496 in
1534 1459 1695 1500 omne

115 1529 336 1586 facinus
373 1531 626 1603 progredi
673 1545 908 1602 erepere,
942 1533 1140 1602 quippe
1169 1533 1262 1603 qui
1296 1533 1431 1588 nihil
1471 1538 1579 1605 pati
1604 1553 1695 1592 ve-

116 1633 375 1682 rerentur
399 1624 467 1679 ab
502 1624 588 1680 his
617 1638 757 1693 quos
797 1623 1048 1678 colebant
1081 1631 1141 1678 ut
1166 1624 1317 1681 deos.
1360 1623 1501 1680 Hinc
1524 1627 1696 1681 bello-

116 1734 250 1775 rum
301 1717 482 1772 rabies
528 1715 753 1778 exarsit,
803 1712 932 1769 hinc
961 1715 1178 1785 praedae,
1209 1717 1432 1786 rapinae,
1465 1720 1692 1789 captivi-

113 1814 284 1871 tates,
309 1814 362 1862 et
387 1805 609 1862 libertas
640 1803 695 1858 in
717 1804 1036 1861 servitutem
1073 1805 1315 1871 redacta,
1350 1817 1515 1878 prout
1545 1810 1696 1880 quis-

111 1914 228 1970 que
267 1898 442 1969 potuit
513 1895 728 1950 libidini
776 1904 830 1950 et
878 1897 1162 1966 cupiditati
1224 1914 1339 1953 sua:
1397 1902 1690 1967 satisfecit,

113 1989 370 2060 quamvis
389 1986 708 2043 satisfacere
738 1987 1021 2058 cupiditati
1059 1989 1207 2044 nulla
1238 1991 1320 2045 vis
1351 1993 1545 2061 possit.
1575 1993 1696 2050 Sic-

114 2089 183 2137 ut
213 2081 354 2136 enim
393 2079 535 2152 ignis
565 2087 770 2150 quanto
793 2081 965 2151 magis
1011 2081 1157 2151 ligna
1211 2085 1508 2154 acceperit,
1542 2093 1696 2141 tanto

115 2175 358 2245 amplius
405 2175 727 2230 accenditur
755 2182 809 2229 et
841 2175 1146 2240 invalescit,
1186 2176 1259 2231 ita
1288 2174 1342 2234 et
1377 2179 1695 2249 cupiditatis

115 2267 322 2331 rabies,
357 2282 453 2338 per
480 2281 544 2321 ea
582 2281 702 2337 qua:
730 2265 1068 2338 adipiscitur,
1101 2271 1312 2325 auctior
1331 2278 1386 2328 et
1406 2271 1695 2328 vehemen-

115 2359 231 2415 tior
259 2356 508 2412 edicitur.

192 2446 404 2504 XXXII.
445 2446 676 2518 Propter
698 2446 842 2518 quod
863 2446 1088 2518 incipite
1105 2448 1219 2519 jam
1241 2449 1464 2506 meliore
1489 2449 1695 2505 intelle-

115 2548 215 2595 ctu
266 2539 668 2610 vobismetipsis
714 2541 973 2597 resistere
1021 2542 1076 2596 in
1111 2541 1196 2595 bis
1240 2555 1361 2611 quae
1394 2556 1504 2595 non
1545 2550 1694 2597 recte

116 2629 345 2700 cupitis,
375 2629 420 2686 si
445 2645 556 2700 quo
587 2629 726 2686 forte
754 2631 916 2686 modo
967 2647 1224 2703 reparare
1248 2633 1302 2686 in
1329 2632 1486 2687 vobis
1517 2647 1581 2686 ae
1606 2647 1696 2691 re-

118 2722 350 2780 stituere
396 2722 620 2795 possitis
665 2723 834 2792 illam,
868 2739 988 2797 quae
1027 2739 1094 2780 ex
1119 2723 1275 2780 initio
1306 2727 1629 2783 mortalibus
1661 2742 1692 2782 a

117 2814 235 2870 Deo
267 2815 461 2870 tradita
489 2823 594 2882 est,
641 2816 920 2888 religionis
954 2818 1247 2888 puritatem
1280 2826 1334 2873 et
1364 2819 1692 2874 inocentiam

117 2907 267 2973 vitae,
293 2914 350 2962 ut
388 2922 485 2979 per
527 2923 646 2963 eam
693 2909 849 2965 vobis
887 2911 1050 2966 etiam
1095 2925 1219 2981 spes
1273 2911 1540 2966 bonorum
1590 2911 1693 2964 im-

117 2999 435 3054 mortalium
490 3007 823 3070 reparetur;
871 3009 927 3057 et
969 3001 1144 3072 agatis
1195 3001 1398 3072 gratias
1447 3001 1692 3072 largitori

117 3090 364 3144 omnium
398 3091 562 3162 patri,
589 3107 823 3161 pereum
851 3109 1010 3164 quem
1041 3093 1225 3166 posuit
1251 3107 1430 3163 regem
1454 3093 1605 3164 pacis
1637 3101 1691 3149 et

117 3179 436 3235 thesaurum
489 3182 841 3238 inell'abilium
893 3182 1185 3243 bonorum.
1225 3190 1284 3237 ut
1328 3181 1383 3237 in
1434 3183 1687 3253 presenti
1718 3207 1760 3265 ο

118 3270 340 3341 quidem
425 3278 669 3344 tempore
735 3274 1016 3328 diluantur
1077 3281 1299 3345 peccata
1356 3283 1539 3329 vestra
1598 3289 1694 3343 per

117 3374 318 3430 aquam
373 3362 560 3426 fontis,
613 3370 706 3417 aut
754 3362 1016 3426 ﬂuminis,
1052 3371 1145 3418 aut
1183 3364 1345 3418 etiam
1387 3363 1574 3429 maris,
1609 3363 1694 3417 in-

116 3461 317 3509 vocato
351 3470 514 3525 super
543 3471 640 3511 vos
664 3455 806 3510 trino
834 3456 1189 3512 beatitudinis
1237 3457 1476 3520 nomine,
1509 3466 1568 3511 ut
1598 3472 1696 3526 per

116 3544 228 3600 hoc
261 3561 365 3599 non
398 3546 574 3600 solum
606 3548 879 3620 fugentur,
913 3549 960 3604 si
998 3549 1141 3603 intra
1177 3563 1274 3605 vos
1307 3549 1554 3604 habitant
1584 3552 1695 3620 spi-

116 3637 264 3692 ritus
327 3637 571 3707 maligni,
636 3655 824 3694 verum
880 3640 1045 3696 etiam
1095 3655 1219 3695 cum
1277 3641 1604 3698 destiteritis
1663 3658 1693 3697 a

117 3726 384 3799 peccatis,
411 3737 464 3782 et
497 3737 607 3782 tota
649 3729 752 3786 ﬁde
789 3738 1013 3802 totaque
1060 3734 1258 3788 mentis
1312 3736 1553 3804 puritate
1583 3733 1694 3790 Deo

118 3817 488 3898 credideritis,
520 3820 685 3874 etiam
714 3837 778 3876 ex
820 3822 942 3877 aliis
969 3839 1066 3878 vos
1098 3825 1366 3895 malignos
1394 3827 1620 3896 spiritus
1641 3835 1694 3881 et

116 3906 396 3963 daemones
437 3909 708 3982 eﬂ‘ugetis,
762 3920 926 3982 atque
956 3928 985 3966 a
1019 3915 1369 3984 passionibus
1390 3926 1444 3970 et
1475 3916 1697 3987 languo-

120 4002 276 4058 ribus
323 4003 461 4058 alios
516 4004 750 4060 liberare
802 4006 1046 4075 possitis.
1102 4008 1209 4079 Ipsi
1247 4009 1392 4062 enim
1422 4009 1695 4065 daemones

119 4094 306 4149 sciunt
335 4102 389 4149 et
417 4107 721 4168 agnoscunt
767 4113 861 4153 eos
894 4098 985 4169 qui
1019 4115 1077 4154 se
1111 4099 1440 4155 tradiderint
1470 4100 1609 4169 Deo,
1641 4112 1697 4157 et

119 4185 397 4242 interdum
429 4188 543 4242 sola
578 4204 765 4243 eorum
797 4191 1084 4259 praesentia
1123 4193 1522 4262 propelluntur,
1551 4194 1695 4248 sicut

117 4277 287 4348 paulo
333 4286 458 4333 ante
501 4279 739 4344 vidistis,
781 4282 1056 4350 quomodo
1107 4297 1231 4337 cum
1263 4299 1450 4338 vocem
1483 4293 1692 4340 tantum

119 4369 469 4425 salutationis
525 4369 846 4426 fecissemus
882 4373 948 4428 ad
977 4389 1094 4438 vos,
1130 4376 1391 4432 continuo
1421 4377 1695 4432 daemones

119 4469 346 4532 propter
374 4460 636 4518 honorem
673 4465 949 4534 religionis
989 4474 1193 4521 nostra
1240 4467 1554 4524 exclamare
1581 4485 1696 4523 cce-

1793 629 1843 671 et
1879 619 2037 681 venit,
2067 626 2115 671 et
2147 615 2242 670 alii
2263 616 2350 686 fac
2379 618 2498 681 hoc,
2533 624 2582 672 et
2616 615 2747 686 facit
2767 616 2834 682 ",
2877 615 2981 671 hoc
3037 624 3222 672 autem
3274 632 3375 688 po-

1793 716 1901 763 test
1931 723 2038 761 non
2075 708 2291 778 propria
2319 707 2540 774 virtute,
2579 707 2676 764 sed
2705 706 2942 763 Cesaris
2965 714 3112 762 metu
3145 726 3160 763 :
3197 708 3274 762 ita
3307 703 3378 762 Ii-

1793 797 1930 852 delis
1959 799 2190 867 quisque
2217 798 2558 853 daemonibus
2609 797 2864 870 imperat,
2893 797 3114 854 etiamsi
3142 799 3378 854 videan-

1797 893 1888 938 tur
1913 887 1990 940 illi
2016 888 2186 942 multo
2213 901 2339 942 esse
2363 887 2680 944 hominibus
2709 887 2987 953 fortiores,
3011 903 3129 943 non
3153 896 3379 959 propter

1795 991 1952 1035 suam
2004 979 2285 1044 virtutem,
2345 977 2441 1034 sed
2487 985 2710 1051 propter
2755 979 2850 1035 Dei
2877 980 2974 1052 qui
3008 993 3106 1035 eos
3139 978 3377 1050 subjecit

1795 1077 2141 1141 potestatem.
2190 1069 2328 1124 Nam
2355 1078 2411 1125 et
2441 1071 2588 1142 quod
2628 1071 2888 1137 diximus,
2915 1079 2976 1127 ut
2997 1070 3184 1128 Caesar
3228 1072 3376 1143 apud

1795 1179 1988 1220 omnes
2041 1164 2243 1221 milites
2279 1173 2334 1221 et
2359 1166 2415 1220 in
2439 1166 2695 1222 omnibus
2723 1167 2924 1224 castris
2951 1177 3115 1239 atque
3143 1165 3198 1222 in
3227 1166 3378 1222 omni

1796 1270 1963 1327 regno
2011 1258 2290 1322 timeatur,
2347 1273 2472 1313 cum
2503 1258 2577 1313 sit
2606 1274 2751 1314 unus
2773 1267 2829 1313 et
2866 1258 3121 1314 fortassis
3143 1257 3377 1328 exiguus

1795 1351 2027 1415 viribus,
2052 1350 2272 1404 nonnisi
2313 1358 2583 1420 potestate
2620 1349 2715 1406 Dei
2762 1353 2962 1423 agitur,
2993 1351 3086 1423 qui
3113 1352 3370 1407 timorem

1795 1440 1888 1495 dat
1915 1440 2170 1494 omnibus
2199 1447 2259 1494 ut
2284 1439 2380 1494 uni
2402 1440 2799 1511 obtemperent.

1864 1531 2108 1588 XXXIV.
2152 1531 2269 1591 Hoc
2292 1550 2426 1592 sane
2461 1533 2606 1590 scire
2631 1548 2732 1588 vos
2762 1531 3018 1589 volumus
3071 1532 3220 1604 quod
3267 1531 3378 1589 da:-

1800 1641 1951 1690 mon,
1985 1627 2090 1682 nisi
2127 1627 2252 1698 quis
2300 1626 2676 1683 voluntatibus
2706 1624 2828 1696 ejus
2856 1639 2918 1681 se
2953 1631 3151 1695 sponte
3188 1624 3379 1681 subdi-

1796 1716 1955 1782 derit,
1988 1725 2313 1789 polestatem
2362 1718 2654 1774 adversum
2697 1716 2975 1772 hominem
3033 1730 3143 1772 non
3187 1715 3373 1774 habet.

1799 1810 1952 1866 Unde
1991 1820 2046 1867 et
2085 1812 2203 1883 ipse
2248 1813 2341 1883 qui
2382 1819 2470 1868 est
2509 1814 2765 1884 princeps
2803 1813 3045 1879 malitiae,
3097 1813 3167 1869 ad
3224 1813 3375 1869 hunc

1797 1919 1958 1976 quem
2014 1904 2254 1962 diximus
2291 1920 2323 1959 a
2359 1904 2472 1960 Deo
2513 1906 2849 1962 destinatum
2885 1921 3071 1979 regem
3099 1906 3252 1978 pacis
3277 1920 3376 1962 ac-

1796 1996 1962 2052 cessit
1991 2003 2229 2061 tentans,
2273 2004 2328 2052 et
2359 1996 2603 2067 polliceri
2633 1997 2682 2052 ei
2696 1997 2862 2068 cmpit
2891 2012 3110 2052 omnem
3143 1997 3374 2068 gloriam

1800 2085 2013 2150 mundi,
2050 2086 2195 2157 quod
2221 2101 2345 2141 cum
2376 2087 2498 2142 aliis
2520 2087 2812 2143 obtulisset
2846 2086 3148 2158 decipiendi
3180 2101 3373 2152 causa,

1797 2176 2080 2232 adoratum
2111 2191 2171 2232 se
2202 2187 2445 2233 noverat.
2478 2177 2682 2248 Impius
2704 2186 2758 2253 et
2785 2177 3072 2234 immemor
3099 2179 3206 2246 sui,
3229 2178 3378 2248 quod

1794 2274 1876 2324 est
1911 2266 2191 2338 pr0prium
2217 2275 2272 2322 et
2301 2267 2540 2339 speciale
2569 2268 2809 2332 malitiae,
2851 2267 3190 2323 adorandum
3219 2284 3277 2324 se
3306 2268 3378 2324 ab

1794 2371 1861 2411 eo
1902 2356 2284 2427 prmsumebat,
2331 2372 2361 2411 a
2399 2371 2507 2427 quo
2565 2371 2625 2413 se
2680 2363 2906 2412 noverat
2958 2355 3373 2413 destruendum.

1795 2443 2058 2501 Dominus
2086 2462 2217 2519 ergo
2247 2455 2433 2505 noster
2463 2447 2629 2502 unius
2659 2444 2756 2501 Dei
2782 2446 2989 2501 cultum
3013 2447 3373 2513 conﬁrmans,

1794 2539 2075 2609 respondit
2097 2540 2147 2595 ei
2189 2558 2202 2594 :
2232 2539 2500 2608 Scriptum
2528 2550 2606 2594 est
2633 2553 2651 2593 :
2687 2537 2970 2594 Dominum
3030 2539 3194 2594 Deum
3227 2549 3377 2595 tuum

1795 2629 2048 2685 adorabis
2098 2639 2148 2685 et
2202 2630 2285 2685 illi
2335 2630 2437 2686 soli
2490 2632 2797 2694 servies“;
2851 2647 2960 2702 qua
3015 2632 3377 2702 responsione

1795 2722 2114 2789 deterritus,
2139 2733 2193 2780 et
2228 2730 2476 2778 metuens
2503 2739 2571 2779 ne
2596 2724 2764 2780 unius
2794 2732 2847 2779 et
2877 2725 2990 2780 veri
3021 2722 3115 2780 Dei
3147 2739 3376 2796 repara-

1794 2824 1948 2870 retur
1998 2829 2127 2870 vera
2171 2815 2383 2886 religio,
2439 2813 2662 2870 festinat
2707 2815 2972 2871 continuo
3015 2817 3267 2872 emittere
3318 2815 3377 2871 in

1795 2907 1944 2964 hunc
1985 2906 2248 2962 mundum
2300 2906 2802 2978 pseudoprophetas
2840 2913 2896 2964 et
2939 2906 3378 2980 pseudoaposto-

1793 2995 1874 3052 los
1892 2997 2168 3068 falsosque
2183 2997 2458 3063 doctores,
2491 2995 2582 3069 qui
2601 2998 2705 3054 sub
2729 2998 2949 3074 nomine
2967 2998 3187 3070 quidem
3215 2996 3380 3053 Chri-

1791 3088 1860 3143 sti
1912 3089 2285 3160 loquerentur,
2332 3087 2598 3146 daemonis
2653 3095 2838 3144 autem
2888 3086 3134 3145 facerent
3175 3086 3374 3144 volun-

1793 3188 1982 3236 tatem.

1864 3269 2082 3328 XXXV.
2120 3269 2350 3342 Propter
2369 3271 2515 3344 quod
2546 3272 2833 3329 observate
2860 3274 3098 3338 cautius,
3125 3281 3187 3330 ut
3235 3272 3374 3329 nulli

1795 3364 2083 3419 doctorum
2135 3365 2393 3428 credatis,
2443 3363 2549 3441 nisi
2583 3364 2675 3434 qui
2701 3361 2892 3420 Jacobi
2938 3363 3125 3420 fratris
3155 3363 3374 3420 Domini

1794 3471 1863 3510 es
1894 3453 2236 3510 Hierusalem
2274 3454 2529 3510 detulerit
2579 3457 2978 3521 testimonium,
3002 3456 3087 3512 vel
3111 3457 3231 3527 ejus
3255 3455 3378 3528 qui-

1794 3561 2010 3617 cunque
2061 3554 2185 3616 post
2237 3547 2417 3616 ipsum
2469 3545 2654 3602 fuerit.
2701 3545 2818 3602 Nisi
2866 3548 3013 3603 enim
3067 3550 3192 3620 quis
3243 3548 3376 3603 illuc

1796 3637 2130 3701 ascenderit,
2173 3647 2227 3692 et
2265 3638 2338 3692 ibi
2395 3636 2561 3693 fuerit
2611 3638 2879 3709 probatus
2912 3638 3058 3710 quod
3090 3640 3161 3695 sit
3185 3639 3379 3695 doctor

1794 3728 2026 3782 idoneus
2054 3737 2106 3782 et
2139 3727 2310 3782 ﬁdelis
2344 3727 2409 3781 ad
2439 3727 2849 3797 praedicandum
2872 3727 3079 3784 Christi
3109 3729 3374 3796 verbum;

1796 3818 1924 3886 nisi,
1951 3819 2195 3889 inquam,
2229 3819 2354 3874 inde
2383 3819 2639 3874 detulerit
2665 3820 3063 3884 testimonium,
3104 3822 3380 3892 recipien-

1797 3915 1900 3968 dus
1951 3913 2175 3967 omnino
2205 3927 2312 3966 non
2344 3921 2428 3966 est
2455 3929 2469 3976 ;
2501 3910 2597 3966 sed
2636 3928 2814 3984 neque
2856 3913 3147 3984 propheta,
3199 3928 3378 3984 neque

1797 4005 2075 4074 apostolus
2099 4005 2153 4057 in
2194 4003 2296 4058 hoc
2336 4013 2584 4074 tempore
2637 4013 2890 4076 speretur
2917 4019 2948 4059 a
2978 4005 3133 4060 vobis
3174 4005 3375 4076 aliquis

1798 4092 1937 4148 alius
1987 4101 2182 4162 praeter
2222 4107 2346 4148 nos.
2383 4090 2534 4146 Unus
2589 4093 2735 4148 enim
2773 4101 2859 4149 est
2887 4109 3048 4150 verus
3085 4094 3374 4166 propheta,

1796 4186 1956 4256 cujus
2007 4202 2108 4241 nos
2152 4184 2438 4240 duodecim
2488 4185 2722 4256 apostoli
2777 4185 2940 4241 verba
2987 4186 3372 4256 praedicamus.

1797 4279 1916 4349 Ipse
1952 4279 2096 4334 enim
2127 4287 2210 4333 est
2247 4289 2426 4332 annus
2476 4275 2573 4333 Dei
2625 4284 2907 4347 acceptus,
2964 4292 3067 4332 nos
3097 4278 3376 4348 apostolos

1796 4371 2005 4426 habens
2054 4369 2342 4431 duodecim
2376 4385 2594 4426 menses
2615 4371 2681 4425 ".
2729 4369 2846 4435 Qua
2886 4376 3066 4424 autem
3099 4383 3264 4425 causa
3288 4371 3378 4424 vel
3424 4420 3433 4427 .

1799 4463 2038 4517 mundus
2089 4463 2206 4532 ipse
2245 4460 2423 4518 factus
2480 4461 2572 4529 sit,
2596 4462 2678 4517 vel
2714 4459 3062 4516 diversitates
3097 4477 3217 4533 quae
3245 4471 3376 4517 sunt

121 4558 344 4619 perunt,
376 4558 430 4605 et
467 4568 535 4606 ne
571 4568 761 4622 parum
811 4555 1030 4626 quidem
1090 4556 1353 4626 temporis
1401 4564 1696 4628 potuerunt
1728 4539 1772 4594 Ῑ)
1795 4555 1855 4608 in
1903 4568 1971 4609 eo
2006 4552 2325 4614 acciderint,
2368 4559 2421 4607 et
2463 4565 2563 4606 cur
2591 4550 2658 4605 ad
2691 4551 3090 4620 reparationem
3126 4551 3248 4620 ejus
3275 4567 3374 4606 ve-

121 4639 270 4694 ferre
301 4644 644 4710 praesentiam
681 4653 949 4699 nostram.

200 4725 436 4792 XXXIII.
478 4734 734 4806 Nunquid
765 4753 869 4792 nos
898 4738 1123 4793 alterius
1152 4754 1344 4794 sumus
1376 4748 1587 4794 natura:
1613 4756 1700 4795 su-

119 4823 356 4894 perioris
404 4827 661 4895 alicujus,
713 4835 768 4882 et
827 4839 1112 4900 propterea
1169 4845 1270 4885 nos
1318 4824 1593 4886 daemones
1632 4834 1701 4886 ti-

121 4914 526 4971 ment?Unius
578 4917 822 4985 ejusdem
877 4919 1163 4974 vobiscum
1213 4927 1422 4975 natura:
1484 4938 1699 4986 sumus,

121 5007 221 5063 sed
253 5008 510 5078 religione
541 5009 860 5065 dill'erimus.
907 5011 1063 5078 Quod
1092 5021 1146 5067 et
1166 5013 1210 5067 si
1235 5030 1330 5068 vos
1361 5031 1486 5070 esse
1509 5017 1696 5081 vultis,

123 5115 236 5155 non
275 5099 606 5166 invidemus,
643 5102 776 5172 quin
811 5105 992 5172 potius
1016 5114 1069 5160 et
1092 5105 1378 5159 hortamur
1407 5116 1699 5178 certosque

121 5206 248 5246 esse
268 5206 365 5246 vos
404 5193 528 5246 vqu
558 5226 566 5244 .
593 5210 678 5257 us,
711 5195 856 5266 quod
895 5210 1019 5249 cum
1053 5196 1216 5251 fuerit
1248 5198 1300 5251 in
1329 5198 1485 5254 vobis
1509 5201 1697 5254 eadem

121 5299 248 5354 quae
277 5284 330 5337 in
363 5285 521 5342 nobis
552 5294 636 5341 est
667 5285 799 5343 ﬁdes
830 5295 885 5343 et
923 5289 1112 5359 religio
1149 5307 1213 5345 ac
1256 5292 1382 5346 vitae
1434 5291 1698 5347 innocen-

126 5377 227 5436 tia,
282 5386 666 5432 remunerante
722 5377 831 5435 Deo
887 5379 1044 5434 fidem
1126 5391 1384 5447 vestram,
1447 5383 1550 5437 erit
1604 5400 1700 5453 par

125 5463 281 5518 vobis
307 5471 468 5534 atque
506 5466 694 5520 eadem
743 5470 906 5522 etiam
934 5477 1122 5524 contra
1151 5472 1426 5527 daemones
1460 5484 1701 5540 potestas

124 5564 178 5608 ct
221 5556 419 5610 virtus.
479 5556 633 5610 Sicut
672 5561 816 5613 enim
855 5561 899 5613 is
935 5563 1024 5631 qui
1075 5569 1347 5633 acet-perit
1381 5565 1483 5619 sub
1508 5582 1564 5621 se
1600 5565 1702 5618 Ini-

127 5647 266 5710 liles,
302 5646 516 5702 etiamsi
564 5649 679 5720 ipse
727 5651 971 5713 inferior,
1008 5663 1060 5707 et
1107 5653 1181 5707 illi
1233 5657 1544 5725 superiores
1591 5657 1695 5712 sint

205 5829 242 5859 "
278 5826 466 5884 Matth.
503 5846 616 5894 \‘Ill,
653 5829 702 5886 9.
782 5833 824 5862 "
851 5830 1036 5886 Mltlh.
1078 5849 1148 5898 Iv,
1192 5834 1274 5890 lli.
1355 5836 1397 5867 ³³
1433 5833 1566 5890 Luc.
1605 5853 1674 5900 ιγ,
1714 5837 1802 5894 £9.

1804 4644 1962 4698 niens
1994 4641 2257 4696 Dominus
2287 4647 2499 4706 noster,
2553 4641 2776 4711 elegerit
2804 4654 2906 4696 nos
2928 4638 3216 4695 duodecim
3243 4654 3378 4711 apo-

1803 4735 1974 4790 stolos
2020 4743 2076 4789 et
2131 4734 2364 4796 miserit,
2417 4733 2552 4788 alias
2601 4731 2767 4788 latius
2819 4731 3220 4801 explanabitur.
3285 4729 3377 4787 ln-

1804 4827 1961 4882 terim
1995 4825 2278 4895 nosjussit
2306 4825 2455 4879 exire
2499 4824 2565 4879 ad
2599 4822 3002 4894 praedicandum
3048 4830 3103 4877 et
3145 4823 3380 4878 invitare

1803 4937 1900 4976 vos
1933 4920 1998 4974 ad
2054 4934 2268 4974 coenam
2298 4919 2459 4989 Regis
2509 4919 2774 4982 caelestis,
2828 4932 2991 4989 quam
3050 4917 3381 4988 pmparavit

1800 5019 1958 5075 Pater
1992 5013 2045 5066 in
2073 5011 2280 5082 nuptiis
2296 5010 2416 5065 Filii
2459 5011 2563 5077 sui,
2594 5019 2648 5066 et
2676 5020 2736 5066 ut
2765 5010 2958 5066 demus
3005 5009 3161 5065 vobis
3218 5009 3381 5064 indu-
3406 5066 3420 5074 _

1807 5112 1987 5160 menta
2022 5104 2284 5174 nuptialia
2308 5103 2374 5170 “,
2398 5103 2542 5174 quod
2574 5110 2660 5159 est
2703 5103 2876 5174 gratia
2904 5101 3189 5173 baptismi,
3213 5117 3380 5172 quam

1806 5197 1895 5266 qui
1921 5195 2084 5252 fuerit
2112 5203 2462 5257 conSecutus,
2496 5201 2756 5265 tanquam
2801 5195 3185 5250 vestimentum
3214 5209 3380 5247 mun-

1806 5291 1959 5352 dum,
2017 5305 2139 5344 cum
2178 5304 2288 5359 quo
2341 5289 2389 5343 ei
2447 5287 2859 5360 ingrediendum
2914 5294 2999 5343 est
3055 5284 3122 5340 ad
3164 5299 3380 5341 cuinam

1808 5382 1972 5450 regis,
2023 5380 2315 5435 observare
2353 5377 2533 5442 debet,
2558 5393 2627 5433 ne
2661 5385 2890 5449 peccato
2927 5375 3106 5447 aliqua
3136 5392 3205 5432 ex
3228 5383 3384 5446 parte

1806 5474 2127 5534 maculetur,
2152 5480 2205 5527 et
2231 5471 2300 5526 ob
2324 5471 2427 5525 hoc
2455 5478 2713 5541 tanquam
2750 5469 3006 5541 indignus
3032 5476 3086 5525 et
3116 5467 3385 5540 reprobus

1804 5564 2112 5630 abjiciatur.
2826 5553 2836 5561 '

1879 5655 2119 5709 XXXVI.
2161 5657 2352 5713 Causa:
2397 5664 2576 5713 autem
2614 5656 2815 5728 quibus
2872 5656 3176 5712 maeuletur
3230 5651 3382 5708 istud

1877 5838 1917 5867 "
1949 5836 2139 5892 Matth.
2178 5851 2313 5899 xm,
2336 5835 2491 5894 “3-H.
