4078 6336
655 372 783 429 1331

1504 371 1561 428 S.
1601 371 1997 434 CLEMENTIS
2035 373 2053 427 l
2088 358 2255 429 80M.
2294 374 2495 431 PONT.
2537 374 3028 432 OPEﬂA-DCBIA.
3067 370 3073 376 ’

3779 376 3925 432 1533

651 487 1031 545 indumentum
1080 485 1165 543 ha
1217 494 1346 543 suiit
1376 506 1388 541 :
1418 487 1466 543 si
1518 490 1645 569 quis
1686 489 1906 545 recedat
1932 507 1962 545 a
1996 500 2148 561 patre
2176 500 2231 546 et
2260 499 2307 556 Α
2336 495 2639 564 sexaginta,
2671 494 2870 549 tertius
2910 494 3004 565 qui
3048 501 3289 557 centum,
3317 492 3460 547 sicut
3498 491 3627 549 alias
3667 492 3823 549 vobis
3853 493 3924 550 de

652 579 935 635 conditore
963 580 1213 635 omnium
1244 578 1373 643 Deo.
1409 580 1576 634 alium
1634 583 1906 653 recipiens
1948 584 2228 638 doctorem

651 678 849 739 praeter
874 669 1175 733 Christum,
1207 670 1299 741 qui
1330 680 1415 725 est
1438 673 1591 728 solus
1628 674 1803 729 ﬁdelis
1826 688 1889 729 ac
1917 690 2079 729 verus
2112 690 2232 744 pro-

652 763 836 842 pheta,
890 762 1098 832 quique
1146 778 1247 818 nos
1298 763 1586 819 duodecim
1637 765 1916 834 apostolos
1974 766 2122 819 misit
2162 765 2229 819 ad

653 852 1064 923 prodicsndum
1105 854 1334 909 verbum
1361 874 1375 920 ;
1410 863 1464 909 et
1487 856 1533 909 si
1567 856 1693 925 quis
1722 854 1790 910 de
1821 855 2127 911 substantia
2154 857 2234 910 di-

650 944 900 1002 vinitatis
956 960 1078 1015 quae
1134 954 1334 1001 cuneta
1380 946 1661 1017 praecellit,
1720 947 1878 1001 aliter
1932 962 2093 1016 quam
2146 948 2230 1001 di-

654 1052 820 1106 gnum
852 1044 937 1093 est
966 1037 1190 1101 sentiat,
1222 1038 1337 1093 haec
1358 1049 1484 1093 sunt
1525 1055 1648 1108 quae
1676 1056 1847 1109 usque
1889 1039 1957 1093 ad
2000 1050 2229 1098 mortem

653 1126 913 1197 baptismi
944 1128 1195 1197 polluunt
1226 1127 1631 1184 indumentum.
1677 1128 1809 1194 Quae
1846 1145 1980 1184 vero
2012 1132 2065 1185 in
2095 1134 2231 1186 scti-

650 1217 757 1273 bus
781 1218 1051 1287 polluunt,
1078 1219 1182 1274 ista
1207 1226 1336 1274 sunt
1370 1235 1392 1288 ε
1427 1221 1737 1287 homicidia,
1770 1221 2058 1287 adulteria,
2080 1222 2228 1288 odia,

651 1285 904 1372 avaritia.
932 1308 1203 1377 cupiditas
1226 1285 1403 1363 mala?
1425 1309 1557 1375 Quae
1581 1321 1758 1365 autem
1800 1285 2228 1369 animamsimul

649 1404 705 1449 et
739 1412 939 1467 corpus
979 1398 1250 1467 polluunt,
1311 1398 1414 1454 ista
1441 1409 1568 1454 sunt
1606 1415 1617 1449 :
1671 1400 1998 1471 participare
2024 1392 2230 1457 dieme-

657 1504 787 1545 nutn
812 1504 1034 1555 mensae,
1067 1490 1171 1545 hoc
1192 1498 1297 1556 est,
1334 1491 1611 1545 immolata
1647 1492 1955 1563 degustare,
1988 1496 2067 1551 vel
2101 1511 2230 1551 san-

653 1581 896 1649 guinem.
929 1582 1012 1636 vel
1040 1582 1409 1637 morticinium
1441 1584 1584 1653 quod
1618 1592 1701 1639 est
1729 1586 2075 1651 suﬂ'ocatum,
2097 1598 2150 1643 ct
2180 1592 2225 1645 si

652 1669 783 1739 quid
832 1669 979 1724 aliud
1009 1678 1092 1726 est
1122 1671 1267 1741 quod
1316 1672 1655 1728 daemonibus
1700 1676 1939 1730 oblatum
1987 1687 2089 1733 est.
2131 1679 2227 1734 llic

651 1775 786 1830 ergo
815 1760 969 1815 vobis
1002 1760 1073 1815 sit
1100 1762 1310 1832 primus
1338 1762 1541 1830 gradus
1570 1765 1852 1830 extribus,
1889 1768 1983 1837 qui
2023 1770 2226 1839 gradus

652 1852 876 1921 triginta
904 1867 967 1906 es
996 1867 1057 1907 se
1084 1852 1254 1923 gignit
1296 1854 1547 1907 mandata
1582 1855 1646 1920 “,
1678 1858 1951 1914 secundus
1976 1876 2102 1914 vero
2133 1863 2226 1932 qui

726 1982 770 2013 “
805 1982 1159 2063 Matthasm,
1189 1982 1279 2037 25.

2335 582 2421 637 his
2450 583 2664 651 plenius
2690 598 3049 653 exponemus.

2405 672 2668 729 XXXVII.
2710 672 2775 728 Et
2816 675 2929 729 haec
2948 691 3071 729 cum
3098 672 3346 736 dixisset,
3382 689 3446 730 sc
3474 675 3830 745 praecepisset
3860 682 3921 728 nt

2331 765 2421 827 die
2476 776 2690 836 postera
2718 768 2787 821 ad
2815 766 3064 823 eumdem
3106 766 3284 821 locum
3338 768 3603 823 maturius
3653 769 3915 821 conveni-

2334 863 2475 919 rrnt,
2507 856 2697 911 turbas
2738 856 2985 921 dimisit;
3020 856 3221 926 quibus
3266 855 3521 913 recedere
3566 857 3910 921 nolentibus,

2332 946 2404 1000 sit
2437 945 2671 1001 Petrus:
2715 946 2924 1001 Donate
2969 946 3102 1001 mihi
3130 946 3271 1001 banc
3298 948 3529 1017 gratiam
3560 957 3784 1018 propter
3810 949 3903 1003 be-

2331 1035 2501 1089 sterni
2554 1035 2767 1090 itineris
2838 1034 3179 1100 labores;‘et
3226 1050 3373 1089 nunc
3426 1034 3773 1092 discedentes
3823 1037 3919 1092 die

2330 1126 2569 1181 crastina
2620 1124 2887 1180 maturius
2936 1124 3222 1179 convenite
3257 1143 3272 1191 ;
3302 1136 3357 1181 et
3399 1128 3473 1179 ita
3527 1141 3653 1180 cum
3717 1128 3912 1183 laetitia

2331 1220 2655 1276 ὀίεαιδδειαε.
2693 1220 2760 1273 At
2790 1219 2983 1275 Petrus
3000 1222 3276 1291 paululum
3314 1238 3400 1275 me
3422 1222 3675 1275 secedere
3704 1222 3909 1291 praxi-

2333 1315 2488 1383 piens
2516 1313 2779 1367 orationis
2820 1328 3009 1378 causa,
3041 1313 3197 1382 jubet
3228 1322 3350 1383 post
3380 1312 3491 1367 haec
3528 1298 3580 1365 in
3613 1312 3737 1365 loco
3767 1314 3913 1366 horti

2335 1421 2493 1475 quem
2552 1406 2741 1458 umbra
2811 1406 3528 1475 contegebat,‘accubitum
3584 1406 3792 1463 sterni.
3861 1410 3917 1456 et

2334 1497 2705 1566 unusquisque
2728 1511 2793 1549 es
2824 1510 2975 1549 more
3021 1510 3424 1563 recognoscens
3454 1495 3657 1565 proprii
3691 1493 3913 1548 ordinis

2333 1589 2531 1649 locum,
2587 1588 2771 1642 cibum
2807 1587 3163 1655 sumpsimus.
3212 1584 3349 1640 Tum
3396 1588 3593 1641 deinde
3640 1585 3767 1655 quia
3814 1599 3915 1637 su-

2332 1688 2542 1749 pererat
2600 1678 2778 1734 adhuc
2826 1680 3223 1750 aliquantulum
3270 1679 3400 1737 diei.
3444 1679 3513 1732 de
3558 1674 3915 1731 mirabilibus

2334 1769 2542 1822 Domini
2579 1770 2886 1825 collocutus
2926 1769 3234 1833 nobiscum,
3277 1784 3499 1839 vespere
3532 1766 3917 1835 iactoingreso

2336 1879 2431 1918 sus
2457 1862 2768 1916 cubiculum
2800 1864 3021 1932 quievit.

1760 2263 2117 2352 LIBER
2194 2264 2779 2366 QUINTUS.

720 2564 765 2623 1,
806 2562 1061 2630 Sequenti
1099 2569 1278 2613 autem
1314 2559 1423 2621 die,
1450 2559 1608 2629 paulo
1630 2560 1791 2614 citius
1821 2573 1985 2629 quam
2006 2559 2213 2615 solebat

652 2669 991 2723 consurgens
1039 2650 1253 2710 Petrus.
1295 2652 1499 2705 invenit
1531 2666 1630 2705 nos
1659 2650 1990 2705 dormientes
2024 2669 2038 2715 ;
2068 2652 2214 2721 quod

652 2746 743 2806 ubi
771 2742 963 2801 sensit,
988 2740 1143 2809 quasi
1185 2740 1296 2807 ipse
1336 2738 1516 2793 adhuc
1548 2740 1785 2795 dormire
1816 2741 2021 2805 volens,
2046 2742 2181 2796 siien

650 2838 787 2891 tiu-ii
828 2834 933 2889 sibi
986 2832 1099 2885 fieri
1138 2830 1325 2901 jussit,
1360 2839 1415 2883 ut
1445 2831 1601 2885 nobis
1632 2832 1948 2902 quiescendi
1982 2832 2214 2887 faculta-

647 2936 759 2982 tem
790 2925 959 2979 daret.
993 2920 1094 2977 Ubi
1116 2928 1299 2975 autem
1329 2920 1514 2975 refecti
1550 2937 1742 2977 somno
1774 2926 2207 2991 essurreximus,

645 3022 954 3081 invenimus
983 3035 1105 3075 eum
1137 3018 1382 3072 oratione
1409 3016 1702 3074 factaintra
1720 3005 2026 3075 cubiculum
2041 3036 2210 3091 oppe-

2318 2561 2515 2630 pictate
2574 2560 2863 2627 passibiles
2906 2558 3033 2613 facti
3071 2568 3217 2617 sunt.
3249 2558 3320 2612 ita
3360 2573 3453 2628 per
3486 2558 3743 2627 pietatem
3775 2575 3913 2627 pos-

2319 2659 2447 2705 sunt
2469 2667 2592 2703 csse
2624 2650 2995 2719 impassibiles
3030 2650 3165 2720 (16),
3195 2658 3249 2703 et
3275 2664 3379 2702 non
3406 2650 3581 2701 solum
3640 2648 3901 2717 imp-assi-

2321 2742 2473 2801 hiles,
2502 2755 2685 2793 verum
2714 2747 2767 2793 et
2796 2756 2960 2809 parva
2994 2740 3047 2793 in
3093 2738 3260 2792 Deum
3287 2738 3387 2791 tide
3414 2739 3648 2791 aliorum
3689 2740 3911 2806 passio-

2318 2848 2416 2887 nes
2442 2840 2719 2883 curantes.
2751 2828 2825 2882 lta
2858 2831 2999 2884 enim
3041 2845 3203 2883 verus
3260 2829 3521 2897 propheta
3586 2827 3749 2882 nobis
3781 2845 3912 2897 pro-

2320 2923 2470 2978 misit
2523 2916 2712 2977 diccns
2740 2942 2753 2977 :
2780 2926 2948 2975 Amen
3007 2920 3123 2973 dico
3177 2921 3339 2984 vobis,
3375 2922 3495 2990 quia
3534 2920 3580 2974 si
3604 2920 3909 2973 habueritis

2316 3016 2472 3086 [idem
2492 3016 2866 3084 sicutgranum
2888 3014 3110 3081 sinapis,
3138 3012 3319 3065 dicetis
3353 3013 3515 3065 monti
3536 3010 3677 3074 huic,
3713 3010 3913 3064 Transi

646 3117 876 3171 rientem
910 3127 1029 3165 nos.
1062 3109 1129 3162 Et
1152 3124 1275 3163 cum
1302 3108 1411 3178 jam
1442 3118 1587 3163 esset
1620 3110 2029 3180 crepusculum,
2068 3114 2199 3166 saiu-
2241 3078 2286 3139 ε
2322 3109 2461 3170 hinc,
2520 3116 2569 3160 et
2625 3105 2873 3158 transibit
2927 3107 2992 3161 ".
3036 3104 3208 3172 Hujus
3256 3104 3406 3158 vocis
3454 3103 3618 3157 etiam
3668 3119 3763 3156 vos
3798 3104 3912 3173 ipsi

646 3212 768 3258 tans
794 3216 859 3254 ex
890 3213 1038 3254 more
1078 3198 1313 3253 breviter
1351 3196 1620 3251 allocutus
1646 3205 1751 3263 est,
1785 3207 1837 3254 et
1858 3200 2121 3254 continuo
2150 3200 2217 3254 ad

643 3302 969 3353 consuetum
1030 3291 1207 3343 locum
1264 3288 1494 3343 docendi
1566 3289 1738 3358 gratia
1792 3291 2076 3361 procedit,
2125 3292 2217 3345 ubi

645 3400 769 3436 cum
805 3380 1030 3441 vidisset
1060 3378 1127 3434 ad
1178 3378 1505 3432 audiendum
1557 3378 1818 3449 plurimos
1868 3382 2214 3448 convenisse,

644 3475 822 3544 primo
872 3472 1155 3541 religionis
1199 3470 1307 3530 ritu
1341 3484 1472 3539 pace
1498 3472 1577 3525 eis
1607 3472 1874 3537 invocata,
1903 3473 2085 3529 dicere
2116 3475 2219 3530 hoc

646 3564 809 3619 modo
832 3564 997 3632 coepit
1033 3580 1045 3615 :

716 3653 778 3709 ll.
824 3656 868 3686 “
909 3654 1050 3709 Deus
1082 3662 1297 3707 creator
1343 3654 1583 3708 omnium
1616 3670 1681 3710 ex
1709 3655 1863 3710 initio
1907 3657 1974 3711 ad
2022 3658 2216 3729 imagi-

644 3762 768 3800 nem
834 3759 988 3799 suam
1038 3744 1311 3805 hominem
1374 3742 1522 3807 fecit,
1582 3748 1741 3815 eique
1790 3748 2239 3806 dominationem~

642 3848 803 3890 terrae
828 3835 1103 3905 marisque
1131 3846 1183 3894 et
1211 3836 1353 3890 aeris
1390 3836 1565 3905 ipsius
1610 3838 1778 3904 dedit,
1812 3840 1953 3893 sicut
1973 3850 2027 3895 et
2054 3858 2217 3897 verus

642 3926 801 3991 nobis
834 3925 1094 3996 propheta
1127 3926 1387 3989 narravit,
1411 3933 1465 3979 et
1496 3926 1611 3996 ipsa
1634 3941 1813 3980 rerum
1852 3928 1989 3983 ratio
2011 3930 2169 3983 docet
2200 3947 2216 3997 ;

643 4018 794 4073 solus
839 4019 982 4071 enim
1031 4026 1115 4071 est
1173 4018 1536 4081 rationabilis.
1575 4026 1629 4078 et
1667 4034 2013 4089 consequens
2048 4028 2131 4075 est
2161 4034 2219 4077 ut

640 4111 782 4164 ratio
806 4109 1276 4172 irrationabilibus
1306 4110 1635 4173 dominetur.
1685 4110 1781 4165 Hic
1805 4129 1934 4183 ergo
1964 4115 2032 4166 ab
2063 4114 2217 4167 initio

640 4218 766 4257 cum
794 4202 973 4255 adhuc
998 4201 1183 4270 justus
1209 4209 1375 4265 esset,
1408 4203 1625 4265 cunctis
1650 4203 1795 4258 vitiis
1822 4212 1875 4257 et
1914 4204 2063 4257 omni
2109 4206 2217 4257 fra-

637 4293 844 4366 gilitate
884 4294 1135 4364 superior
1177 4301 1338 4359 erat;
1379 4293 1470 4346 ubi
1525 4301 1704 4347 autem
1753 4295 2019 4365 peccavit.
2071 4296 2218 4349 sicut

637 4385 895 4440 hesterno
924 4386 1012 4441 die
1039 4384 1350 4449 docuimus,
1369 4394 1420 4439 et
1452 4384 1627 4441 factus
1650 4395 1734 4442 est
1764 4401 1957 4443 servus
1983 4389 2213 4464 peccati,

2323 3200 2653 3255 docmnenta
2708 3197 2997 3266 accepistis
3028 3215 3044 3264 ;
3096 3198 3353 3253 hesterno
3380 3198 3527 3253 enim
3563 3197 3651 3251 die
3682 3197 3907 3252 vidistis

2322 3290 2594 3361 quomodo
2633 3288 2942 3344 astantibus
2986 3289 3167 3353 nobis,
3210 3288 3481 3341 daemones
3530 3303 3655 3341 cum
3688 3288 3909 3356 passio-

2323 3384 2486 3438 nibus
2529 3397 2667 3452 quas
2716 3381 3029 3436 hominibus
3071 3383 3407 3443 inveserant,
3463 3379 3808 3433 transierunt
3854 3387 3911 3433 et

2324 3472 2491 3542 fugati
2523 3481 2671 3529 sunt.

2394 3564 2483 3620 lll.
2511 3566 2655 3637 Quia
2675 3580 2804 3635 ergo
2832 3564 2922 3617 alii
2955 3563 3172 3633 quidem
3204 3562 3452 3616 homines
3479 3560 3783 3631 patiuntur,
3812 3561 3909 3615 alii

2320 3657 2591 3724 patientes
2621 3662 2839 3715 sanant,
2876 3668 3043 3706 causa
3074 3651 3192 3707 sine
3217 3652 3384 3704 dubio
3411 3652 3495 3703 vel
3548 3650 3791 3718 patiendi
3821 3653 3905 3704 vel

2320 3748 2549 3802 curandi
2579 3745 2862 3801 noscenda
2908 3755 3012 3808 est,
3069 3759 3191 3813 qua:
3248 3756 3357 3795 non
3398 3740 3504 3793 alia
3561 3756 3706 3802 esse,
3740 3754 3906 3808 quam

2320 3839 2650 3909 patientibus
2709 3836 2927 3907 quidem
2988 3824 3345 3892 infidelitatis.
3400 3832 3729 3885 curantibus
3775 3846 3907 3884 vero

2322 3932 2444 3987 iidei
2473 3930 2902 3984 demonstratur.
2932 3928 3228 3982 lnildelitas
3258 3927 3403 3981 enim
3436 3924 3563 3979 dum
3592 3941 3702 3978 non
3730 3923 3908 3978 credit

2323 4023 2569 4077 futurum
2595 4020 2862 4091 judicium
2923 4018 3041 4082 Dei,
3071 4015 3331 4088 peccandi
3370 4014 3648 4067 licentiam
3677 4011 3904 4082 prarbet,

2324 4121 2610 4185 peccatum
2644 4127 2770 4166 vero
2794 4111 3065 4165 hominem
3093 4108 3443 4179 passionibus
3488 4104 3787 4158 obnoxium
3825 4102 3906 4155 fa-

2318 4208 2412 4263 cit.
2446 4204 2607 4260 Fides
2638 4214 2817 4259 autem
2864 4202 3110 4257 futurum
3160 4214 3284 4255 esse
3335 4197 3429 4252 Dei
3475 4196 3748 4265 judicium
3779 4209 3905 4247 cre-

2319 4301 2453 4355 dens
2482 4298 2728 4353 continet
2762 4295 3013 4351 homines
3060 4309 3090 4347 a
3140 4298 3399 4363 peccato;
3455 4304 3563 4343 non
3608 4294 3905 4358 peccantes

2318 4406 2447 4445 vero
2479 4404 2588 4443 non
2612 4388 2787 4442 solum
2820 4385 2976 4442 liberi
3000 4392 3129 4441 sunt
3166 4401 3196 4437 a
3225 4380 3566 4436 daemonibus
3598 4386 3653 4433 et
3685 4376 3902 4447 passio—

638 4475 880 4529 simulet
909 4474 1188 4546 lragilitati
1215 4474 1449 4529 ellicitur
1494 4478 1787 4533 obnoxius.
1822 4452 2215 4545 Quod'idcirco
2249 4452 2290 4506 θ
2320 4482 2507 4544 nibus,
2536 4489 2725 4534 verum
2754 4488 2811 4535 et
2839 4479 3073 4533 aliorum
3103 4475 3382 4530 daemones
3422 4480 3476 4527 et
3506 4474 3793 4542 passiones
3817 4467 3903 4523 fu-

632 4552 902 4637 scriptum
931 4574 1039 4631 est,
1079 4574 1139 4621 ut
1166 4566 1344 4627 sciant
1386 4565 1635 4626 homines
1682 4571 1810 4641 quia
1859 4573 2001 4630 sicut
2026 4588 2091 4629 es
2121 4573 2218 4626 im-

2320 4587 2450 4644 gare
2478 4582 2727 4641 possunt.

710 4771 756 4803 “
783 4770 915 4839 Cap.
952 4769 987 4822 2
1014 4800 1039 4809 -
1069 4769 1139 4841 33
1192 4769 1392 4823 desunt
1421 4770 1475 4823 in
1526 4770 1687 4825 codd.
1741 4768 1900 4841 Lipss
1980 4768 2269 4841 Cohaerent
2326 4762 2507 4824 autem
2562 4784 2626 4841 ea
2672 4784 2794 4840 quae
2851 4777 3155 4841 sequuntur
3203 4780 3328 4841 cum
3369 4765 3758 4841 superioribus
3796 4764 3902 4819 hoc

638 4842 802 4899 modo
840 4834 879 4893 ε’
902 4856 1029 4911 pore
1066 4840 1165 4911 Acis
1197 4842 1462 4905 invocata,
1497 4841 1678 4911 aliqua
1706 4834 1821 4896 illis
1846 4840 1908 4894 de
1944 4834 2167 4898 hominis
2199 4842 2462 4894 creatione
2490 4852 2539 4894 et
2570 4834 2721 4909 lapsu
2746 4834 3007 4909 exposuit.
3040 4838 3109 4893 Et
3134 4848 3255 4907 post
3306 4837 3416 4893 haec
3438 4834 3605 4907 'jussit
3654 4834 3758 4890 sibi
3778 4853 3900 4898 eos,

636 4918 743 4967 etc.
856 4911 898 4941 "
930 4908 1122 4981 Matth.
1155 4925 1289 4971 svn.
1328 4913 1413 4969 it).

1959 5019 2326 5086 COTELERII
2364 5020 2595 5078 ΝΟΤᾹΞ.

710 5138 823 5216 (16)
883 5139 1264 5209 lmpassibiles.
1338 5143 1595 5216 ’AitdOsta
1621 5153 1673 5199 et
1710 5146 2118 5216 ἀναμαρτησία,
2159 5144 2207 5198 si

640 5212 826 5284 stricte
859 5220 1169 5284 sumantur.
1192 5222 1347 5284 ‘sunt
1386 5212 1914 5284 impcrturbabitiias'
1933 5212 2207 5281 et'impec-

638 5279 906 5341 cubilitas.
933 5280 1325 5348 imperturbatio
1354 5293 1409 5336 et
1437 5279 2002 5351 iinpeccantiaNcrmn
2035 5279 2209 5344 laitius

639 5351 914 5425 interdum
973 5362 1309 5420 usurpentur
1353 5369 1381 5407 a
1438 5357 1647 5410 sanctis
1694 5356 1968 5413 Patribus.
2018 5370 2211 5425 proco

639 5428 783 5496 statu
814 5421 867 5474 in
902 5437 1012 5496 quo
1066 5426 1397 5496 positusvir
1425 5434 1671 5488 sanctus,
1702 5442 1799 5496 per
1839 5421 2065 5494 gratiam
2116 5424 2208 5496 Dei

638 5492 821 5545 minus
842 5492 1050 5545 crebris
1081 5493 1493 5563 minoribusque
1524 5492 1917 5551 tentationibus
1937 5495 2212 5551 obnoxius

636 5570 742 5635 est,
774 5564 1248 5635 nec_gravioribus
1292 5566 1534 5635 peccatis
1560 5568 1867 5621 succumbit
1899 5563 2209 5635 εἈπάΘξιπ,

637 5630 815 5705 inquit
854 5630 1143 5705 Maximus,
1176 5633 1254 5689 De
1272 5630 1549 5700 chariton,
1582 5638 1826 5691 centuria
1856 5639 1907 5700 i,
1938 5652 2059 5705 cap.
2103 5634 2170 5688 56
2194 5676 2209 5698 ,

638 5703 787 5757 ἐστὶν
856 5704 1103 5779 εἰρηνικὴ
1152 5706 1483 5779 κᾳτάσῖασις
1524 5708 1731 5779 ψυχῆςΔ
1768 5708 1887 5762 καθ’
1931 5703 2217 5779 ᾖκίδυσκίο

638 5788 796 5841 νητθς
826 5771 1034 5847 viveret
1071 5771 1219 5845 ψυχὴ
1260 5775 1393 5847 πρὸς
1436 5771 1784 5834 κακῖαἶὶίΕδι
1814 5771 2069 5844 ἀπάθεια,
2117 5790 2213 5842 pa-

639 5852 789 5900 catus
816 5844 1006 5898 anima:
1038 5856 1229 5905 status,
1271 5844 1549 5901 secundum
1573 5865 1719 5906 quem
1752 5848 2020 5915 difﬁculter
2049 5862 2215 5903 m0t‘c-

2309 5154 2397 5213 {ur
2426 5143 2605 5196 anima
2630 5159 2755 5213 erga
2790 5141 3073 5204 malitiam,
3092 5138 3433 5213 δυσκίνητρς.
3466 5154 3576 5191 non
3602 5137 3893 5213 dativum;

2313 5212 2486 5268 Reddi
2516 5208 2705 5269 autem
2740 5213 2898 5266 debet
2937 5227 3040 5265 vos
3079 5208 3315 5272 ἀπαθεῖς
3346 5208 3614 5262 Clementi
3658 5208 3895 5260 Alexan-

2314 5284 2475 5337 drino
2508 5283 2711 5339 Strom.
2754 5298 2852 5346 vlt,
2896 5297 2949 5351 p.
2984 5280 3106 5344 750,
3156 5280 3245 5333 tibi
3298 5276 3893 5351 dnarﬂeigcdiderunt.

2315 5353 2582 5416 εὐπειθεῖς
2610 5342 2969 5407 correxerunt
3018 5342 3100 5404 ac
3128 5357 3428 5403 verterunt.
3475 5347 3586 5400 Καὶ
3627 5342 3767 5398 εἶναι
3797 5345 3897 5416 μὲν

2312 5415 2751 5494 cuiv_1tpotépt.ov
2796 5424 2922 5483 τοὺς
2964 5418 3553 5494 δευτέρους-ἀμείνους,
3581 5417 3794 5469 οὐδέπω

2314 5484 2561 5564 ortaest},
2593 5484 2659 5564 ﬁxi
2692 5493 2767 5564 μὴ
2794 5484 3158 5564 ᾁμγησίκᾳξςὸι
3202 5484 3384 5564 celsos
3400 5488 3716 5564 χενὸμενοι2
3756 5484 3897 5564 διξὰ

2316 5563 2416 5644 τῂν
2442 5553 2771 5644 cogit-oplng
2814 5553 3169 5644 grachana:
3190 5553 3611 5642 nmesdﬁmv-rnu
3634 5557 3729 5610 καὶ
3754 5553 3897 5644 se}?

2317 5625 2427 5704 τῶν
2454 5625 2681 5704 ἑχθρῶνζ
2710 5632 2879 5687 Porro
2896 5634 3095 5704 auctor
3128 5625 3553 5704 Recognitionum
3594 5625 3898 5704 impossibi-

2322 5702 2394 5766 tes
2432 5699 2525 5757 eos
2554 5699 2813 5773 appellat.
2856 5702 2946 5771 qui
2986 5712 3204 5771 propter
3236 5700 3604 5773 innocentiam
3637 5699 3761 5749 vit-.c
3794 5709 3897 5749 nec

2321 5768 2673 5830 incursant-ur
2703 5790 2732 5828 a
2758 5768 3116 5836 dilationibus,
3149 5787 3245 5826 nec
3272 5770 3474 5826 morbis
3502 5768 3825 5842 sﬂiiguntur.
