4048 6342
226 367 262 421 ,1
276 368 388 421 533

1465 350 2030 413 RECOGNITIONUM
2068 353 2196 408 LIB.
2236 351 2302 406 γ.

3363 348 3502 406 1356

315 478 406 533 ιν.
438 475 516 531 Ex
544 478 630 534 his
675 493 805 550 ergo
834 478 1090 533 omnibus
1143 477 1438 548 colligitur,
1492 475 1638 545 quod
1666 472 1820 541 origo
1849 476 1893 528 Α
1924 467 2066 521 latur
2092 469 2364 523 bonorum
2395 464 2499 522 sibi
2523 463 2828 520 doctrinam
2879 463 3052 519 fuisse
3103 462 3360 526 delatum,
3411 478 3499 518 re-

229 571 412 625 totius
443 570 568 623 mali
597 570 667 624 ab
689 569 993 640 ignorantia
1017 568 1335 630 descendat,
1371 573 1424 620 et
1456 568 1573 637 ipsa
1607 566 1681 620 sit
1703 579 1820 618 ma.

233 659 419 713 lorum
473 659 720 712 omnium
778 664 994 723 mater,
1043 673 1168 728 quae
1221 656 1434 711 incuria
1486 654 1708 726 quidem
1767 663 1820 708 et

235 748 460 818 ignavia
498 748 760 819 gignitur,
793 749 1120 820 negligentia
1149 763 1280 803 vero
1310 749 1476 802 alitur
1506 754 1560 802 et
1589 752 1819 817 augetur

233 847 406 907 atque
425 840 480 894 in
511 840 767 896 sensibus
792 841 1075 896 hominum
1099 841 1400 903 radicatur,
1427 854 1592 910 quam
1622 839 1666 895 si
1696 839 1819 909 quis

233 928 385 984 forte
413 930 609 987 doceat
643 932 1016 1002 eﬂ'ugandam,
1035 933 1184 986 velut
1236 931 1478 1002 antiquis
1504 939 1561 984 et
1594 931 1820 984 haeredi-

233 1023 401 1077 tariis
427 1023 654 1078 sedibus
681 1025 910 1078 moleste
938 1031 994 1079 et
1043 1022 1394 1094 indignanter
1442 1023 1717 1078 avellitur.
1755 1021 1821 1076 Et

236 1114 368 1170 ideo
389 1116 670 1186 paululum
703 1117 1062 1172 laborandum
1088 1116 1246 1172 nobis
1268 1126 1375 1180 est,
1409 1125 1468 1170 ut
1496 1117 1819 1187 indagantes

233 1205 562 1276 ignorantia;
616 1210 1070 1280 praesumptiones
1124 1211 1369 1265 scientia:
1414 1209 1625 1264 ratione
1664 1224 1820 1264 rese-

236 1313 453 1362 ceruus,
489 1300 544 1354 in
569 1300 654 1354 his
674 1300 945 1372 praecipue
968 1300 1061 1371 qui
1101 1301 1155 1355 in
1188 1301 1465 1372 aliquibus
1512 1301 1697 1356 minus
1729 1317 1820 1355 re-

235 1390 348 1446 ctis
380 1391 732 1461 opinionibus
753 1393 1013 1463 praeventi
1045 1403 1196 1457 sunt,
1232 1409 1331 1464 per
1358 1408 1496 1464 quas
1529 1393 1686 1464 quasi
1717 1394 1821 1462 sub

235 1480 421 1550 specie
451 1481 686 1550 alicujus
705 1482 968 1549 scientiae,
995 1484 1304 1555 ignorantia
1335 1487 1388 1539 in
1413 1485 1495 1540 eis
1523 1485 1820 1541 vehemen-

233 1571 353 1626 tius
387 1573 630 1635 radicata
661 1585 776 1641 est;
830 1575 964 1629 nihil
1011 1578 1159 1632 enim
1211 1577 1431 1647 gravius
1465 1593 1630 1648 quam
1664 1579 1710 1632 si
1766 1578 1819 1633 id

235 1663 386 1733 quod
419 1664 637 1734 ignorat
659 1667 812 1742 quis,
847 1668 991 1723 scire
1022 1685 1082 1724 sc
1112 1669 1322 1732 credat,
1357 1677 1411 1724 et
1439 1668 1697 1726 defendat
1727 1687 1820 1726 ve-

234 1772 362 1811 rum
388 1773 510 1812 esse
533 1757 680 1829 quod
713 1757 912 1816 falsum
947 1769 1052 1825 est,
1111 1761 1258 1831 quod
1309 1762 1421 1817 tale
1443 1773 1546 1825 est,
1579 1763 1742 1833 quale
1771 1765 1817 1819 si

1921 561 2093 630 quirit
2126 561 2386 614 intentius
2434 567 2491 614 et
2535 558 2751 612 discere
2799 570 2910 611 non
2944 553 3169 619 desinit,
3209 568 3502 623 usquequo

1921 660 2244 720 cognoscat,
2274 652 2321 707 si
2352 659 2436 705 est
2460 664 2589 706 vere
2620 649 2765 703 aliud
2795 647 3077 709 saeculum,
3108 647 3165 701 in
3198 660 3307 716 quo
3340 644 3502 700 bonis

1921 746 2141 815 praemia
2170 751 2471 815 praeparata
2502 753 2664 809 sunt;
2688 748 2743 796 et
2781 754 2908 794 cum
2937 747 3123 794 certus
3150 738 3218 793 de
3250 740 3355 793 hoc
3385 738 3501 792 fue-

1920 840 2016 901 rit,
2041 838 2251 909 gratias
2298 851 2468 906 agens
2520 835 2652 898 Deo,
2675 831 2820 903 quod
2870 830 2974 886 sibi
3027 830 3272 886 veritatis
3316 830 3500 884 lumen

1921 931 2253 992 ostenderit,
2277 929 2346 984 de
2375 939 2577 983 caetero
2599 927 2788 997 dirigit
2814 931 2971 979 actus
3001 937 3133 978 suos
3168 922 3222 976 in
3245 921 3501 978 omnibus

1921 1020 2182 1093 cperibus
2207 1019 2402 1081 bonis.
2445 1029 2681 1088 quorum
2711 1015 2814 1069 sibi
2863 1013 2918 1067 in
2974 1011 3161 1067 futuro
3192 1012 3498 1068 mercedem

1920 1121 2108 1168 certus
2137 1119 2232 1167 est
2248 1118 2633 1182 praeparatam,
2665 1121 2765 1179 per
2790 1105 2974 1160 omnia
3004 1104 3280 1160 demirans
3307 1108 3363 1159 et
3384 1111 3502 1159 stu-

1923 1219 2058 1274 pens
2081 1209 2406 1258 ceterorum
2465 1199 2749 1255 hominum
2794 1209 3037 1260 errores,
3085 1202 3142 1250 et
3197 1193 3342 1265 quod
3372 1200 3500 1249 ante

1922 1298 2115 1352 oculos
2162 1294 2399 1366 positam
2425 1292 2711 1348 veritatem
2744 1303 2907 1344 nemo
2932 1286 3134 1342 videat.
3163 1285 3284 1357 ipse
3313 1293 3497 1340 tamen
3533 1289 3536 1292 ί

1927 1387 2169 1459 gaudens
2202 1399 2369 1454 super
2411 1383 2621 1438 divitiis
2667 1379 2951 1452 sapientiae
2983 1393 3122 1449 quas
3153 1377 3378 1442 invenit,
3409 1377 3496 1432 in-

1929 1478 2254 1534 satiabiliter
2289 1479 2374 1531 eis
2419 1475 2628 1546 perfrui
2667 1475 2819 1543 cupit
2848 1480 2902 1527 et
2934 1470 3202 1538 exercitio
3231 1469 3499 1525 bonorum

1922 1573 2148 1641 o'perum
2179 1569 2505 1633 delectatur,
2537 1566 2806 1624 festinans
2853 1564 2922 1619 ad
2968 1562 3228 1621 saeculum
3253 1559 3499 1619 futurum

1921 1666 2130 1721 mundo
2181 1663 2346 1719 corde
2395 1672 2451 1719 et
2505 1677 2642 1733 pura
2689 1661 3027 1717 conscientia
3068 1660 3374 1732 pervenire,
3407 1659 3498 1715 ubi

1922 1757 2086 1812 etiam
2119 1754 2306 1810 videre
2335 1753 2504 1810 Deum
2533 1769 2714 1824 regem
2737 1753 2981 1807 omnium
3013 1751 3206 1822 possit.

234 1847 367 1916 quis
395 1826 580 1906 ebrius
607 1852 850 1908 Sobrium
898 1868 957 1908 se
1004 1826 1156 1924 putet
1204 1861 1258 1908 et
1284 1861 1410 1924 agat
1437 1826 1657 1924 quidem
1682 1870 1820 1909 cun-
1850 1826 1892 1882 Β
1995 1843 2133 1902 Vlll.
2169 1844 2265 1901 His
2295 1853 2474 1899 autem
2499 1843 2754 1898 omnibus
2798 1854 2990 1897 carere
3020 1855 3121 1896 nos
3145 1850 3201 1896 et
3233 1839 3500 1903 fraudari,

233 1945 330 1991 cta
377 1947 435 1992 ut
461 1941 668 2010 ebrius,
721 1943 966 1998 sobrium
1019 1960 1079 2000 se
1116 1952 1297 1998 tamen
1326 1952 1380 2000 et
1430 1944 1546 2016 ipse
1580 1953 1731 2015 putet
1769 1953 1823 2000 et

153 2020 165 2033 ’
235 2029 349 2086 dici
380 2046 410 2085 a
431 2035 643 2089 caeteris
667 2036 817 2089 velit.
852 2035 930 2090 ita
963 2044 1093 2091 sunt
1117 2052 1247 2108 ergo
1277 2045 1332 2090 et
1362 2037 1414 2090 hi
1446 2040 1541 2108 qui
1573 2037 1826 2108 ignoran-

233 2131 324 2180 tes
353 2127 497 2195 quod
533 2143 720 2182 verum
761 2136 867 2192 est,
906 2131 1144 2199 speciem
1179 2140 1361 2185 tamen
1392 2133 1625 2203 alicujus
1649 2132 1824 2189 scien-

231 2219 332 2271 tia:
365 2225 573 2282 tenent,
605 2229 658 2273 et
688 2220 830 2274 mala
864 2220 1020 2291 quasi
1072 2221 1215 2277 bona
1269 2231 1487 2293 gerunt,
1537 2233 1703 2297 atque
1754 2229 1821 2281 ad

232 2312 540 2383 perniciem
571 2315 729 2383 quasi
761 2317 829 2368 ad
863 2315 1095 2369 salutem
1131 2315 1412 2372 festinant.

313 2400 374 2454 V.
406 2401 636 2472 Propter
666 2404 810 2474 quod
844 2417 968 2459 ante
997 2406 1180 2460 omnia
1207 2407 1609 2477 properandum
1644 2419 1729 2465 est
1753 2407 1820 2465 ad

231 2494 566 2564 agnitionem
598 2498 866 2561 veritatis,
905 2505 962 2550 ut
991 2498 1267 2566 possimus
1296 2500 1456 2569 quasi
1485 2501 1690 2554 lumine
1721 2517 1823 2555 no-

234 2582 325 2637 bis
378 2584 502 2640 inde
548 2600 841 2651 succenso,
899 2603 1147 2644 errorum
1199 2591 1456 2646 tenebras
1515 2593 1818 2661 depellere;

232 2675 446 2744 grande
473 2677 618 2730 enim
652 2679 855 2731 malum
905 2687 1011 2740 est,
1053 2688 1110 2733 ut
1169 2680 1427 2746 diximus,
1479 2684 1819 2753 ignorantia;

233 2766 335 2820 sed
369 2768 496 2836 quia
529 2769 899 2823 substantiam
932 2787 1041 2825 non
1075 2771 1260 2837 habet,
1293 2773 1454 2828 facile
1493 2775 1560 2829 ab
1591 2776 1678 2829 his
1725 2778 1820 2845 qui

231 2859 468 2914 studiosi
500 2869 650 2918 sunt.
678 2861 964 2932 eﬂ‘ugatur.
988 2861 1106 2918 Non
1130 2866 1276 2924 enim
1308 2866 1452 2920 aliud
1484 2874 1568 2923 est
1600 2868 1818 2937 quidem

234 2949 568 3019 ignorantia,
600 2953 708 3007 nisi
745 2969 855 3008 non
887 2956 1180 3024 agnovisse
1223 2958 1370 3026 quod
1424 2958 1680 3028 expedit;
1727 2959 1819 3013 tibi

233 3051 419 3096 autem
451 3047 764 3115 ugnoveris,
796 3047 938 3117 perit
965 3049 1296 3119 ignorantia.
1330 3050 1510 3117 Queri
1543 3066 1673 3122 ergo
1696 3066 1813 3106 ma-

1895 1938 2044 1994 =sola
2067 1933 2199 1992 facit
2229 1934 2558 2007 ignorantia.
2609 1932 2746 1988 Dum
2788 1933 2934 1988 enim
2959 1933 3212 2003 ignorant
3250 1931 3502 1984 homines

1925 2037 2192 2102 quantum
2206 2025 2544 2082 bouihabeat
2564 2025 2816 2090 scientia,
2845 2023 3166 2095 ignorantiae
3195 2022 3398 2075 malum
3434 2019 3504 2074 de

1925 2141 1986 2182 se
2013 2140 2124 2180 non
2151 2123 2436 2194 patiuntur
2458 2117 2710 2184 excludi;
2740 2117 2994 2173 nesciunt
3023 2115 3168 2170 enim
3193 2120 3398 2184 quanta
3429 2115 3505 2166 sit

1925 2219 1982 2274 in
2019 2217 2215 2272 horum
2269 2212 2668 2284 permutatione
2718 2209 3033 2263 diversitas.
3078 2206 3306 2276 Propter
3356 2203 3504 2274 quod

1924 2310 2218 2365 consilium
2277 2306 2348 2361 do
2393 2302 2691 2371 unicuique
2736 2301 3081 2362 discentium,
3114 2299 3346 2352 libenter
3373 2311 3507 2366 prr-

1923 2403 2053 2458 bere
2081 2415 2266 2455 aurem
2295 2396 2464 2451 verbo
2489 2394 2604 2463 Dei,
2629 2401 2683 2449 et
2721 2408 2846 2447 etim
2903 2405 3088 2445 amore
3130 2389 3376 2444 veritatis
3398 2404 3500 2441 au-

1925 2497 2042 2550 dire
2073 2509 2194 2565 qua:
2237 2492 2496 2551 dicimus,
2539 2498 2600 2542 ut
2648 2503 2803 2542 mens
2833 2485 3039 2554 optimo
3077 2484 3283 2538 semine
3309 2498 3501 2538 susce-

1924 2597 2039 2660 pto,
2066 2603 2163 2658 per
2198 2586 2372 2640 bonos
2423 2591 2578 2636 actus
2621 2580 2771 2633 laetos
2809 2578 2999 2632 ailerat
3023 2576 3256 2630 fructus.
3289 2574 3422 2630 Nam
3455 2575 3501 2628 si

1924 2697 2012 2736 me
2037 2681 2271 2734 docente
2285 2691 2348 2730 ea
2379 2688 2501 2744 qua:
2542 2672 2609 2726 ad
2666 2671 2894 2724 salutem
2930 2668 3227 2737 pertinent,
3258 2665 3505 2734 recipere

1924 2776 2052 2846 quis
2079 2772 2290 2831 abnuit,
2319 2777 2372 2823 et
2406 2767 2591 2820 animo
2636 2763 2823 2835 pravis
2855 2760 3208 2832 opinionibus
3234 2764 3507 2827 occupato

1923 2866 2196 2920 obsistere
2227 2861 2452 2922 nititur,
2489 2872 2599 2910 non
2631 2869 2696 2908 ex
2735 2853 2926 2914 nobis,
2982 2850 3076 2905 sed
3105 2865 3169 2902 cx
3205 2849 3505 2917 semetipso

1923 2956 2150 3013 habebit
2178 2950 2441 3024 pereundi
2472 2961 2719 3002 causam.
2755 2944 2926 2999 Debet
2953 2942 3098 2998 enim
3119 2941 3270 3010 justo
3295 2940 3504 3008 judicio

1922 3049 2242 3108 examinare
2285 3059 2408 3114 qua:
2428 3042 2684 3102 dicimus,
2738 3047 2794 3092 et
2844 3034 3147 3105 intelligere
3179 3032 3308 3103 quia
3341 3033 3508 3088 verba

234 3149 478 3204 gnopere
506 3136 670 3191 debet
696 3139 943 3195 veritatis
995 3141 1224 3211 agnitio,
1258 3158 1422 3212 quam
1479 3159 1640 3198 nemo
1670 3143 1812 3199 alius
1840 3161 1884 3218 ρ
1917 3145 2198 3215 loquimur
2263 3137 2534 3196 veritatis,
2587 3140 2649 3187 ut
2692 3129 2929 3201 cognitis
2985 3127 3072 3183 his
3121 3141 3244 3196 qua:
3288 3133 3416 3179 sunt
3447 3137 3506 3178 ut

232 3231 418 3293 potest
446 3227 746 3296 assignare,
804 3230 907 3283 nisi
942 3245 1108 3285 verus
1161 3234 1446 3304 propheta.
1501 3232 1627 3288 Haec
1668 3235 1816 3290 enim

232 3323 391 3384 porta
421 3326 506 3371 est
534 3319 659 3372 vitae
702 3319 1012 3377 volentibus
1063 3322 1294 3394 ingredi,
1348 3334 1403 3380 et
1437 3325 1543 3381 iter
1588 3342 1816 3398 operum

229 3403 501 3462 bonorum
531 3413 879 3482 pergentibus
910 3413 975 3468 ad
1006 3414 1280 3470 civitatem
1305 3417 1518 3473 salutis.

309 3497 398 3554 Vl.
434 3500 489 3555 Si
522 3503 649 3572 quis
706 3519 838 3559 sane
891 3505 1120 3563 audiens
1170 3523 1480 3563 sermonem
1524 3509 1641 3565 veri
1687 3525 1818 3582 pro-

233 3590 435 3662 pheta,
483 3595 613 3647 velit
671 3597 917 3664 recipere
972 3606 1067 3651 aut
1098 3599 1256 3665 nolit,
1305 3609 1361 3654 et
1392 3600 1646 3670 amplecti
1673 3617 1815 3657 onus

231 3682 380 3750 ejus,
412 3682 463 3736 id
493 3689 580 3738 est
609 3684 866 3739 mandata
898 3686 1042 3750 vitae,
1078 3688 1240 3744 habet
1281 3689 1338 3744 in
1367 3707 1467 3746 sua
1501 3698 1771 3761 potestate
1798 3708 1813 3758 ;

234 3771 394 3826 liberi
426 3775 572 3828 enim
597 3792 789 3832 sumus
837 3779 1073 3834 arbitrii.
1108 3779 1240 3836 Nam
1275 3782 1320 3837 si
1388 3783 1491 3836 hoc
1536 3790 1704 3848 esset,
1757 3791 1817 3838 ut

234 3865 523 3922 audientes
547 3884 672 3923 cum
699 3870 811 3938 jam
842 3887 952 3927 non
985 3871 1248 3928 haberent
1276 3874 1330 3927 in
1366 3883 1638 3944 potestate
1665 3875 1814 3929 aliud

231 3951 418 4008 facere
444 3971 608 4024 quam
637 3958 946 4026 audierant,
1000 3960 1086 4014 vis
1131 3967 1248 4014 erat
1303 3963 1551 4032 quaedam
1583 3971 1811 4028 naturae,

233 4059 334 4115 per
358 4062 521 4116 quam
554 4049 784 4104 liberum
816 4067 924 4106 non
955 4061 1102 4108 esset
1115 4054 1198 4107 ad
1225 4055 1385 4108 aliam
1411 4057 1649 4126 migrare
1685 4075 1814 4114 scn-

235 4139 489 4194 tentiam.
519 4139 626 4194 Aut
651 4141 698 4195 si
733 4157 928 4198 rursus
957 4159 1024 4199 ex
1080 4146 1431 4202 audientibus
1460 4149 1646 4203 nullus
1694 4165 1814 4204 om-

234 4229 368 4282 nino
393 4233 682 4302 reciperet,
733 4243 788 4288 et
818 4234 922 4289 hoc
967 4247 1178 4292 natura:
1207 4241 1289 4292 vis
1315 4247 1456 4305 erat,
1490 4255 1612 4311 quae
1641 4255 1810 4296 unum

233 4321 438 4392 aliquid
469 4323 589 4378 fieri
635 4335 876 4396 cogeret,
935 4333 992 4384 et
1021 4331 1175 4384 alteri
1225 4333 1368 4402 parti
1400 4347 1509 4388 non
1541 4332 1698 4389 daret
1731 4335 1812 4389 lo-

229 4424 379 4470 cum.
410 4414 567 4471 Nunc
590 4425 770 4474 autem
795 4421 921 4490 quia
947 4421 1178 4477 liberum
1207 4432 1295 4480 est
1324 4424 1529 4490 animo,
1561 4425 1621 4483 in
1644 4443 1806 4498 quam

1919 3247 2072 3300 smt.
2107 3245 2163 3292 et
2196 3234 2253 3288 in
2287 3231 2448 3287 bonis
2491 3226 2708 3281 actibus
2749 3223 2996 3292 dirigens
3026 3219 3194 3273 vitam
3224 3233 3403 3280 suam,
3427 3232 3508 3270 re-

1916 3334 2011 3405 gni
2041 3329 2306 3385 cmlorum
2338 3320 2516 3393 possit
2567 3316 2843 3388 particeps
2887 3311 3144 3374 inveniri,
3191 3309 3506 3405 subiiciens

1920 3401 2027 3481 sibi
2065 3419 2249 3476 carnis
2281 3412 2577 3473 desideria,
2603 3416 2660 3463 et
2689 3406 2949 3462 dominus
2973 3418 3165 3458 eorum
3197 3401 3395 3462 factus,
3445 3408 3507 3452 ut

1918 3517 1996 3572 ita
2025 3515 2244 3569 demum
2267 3508 2431 3564 etiam
2463 3505 2581 3574 ipse
2610 3500 2703 3554 fiat
2753 3495 3118 3554 dominatoris
3149 3493 3395 3549 omnium
3421 3491 3505 3560 ju-

1917 3607 2096 3663 cunda
2125 3599 2425 3674 possessio.

1991 3697 2082 3753 ιχ.
2106 3695 2240 3750 Nam
2258 3691 2353 3762 qui
2387 3689 2668 3758 permanet
2686 3682 2739 3735 in
2767 3680 2912 3734 malo
2935 3686 2988 3734 et
3018 3693 3214 3734 servus
3244 3682 3327 3731 est
3351 3674 3500 3739 mali,

1918 3807 2028 3847 non
2059 3793 2240 3860 potest
2279 3780 2418 3838 ellici
2459 3777 2640 3850 portio
2695 3775 2846 3835 boni,
2899 3772 3074 3826 donec
3128 3774 3408 3840 permanet
3445 3768 3500 3820 in

1917 3883 2084 3944 malo,
2116 3880 2244 3950 quia
2275 3875 2344 3930 ab
2385 3871 2564 3934 initio,
2589 3875 2649 3922 ut
2694 3875 2833 3943 ante
2874 3863 3138 3923 diximus,
3186 3860 3296 3914 duo
3330 3874 3499 3950 regna

1917 3973 2112 4030 statuit
2139 3949 2303 4030 Deus,
2345 3973 2400 4022 et
2441 3967 2768 4035 potestatem
2799 3955 2949 4011 dedit
2996 3952 3294 4021 unicuique
3324 3949 3502 4004 homi-

1915 4072 2070 4126 num,
2096 4069 2157 4115 ιιι
2186 4060 2333 4113 illius
2369 4053 2523 4124 regni
2558 4049 2650 4105 fiat
2678 4047 2881 4119 portio,
2918 4044 3009 4097 cui
3056 4056 3120 4122 se.
3145 4038 3212 4094 ad
3236 4037 3500 4093 obedien-

1914 4155 2045 4211 tium
2079 4153 2196 4224 ipse
2231 4146 2554 4216 subjccerit.
2607 4141 2674 4197 Et
2706 4138 2835 4210 quia
2884 4133 3168 4188 definitum
3222 4140 3310 4186 est
3353 4131 3500 4202 apud

1912 4245 2108 4311 Deum,
2140 4261 2249 4300 non
2289 4254 2450 4314 posse
2501 4251 2670 4292 unum
2711 4230 2988 4288 hominem
3023 4226 3309 4295 utriusque
3340 4228 3496 4295 regni

1911 4351 2033 4394 esse
2063 4349 2305 4398 servum,
2331 4331 2480 4387 omni
2529 4327 2712 4384 studio
2747 4324 2874 4377 date
2899 4331 3144 4388 operam,
3173 4317 3230 4371 in
3255 4316 3382 4372 boni
3411 4331 3499 4369 re-

1914 4433 1998 4502 gis
2028 4428 2209 4484 ftedus
2245 4441 2309 4480 ac
2330 4405 2457 4496 jura
2486 4430 2840 4474 concurrere.
2863 4412 3095 4482 Propter
3123 4411 3230 4502 hoc
3256 4408 3497 4477 denique

229 4507 360 4560 velit
387 4518 594 4578 partem
618 4511 892 4569 declinare
917 4513 1182 4583 judicium
1209 4523 1462 4583 suum,et
1488 4518 1651 4588 quam
1683 4529 1808 4591 pro-
1838 4500 1884 4556 Ῑ)
1913 4500 2078 4574 vertis
2127 4515 2390 4588 propheta
2439 4527 2564 4567 cum
2615 4517 2763 4565 esset
2817 4519 3060 4576 praesens
3107 4500 3413 4560 nobiscum.
3440 4507 3499 4553 et

230 4599 441 4674 harerit
462 4603 664 4675 eligere
685 4605 848 4669 viam,
868 4615 1087 4662 constat
1116 4607 1398 4666 evidenter
1427 4611 1611 4667 inesse
1632 4611 1810 4666 homi-

229 4691 392 4748 uibus
423 4694 634 4748 arbitrii
676 4695 1001 4753 libertatein.

306 4804 412 4860 vn.
441 4789 611 4876 igitur
639 4807 960 4878 priusquam
1016 4810 1205 4866 audiat
1232 4813 1358 4882 quis
1389 4814 1534 4884 quod
1565 4816 1614 4870 ei
1645 4832 1812 4889 expe-

223 4896 331 4960 dit,
363 4907 575 4952 certum
604 4907 689 4954 est
717 4901 844 4969 quia
897 4902 1137 4971 ignorat,
1191 4912 1247 4958 et
1301 4905 1561 4976 ignorans
1609 4908 1722 4962 vult
1754 4919 1810 4964 et

226 4989 505 5074 desiderat
531 4992 676 5062 quod
721 5009 829 5048 non
887 4996 1104 5063 expedit
1162 5012 1342 5068 agere,
1399 5009 1625 5071 propter
1661 5003 1807 5074 quod

228 5073 330 5157 pro
362 5084 465 5138 hoc
493 5086 920 5155 nonjudicatur.
959 5090 1096 5145 Cum
1151 5107 1280 5148 vero
1335 5092 1574 5148 audierit
1607 5109 1806 5152 Causas

227 5178 436 5250 erroris
466 5181 578 5243 sui,
607 5188 663 5234 et
693 5182 960 5237 rationem
991 5184 1242 5240 veritatis
1263 5188 1558 5256 acceperit,
1590 5195 1721 5245 tunc
1756 5190 1803 5244 si

226 5272 590 5343 permanserit
622 5273 675 5325 in
709 5273 795 5327 his
841 5274 1125 5329 erroribus
1155 5276 1356 5346 quibus
1391 5277 1596 5332 dudum
1626 5278 1804 5334 fuerat

226 5353 558 5437 praeventus,
589 5371 738 5418 recte
762 5363 876 5432 jam
903 5366 1190 5421 vocabitur
1219 5368 1285 5422 ad
1305 5368 1576 5438 judicium
1609 5386 1801 5442 pinnas

223 5452 477 5520 daturus,
507 5469 610 5509 cur
636 5455 760 5510 vita:
781 5455 904 5525 ejus
951 5459 1188 5527 spatium
1222 5460 1373 5531 quod
1423 5463 1494 5518 ad
1527 5463 1664 5520 bene
1716 5467 1799 5521 vi-

222 5543 459 5598 vendum
502 5545 734 5614 accepit,
764 5546 819 5601 in
868 5547 1120 5607 ludibriis
1153 5554 1499 5624 consumpsit
1523 5572 1794 5615 errorum.

223 5633 328 5703 Qui
361 5651 490 5691 vero
521 5637 751 5693 audiens
790 5637 909 5695 haec
968 5643 1198 5700 libenter
1244 5647 1464 5717 accipit,
1518 5657 1570 5704 et
1605 5661 1796 5722 gratu-

327 5858 374 5893 ιι
403 5858 594 5919 Matth.
627 5880 698 5933 vi,
723 5864 810 5920 ei.

1914 4609 2182 4681 quosdam
2209 4621 2277 4661 ex
2317 4602 2580 4658 divitibus
2606 4599 2943 4670 negligentes
2995 4607 3124 4662 erga
3149 4591 3241 4647 Dei
3285 4591 3494 4681 cultum

1915 4679 2147 4757 videret.
2201 4695 2368 4766 hujus
2427 4694 2506 4748 rei
2571 4694 2644 4746 ita
2692 4690 2910 4760 aperuit
2940 4689 3264 4743 veritatem:
3325 4679 3493 4735 Nemo

1915 4802 2106 4861 potest,
2141 4790 2336 4861 inquit,
2362 4787 2565 4842 duobus
2609 4783 2838 4837 dominis
2865 4782 3088 4841 servire,
3119 4791 3224 4832 non
3275 4774 3492 4874 potestis

1917 4883 2026 4939 Deo
2055 4883 2246 4937 sarcire
2275 4889 2322 4934 et
2371 4890 2689 4932 mammona:
2726 4873 2806 4940 ¹⁶;
2856 4882 3166 4927 mammona
3194 4871 3367 4936 patria
3398 4877 3493 4916 co»

1914 4989 2036 5030 rum
2065 4988 2193 5029 voce
2216 4972 2439 5028 divitias
2465 4984 2692 5026 vocans.

1985 5107 2052 5164 Χ.
2085 5107 2184 5163 llic
2227 5123 2359 5178 ergo
2397 5114 2486 5161 est
2532 5120 2696 5160 verus
2735 5102 3022 5175 propheta,
3061 5101 3153 5171 qui
3213 5099 3266 5152 in
3299 5093 3488 5151 Indica

1913 5201 2071 5255 nobis
2098 5199 2354 5270 apparuit
2376 5204 2438 5252 ut
2471 5195 2738 5261 audistis;
2777 5193 2872 5264 qui
2920 5199 3074 5248 stans
3102 5187 3320 5260 publice
3370 5185 3489 5241 sola

1904 5293 2160 5364 jussione
2211 5290 2450 5346 faciebat
2477 5303 2656 5344 cacas
2683 5285 2889 5348 videre,
2922 5283 3122 5340 surdos
3165 5279 3376 5341 audire,
3409 5277 3490 5331 fu-

1905 5385 2070 5456 gabat
2102 5384 2400 5449 daemones,
2444 5381 2605 5454 agris
2648 5379 2938 5434 sanitatem
2974 5372 3236 5430 reddebat
3264 5376 3320 5426 et
3345 5383 3489 5424 mor-

1905 5477 2016 5532 tuis
2042 5476 2229 5532 vitam.
2248 5477 2500 5547 Cumque
2525 5473 2661 5530 nihil
2685 5471 2737 5527 ei
2759 5476 2906 5526 esset
2932 5463 3291 5537 impossibile.
3316 5460 3482 5517 etiam

1905 5567 2268 5638 cogitationes
2300 5566 2585 5622 hominum
2639 5559 2994 5637 pervidebat,
3039 5555 3186 5627 quod
3235 5552 3369 5608 nulli
3395 5556 3484 5604 est

1905 5657 2168 5729 possibile
2229 5657 2336 5713 nisi
2383 5657 2484 5714 soli
2542 5654 2670 5711 Deo.
2709 5651 2811 5707 llic
2854 5646 3200 5706 auuuntiavit
3249 5655 3480 5714 regnum
