4078 6336
631 363 774 420 €353

1477 359 1514 415 S
1551 359 1941 415 CLEMERTIS
1969 361 1986 414 Ι
2019 359 2190 415 ROM.
2232 360 2433 416 ΡΟΝῙ.
2457 359 2682 413 OPERA
2723 359 2947 418 DUBIA.

3737 360 3878 417 ίπιῖ

628 476 746 541 Dei,
774 481 861 533 cui
885 495 984 534 nos
1005 479 1073 534 de
1093 479 1347 538 omnibus
1377 493 1497 546 qua:
1519 477 1752 540 dicebat,
1787 485 2046 546 tanquam
2074 491 2198 531 vero
2225 487 2270 537 Α
2303 477 2419 547 ipse
2439 477 2600 542 dixit,
2638 477 2767 550 quia
2803 477 3183 548 unusquisque
3213 478 3361 534 illius
3389 478 3446 532 ﬁt
3470 492 3664 532 servus
3687 477 3777 532 cui
3817 493 3878 532 se

629 572 906 640 prophetas
929 570 1201 627 credimus
1220 612 1236 635 .
1265 569 1577 624 ﬁrmitatem
1605 568 1727 622 ﬁdei
1757 577 1956 622 nostrae
1973 584 2082 622 non
2108 584 2197 623 so-

627 663 738 718 lum
760 677 830 717 es
853 661 1034 718 verbis
1059 663 1202 730 ejus.
1226 661 1322 718 sed
1347 669 1404 714 et
1432 676 1498 715 ex
1538 660 1797 729 operibus
1824 670 2193 723 assumentes.

627 753 758 821 quia
777 761 834 806 et
868 753 1012 807 dicta
1044 753 1199 822 legis,
1223 768 1344 822 qua:
1360 760 1486 806 ante
1513 753 1710 805 inultas
1734 753 2109 820 generationes
2129 753 2196 808 de

627 847 917 912 ptasentia
938 845 1060 914 ejus
1073 853 1462 913 esposuerant,
1487 844 1543 898 in
1571 845 1691 912 ipso
1713 843 2192 913 consignabantur,

619 943 680 990 et
706 936 967 1005 imagines
990 945 1266 1006 gestorum
1295 936 1461 1008 Moysi
1488 944 1543 994 et
1592 943 1716 990 ante
1752 936 1926 1004 ipsum
1959 936 2195 1005 patriar-

620 1027 741 1085 cita:
760 1027 952 1091 Jacob,
982 1029 1155 1098 ipsius
1179 1044 1273 1097 per
1315 1029 1495 1087 omnia
1524 1039 1708 1098 typum
1741 1027 2008 1082 ferebant.
2039 1025 2196 1082 Teni-

620 1132 728 1185 pus
752 1132 969 1186 quoque
1001 1119 1268 1174 adventus
1290 1117 1436 1186 ejus,
1489 1116 1590 1172 hoc
1617 1125 1726 1180 est,
1778 1118 1954 1186 ipsum
1999 1118 2053 1173 in
2085 1134 2194 1186 quo

624 1217 868 1272 venerat,
900 1207 1218 1276 (.adictum
1252 1208 1321 1266 ab
1344 1208 1424 1269 eis
1459 1216 1700 1265 constat.
1734 1217 1787 1261 et
1818 1224 1982 1277 super
2007 1211 2192 1266 omnia

619 1301 767 1367 quod
786 1309 933 1355 esset
980 1315 1009 1352 a
1051 1300 1304 1370 gentibus
1326 1299 1725 1370 exspectandus
1746 1339 1760 1362 ,
1795 1301 1966 1354 sacris
1997 1301 2192 1359 litteris

618 1393 1073 1461 (etiiprehensum
1104 1398 1210 1455 est,
1243 1405 1366 1461 qua:
1385 1391 1439 1445 in
1467 1405 1530 1444 eo
1553 1389 1758 1459 pariter
1784 1391 2036 1446 universa
2049 1406 2194 1447 como

623 1464 764 1551 picta
784 1489 932 1540 sunt.

695 1569 786 1626 XI.
830 1570 986 1636 Quod
1029 1578 1210 1624 autem
1266 1567 1575 1624 Judaiorum
1627 1569 1894 1640 propheta
1941 1566 2191 1636 praedixit

620 1678 743 1716 eum
767 1678 798 1717 a
828 1663 1082 1733 gentibus
1111 1661 1536 1730 exspectandum
1578 1660 1642 1723 ",
1690 1675 1854 1728 snpra
1886 1658 2105 1713 modum
2135 1659 2188 1712 in

619 1769 684 1806 eo
713 1752 868 1808 ﬁdem
906 1754 1016 1807 veri
1045 1751 1350 1806 conﬁrmat.
1381 1750 1436 1805 Si
1485 1750 1629 1804 enim
1674 1751 1904 1805 dixisset
1930 1765 1958 1802 a
1985 1750 2188 1804 Iudaeis

2301 568 2419 639 ipse
2443 569 2738 636 subiecerit
2763 568 2826 624 “.

2368 658 2824 730 Xlll..Propterea
2853 676 2984 730 ergo
3003 661 3272 732 evigilate.
3287 671 3339 715 et
3362 659 3647 715 Dominum
3671 659 3872 714 Deum-

2295 766 2402 819 que
2429 757 2677 804 nostrum
2717 749 2871 806 vobis
2903 751 3186 812 ascribite,
3227 748 3514 804 Dominum
3540 750 3634 818 qui
3667 759 3722 802 et
3742 747 3871 804 coeli

2296 858 2360 897 ac
2378 851 2538 898 terra:
2562 842 2822 899 Dominus
2846 852 2954 906 est,
2985 853 3037 898 et
3060 843 3127 897 ad
3155 841 3329 913 ipsius
3369 858 3468 898 vos
3492 841 3778 910 imaginem
3804 855 3871 894 ac

2291 935 2706 992 similitudinem
2733 934 3050 999 reformate,
3078 934 3221 989 sicut
3250 934 3367 1003 ipse
3389 950 3554 993 verus
3601 932 3871 1004 prapheta

2291 1029 2477 1091 docet,
2532 1027 2760 1082 dicens:
2808 1025 2990 1080 Estote
3017 1024 3373 1082 misericordes
3418 1027 3555 1080 sicut
3593 1036 3642 1080 et
3701 1023 3872 1078 Pater

2296 1127 2458 1173 uester
2480 1115 2702 1170 celestis
2757 1117 3053 1169 misericors
3082 1123 3182 1179 est,
3227 1116 3320 1185 qui
3363 1115 3493 1168 oriri
3525 1115 3656 1183 facit
3699 1114 3870 1168 solem

2293 1227 2443 1264 suum
2471 1225 2626 1278 super
2649 1208 2811 1262 bonos
2841 1219 2890 1262 et
2921 1210 3112 1271 malos,
3143 1218 3194 1263 ct
3230 1207 3364 1276 pluit
3405 1223 3562 1275 super
3585 1207 3762 1276 justas
3813 1216 3868 1262 et

2294 1299 2514 1367 injustas
2544 1298 2607 1350 ⁸⁹.
2635 1295 2790 1350 Hunc
2817 1304 2950 1367 ergo
2967 1297 3254 1352 imitamini
3277 1309 3329 1352 et
3352 1297 3496 1351 hunc
3524 1297 3734 1362 timete,
3757 1298 3869 1350 sic-

2293 1397 2351 1443 ut
2387 1387 2701 1440 mandatum
2750 1385 2911 1438 datur
2963 1385 3315 1442 hominibus:
3365 1385 3651 1440 Dominum
3695 1384 3868 1440 Deum

2295 1493 2438 1537 tuum
2469 1479 2740 1540 adorabis,
2763 1485 2813 1527 et
2842 1477 2943 1546 ipsi
2969 1479 3072 1531 soli
3122 1479 3313 1551 servies
3348 1478 3414 1534 ³³.
3449 1476 3681 1548 Expedit
3716 1479 3867 1531 enim

2292 1575 2445 1628 vobis
2485 1573 2612 1628 huic
2662 1571 2756 1625 uni
2791 1569 3019 1623 Domino
3066 1570 3294 1631 servire,
3342 1576 3402 1623 ut
3430 1583 3525 1638 per
3569 1567 3870 1637 ipsumoo-

2292 1673 2612 1736 gnoscentes
2658 1681 2826 1718 unum
2887 1663 3078 1728 Deum,
3114 1677 3143 1714 a
3189 1660 3378 1715 multis
3405 1676 3545 1729 quos
3595 1659 3870 1714 inutiliter

2295 1756 2589 1817 timebatis,
2613 1755 2942 1812 liheremini.
2985 1751 3087 1818 Qui
3111 1752 3254 1807 enim
3292 1762 3595 1806 creatorem
3620 1752 3868 1806 omnium

618 1846 1067 1914 exspectandum,
1121 1861 1231 1898 non
1277 1843 1481 1912 aliquid
1529 1843 1789 1900 eximium
1834 1844 2188 1913 prophetasse
2220 1829 2260 1882 Β
2292 1863 2398 1902 non
2432 1849 2582 1902 timet
2606 1847 2796 1911 Deum,
2831 1846 2927 1902 sed
2968 1861 3066 1900 eos
3095 1845 3248 1899 timet
3277 1858 3420 1916 quos
3461 1845 3578 1912 ipse
3607 1843 3870 1898 manibus

617 1940 913 2000 videretur.
944 1938 1094 2008 quod
1138 1951 1168 1989 a
1215 1937 1508 1995 contribuli
1558 1937 1756 2006 populo
1790 1947 1844 1993 et
1894 1953 1922 1990 a
1967 1939 2187 2008 propria

621 2039 782 2099 gente
823 2038 1137 2099 speraretur
1184 2029 1263 2092 is,
1309 2029 1470 2096 cujus
1518 2028 1785 2084 adventus
1841 2029 1907 2084 ad
1955 2030 2186 2084 salutem

616 2121 1013 2178 scutuliiuerat
1061 2120 1458 2190 repromissus;
1509 2120 1784 2175 videretur
1825 2121 1973 2176 enim
2017 2121 2190 2192 magis

613 2213 1020 2282 consequentia:
1049 2217 1189 2267 ratio
1216 2227 1360 2274 esse,
1387 2219 1446 2264 ut
1463 2210 1564 2265 hoc
1592 2211 1763 2274 ﬁeret,
1788 2227 1952 2279 quam
1978 2212 2189 2282 magni-

617 2303 830 2358 ﬁcentia
865 2302 1218 2373 prophetalis.
1241 2301 1399 2356 Nunc
1423 2313 1603 2356 autem
1628 2317 1752 2358 cum
1786 2303 2064 2372 propheta:
2100 2303 2184 2357 di-

613 2404 768 2457 cunt,
797 2409 1014 2450 omnem
1063 2394 1208 2448 illam
1255 2410 1404 2464 spem
1430 2410 1552 2462 qua:
1599 2394 1664 2448 de
1691 2395 1867 2450 salute
1893 2396 2080 2449 mundi
2109 2413 2185 2452 re-

613 2487 975 2555 promittitur,
1004 2493 1060 2540 et
1083 2486 1376 2540 novitatem
1402 2486 1549 2555 regni
1575 2503 1695 2555 qua:
1729 2487 2064 2542 instituenda
2091 2505 2187 2558 per

611 2579 893 2636 Christum
939 2586 1042 2641 est,
1072 2587 1234 2647 atque
1282 2579 1464 2632 omnia
1507 2595 1628 2648 quae
1657 2578 1723 2633 de
1751 2595 1816 2632 eo
1853 2579 2180 2642 indicantur,

613 2674 682 2727 ad
711 2681 904 2745 gentes
945 2687 1070 2727 esse
1123 2670 1526 2736 transferenda,
1567 2671 1676 2739 jam
1733 2686 1839 2725 non
1883 2670 2182 2725 secundum

613 2764 1065 2835 consequentiam
1119 2779 1322 2824 rerum,
1357 2762 1452 2818 sed
1499 2762 1800 2817 incredibili
1829 2761 2064 2831 quodam
2090 2777 2183 2816 va-

612 2857 950 2912 ticinationis
999 2863 1196 2916 eventu
1249 2853 1650 2925 magniﬁcentia
1708 2855 2022 2924 prophetica
2060 2870 2187 2909 cou-

613 2951 881 3003 tirmatur.
907 2947 1078 3004 Judzi
1126 2963 1361 3016 namque
1391 2963 1458 3002 es
1496 2947 1648 3000 initio
1679 2946 1865 3000 adfore
1892 2947 2184 3015 aliquando

611 3037 757 3090 hunc
794 3037 968 3090 virum
1019 3052 1114 3106 per
1161 3051 1320 3105 quem
1369 3043 1566 3089 cuncta
1616 3044 2036 3105 mpararentur,
2085 3052 2181 3091 ve-

2289 1941 2408 1995 suis
2453 1939 2612 2000 fecit,
2654 1939 2783 2008 quid
2845 1939 2951 1992 nisi
2998 1953 3140 1993 vano
3184 1947 3240 1991 et
3281 1935 3462 1989 inutili
3501 1936 3868 2004 semetipsum

2289 2032 2584 2087 obnoxium
2609 2031 2738 2084 facit
2774 2029 2992 2082 timori?
3024 2028 3382 2096 vilioremque
3411 2041 3472 2080 se
3518 2033 3575 2079 et
3596 2025 3870 2093 ahjectio-

2290 2138 2403 2178 rem
2425 2122 2602 2177 reddit
2627 2137 2789 2190 quam
2821 2127 2950 2174 sunt
3003 2118 3094 2171 illa
3140 2118 3281 2188 ipsa,
3329 2130 3562 2186 quorum
3607 2115 3868 2167 timorem

2288 2222 2468 2270 mente
2490 2215 2756 2284 concepit.
2784 2211 2926 2277 Quin
2957 2210 3138 2281 potius
3166 2225 3262 2279 per
3294 2209 3593 2263 bonitatem
3621 2207 3745 2276 ejus
3769 2204 3868 2274 qui

2288 2306 2612 2368 vosinvitat,
2640 2305 2810 2359 redite
2841 2304 2907 2357 ad
2952 2303 3187 2371 priorem
3218 2299 3558 2354 nobilitatem
3600 2305 3866 2362 vestram,

2283 2407 2339 2452 et
2383 2411 2449 2450 ex
2481 2395 2640 2450 bonis
2681 2394 2919 2455 actibus,
2977 2390 3125 2465 quod
3171 2391 3344 2462 ipsius
3385 2389 3654 2445 creatoris
3694 2386 3868 2443 vestri

2288 2490 2574 2559 imaginem
2598 2488 2846 2560 portetis,
2875 2486 3173 2548 ostendite,
3197 2496 3256 2539 ut
3283 2501 3350 2539 es
3396 2482 3868 2551 contemplatione

2285 2581 2662 2636 similitudinis
2717 2580 2895 2650 ipsius
2948 2579 3117 2634 etiam
3179 2577 3275 2633 ﬁlii
3331 2577 3453 2649 ejus
3505 2590 3630 2632 esse
3670 2573 3868 2628 creda-

2283 2674 2438 2728 ntini.
2929 2691 2932 2694 '

2354 2761 2493 2818 XIV.
2526 2763 2753 2832 incipite
2781 2775 2912 2831 ergo
2933 2777 2965 2817 a
3001 2759 3258 2816 sensibus
3277 2759 3476 2813 vestris
3507 2757 3744 2826 abjioere
3768 2773 3867 2810 va-

2283 2873 2384 2912 nas
2409 2857 2679 2911 idolorum
2707 2857 2921 2927 species
2942 2865 3105 2924 atque
3129 2853 3357 2910 inutiles
3394 2862 3449 2908 et
3478 2853 3671 2908 inanes
3705 2853 3870 2906 timo-

2284 2965 2392 3011 res,
2445 2959 2502 3003 ut
2557 2948 2719 3003 simul
2761 2949 2922 3002 etiam
2967 2945 3340 3001 conditionem
3385 2945 3611 3016 possitis
3658 2945 3869 3013 iniqua:

2283 3041 2564 3103 servitutis
2585 3038 2838 3108 cﬁ‘ugere.
2869 3037 3080 3091 Domini
3106 3037 3308 3091 etenim
3333 3037 3502 3092 vestri
3525 3036 3704 3092 eﬁ‘ecti
3731 3043 3869 3090 sunt

612 3128 829 3181 rissima
851 3126 1143 3183 traditione
1171 3137 1548 3198 susceperant,
1573 3137 1627 3181 et
1647 3127 1893 3196 quotidie
1916 3128 2182 3185 meditan-
2207 3159 2250 3218 ο
2285 3136 2382 3198 illi,
2400 3135 2493 3203 qui
2526 3150 2592 3188 ne
2618 3133 2760 3186 servi
2784 3130 3003 3202 quidem
3022 3131 3184 3186 utiles
3211 3132 3365 3186 vobis
3381 3147 3505 3186 esse
3528 3131 3864 3201 potuissmt.

613 3227 696 3269 tes
716 3231 779 3269 ac
813 3216 1214 3286 prospicientes
1235 3256 1250 3280 ,
1306 3217 1527 3286 quando
1555 3216 1676 3284 ejus
1709 3215 1860 3271 ﬁeret
1892 3217 2176 3282 adventus,

613 3309 704 3362 ubi
743 3308 936 3365 adesse
963 3324 1087 3362 eum
1114 3308 1368 3363 viderunt
1393 3318 1447 3363 et
1471 3310 1625 3379 signa
1658 3325 1721 3363 ac
1747 3309 2014 3380 prodigia,
2041 3311 2183 3368 sicut

611 3404 678 3453 de
709 3417 775 3456 eo
797 3402 1059 3470 scriptum
1087 3400 1267 3455 luerat
1287 3440 1301 3462 ,
1329 3401 1737 3470 adimplentem,
1775 3403 1975 3458 invidia
2009 3418 2183 3459 excie-

613 3493 718 3545 i-ati
744 3507 1036 3560 agnoscere
1056 3494 1418 3561 nequiverunt
1447 3499 1789 3564 praesentem,
1820 3495 1872 3548 in
1903 3495 2061 3564 cujus
2083 3511 2180 3565 spe

616 3585 934 3638 laetabantur
959 3585 1234 3650 absentis;
1273 3584 1636 3639 intelleximus
1675 3593 1854 3642 tamen
1887 3588 2044 3656 pauci
2079 3604 2179 3644 nos

614 3678 705 3744 qui
750 3677 820 3731 ab
838 3691 904 3729 eo
925 3675 1086 3732 electi
1117 3690 1328 3730 sumus.

690 3767 800 3823 ΧΠ.
831 3767 944 3821 Hoc
973 3776 1152 3820 autem
1195 3765 1534 3835 providentia
1599 3765 1693 3821 Dei
1728 3765 1933 3820 factum
1975 3777 2078 3831 est,
2125 3777 2182 3823 ut

616 3862 818 3930 agnitio
842 3858 968 3914 boni
1010 3859 1174 3926 hujus
1206 3860 1370 3912 etiam
1393 3858 1650 3928 gentibus
1680 3858 2010 3924 traderetur,
2041 3867 2094 3915 et
2126 3861 2179 3914 hi

614 3955 707 4024 qui
738 3968 1015 4023 nunquam
1040 3952 1107 4007 de
1141 3967 1206 4008 eo
1231 3951 1518 4006 audierant
1570 3968 1671 4006 inec
1709 3968 1742 4007 a
1795 3953 2074 4023 prophetis
2097 3955 2184 4007 di-

615 4048 882 4109 dicerant,
909 4054 1266 4115 agnoscerent
1287 4059 1434 4108 eum,
1473 4043 1548 4097 illi
1578 4058 1707 4097 vero
1731 4045 1821 4113 qui
1849 4044 2182 4112 quotidianis

617 4140 1066 4196 meditationibus
1095 4145 1452 4207 agnoverant,
1494 4137 1829 4206 ignorarent.
1866 4137 2000 4191 Ecce
2036 4139 2180 4192 enim

619 4249 713 4304 per
737 4247 832 4285 vos
855 4246 1001 4284 nunc
1023 4228 1116 4297 qui
1139 4235 1436 4296 prasentes
1458 4226 1592 4281 estis
1611 4267 1625 4286 .
1655 4235 1707 4283 et
1735 4227 2059 4281 desideratis
2083 4242 2179 4280 auo

616 4326 734 4380 dire
755 4322 1060 4377 doctrinam
1088 4319 1206 4373 iidei
1232 4318 1352 4386 ejus
1375 4329 1428 4372 et
1473 4332 1769 4387 agnoscere
1791 4318 1935 4387 quis,
1977 4327 2030 4372 et
2070 4335 2180 4389 quo

618 4417 799 4475 modo.
829 4422 881 4467 et
904 4413 1083 4481 qualis
1107 4411 1177 4462 sit
1202 4409 1322 4478 ejus
1366 4408 1630 4464 adventus
1649 4448 1663 4469 ,
1695 4410 2010 4479 prophetica
2036 4411 2171 4464 veri~

616 4517 702 4560 tas
750 4504 1093 4571 adimplezur.
1137 4499 1249 4553 lloc
1291 4507 1374 4553 est
1421 4500 1565 4552 enim
1608 4499 1750 4568 quod
1811 4501 2176 4570 prmdixerunt
2210 4494 2251 4548 Ῑ)

619 4599 915 4668 prophetae,
941 4593 1072 4662 quia
1103 4607 1133 4644 a
1159 4591 1314 4645 vobis
1350 4591 1679 4658 quaarendus
1719 4601 1884 4654 esset,
1909 4595 1999 4661 qui
2027 4594 2091 4647 de
2115 4611 2179 4649 eo

617 4701 896 4754 nunquam
933 4682 1168 4736 audistis
1186 4682 1248 4735 ³⁰.
1283 4679 1347 4733 Et
1375 4681 1496 4734 ideo
1516 4679 1763 4735 videntes
1787 4682 1838 4733 in
1866 4683 2019 4736 vobis
2047 4684 2179 4752 ipsis

620 4772 934 4842 prophetica
963 4769 1111 4822 dicta
1143 4768 1424 4837 compleri,
1455 4768 1580 4822 huic
1627 4769 1719 4823 uni
1768 4779 1913 4824 recte
1934 4773 2178 4836 creditis,

619 4866 763 4920 hunc
789 4872 933 4918 recte
978 4861 1329 4930 exspectatis,
1357 4859 1425 4913 de
1480 4859 1582 4913 hoc
1614 4873 1762 4914 recte
1790 4863 2086 4932 inquiritis,
2125 4877 2180 4920 ut

619 4972 725 5011 non
749 4955 924 5008 solum
959 4952 1285 5022 exspectetis
1315 4967 1461 5012 eum,
1491 4953 1586 5006 sed
1617 4961 1670 5006 et
1701 4953 2069 5009 haereditatem
2090 4974 2176 5011 re-

619 5049 708 5120 gni
749 5048 869 5116 ejus
889 5047 1172 5100 credentes
1218 5045 1648 5113 conscquamini.
1703 5048 2001 5102 secundum
2034 5051 2178 5118 quod

690 5203 733 5234 "
759 5201 894 5257 Gen.
921 5217 1063 5266 stis,
1093 5203 1176 5258 i0.
1254 5204 1297 5235 '°
1325 5201 1427 5257 lsa.
1462 5218 1584 5266 va,
1617 5203 1668 5257 i.

622 5273 810 5327 Matth.
847 5288 918 5338 tv,
955 5273 1038 5329 ll).

1746 5205 1788 5235 “
1816 5204 1970 5260 Joan.
2005 5223 2124 5271 vm,
2156 5209 2242 5263 Si.

2282 3225 2562 3295 Quomodo
2592 3224 2736 3278 enim
2769 3224 3065 3280 simulacra
3108 3223 3362 3278 exanima
3394 3225 3478 3278 vel
3520 3223 3588 3277 ad
3618 3223 3865 3277 servitu-

2283 3326 2387 3370 tem
2423 3314 2579 3369 vobis
2610 3315 2925 3367 viderentur
2963 3313 3182 3376 idonea,
3218 3329 3343 3367 cum
3388 3330 3566 3385 neque
3606 3314 3864 3377 audiant,

2284 3424 2456 3476 neque
2479 3407 2718 3467 videant,
2764 3420 2942 3475 neque
2986 3405 3191 3474 aliquid
3236 3407 3516 3461 sentiant?
3558 3405 3665 3461 nisi
3712 3404 3865 3474 quod

2284 3501 2398 3570 ipsa
2425 3499 2614 3552 saltem
2637 3498 2866 3551 materia
2892 3511 2955 3550 ex
2977 3511 3085 3568 qua
3105 3497 3250 3551 facta
3268 3505 3421 3558 .sunt,
3447 3498 3561 3552 sive
3587 3498 3864 3559 auri,sive

2283 3591 2514 3662 argenti,
2539 3589 2621 3643 vel
2667 3591 2832 3642 etiam
2875 3589 3002 3642 aeris
3041 3595 3134 3642 aut
3167 3589 3320 3660 ligni,
3347 3605 3470 3642 cum
3505 3588 3678 3658 possit
3705 3591 3865 3643 vobis

2283 3685 2347 3738 ad
2378 3699 2510 3738 usus
2537 3680 2884 3736 necessarios
2915 3679 3195 3748 prodesse,
3243 3696 3339 3735 vos
3367 3696 3434 3736 ex
3476 3696 3538 3734 ea
3569 3679 3866 3736 formando

2282 3775 2435 3838 deos,
2462 3775 2691 3829 otiosam
2717 3790 2811 3844 per
2833 3777 3016 3827 omnia
3050 3788 3169 3825 eam
3195 3783 3358 3841 atque
3393 3772 3642 3826 inutilem
3674 3773 3867 3826 reddi-

2281 3867 2465 3921 distis.
2507 3866 2619 3921 Nos
2667 3881 2797 3935 ergo
2842 3864 3234 3919 annuntiamus
3294 3864 3455 3919 vobis
3518 3879 3711 3917 verum
3762 3863 3863 3918 Dei

2282 3960 2510 4021 cultum,
2545 3960 2815 4030 simulque
2853 3961 3137 4015 monemus
3178 3963 3230 4009 et
3286 3956 3572 4010 hortamur
3592 3955 3861 4018 cultores,

2284 4060 2339 4104 ut
2362 4067 2458 4120 per
2486 4051 2656 4106 bonos
2677 4063 2831 4106 actus
2856 4052 3133 4106 imitentur
3154 4063 3278 4103 eum
3300 4062 3462 4117 quem
3486 4047 3696 4107 colunt,
3720 4057 3773 4100 et
3791 4047 3864 4099 ad

2282 4143 2569 4212 imaginem
2601 4159 2662 4197 ac
2691 4142 3107 4196 similitudinem
3137 4140 3280 4210 ejus,
3325 4146 3384 4191 ut
3422 4137 3684 4206 superius
3713 4138 3862 4191 dixi-

2243 4251 2257 4269 '
2283 4253 2429 4298 mus,
2457 4237 2634 4290 redire
2659 4235 2940 4291 festinent.

2351 4325 2465 4381 XV.
2499 4323 2670 4380 Velim
2699 4332 2877 4379 autem
2903 4325 3149 4381 dicerent
3188 4325 3318 4378 mihi
3363 4324 3414 4378 lii
3466 4323 3558 4392 qui
3585 4323 3730 4376 idola
3756 4339 3857 4377 co-

2286 4421 2424 4480 lunt,
2447 4418 2490 4470 si
2513 4424 2704 4490 optant
2735 4417 2942 4472 similes
2966 4416 3078 4470 ﬁeri
3113 4416 3196 4469 his
3231 4431 3372 4485 quos
3395 4415 3602 4469 colunt.
3649 4413 3857 4468 \‘nltne

2282 4512 2476 4578 aliquis
2505 4517 2738 4564 vestrum
2776 4508 2856 4562 sic
2897 4507 3079 4561 videre
3114 4506 3387 4576 quomodo
3429 4505 3504 4558 illi
3531 4503 3751 4558 vident?
3804 4513 3861 4557 et

2282 4605 2359 4659 sic
2380 4603 2577 4656 audire'
2602 4602 2874 4672 quomodo
2907 4600 2982 4654 illi
3007 4599 3270 4653 audiunt?
3295 4599 3376 4653 sic
3405 4597 3607 4652 habere
3631 4612 3862 4650 sensum

2281 4692 2554 4760 quomodo
2580 4692 2654 4744 illi
2687 4691 2931 4745 habent?
2962 4690 3117 4743 Absit
3153 4691 3251 4742 hoc
3273 4689 3340 4743 ab
3389 4703 3720 4758 unoquoque
3756 4701 3860 4739 au-

2281 4783 2575 4850 dientium;
2610 4781 2711 4834 hoc
2733 4781 2878 4835 enim
2904 4780 3248 4834 maledictum
3274 4779 3452 4850 potius
3471 4787 3523 4832 et
3546 4779 3862 4832 convicium

2282 4873 2611 4928 credendum
2642 4882 2725 4926 est
2760 4873 2871 4942 (i7)
2901 4870 3129 4934 homini,
3158 4871 3249 4940 qui
3286 4870 3572 4939 imaginem
3598 4868 3692 4924 Dei
3718 4870 3774 4922 in
3801 4886 3866 4924 se

2284 4965 2446 5034 gerit,
2495 4965 2706 5018 etiamsi
2741 4962 3151 5017 similitudinem
3203 4962 3460 5032 perdidit.
3495 4961 3698 5028 Quales
3727 4977 3864 5032 ergo

2291 5056 2362 5109 dii
2389 5052 2623 5108 habendi
2651 5062 2778 5107 sunt
2803 5051 2916 5114 isti,
2954 5066 3093 5120 quos
3150 5050 3350 5104 imitari
3402 5051 3742 5105 exsecrabile
3786 5055 3863 5106 sit

2324 5211 2366 5242 ³⁸
2398 5209 2528 5264 Luc.
2557 5227 2630 5277 vi,
2661 5212 2729 5266 56
2756 5230 2770 5276 ;
2835 5211 3022 5266 Matth.
3052 5229 3102 5275 ν,
3155 5212 3244 5267 45.
3357 5211 3401 5242 ³³
3428 5209 3580 5266 Deut.
3629 5227 3707 5273 vt,
3768 5214 3856 5278 13;

1917 5365 2230 5422 COTELEB
2245 5367 2283 5422 ll
2319 5367 2551 5422 NOTAE.

692 5507 799 5575 (Π)
846 5506 956 5561 "oc
1000 5508 1134 5558 enim
1192 5506 1520 5560 maledictum
1569 5507 1738 5573 potius
1799 5515 1847 5558 et
1895 5506 2180 5557 convicium

621 5579 927 5630 credendum
949 5591 1043 5630 est.
1085 5576 1185 5642 Qui
1218 5581 1351 5630 solet
1389 5579 1646 5647 appellari
1690 5576 1952 5647 Eusebius
1987 5578 2185 5628 Emise-

621 5649 980 5712 nus,houiilia
999 5651 1141 5715 quod
1173 5648 1312 5700 idola
1337 5645 1439 5700 mli
1465 5645 1570 5701 non
1602 5648 1832 5701 debeant
1863 5666 1872 5698 ε
1910 5645 2004 5698 Dic
2035 5649 2180 5709 milii,

621 5737 732 5773 cum
770 5721 966 5788 lignum
999 5721 1256 5770 veneraris
1291 5735 1350 5770 ac
1383 5718 1628 5785 lapidem,
1674 5717 1720 5788 si
1760 5716 1849 5767 tibi
1881 5717 2178 5767 diceretur:

627 5791 767 5846 'l'itlis
801 5785 872 5845 sis
913 5790 1082 5860 qualis
1121 5789 1243 5842 deus
1290 5801 1440 5851 tuus;
1490 5785 1720 5857 uani/uir!
1760 5805 1857 5840 nou
1897 5787 2179 5839 convicium

2287 5511 2556 5562 crederes?
2592 5507 2823 5576 nunquid
2845 5524 2944 5560 non
2967 5508 3189 5571 iniurias
3212 5509 3580 5574 computans?
3611 5507 3677 5558 Et
3704 5510 3858 5563 illum

2289 5589 2334 5628 te
2358 5597 2456 5630 non
2485 5579 2640 5645 pudet
2671 5580 2926 5638 reuereri,
2965 5579 3113 5645 cujus
3157 5593 3204 5631 te
3249 5577 3411 5630 nolles
3451 5578 3858 5632 similitudinem

2287 5650 2411 5706 dici.
2437 5650 2519 5700 cui
2543 5659 2588 5701 te
2609 5648 2931 5701 erubesceres
2957 5651 3296 5716 comparari?
3329 5647 3394 5700 Et
3425 5647 3508 5700 illi
3535 5648 3725 5701 tribuis
3760 5651 3858 5704 Dei

2287 5721 2501 5839 tillllttllll,
2551 5722 2632 5769 cui
2673 5729 2716 5770 te
2752 5719 3038 5772 assimilcri
3085 5719 3450 5787 gravissimum
3503 5728 3713 5777 putares
3745 5737 3858 5777 esse

2291 5806 2369 5839 m':
2398 5807 2435 5839 Ct
2465 5791 2617 5839 ictum
2639 5792 2662 5839 ἱ)

2291 5791 2617 5841 ηιιειεάὲσῑηηι
2639 5792 2662 5842 ."
