4048 6342
165 377 311 434 1337

1373 368 1943 429 BECOGNITIONUM
1977 371 2106 431 LIB.
2148 373 2212 430 γ.

3291 379 3432 435 ίίδϐ

152 491 471 547 cultoribus
495 491 631 547 suis.
658 506 892 564 quorum
943 492 1361 550 similitudinem
1397 492 1598 550 habere
1617 505 1746 545 con-
1770 495 1821 552 Α
1849 493 2092 558 stiones,
2121 492 2219 564 qui
2247 492 2404 564 quasi
2451 507 2548 564 per
2592 492 2934 564 prudentiam
2973 494 3178 568 decipit
3228 511 3346 560 vos.
3377 506 3431 575 et

153 584 391 639 Iumelia
419 591 507 639 est
527 584 551 638 ἲ
571 584 713 652 Quid
745 588 908 656 ergo?
939 584 1147 640 Solvite
1178 586 1485 656 simulacra
1504 583 1742 649 inutilia,

149 684 218 729 et
245 673 407 729 facite
433 689 564 732 vasa
590 675 743 732 utilia
767 653 914 749 (I8);
942 676 1138 732 solvite
1164 675 1397 730 otiosam
1420 653 1747 746 pigramun

156 767 476 832 materiam,
501 776 554 823 et
599 766 762 822 facite
808 767 1050 824 humano
1087 768 1210 824 usui
1255 774 1381 838 apta
1415 767 1740 822 ministeria.

159 857 280 914 Sed
310 876 416 915 non
447 862 656 924 sinunt,
685 861 884 931 inquit,
939 861 1085 930 leges
1117 862 1388 915 humanae.
1412 859 1588 925 .Bene,
1617 859 1744 928 quia

156 944 419 1002 humana:
435 950 600 1019 leges,
625 958 680 1005 et
705 965 810 1003 non
831 950 1074 1020 ipsorum
1100 951 1294 1008 virtus.
1310 949 1595 1016 Quomodo
1615 963 1744 1018 ergo

154 1036 241 1091 dii
271 1048 400 1093 sunt
445 1045 538 1110 qui
581 1042 837 1096 humanis
884 1041 1096 1113 legibus
1138 1049 1192 1096 et
1221 1056 1329 1096 non
1381 1043 1497 1097 suis
1532 1041 1743 1095 viribus

153 1125 786 1202 defenduntur?sicque
818 1138 873 1186 et
907 1147 937 1186 a
966 1124 1184 1187 furibus
1227 1146 1428 1187 canum
1451 1131 1653 1203 vigiliis
1687 1140 1743 1188 et

153 1219 531 1274 claustrorum
586 1220 981 1277 munitionibus
1007 1233 1437 1287 conservantur,
1461 1231 1516 1278 et
1557 1223 1660 1276 hoc
1694 1222 1742 1277 si

155 1312 368 1370 fuerint
390 1325 650 1388 argentea
679 1318 763 1374 vel
797 1333 962 1373 aurea
985 1319 1070 1373 vel
1094 1319 1260 1374 etiam
1287 1337 1470 1385 azrea;
1502 1336 1627 1376 nam
1666 1321 1744 1374 la-

153 1404 320 1475 pidea
345 1417 397 1462 et
421 1409 611 1464 ﬁctilia
645 1410 764 1481 ipsa
815 1410 900 1466 sui
936 1411 1147 1468 vilitate
1190 1414 1538 1478 muniuntur,
1579 1427 1743 1468 nemo

149 1497 306 1552 enim
346 1499 616 1568 lapideum
672 1511 765 1556 aut
825 1505 1044 1560 ﬁctilem
1087 1505 1249 1559 deum
1304 1505 1536 1560 furatur.
1584 1504 1742 1562 Unde

151 1591 592 1651 miserabiliores
635 1595 890 1652 videntur
923 1598 999 1660 hi,
1053 1598 1256 1668 quibus
1303 1599 1602 1668 pretiosius
1637 1615 1743 1655 me-

150 1685 349 1738 tallum
378 1687 619 1756 pericula
647 1689 915 1744 viciniora
940 1690 1238 1759 conquirit.
1279 1688 1382 1757 Qui
1409 1708 1543 1762 ergo
1568 1691 1740 1749 furari

146 1788 412 1846 possunt,
436 1782 527 1850 qui
560 1781 629 1856 ab
653 1781 967 1838 hominibus
989 1783 1279 1847 custodiri,
1302 1786 1396 1854 qui
1425 1783 1651 1840 conﬂari
1687 1791 1740 1839 et

147 1873 390 1942 appendi
419 1881 473 1927 et
503 1873 713 1931 malleis
738 1875 900 1944 caedi,
930 1876 1023 1931 isti
1046 1877 1361 1933 hominibus
1390 1893 1613 1937 sensum
1638 1881 1737 1936 ha-

144 1965 415 2021 bentibus
438 1965 516 2020 dii
543 1967 747 2024 debent
770 1968 987 2024 videri?

224 2055 369 2113 XVI.
404 2056 448 2112 Ο
479 2057 536 2114 in
576 2068 839 2128 quantam
871 2061 1151 2117 miseriam
1185 2064 1502 2119 mortalium
1534 2065 1738 2122 decidit

141 2148 541 2220 intelligentia!
572 2151 707 2206 Nam
740 2155 787 2208 si
819 2163 1068 2211 mortuos
1097 2155 1291 2212 timere
1336 2173 1567 2213 summa:
1601 2161 1740 2216 stul-

139 2243 287 2297 titia:
313 2241 552 2309 ducitur,
598 2246 727 2314 quid
762 2247 1074 2317 judicemus
1124 2249 1192 2303 de
1233 2249 1317 2305 his
1361 2253 1453 2321 qui
1495 2251 1738 2311 deterius

139 2331 378 2401 aliquid,
405 2349 570 2403 quam
601 2345 730 2390 sunt
760 2338 984 2400 mortui,
1009 2339 1239 2393 timent?
1263 2341 1365 2395 ista
1391 2341 1536 2396 enim
1565 2344 1738 2398 simu-

140 2422 300 2478 Iaera
323 2440 424 2479 nec
447 2427 502 2480 in
523 2436 866 2482 mortuorum
898 2445 1128 2484 numero
1147 2430 1397 2487 habenda
1427 2441 1576 2498 sunt,
1607 2434 1735 2504 quia

137 2531 430 2588 nunquam
453 2518 725 2576 vixerunt.
775 2519 1121 2577 Prml‘erenda
1159 2533 1292 2580 sunt
1332 2526 1414 2581 eis
1449 2526 1615 2583 etiam
1645 2543 1734 2584 se—

137 2607 338 2677 pulcra
363 2617 1024 2684 mortuorum,quoniam,
1048 2619 1175 2673 licet
1197 2634 1341 2674 nunc
1355 2620 1555 2674 mortui
1580 2629 1732 2686 sunt,

137 2700 460 2758 habuerunt
489 2713 668 2762 tamen
693 2708 990 2776 aliquando
1012 2709 1220 2777 vitam;
1263 2709 1354 2766 isti
1379 2721 1558 2767 autem
1593 2728 1732 2782 quos

134 2791 347 2856 colitis,
371 2808 472 2850 nec
502 2811 622 2850 eam
648 2797 870 2867 quidem
923 2813 1045 2870 quae
1091 2809 1175 2856 est
1200 2800 1254 2854 in
1279 2802 1538 2859 omnibus
1566 2810 1732 2859 teter-

136 2883 310 2948 rima,
339 2900 598 2940 ranarum
623 2889 989 2947 aebubonum
1022 2892 1190 2946 vitam
1229 2891 1526 2962 aliquando
1543 2909 1731 2966 gesse-

138 2983 295 3030 runt.
313 2973 568 3048 Sedquid
595 2995 734 3050 opus
757 2989 841 3037 est
868 2981 1043 3038 dehis
1074 2984 1233 3054 plura
1257 2999 1585 3052 memorare,
1602 3001 1728 3043 cum

137 3065 381 3122 sulliciat
406 3069 591 3128 dicere
630 3072 682 3127 ei
722 3074 816 3143 qui
865 3074 1057 3129 adorat
1095 3091 1159 3130 ea
1209 3095 1221 3131 :
1262 3073 1380 3131 Non
1420 3075 1576 3132 vides
1599 3078 1729 3148 quia

1846 584 1996 640 velut
2045 585 2261 641 ratione
2307 585 2544 655 quadam
2586 586 2757 656 serpit
2805 601 2903 658 per
2944 603 3143 645 sensus
3187 597 3426 656 vestros,

1847 682 2012 745 atque
2033 673 2102 728 ab
2133 675 2252 744 ipso
2279 673 2486 730 vertice
2521 674 2789 744 incipiens
2834 691 2931 745 per
2973 676 3261 734 interiores
3289 677 3430 734 dila-

1845 767 1994 822 bitur
2021 769 2307 830 medullas.
2341 768 2554 825 lucrum
2593 784 2848 839 magnum
2895 777 3220 840 computans
3260 771 3426 827 dece-

1847 862 2087 929 ptionem
2133 866 2392 915 vestram.
2436 859 2721 916 lnterserit
2769 876 2900 932 ergo
2944 862 3199 918 sensibus
3228 864 3426 920 vestris

1844 955 2134 1025 Opiniones
2173 969 2633 1026 quorumcunque
2673 955 2930 1021 deorum,
2971 965 3182 1012 tantum
3230 965 3289 1013 ut
3328 975 3425 1014 vos

1845 1047 1914 1102 ab
1943 1050 2103 1104 unius
2128 1047 2221 1104 Dei
2256 1056 2473 1104 revocet
2504 1048 2629 1114 lide,
2662 1049 2844 1106 sciens
2872 1061 3153 1121 peccatum
3181 1061 3424 1108 vestrum

1844 1157 2002 1196 suum
2037 1155 2160 1196 esse
2187 1141 2464 1197 solatium.
2505 1140 2599 1197 Ille
2627 1142 2771 1200 enim
2805 1158 2905 1214 pro
2947 1143 3193 1214 nequitia
3226 1159 3325 1199 sua
3355 1143 3429 1201 ab

1844 1234 2006 1290 initio
2033 1245 2230 1294 terram
2262 1233 2426 1290 edere
2468 1232 2875 1290 condemnatus-
2906 1245 3007 1296 est.
3051 1244 3272 1308 prepter
3299 1251 3424 1292 eum

1841 1341 2005 1398 quem
2035 1325 2104 1382 de
2143 1334 2291 1382 terra
2339 1335 2709 1398 assumptum,
2743 1327 2940 1383 iterum
2973 1330 3169 1387 resolvi
3209 1329 3337 1384 fecit
3368 1330 3425 1386 in

1841 1427 2068 1484 terram,
2108 1436 2284 1491 usque
2333 1421 2401 1474 ad
2442 1428 2660 1492 tempus
2699 1436 2810 1492 quo
2853 1421 3049 1477 anima:
3092 1432 3286 1480 vestrae
3329 1440 3428 1496 per

1843 1512 2021 1583 ignem
2054 1513 2316 1569 traductae
2349 1524 2690 1584 reparentur,
2720 1515 2864 1571 sicut
2890 1515 3028 1570 alias
3066 1514 3133 1571 de
3162 1516 3265 1573 hoc
3305 1518 3424 1588 ple-

1842 1603 1969 1660 nius
1997 1602 2374 1659 edocebimus.
2398 1601 2477 1657 Ex
2508 1605 2627 1674 ipso
2657 1619 2788 1674 ergo
2827 1612 2957 1660 sunt
2986 1620 3178 1662 omnes
3207 1622 3424 1664 errores

1841 1704 1895 1750 et
1916 1694 2326 1766 ambiguitates,
2352 1695 2556 1765 quibus
2580 1695 2650 1751 ab
2688 1695 2853 1754 unius
2883 1693 2975 1751 Dei
3010 1695 3114 1752 title
3141 1706 3196 1752 et
3224 1696 3424 1754 credu-

1843 1786 1994 1841 litate
2013 1785 2445 1841 conturbamini.

1913 1873 2102 1932 XVIII.
2136 1876 2200 1930 Et
2230 1875 2408 1946 primo
2438 1876 2697 1930 omnium.
2733 1874 2956 1946 subjicit
2997 1875 3424 1947 cogitationibus

1839 1969 2147 2034 hominum,
2181 1976 2241 2023 ut
2273 1983 2343 2024 ne
2373 1967 2602 2028 audiant
2645 1968 2808 2023 verba
2853 1967 3122 2031 veritatis,
3163 1983 3260 2038 per
3299 1983 3423 2040 qua:

1837 2060 2108 2116 malorum
2153 2059 2521 2130 ignorantiam
2573 2058 2782 2130 fugent.
2829 2058 2893 2114 Et
2937 2059 3043 2114 hoc
3091 2060 3220 2114 facit
3261 2060 3422 2130 quasi

1835 2134 2135 2206 occasione.
2170 2150 2401 2206 alterius
2447 2151 2714 2213 scientiae,
2763 2165 3088 2206 asseverans
3135 2150 3218 2207 eis
3272 2150 3418 2206 illam

1836 2242 2150 2313 opinionem
2178 2256 2288 2312 qua
2316 2249 2549 2297 utuntur
2583 2241 2828 2311 plurimi,
2873 2250 2930 2296 ut
2975 2248 3168 2312 putent
3196 2255 3255 2296 se
3297 2257 3422 2297 reos

1836 2334 2052 2393 futuros
2075 2349 2185 2389 non
2208 2350 2331 2390 esse
2361 2335 2408 2390 si
2438 2334 2492 2392 in
2522 2335 2830 2405 ignOranlia
2862 2334 3085 2397 fuerint,
3116 2349 3221 2390 nec
3245 2332 3424 2388 reddi-

1834 2435 1991 2484 turos
2016 2437 2142 2484 esse
2167 2427 2435 2481 rationem
2476 2441 2577 2496 pro
2611 2425 2697 2482 his
2730 2441 2851 2496 quae
2899 2441 3008 2479 non
3039 2424 3336 2490 audierint,
3367 2432 3423 2480 et

1834 2516 1958 2572 ideo
1985 2531 2019 2571 a
2043 2519 2208 2574 verbo
2235 2517 2513 2572 declinare
2541 2532 2637 2573 eos
2670 2517 2862 2572 suadet
2885 2516 3152 2571 auditum.
3188 2515 3293 2573 Sed
3327 2533 3423 2572 ac-

1832 2611 1998 2681 cipite
2021 2618 2214 2665 contra
2241 2610 2355 2664 haec
2386 2629 2398 2664 :
2431 2611 2548 2680 ipsa
2579 2625 2676 2681 per
2716 2611 3068 2680 semetipsam
3105 2611 3421 2681 ignorantia

1832 2701 2229 2758 validissimum
2263 2717 2531 2757 venenum
2563 2708 2676 2765 est,
2709 2701 2854 2771 quod
2883 2699 3116 2756 suiliciat
3156 2703 3417 2766 animam,

1832 2792 1981 2846 nulla
2009 2792 2354 2847 extrinsecus
2381 2792 2610 2862 quaesita
2643 2791 2951 2862 adjectione
2973 2831 2988 2853 .
3029 2791 3320 2861 perimere.
3357 2793 3422 2848 Et

1831 2885 1955 2942 ideo
1985 2899 2147 2940 nemo
2177 2893 2262 2941 est
2288 2885 2382 2954 qui
2409 2885 2694 2955 ignorans,
2728 2899 2826 2954 per
2862 2883 2966 2938 hoc
2993 2883 3138 2955 quod
3178 2884 3416 2955 ignorat,

1829 2975 2048 3048 evadat,
2091 2976 2187 3032 sed
2217 2984 2428 3031 certum
2461 2983 2547 3031 est
2585 2976 2734 3046 quod
2783 2977 3038 3031 intereat.
3085 2975 3420 3033 Naturaliter

1829 3070 1975 3124 enim
2029 3077 2381 3141 peccatorum
2426 3069 2510 3123 vis
2557 3068 2825 3124 interimit
2887 3076 3256 3141 peccatorem.
3311 3067 3419 3125 Sed

136 3170 310 3227 Quem
334 3161 558 3229 adoras,
604 3180 714 3219 non
743 3164 920 3221 videt?
962 3165 1087 3220 audi
1127 3168 1255 3237 quia
1295 3183 1459 3238 quem
1501 3169 1725 3238 adoras,
1754 3191 1800 3255 ο
1830 3162 2091 3250 quoniam
2116 3161 2388 3231 judicium
2417 3162 2744 3217 rationabile
2766 3162 2891 3225 erit,
2926 3169 3038 3218 tam
3069 3162 3414 3234 ignorantiae,

135 3267 257 3314 non
291 3254 466 3316 audit,
515 3265 570 3313 et
618 3258 858 3329 intellige
907 3261 1038 3330 quia
1082 3277 1190 3317 non
1245 3261 1532 3333 intelligit;
1586 3280 1730 3334 Opus

135 3344 291 3398 enim
320 3347 569 3403 mortalis
601 3364 799 3404 manus
845 3358 952 3412 est,
984 3357 1040 3406 et
1085 3353 1403 3407 necessario
1433 3369 1597 3410 sensu
1634 3369 1726 3409 ca-

137 3445 248 3489 ret.
275 3434 355 3490 Tu
374 3453 504 3508 ergo
527 3438 727 3496 adoras
763 3440 1174 3506 insensibilem,
1200 3459 1322 3498 cum
1350 3446 1730 3517 unusquisque

137 3523 351 3582 habens
383 3545 627 3593 sensum,
671 3547 774 3586 nec
827 3548 890 3587 ea
921 3533 1139 3602 quidem
1198 3535 1386 3591 credat
1425 3537 1726 3601 adoranda,

135 3635 267 3690 quae
287 3637 317 3674 a
363 3620 471 3677 Deo
503 3622 642 3680 facta
673 3633 801 3679 sunt
821 3633 876 3680 et
911 3627 1112 3682 habent
1143 3643 1364 3683 sensum
1397 3630 1532 3700 (i9),
1561 3630 1612 3685 id
1643 3640 1729 3686 est

136 3709 316 3767 solem
360 3723 415 3768 ct
445 3714 648 3782 lunam,
681 3716 766 3770 vel
798 3717 1006 3780 stellas,
1039 3719 1333 3790 omniaque
1361 3735 1481 3789 quae
1505 3722 1561 3776 in
1589 3725 1730 3779 ctelo

134 3814 276 3860 sum
310 3819 362 3862 et
383 3825 547 3878 super
570 3818 796 3865 terram.
836 3808 1056 3866 Justum
1103 3813 1248 3867 enim
1282 3821 1500 3884 putant,
1534 3831 1641 3868 non
1664 3831 1728 3869 ea

133 3916 266 3969 quae
297 3915 395 3970 pro
421 3904 610 3956 mundi
662 3906 968 3960 ministerio
1004 3905 1148 3960 facta
1177 3913 1326 3970 sunt,
1365 3907 1459 3961 sed
1485 3907 1729 3976 ipsorum

133 4001 195 4050 et
238 3994 422 4049 mundi
475 3997 646 4052 totius
677 3999 996 4054 Creatorem
1031 4000 1232 4056 debere
1265 4002 1512 4055 venerari
1542 4020 1555 4068 ;
1595 4017 1729 4071 gau-

133 4084 273 4138 dent
302 4088 445 4140 enitn
480 4089 642 4144 etiam
694 4091 831 4155 haec,
862 4107 984 4145 cum
1011 4093 1102 4146 ille
1136 4093 1399 4145 aduratur
1428 4100 1481 4147 et
1505 4094 1725 4159 colitur,

134 4190 246 4229 nec
274 4177 503 4232 libenter
537 4183 838 4252 accipiunt,
860 4192 919 4237 ut
951 4185 1129 4239 honor
1151 4185 1434 4239 Creatoris
1458 4194 1729 4240 creatura

134 4268 444 4329 deferatur.
497 4272 771 4344 Exceptus
819 4277 963 4330 enim
1008 4285 1094 4332 est
1145 4275 1238 4331 Dei
1287 4278 1458 4332 solius
1520 4277 1726 4340 cultus,

133 4366 234 4433 qui
269 4368 420 4422 solus
443 4369 723 4423 inereatus
747 4375 850 4431 est,
873 4369 1057 4424 omnia
1089 4378 1270 4423 autem
1299 4377 1494 4423 caetera
1519 4367 1738 4441 factura.

134 4458 262 4526 ejus
291 4467 439 4514 sunt.
477 4460 631 4515 Sicut
654 4476 783 4531 ergo
831 4463 1115 4532 proprium
1165 4473 1247 4516 est
1291 4462 1412 4531 ejus
1441 4461 1533 4531 qui
1574 4461 1726 4516 solus

141 4565 250 4604 non
282 4559 366 4605 est
400 4551 800 4614 factus.rlleum
843 4569 987 4619 esse,
1035 4555 1109 4607 ita
1133 4569 1294 4609 omne
1339 4553 1485 4622 quod
1521 4556 1721 4608 factum
1756 4544 1800 4600 Β

137 4654 246 4710 est,
273 4642 415 4700 Deus
449 4661 574 4700 vere
606 4661 714 4699 non
739 4655 843 4700 est.

216 4783 374 4840 XVII.
403 4785 540 4862 Ante
585 4785 768 4845 omnia
813 4799 943 4854 ergo
989 4783 1295 4852 intelligere
1325 4781 1538 4836 debetis
1564 4782 1728 4838 dece-

140 4877 381 4946 ptionem
408 4879 695 4946 'Scrpentis
739 4875 949 4946 antiqui
993 4883 1045 4929 et
1087 4874 1316 4927 callidas
1357 4872 1478 4942 ejus
1530 4888 1728 4942 sugge-

1830 3271 1996 3326 quam
2027 3255 2465 3325 uniuscujusque
2487 3255 2698 3325 peccati
2724 3271 2890 3311 causa
2915 3263 2968 3311 et
2992 3255 3146 3328 origo
3172 3255 3416 3326 require-

1830 3356 1942 3403 tur.
1977 3346 2028 3403 Is
2056 3363 2188 3419 ergo
2215 3348 2307 3418 qui
2344 3347 2489 3402 seire
2515 3346 2691 3401 noluit
2723 3345 2994 3417 quomodo
3025 3348 3200 3420 possit
3229 3349 3415 3403 venire

1831 3439 1896 3493 ad
1924 3438 2113 3506 vitam,
2147 3437 2241 3492 sed
2275 3435 2463 3490 maluit
2488 3436 2742 3506 ignorare
2776 3451 2844 3490 ne
2881 3450 2978 3505 per
3010 3436 3112 3490 hoc
3141 3450 3268 3490 reus
3299 3435 3416 3491 ﬁeri

1829 3530 2128 3592 videretur,
2154 3543 2221 3582 ex
2246 3527 2348 3583 hoc
2377 3528 2495 3596 ipso
2521 3527 2656 3596 jam,
2694 3526 2855 3596 quasi
2889 3525 2982 3597 qui
3010 3525 3196 3580 scierit
3224 3535 3278 3579 et
3318 3527 3417 3580 ha-

1829 3621 2007 3678 buerit
2034 3621 2344 3683 scientiam,
2363 3619 2664 3690 judicatur.
2687 3617 2920 3690 Agnovit
2943 3615 3088 3672 enim
3113 3617 3243 3688 quid
3269 3625 3415 3673 esset

1828 3716 1971 3786 quod
1998 3715 2218 3772 nolebat
2241 3713 2452 3779 audire,
2479 3721 2531 3768 et
2560 3712 2697 3767 nihil
2735 3711 2782 3766 e‘i
2809 3709 3049 3765 conferet
3084 3710 3150 3764 ad
3182 3725 3415 3765 excusa-

1828 3812 2032 3866 tionem
2082 3807 2358 3879 serpentis
2403 3807 2638 3861 artillcic
2667 3805 2900 3876 quaesita
2944 3804 3244 3868 calliditas;
3288 3817 3413 3856 cum

1829 3918 1896 3959 eo
1926 3907 2069 3957 enim
2096 3901 2202 3956 erit
2231 3900 2279 3955 ei
2309 3898 2453 3953 ratio
2484 3913 2644 3967 quem
2685 3912 2792 3952 non
2825 3896 2956 3950 latet
2981 3911 3094 3949 cor.
3131 3892 3201 3947 Ut
3233 3903 3415 3949 autent

1829 3991 1973 4048 scias
1997 3990 2126 4061 quia
2157 3988 2461 4059 ignorantia
2492 3999 2589 4056 per
2619 3986 2964 4054 semetipsam
2982 3991 3206 4054 generat
3240 3984 3414 4038 inter-

1829 4085 1989 4146 itum,
2038 4081 2219 4134 anima
2267 4092 2392 4132 cum
2436 4075 2755 4132 discesserit
2803 4091 2830 4127 a
2875 4090 3139 4144 corpore.
3205 4072 3250 4128 si
3289 4073 3414 4128 talis

1827 4184 1984 4231 exeat
2013 4187 2137 4243 quae
2164 4171 2374 4242 ignoret
2397 4184 2520 4225 eum
2565 4184 2593 4221 a
2641 4183 2750 4238 quo
2789 4177 2975 4222 creata
3014 4176 3116 4231 est,
3156 4181 3186 4220 a
3219 4181 3327 4237 quo
3357 4165 3412 4221 in

1826 4266 1932 4320 hoc
1963 4263 2165 4320 mundo
2191 4261 2374 4317 omnia
2411 4276 2532 4330 quae
2563 4259 2754 4314 usibus
2781 4258 2899 4313 suis
2923 4266 3077 4312 erant
3104 4256 3410 4310 necessaria

1828 4363 2123 4413 consecuta
2173 4361 2259 4409 est
2279 4394 2294 4418 ,
2329 4359 2587 4422 tanquam
2616 4351 2827 4422 ingrata
2865 4358 2919 4404 et
2939 4348 3172 4403 inlidelis
3201 4363 3230 4400 a
3259 4349 3409 4417 regni

1827 4451 1948 4521 ejus
1972 4449 2094 4502 luce
2129 4447 2443 4519 projicitur.

1899 4583 2041 4640 XIX.
2074 4582 2309 4652 Subjicit
2341 4582 2539 4636 iterum
2571 4579 2941 4650 nequissimus
2977 4593 3202 4648 serpens
3246 4577 3409 4632 aliam

1830 4671 2150 4752 heminibus
2180 4675 2516 4745 opinionem,
2555 4688 2718 4743 quam
2759 4673 2944 4741 plures
2991 4679 3232 4726 vestrum
3283 4684 3410 4739 pro-

1830 4775 1973 4828 Ierre
2003 4771 2219 4828 solent:
2255 4769 2433 4823 Unum
2463 4783 2585 4822 esse
2615 4774 2669 4822 et
2697 4782 2798 4822 nos
2835 4763 3067 4819 dicimus
3097 4761 3289 4826 Deum,
3315 4761 3409 4831 qui

1828 4873 1914 4921 est
1958 4863 2204 4918 omnium
2255 4860 2555 4925 Dominus;
2601 4857 2694 4914 sed
2741 4867 2795 4912 et
2843 4855 2974 4920 isti,
3026 4853 3301 4924 inquiunt.
3331 4851 3408 4906 dii

1449 5005 1817 5064 COTEIERII
1856 5002 2092 5060 NOTAE.

213 5175 324 5243 (18)
375 5174 569 5230 Solvite
595 5173 884 5226 simulacra
911 5167 1147 5243 tnutili_a,
1177 5174 1225 5218 et
1267 5163 1579 5243 facite-vasa
1604 5161 1723 5243 uti-

140 5234 235 5305 ιεαῖ
268 5234 405 5300 Iluie
452 5259 745 5315 germanus
783 5251 868 5298 est
903 5243 1055 5295 locus
1073 5234 1476 5297 Commodiani,
1511 5234 1721 5286 instru-

137 5321 318 5374 -:tione
345 5316 442 5370 20:

244 5388 312 5443 Et
341 5389 461 5442 deos
486 5388 690 5440 audetis
724 5386 972 5439 mramine
1001 5380 1172 5457 dicere
1208 5375 1377 5457 fusos.

243 5460 515 5516 Solveritis
549 5476 634 5512 eos
674 5460 838 5526 magis
865 5457 917 5510 in
949 5453 1165 5505 vascula
1198 5447 1362 5529 nobis.
1705 5513 1715 5524 .

213 5532 321 5601 (19)
365 5529 428 5584 Et
459 5530 648 5581 habent
677 5544 906 5581 sensum.
939 5529 1100 5600 Astra
1130 5529 1366 5601 animata
1407 5529 1529 5601 esse
1556 5529 1718 5601 pauci

141 5584 361 5657 Patrum
402 5601 877 5657 existimaverunt,
926 5591 1123 5662 secuti_
1150 5586 1524 5662 philosophos.
1586 5584 1716 5662 Item

142 5679 378 5743 plerique
404 5671 790 5743 llcbrteorum.‘
809 5671 1070 5743 Atontra.”
1088 5659 1532 5743 Cultsi'llttlt'ntttnt
1575 5659 1716 5743 scri—

178 5727 416 5808 ιὸτξιιιι.
454 5757 573 5803 vin,
607 5756 727 5808 cap.
765 5737 853 5798 46,
878 5745 931 5788 et
978 5732 1193 5808 reliqui.
1232 5727 1567 5808 Jungecum
1599 5727 1716 5808 .llUt‘,

161 5797 399 5871 563mm
439 5797 1113 5881 Clenientinorum,_x._9gi
1138 5818 1218 5881 If}.
1269 5802 1354 5853 53-
1536 5797 1711 5881 τοῖίξὲίδ

145 5865 619 5955 tiu—signia
655 5883 766 5935 haec
837 5865 1103 5945 Spictlvgii
1143 5872 1207 5928 ll.
1249 5887 1366 5939 pag.
1407 5870 1501 5923 371
1546 5887 1555 5919 :
1599 5865 1711 5918 lla-

1827 5161 2006 5214 bemus
2031 5177 2160 5215 sane
2184 5159 2388 5216 libellos
2417 5171 2509 5211 sex
2541 5155 2714 5210 sancti
2746 5152 2946 5207 Hilarii
2972 5152 3197 5219 episcopi
3223 5149 3408 5204 Picta-

1826 5233 2038 5294 viensis,
2071 5249 2200 5301 quos
2237 5231 2300 5284 de
2329 5227 2511 5301 Crwco
2547 5227 2792 5301 Origenis
2825 5226 2879 5278 in
2921 5223 3171 5301 Patinam
3213 5225 3405 5301 veri-it;

1825 5302 1916 5356 sed
1953 5291 2053 5356 non
2083 5291 2277 5357 'omnia
2312 5300 2598 5353 secundum
2643 5291 2881 5350 ordinem
2917 5294 3038 5347 libri
3083 5293 3254 5346 sancti
3302 5291 3404 5346 Job

1824 5372 2085 5442 exposuit.
2143 5371 2210 5426 Et
2256 5369 2614 5442 satis__miror
2653 5368 2913 5442 hominem
2952 5363 3311 5442 doctissimum
3355 5370 3408 5417 et

1825 5434 2088 5505 sanctum,
2135 5453 2193 5495 ut
2222 5442 2284 5494 de
2325 5439 2491 5494 stellis
2535 5440 2738 5492 manias
2787 5435 3026 5505 Origenis
3070 5434 3403 5505 transferret.

1830 5512 1985 5574 Mihi,
2019 5503 2354 5567 sanctissime
2388 5509 2570 5569 Pater.
2600 5509 2745 5562 nullo
2782 5503 2934 5576 paclo
2966 5503 3178 5557 suaderi
3213 5512 3404 5572 potest,

1827 5594 1883 5636 ut
1924 5584 2133 5653 credam
2159 5594 2308 5637 astra
2345 5581 2460 5634 ειειί
2492 5580 2718 5653 spiritus
2740 5576 3050 5653 rationales,
3096 5591 3211 5643 qua:
3248 5588 3406 5653 neque

1827 5673 1941 5707 σωκ
1975 5652 2197 5724 angelis,
2228 5669 2386 5721 neque
2424 5644 2540 5703 cum
2580 5650 2874 5724 hominibus
2926 5644 3406 5724 facta_e_sse_Scri-

1825 5739 1981 5790 plura
2023 5715 2209 5778 sancta
2265 5715 2520 5775 declarat.
2575 5719 2716 5774 Sunt
2759 5720 2923 5774 verba
2978 5715 3246 5771 Liciniani
3285 5715 3405 5785 cpi-

1825 5797 1997 5864 scopi,
2038 5797 2103 5850 ad
2131 5795 2451 5866 Gregorium
2479 5807 2693 5864 papam.
