4078 6336
680 373 825 431 1339

1524 371 1582 432 S.
1623 366 2016 426 CLEMENTIS
2056 370 2074 423 1
2118 367 2283 425 ΒΟΜ.
2326 367 2527 424 ΡΟΝΤ.
2567 367 2793 423 OPERA
2835 367 3064 425 DUDIA.

3774 368 3914 424 135')

681 495 830 548 sunt.
856 486 1011 541 Sicut
1040 486 1182 540 enim
1217 499 1359 538 unus
1384 490 1468 538 est
1497 484 1678 540 Caesar
1699 525 1713 547 ,
1754 492 1807 538 et
1849 483 2010 539 habet
2057 484 2160 538 sub
2191 499 2251 537 se
2279 494 2324 550 Α
2352 481 2652 539 diebamus.
2673 477 2740 533 Et
2759 482 2952 538 Petrus
2980 503 2993 538 :
3048 481 3259 538 Ridetis
3278 525 3294 551 ,
3325 483 3522 554 inquit,
3551 500 3651 540 vos
3680 484 3916 539 aliorum

681 580 884 650 multos
927 577 1161 647 judices,
1208 575 1354 628 verbi
1395 575 1567 643 gratia
1611 574 1926 644 praefectos.
1969 574 2242 635 consules,

679 672 932 736 tribunos
977 675 1030 723 et
1079 678 1301 722 crateras
1343 673 1661 735 potestates,
1709 666 1871 719 simili
1917 665 2245 718 arbitramur

682 761 863 824 modo,
905 775 1027 814 cum
1081 774 1220 812 unus
1272 757 1343 811 sit
1393 757 1565 825 major
1606 758 1847 810 omnium
1890 755 2052 819 Deus,
2082 759 2242 810 etiam

683 853 819 908 istos
848 851 914 906 ad
954 848 1366 905 similitudinem
1397 862 1581 900 earum
1621 862 1758 915 quas
1803 845 2061 906 diximus,
2091 852 2243 914 pote-

679 955 885 1000 statum
911 943 1192 998 ordinatos
1246 957 1368 996 esse
1422 943 1472 994 in
1534 942 1635 997 hoc
1687 941 1888 994 mundo
1943 939 2097 1003 deos,
2165 939 2242 992 illi

683 1037 900 1106 quidem
925 1034 1115 1102 majori
1147 1034 1445 1100 subjectos,
1479 1046 1578 1086 nos
1623 1039 1800 1084 tamen
1831 1039 1885 1084 et
1912 1046 2031 1101 quae
2061 1029 2112 1083 in
2140 1027 2244 1084 hoc

682 1129 886 1181 mundo
928 1135 1058 1180 sunt
1107 1126 1506 1194 dispensantes.
1559 1122 1752 1176 Audite
1791 1138 1922 1192 ergo
1977 1125 2044 1176 ad
2092 1122 2240 1185 hac,

682 1219 956 1288 quomodo
997 1219 1048 1269 in
1092 1216 1177 1269 his
1223 1217 1357 1286 ipsis
1396 1230 1516 1284 quae
1550 1214 1615 1266 ad
1645 1212 2016 1282 deceptionem
2049 1227 2245 1281 propo-

682 1311 836 1371 nitis,
868 1308 1112 1363 veritatis
1144 1308 1448 1360 rationibus
1485 1305 1862 1359 confutemini.
1895 1303 2085 1358 Dicitis
2115 1304 2243 1373 quia

684 1403 862 1454 locum
895 1399 1124 1453 Caesaris
1154 1404 1334 1451 teneat
1366 1396 1539 1458 Deus,
1581 1396 1824 1464 judicnm
1868 1410 1997 1448 vero
2032 1394 2153 1462 ejus
2190 1402 2244 1448 et

680 1498 1006 1560 potestatum
1053 1490 1288 1558 speciem
1341 1493 1559 1541 servent
1601 1486 1654 1538 hi
1701 1486 1793 1554 qui
1836 1483 2092 1538 dicuntur
2128 1469 2242 1553 dii;

680 1589 892 1635 servate
920 1594 1071 1649 ergo,
1102 1588 1159 1632 ut
1188 1577 1568 1647 proposuistis,
1586 1577 1894 1645 exemplum
1913 1575 2166 1641 Caesaris,
2189 1583 2244 1630 et

681 1671 876 1724 scitote
919 1672 1043 1739 quia
1115 1669 1257 1723 sicut
1303 1669 1437 1721 nulli
1467 1683 1534 1721 ex
1575 1667 1852 1735 judicibus
1898 1668 1980 1722 vel
2010 1668 2243 1721 admini-

680 1764 1007 1818 stratoribus
1035 1761 1289 1822 Caesaris,
1337 1761 1388 1813 id
1431 1768 1515 1814 est
1545 1757 1846 1828 praefectis,
1883 1760 1963 1811 vel
2010 1773 2242 1826 procon-

682 1855 915 1917 sulibus,
945 1855 1024 1907 vel
1056 1854 1308 1914 ducibus,
1350 1852 1432 1905 vel
1481 1852 1743 1913 tribunis,
1794 1850 1874 1904 fas
1906 1858 1988 1905 est
2016 1851 2247 1905 Caesaris

680 1961 876 2000 nomen
921 1944 1162 2013 imponi;
1199 1942 1436 2010 alioquin
1483 1950 1536 1994 et
1581 1941 1669 1994 ille
1715 1941 1805 2010 qui
1853 1943 2155 2010 susceperit
2193 1950 2248 1995 et

681 2037 757 2090 illi
789 2037 879 2105 qui
910 2034 1230 2096 detulerint,
1267 2033 1467 2100 pariter
1492 2031 1791 2084 interibunt
1824 2050 1834 2082 :
1871 2029 1944 2082 ita
1975 2037 2028 2082 et
2055 2029 2123 2083 de
2146 2029 2247 2084 hoc

679 2129 892 2185 debetis
937 2127 1239 2186 advertere,
1284 2121 1427 2192 quod
1474 2122 1521 2176 si
1566 2121 1690 2191 quis
1724 2136 1919 2174 nomen
1962 2122 2052 2175 Dei
2082 2121 2243 2175 alicui

680 2236 844 2291 quam
891 2227 1086 2288 praeter
1119 2218 1292 2284 ipsum
1324 2213 1672 2283 imposuerit,
1724 2223 1774 2266 et
1816 2212 1907 2265 ille
1956 2212 2243 2282 receperit,

683 2328 851 2367 unum
877 2309 1233 2376 eumdemque
1271 2307 1569 2360 sortientur
1607 2304 1882 2357 interitum
1906 2344 1918 2364 ,
1951 2304 2122 2356 multo
2150 2303 2246 2358 de-

679 2406 882 2460 teriore
914 2410 1058 2457 sorte
1107 2416 1267 2470 quam
1299 2399 1530 2452 ministri
1561 2394 1792 2450 Caesaris
1844 2393 1940 2447 Hic
1980 2399 2123 2446 enim
2151 2394 2242 2463 qui

682 2498 908 2566 deliquit
925 2498 976 2547 in
991 2494 1281 2553 Caasarem,
1299 2491 1575 2544 interitum
1595 2487 1850 2554 suscipiet
1867 2487 2240 2554 temporalem;

683 2587 776 2655 qui
790 2601 917 2640 vero
931 2586 982 2637 in
1003 2598 1168 2636 unum
1190 2581 1278 2650 qui
1297 2580 1511 2632 soluset
1525 2593 1683 2631 verus
1696 2584 1778 2630 est
1797 2577 1936 2630 Deus
1952 2577 2238 2644 delinquit,

678 2681 735 2733 in
769 2680 1026 2734 saeculum
1059 2678 1162 2730 luet
1190 2689 1378 2744 pmnas
1402 2713 1414 2735 ,
1459 2680 1514 2726 et
1554 2675 1766 2733 merito,
1804 2679 1861 2724 ut
1903 2671 1995 2739 qui
2045 2688 2240 2727 nomen

679 2774 824 2847 quod
869 2783 951 2826 est
992 2772 1212 2823 unicum
1258 2767 1517 2833 injuriosa
1570 2765 1880 2817 conditione
1934 2764 2236 2818 violaverit.

755 2863 868 2917 XX.
900 2861 1159 2927 Quamvis
1188 2858 1289 2911 hoc
1320 2859 1518 2925 ipsum.
1557 2853 1734 2915 Deus,
1767 2870 1873 2907 non
1924 2869 2121 2909 nomen
2169 2857 2241 2910 sit

680 2956 772 3010 Dei
813 2953 949 3025 βο),
996 2951 1089 3004 sed
1123 2947 1433 3002 hominibus
1466 2945 1681 2998 interim
1721 2945 2042 2998 vocabulum
2095 2947 2238 3002 istud

677 3050 838 3120 quasi
865 3059 965 3117 pro
993 3043 1210 3098 nomine
1238 3040 1357 3109 ejus
1382 3054 1703 3093 concessum
1737 3047 1847 3102 est;
1868 3039 2011 3106 quod
2033 3048 2237 3102 tamen,

2349 574 2640 636 dedecora,
2673 575 2798 644 quia
2838 579 2994 644 longa
3023 575 3418 629 consuetudine
3448 575 3666 644 propria
3696 591 3809 632 non
3839 577 3920 628 vi-

2350 664 2510 717 detis.
2543 661 2676 716 Nam
2709 661 3087 732 Egyptiorum
3135 662 3353 732 quidem
3388 663 3675 717 stultitiam
3717 666 3919 719 merito

2348 755 2558 815 ridetis,
2586 756 2676 825 qui
2701 761 2849 807 muta
2873 755 3150 818 animalia,
3189 755 3292 824 ipsi
3329 770 3452 808 cum
3481 756 3592 810 sint
3617 755 3917 810 rationabi-

2347 847 2446 910 les,
2478 847 2680 900 colunt.
2708 845 2906 899 Audite
2933 854 3112 900 tamen
3143 846 3417 915 quomodo
3446 854 3500 900 et
3536 847 3614 899 illi
3658 862 3753 901 vos
3786 847 3918 898 irri-

2348 939 2531 1000 deant,
2564 938 2715 991 aiunt
2751 939 2892 992 enim
2923 956 2934 990 :
2965 938 3074 991 Nos
3111 938 3344 992 viventia
3375 939 3605 994 colimus
3630 940 3910 1008 animalia,

2350 1030 2473 1084 licet
2527 1032 2812 1095 moritura,
2870 1044 2965 1084 vos
3018 1045 3148 1083 vero
3207 1045 3326 1100 quae
3361 1045 3637 1100 nunquam
3683 1032 3914 1084 omnino

2348 1122 2530 1177 vixere
2553 1162 2566 1183 ,
2625 1121 2738 1176 haec
2790 1121 2970 1177 colitis
3007 1127 3060 1174 et
3090 1121 3354 1175 adoratis.
3400 1121 3621 1177 Addunt
3650 1131 3915 1192 praeterea

2345 1213 2508 1266 etiam
2538 1210 2693 1274 illud,
2729 1210 2927 1279 ﬁguras
2950 1226 3072 1265 esse
3097 1217 3151 1263 et
3182 1210 3467 1280 allegorias
3494 1211 3750 1265 virtutum
3778 1226 3921 1282 qua-

2347 1301 2614 1363 rumdam,
2643 1301 2843 1370 quibus
2873 1300 3234 1367 adjutricibus
3268 1311 3487 1370 regatur
3512 1301 3790 1356 hominum
3819 1318 3920 1372 ge-

2346 1406 2483 1453 nus;
2523 1390 2616 1444 sed
2641 1389 2864 1460 pudoris
2893 1388 3139 1458 perfugio
3177 1390 3291 1444 haec
3339 1398 3392 1444 et
3433 1391 3692 1444 nonnulla
3724 1393 3809 1445 his
3839 1394 3921 1447 si-

2347 1480 2494 1534 milia
2520 1487 2927 1543 connectentes,
2951 1494 3192 1534 errorem
3219 1495 3379 1535 suum
3427 1482 3606 1536 velare
3637 1484 3910 1536 nituntur.

2349 1569 2454 1624 Sed
2483 1585 2590 1624 non
2615 1576 2699 1624 est
2736 1583 2881 1622 nunc
2912 1579 3126 1639 tempus
3161 1568 3434 1640 Egyptiis
3476 1575 3832 1641 respondere,
3862 1585 3919 1627 et

2345 1660 2603 1715 derelicta
2664 1674 2794 1714 cura
2851 1660 3236 1730 pmsentium,
3282 1662 3588 1716 absentium
3653 1663 3924 1718 medicari

2349 1755 2660 1824 languores.
2708 1754 2929 1809 Certum
2981 1745 3218 1825 namque
3263 1755 3527 1811 indicium
3579 1767 3662 1812 est
3705 1774 3802 1813 vos
3849 1759 3922 1812 ab

2281 1821 2319 1878 Β
2351 1821 2661 1914 hujusmodi
2687 1846 3002 1916 aegritudine
3033 1821 3219 1901 hab-eri
3251 1848 3482 1912 alienos,
3509 1851 3604 1919 qui
3643 1865 3760 1904 eam
3805 1866 3920 1904 non

2346 1937 2596 1990 doluistis
2627 1945 2686 1990 ut
2710 1939 3007 2008 pr0priam,
3037 1938 3129 1992 sed
3163 1939 3358 1995 risistis
3389 1949 3446 1993 ut
3470 1941 3724 1995 alienam.

2422 2027 2578 2083 XXII.
2606 2027 2712 2082 Sed
2740 2031 3024 2083 redeamus
3055 2029 3121 2084 ad
3158 2045 3278 2094 vos,
3302 2032 3501 2101 quibus
3527 2033 3703 2103 placet
3729 2034 3924 2088 haberi

2346 2120 2512 2174 Deum
2542 2129 2599 2174 ut
2624 2121 2916 2184 Caesarem,
2942 2123 3076 2177 deos
3105 2130 3287 2177 autem
3314 2132 3372 2177 ut
3405 2127 3686 2179 ministros
3707 2132 3760 2178 et
3791 2141 3924 2193 pro-

2344 2219 2628 2266 curatores
2690 2212 2960 2278 Caasaris;
3012 2214 3305 2283 sequimini
3357 2231 3443 2269 me
3500 2218 3809 2278 attentius.
3867 2227 3924 2271 et

2344 2302 2506 2356 modo
2531 2303 2686 2357 vobis
2718 2304 3000 2358 ostendam
3047 2307 3286 2360 latebras
3330 2309 3625 2376 serpentis,
3666 2309 3721 2360 in
3756 2325 3922 2377 argu-

2344 2393 2509 2446 menti
2544 2392 2704 2460 hujus
2743 2394 2926 2447 curvis
2969 2395 3308 2449 anlractibus
3347 2397 3661 2451 collocatas.
3695 2397 3785 2450 Cet
3803 2407 3920 2450 tum

2341 2484 2485 2552 apud
2515 2499 2706 2536 omnes
2736 2500 2856 2538 esse
2886 2485 3525 2550 debet,etindubitatum,
3562 2486 3694 2550 Deo,
3727 2490 3861 2558 quia
3892 2504 3923 2541 a

2343 2575 2495 2628 nullo
2542 2575 2718 2629 lactus
2763 2585 2848 2630 est
2892 2578 2985 2630 sed
3031 2578 3146 2647 ipse
3196 2578 3322 2633 fecit
3363 2579 3655 2640 universa.
3690 2581 3829 2633 nihil
3858 2597 3924 2634 ea

2344 2665 2577 2719 iacturis
2611 2665 2728 2720 suis
2759 2680 2920 2736 posse
2947 2667 3254 2736 coaequari;
3295 2683 3470 2736 neque
3503 2669 3647 2722 enim
3692 2669 3764 2721 ita
3795 2673 3925 2738 quis

2339 2756 2670 2808 irrationalis
2699 2757 2927 2810 inveniri
2977 2765 3173 2826 potest,
3204 2759 3293 2828 qui
3329 2769 3476 2827 putet
3506 2759 3648 2828 quod
3678 2761 3926 2815 conferri

2340 2850 2513 2916 possit
2559 2851 2765 2920 tactura
2814 2849 3026 2904 lactori.
3080 2849 3136 2902 Si
3167 2865 3295 2918 ergo
3339 2851 3572 2904 humana
3621 2868 3773 2906 mens
3807 2869 3926 2907 nota

2342 2940 2519 2994 solum
2567 2943 2777 2995 ratione
2807 2940 2901 2994 sed
2936 2949 2989 2996 et
3019 2943 3252 2994 naturali
3289 2943 3522 3010 quodam
3563 2951 3734 3006 motu,
3768 2954 3926 2998 recte

2342 3031 2482 3085 hanc
2509 3033 2818 3102 opinionem
2846 3041 3012 3094 tenet,
3048 3033 3178 3086 illud
3207 3034 3310 3087 dici
3348 3032 3537 3097 Deum,
3566 3035 3654 3088 cui
3681 3035 3924 3089 conferri

678 3146 740 3192 nt
767 3138 901 3199 dixi,
937 3149 1061 3187 cum
1104 3129 1498 3185 contumeliose
1541 3134 1837 3187 tractatur,
1874 3129 1939 3179 ad
1978 3128 2090 3181 veri
2121 3128 2240 3198 ejus
2269 3149 2310 3206 ο
2345 3129 2439 3174 aut
2469 3123 2739 3191 exaequari
2768 3121 2902 3175 nihil
2925 3131 3120 3192 potest,
3153 3123 3246 3176 sed
3269 3123 3411 3192 quod
3437 3125 3652 3179 cunctis
3681 3126 3928 3180 emineat

678 3225 919 3284 nominis
943 3222 1181 3277 refertur
1226 3220 1500 3288 injuriam.
1546 3215 1781 3285 Denique
1818 3223 2029 3271 veteres
2067 3217 2238 3288 Egy-

679 3321 916 3390 ptiorum
950 3314 1085 3384 (21),
1111 3313 1202 3381 qui
1229 3311 1297 3365 de
1319 3309 1527 3364 cmlesti
1560 3323 1727 3360 cursu
1758 3316 1811 3361 et
1839 3319 2110 3362 astrorum
2142 3323 2240 3362 na-

676 3420 801 3463 tura
836 3407 1101 3461 rationem
1145 3402 1252 3457 sibi
1300 3401 1402 3455 visi
1447 3409 1574 3453 sunt
1621 3398 1920 3468 reperisse,
1958 3399 2240 3454 obsidente

680 3514 879 3556 sensus
901 3512 1087 3552 eorum
1119 3493 1390 3557 (temone,
1424 3490 1676 3544 omnibus
1719 3488 2075 3542 nihilominus
2112 3505 2243 3543 con-

680 3589 922 3644 tumeliis
943 3599 1139 3639 nomen
1173 3578 1681 3635 incommunicabile
1707 3577 2072 3644 subjecerunt.
2105 3576 2239 3630 Nam

683 3682 772 3734 alii
805 3691 988 3731 eorum
1019 3677 1231 3733 bovem,
1256 3672 1347 3739 qui
1384 3670 1513 3739 Apis
1543 3669 1763 3731 dicitur,
1793 3669 2078 3722 cdlendum
2126 3676 2242 3720 tra-

682 3772 891 3831 didere,
931 3766 1019 3818 alii
1053 3764 1286 3824 hircum,
1313 3761 1403 3812 alii
1435 3766 1610 3812 cattas
1643 3757 1779 3827 (ἥ).
1806 3759 2051 3812 nonnulli
2087 3757 2240 3823 ibim,

681 3859 906 3930 quidam
954 3860 1299 3921 serpentem,
1340 3849 1543 3918 piscem
1591 3861 1828 3915 quoque,
1869 3853 1922 3900 et
1963 3862 2162 3915 caepas,
2189 3857 2242 3901 et

682 3954 919 4010 cloacas,
958 3945 1199 4014 crepitus
1236 3941 1444 3994 ventris
1482 3938 1616 4007 (23),
1649 3953 1744 4007 pro
1790 3937 2104 3991 numinibus
2146 3937 2240 3989 ha-

680 4041 888 4100 bendos
929 4052 1050 4092 esse
1084 4036 1418 4095 docuerunt,
1449 4038 1503 4084 et
1549 4029 1652 4082 alia
1685 4029 2099 4083 innumerabilia
2123 4045 2242 4099 quae

681 4131 850 4204 pudet
875 4129 1036 4184 etiam
1072 4124 1376 4178 nominare.

755 4207 895 4274 XXI.
935 4216 1058 4271 Haec
1080 4216 1291 4270 dicente
1315 4209 1497 4274 Petro,
1525 4209 1764 4264 riserunt
1802 4224 1992 4263 omnes
2017 4209 2109 4280 qui
2139 4224 2239 4263 au-

2345 3220 2400 3266 et
2443 3221 2639 3266 cuncta
2672 3214 2940 3282 przecellat
2979 3215 3292 3282 :quomodo
3331 3230 3526 3268 nomen
3583 3215 3716 3269 illud
3770 3219 3922 3286 quod

2347 3318 2510 3371 super
2531 3306 2709 3357 omnia
2743 3319 2864 3357 esse
2908 3304 3169 3366 creditur,
3205 3311 3349 3358 recte
3380 3305 3462 3358 his
3507 3305 3746 3359 creditur
3773 3306 3924 3368 dari,

2346 3409 2484 3463 quos
2542 3393 2608 3447 ad
2653 3395 3012 3448 ministerium
3060 3402 3112 3448 et
3170 3397 3605 3463 procurationem
3665 3397 3924 3451 humana

2345 3486 2469 3538 vitae
2497 3486 2699 3554 putatis
2721 3500 2841 3538 esse
2871 3484 3203 3552 dispositos?
3232 3483 3336 3538 Sed
3369 3495 3422 3539 et
3453 3488 3582 3541 illud
3611 3488 3878 3542 addemus
3906 3508 3920 3543 :

2346 3575 2582 3628 mundus
2609 3574 2694 3626 hic
2723 3576 2839 3627 sine
2880 3572 3045 3627 dubio
3083 3574 3257 3628 factus
3284 3584 3369 3630 est
3398 3584 3452 3630 et
3477 3585 3560 3630 est
3588 3579 3926 3649 corruptibia-

2350 3665 2436 3727 lis,
2466 3665 2610 3718 sicut
2637 3664 2797 3717 etiam
2822 3664 3162 3733 postmodum
3202 3666 3362 3718 latius
3408 3667 3796 3733 ostendemus;
3834 3672 3920 3721 in-

2347 3757 2505 3811 terim
2534 3764 2589 3811 et
2633 3756 2831 3810 factum
2879 3771 3001 3822 eum
3050 3765 3104 3809 et
3153 3757 3558 3826 corruptibilem
3590 3768 3825 3814 constat.
3864 3760 3922 3813 Si

2346 3865 2475 3918 ergo
2508 3849 2741 3904 mundus
2787 3848 2927 3904 Deus
2957 3850 3063 3903 dici
3118 3866 3226 3905 non
3277 3862 3473 3920 potest,
3520 3863 3572 3907 et
3618 3867 3764 3910 recte
3811 3874 3917 3911 non

2348 3949 2525 4010 potest
2554 3940 2679 4009 quia
2708 3941 3076 4010 corruptibilis
3098 3951 3201 4005 est,
3229 3947 3500 4012 quomodo
3526 3956 3704 4015 partes
3726 3952 3915 4004 mundi

2346 4029 2440 4085 Dei
2468 4045 2664 4084 nomen
2702 4033 3007 4101 accipient?
3033 4033 3178 4102 quod
3220 4037 3364 4088 enim
3395 4045 3542 4090 totus
3589 4053 3696 4091 non
3737 4049 3920 4109 potest

2342 4135 2465 4174 esse
2493 4120 2748 4181 mundus,
2785 4122 2954 4174 multo
2983 4123 3158 4191 magis
3200 4138 3307 4176 non
3347 4125 3450 4178 erit
3486 4141 3612 4194 pars
3636 4128 3774 4195 ejus.
3814 4128 3920 4198 lgi-

2341 4218 2432 4264 tur
2459 4211 2502 4265 si
2529 4211 2814 4266 redeamus
2835 4212 2903 4266 ad
2931 4215 3237 4286 exemplum
3260 4212 3515 4281 Caesaris,
3545 4218 3725 4273 videte
3750 4237 3915 4286 quam

1981 4363 2345 4420 COTELERII
2372 4363 2602 4420 ΝΟΤιΕ.

754 4505 866 4577 (20)
894 4502 1154 4577 priameia
1182 4499 1275 4553 hoc
1298 4498 1490 4568 ipsum,
1519 4498 1674 4577 Deus,
1698 4515 1799 4551 non
1822 4515 2004 4577 nomen
2025 4500 2100 4577 sit
2130 4499 2242 4556 Dei.
2274 4503 2323 4565 ι)
2347 4501 2834 4577 tarclium,_libro_
2859 4501 2932 4556 De
2960 4501 3102 4577 Iside
3124 4514 3174 4558 et
3230 4503 3460 4565 Osiride,
3501 4508 3915 4567 convenientia

683 4569 858 4634 Deum'
889 4569 1092 4643 Deique
1121 4579 1369 4643 naturam
1401 4570 1630 4643 nomine
1650 4584 1836 4624 carere
1865 4569 2111 4643 dgctrina
2159 4581 2244 4643 est

681 4647 946 4706 Patrum,
1002 4638 1056 4697 et
1118 4640 1301 4708 opinio
1367 4639 1832 4708 philosophorum.
1908 4638 2240 4696 Testimonia

681 4716 1006 4776 omittimus,
1051 4710 1249 4777 ubique
1274 4709 1462 4763 obvia;

753 4787 881 4856 (Ἡ)
919 4776 1546 4856 νεισειέῐςνρρίοτωῃ..
1569 4777 1975 4856 etc..-_Sid_eralis
1999 4779 2240 4856 scientia:

683 4848 1049 4911 inventionem
1097 4848 1367 4918 Egyptiis
1396 4849 1573 4909 multi,
1615 4849 1704 4901 alii
1740 4850 1862 4902 aliis
1907 4850 2189 4917 assignant
2222 4869 2232 4902 :

684 4928 760 4978 uti
796 4925 905 4978 fere
935 4922 1177 4974 variatur
1221 4920 1274 4971 in
1330 4935 1508 4973 rerum
1549 4919 1917 4987 repertoribus
1951 4938 1962 4972 :
2004 4934 2234 4987 quorum

683 4993 1122 5048 enumerationes
1169 4989 1428 5043 exhibent
1475 4989 1690 5042 codices
1727 4986 1872 5057 Regii
1905 4986 2036 5043 919.7
2079 4987 2238 5051 £769,

683 5066 822 5119 2216
875 5063 1029 5117 duas.
1063 5089 1131 5100 ——
1166 5058 1271 5115 Eas
1332 5060 1499 5117 habes
1572 5060 1626 5112 in
1684 5057 1920 5125 Append.
1976 5057 2241 5122 lonum.,

682 5153 739 5191 ιι.
770 5136 824 5193 ι.
876 5131 1041 5187 infra.
1233 5172 1236 5175 .

753 5206 864 5276 (ἢ)
929 5204 1037 5256 Alii
1092 5210 1284 5276 cattas.
1340 5198 1483 5276 Fuit
1529 5198 1918 5276 cult_us_l'elis,
1971 5197 2240 5276 generalis

683 5267 1055 5346 ﬁgyp’tiorum
1074 5272 1314 5346 omnium
1338 5271 1542 5346 religio,
1556 5274 1692 5324 teste
1707 5267 1972 5346 Strabone
1995 5270 2086 5346 lib.
2108 5284 2237 5322 xvii.

685 5338 806 5402 Ιιύἷί
826 5338 884 5400 et
921 5345 1210 5415 peculiaris
1253 5338 1611 5415 quorumdam
1655 5355 1666 5389 :
1711 5347 1786 5415 ut_
1815 5338 2236 5415 Bubastitagim.

680 5407 981 5487 Bodﬁaavb;
1007 5414 1151 5469 enim
1177 5429 1241 5467 ex
1266 5407 1697 5487 Stephanova
1723 5407 2242 5487 Egyptiacaanoo-

679 5505 772 5560 ρον
808 5475 1076 5560 significat
1115 5491 1250 5560 _:_et
1301 5475 1951 5560 in'nrbenBubasto'sive
1971 5475 2232 5560 Bttbasti,

677 5544 1262 5628 sepeliEbantur_feles.
1303 5553 1481 5628 inquit
1518 5550 1821 5606 Herodotus
1851 5549 1943 5628 _i_n_
1963 5544 2189 5628 Euterpe
2215 5562 2237 5602 :

676 5618 779 5688 nec
810 5642 916 5682 non
945 5634 1062 5681 erat
1089 5623 1269 5678 Diana:
1298 5618 1582 5692 templum.
1614 5637 1732 5690 que
1755 5629 1808 5671 et
1849 5618 2234 5692 Bubastis__no-

675 5687 799 5754 tuen
833 5698 1064 5767 accepit,
1098 5703 1292 5767 estque
1309 5687 1479 5767 _luna._
1519 5687 1854 5744 Fabitiantur
1894 5694 2070 5767 litem
2108 5687 2233 5767 Dia-

832 5749 894 5820 iri
916 5749 1355 5833 (iiqaiitornneliiit
1380 5776 1438 5815 se
1467 5760 1532 5833 in_
1551 5769 1756 5815 cattutn
1779 5749 2230 5833 rtrnnst‘ornthsc,

715 5827 1109 5894 -διιὶιςειέύδι
1137 5835 1204 5889 ab
1235 5830 1683 5909 llygiuo.~l..eges
1718 5832 1880 5888 etiam
1929 5831 2068 5900 apud
2110 5827 2234 5884 Plu—

2348 4574 2606 4642 physicas
2634 4571 2789 4627 felcm
2825 4574 2967 4626 inter
2994 4583 3047 4626 et
3084 4576 3287 4628 lunam.

2438 4642 2529 4710 25)
2568 4640 2754 4719 Carpat
2791 4653 2840 4719 et
2869 4643 3345 4719 clamasset-spira
3379 4646 3594 4719 ventris.
3624 4644 3698 4719 De
3741 4663 3910 4719 carpe.

2343 4711 2664 4782 superstitio
2708 4719 2790 4764 est
2824 4713 2982 4782 longe
3014 4714 3305 4782 notissima
3339 4733 3351 4766 :
3384 4729 3502 4781 quae
3525 4716 3609 4782 (ut
3647 4711 3912 4775 discinins

2338 4777 2772 4845 “Hieronymo,
2796 4793 2833 4832 tt
2857 4777 3104 4832 adversus
3126 4777 3493 4845 Jouiniandm,
3518 4777 3572 4844 6,
3599 4794 3652 4835 et
3675 4788 3740 4837 ad
3764 4783 3912 4838 Isaia:

2339 4858 2503 4918 caput
2531 4862 2651 4920 ξι.ιί
2676 4864 2695 4920 ί
2734 4845 2975 4902 Luciano
3001 4848 3052 4900 in
3075 4848 3205 4920 3lane
3233 4853 3487 4920 tragwdo,
3512 4867 3575 4905 ac
3601 4853 3766 4907 Sesto
3795 4853 3911 4907 Ein-

2341 4917 3024 4990 pirtcoPyrrhguianrurum
3065 4917 3466 4990 Hypotyposeou
3500 4923 3590 4974 lib.
3628 4937 3709 4985 III,
3737 4940 3785 4974 c.
3821 4926 3912 4986 ει)

2339 4984 2558 5057 proprie
2587 4984 2666 5040 'ad
2702 4984 3008 5042 Pclusiutas
3049 4984 3371 5057 pertinebat.
3425 4990 3495 5043 De
3544 4994 3748 5048 cloacis
3783 4984 3911 5047 vero

2341 5057 2843 5140 (dxsvodcappellat
2865 5061 3096 5140 εει-ἔριον
3111 5059 3578 5140 Clementinorar‘nt)
3603 5064 3736 5140 nihil
3765 5080 3911 5140 nunc

2339 5127 2629 5200 succurrit,
2655 5131 2797 5200 quod
2830 5129 2896 5180 ad
2927 5127 3208 5200 A‘ngptios
3235 5142 3458 5196 spectet.
3489 5127 3622 5184 Nam
3653 5132 3910 5187 Cloacina

2339 5200 2461 5260 dea,
2491 5207 2544 5251 et
2581 5196 2721 5250 Deus
2767 5195 3082 5261 Stet-cutus,
3103 5211 3197 5252 aut
3240 5195 3550 5263 Sterculus,
3583 5203 3910 5266 Stercutius,

2341 5270 2664 5328 Stercultus,
2699 5267 2810 5320 sive
2837 5268 3069 5330 Stercas,
3105 5269 3471 5325 llomanorum
3503 5285 3629 5326 sunt
3662 5275 3906 5328 numina.

2342 5338 2582 5406 Denique
2625 5340 2769 5391 circa
2806 5340 3054 5390 ultimum
3097 5351 3356 5393 notarunt
3397 5344 3570 5396 critici
3617 5345 3733 5397 loca
3768 5344 3908 5396 Festi

2340 5410 2394 5462 in
2430 5408 2710 5460 Prohibere
2748 5409 2993 5478 continu;
3043 5406 3327 5478 TtieOphili
3372 5411 3698 5466 Antiocheni
3756 5416 3850 5466 lib.
3894 5430 3908 5466 ι

2336 5481 2406 5531 ad
2439 5477 3038 5553 AutolycumLMinucii
3059 5476 3263 5553 felicis
3297 5483 3350 5534 in
3381 5482 3639 5553 Octavio;
3663 5483 3910 5553 Origenis

2339 5561 2472 5604 tum.
2509 5564 2537 5623 Υ
2565 5561 2748 5602 contra
2777 5547 3021 5613 Celsum;
3055 5547 3348 5623 Lactantii,
3375 5568 3423 5613 κ,
3447 5555 3517 5605 20
3541 5571 3554 5617 ;
3597 5547 3908 5623 Hieronymi

2338 5624 2404 5675 ad
2441 5621 2590 5674 Isaiae
2620 5634 2928 5692 cap.,xt.\i;
2959 5631 3010 5673 et
3047 5621 3271 5674 Caesarii
3303 5624 3518 5690 dialogo
3562 5639 3607 5683 ι,
3662 5621 3906 5692 respons.

2339 5693 2407 5746 ad
2441 5692 2696 5758 interrog.
2734 5691 2813 5744 l'vt.
2841 5694 3048 5756 Quibus
3077 5692 3344 5747 addentur
3377 5707 3522 5748 nunc
3555 5691 3912 5760 Clementi-3,

2341 5765 2434 5818 lib.
2465 5779 2516 5828 ι,
2545 5777 2663 5832 cap.
2699 5765 2769 5815 ltit
