4048 6342
218 362 359 417 1341

1413 355 1982 417 nscasmnosuu
2021 356 2149 414 LIB.
2184 324 2255 411 'v.

3340 353 3480 410 ιω

214 479 382 548 longe
424 478 642 535 erretis.
684 478 908 543 Caesari,
947 480 1192 550 ejusdem
1238 480 1366 536 licet
1390 488 1598 534 natura:
1628 477 1805 533 homl-
1832 485 1878 540 Α
1907 491 2030 529 rum
2062 482 2181 530 erat
2206 475 2260 527 in
2301 473 2403 527 hoc
2433 468 2659 527 mundo.
2690 464 2830 536 Quid
2875 468 3020 522 enim
3058 476 3143 523 cst
3179 466 3323 538 quod
3353 469 3479 530 reti:

215 583 348 622 nem
378 568 538 636 cuius
566 569 683 638 ipse
715 577 829 635 est,
867 568 1105 624 conferri
1136 578 1317 624 tamen
1339 569 1607 623 neminem
1636 566 1798 634 licet;

218 658 354 721 Deo,
388 659 482 730 qui
511 660 615 714 hoc
645 660 764 729 ipso
784 660 928 730 quod
955 674 985 713 a
1008 660 1158 714 nullo
1182 659 1378 721 factus,
1406 659 1500 715 sed
1531 659 1649 728 ipse
1674 657 1799 712 fecit

215 750 425 813 omnia,
450 758 644 806 cuncta
672 752 1058 820 supereminet,
1081 753 1317 805 conferri
1340 751 1535 806 debere
1561 750 1795 819 aliquem

214 844 483 899 creditis?
505 844 609 899 Sed
637 843 871 900 Caesaris
901 844 1119 915 quidem
1153 859 1351 899 nomen
1392 842 1528 896 nulli
1568 843 1659 897 alii
1692 857 1795 895 au-

211 935 358 989 detis
397 936 675 1006 imponere
696 975 711 1001 ,
742 938 872 1006 quia
903 951 1058 991 reum
1088 952 1249 992 suum
1273 936 1457 990 statim
1480 936 1673 1005 punit;
1700 932 1794 987 Dei

211 1040 344 1081 vero
405 1026 657 1094 audetis,
731 1029 860 1097 quia
918 1040 1072 1083 reum
1116 1043 1279 1085 suum
1332 1030 1528 1100 punire
1573 1035 1795 1099 propter

211 1117 590 1187 pmnitentiam
622 1117 846 1173 diﬂ'ert?

282 1206 469 1263 XXIII.
500 1205 604 1262 Per
628 1208 764 1265 alios
792 1210 919 1263 item
948 1224 1176 1279 serpens
1217 1210 1307 1266 ille
1352 1212 1599 1281 proferre
1624 1214 1789 1277 verba

210 1298 594 1366 hujuscemodi
626 1301 764 1355 solet
798 1320 811 1355 :
844 1298 954 1357 Nos
984 1301 1051 1356 ad
1081 1302 1351 1363 honorem
1379 1304 1669 1361 invisibilis
1694 1304 1787 1359 Dei

206 1390 473 1459 imagines
500 1391 742 1447 visibiles
789 1391 1121 1462 adoramus;
1154 1393 1298 1464 quod
1347 1387 1655 1452 certissime
1686 1396 1789 1451 fal-

205 1496 326 1535 sum
356 1490 458 1537 est.
494 1482 549 1537 Si
578 1484 719 1538 enim
751 1500 877 1540 vere
906 1487 1086 1541 velitis
1127 1486 1221 1543 Dei
1260 1488 1550 1559 imaginem
1580 1490 1781 1554 Colere,

202 1572 413 1627 homini
440 1576 839 1632 benefacieutes
866 1593 1051 1632 veram
1077 1580 1130 1634 in
1155 1594 1221 1635 eo
1250 1579 1341 1635 Dei
1372 1581 1659 1651 imaginem
1690 1597 1786 1636 co-

200 1662 403 1719 Ieretis.
437 1664 494 1719 In
527 1666 673 1719 omni
699 1670 840 1721 enim
866 1668 1087 1725 homine
1115 1682 1201 1726 est
1232 1672 1410 1743 imago
1445 1672 1562 1738 Dei,
1594 1690 1701 1729 non
1726 1676 1780 1730 in

197 1756 457 1811 omnibus
486 1771 614 1812 vero
664 1758 985 1825 similitudo,
1034 1761 1129 1817 sed
1181 1763 1272 1817 ubi
1321 1764 1555 1835 benigna
1599 1766 1780 1820 anima

195 1854 285 1901 est
310 1856 363 1902 et
388 1864 541 1904 mens
570 1864 707 1919 pura
731 1849 864 1920 (24).
901 1850 958 1906 Si
990 1867 1121 1925 ergo
1159 1869 1286 1910 vere
1314 1856 1480 1911 vultis
1509 1856 1785 1913 honorare

195 1938 488 2010 imaginem
515 1940 644 2008 Dei,
671 1958 770 1999 nos
800 1944 954 2018 vobis
976 1947 1120 2015 quod
1152 1962 1332 2002 verum
1361 1958 1445 2005 est
1477 1954 1777 2020 aperimus,

192 2038 255 2084 ut
288 2030 491 2086 homini
522 2034 614 2103 qui
657 2033 725 2087 ad
775 2035 1067 2105 imaginem
1114 2036 1208 2091 Dei
1240 2039 1415 2094 factus
1444 2050 1527 2094 est
1555 2040 1780 2096 benefa-

191 2121 352 2175 ciatis
375 2161 389 2183 ,
429 2122 694 2178 honorem
724 2132 779 2177 et
808 2127 1167 2181 reverentiam
1202 2128 1482 2193 deieratis,
1512 2132 1776 2187 esurienti

189 2212 399 2273 cibum,
433 2213 637 2269 sitienti
665 2216 944 2285 poculum,
992 2218 1140 2271 nudo
1182 2218 1585 2284 indumentum,
1626 2239 1775 2294 aegro

193 2303 579 2370 ministerium,
634 2310 922 2379 peregrino
974 2308 1293 2379 hospitium,
1344 2320 1398 2367 et
1450 2314 1502 2367 in
1554 2330 1776 2372 carcere

186 2396 368 2464 posito
397 2398 710 2454 necessaria
754 2400 1099 2466 ministretis,
1133 2410 1187 2456 et
1232 2402 1336 2457 hoc
1363 2414 1449 2459 est
1478 2408 1623 2475 quod
1652 2423 1775 2463 vere

189 2486 301 2542 Deo
331 2488 568 2545 delatum
602 2494 965 2561 reputabitur.
997 2493 1121 2549 Haec
1158 2506 1335 2550 autem
1380 2497 1434 2551 in
1466 2507 1674 2553 tantmn
1706 2502 1771 2555 ad

187 2578 449 2635 honorem
484 2582 575 2637 Dei
608 2584 863 2654 imaginis
887 2587 1107 2652 cedunt,
1135 2597 1194 2641 ut
1229 2588 1321 2657 qui
1352 2587 1456 2643 ista
1488 2605 1595 2644 non
1630 2590 1774 2647 fece-

184 2670 277 2729 rit.
314 2674 697 2727 contumeliam
724 2677 945 2747 imagini
972 2678 1168 2733 divina:
1198 2679 1449 2734 intulisse
1487 2682 1768 2737 credatur.

181 2761 319 2827 Quis
341 2779 469 2832 ergo
498 2765 599 2819 iste
636 2766 808 2820 honor
832 2768 922 2822 Dei
947 2777 1051 2831 est,
1086 2785 1184 2839 per
1212 2771 1451 2841 lapideas
1473 2780 1527 2827 et
1564 2773 1771 2845 ligneas

182 2855 390 2907 formas
419 2856 748 2923 discurrere,
779 2868 833 2913 et
856 2862 1045 2917 inanes
1072 2870 1235 2933 atque
1257 2864 1537 2919 exanimes
1566 2868 1770 2936 ﬁguras

181 2954 443 3016 tanquam
473 2950 697 3003 numina
720 2953 987 3015 venerari,
1018 2962 1071 3007 et
1117 2952 1389 3009 hominem
1418 2954 1471 3008 in
1503 2972 1613 3026 quo
1643 2973 1770 3012 vere

178 3038 361 3109 imago
393 3039 484 3093 Dei
529 3049 611 3095 est
653 3043 950 3111 spernere?
992 3044 1101 3097 imo
1148 3046 1331 3114 potius
1382 3048 1517 3102 certi
1568 3057 1763 3113 estote,

1902 565 2124 635 quistis,
2149 562 2294 633 quod
2326 577 2435 616 non
2459 558 2769 614 adorastis?
2800 556 2993 620 solem,
3028 556 3233 619 lunam,
3268 555 3477 617 stellas,

1901 669 2122 723 aquam,
2150 661 2373 711 terram.
2405 658 2639 712 montes,
2672 647 2920 705 arbores,
2958 644 3185 715 lapides,
3205 644 3476 707 homines,

1902 746 2033 799 nihil
2056 742 2261 798 horum
2292 749 2378 797 est
2418 739 2564 810 quod
2605 754 2713 791 non
2742 736 3035 790 adorastis.
3069 733 3321 803 Oportuit
3346 748 3479 803 ergo

1895 837 2053 907 juxta
2092 850 2280 889 vocem
2314 840 2547 887 vestram
2594 829 2731 885 nihil
2780 828 2973 881 horum
3004 826 3118 879 fieri
3169 841 3199 879 a
3244 824 3372 886 Deo.
3407 840 3478 881 ne

1898 924 2174 981 haberetis
2221 921 2369 994 quod
2419 923 2655 992 possetis
2690 918 2960 985 adorare;
3000 916 3093 971 sed
3126 932 3191 969 ne
3223 915 3474 971 homines

1895 1017 2115 1086 quidem
2169 1017 2317 1086 ipsos
2365 1028 2489 1068 esse
2526 1013 2787 1081 Oportuit,
2832 1010 2926 1080 qui
2978 1008 3291 1063 adorarent.
3332 1006 3473 1061 Vere

1896 1108 2000 1163 hoc
2029 1116 2114 1164 est
2143 1108 2288 1177 quod
2324 1105 2603 1161 desiderat
2644 1103 2734 1156 ille
2776 1102 2868 1171 qui
2900 1102 3042 1154 intra
3075 1116 3173 1155 vos
3197 1100 3324 1153 latet
3355 1114 3473 1153 scr-

1892 1215 2048 1270 pcns,
2078 1200 2212 1253 nulli
2235 1206 2476 1254 vestrum
2504 1196 2698 1265 parcit,
2736 1195 2945 1249 nullum
2992 1192 3104 1245 vult
3139 1190 3374 1261 ell‘ugere
3401 1188 3471 1244 de

1890 1294 2153 1359 interitu;
2190 1292 2284 1347 sed
2338 1305 2447 1345 non
2501 1290 2575 1343 ita
2606 1290 2732 1344 erit.
2779 1286 2977 1341 Audite
3004 1284 3173 1346 enim,
3197 1283 3324 1353 quia
3358 1298 3468 1337 non

1889 1383 2159 1453 delinquit
2191 1382 2322 1435 illud
2353 1381 2499 1450 quod
2530 1380 2811 1439 aduratur,
2858 1377 2952 1433 sed
3004 1378 3095 1431 ille
3125 1377 3215 1447 qui
3251 1374 3464 1429 adorat.

1883 1471 2101 1530 Iustum
2134 1489 2369 1541 namque
2396 1481 2480 1527 est
2509 1471 2654 1542 apud
2699 1468 2866 1525 Deum
2893 1469 3185 1538 judicium,
3218 1478 3271 1523 et
3308 1468 3468 1522 aliter

1886 1566 2143 1636 injuriam
2174 1566 2470 1635 patientem
2497 1564 2727 1633 iudicat,
2760 1564 2917 1617 aliter
2950 1560 3294 1617 inferentem.

1956 1654 2122 1713 XXV:
2153 1657 2258 1711 Sed
2290 1657 2431 1711 dicis
2462 1676 2475 1710 :
2509 1654 2808 1725 Oportebat
2833 1669 2963 1725 ergo
2990 1668 3085 1708 eos
3112 1653 3204 1722 qui
3234 1652 3466 1706 adorant

1884 1752 2031 1822 quod
2060 1766 2169 1805 non
2204 1750 2328 1805 licet
2358 1748 2600 1812 adorari,
2630 1749 2812 1802 statim
2847 1746 3039 1816 perimi
3072 1760 3101 1797 a
3134 1744 3264 1810 Deo,
3302 1761 3369 1800 ne
3409 1754 3465 1799 et

1886 1846 2032 1899 alius
2065 1844 2169 1898 hoc
2200 1842 2425 1897 faceret.
2451 1840 2557 1896 Sed
2593 1855 2777 1894 nonne
2799 1854 2859 1895 es
2893 1848 2947 1893 tu
2975 1838 3296 1913 prudentior
3327 1836 3460 1901 Deo,

1882 1943 1943 1989 ut
1972 1936 2020 1989 ei
2046 1934 2277 1989 consilia
2305 1947 2565 2003 suggeras
2599 1929 2681 1984 “?
2706 1931 2810 1986 scit
2839 1931 2930 1983 ille
2950 1930 3079 1999 quid
3117 1929 3297 1983 faciat.
3331 1929 3462 1984 0m-

1880 2028 2044 2082 nibus
2073 2026 2274 2081 etenim
2320 2025 2375 2078 in
2420 2023 2724 2095 ignorantia
2759 2023 2952 2093 positis
2976 2023 3293 2092 patientiam
3321 2037 3461 2093 prae-

1880 2129 2014 2182 stat.
2044 2122 2168 2191 quia
2194 2119 2510 2173 misericors
2551 2126 2605 2171 et
2635 2118 2758 2185 pius
2786 2124 2893 2178 est.
2925 2123 2979 2172 et
3019 2115 3299 2185 praevidet,
3330 2115 3458 2186 quia

1878 2231 1945 2271 ex
1978 2216 2161 2285 impiis
2186 2214 2341 2267 multi
2374 2212 2681 2266 efﬁciuntur
2720 2210 2816 2281 pii,
2848 2218 2901 2265 et
2931 2225 2997 2264 ex
3039 2209 3174 2279 ipsis
3221 2211 3315 2278 qui
3355 2210 3459 2263 im-

1877 2323 2013 2378 pura
2042 2306 2294 2378 ﬁgmenta
2322 2312 2377 2358 et
2402 2304 2636 2374 pollutas
2658 2303 2917 2373 imagines
2942 2310 3287 2366 venerantur,
3318 2318 3459 2357 nono

1880 2400 2016 2455 nulli
2054 2398 2304 2453 conversi
2337 2396 2403 2449 ad
2430 2394 2621 2458 Deum,
2655 2402 2708 2449 et
2733 2404 3051 2447 revocantes
3077 2409 3187 2448 sea
3219 2397 3455 2464 peccatis

1876 2498 1930 2545 et
1961 2496 2182 2560 agentes
2221 2488 2360 2541 bona
2390 2503 2574 2558 opera,
2603 2487 2927 2555 perveniunt
2957 2487 3023 2539 ad
3056 2487 3308 2542 salutem.
3345 2486 3454 2541 Sed

1875 2582 2189 2643 debuimus,
2215 2580 2414 2649 inquit,
2446 2580 2671 2632 omnino
2712 2592 2814 2630 nec
2858 2577 2927 2630 ad
2970 2578 3351 2647 cogitationem
3377 2578 3455 2633 is-

1873 2679 1986 2725 tam
2038 2673 2243 2735 venire,
2282 2680 2341 2725 ut
2387 2670 2500 2723 haec
2537 2668 2859 2723 faceremus.
2910 2666 3176 2737 Ignoratis
3211 2669 3339 2739 quid
3367 2677 3455 2723 est

1875 2765 2100 2819 libertas
2132 2764 2368 2827 arbitrii,
2409 2769 2463 2817 et
2513 2761 2645 2815 latet
2677 2776 2772 2815 vos
2803 2763 2933 2830 quia
2978 2762 3067 2815 ille
3117 2777 3243 2815 vere
3274 2762 3452 2817 bonus

1872 2864 1979 2919 est,
2011 2855 2103 2926 qui
2140 2871 2240 2911 suo
2264 2856 2543 2927 proposito
2572 2854 2747 2909 bonus
2780 2861 2892 2919 est;
2927 2854 3019 2923 qui
3049 2861 3227 2907 autem
3256 2869 3451 2908 neces-

1872 2947 2035 3003 sitate
2058 2947 2322 3003 retinetur
2344 2948 2396 2999 in
2430 2948 2591 3011 bono,
2626 2946 2802 2999 bonus
2828 2960 2936 2997 non
2959 2951 3136 3013 potest
3159 2944 3286 3005 dici,
3317 2945 3448 3014 quia

1872 3056 1982 3094 non
2026 3048 2111 3095 est
2154 3054 2313 3093 suum
2356 3037 2500 3108 quod
2548 3046 2652 3091 est.
2685 3035 2824 3102 Quia
2852 3051 2982 3106 ergo
3024 3036 3079 3091 In
3116 3051 3446 3105 unoquoque

180 3130 330 3201 quod
358 3132 453 3202 qui
487 3132 836 3187 homicidium
863 3134 991 3189 facit
1022 3143 1114 3189 aut
1137 3137 1486 3203 adulterium,
1517 3149 1572 3195 et
1603 3141 1759 3212 quid-

1872 3132 2101 3186 Iibertas
2129 3140 2215 3185 est
2240 3132 2293 3183 in
2319 3129 2585 3184 electione
2608 3128 2875 3183 bonorum
2899 3129 2981 3182 vel
3015 3129 3304 3189 malorum,
3328 3128 3446 3197 ipse

179 3222 317 3291 quid
348 3223 403 3277 in
448 3220 729 3278 hominum
762 3241 977 3295 poenam
1008 3229 1090 3282 vel
1144 3229 1397 3298 iniuriam
1442 3232 1669 3299 geritur,
1708 3233 1763 3286 in

173 3307 266 3363 bis
297 3310 552 3365 omnibus
599 3308 692 3363 Dei
747 3311 926 3383 imago
972 3314 1227 3370 violatur.
1260 3316 1452 3387 Magna
1485 3321 1630 3373 enim
1661 3322 1763 3375 im-

171 3399 350 3469 pietas
381 3400 435 3454 in
478 3400 645 3455 Deum
690 3411 795 3466 est,
831 3404 1023 3459 laedere
1072 3409 1387 3464 hominem:
1424 3424 1585 3466 omne
1633 3427 1763 3481 ergo

167 3490 320 3558 quod
346 3491 458 3561 ipse
484 3494 592 3562 pati
626 3508 736 3547 non
761 3494 864 3558 vis,
889 3511 1012 3550 cum
1044 3497 1181 3553 facis
1207 3500 1319 3565 alii,
1347 3501 1637 3572 imaginem
1666 3502 1759 3559 Dei

166 3580 377 3650 iniquis
410 3584 740 3641 mmroribus
787 3586 983 3644 laedas.
1020 3589 1306 3661 Intelligite
1342 3608 1491 3663 ergo,
1516 3596 1645 3664 quia
1677 3597 1760 3649 Ia-

166 3674 343 3727 tentis
374 3674 710 3732 intrinsecus
742 3682 1013 3748 serpentis
1041 3691 1124 3736 est
1170 3684 1273 3738 ista
1306 3688 1604 3755 suggestio.
1634 3704 1755 3758 quze

166 3766 467 3833 persuadet
512 3768 631 3836 pios
680 3785 776 3825 vos
824 3772 992 3825 videri
1026 3790 1206 3843 posse,
1254 3791 1378 3829 cum
1415 3779 1753 3835 insensibilia

158 3854 371 3918 colitis,
404 3864 458 3909 et
489 3873 597 3911 non
636 3860 808 3915 videri
843 3862 1059 3932 impios,
1103 3880 1225 3919 cum
1258 3867 1545 3923 sensibiles
1584 3877 1637 3924 et
1668 3885 1758 3923 ra-

154 3948 460 4003 tionabiles
497 3951 709 4009 laeditis.

238 4037 429 4097 XXIV.
456 4041 561 4097 Sed
594 4044 659 4099 ad
688 4046 803 4102 haec
826 4048 933 4102 alio
958 4049 1115 4104 nobis
1147 4067 1373 4121 serpens
1400 4067 1497 4107 ore
1528 4069 1758 4123 respon-

152 4132 256 4188 det
283 4142 338 4189 et
368 4134 501 4191 dicit
526 4155 537 4188 :
568 4136 626 4192 Si
650 4140 869 4194 nolebat
912 4141 1027 4197 haec
1053 4158 1177 4198 esse
1213 4142 1379 4208 Deus,
1418 4146 1611 4217 utique
1641 4161 1752 4200 non

150 4232 343 4279 erant.
382 4224 634 4282 Nondum
663 4231 821 4285 vobis
842 4231 988 4296 dico,
1012 4233 1286 4303 quomodo
1312 4234 1377 4289 ad
1401 4237 1755 4306 uniuscujus-

150 4331 271 4387 que
298 4320 499 4375 mentis
534 4322 913 4389 probationem
957 4324 1011 4378 in
1048 4324 1153 4381 hoc
1182 4326 1389 4380 mundo
1423 4328 1753 4398 permittun-

153 4418 253 4462 tur
286 4423 412 4464 esse
444 4414 615 4465 multa
644 4416 952 4483 contraria;
986 4417 1083 4473 sed
1114 4417 1247 4472 illud
1291 4426 1377 4475 est
1423 4419 1570 4489 quod
1603 4435 1749 4473 nunc

1870 3224 1972 3279 sibi
2004 3225 2085 3279 vel
2125 3222 2347 3292 praemia
2386 3222 2469 3275 vel
2521 3221 2801 3274 interitum
2836 3220 3051 3290 quaerit.
3085 3218 3217 3281 lino,
3243 3219 3442 3288 inquit,

1868 3314 2134 3386 quidquid
2166 3314 2490 3385 cogitamus,
2528 3310 2672 3366 Deus
2718 3311 2879 3366 nobis
2924 3310 3145 3364 adducit
3184 3311 3250 3364 ad
3284 3325 3441 3364 men-

1868 3417 1999 3464 tem.
2032 3408 2172 3473 Quid
2194 3407 2376 3477 agitis,
2402 3422 2435 3457 o
2466 3404 2748 3457 homines?
2768 3402 3189 3471 blasphematis;
3218 3402 3264 3456 si
3292 3403 3440 3457 enim

1864 3516 2027 3556 omne
2050 3500 2195 3570 quod
2244 3500 2569 3567 cogitamus,
2614 3497 2730 3565 ipse
2758 3495 2916 3550 nobis
2938 3493 3159 3548 adducit
3182 3495 3249 3549 ad
3281 3510 3438 3548 men-

1864 3602 1995 3655 tem,
2030 3591 2148 3662 ipse
2177 3606 2307 3661 ergo
2327 3590 2484 3643 nobis
2511 3587 2870 3658 cogitationes
2891 3587 3143 3641 adulterii
3175 3588 3437 3657 suggerit,

1863 3695 1916 3739 et
1947 3683 2210 3745 avaritiae,
2234 3690 2288 3735 et
2314 3680 2686 3749 blasphemiae,
2708 3678 2998 3747 omnisque
3037 3678 3301 3732 luxuriae?
3328 3678 3436 3733 De-

1864 3774 2047 3837 sinite,
2081 3787 2285 3843 quaeso,
2308 3772 2377 3825 ab
2412 3770 2725 3839 hujusmodi
2751 3770 3126 3839 blasphemiis,
3156 3779 3209 3825 et
3232 3772 3325 3841 qui
3365 3773 3439 3827 sit

1862 3866 1977 3921 Deo
2001 3867 2198 3937 dignus
2224 3864 2398 3919 honor
2436 3862 2742 3931 intelligite.
2778 3860 2887 3917 Nec
2911 3863 3134 3926 dicatis,
3170 3875 3228 3918 ut
3258 3865 3436 3919 solent

1860 3956 2081 4027 quidam
2110 3962 2376 4019 vestrum,
2408 3954 2536 4023 quia
2566 3950 2709 4007 Deus
2735 3953 3045 4006 mortalium
3087 3956 3292 4009 honore
3323 3971 3431 4009 non

1858 4046 2082 4116 indiget.
2133 4045 2225 4099 Ille
2268 4044 2490 4114 quidem
2540 4059 2667 4098 vere
2708 4043 2915 4097 nullius
2946 4044 3170 4113 indiget,
3202 4046 3297 4100 sed
3333 4062 3431 4101 vos

1861 4142 2069 4197 debetis
2098 4153 2416 4209 agnoscere,
2460 4137 2586 4207 quia
2619 4135 2776 4191 vobis
2814 4136 3037 4205 prodest
3073 4139 3248 4195 honor
3269 4154 3431 4208 quem

1856 4233 1969 4289 Deo
2000 4231 2245 4287 defertis.
2280 4228 2421 4295 Quid
2466 4228 2611 4283 enim
2643 4237 2752 4281 tam
2801 4230 3154 4293 exsecrabile,
3184 4244 3344 4299 quam
3385 4231 3433 4285 si

1857 4327 2089 4398 gratiam
2115 4324 2322 4379 referre
2353 4322 2564 4376 nesciat
2591 4322 2754 4377 homo
2776 4324 2997 4391 proprio
3018 4323 3328 4378 conditori?

1930 4417 2118 4473 XXVI.
2148 4416 2252 4472 Sed
2277 4418 2491 4478 melius,
2517 4413 2713 4484 inquit,
2742 4414 2971 4469 facimus
2991 4429 3111 4475 nos,
3133 4415 3227 4483 qui
3248 4424 3303 4468 et
3326 4415 3429 4485 ipsi

150 4498 381 4553 interim
413 4504 676 4557 convenit
697 4505 829 4569 dici,
858 4508 903 4561 si
942 4508 1243 4562 secundum
1282 4524 1377 4563 vos
1408 4523 1571 4565 omne
1598 4510 1745 4580 quod
1782 4492 1830 4552 υ
1855 4522 1909 4568 et
1937 4512 2194 4565 omnibus
2233 4524 2357 4563 cum
2406 4507 2525 4578 ipso
2551 4507 2757 4577 gratias
2804 4507 3036 4576 agim‘us.
3079 4506 3136 4561 In
3167 4507 3269 4561 hoc
3301 4509 3431 4584 sub-

150 4588 497 4646 adm-andum
528 4601 646 4647 erat
674 4609 798 4652 esse
836 4611 950 4652 non
994 4597 1216 4665 debuit,
1244 4600 1383 4655 nihil
1421 4616 1562 4671 pene
1589 4600 1741 4655 futu-

231 4705 276 4738 "
300 4703 463 4761 Rom.
493 4722 574 4772 ιι,
601 4706 692 4779 54,

1849 4602 2157 4658 versionem
2188 4598 2383 4657 salutis
2426 4604 2622 4654 vestra
2655 4612 2780 4651 .non
2820 4598 3146 4668 intelligitis.
3187 4596 3318 4654 Tale
3339 4606 3426 4655 est

1479 4868 1858 4926 COTELEBII
1892 4870 2125 4929 NOTE.

230 5001 339 5079 (ἰή)
374 5001 441 5057 In
480 5003 791 5079 on_mi_enim
822 5005 1119 5064 homine....
1159 5018 1210 5063 et
1251 5025 1396 5079 mens
1426 5024 1584 5079 pura.
1618 5009 1739 5066 Cle-

149 5074 376 5127 mentia.
419 5090 472 5134 ς,
533 5075 581 5129 7.
625 5073 788 5129 Juxta
843 5080 1170 5133 sententiam
1224 5079 1284 5133 Β.
1337 5073 1557 5135 Μειξιὶηιί
1608 5098 1739 5136 cen-

146 5143 297 5221 tulria
328 5143 380 5221 ᾇ,
416 5144 801 5221 Der/raritate,
832 5163 885 5221 rt.
1020 5167 1032 5199 :
1072 5151 1405 5203 Κατέἱκόνα
1440 5152 1562 5221 μὲν,
1592 5154 1741 5206 πᾶσα

145 5211 315 5335 idat;
340 5214 523 5286 λογική
564 5217 679 5268 ἐστι
710 5217 803 5271 τοῦ
832 5218 986 5272 Θεοῦ.
1020 5221 1154 5273 Καθ’
1193 5211 1452 5290 ὁμοίωσιῦ
1481 5211 1559 5285 se,
1594 5223 1742 5291 μόνοι

190 5284 346 5335 γαθοὶ
370 5288 459 5335 καὶ
496 5287 665 5335 σοφοί.
704 5286 747 5335 Α
789 5304 894 5335 non
938 5291 1128 5335 nmini;
1152 5300 1329 5335 tamen
1362 5292 1543 5335 imaon
1582 5302 1635 5335 ρι
1661 5294 1738 5335 ai-

190 5284 665 5363 χεθοὶ-καὶλάᾳφᾳί.
789 5304 894 5363 non
938 5291 1128 5363 paucis
1152 5284 1329 5345 tamen
1362 5284 1551 5361 imago
1582 5284 1636 5346 et
1660 5294 1738 5349 si-

146 5354 408 5433 militudo
469 5354 560 5433 Dei
613 5358 667 5433 in
701 5354 991 5433 homine,
1035 5360 1176 5433 idem
1244 5377 1415 5433 esse,”
1445 5354 1735 5433 pittantur.

148 5422 393 5499 l-imenda
434 5426 615 5481 obiter
646 5426 911 5483 Isidorqu
936 5430 1336 5499 Hispalensem,
1366 5422 1504 5485 libro
1532 5432 1605 5486 De
1648 5451 1737 5486 or-

146 5492 690 5573 dine'creaturnarum,
724 5515 845 5573 cap.
884 5502 1006 5573 u_lt.,
1037 5492 1177 5554 tom.
1217 5498 1522 5572 lb‘picilegii
1566 5504 1735 5559 Ache—

145 5565 292 5645 γ’ἐαηί
331 5580 383 5645 p.
557 5585 569 5619 :
613 5565 671 5620 Si
703 5565 840 5624 enim
882 5571 946 5625 de
986 5573 1259 5645 semetipso
1294 5565 1414 5626 eam
1446 5565 1732 5645 (animam)

146 5630 293 5712 Deus
331 5630 927 5712 Tecissrt,_nequaquam
972 5630 1244 5710 passibilis
1281 5653 1331 5696 et
1372 5630 1640 5697 mutabilis
1681 5630 1731 5699 et

146 5706 346 5761 misera
371 5716 527 5761 esset.
563 5706 697 5761 Item
718 5706 861 5765 sies
892 5706 1149 5766 creaturis
1180 5714 1543 5781 corporalibus
1576 5716 1725 5769 illam

143 5786 397 5856 creasset,
421 5787 471 5830 et
501 5781 775 5856 corporale
806 5783 1007 5856 aliquid
1040 5784 1091 5836 in
1120 5800 1217 5856 sua
1252 5795 1448 5856 natura
1479 5784 1725 5849 haberet;

146 5854 261 5911 aut,
296 5848 506 5901 inustam
539 5848 702 5917 (male
724 5848 1033 5923 nunquam),
1065 5854 1291 5910 calorem
1326 5854 1389 5909 de
1428 5857 1600 5927 ignea,
1634 5848 1723 5913 aut

1841 5015 2029 5083 ﬂatum
2057 5029 2121 5068 es
2160 5030 2333 5075 aerea.
2360 5024 2452 5067 aut
2474 5011 2743 5068 humorem
2772 5028 2838 5067 ea:
2865 5013 3133 5082 aquatica,
3159 5022 3251 5065 aut
3274 5030 3419 5069 cras-

1843 5085 2127 5139 situdinem
2160 5095 2207 5139 et
2240 5085 2561 5139 soliditatem
2592 5101 2657 5138 ex
2693 5095 2898 5138 terrena
2931 5085 3150 5135 materia
3174 5084 3420 5148 haberet;

1845 5156 1935 5209 sed
1966 5158 2089 5224 quia
2120 5158 2200 5210 his
2229 5155 2469 5209 omnibus
2508 5165 2672 5217 caret,
2714 5156 3076 5222 iucorpoream
3105 5154 3255 5206 illam
3310 5170 3423 5207 esse

1847 5226 2115 5279 conditam
2146 5229 2416 5291 convenit;
2447 5236 2493 5279 et
2520 5242 2610 5293 per
2630 5228 2801 5294 ipsam
2833 5224 3337 5294 incorporalitatem,
3371 5234 3421 5278 et

1845 5307 2213 5358 wtermtatem,
2257 5310 2306 5350 et
2337 5293 2766 5355 mutabilitatem,
2809 5306 2857 5347 et
2888 5293 3037 5346 liberi
3082 5295 3289 5347 arbitrii
3328 5310 3423 5361 po-

1843 5376 2115 5429 testatem,
2164 5368 2396 5422 eamdem
2436 5384 2551 5420 rum
2592 5367 2791 5436 angelis
2829 5365 3019 5436 habere
3063 5364 3421 5436 substantiam

1839 5438 2437 5508 creandiquerordinem
2500 5433 2843 5508 digmﬁcitur.
2901 5434 3027 5508 Hac
3076 5446 3272 5508 autem,
3324 5433 3423 5508 Dei

1840 5509 2014 5578 imago
2042 5503 2142 5562 non
2176 5507 2303 5579 Heg.
2345 5503 2649 5579 imaginem]
2679 5508 2733 5560 in
2763 5507 3074 5579 aeternitate,
3109 5503 3419 5579 similitudi-

1838 5574 1966 5632 nem'
1995 5581 2049 5632 in
2079 5574 2301 5633 arbitrio
2351 5574 2511 5633 libero
2560 5574 2665 5648 (sic
2713 5576 2968 5645 restituo)
3023 5575 3306 5648 possidet:
3356 5574 3422 5627 de

1835 5667 1941 5720 qua
1971 5651 2217 5721 imaginis
2240 5650 2337 5704 Dei
2358 5644 2703 5721 similitudine
2730 5644 2983 5716 impressa
3009 5645 3257 5721 propheta
3277 5661 3422 5721 coni-

1833 5714 2111 5787 i'uemorat',
2145 5723 2360 5779 dicens:
2400 5718 2707 5792 «Signinum
2734 5714 2893 5790 super
2918 5714 3017 5772 m
3046 5718 3219 5772 lumen
3244 5714 3420 5771 rullus

1833 5795 1929 5848 tui.
1972 5812 1990 5845 ι
