4078 6336
592 400 736 458 1363

1447 400 1506 457 S.
1547 398 1938 456 CLEMENTIS
1976 398 1993 453 1
2034 397 2200 455 ROM.
2238 393 2441 452 PONT.
2479 393 2706 453 OPERA
2746 388 2973 449 DUBIA.

3694 379 3838 438 13“

588 506 736 573 edim
761 515 891 581 hoc,
915 516 1078 585 quale
1121 500 1329 585 siquis
1356 529 1499 586 aeger
1523 514 1592 568 ad
1638 514 1903 570 medelam
1936 516 2020 568 sui
2048 529 2162 568 me-
2188 517 2235 577 Α
2262 511 2419 565 vobis
2448 510 2703 581 dicemus
2744 523 2864 581 qua
2892 508 2968 563 in
3008 522 3067 560 re
3114 505 3276 565 sunt?
3302 500 3547 573 nunquid
3586 509 3841 555 tacentes

589 608 775 664 dicuin
811 608 1017 678 pariter
1035 614 1089 663 et
1118 607 1441 662 venenarios
1463 607 1673 670 invitet.
1703 622 1828 661 cum
1858 606 1931 660 illi
1967 620 2161 661 nocere

588 698 810 770 quidem
854 700 1087 769 possint.
1130 712 1324 754 curare
1353 714 1459 753 non
1508 698 1743 769 possint.
1776 712 1941 753 verus
1980 706 2159 749 autem

589 789 840 846 medicus
869 791 1093 845 venenis
1126 790 1340 844 illorum
1379 797 1595 845 recuset
1642 802 1739 844 sua
1771 787 2160 843 medicamenta

590 882 846 944 miscere.
879 898 945 937 ne
974 889 1067 934 aut
1106 881 1379 952 pernicies
1417 881 1563 936 bono
1593 888 1685 935 aut
1729 879 1935 936 sanitas
1958 893 2159 933 nocen-

587 970 739 1026 tibus
761 970 1089 1026 ascribatur.
1120 969 1303 1027 Dicis:
1337 969 1479 1041 Ergo
1508 971 1824 1041 indignatur
1844 977 1935 1024 aut
1954 969 2158 1024 invidet

587 1060 756 1126 Deus,
798 1064 855 1118 sl
872 1076 997 1117 cum
1037 1063 1154 1133 ipse
1187 1062 1516 1125 benefaciat,
1544 1063 1665 1116 aliis
1690 1062 1876 1133 gratim
1914 1060 2157 1115 referan-

589 1155 721 1210 tur?
766 1145 994 1207 Etiamsi
1038 1168 1147 1207 non
1184 1153 1516 1223 indignetur.
1555 1168 1662 1206 non
1694 1152 1809 1205 vult
1851 1159 2033 1207 tamen
2065 1157 2157 1206 er-

587 1243 732 1299 roris
761 1250 953 1297 auctor
981 1243 1236 1304 existere.
1272 1250 1333 1296 ut
1382 1242 1466 1297 sui
1497 1242 1681 1311 operis
1709 1242 1971 1297 beneﬂcio
2004 1240 2155 1296 inani

570 1334 736 1390 'Idolo
767 1334 901 1390 ﬁdes
936 1334 1114 1389 detur.
1148 1333 1288 1400 Quid
1320 1342 1468 1389 certe
1496 1342 1603 1388 tam
1644 1334 1903 1404 impium.
1936 1340 2045 1387 tam
2071 1334 2155 1388 in-

588 1433 826 1496 gratum,
848 1438 1015 1494 quam
1057 1438 1087 1477 a
1132 1423 1243 1477 Deo
1275 1422 1593 1479 beneficium
1624 1424 1882 1493 consequi
1906 1462 1921 1486 ,
1952 1430 2005 1478 et
2032 1423 2155 1478 red-

585 1515 718 1572 dere
771 1516 932 1586 lignis
979 1529 1043 1570 ac
1098 1515 1370 1585 lapidibus
1414 1516 1683 1585 gratiam?
1730 1515 1955 1586 Propter
2007 1514 2154 1585 quod

584 1606 1031 1678 expergiscimini
1055 1616 1109 1661 et
1137 1607 1421 1677 intelligite
1449 1606 1679 1662 salutem
1710 1613 1983 1675 vestram;
2011 1604 2155 1663 Deus

582 1697 729 1755 enim
753 1696 956 1752 nullius
981 1697 1208 1769 indiget.
1241 1712 1419 1768 neque
1464 1698 1945 1769 aliquidrequirit,
1976 1714 2155 1769 neque

584 1790 642 1847 in
678 1790 863 1861 aliquo
895 1790 1132 1854 laeditur.
1163 1789 1257 1845 sed
1290 1806 1391 1845 nos
1422 1806 1612 1847 sumus
1640 1791 1735 1861 qui
1767 1799 1863 1845 aut
1898 1792 2154 1860 juvamur

2264 604 2591 659 annuntiare
2630 615 2925 672 possumus
2964 597 3289 653 veritatem?
3328 594 3457 661 Quae
3487 601 3637 658 sunt.
3673 592 3841 647 aliter

2264 711 2425 767 quam
2459 703 2610 759 sunt,
2645 693 2888 764 proferre
2929 690 3225 745 nescimus.
3267 687 3421 755 Quod
3452 686 3497 741 si
3528 695 3837 747 taceamus.

2260 798 2483 845 causam
2518 785 2675 840 vobis
2720 782 3042 854 perniciose
3072 779 3392 851 ignorantia
3425 792 3528 833 nos
3552 776 3836 836 dabimus.

2261 884 2315 934 et
2337 876 2740 933 satisfaciemus
2766 873 2948 929 latenti
2980 874 3121 927 intra
3144 887 3241 927 vos
3268 880 3321 925 et
3342 869 3609 925 obsidenti
3634 882 3840 922 sensus

2261 979 2472 1025 vestros
2503 968 2761 1038 serpenti.
2788 967 2882 1038 qui
2915 966 3031 1021 haec
3063 964 3215 1021 vobis
3244 963 3439 1017 callide
3470 960 3732 1031 suggerit.
3773 967 3839 1011 ut

2261 1074 2475 1130 semper
2518 1074 2616 1115 vos
2661 1059 2917 1114 inimicos
2966 1058 3132 1112 faciat
3178 1054 3309 1111 Deo.
3342 1053 3447 1108 Sed
3480 1068 3580 1109 nos
3623 1052 3691 1106 ad
3725 1051 3838 1105 hoc

2258 1154 2411 1208 missi
2446 1169 2660 1215 sumus,
2704 1161 2763 1207 ut
2801 1152 3095 1223 prodamus
3130 1148 3284 1204 vobis
3330 1148 3568 1203 latebras
3597 1146 3737 1214 ejus,
3777 1150 3837 1198 et

2260 1246 2603 1304 absolventes
2650 1245 2965 1299 inimicitias
3014 1239 3430 1296 reconciliemus
3477 1252 3576 1293 vos
3601 1234 3729 1298 Deo.
3770 1242 3836 1288 ut

2259 1338 2325 1390 ad
2358 1336 2537 1406 ipsum
2569 1332 2965 1389 convertamini
2998 1338 3051 1386 et
3094 1330 3353 1400 placeatis
3386 1327 3435 1382 ei
3483 1328 3535 1381 in
3570 1326 3836 1398 Operibus

2259 1426 2439 1481 bonis.
2474 1424 2773 1479 Inimicitiae
2815 1436 3051 1493 namque
3092 1429 3220 1476 sunt
3263 1418 3469 1474 homini
3522 1417 3589 1472 ad
3621 1416 3834 1479 Deum.

2257 1519 2649 1576 irrationabilis
2689 1524 2745 1572 et
2786 1516 2987 1587 impius
3034 1528 3229 1571 sensus
3260 1526 3594 1583 pravumque
3626 1525 3837 1582 propo-

2258 1610 2446 1673 situm,
2484 1608 2723 1662 maxime
2753 1622 2877 1661 cuni
2933 1605 3150 1660 videtur
3199 1604 3301 1661 sibi
3337 1602 3478 1659 scire
3526 1602 3731 1672 aliquid
3776 1610 3836 1657 et

2256 1708 2342 1755 est
2387 1700 2442 1756 in
2477 1698 2801 1770 ignorantia.
2859 1696 2961 1752 Ubi
3008 1703 3187 1750 autem
3241 1693 3465 1763 abiectis
3508 1692 3593 1747 his
3636 1693 3834 1748 eadem

2257 1791 2413 1847 vobis
2451 1791 2663 1861 placere
2707 1789 2973 1859 coeperint
3001 1802 3121 1857 que
3145 1785 3254 1841 Deo
3288 1785 3520 1855 placent.
3548 1790 3601 1839 et
3636 1785 3832 1839 eadem

586 1856 963 1936 aut-lmdimur
996 1882 1049 1936 in
1082 1896 1149 1935 eo
1200 1881 1347 1951 quod
1396 1883 1535 1953 grati
1590 1856 1683 1935 aut
1714 1856 1914 1953 ingrati
1942 1898 2150 1938 sumus.
2186 1856 2229 1913 Β
2261 1856 2551 1954 displicere
2583 1882 2759 1945 vobis.
2794 1856 2959 1950 atque
2986 1856 3049 1935 ea
3082 1878 3361 1949 cmperitis
3394 1876 3530 1933 velle
3563 1891 3685 1948 quae
3712 1875 3835 1931 vult

583 1970 721 2026 Nam
772 1970 882 2026 Deo
902 2004 908 2010 -
929 1971 1061 2041 quid
1093 1971 1375 2027 confertur
1414 1988 1477 2027 ex
1508 1972 1760 2029 laudibus
1792 1974 2032 2029 nostris?
2064 1980 2157 2028 aut

583 2062 715 2133 quid
748 2059 995 2117 aufertur
1024 2077 1089 2117 ex
1121 2062 1510 2132 blasphemiisl
1551 2063 1655 2119 nisi
1687 2062 1835 2134 quod
1867 2062 2008 2119 Deus
2038 2064 2159 2119 ani-

582 2170 729 2209 mam
769 2154 873 2209 sibi
902 2161 1108 2224 gratias
1136 2160 1408 2223 agentem.
1439 2156 1741 2225 proximam
1778 2155 1881 2211 sibi
1910 2163 1965 2211 et
2000 2155 2157 2212 fami-

583 2246 773 2303 liarem
804 2246 956 2310 facit.
989 2246 1253 2316 ingratam
1284 2262 1413 2301 vero
1442 2248 1618 2302 malus
1650 2247 1891 2318 possidet
1918 2248 2151 2305 daemon.

654 2336 869 2393 XXVII.
902 2337 1007 2392 Sed
1037 2345 1093 2393 et
1124 2337 1257 2393 illud
1294 2339 1437 2394 scire
1467 2352 1567 2393 vos
1614 2340 1755 2403 volo,
1787 2340 1931 2409 quod
1962 2340 2157 2395 adver-

582 2444 704 2485 smn
736 2428 1050 2499 bujusmodi
1081 2429 1294 2484 animas
1329 2446 1439 2485 non
1468 2431 1585 2501 ipse
1616 2430 1756 2487 Deus
1788 2447 1883 2503 per
1909 2448 1967 2488 se
1999 2432 2157 2489 ultio-

582 2536 704 2577 nem
735 2520 961 2591 profert.
996 2520 1091 2576 sed
1124 2521 1377 2577 universa
1406 2533 1657 2577 creatura
1686 2523 1806 2592 ejus
1836 2524 2069 2594 insurgit
2100 2531 2154 2580 et

580 2626 772 2685 poenas
802 2611 870 2667 de
923 2612 1105 2681 impiis
1153 2611 1355 2677 sumit;
1404 2620 1459 2667 et
1501 2614 1751 2683 quamvis
1802 2614 1855 2668 in
1898 2615 2152 2684 praesenti

582 2704 789 2760 sccqu
820 2702 913 2759 Dei
948 2703 1166 2759 bonitas
1195 2703 1478 2773 aqualiter
1512 2704 1617 2775 piis
1644 2712 1699 2759 et
1725 2706 1906 2777 impiis
1961 2706 2152 2761 mundi

579 2793 757 2849 lucem
809 2806 873 2847 ac
929 2802 1086 2848 terra:
1127 2794 1432 2849 ministeria
1478 2793 1762 2866 largiatur,
1812 2805 1991 2852 tamen
2040 2810 2151 2852 non

580 2884 791 2955 absque
809 2882 999 2939 dolore
1031 2884 1115 2939 sui
1144 2884 1319 2939 lucem
1349 2885 1432 2940 sol
1463 2884 1645 2955 impiis
1676 2886 1897 2957 prabet,
1931 2894 2150 2943 caetera-

577 2990 686 3045 que
718 2974 988 3030 elementa
1014 2974 1276 3030 exhibent
1308 2976 1649 3032 servitutem.
1693 2975 1937 3049 Denique
1980 2980 2151 3037 inter-

576 3065 707 3121 dum
751 3068 916 3126 etlarn
969 3074 1162 3120 contra
1200 3066 1497 3122 bonitatem
1538 3068 1888 3143 Conditoris,
1927 3070 2149 3143 fatigata

577 3156 877 3213 sceleribus
920 3156 1211 3227 impiorum
1259 3157 1553 3212 vincuntur
1591 3161 1879 3225 elementa,
1912 3169 1968 3216 et
2022 3163 2151 3219 inde

574 3256 662 3305 est
692 3246 838 3318 quod
882 3256 975 3301 aut
1006 3256 1167 3303 terra:
1199 3246 1411 3305 fructus
1450 3252 1838 3322 corrumpitur,
1880 3261 1975 3308 aut
2006 3256 2150 3312 aeris

577 3338 873 3410 temperies
905 3346 1225 3404 temeratur.
1254 3348 1352 3394 aut
1387 3356 1552 3414 supra
1602 3343 1820 3398 modum
1865 3345 2029 3401 ardor
2060 3362 2151 3403 so-

576 3428 648 3484 lis
684 3427 1014 3493 incenditur,
1067 3431 1151 3486 vel
1198 3430 1452 3486 imbrium
1496 3448 1560 3488 ac
1609 3434 1871 3505 frigorum
1920 3439 2004 3493 vis
2048 3439 2151 3493 im-

574 3534 765 3577 mensa
796 3518 1142 3577 did‘unditur.
1182 3520 1310 3579 lude
1358 3523 1497 3587 lues.
1543 3534 1597 3581 et
1626 3524 1796 3583 fames
1818 3567 1835 3592 .
1865 3536 1919 3584 et
1959 3530 2150 3588 mortis

576 3611 748 3667 facies
779 3612 994 3668 diversa
1044 3616 1345 3684 percurrit.
1385 3614 1609 3671 festinat
1638 3619 1782 3673 enim
1815 3628 2062 3676 creatura
2093 3623 2149 3677 in

576 3702 774 3773 impios
818 3718 1036 3759 movere
1079 3704 1403 3763 vindictam.
1445 3706 1539 3763 Dei
1572 3716 1754 3764 tamen
1805 3710 2023 3769 bonitas
2062 3729 2149 3771 re-

574 3792 763 3865 primit
790 3808 933 3855 eam.
960 3802 1013 3849 et
1042 3796 1110 3849 ab
1140 3795 1515 3867 indignatione
1562 3798 1852 3871 impiorum
1886 3802 2145 3873 refrenat,

572 3898 640 3940 ac
670 3900 782 3939 sua!
822 3886 1217 3942 misericordiae
1252 3888 1475 3945 obedire
1524 3891 1698 3961 cogit.
1753 3893 1927 3965 magis
1980 3911 2145 3966 quam

574 3976 813 4046 peccatis
847 3976 1130 4031 hominum
1155 3986 1209 4033 et
1232 3979 1531 4035 sceleribus
1564 3980 1922 4049 inflammari;
1958 4000 2149 4055 exspe-

570 4068 688 4115 ctat
715 4062 861 4115 enim
896 4064 1156 4135 patientia
1188 4063 1305 4128 Dei,
1335 4065 1464 4121 dum
1512 4066 1569 4121 in
1612 4068 1714 4125 hoc
1740 4084 1967 4142 corpore
1994 4080 2144 4138 sunt,

571 4149 852 4205 hominum
880 4154 1317 4210 conversionem.

641 4230 877 4300 XXVIII.
907 4244 1063 4311 Quod
1093 4246 1141 4302 si
1168 4249 1261 4319 qui
1291 4249 1358 4303 ad
1386 4251 1592 4306 exitum
1632 4252 1754 4311 vitae
1793 4255 1848 4309 in
1872 4257 2146 4325 impietate

569 4339 928 4407 perstiterint,
964 4348 1077 4395 tum
1094 4342 1208 4411 jam
1241 4342 1529 4401 discedens
1558 4346 1741 4402 anima
1772 4364 1894 4420 quae
1922 4350 2147 4406 immor-

566 4428 695 4483 talis
720 4440 826 4496 est,
854 4445 953 4501 pro
984 4432 1279 4501 impietatis
1306 4449 1418 4489 suae
1456 4438 1855 4505 perseverantia
1890 4440 2000 4496 luet
2027 4454 2146 4511 pte-

2259 1976 2423 2037 Deus.
2457 1985 2590 2030 tunc
2617 1990 2742 2041 vere
2773 1972 2935 2027 amici
2970 1972 3090 2042 ejus
3121 1970 3397 2028 dicemini.

2330 2066 2515 2124 XXIX.
2548 2066 2653 2123 Sed
2686 2064 2938 2121 fortassis
2964 2062 3131 2134 aliqui
3160 2078 3228 2118 ex
3257 2062 3411 2117 vobis
3434 2061 3653 2119 dicent:
3680 2060 3833 2117 Nihil

2257 2174 2403 2216 cune
2429 2166 2512 2214 est
2536 2156 2648 2212 Deo
2681 2157 2748 2213 de
2780 2157 2941 2212 rebus
2970 2155 3249 2215 humanis.
3270 2162 3322 2209 et
3348 2155 3505 2224 cujus
3538 2171 3604 2210 ne
3634 2155 3703 2209 ad
3726 2169 3832 2208 no-

2254 2251 2430 2306 titiam
2476 2250 2693 2321 quidem
2743 2262 3037 2319 possumus
3089 2246 3397 2316 pervenire,
3447 2245 3719 2318 quomodo
3758 2245 3831 2299 ad

2256 2340 2525 2397 amicitias
2578 2338 2995 2410 perveniemus?
3044 2336 3199 2404 Quod
3245 2336 3389 2393 Deus
3434 2354 3621 2393 curam
3677 2348 3835 2409 gerat

2255 2433 2620 2489 humanarum
2650 2446 2855 2495 rerum,
2900 2430 3074 2501 ipsius
3103 2430 3293 2485 mundi
3324 2430 3643 2501 gubernatio
3670 2431 3834 2486 testis

2252 2534 2356 2589 est,
2392 2524 2481 2579 cui
2530 2523 2612 2580 sol
2661 2523 2906 2593 quotidie
2954 2520 3225 2586 deservit,
3278 2521 3365 2576 cui
3410 2521 3610 2577 imbres
3666 2522 3836 2575 mini-

2255 2618 2453 2677 strant,
2480 2610 2568 2665 cui
2608 2609 2810 2674 fontes,
2842 2609 3113 2673 ﬂumina..
3140 2610 3400 2681 ventique
3448 2621 3502 2667 et
3534 2613 3719 2665 omnia
3750 2611 3835 2665 fa-

2254 2706 2534 2760 mulantur
2562 2704 2851 2768 elementa,
2876 2719 2997 2775 qua:
3032 2712 3239 2776 quanto
3266 2707 3480 2759 notiora
3509 2704 3834 2763 hominibus

2252 2797 2527 2861 videntur,
2559 2804 2713 2851 tanto
2745 2812 2935 2851 utram
2970 2795 3063 2851 Dei
3097 2812 3220 2853 esse
3259 2812 3387 2870 erga
3414 2798 3659 2854 homines
3686 2799 3835 2854 indi-

2251 2898 2401 2947 cant.
2437 2888 2553 2944 Nisi
2576 2889 2720 2944 enim
2747 2896 3016 2961 potestate
3042 2884 3277 2954 Excelsi.
3306 2904 3584 2960 nunquam
3615 2892 3834 2961 potiora

2252 2981 2608 3038 inferioribus
2651 2982 3058 3050 ministrarent;
3106 2992 3181 3038 et.
3211 2998 3308 3054 per
3360 2983 3464 3039 hoc
3504 2998 3614 3039 non
3644 2984 3831 3039 solum

2249 3088 2438 3131 curam
2470 3074 2615 3131 Deus
2644 3088 2771 3147 erga
2802 3075 3074 3140 homines,
3110 3074 3206 3130 sed
3250 3074 3507 3146 grandem
3535 3076 3833 3146 quemdam

2178 3206 2220 3264 C
2252 3167 2451 3225 habere
2498 3167 2726 3223 docetur
2768 3167 3043 3231 affectum.
3094 3182 3323 3238 quorum
3369 3167 3677 3223 ministerio
3713 3177 3831 3222 tam

2250 3260 2514 3331 praclara
2560 3259 2892 3330 mancipavit
2936 3260 3226 3317 elementa.
3260 3260 3417 3327 Quod
3448 3268 3627 3315 autem
3658 3260 3831 3316 etiam

2251 3350 2320 3406 ad
2353 3351 2623 3407 amicitias
2666 3349 2759 3407 Dei
2800 3351 3119 3423 perveniant
3144 3352 3415 3416 homines,
3444 3351 3695 3421 exemplo
3723 3366 3831 3406 no-

2250 3444 2335 3499 bis
2367 3451 2494 3499 sunt
2525 3445 2579 3499 hi
2610 3460 2844 3515 quorum
2873 3445 3126 3515 precibus
3166 3454 3370 3500 tantum
3402 3445 3625 3500 indulsit
3663 3445 3728 3507 ³⁸,
3767 3453 3832 3499 ut

2250 3534 2530 3591 clauderet
2559 3536 2825 3591 imbribus
2853 3536 3052 3592 ctelum
3098 3552 3221 3592 eum
3269 3536 3488 3599 vellent.
3518 3546 3573 3591 et
3602 3552 3829 3591 rursum

2253 3642 2376 3683 cum
2420 3636 2666 3699 peterent
2713 3628 3015 3693 relaxaret;
3048 3636 3101 3683 et
3149 3628 3318 3684 multa
3349 3630 3452 3685 alia
3486 3630 3827 3684 voluntatem

2250 3734 2404 3775 suam
2436 3718 2763 3774 facientibus
2795 3720 3069 3789 praestitit,
3100 3735 3221 3789 qum
3248 3735 3357 3774 non
3400 3720 3504 3774 nisi
3549 3721 3829 3776 amicissi-

2249 3810 2354 3866 mis
2397 3818 2803 3881 praestarentur.
2863 3810 2967 3879 sed
3014 3810 3204 3866 dices:
3237 3810 3376 3877 Quid
3435 3813 3579 3879 enin)
3610 3812 3831 3869 laeditur

2250 3896 2415 3963 Deus.
2450 3901 2496 3956 si
2535 3908 2589 3956 et
2619 3901 2721 3957 ista
2770 3902 3021 3957 colantur
3048 3918 3078 3957 a
3111 3902 3302 3958 nobis?
3332 3901 3387 3957 Si
3423 3906 3547 3973 quis
3579 3914 3827 3961 vestrum

2246 3991 2515 4056 honorem
2561 3993 2700 4063 patri
2748 3991 3013 4056 debitum,
3052 4009 3082 4049 a
3121 4010 3227 4065 quo
3274 3996 3505 4066 plurima
3556 3997 3828 4052 beneficia

2248 4092 2581 4139 consecutus
2601 4092 2705 4149 est,
2740 4086 2832 4141 alii
2856 4085 3087 4151 deferat,
3112 4094 3165 4142 et
3186 4087 3422 4142 alienum
3447 4096 3611 4157 atque
3638 4098 3828 4144 extra-

2248 4190 2411 4230 neum
2443 4176 2600 4246 quasi
2633 4186 2838 4247 patrem
2884 4178 3061 4242 colat,
3104 4194 3211 4233 non
3242 4180 3337 4233 tibi
3368 4179 3581 4234 videtur
3609 4180 3817 4250 impius

2248 4269 2485 4323 existere
2516 4268 2571 4323 in
2602 4278 2833 4339 patrem.
2890 4277 2945 4325 et
2966 4269 3399 4325 exharedatione
3425 4271 3829 4341 dignissimus?

2320 4355 2487 4413 XXX.
2519 4358 2626 4412 Alii
2661 4358 2851 4413 dicunt
2877 4378 2890 4413 :
2921 4358 3147 4429 Impium
3177 4367 3261 4415 est
3290 4360 3424 4431 (26).
3458 4362 3499 4415 si
3530 4377 3638 4416 non
3672 4364 3827 4418 cola-

2247 4463 2370 4503 mus
2398 4464 2459 4503 ea
2490 4464 2612 4519 quae
2642 4450 2799 4504 nobis
2842 4451 3040 4505 tradita
3072 4460 3199 4507 sunt
3236 4466 3266 4505 a
3310 4452 3554 4522 patribus
3587 4457 3823 4524 nostris.

570 4532 691 4572 nas.
722 4516 1063 4635 Immortale:
1089 4537 1328 4592 namque
1355 4535 1485 4635 situt
1509 4526 1673 4580 etiam
1706 4528 1995 4599 impiorum
2024 4531 2143 4586 ani-
2175 4574 2221 4635 υ
2246 4546 2299 4592 et
2345 4516 2659 4609 religionem
2715 4543 3137 4609 praevaricamur
3182 4559 3211 4597 a
3262 4516 3560 4613 majoribus
3608 4516 3821 4604 datam.

564 4624 690 4704 mae.
712 4626 853 4681 quas
891 4611 996 4704 ipsi
1026 4612 1267 4697 fortasse
1301 4615 1468 4671 velint
1511 4620 1717 4687 pariter
1744 4636 1868 4675 cum
1901 4624 2145 4694 curpori-
2175 4611 2220 4635 ν
2248 4626 2359 4682 Hac
2382 4630 2613 4694 ratione,
2652 4631 2699 4685 si
2741 4632 2898 4701 cujus
2931 4642 3081 4701 pater
3122 4634 3262 4688 latro
3306 4611 3428 4698 fuit,
3463 4642 3555 4689 aut
3585 4640 3631 4692 si
3659 4638 3826 4704 cujus

566 4702 671 4758 bus
718 4704 839 4758 suis
875 4702 1021 4759 finiri
1065 4705 1214 4775 (25);
1264 4708 1359 4763 sed
1412 4725 1521 4765 non
1568 4710 1639 4765 ita
1690 4723 1813 4779 est,
1858 4715 2141 4785 perferunt
2246 4720 2393 4783 leno,
2428 4735 2456 4773 a
2499 4724 2747 4791 patribus
2777 4723 2878 4777 sibi
2914 4724 3166 4778 traditam
3218 4726 3666 4782 consuetudinem
3697 4702 3823 4783 mu-

564 4793 710 4890 enim
741 4794 883 4890 ignis
913 4796 1101 4849 mterni
1147 4796 1267 4852 sine
1301 4797 1406 4853 line
1444 4802 1729 4871 supplicia,
1767 4814 1820 4859 et
1860 4806 1927 4859 ad
1959 4810 2142 4877 perni-
2247 4820 2363 4867 tare
2399 4828 2507 4867 non
2539 4814 2720 4877 debet.
2752 4830 2853 4869 nec
2882 4816 2949 4870 ad
3001 4818 3276 4873 meliorem
3325 4819 3467 4874 viam
3502 4834 3531 4872 a
3571 4822 3821 4890 paternis

565 4884 703 4940 ciem
740 4884 823 4981 sui
861 4895 1113 4981 naturam
1149 4905 1257 4981 n_on
1308 4890 1509 4947 habent
1552 4896 1838 4955 moriendi.
1876 4896 1979 4955 Sed
2026 4899 2141 4955 for-
2244 4902 2528 4957 erroribus
2560 4908 2825 4967 revocari.
2858 4916 2908 4959 et
2949 4905 3172 4977 impium
3206 4907 3440 4970 ducitur.
3472 4884 3668 4981 siquis
3705 4928 3820 4967 non

564 4983 711 5034 tasse
738 4979 933 5035 dicetis
958 4980 1088 5034 inibi
1120 4998 1135 5034 ;
1166 4978 1364 5038 Terres
1393 4998 1518 5049 nos,
1550 4983 1729 5043 Petre.
1764 4986 1829 5043 Et
1864 4991 2137 5060 quomodo
2245 5010 2369 5051 cum
2404 4997 2722 5067 parentibus
2751 5008 2961 5071 peccet,
3007 5009 3098 5057 aut
3146 5018 3254 5059 non
3287 5018 3411 5059 cum
3447 4978 3581 5076 ipsis
3612 5006 3822 5077 impius

634 5157 682 5199 ³⁸
706 5158 774 5214 Ill
804 5156 939 5233 Reg.
967 5176 1102 5226 xm,
1134 5178 1269 5219 xvm
1296 5184 1310 5233 ;
1344 5162 1467 5223 Jac.
1503 5184 1557 5231 γ,
1591 5167 1680 5231 l7,
1712 5167 1799 5223 l8.

1828 5349 2194 5407 COTELERII
2260 5352 2489 5412 ΝΟΤᾸΞ.

636 5517 743 5589 I25)
786 5524 932 5594 Quas
980 5520 1081 5594 ipsi
1110 5521 1339 5594 ﬂartasse
1372 5524 1529 5578 uelint
1558 5526 1761 5593 pariter
1790 5543 1909 5579 cum
1944 5544 2133 5594 corpo-

555 5589 701 5643 ribus
723 5592 855 5663 suis
897 5591 1063 5657 ﬁniri.
1111 5589 1419 5663 Eleganter,
1448 5603 1508 5649 ut
1538 5589 1697 5659 solet,
1740 5594 2010 5653 Minucius
2034 5589 2136 5654 Fe-

852 5663 1035 5749 t'grroro
1064 5658 1336 5749 plerosque
1358 5666 1677 5749 conscientia
1698 5669 2026 5749 meritorum.
2061 5672 2134 5723 ηε·
2307 5673 2438 5749 (ειη
2610 5658 2884 5749 Adiciunt“?

554 5730 1263 5822 [El-slee‘sserostuntortein
1314 5736 1478 5822 "regis
1508 5746 1688 5804 optare
1722 5740 2125 5822 quamcredere.
2236 5730 2319 5822 xi,“
2374 5730 2460 5800 I5.
2518 5730 3074 5807 Videndaomiiiii’oﬁ
3094 5730 3443 5822 Episvto'lawg.

566 5800 767 5860 “alunt
799 5804 935 5857 enim
959 5806 1221 5876 εῖδιὶηςῑιὲ
1269 5800 1495 5877 penitus,
1540 5800 1815 5877 'qtmm'ad
1870 5811 2129 5880 δυρριξςί.
2370 5832 2427 5874 η.
2598 5800 2763 5805 ivnw'
2818 5800 3030 5807 ””””““’
3094 5800 3328 5822 “""'”
3385 5800 3443 5814 ν’
3516 5800 3632 5817 ""'
3698 5800 3813 5833 ναν

2239 5536 2497 5619 reparari.
2534 5533 3029 5619 Ad'qttemdocunl
3054 5541 3249 5619 doctus
3280 5544 3547 5619 interpres
3585 5549 3820 5619 apponit

2236 5604 2576 5687 consimilem
2620 5604 2885 5687 Hieroclis
2909 5612 2960 5687 i_n
2992 5610 3245 5687 Carmina
3280 5604 3651 5687 Pythagorica.
