4048 6342
213 359 359 417 1345
1414 363 1760 422 RECOGNIT

1861 362 1986 419 iUM
2024 364 2153 420 LIB.
2199 363 2261 422 ν.
3336 356 3480 417 ηιθ

211 480 544 545 perseveret.
572 473 676 531 Alii
706 475 898 532 dicunt
931 496 944 532 :
973 475 1092 533 Non
1125 477 1392 534 debemus
1422 479 1636 534 molesti
1673 492 1797 533 esse
1827 479 1872 536 A
1901 478 2033 547 quid
2066 479 2171 534 nisi
2205 494 2328 548 quae
2357 474 2615 540 libidinis,
2649 489 2770 548 quae
2798 470 3096 545 injustitizc,
3127 487 3248 547 quae
3288 471 3479 528 crude-

210 564 348 630 Deo,
378 576 434 622 et
462 568 640 637 ipsum
670 583 888 639 semper
907 577 1002 624 aut
1031 571 1376 628 miseriarum
1408 571 1666 641 querelis,
1698 579 1792 625 aut
1893 569 2060 624 litatis
2083 580 2212 625 sunt
2237 576 2553 639 operentur,
2587 574 2641 624 et
2681 566 2747 621 ad
2783 567 2964 622 omnia
2996 582 3093 620 vos
3125 563 3326 637 quibus
3371 561 3476 633 ipsi

211 658 537 729 petitionum
566 670 876 715 nostrarum
907 663 1322 719 necessitatibus
1342 678 1589 719 onerare.
1616 663 1790 730 Quam
1892 660 2256 725 delectantur,
2290 662 2546 732 subigant
2592 658 2856 716 obedire?
2898 660 3247 729 permittente
3278 668 3471 711 revera

207 751 380 805 stulta
426 758 480 805 et
528 751 734 823 absque
789 753 938 809 omni
987 754 1101 808 sale
1136 753 1454 823 responsio!
1503 753 1788 809 Molestum
1890 752 1995 808 hoc
2027 754 2135 810 Deo
2166 755 2275 826 pati
2309 771 2406 809 vos
2434 755 2503 810 ab
2526 755 2605 810 eis
2626 755 2778 824 justo
2808 753 3044 824 quodam
3064 752 3294 822 judicio,
3323 757 3380 804 ut
3403 764 3471 805 ex

204 838 324 895 Deo
375 850 556 912 putas,
591 845 637 898 si
686 841 735 898 ei
786 857 885 913 pro
935 842 1212 900 beneficiis
1261 845 1378 900 suis
1405 847 1786 920 gratias‘agas,
1889 846 2008 916 ipso
2038 847 2305 902 dedecore
2327 856 2546 901 actuum
2570 861 2943 915 sensuumque
2975 843 3471 898 vestrm-umintel-

203 931 298 987 cui
329 934 618 990 molestum
651 947 759 989 non
791 927 979 1005 putas,
1017 937 1063 992 si
1110 951 1208 1006 pro
1241 935 1415 1008 ipsius
1444 937 1784 1004 muneribus,
1888 936 2088 1006 ligatis,
2132 951 2295 1006 quam
2325 936 2611 1006 indignum
2650 936 2722 990 sit
2762 934 3100 990 daemonibus
3131 941 3184 988 et
3217 948 3327 988 non
3357 931 3469 986 Deo

161 1047 171 1054 -
202 1021 374 1094 lignis
397 1033 479 1079 let
528 1025 800 1096 lapidibus
849 1027 1056 1098 gratias
1110 1025 1350 1082 referas?
1381 1029 1443 1082 Et
1489 1029 1785 1098 quomodo,
1886 1044 2011 1084 esse
2039 1015 2334 1098 subjectos.
2368 1026 2506 1083 llinc
2536 1035 2590 1082 et
2620 1027 2687 1082 ad
2718 1026 3010 1082 indecoros
3033 1035 3085 1081 et
3114 1026 3287 1080 fmdos
3311 1031 3467 1078 actus

203 1129 334 1170 cum
368 1114 507 1172 forte
536 1115 711 1172 imber
741 1117 900 1188 longa
931 1117 1224 1173 serenitate
1262 1119 1636 1187 suspenditur,
1668 1134 1788 1173 orn-

200 1222 306 1265 nes
334 1209 402 1264 ad
446 1210 645 1266 cmlum
677 1212 865 1267 oculos
895 1212 1190 1276 tendimus,
1219 1220 1274 1268 et
1306 1213 1374 1266 ab
1413 1215 1785 1282 omnipotente

199 1299 318 1357 Deo
351 1303 656 1373 pluviarum
703 1319 930 1360 munera
972 1305 1304 1378 ﬂagitamus,
1335 1321 1631 1375 omnesque
1655 1320 1781 1363 cum

197 1393 470 1462 parvulis,
523 1394 588 1449 ad
632 1392 801 1450 Deum
855 1394 994 1452 fusis
1049 1396 1342 1466 precibus,
1401 1397 1782 1453 miserationes

195 1482 377 1554 ipsius
405 1487 742 1542 exoramus?
781 1486 886 1542 Sed
930 1502 1119 1542 revera
1162 1487 1386 1559 ingratae
1419 1488 1615 1544 animae
1655 1505 1780 1544 cum

192 1573 793 1646 impetraverint,-cito
846 1579 1286 1648 obliviscuntur;
1331 1581 1579 1637 collectis
1635 1582 1778 1637 enim

189 1666 474 1722 messibus
502 1675 596 1722 aut
623 1667 936 1733 vindemiis,
958 1671 1221 1724 continuo
1250 1671 1317 1725 ad
1349 1670 1515 1726 surda
1546 1677 1599 1726 et
1629 1679 1779 1727 muta

189 1754 494 1809 simulacra
545 1756 815 1827 primitias
867 1757 1084 1828 frugum
1142 1757 1431 1824 deferunt,
1464 1767 1520 1815 et
1552 1777 1650 1832 pro
1691 1762 1777 1819 his

1885 1136 1983 1190 per
2010 1120 2280 1177 amicitias
2311 1119 2616 1174 daemonum
2646 1119 2994 1189 pervenitur;
3037 1117 3163 1172 hinc
3193 1132 3366 1186 usque
3400 1114 3467 1170 ad

1885 1213 2057 1283 ipsius
2085 1215 2208 1268 vitae
2238 1213 2529 1283 perniciem
2563 1209 2644 1266 vel
2677 1227 2770 1282 per
2802 1208 3073 1264 flammam
3103 1208 3341 1264 libidinis
3371 1221 3466 1262 ac-

1885 1304 2118 1371 ceditur,
2149 1305 2233 1359 vel
2279 1302 2392 1374 per‘
2414 1302 2711 1357 iracundiae
2761 1302 2968 1356 rabiem
3002 1309 3094 1354 aut
3125 1302 3465 1356 nimietatem

1883 1397 2117 1451 tristitiae
2141 1397 2472 1467 pervenitur,
2491 1403 2550 1450 ut
2572 1409 2714 1464 saepe
2737 1401 2925 1448 notum
2947 1400 3052 1456 est,
3080 1392 3245 1446 etiam
3267 1404 3466 1446 manus

1883 1486 1987 1542 sibi
2018 1487 2267 1542 intulisse
2305 1487 2631 1552 nonnullos;
2683 1485 2849 1555 quod,
2899 1492 2958 1537 ut
3001 1483 3261 1549 diximus,
3313 1482 3462 1552 justa

1881 1579 2115 1652 quadam
2146 1579 2240 1635 Dei
2272 1581 2542 1636 sententia
2583 1578 2698 1655 fieri
2729 1579 2798 1633 ab
2830 1577 2914 1632 his
2947 1593 3056 1631 non
3109 1575 3454 1647 prohibetur,

1881 1678 1940 1726 ut
1962 1680 2016 1726 et
2041 1671 2240 1743 quibus
2267 1687 2326 1727 se
2353 1670 2718 1749 subdiderint,
2751 1668 3074 1740 intelligant,
3100 1676 3153 1724 et
3183 1682 3344 1740 quem
3367 1667 3459 1723 dei

1881 1764 2151 1826 seruerint
2180 1770 2598 1838 recognoscant.

185 1860 319 1914 qua:
355 1843 500 1902 Deus
529 1822 824 1914 concessit,
859 1849 913 1903 in
947 1822 1167 1920 templis
1207 1859 1300 1905 aut
1329 1822 1466 1909 lucis
1498 1822 1622 1907 vdta
1653 1870 1777 1924 per-
1808 1822 1850 1878 Β
1948 1823 2188 1910 XXXIV.
2233 1822 2341 1910 Sed
2375 1834 2519 1908 dicet
2544 1853 2772 1924 aliquis:
2803 1849 3100 1907 Passiones
3133 1850 3251 1905 ista:
3297 1849 3456 1904 inter:

184 1937 445 2002 solvunt,
477 1947 530 1993 et
581 1939 654 1994 ibi
685 1938 955 1995 sacriﬁcia
989 1939 1273 1998 daemoniis
1313 1944 1581 2008 oii’erunt,
1613 1955 1776 2014 atque

181 2037 414 2099 accepta
447 2031 621 2101 gratia
650 2038 962 2100 permutant
989 2033 1179 2103 gratia:
1208 2034 1520 2105 largitorem

264 2119 447 2176 XXXI.
489 2121 593 2177 Sed
617 2123 840 2192 quidam
865 2123 1051 2178 dicunt
1086 2145 1098 2180 :
1134 2124 1260 2182 Hzec
1289 2128 1486 2183 latitia)
1515 2130 1687 2200 gratia
1717 2137 1772 2186 et

178 2213 254 2268 ad
285 2214 604 2270 relevandos
634 2216 849 2271 animos
897 2216 1146 2272 instituta
1167 2258 1181 2282 ,
1209 2226 1263 2275 et
1294 2221 1360 2274 ad
1393 2221 1495 2275 hoc
1524 2222 1764 2288 inventa,

178 2314 248 2360 ut
277 2306 516 2386 humana
546 2323 701 2364 mens
733 2308 1133 2382 aliquantulum
1166 2311 1316 2365 curis
1347 2320 1402 2366 et
1438 2316 1766 2371 mmroribus

174 2400 481 2455 relaxetur.
526 2400 712 2456 Videte
755 2401 1031 2473 quomodo
1085 2402 1188 2474 ipsi
1240 2415 1590 2462 accusatores
1631 2409 1765 2463 estis

174 2506 376 2546 eorum
409 2507 529 2562 qua
560 2493 768 2563 geritis.
806 2491 863 2553 Si
896 2494 1010 2549 haec
1053 2494 1270 2550 levandi
1304 2497 1557 2551 nimroris
1584 2504 1637 2550 et
1669 2499 1762 2552 iaz-

173 2583 314 2640 titiie
344 2587 621 2656 capienda:
645 2602 810 2645 causa
834 2596 1047 2658 reperta
1074 2597 1224 2652 sunt,
1247 2590 1521 2661 quomodo
1545 2590 1599 2644 in
1624 2588 1763 2648 lucis

173 2685 237 2732 et
268 2676 422 2733 silvis
456 2677 832 2735 invocationes
854 2681 1162 2735 da:monum
1186 2681 1356 2738 fiunt?
1380 2684 1655 2754 quomodo
1678 2685 1762 2738 in-

175 2772 300 2824 sani
341 2780 553 2827 rotatus
587 2772 892 2838 hominum,
939 2775 1324 2845 sectionesque
1365 2777 1755 2844 membrorum,

172 2871 235 2916 et
266 2864 608 2920 abscisiones
650 2866 1052 2921 verendorum?
1078 2868 1353 2937 quomodo
1397 2869 1452 2924 in
1492 2869 1577 2924 his
1609 2870 1760 2924 furor

173 2953 402 3009 rabidus
451 2955 798 3026 concipitur?
855 2957 1130 3026 quomodo
1187 2958 1450 3012 invitatur
1512 2959 1760 3014 insan‘a?

172 3047 454 3118 quomodo
495 3049 755 3104 mulieres
787 3050 994 3119 sparsis
1030 3049 1278 3105 crinibus
1331 3049 1636 3105 furibunda:
1671 3051 1760 3119 ja-

173 3141 436 3195 ctantur?
467 3141 610 3196 unde
656 3142 861 3197 stridor
891 3152 943 3197 et
990 3141 1237 3197 fremitus
1289 3142 1573 3197 dentium?
1615 3142 1756 3198 unde
1784 3167 1831 3230 α

174 3231 424 3302 mugitus
455 3232 640 3287 cordis
670 3241 730 3286 et
753 3234 1051 3298 viscerum,
1085 3242 1137 3288 et
1178 3233 1362 3288 omnia
1399 3233 1490 3287 illa
1524 3250 1646 3305 qua:
1676 3235 1760 3290 vel

172 3324 454 3387 simulata,
489 3324 573 3379 vel
612 3326 775 3379 etiam
812 3325 1117 3380 ministerio
1144 3327 1450 3380 daemonum
1484 3327 1759 3398 compagi-

173 3423 328 3477 nata,
369 3415 435 3469 ad
466 3423 729 3470 terrorem
764 3417 1056 3471 stultorum
1097 3426 1152 3471 et
1182 3417 1549 3488 ignorantium
1583 3420 1758 3474 homi-

173 3519 309 3559 num
336 3504 714 3575 proferuntur?
732 3507 845 3561 inec
868 3508 1080 3562 levandi
1103 3510 1268 3564 animi
1299 3510 1473 3581 gratia
1501 3512 1658 3576 fiunt,
1687 3527 1756 3567 an

170 3598 361 3667 potius
389 3599 761 3669 opprimendi?
782 3598 1034 3655 Nondum
1064 3602 1277 3657 sentitis
1301 3619 1477 3674 neque
1502 3603 1756 3674 intelligi-

172 3690 250 3745 tis
287 3690 507 3746 latentis
539 3691 680 3744 intra
727 3706 824 3746 vos
879 3694 1150 3762 serpentis
1184 3691 1299 3747 [nec
1343 3708 1464 3749 esse
1494 3693 1757 3748 consilia?

169 3784 270 3853 qui
288 3799 385 3839 vos
402 3799 497 3853 per
519 3784 924 3842 irrationabiles
943 3801 1190 3841 errorum
1210 3787 1588 3856 suggestiones
1605 3802 1633 3840 a
1668 3803 1753 3840 ra-

173 3876 328 3930 tione
358 3877 603 3930 veritatis
632 3875 874 3938 abducit,
915 3885 975 3931 ut
1007 3893 1104 3932 vos
1127 3877 1372 3932 libidinis
1393 3886 1445 3932 et
1462 3881 1754 3949 concupis—

172 3968 372 4022 ccutiat
391 3982 454 4022 ac
470 3968 638 4022 totius
653 3967 939 4023 dedecoris
955 3983 1146 4026 servos
1161 3979 1345 4024 teneat
1363 3985 1424 4024 ac
1444 3972 1748 4027 ministros.

248 4056 464 4113 XXXII.
505 4057 611 4114 Sed
651 4074 753 4130 ego
797 4060 948 4113 clara
998 4075 1094 4115 vos
1127 4075 1319 4114 omnes
1352 4061 1754 4130 praedicationis

169 4165 308 4205 voce
331 4160 628 4214 contestor,
659 4152 806 4221 quod
834 4167 864 4206 e
893 4152 1171 4206 contrario
1213 4153 1404 4223 religio
1437 4153 1530 4207 Dei
1559 4151 1626 4207 ad
1656 4167 1749 4208 so-

171 4241 459 4298 brietatem
491 4258 587 4299 vos
620 4252 839 4298 revocat
868 4252 921 4300 et
954 4242 1308 4314 pudicitiam,
1341 4259 1372 4298 a
1422 4245 1638 4300 luxuria
1686 4259 1750 4300 ac

170 4335 363 4391 furore
389 4337 544 4405 jubet
576 4351 700 4393 esse
729 4339 1094 4403 continentes,
1126 4348 1179 4394 et
1209 4354 1303 4407 per
1337 4339 1653 4409 patientiam
1685 4355 1750 4394 ac

166 4429 648 4485 mansuetudinem
676 4445 924 4486 resecare
949 4432 1134 4501 lapsus
1163 4431 1480 4492 iracundize,
1513 4433 1749 4501 propriis

1877 1946 2006 2002 dum
2031 1945 2289 2001 accidunt
2310 1945 2475 2002 etiam
2507 1944 2593 1999 his
2626 1943 2718 2013 qui
2753 1941 2920 1996 Deum
2953 1942 3162 1996 colunt.
3211 1939 3328 1995 Non
3376 1948 3458 1994 est

1877 2052 2099 2104 verum;
2131 2036 2334 2093 etenim
2365 2051 2464 2091 nos
2505 2035 2657 2089 illum
2701 2033 2795 2088 Dei
2842 2035 3080 2087 dicimus
3112 2048 3234 2088 esse
3282 2033 3460 2088 culto-

1871 2145 2009 2196 rem,
2046 2130 2139 2200 qui
2175 2128 2509 2182 voluntatem
2541 2125 2633 2182 Dei
2661 2125 2790 2180 facit
2819 2136 2870 2180 et
2906 2127 3037 2196 legis
3072 2135 3337 2195 praecepta
3361 2139 3460 2178 cu-

1873 2222 2063 2278 stodit.
2096 2220 2252 2290 Apud
2287 2217 2457 2273 Deum
2488 2219 2634 2273 enim
2659 2235 2766 2272 non
2801 2219 2890 2272 ille
2915 2219 3009 2288 qui
3036 2217 3179 2286 apud
3205 2217 3458 2273 homines

1869 2313 2091 2369 Judzeus
2120 2312 2337 2377 dicitur,
2371 2309 2591 2366 Iudaeus
2623 2319 2727 2376 est,
2771 2326 2947 2380 neque
2993 2311 3083 2381 qui
3114 2311 3331 2381 gentilis
3364 2325 3457 2363 vo-

1868 2414 2044 2473 catur,
2079 2406 2168 2460 ille
2193 2404 2410 2476 gentilis
2430 2414 2513 2458 est
2530 2403 2594 2468 ",
2630 2403 2724 2457 sed
2753 2404 2842 2472 qui
2877 2400 2987 2456 Deo
3017 2402 3249 2457 credens
3285 2386 3456 2472 legem

1868 2498 2173 2570 impleverit
2207 2511 2271 2550 ac
2299 2496 2639 2550 voluntatem
2680 2493 2798 2564 ejus
2845 2493 3056 2559 fecerit,
3090 2494 3309 2549 etiamsi
3345 2509 3455 2548 non

1866 2592 1939 2647 sit
1965 2587 2535 2645 circumcisus.Verus
2566 2586 2661 2641 Dei
2690 2586 2876 2641 cultor
2901 2597 2984 2642 est
3011 2587 3077 2648 is,
3110 2585 3204 2656 qui
3231 2601 3341 2640 non
3372 2602 3458 2642 so.

1865 2684 1978 2738 lum
2011 2682 2126 2752 ipse
2153 2697 2181 2735 a
2209 2680 2559 2751 passionibus
2587 2680 2728 2735 liber
2756 2688 2860 2745 cst,
2900 2695 3088 2734 verum
3120 2688 3172 2733 et
3199 2680 3338 2734 alios
3385 2682 3452 2735 at

1861 2773 1944 2829 eis
1985 2772 2186 2826 liberos
2218 2771 2413 2835 reddit,
2447 2770 2660 2825 etiamsi
2690 2771 2799 2827 sint
2840 2771 2913 2825 ita
2946 2786 3140 2840 graves
3169 2777 3227 2824 ut
3257 2772 3456 2825 monti-

1861 2863 1963 2918 bus
2012 2873 2396 2934 coaequentur;
2445 2878 2542 2932 per
2573 2861 2730 2916 fidem
2756 2877 2861 2933 qua
2895 2861 3066 2916 credit
3104 2863 3232 2928 Deo,
3264 2871 3452 2918 trans-

1862 2957 1966 3010 fert
1991 2971 2104 3024 eas,
2137 2955 2233 3012 sed
2257 2965 2310 3010 et
2341 2963 2553 3010 montes
2583 2971 2708 3009 vere
2749 2970 2874 3009 cum
2907 2955 3197 3010 arboribus
3233 2956 3367 3021 suis,
3403 2956 3451 3010 si

1859 3063 2087 3105 necesse
2117 3049 2208 3116 sit,
2245 3063 2340 3118 per
2368 3046 2524 3103 fidem
2562 3045 2898 3102 transfert".
2935 3047 3037 3112 Qui
3079 3054 3258 3101 autem
3294 3048 3450 3102 vide-

1862 3149 1950 3195 tur
1979 3140 2197 3210 quidem
2226 3142 2403 3194 colere
2432 3138 2620 3206 Deum,
2651 3141 2746 3195 sed
2773 3156 2946 3210 neque
2973 3139 3074 3193 (ide
3091 3140 3247 3208 plena
3270 3156 3452 3209 neque

1862 3231 2120 3300 operibus
2173 3231 2554 3285 mandatorum
2608 3231 2872 3296 munitur,
2910 3228 3002 3284 sed
3045 3239 3128 3284 est
3168 3239 3443 3298 peccator,

1865 3338 1961 3394 pro
1995 3323 2231 3393 peccatis
2260 3323 2439 3377 locum
2471 3322 2617 3377 dedit
2650 3323 2705 3376 in
2736 3323 3034 3391 semetipso
3069 3322 3443 3392 passionibus,

1861 3431 1981 3486 quae
2008 3415 2074 3470 ad
2114 3429 2326 3485 poenam
2361 3416 2702 3485 peccantium
2739 3415 3056 3468 constituta:
3087 3421 3216 3468 sunt
3249 3429 3277 3467 a
3309 3414 3440 3479 Deo,

1860 3519 1919 3565 ut
1962 3510 2031 3566 ab
2055 3510 2135 3564 eis
2172 3525 2266 3580 per
2297 3509 2446 3563 illata
2481 3507 2750 3579 supplicia
2780 3508 3002 3577 exigant
3035 3507 3216 3561 debita
3249 3521 3444 3576 pecca-

1858 3607 2060 3667 torum,
2101 3607 2155 3655 et
2208 3599 2547 3672 purgatiores
2598 3614 2694 3655 eos
2743 3599 2808 3652 ad
2839 3599 3108 3668 judicium
3144 3598 3273 3652 illud
3323 3613 3444 3652 om-

1859 3695 2009 3750 nium
2064 3694 2315 3766 generale
2369 3692 2694 3762 perducant,
2731 3692 2777 3746 si
2810 3703 2989 3745 tamen
3023 3690 3441 3761 castigationem

1856 3802 2045 3841 eorum
2078 3802 2187 3841 non
2215 3785 2434 3840 deserat
2465 3783 2617 3837 ildes.
2651 3782 2786 3836 Nam
2814 3782 3112 3837 infidelium
3149 3783 3442 3852 castigatio

1855 3881 1912 3936 in
1943 3880 2196 3951 praesenti
2226 3879 2332 3933 vita
2355 3877 2623 3948 judicium
2653 3883 2758 3943 est,
2809 3892 2917 3948 quo
2966 3877 3128 3930 alieni
3201 3876 3443 3933 existere

1858 3975 2128 4045 incipiunt
2160 3989 2189 4027 a
2215 3972 2413 4027 futuris
2439 3970 2626 4037 bonis;
2654 3969 2821 4024 Deum
2855 3984 2982 4024 vero
3018 3970 3311 4025 colentium
3343 3986 3437 4025 ca-

1856 4049 2078 4138 stigatio
2107 4080 2232 4120 cum
2275 4046 2373 4136 pro
2400 4065 2638 4134 peccatis
2662 4081 2783 4134 qum
2810 4064 3110 4119 acciderint
3140 4064 3221 4118 eis
3265 4060 3436 4140 infer-

1854 4166 1962 4225 tur,
1993 4157 2271 4212 commissi
2303 4156 2371 4211 ab
2397 4158 2477 4212 eis
2504 4156 2672 4225 exigit
2696 4156 2960 4222 debitum,
3002 4163 3058 4209 ut
3101 4155 3405 4224 praevenien
3419 4181 3448 4236 -ε

1852 4258 1934 4307 tes
1956 4249 2222 4323 judicium
2249 4248 2301 4300 in
2325 4247 2580 4317 praesenti
2604 4248 2803 4302 saaculo
2824 4247 3032 4316 peccati
3056 4246 3298 4300 debitum
3323 4245 3434 4300 sol-

1853 4351 2002 4407 vant,
2027 4349 2079 4395 et
2115 4340 2414 4394 liberentur
2451 4337 2532 4393 vel
2556 4353 2620 4392 ex
2655 4345 2812 4409 parte
2855 4337 3031 4392 media
3077 4338 3146 4392 ab
3188 4338 3430 4404 aeternis,

1853 4449 1975 4505 qua
1998 4432 2108 4487 illic
2133 4438 2449 4501 praiparatze
2473 4439 2622 4495 sunt,
2649 4431 2846 4500 pinnis.

165 4535 297 4576 esse
332 4529 643 4586 contentos,
676 4530 729 4578 et
761 4523 961 4578 virtute
992 4524 1363 4594 parcimoniaz,
1397 4537 1466 4578 ne
1509 4532 1749 4595 egestate
1784 4521 1824 4576 ο
1925 4521 2139 4586 XXXV.
2185 4521 2288 4595 Sed
2311 4522 2422 4578 haec
2449 4522 2520 4574 ita
2545 4536 2666 4595 esse
2689 4535 2798 4574 non
2822 4519 3036 4590 recipit,
3062 4519 3152 4590 qui
3179 4534 3286 4574 non
3308 4535 3430 4575 cre-

165 4613 392 4684 quidem
421 4616 735 4685 compulsos
766 4617 941 4671 aliena
989 4615 1244 4686 diripere,
1279 4616 1374 4671 sed
1406 4617 1459 4670 in
1493 4617 1748 4673 omnibus

168 4720 390 4760 servare
416 4704 705 4774 justitiam,
730 4706 798 4760 ab
827 4708 1095 4761 idolorum
1127 4724 1228 4764 vos
1254 4708 1624 4763 immolatione
1657 4725 1749 4778 pe-

167 4792 319 4848 nitus
347 4809 660 4862 removere;
710 4812 806 4866 per
856 4811 970 4851 nec
1010 4785 1164 4851 enim
1198 4799 1443 4854 invitatis
1472 4800 1746 4854 diemones

167 4887 238 4940 ad
283 4891 662 4957 vosmetipsos.
694 4898 752 4944 et
799 4891 1108 4945 introeundi
1158 4892 1239 4947 eis
1289 4893 1495 4947 aditum
1552 4902 1748 4963 sponte

168 4979 444 5048 praebetis,
480 4988 534 5033 et
563 4995 628 5034 ex
662 4981 762 5035 hoc
787 4981 902 5050 jam
930 4982 1013 5038 vel
1045 4981 1249 5038 furoris
1289 5000 1487 5040 causas
1529 4987 1608 5041 vel
1649 4987 1748 5044 illi-

164 5073 260 5125 citi
290 5072 491 5128 amoris
519 5073 786 5145 accipitis.

239 5162 475 5221 XXXIII.
520 5163 656 5222 Hinc
703 5168 880 5223 omnis
923 5168 1218 5240 impietatis
1251 5171 1405 5243 origo
1438 5172 1738 5239 descendit,

167 5259 293 5311 Iunc
323 5256 635 5321 homicidia,
663 5260 952 5324 adulteria,
981 5260 1147 5323 furta,
1173 5270 1228 5323 et
1255 5265 1610 5328 seminarium
1633 5245 1745 5320 ma-

163 5349 342 5401 lorum
371 5349 611 5403 omnium
645 5348 1079 5422 flagitiorumque
1107 5354 1431 5422 concipitur,
1467 5356 1594 5409 dum
1623 5372 1742 5427 pro-

168 5445 308 5494 tams
355 5441 708 5518 libaminibus
744 5460 798 5499 es
826 5449 1088 5501 odoribus
1124 5449 1437 5518 indulgetis,
1465 5465 1529 5504 ac
1562 5452 1739 5506 locum

165 5533 480 5588 dominandi
505 5535 560 5589 in
589 5552 685 5591 vos
711 5549 762 5593 et
784 5539 876 5607 jus
896 5541 1302 5610 quodammodo
1321 5542 1600 5597 obtinendi
1626 5560 1737 5598 ma-

164 5625 327 5693 tignis
346 5627 633 5697 spiritibus
662 5639 824 5685 uatis.
858 5628 1092 5700 lngressi
1113 5633 1256 5687 enim
1280 5649 1475 5690 sensus
1505 5646 1735 5698 vestros,

1851 4614 1930 4670 dit
1954 4615 2197 4670 futurum
2220 4585 2769 4683 essejudiciumbei,
2804 4619 2858 4667 et
2895 4585 2965 4666 ob
3006 4585 3106 4665 hoc
3144 4616 3428 4681 praesentis

1851 4706 2036 4763 szeculi
2056 4705 2428 4774 voluptatibus
2451 4704 2742 4774 obligatus,
2771 4703 2840 4757 ab
2877 4704 3094 4758 aeternis
3117 4703 3426 4759 excluditur

1850 4799 2030 4857 bonis.
2057 4797 2122 4853 Et
2151 4799 2272 4853 ideo
2293 4813 2395 4852 nos
2421 4811 2528 4850 non
2553 4796 2879 4868 negligimus
2913 4795 3211 4865 praedicare
3245 4794 3421 4860 vobis,

1851 4906 1971 4962 quae
1996 4890 2157 4945 saluti
2179 4895 2374 4944 vestra:
2395 4887 2601 4942 scimus
2625 4900 2748 4941 esse
2771 4887 3101 4952 necessaria,
3128 4893 3180 4942 et
3219 4885 3314 4956 qui
3352 4887 3425 4941 sit

1849 4998 2013 5038 verus
2053 4979 2148 5036 Dei
2188 4977 2368 5035 cultds
2405 4980 2711 5045 ostendere,
2754 4988 2810 5033 ut
2848 4979 3133 5034 credentes
3170 4978 3281 5034 Deo
3327 4995 3424 5050 per

1847 5088 2010 5144 opera
2035 5072 2175 5128 bona
2205 5073 2428 5144 possitis
2457 5087 2560 5126 una
2587 5073 2870 5127 nobiscum
2899 5071 3064 5126 futuri
3091 5072 3276 5126 saeculi
3319 5073 3403 5126 hae

1845 5167 2003 5222 redes
2023 5166 2271 5222 existere.
2289 5164 2440 5233 Quod
2467 5165 2510 5219 si
2535 5166 2774 5220 nondum
2797 5163 2940 5237 apud
2965 5181 3062 5220 vos
3083 5173 3292 5240 certum
3314 5175 3422 5232 est,

1843 5273 1970 5313 vera
1992 5275 2114 5314 esse
2139 5273 2258 5330 qua:
2279 5258 2532 5322 dicimus,
2562 5258 2776 5313 interim
2815 5274 2913 5329 pro
2957 5258 3059 5313 hoc
3095 5258 3271 5329 primo
3310 5273 3421 5316 non

1843 5351 2051 5407 debetis
2078 5367 2218 5422 aegre
2238 5352 2486 5422 accipere
2506 5357 2558 5406 et
2583 5351 2764 5408 infesti
2789 5368 2930 5419 esse,
2953 5353 3078 5423 quia
3115 5367 3234 5422 quae
3260 5363 3418 5425 puta-

1844 5462 1965 5501 mus
1999 5446 2161 5512 bona,
2205 5445 2318 5500 haec
2357 5446 2512 5500 vobis
2548 5446 2955 5511 annuntiamus,
2982 5456 3034 5500 et
3072 5447 3216 5515 quod
3261 5446 3418 5502 nobis

1843 5524 2086 5594 salutare
2130 5553 2252 5594 esse
2299 5538 2594 5604 credimus,
2633 5536 2736 5593 hoc
2779 5544 2943 5593 ctiam
2969 5539 3122 5593 vobis
3162 5537 3418 5595 conferre

1844 5649 1950 5687 non
1973 5631 2298 5699 invidemus,
2323 5635 2491 5700 omni,
2519 5639 2578 5686 ut
2599 5630 2734 5697 dixi,
2759 5631 2940 5687 studio
2961 5632 3414 5704 laborantes,quo

239 5829 282 5862 ⁸⁸
322 5825 477 5886 Rom.
515 5846 573 5895 tt,
609 5833 710 5898 28;
750 5811 914 5904 Apoc.
942 5848 999 5899 η,
1033 5833 1084 5889 9.
1165 5831 1208 5867 ³⁷
1249 5831 1438 5888 Matth.
1475 5849 1606 5899 ινιι,
1639 5835 1742 5902 59;

1862 5847 1909 5887 c.
1945 5848 2076 5898 xm,
2117 5833 2170 5890 6.
