4078 6336
614 365 748 420 1347

1475 376 1529 430 8.
1571 377 1963 434 CLEMENTIS
2000 379 2016 432 1
2061 380 2224 436 ROM.
2263 381 2464 439 PONT.
2506 382 2732 438 OPERA
2773 384 2998 443 DIIBIA.

3725 394 3868 447 1338

603 501 922 558 εοιιωτθάε,
961 521 1062 561 vos
1104 507 1395 577 bonorum,
1422 527 1543 581 qua,
1585 515 1687 582 ipsi
1729 516 1884 569 nobis
1921 524 2180 570 eventum
2213 511 2254 562 Α
2286 500 2454 562 tione,
2488 509 2648 570 atque
2679 502 2748 555 ita
2783 505 2971 558 turbas
3000 504 3227 569 dimisit,
3256 505 3558 563 admonens
3586 516 3643 561 ut
3669 507 3734 560 ad
3761 525 3866 562 au-

605 591 907 659 credimus,
934 597 1251 654 habeamus.
1281 599 1472 655 Utrum
1515 614 1694 659 autem
1736 622 1834 675 pro
1869 613 2017 660 certo
2057 623 2180 660 vera

604 679 714 734 sint
740 698 863 752 qua
884 690 1274 745 annuntiamus
1303 694 1473 758 vobis,
1502 711 1610 748 non
1634 697 1794 750 aliter
1819 698 1959 750 scire
1980 699 2182 766 poteri-

603 771 696 837 tis,
723 776 830 829 nisi
854 785 912 830 ut
953 779 1271 836 obedientes
1296 783 1380 837 his
1405 801 1525 854 quae
1552 788 1901 851 mandantur,
1935 791 2052 856 ipso
2097 805 2182 843 re-

603 876 726 915 rum
756 867 907 920 exitu
931 879 984 922 et
1014 870 1365 929 beatitudinis
1391 877 1700 930 certissimo
1724 876 1826 931 line
1849 878 2174 933 doceamini.

675 953 915 1013 XXXVI.
958 957 1024 1012 Et
1054 961 1174 1015 ideo
1212 965 1427 1019 etiamsi
1479 968 1650 1022 latens
1702 968 2036 1023 intrinsecus
2064 985 2178 1023 ser-

600 1059 738 1114 pens
768 1062 965 1104 sensus
993 1061 1205 1108 vestros
1249 1057 1397 1110 mille
1423 1057 1750 1126 depravandi
1781 1059 1991 1113 artibus
2016 1075 2179 1112 occu-

601 1141 713 1202 pet,
741 1147 794 1191 et
826 1139 1210 1210 impedimenta
1242 1148 1390 1202 mille
1416 1148 1703 1218 subjiciat,
1736 1150 1933 1219 quibus
1964 1165 1994 1203 a
2029 1152 2180 1205 saluo

600 1225 704 1278 tari
753 1227 1001 1284 doctrina
1052 1243 1292 1288 vestrum
1341 1236 1574 1292 declinet
1604 1239 1869 1301 auditum,
1899 1257 1966 1295 eo
2004 1243 2179 1311 magis

597 1316 869 1373 obsistere
916 1323 965 1375 ei
1013 1323 1242 1388 debetis,
1272 1333 1326 1382 et
1363 1329 1561 1397 Spretis
1589 1329 1707 1399 ejus
1735 1332 2174 1400 suggestionibus

597 1407 666 1461 ad
708 1410 1038 1467 audiendum
1088 1430 1118 1468 a
1169 1417 1327 1473 nobis
1380 1419 1603 1473 verbum
1657 1421 2168 1493 suscipiendaInque

595 1495 902 1554 doctrinam
929 1501 1269 1575 frequentius
1297 1512 1609 1576 convenire,
1634 1511 1760 1582 quia
1795 1528 1952 1567 nemo
1988 1523 2167 1584 potest

2286 590 2543 645 diendum
2584 595 2807 647 verbum
2837 593 3028 650 diebus
3077 596 3278 664 quibus
3309 598 3444 650 inibi
3477 600 3867 652 demoraturus

2283 693 2448 742 esset.
2486 683 2912 754 frequentarent.
2948 687 3116 756 Igitur
3157 691 3245 742 ubi
3296 690 3467 744 turba
3517 691 3863 751 abscessere,

2283 770 2476 827 Petrus
2506 774 2662 842 aquis
2687 791 2808 843 qua:
2850 777 2903 830 in
2937 777 3096 829 horto
3130 777 3368 831 ﬂuebant
3398 795 3605 848 corpus
3643 781 3864 833 diluens

2284 878 2390 915 una
2423 878 2549 916 cum
2575 866 2789 919 caeteris
2816 867 3147 928 volentibus,
3181 868 3328 920 humi
3357 871 3524 923 sterni
3548 870 3714 938 jussit
3755 871 3866 923 sub

2281 952 2477 1007 arbore
2514 955 2749 1022 quadam
2780 957 2940 1025 cujus
2978 958 3168 1011 umbm
3219 967 3337 1010 erat
3383 960 3638 1030 plurima,
3684 969 3738 1012 et
3769 975 3864 1013 re-

2275 1043 2533 1100 cumbere
2582 1061 2684 1101 nos
2737 1049 3036 1101 secundum
3085 1049 3329 1103 ordinem
3383 1050 3524 1119 apud
3549 1051 3862 1104 Caesaream

2276 1142 2538 1188 statutum
2563 1139 2838 1207 praecepit.
2876 1140 3051 1208 Atque
3081 1141 3152 1193 ita
3183 1141 3308 1194 cibo
3336 1150 3572 1211 sumpto,
3595 1141 3861 1195 Hebrmo-

2276 1240 2395 1279 rum
2427 1228 2534 1280 ritu
2565 1228 2770 1296 gratias
2809 1245 2978 1300 agens
3009 1230 3142 1294 Deo,
3163 1232 3292 1300 quia
3323 1231 3501 1284 adhuc
3534 1232 3860 1301 aliquantu-

2276 1317 2386 1370 lum
2420 1318 2528 1373 diei
2565 1328 2874 1389 supererat,
2902 1322 3058 1390 jubet
3109 1337 3211 1377 nos
3244 1322 3327 1380 de
3373 1324 3574 1391 quibus
3623 1325 3861 1378 velimus

2277 1413 2608 1480 percontari.
2644 1414 2892 1484 Cumque
2920 1429 3170 1468 essemus
3204 1430 3395 1470 omnes
3424 1431 3546 1468 cum
3578 1431 3644 1468 eo
3681 1417 3862 1485 vigin-

2275 1502 2338 1562 ti.
2370 1505 2667 1574 unicuique
2690 1505 2758 1560 de
2779 1522 2888 1573 quo
2909 1521 3154 1575 qmerere
3174 1506 3346 1560 voluit
3365 1508 3701 1577 explanavit,
3725 1525 3862 1577 (ιω.-

595 1587 809 1646 discere
838 1593 1040 1664 aliquid
1058 1598 1149 1667 qui
1182 1613 1294 1654 non
1325 1601 1570 1656 docetur.
1592 1601 1840 1674 Cumque
1867 1604 1981 1659 hac
2005 1604 2172 1659 dixis-
2274 1608 2395 1650 Γυῐη
2425 1597 2636 1666 εἱηευιε
2666 1612 2895 1667 (ιυωιιυε
2929 1597 3128 1653 “benis
3166 1598 3563 1667 comprehensa
3597 1600 3694 1652 ubi
3729 1609 3860 1652 “me

596 1686 700 1742 set,
728 1681 896 1750 jussit
925 1686 1031 1741 sibi
1055 1703 1150 1744 eos
1177 1693 1268 1760 qui
1304 1692 1657 1763 languoribus
1706 1696 1789 1750 vel
1829 1695 2169 1751 damonibns
2271 1689 2385 1758 iam
2415 1690 2562 1744 misi.
2596 1687 2833 1760 Vespere
2872 1699 3051 1744 autem
3078 1690 3191 1759 jam
3223 1689 3367 1744 facto
3395 1691 3627 1762 ingressi
3663 1691 3859 1761 hospi-

597 1773 934 1840 ul'Seliantur
962 1778 1167 1846 oﬂerri,
1198 1792 1255 1837 et
1282 1783 1545 1854 imposuit
1571 1787 1652 1842 eis
1681 1801 1876 1843 manus
1897 1802 2021 1842 cum
2049 1803 2174 1844 ora-
2206 1777 2246 1830 Β
2278 1785 2412 1839 ιὶιιιιι
2442 1798 2568 1838 cum
2597 1785 2738 1854 ipso,
2769 1787 2885 1840 suis
2923 1786 3127 1856 quique
3155 1784 3292 1840 locis
3315 1785 3708 1856 requievimus.

602 1923 1976 1954 --—__......__..________________

1736 2059 2097 2151 LIBER
2170 2058 2672 2151 SEXTUS.

661 2343 706 2398 1.
748 2341 851 2401 Ubi
900 2361 1031 2402 vero
1071 2351 1477 2407 rarescentibus
1507 2352 1750 2410 tenebris
1779 2354 2014 2425 primum
2055 2355 2173 2410 dies
2275 2365 2329 2414 et
2360 2358 2480 2414 ideo
2509 2357 2876 2417 festinandum
2907 2371 2990 2419 est
3021 2363 3087 2417 ad
3126 2364 3379 2427 salutem.
3427 2379 3498 2420 ne
3539 2364 3678 2420 forte
3709 2381 3852 2424 cun-

589 2434 760 2503 cmpit
793 2436 1039 2505 proferre
1066 2441 1474 2507 crepusculum,
1509 2440 1705 2498 Petrus
1743 2445 2006 2500 orationis
2048 2461 2172 2517 gra-
2271 2456 2509 2506 ctantem
2543 2467 2695 2508 mors
2716 2454 2999 2524 repentina
3024 2457 3336 2526 praeveniat.

589 2523 667 2578 tia
692 2524 913 2580 hortum
943 2527 1248 2598 ingressus,
1278 2539 1334 2587 et
1357 2531 1484 2586 inde
1507 2535 1791 2603 egrediens
1808 2543 1970 2606 atque
1987 2538 2166 2607 ingre—
2340 2537 2430 2596 ill.
2453 2539 2518 2594 Et
2539 2541 2609 2596 ob
2632 2542 2734 2596 hoc
2759 2523 2940 2599 acrius
2968 2523 3358 2600 intendendum
3374 2555 3482 2611 est,
3529 2556 3587 2602 ut
3609 2549 3738 2603 dum
3757 2557 3850 2604 est

587 2613 746 2671 diens
778 2617 925 2672 velut
952 2635 1214 2678 excusare
1247 2623 1405 2679 nobis
1436 2624 1739 2692 videbatur,
1771 2629 1914 2698 quod
1956 2628 2164 2685 tardius
2267 2631 2531 2701 temporis
2556 2632 2812 2702 spatium,
2839 2636 3066 2690 collecta
3097 2637 3249 2690 malae
3267 2639 3679 2694 consuetudinis
3707 2642 3844 2694 vitia

587 2707 753 2762 solito
778 2711 1042 2781 evigilans
1082 2714 1322 2774 venisset
1363 2715 1431 2771 ad
1461 2733 1583 2773 nos.
1629 2718 1821 2774 Aiebat
1850 2736 1979 2791 ergo
2010 2739 2023 2776 :
2061 2720 2160 2777 Ubi
2264 2732 2603 2779 resecentur.
2637 2724 2794 2790 Quod
2823 2742 2931 2780 non
2965 2727 3124 2782 aliter
3153 2727 3332 2784 facere
3357 2731 3623 2800 poteritis.
3648 2732 3756 2786 nisi
3783 2741 3846 2788 ut

588 2800 735 2855 veris
764 2808 980 2873 tempus
1010 2805 1308 2876 longiorem
1334 2807 1523 2864 fecerit
1552 2809 1717 2875 diem,
1744 2827 1970 2869 necesse
1998 2823 2079 2870 est
2105 2825 2165 2868 ut
2265 2813 2583 2869 irascamini
2609 2817 3011 2885 quodammodo
3039 2817 3328 2874 adversum
3352 2821 3713 2891 vosmetipsos
3739 2837 3846 2890 pro

587 2905 693 2944 nov
730 2893 949 2949 brevior
975 2895 1104 2964 fiat;
1136 2898 1182 2954 si
1214 2903 1338 2971 quis
1371 2917 1502 2970 ergo
1528 2902 1837 2958 studiorum
1866 2920 2030 2961 causa
2072 2923 2166 2963 no-
2266 2907 2352 2962 liis
2407 2921 2528 2976 qua:
2560 2900 2825 2962 inutiliter
2852 2908 3104 2978 gessistis
3131 2923 3195 2963 ac
3223 2911 3474 2980 turpiter.
3507 2909 3631 2966 Hauc
3676 2913 3828 2965 enim

584 2983 693 3038 ctis
716 2984 924 3055 aliquid
956 3003 1226 3059 occupare
1253 2992 1547 3057 desiderat,
1593 3010 1702 3049 non
1747 2995 1799 3050 in
1831 2998 1977 3052 omni
2024 3007 2160 3056 tem-

586 3085 718 3138 pore
743 3075 960 3130 easdem
992 3077 1157 3134 horas
1183 3081 1476 3137 observare
1505 3083 1662 3141 debet
1695 3085 1761 3140 ad
1792 3088 2148 3159 vigilandum,

2261 3005 2347 3054 est
2375 2998 2524 3067 justa
2554 3005 2607 3051 et
2641 3000 2946 3053 necessaria
2975 2999 3275 3062 iracundia,
3314 3014 3421 3069 qua
3459 3001 3843 3071 unusquisque

2258 3088 2315 3144 in
2347 3089 2432 3143 his
2458 3088 2657 3160 quibus
2685 3089 2885 3143 erravit
2910 3096 2964 3143 et
2994 3104 3274 3159 perperam
3309 3092 3496 3160 gessit,
3522 3092 3843 3162 indignatur

583 3163 679 3218 sed
711 3165 899 3222 eadem
933 3172 1195 3241 temporis
1217 3175 1414 3244 spatia,
1439 3176 1553 3232 sive
1580 3176 1794 3233 brevior
1815 3181 1929 3235 sive
1946 3180 2155 3252 longior
2182 3171 2226 3228 C
2257 3190 2312 3237 et
2345 3182 2696 3250 semetipsum
2727 3180 2963 3246 incusat,
2995 3195 3059 3235 ex
3090 3195 3196 3251 qua
3229 3181 3604 3252 indignatione
3629 3198 3839 3237 accen-

584 3253 658 3310 sit
676 3257 1131 3321 nox,dormiendo
1155 3277 1498 3333 consumere,
1513 3277 1569 3323 et
1591 3284 1784 3326 curare
1807 3286 2153 3342 magnopere,

584 3362 654 3403 ne
684 3363 1019 3418 minuens
1046 3369 1112 3408 ex
1144 3355 1229 3411 bis
1250 3358 1443 3427 spatiis
1470 3376 1590 3429 qua:
1612 3360 1811 3418 habere
1836 3363 1902 3416 ad
1931 3365 2158 3420 studen-

584 3437 715 3492 dum
747 3440 905 3508 solet,
933 3442 1095 3497 addat
1125 3460 1321 3500 somno
1354 3455 1406 3503 et
1441 3449 1695 3522 vigilandi
1733 3459 1945 3522 tempus
1979 3454 2156 3508 inimi-

584 3534 740 3584 nuat.
772 3526 1181 3589 Observandum
1213 3551 1450 3607 namque
1493 3546 1548 3593 et
1600 3540 1733 3595 illud
1777 3554 1884 3606 est,
1919 3558 1986 3598 ne
2018 3541 2157 3599 forte

585 3618 632 3674 si
659 3621 898 3676 nondum
920 3623 1162 3682 decoctis
1186 3623 1329 3683 'cibis
1353 3631 1782 3702 interrumpatur
1801 3651 2049 3700 somnus,
2075 3637 2159 3690 in-

585 3705 859 3777 digestum
886 3727 1089 3781 mrpus
1118 3727 1373 3787 aggravet
1396 3729 1654 3788 mentem,
1681 3723 1947 3779 etcrudos
1978 3726 2157 3781 adhuc

583 3799 849 3856 athalans
873 3805 1099 3873 spiritus
1124 3808 1437 3866 interiorem
1467 3828 1688 3869 sensum
1719 3813 2008 3869 confusum
2040 3818 2158 3872 red.

583 3888 680 3944 dat
726 3905 792 3948 ac
835 3893 1134 3952 turbidum.
1168 3897 1394 3956 Rectum
1438 3919 1571 3975 ergo
1605 3911 1688 3960 est
1729 3916 1787 3959 ut
1830 3909 2154 3978 compelenti

583 3979 750 4035 etiam
779 3998 906 4052 pars
934 3986 1036 4041 ista
1056 3989 1242 4060 quiete
1263 3992 1529 4060 foveatur,
1556 4012 1666 4066 quo
1694 3998 1870 4067 possit
1887 3997 2156 4054 sufficien-

584 4077 669 4125 ter
697 4071 784 4130 his
817 4091 938 4145 qua
964 4078 1073 4134 sibi
1103 4077 1372 4138 debentur
1411 4100 1613 4158 corpus
1649 4090 1901 4158 expletis,
1943 4089 2153 4160 justum

577 4161 642 4219 in
678 4165 903 4235 reliquis
934 4169 1101 4223 menti
1134 4172 1394 4230 exhibere
1415 4178 1803 4238 ministerium.

2258 3271 2407 3327 ditur
2436 3272 2489 3326 in
2520 3270 2677 3326 nobis
2708 3269 2850 3341 ignis
2876 3271 3120 3340 quidam,
3155 3271 3248 3341 qui
3297 3273 3443 3325 velut
3474 3287 3606 3341 agro
3652 3273 3840 3327 sterili

2259 3365 2560 3428 immissus,
2595 3365 2938 3434 consumptis
2977 3373 3033 3418 et
3078 3368 3318 3420 excoctis
3348 3366 3625 3421 radicibus
3649 3368 3843 3436 pessi-

2259 3472 2359 3512 ma:
2396 3457 2712 3526 voluptatis,
2756 3456 2900 3512 bono
2931 3458 3122 3512 semini
3151 3458 3300 3513 verbi
3330 3457 3424 3513 Dei
3455 3459 3843 3518 fecundioren

2258 3546 2440 3603 cordis
2489 3554 2756 3617 praeparat
2802 3548 3033 3618 glebam.
3084 3546 3223 3602 Puto
3272 3557 3451 3604 autem
3499 3552 3642 3622 quod
3696 3553 3843 3606 satis

2259 3635 2450 3707 dignas
2476 3635 2721 3690 habeatis
2750 3650 2946 3691 causas
2974 3637 3290 3702 iracundize,
3317 3657 3383 3694 ex
3412 3643 3613 3711 quibus
3635 3641 3842 3709 justis-

2259 3726 2433 3780 simus
2464 3726 2604 3796 ignis
2638 3726 2740 3780 iste
2770 3726 3062 3790 coalescat,
3098 3728 3144 3782 si
3175 3730 3534 3786 consideretis
3566 3731 3618 3784 in
3649 3748 3841 3801 quan-

2258 3823 2345 3872 tos
2367 3830 2462 3872 vos
2490 3831 2706 3874 errores
2729 3818 2952 3891 deduxit
2983 3820 3298 3889 ignorantiae
3315 3823 3538 3885 malum,
3565 3833 3837 3891 quantos-

2257 3923 2364 3980 que
2387 3908 2572 3979 lapsus
2599 3917 2652 3964 et
2682 3889 2884 3979 quanta
2916 3911 3211 3981 praecipitia
3249 3914 3314 3967 ad
3349 3889 3681 3981 peccandum
3729 3916 3836 3970 de-

2259 3998 2361 4062 dit,
2395 4014 2424 4052 a
2457 4000 2678 4069 quantis
2707 4016 2801 4055 vos
2833 4000 2993 4056 bonis
3032 4003 3296 4058 abstraxit
3325 4013 3377 4059 et
3407 4004 3458 4058 in
3489 4021 3611 4075 quae
3635 4010 3834 4077 praeci-

2259 4089 2450 4158 pitavit
2477 4089 2640 4152 mala,
2659 4098 2712 4146 et
2739 4092 2882 4161 quod
2913 4102 2997 4147 est
3027 4109 3193 4164 super
3214 4095 3395 4148 omnia
3417 4099 3658 4166 gravius.
3681 4102 3833 4170 quod

2257 4193 2356 4233 vos
2386 4179 2440 4233 in
2472 4178 2658 4233 futuro
2689 4184 2890 4236 saeculo
2918 4185 3136 4239 uternis
3168 4187 3342 4255 penis
3372 4190 3640 4244 obnoxios
3678 4191 3831 4247 fecit.

655 4253 721 4310 ll.
762 4253 828 4320 Et
856 4273 981 4312 cum
1007 4258 1122 4316 hac
1156 4260 1412 4330 dixisset,
1463 4268 1715 4339 plurimis
1736 4270 1851 4340 jam
1892 4275 2172 4330 consueio’
2251 4263 2445 4332 Nonne
2489 4283 2588 4340 pro
2627 4272 2714 4330 liis
2736 4277 3013 4343 omnibus,
3043 4279 3134 4333 ιιὴί
3168 4253 3334 4336 vobis
3361 4283 3602 4340 veritatis
3633 4285 3822 4342 lumen

582 4341 641 4444 in
678 4344 822 4400 horti
867 4348 987 4402 loco
1017 4349 1086 4404 ad
1129 4351 1459 4410 audiendum
1499 4362 1864 4432 congregatis,
1891 4367 2156 4434 processit
2249 4360 2492 4424 obfulsit,
2517 4341 3392 4443 ignisjustissimaeindignationis
3412 4341 3824 4444 accenditur,

581 4432 800 4503 Petrus,
831 4445 888 4494 et
917 4441 1170 4499 salutatis
1185 4459 1251 4498 ex
1275 4461 1426 4503 more
1453 4450 1629 4505 turbis
1654 4452 1836 4508 dicere
1860 4432 1964 4511 hoc
1991 4459 2152 4512 modo

581 4530 750 4600 capit
780 4551 795 4586 :
837 4531 1104 4597 Quoniam
1138 4539 1377 4607 quidem.
1405 4541 1548 4597 sicut
1577 4551 1722 4599 terra
1757 4559 1790 4599 a
1818 4546 2029 4604 cultore
2057 4565 2152 4605 ne-

582 4624 758 4693 glecta
788 4626 979 4696 spinas
1024 4639 1080 4684 et
1124 4632 1358 4692 tribulos
1398 4639 1714 4694 necessario
1759 4641 2031 4710 producit,
2077 4644 2151 4698 ita

584 4733 784 4775 sensus
829 4729 1007 4776 vester
1060 4723 1207 4795 longi
1258 4729 1520 4798 temporis
1566 4729 1800 4798 incuria,
1849 4736 2048 4790 multas
2099 4744 2152 4792 et

581 4812 778 4867 noxias
804 4812 1092 4881 opiniones
1114 4832 1296 4874 rerum
1313 4825 1368 4874 et
1391 4819 1779 4894 intelligentias
1811 4822 1960 4880 falsae
1981 4826 2154 4881 scien-

580 4902 670 4955 tia:
697 4905 1053 4973 germinavit;
1082 4921 1222 4977 opus
1270 4917 1354 4966 est
1398 4927 1545 4967 nunc
1575 4913 1740 4968 multa
1773 4913 2049 4987 diligentia
2082 4919 2147 4972 ad

578 4993 936 5065 excolendum
985 5013 1080 5054 rus
1135 4993 1574 5068 mentis'vestrae,
1607 5011 1666 5058 ut
1694 5003 1749 5060 id
1787 5022 1966 5064 sermo
2008 5011 2149 5064 veri-

579 5083 735 5159 tatis,
757 5086 852 5157 qui
874 5095 962 5143 est
986 5105 1150 5146 verus
1174 5099 1228 5146 et
1247 5091 1482 5165 diligens
1509 5095 1691 5152 cordis
1720 5098 1969 5165 colonus,
2010 5102 2150 5157 assi-

576 5173 703 5230 duis
731 5177 943 5232 excolat
969 5178 1297 5252 disciplinis.
1327 5181 1583 5239 Vestrum
1616 5202 1748 5258 ergo
1781 5196 1864 5244 est
1906 5190 2148 5259 prabere

575 5263 627 5319 ei
655 5264 1044 5333 obedientiam,
1066 5279 1120 5326 et
1140 5274 1530 5343 occupationes
1554 5291 1620 5330 ac
1640 5277 2037 5336 sollicitudines
2060 5298 2150 5338 su-

573 5353 812 5426 perfluas
855 5368 1161 5429 amputare,
1193 5379 1261 5418 ne
1290 5364 1491 5419 bonum
1539 5367 1685 5421 verbi
1731 5383 1914 5424 semen
1957 5380 2147 5426 enecet

571 5449 798 5505 noxium
836 5468 1077 5524 germen.
1105 5453 1292 5513 Potest
1315 5457 1461 5512 enim
1495 5457 1631 5524 fieri,
1665 5464 1726 5514 ut
1751 5463 1904 5517 multi
1937 5471 2148 5536 tempo-

570 5541 648 5597 ris
671 5545 1057 5616 negligentiam
1083 5549 1265 5605 brevis
1287 5559 1341 5604 et
1363 5552 1583 5607 assidua
1609 5565 1821 5623 reparet
1839 5555 2140 5629 diligentia;

570 5633 846 5691 incertum
899 5654 1140 5711 namque
1164 5649 1250 5696 est
1287 5643 1726 5716 uniuscujusque
1751 5650 1875 5703 vitae
1900 5656 2159 5721 tempus,

2258 4455 2556 4511 iracundia
2587 4457 2694 4513 Deo
2731 4459 2942 4529 placita:
2989 4461 3132 4515 intra
3177 4479 3276 4518 vos
3314 4467 3599 4536 consurgit
3644 4468 3830 4523 incen-

2255 4544 2403 4599 dium
2425 4583 2441 4610 ,
2486 4561 2596 4617 quo
2637 4560 2993 4604 consumatur
3023 4560 3077 4608 et
3107 4553 3370 4610 radicitus
3408 4555 3637 4612 intereat
3667 4575 3830 4618 omne

2254 4652 2496 4706 germen,
2532 4639 2577 4693 si
2606 4640 2753 4709 quod
2780 4640 2920 4697 forte
2949 4644 3090 4697 intra
3119 4659 3216 4701 vos
3248 4646 3402 4702 mala
3426 4651 3829 4722 concupiscen-

2255 4729 2345 4783 tiae
2371 4731 2660 4798 pullulavit
2680 4730 2707 4785 τ

2327 4819 2414 4875 IV.
2455 4820 2502 4854 ³⁸
2523 4820 2675 4877 Unde
2706 4831 2766 4878 .et
2809 4825 2926 4894 ipse
2952 4827 3044 4896 qui
3076 4829 3223 4884 misit
3251 4846 3373 4894 nos.
3418 4847 3550 4886 cum
3586 4838 3829 4892 venisset

2253 4920 2307 4968 et
2335 4927 2552 4970 omnem
2585 4917 2844 4970 mundum
2864 4919 3087 4974 vidisset
3111 4920 3180 4974 ad
3207 4925 3467 4978 malitiam
3493 4926 3822 4990 declinasse.

2253 5021 2362 5060 non
2387 5007 2650 5063 continuo
2679 5025 2864 5080 pacem
2892 5013 2942 5066 ei
2971 5012 3025 5066 in
3054 5015 3334 5070 erroribus
3365 5017 3542 5085 posito
3569 5015 3820 5082 dedi't,ne

2252 5117 2374 5155 eum
2405 5102 2751 5158 confirmaret
2786 5105 2839 5159 in
2871 5107 3049 5168 malis,
3077 5107 3168 5162 sed
3201 5109 3522 5179 ignorantis
3550 5112 3674 5181 ejus
3703 5116 3818 5168 rui-

2251 5194 2339 5248 nis
2366 5195 2650 5249 scientiam
2682 5197 2925 5252 veritatis
2947 5201 3220 5268 opposuit,
3247 5210 3326 5264 ut,
3368 5205 3415 5257 si
3451 5205 3588 5260 forte
3630 5208 3816 5276 resipi-

2252 5295 2468 5340 scerent
2491 5295 2547 5340 et
2578 5287 2758 5343 lumen
2790 5289 3036 5346 veritatis
3060 5293 3383 5362 aspicerent,
3400 5294 3658 5365 deceptos
3684 5313 3745 5354 se
3767 5306 3821 5351 et

2249 5376 2305 5431 in
2338 5379 2633 5447 praecipitia
2662 5383 2867 5437 erroris
2897 5383 3202 5440 abstractos
3233 5389 3427 5442 merito
3465 5387 3737 5451 dolerent,
3768 5401 3818 5444 et

2252 5469 2556 5526 iracundia:
2581 5473 2839 5527 salutaris
2893 5477 3071 5545 ignem
3120 5477 3408 5533 adversum
3453 5479 3816 5550 deceptricem

2248 5560 2333 5614 sui
2358 5561 2706 5633 conciperent
2730 5566 3109 5636 ignorantiam.
3139 5566 3222 5624 οι»
3240 5569 3344 5625 hoc
3367 5576 3546 5642 itaque
3562 5573 3776 5628 dicebat
3798 5593 3811 5629 :

2247 5651 2429 5724 Ignem
2461 5656 2574 5709 ueni
2605 5657 2810 5713 mittere
2837 5661 2890 5713 in
2917 5667 3131 5728 terram,
3154 5671 3205 5716 et
3224 5679 3384 5733 quam
3413 5665 3530 5720 solo
3560 5674 3619 5720 stt
3640 5683 3810 5720 accen-

648 5809 696 5843 ⁶⁶
720 5809 867 5894 ⁵(ιιιε
887 5827 1001 5883 εειιι
1047 5813 1178 5869 4-14
1211 5815 1266 5869 in
1294 5815 1418 5870 edd.
1443 5816 1720 5888 leguntur,
1743 5822 1942 5878 desunt
1965 5825 2017 5879 in
2043 5827 2159 5880 cod:

2262 5842 2364 5882 ass.
2393 5825 2574 5900 Lipss.
