4078 6336
626 393 754 453 1831

1484 386 1544 444 S.
1580 385 1974 444 CLEMENTIS
2012 387 2032 443 Ι
2070 388 2235 446 “OM.
2277 389 2479 446 PONT.
2519 391 2748 447 OPERA
2787 391 3014 449 DUBIA.

3732 389 3876 444 1352

698 508 807 566 νη.
847 505 1067 564 Certum
1092 513 1176 561 est
1200 505 1343 561 enim
1371 504 1498 576 quia
1528 519 1624 576 per
1651 504 1853 560 ferrum
1896 505 2037 560 facta
2060 516 2189 561 sunt
2218 515 2264 571 Α
2292 511 2449 580 pletis
2473 498 2646 564 haeres
2674 507 2903 565 eﬂieitur
2940 507 3062 576 ejus
3090 520 3120 560 a
3142 521 3252 577 quo
3277 506 3331 562 in
3355 505 3770 575 incorruptione
3794 519 3876 556 ro.-

625 603 943 663 simulacra,
978 598 1180 654 t‘errum
1215 612 1344 653 vero
1394 613 1490 667 per
1519 598 1716 668 ignem
1747 596 2058 652 confectum
2087 605 2194 662 est.

625 696 719 766 qui
751 695 892 767 ignis
921 709 1063 764 aqua
1093 691 1479 759 exstinguitur,
1511 705 1651 759 aqua
1693 697 1872 745 autem
1909 705 2006 760 per
2036 689 2200 760 spiri-

627 794 742 841 tum
777 793 1044 845 movetur.
1075 782 1301 853 spiritus
1333 787 1513 837 autem
1560 797 1590 835 a
1635 779 1745 835 Deo
1772 781 1986 835 initium
2015 783 2195 837 habet.

629 875 721 933 Sic
749 877 893 932 enim
936 875 1068 930 dicit
1108 872 1320 945 Moyses
1351 872 1610 943 propheta
1645 891 1659 926 :
1698 869 1764 927 In
1793 872 2051 942 principio
2075 872 2199 940 fecit

627 967 771 1023 Deus
799 967 982 1023 calum
1023 975 1073 1021 et
1111 975 1330 1027 terram,
1371 975 1513 1018 terra
1549 974 1723 1018 autem
1768 971 1882 1018 erat
1919 961 2199 1016 invisibilis

626 1069 679 1114 et
711 1059 1074 1128 incomposita,
1101 1067 1151 1112 et
1201 1054 1423 1111 tenebra:
1470 1065 1620 1110 erant
1664 1070 1819 1123 super
1849 1053 2118 1124 abyssum,
2149 1059 2200 1106 et

629 1149 861 1219 Spiritus
907 1148 1007 1203 Dei
1048 1155 1162 1204 erat
1187 1161 1342 1217 super
1371 1162 1535 1218 aquas
1557 1146 1621 1201 “.
1656 1145 1758 1212 Qui
1788 1145 2014 1216 spiritus
2039 1143 2200 1213 jussu

628 1236 757 1305 Dei,
789 1235 945 1310 quasi
997 1237 1113 1308 ipsa
1142 1235 1456 1292 Conditoris
1497 1249 1692 1290 manus
1719 1234 1894 1288 lucem
1926 1232 2200 1302 separavit

630 1345 660 1384 a
685 1330 926 1384 tenebris
957 1327 1092 1400 (30).
1120 1335 1174 1384 et
1200 1336 1323 1397 post
1351 1324 1484 1381 illud
1517 1325 1792 1381 invisibile
1823 1326 2021 1379 caelum
2053 1323 2200 1378 istud

627 1422 842 1478 visibile
871 1421 1147 1492 produxit,
1178 1427 1238 1474 ut
1268 1419 1551 1490 superiora
1580 1417 1799 1488 quidem
1828 1415 2200 1470 habitaculum

631 1511 834 1567 faceret
862 1511 1089 1583 angelis,
1122 1511 1378 1567 inferiora
1429 1507 1558 1565 vero
1605 1508 1938 1563 hominibus.
1971 1505 2202 1576 Propter

631 1612 684 1658 te
717 1618 847 1674 ergo
875 1602 969 1658 Dei
996 1603 1177 1672 jussu,
1198 1615 1336 1672 aqua
1359 1616 1480 1672 quae
1501 1606 1618 1656 erat
1641 1613 1807 1672 super
1831 1599 2022 1655 faciem
2045 1605 2202 1652 terra:

628 1694 880 1759 secessit,
914 1702 973 1748 ut
1001 1702 1144 1750 terra
1167 1693 1262 1748 tibi
1298 1692 1619 1763 produceret
1645 1690 1877 1755 fructus,
1909 1693 1998 1744 cui
2036 1690 2199 1745 etiam

631 1781 921 1841 humorum
953 1800 1121 1841 vcnas
1146 1785 1379 1841 latenter
1408 1784 1660 1848 inseruit,
1688 1791 1750 1837 ut
1771 1782 1866 1837 tibi
1896 1798 1962 1837 ex
1993 1797 2055 1837 ea
2082 1796 2202 1851 pro-

631 1873 861 1950 ﬂuet-ent
888 1874 1067 1930 fontes
1084 1882 1139 1929 et
1159 1872 1636 1946 flumina.Propter
1653 1882 1706 1928 te
1730 1873 2028 1944 producere
2045 1873 2201 1940 jussa

629 1978 715 2023 est
744 1966 1062 2031 animantia,
1096 1974 1150 2022 et
1173 1966 1355 2021 omnia
1383 1980 1503 2036 qua:
1527 1973 1620 2019 tuo
1659 1967 1784 2019 usui
1828 1964 2202 2032 voluntatique

631 2060 920 2116 servirent.
947 2056 1054 2113 Aut
1085 2073 1192 2113 non
1229 2065 1449 2128 propter
1495 2065 1548 2111 te
1586 2057 1733 2110 venti
1781 2057 2012 2125 spirant,
2051 2064 2110 2107 ut
2135 2069 2200 2108 ex

630 2150 768 2223 ipsis
810 2130 1130 2221 concipiens
1177 2149 1390 2204 fructus
1431 2149 1529 2204 tibi
1575 2157 1719 2204 terra
1751 2146 2054 2218 parturiat?
2083 2145 2200 2199 Non

632 2251 851 2313 propter
878 2248 935 2296 te
961 2239 1164 2297 imbres
1215 2240 1492 2311 profluunt
1519 2247 1572 2294 et
1601 2249 1843 2308 tempora
1876 2237 2202 2292 vicissitudi-

632 2349 730 2389 nes
762 2332 1012 2388 mutant?
1040 2329 1156 2388 Non
1186 2343 1406 2402 propter
1433 2339 1486 2386 te
1516 2331 1594 2386 sol
1636 2332 1813 2384 oritur
1839 2338 1893 2385 et
1924 2330 2126 2384 occidit
2147 2336 2202 2384 et

633 2422 964 2478 mutationes
992 2423 1122 2476 luna
1152 2420 1490 2492 perpetitur?
1535 2418 1765 2490 Propter
1791 2433 1844 2475 te
1879 2435 2030 2475 mare
2054 2420 2204 2474 exhi-

631 2513 722 2568 bet
768 2513 1086 2568 famulatum
1118 2527 1301 2575 suum.
1330 2521 1390 2568 ut
1423 2513 1521 2568 tibi
1559 2513 1773 2582 ingrato
1799 2522 1992 2566 cuncta
2019 2511 2200 2580 suhja-

631 2615 813 2662 ceant.
845 2606 1034 2662 Nonne
1084 2622 1185 2678 pro
1234 2606 1319 2662 his
1367 2605 1622 2660 omnibus
1665 2604 1815 2674 justa
1842 2605 1947 2659 erit
1977 2603 2197 2658 ultionis

634 2714 815 2770 pinna,
846 2698 972 2769 quia
1005 2698 1196 2753 horum
1243 2697 1483 2752 omnium
1528 2695 1857 2765 largitorem,
1883 2709 2044 2764 quem
2075 2703 2199 2748 ante

632 2791 815 2846 omnia
837 2799 890 2846 et
907 2804 1200 2862 agnoscere
1226 2797 1281 2846 et
1307 2788 1550 2846 venerari
1576 2786 1864 2850 debuistis,
1889 2787 2064 2841 solum
2089 2800 2199 2856 pre

630 2882 846 2937 caeteris
869 2879 1202 2951 ignorastis?

706 2969 839 3026 VIII.
884 2969 989 3026 Sed
1037 2977 1090 3026 et
1132 2983 1276 3025 nunc
1323 2969 1526 3025 eisdem
1557 2984 1654 3025 vos
1698 2969 1765 3024 ad
1789 2970 2195 3040 intelligentiam

635 3061 737 3118 viis
763 3061 932 3127 duco;
964 3061 1160 3116 videtis
1187 3061 1387 3115 etenim
1415 3060 1558 3130 quod
1593 3060 1774 3115 omnia
1806 3062 2102 3131 gignuntur
2127 3075 2195 3116 ex

2297 611 2588 673 generatus
2616 610 2719 656 est.
2752 599 2983 670 Propter
3003 599 3147 668 quod
3168 601 3372 668 paratis
3401 596 3603 652 animis
3625 595 3876 651 accedite

2298 694 2455 764 quasi
2489 695 2579 748 filii
2609 693 2676 748 ad
2709 703 2940 764 patrem,
2971 702 3031 746 ut
3053 702 3271 763 peccata
3301 699 3481 748 vestra
3512 691 3794 745 diluantur
3819 695 3873 741 ct

2299 801 2466 842 causa
2511 802 2699 842 eorum
2748 787 2863 841 sola
2909 786 3212 857 ignorantia
3241 786 3411 841 fuisse
3437 784 3696 855 probetur
3725 781 3871 852 apud

2300 877 2492 936 Deum.
2543 877 2675 933 Nam
2707 881 2752 935 si
2783 885 2903 948 post
2933 879 3262 948 agnitionem
3301 879 3495 932 horum
3538 873 3874 946 permanetis

2300 964 2355 1021 in
2386 953 2784 1031 incredulitate,
2811 969 2962 1023 vobis
2989 969 3102 1036 jam
3136 952 3459 1039 perditionis
3487 975 3873 1023 vestraa‘causa

2299 1066 2353 1112 et
2383 1074 2490 1113 non
2523 1061 2836 1130 ignorantiae
2854 1059 3324 1128 reputabitur.Nec
3349 1075 3419 1129 pu
3445 1075 3504 1114 es
3520 1058 3661 1130 quod
3683 1060 3876 1112 etiam-

2301 1152 2345 1205 si
2377 1166 2590 1206 omnem
2624 1153 2875 1222 pietatem
2908 1151 3059 1206 colas
3101 1166 3424 1220 omnemque
3444 1151 3733 1219 justitiam,
3770 1153 3875 1206 ba-

2301 1241 2558 1312 ptismum
2576 1257 2706 1296 vero
2728 1253 2837 1296 non
2862 1242 3122 1311 accipias,
3138 1256 3286 1311 spem
3303 1241 3482 1311 possis
3501 1241 3700 1296 habere
3723 1241 3874 1310 apud

2301 1333 2509 1397 Deum;
2548 1335 2659 1388 imo
2697 1335 2877 1404 potius
2925 1334 3134 1403 majore
3181 1346 3338 1403 poena
3376 1333 3575 1402 dignus
3622 1335 3730 1388 erit
3778 1333 3875 1403 qui

2301 1426 2442 1481 bona
2472 1440 2638 1496 opera
2665 1439 2775 1479 non
2805 1426 2943 1481 bene
2971 1432 3252 1496 operatur,
3282 1423 3564 1480 confertur
3590 1424 3734 1478 enim
3767 1437 3879 1476 Ine-

2299 1518 2462 1572 ritum
2477 1517 2681 1572 homini
2699 1533 2766 1573 ex
2797 1518 2952 1572 bonis
2974 1518 3158 1587 gestis,
3183 1517 3276 1572 sed
3310 1517 3354 1571 si
3389 1518 3458 1570 ita
3481 1522 3741 1586 gerantur
3765 1514 3879 1568 sic—

2300 1617 2359 1663 ut
2389 1607 2532 1664 Deus
2561 1607 2736 1677 jubet.
2791 1607 2932 1662 Deus
2964 1617 3145 1664 autent
3167 1609 3332 1677 jussit
3359 1623 3573 1662 omnem
3603 1607 3876 1660 colentem

2301 1716 2360 1756 se
2382 1700 2650 1772 baptismo
2671 1700 3007 1771 consignari,
3039 1700 3182 1770 quod
3213 1701 3259 1755 si
3293 1707 3348 1752 tu
3382 1698 3637 1753 reniteris
3669 1706 3721 1751 et
3770 1707 3880 1749 tute

2300 1792 2562 1845 voluntati
2617 1792 2788 1862 magis
2834 1806 2994 1861 quam
3043 1789 3138 1846 Dei
3170 1791 3535 1860 obtemperas,
3563 1787 3880 1844 contrarius

2232 1855 2276 1910 Β
2303 1881 2424 1936 sine
2453 1882 2620 1936 dubio
2650 1888 2704 1935 et
2731 1881 2989 1936 inimicus
3015 1897 3076 1936 es
3110 1881 3375 1935 voluntati
3412 1881 3555 1949 ejus.

2377 1972 2466 2027 IX.
2511 1972 2615 2027 Sed
2641 1973 2792 2028 dices
2822 1973 3099 2028 fortasse:
3137 1972 3277 2038 Quid
3321 1972 3532 2026 confert
3581 1985 3734 2041 aqu:e
3782 1969 3881 2023 ba-

2303 2067 2536 2136 ptismus
2560 2064 2626 2117 ad
2659 2063 2751 2119 Dei
2779 2064 3026 2117 cultum?
3067 2061 3248 2118 Primo
3278 2064 3519 2133 quidem,
3550 2065 3677 2132 quia
3727 2062 3878 2130 quod

2303 2155 2414 2209 Deo
2442 2154 2642 2224 placuit
2669 2155 2954 2224 impletur;
2987 2154 3250 2216 secundo,
3287 2154 3415 2224 quia
3458 2163 3778 2223 regenerato
3812 2168 3880 2207 es

2303 2245 2459 2315 aquis
2486 2253 2540 2300 et
2571 2242 2680 2300 Deo
2715 2251 2942 2308 renato,
2983 2243 3250 2313 fragilitas
3301 2244 3502 2313 prioris
3549 2244 3878 2304 nativitatis.

2298 2349 2424 2407 qua
2450 2337 2548 2391 tibi
2577 2350 2676 2406 per
2704 2336 2980 2390 hominem
3008 2334 3150 2391 iacta
3195 2347 3302 2399 est,
3347 2321 3683 2405 amputatur,
3714 2347 3768 2388 et
3804 2335 3880 2388 ita

2300 2428 2518 2492 demum
2567 2428 2852 2498 pervenire
2897 2431 3104 2497 poteris
3147 2423 3220 2482 ad
3260 2429 3512 2490 salutem.
3543 2428 3703 2482 aliter
3746 2442 3881 2481 vero

2299 2520 2636 2589 impossibile
2683 2527 2786 2576 est.
2822 2518 2913 2575 Sic
2961 2521 3106 2576 enim
3157 2521 3315 2576 nobis
3361 2536 3484 2576 cum
3534 2527 3884 2575 sacramento

2300 2627 2462 2667 verus
2485 2610 2755 2680 Propheta
2787 2620 3020 2666 testatus
3049 2619 3155 2675 est,
3184 2612 3377 2668 dicens
3406 2631 3419 2666 :
3450 2613 3616 2666 Arnen
3643 2612 3763 2664 dico
3791 2628 3882 2664 ro-

2298 2699 2525 2775 bis,.uisi
2538 2701 2654 2770 quis
2671 2698 2840 2754 denuo
2865 2709 3075 2753 renatus
3100 2699 3259 2768 fuerit
3278 2714 3343 2753 ea:
3368 2715 3528 2768 aqua,
3563 2714 3666 2751 non
3704 2698 3882 2749 intro-

2297 2791 2394 2845 ibit
2417 2793 2473 2845 in
2495 2807 2654 2860 regna
2675 2791 2923 2844 caelorum
2941 2789 3004 2845 “.
3025 2789 3090 2843 Et
3118 2789 3240 2844 ideo
3263 2791 3587 2852 accelerate,
3615 2797 3699 2843 est
3729 2789 3879 2842 enim

2298 2884 2353 2938 in
2380 2883 2536 2952 aquis
2563 2883 2684 2938 istis
2712 2881 3100 2937 misericordias
3120 2882 3205 2935 vis
3233 2882 3500 2951 quasdam,
3522 2895 3641 2950 qua:
3670 2895 3732 2933 es
3769 2880 3881 2930 iui-

2295 2973 2375 3028 tio
2421 2973 2697 3028 ferebatur
2737 2989 2903 3042 super
2943 2988 3059 3035 eas,
3090 2982 3145 3028 et
3181 2971 3426 3043 agnzrscit
3456 2987 3554 3026 eos
3582 2970 3675 3040 qui
3707 2969 3883 3037 bapti-

2297 3075 2494 3122 zantur
2515 3066 2618 3121 sub
2643 3066 3005 3136 appellatione
3046 3065 3277 3134 triplicis
3308 3064 3658 3125 sacramenti,
3684 3072 3738 3117 et
3768 3079 3818 3116 e.
3836 3063 3882 3113 i-

633 3153 811 3226 aquis.
843 3169 984 3226 aqua
1006 3167 1134 3210 vero
1163 3167 1257 3223 per
1278 3150 1623 3225 Unigenitum
1651 3169 1718 3210 ex
1748 3154 1905 3208 initio
1933 3154 2073 3208 facta
2087 3162 2192 3216 est.
2224 3182 2269 3240 ε
2300 3159 2379 3228 pit
2407 3173 2501 3212 eos
2531 3158 2598 3212 de
2626 3158 2911 3228 suppliciis
2940 3157 3159 3218 futuris.
3181 3157 3337 3227 quasi
3367 3156 3570 3209 donum
3601 3153 3882 3223 quoddam

638 3245 910 3318 Unigeniti
943 3261 1069 3302 vero
1099 3247 1443 3318 omnipotens
1475 3246 1616 3302 Deus
1650 3253 1812 3316 caput
1842 3253 1925 3302 est
1953 3246 2084 3317 (3t).
2110 3259 2206 3316 par

635 3355 796 3410 quem
823 3340 915 3395 tali
947 3341 1158 3405 ordine,
1190 3356 1296 3411 quo
1325 3355 1491 3409 supra
1512 3339 1773 3405 diximus,
1798 3341 2108 3409 pervenitur
2135 3337 2203 3392 ad

639 3429 886 3498 Patrem;
924 3446 1048 3486 cum
1099 3441 1274 3487 autem
1325 3430 1636 3501 perveneris
1671 3430 1734 3484 ad
1761 3428 1994 3493 Patrem,
2032 3444 2205 3499 agno.

636 3535 759 3576 sces
793 3519 932 3576 hanc
977 3537 1099 3578 esse
1127 3523 1462 3577 voluntatem
1491 3521 1631 3589 ejus,
1669 3528 1728 3575 ut
1757 3536 1853 3591 per
1883 3536 2053 3591 aquas
2082 3535 2203 3588 quae

635 3612 824 3682 prime
850 3621 1046 3668 creata:
1076 3621 1204 3678 sunt
1228 3613 1362 3683 (32),
1397 3613 1579 3668 denuo
1607 3611 2038 3677 renascaris.Qui
2056 3611 2200 3666 enim

638 3712 986 3774 regeneratus
1009 3704 1171 3759 fuerit
1197 3720 1289 3774 per
1319 3720 1537 3775 aquam,
1570 3705 1729 3760 bonis
1756 3704 2012 3774 operibus
2037 3702 2202 3758 adim-

703 3819 750 3852 “
785 3816 919 3876 Gen.
952 3833 990 3882 ι,
1016 3819 1067 3885 1,
1093 3816 1148 3873 2.
1225 3817 1273 3850 ⁸⁸
1299 3817 1456 3875 Joan.
1483 3833 1565 3882 tu.
1594 3817 1647 3874 5.

1894 3949 2260 4008 COTELERII

634 4101 760 4164 τοῖς
785 4099 1012 4160 πιστοῖς,
1045 4096 1078 4165 ὴ
1113 4095 1211 4166 τῆς
1245 4093 1494 4166 ἀσεβείας
1529 4093 1891 4166 κατάγνωσις,
1928 4095 2208 4166 abtamen;

634 4163 790 4243 ’πρὸςΔ
817 4163 1094 4243 ιῇᾳέᾆιιάύ
1113 4163 1238 4243 seu
1266 4164 1484 4243 ηῶᾳις.
1514 4164 1636 4243 iga}
1662 4163 1770 4243 ζὰρ
1797 4164 1853 4243 ει.
1882 4163 2204 4243 “augura!

635 4232 1035 4305 κὰτὰλαόέσθαι
1073 4232 1129 4290 τί
1167 4236 1280 4287 ἐστι
1308 4234 1459 4298 Θεὸς,
1503 4233 1638 4288 ἀλλὰ
1675 4232 1897 4287 δυνατὸύ
1927 4232 2121 4298 έξπεῖν,
2151 4233 2204 4286 τί

634 4311 968 4449 “Taifali:
991 4376 1206 4445 spiritus
1226 4372 1546 4449 _jussu__Dei,
1580 4375 1731 4449 quasi
1759 4374 1874 4449 ipsa
1901 4371 2203 4449 Conditoris

635 4443 822 4503 manus
855 4450 952 4516 (ita
993 4443 1136 4516 recte
1167 4445 1328 4498 etiam
1362 4443 1702 4516 libriscripti
1761 4443 2203 4516 Clementian

635 4535 714 4600 Et.
743 4519 837 4581 22,
860 4511 1020 4600 :xstp)
1060 4516 1224 4600 lucem
1260 4514 1550 4600 separari:
1579 4511 2116 4600 (“neptim-hlium
2147 4513 2202 4567 in
2234 4513 2825 4600 nAptltsrt‘oliAitemque
2849 4511 2906 4566 S.
2938 4511 3173 4592 Basilius
3199 4513 3251 4565 in
3292 4512 3481 4600 psalm.
3515 4528 3707 4600 x‘xvtt‘n,
3739 4514 3795 4569 6.

636 4580 1112 4654 Clemeittinis','uai
1131 4580 1375 4654 λέγονςὸς
1394 4584 1488 4654 rei)
1509 4584 1664 4654 Θεοῦ,
1691 4585 1783 4654 sed
1812 4584 1950 4638 forte
1974 4581 2202 4638 Rufinus
2234 4580 2278 4634 D

636 4659 847 4720 legebat
876 4652 1304 4717 anemonas
1333 4653 1486 4724 Θεοῦ.
1521 4653 1674 4724 Apud
1698 4652 1957 4708 lrenazum
1981 4654 2074 4707 lib.
2120 4668 2202 4716 Ill,

635 4727 884 4783 admsus
911 4727 1155 4784 hazreses.
1179 4740 1298 4794 cap.
1334 4723 1366 4778 8
1393 4743 1404 4776 :
1440 4723 1703 4789 Quoniam
1741 4725 1848 4783 ipsa
1864 4725 2128 4791 praecepit,
2160 4734 2208 4778 et

635 4808 813 4854 creata
846 4804 968 4851 sunt
998 4811 1016 4849 :
1048 4793 1155 4865 ipse
1184 4792 1341 4854 diiit,
1372 4804 1422 4847 et
1454 4796 1596 4865 [acta
1625 4804 1766 4849 sunt.
1800 4794 1899 4848 Cui
1930 4809 2049 4865 ergo
2069 4809 2210 4862 pra:-

634 4870 811 4934 cepit.’
848 4866 1028 4926 Verbo.
1062 4863 1299 4920 scilicet:
1326 4879 1417 4931 per
1443 4863 1600 4934 quod,
1635 4865 1826 4934 inquit.
1859 4863 1973 4917 caeli
2009 4865 2209 4934 ﬁrmati

633 4933 776 4999 sunt,
809 4946 857 4991 et
891 4936 1092 5006 Spiritu
1114 4937 1220 4991 oris
1251 4934 1370 5006 ejus
1405 4933 1573 5006 omnis
1610 4933 1771 4988 virtus
1798 4950 2005 5006 eorum.
2031 4933 2204 5003 (Psuf.

635 5023 805 5072 um,
831 5006 883 5067 9.
904 5003 981 5075 6.)
1014 5006 1156 5061 idem
1187 5003 1444 5075 legendus
1474 5004 1567 5058 lib.
1590 5020 1662 5067 tv,
1686 5020 1810 5075 cap.
1829 5005 1911 5058 75.
1933 5003 2096 5075 Libro
2112 5020 2209 5058 au-

635 5086 740 5133 tem
766 5096 817 5140 v.
841 5073 971 5148 cap.
989 5078 1041 5136 6.
1065 5075 1200 5148 dicit
1229 5073 1590 5148 {Per‘manus
1615 5073 1765 5129 enim?
1783 5073 1999 5148 Patris,
2019 5074 2075 5148 id
2092 5087 2203 5148 est,

632 5163 724 5218 per
755 5143 952 5203 Filium
974 5157 1029 5218 et
1057 5144 1335 5218 Spiritum.
1365 5146 1425 5214 ﬁt
1455 5145 1607 5218 homo
1639 5143 1919 5218 secundum
1958 5146 2206 5200 similitu-

632 5214 800 5273 dinem
827 5218 937 5273 Dei.
967 5215 1071 5273 Sed
1099 5214 1372 5270 memoria:
1394 5215 1696 5270 ntandanda
1719 5214 2202 5284 est_Chrysostomi

634 5302 797 5344 aurea
821 5288 1134 5344 observatio
1161 5286 1227 5340 de
1251 5286 1454 5355 Spiritu
1498 5293 1706 5355 sancto,
1726 5282 2152 5353 admorint,“
2181 5308 2194 5343 :

631 5358 829 5428 Καθὼς
861 5357 1127 5428 βούλεται,
1156 5356 1218 5409 οὺ
1240 5354 1421 5428 stafida;
1445 5354 1796 5428 ualetis-utet
1838 5355 2199 5428 ὲπξῖάττεται,

622 5419 783 5483 Prout
797 5419 909 5482 eu'lt
949 5445 1048 5481 non
1063 5436 1216 5494 prout
1221 5424 1433 5495 jubetur
1451 5440 1512 5479 ac
1527 5426 1846 5495 precipitur.
1863 5424 1998 5478 Vide
2013 5419 2196 5495 supra.

703 5501 816 5568 (3i)
881 5497 1144 5568 Unigeniti
1181 5494 1304 5568 3m
1347 5497 1670 5568 omnipotens
1712 5494 1848 5568 Deus
1893 5505 2045 5562 caput
2083 5494 2195 5552 iest.

628 5563 718 5624 En
743 5563 901 5623 verba
936 5563 1137 5629 Rufini,
1174 5563 1508 5636 Expositione
1525 5566 1578 5620 in
1605 5566 1911 5636 Symbolum
1933 5570 2200 5636 apostolo-

631 5655 748 5694 rum
791 5654 808 5692 :
873 5637 1068 5692 Unicus
1112 5653 1234 5706 ergo
1278 5635 1452 5690 Filius
1499 5645 1576 5692 est
1607 5652 1625 5690 :
1652 5635 1710 5690 et
1742 5652 1859 5689 cum
1892 5638 1960 5690 sit
2003 5635 2194 5706 gloria.

630 5711 1060 5779 sempiternitate.
1099 5717 1306 5770 virtute,
1357 5724 1532 5779 regno,
1579 5715 1862 5778 potestate,
1913 5707 2008 5760 hoc
2060 5707 2196 5776 quod

637 5777 794 5844 Pqter
816 5791 928 5843 est;
953 5781 1129 5832 omnia
1157 5786 1327 5832 tamen
1360 5777 1469 5832 haec
1511 5795 1612 5830 non
1658 5779 1768 5830 sine
1797 5787 2029 5836 auctore.
2060 5780 2195 5830 sicut

636 5846 815 5916 l‘utcr,
870 5849 960 5905 sed
1013 5864 1075 5903 ex
1128 5847 1286 5902 Patre
1319 5859 1565 5918 tanquam
1602 5845 1774 5901 Filius
1818 5849 1928 5904 sine
1965 5848 2113 5902 initio
2143 5858 2189 5900 et

2298 3249 2534 3306 offerens
2585 3248 2694 3302 Deo
2743 3249 2953 3304 animas
2998 3265 3092 3318 per
3136 3249 3464 3319 baptismum
3497 3256 3878 3302 consecratas.

2297 3340 2586 3411 Confugite
2616 3355 2747 3411 ergo
2776 3341 2843 3394 ad
2871 3356 3040 3410 aquas
3077 3341 3230 3403 istas.
3262 3341 3389 3395 sola:
3418 3347 3546 3394 sunt
3585 3339 3730 3393 enim
3756 3353 3882 3408 quae

2298 3433 2508 3500 possint
2539 3431 2648 3485 vim
2704 3431 2871 3484 futuri
2918 3430 3060 3500 ignis
3109 3432 3482 3499 exstinguere;
3508 3430 3574 3482 ad
3611 3443 3750 3498 quas
3780 3427 3878 3496 qui

2300 3532 2542 3578 moratur
2571 3523 2852 3586 accedere,
2892 3532 3110 3576 constat
3141 3526 3192 3577 in
3225 3538 3288 3578 eo
3317 3522 3650 3577 infidelitatis
3697 3520 3880 3573 adhuc

2299 3614 2502 3667 idolum
2530 3627 2865 3681 permanere.
2893 3620 2948 3666 et
2997 3612 3065 3665 ab
3113 3613 3230 3680 ipso
3281 3610 3554 3680 prohiberi
3605 3609 3669 3661 ad
3705 3622 3880 3675 aquas

2299 3719 2419 3774 quae
2448 3703 2675 3759 salutem
2706 3700 3018 3767 conferunt,
3049 3699 3490 3772 properare.Sive
3515 3698 3660 3754 enim
3689 3697 3880 3766 justus

2333 3952 2568 4009 ΝΟΤᾸΞ.

2307 4093 2526 4160 aqualis
2555 4092 2744 4154 habet;
2775 4099 2824 4146 et
2853 4105 2968 4144 cum
2997 4091 3105 4158 ipse
3137 4092 3206 4144 sit
3234 4089 3466 4143 omnium
3493 4100 3668 4158 caput,
3707 4093 3880 4158 ipsius

2309 4173 2480 4218 tamen
2508 4174 2664 4231 caput
2690 4173 2768 4217 est
2800 4161 2979 4231 Pater.
3014 4162 3102 4214 Sic
3124 4162 3262 4231 enim
3291 4162 3542 4231 scripturn
3570 4173 3646 4214 est
3673 4162 3723 4231 (l
3747 4163 3878 4218 Cor.

2310 4249 2384 4293 χι.
2433 4235 2509 4302 3).
2545 4229 2705 4302 Quiai
2728 4243 2884 4300 caput
2919 4229 3118 4302 Christi
3167 4230 3324 4302 Deus.
3365 4229 3881 4302 Prudenter'tamen

2306 4300 2590 4359 monemur
2617 4319 2645 4355 δ
2677 4301 2733 4358 S.
2759 4303 3066 4363 Ambrosio,
3092 4301 3186 4372 lib.
3213 4317 3264 4354 Iv
3298 4300 3372 4372 De
3390 4300 3513 4368 ﬁde,
3537 4317 3658 4372 cap.
3692 4304 3746 4360 2.
3765 4320 3877 4358 non

2306 4372 2509 4429 dixisse
2539 4375 2877 4442 Apostolum,
2913 4380 3069 4439 caput
3097 4369 3312 4431 Christi,
3342 4369 3534 4434 Pater;
3573 4369 3688 4437 sed,
3719 4383 3882 4441 caput

2305 4442 2536 4504 Christi.
2600 4444 2759 4497 Deus.
2799 4442 3170 4497 Consulantur
3211 4444 3532 4508 interpretes
3571 4443 3634 4496 ad
3693 4443 3879 4499 locum

3786 4586 3881 4638 illo

2315 4648 2680 4714 ante,'0ntnia
2709 4648 2989 4722 gignuntur
3003 4667 3066 4704 ex
3089 4653 3258 4720 aquis.
3280 4648 3532 4722 Clemens.
3560 4669 3636 4708 at.
3661 4648 3731 4706 24
3758 4675 3770 4707 :
3796 4657 3880 4708 Τὰ

2312 4721 2572 4795 Eboraco
2597 4717 2926 4795 ρδωρῖιτοιεῦ
2958 4729 3014 4775 et
3044 4717 3368 4791 πρὼτογὸνῳ
3400 4717 3576 4795 Doug.
3611 4722 3882 4792 Equidem

2313 4790 2573 4864 Ebionitte
2588 4790 3011 4864 Recogrtitionum
3027 4790 3877 4864 (ξοΠ-υριοτεεωὺξίρὶρῐιὸηἱο.ρ.

2311 4861 2398 4921 53.
2431 4877 2624 4934 aquam
2650 4861 2746 4932 pro
2778 4862 2886 4917 Deo
2914 4862 3152 4917 coluisse
3173 4861 3448 4934 dicuntur.
3476 4861 3550 4916 De
3581 4861 3881 4934 Sampsas'is

2309 4947 2438 5002 vero
2462 4948 2556 4988 seu
2581 4932 2853 4994 Etcesaeis.
2907 4947 3027 5002 quae
3072 4934 3261 5002 eadem
3319 4933 3539 4988 lneresis
3583 4944 3688 4996 est,
3716 4932 3879 4990 idem

2309 4999 2469 5074 Pater
2497 5004 2709 5074 scribit,
2735 5019 2788 5073 p.
2821 4999 3270 5074 ιὸίξτετίμῃται
3300 5003 3464 5056 δὲκαὶ
3495 5004 3554 5056 τὸ
3583 5003 3745 5074 ὓᾷωρ·
3783 5006 3881 5059 καὶ

2306 5071 2462 5146 Έοῧῖο
2489 5071 2563 5137 ὡς
2591 5069 3027 5146 Θεὸνὴγρῦνταιᾷ
3054 5069 3236 5146 σχεδὸν
3266 5074 3562 5146 φάσκοντες
3593 5069 3731 5127 et.th
3777 5079 3880 5146 τὴν

2307 5141 2450 5214 {emi
2474 5146 2537 5196 ὲκ
2562 5141 2772 5197 rotis-ou.
2793 5141 2945 5198 Hine
2987 5141 3372 5212 Hydrolheite.
3405 5159 3600 5214 aquam
3648 5141 3880 5202 minime

2308 5211 2504 5265 factam
2537 5223 2790 5283 putantes
2825 5235 2836 5269 :
2867 5211 3271 5284 quanticreavit
3310 5211 3469 5269 Deus
3503 5216 3555 5268 in
3603 5216 3879 5284 principio

2307 5295 2412 5359 una
2454 5296 2577 5336 cum
2623 5286 2762 5359 cmlo
2805 5293 2858 5359 et
2902 5291 3176 5359 terra.Aet._
3207 5293 3266 5337 ut
3303 5285 3603 5353 loquuntur
3639 5284 3878 5356 Optatos

2307 5351 2396 5404 lib.
2423 5369 2497 5413 vr.
2529 5362 2691 5424 atque
2732 5355 3051 5409 AmbrOsius
3080 5355 3131 5407 in
3156 5353 3313 5409 Lucr
3358 5351 3523 5424 caput
3563 5351 3707 5416 xxu;
3747 5368 3880 5412 ante

2304 5423 2486 5501 mundi
2508 5426 2892 5501 na_talei_u,_hoc
2917 5434 3021 5501 est,
3043 5433 3167 5479 ante
3191 5423 3450 5480 mundum
3468 5425 3662 5501 ordine
3689 5427 3881 5496 dispo-

2301 5493 2499 5564 situm:
2536 5496 2719 5563 phrasi
2748 5493 3137 5556 Tertullianea,
3170 5505 3294 5550 ante
3318 5497 3504 5550 mundi
3534 5493 3874 5564 suggestum-

2299 5561 3095 5637 C_yrillusiHierosolymitanus.
3130 5567 3399 5637 t-atechesi
3431 5568 3465 5621 ὅ
3501 5587 3512 5621 :
3557 5561 3649 5633 Ἐξ
3669 5568 3882 5621 ὑδάτων

2297 5632 2534 5713 ορραγρί·
2553 5635 2629 5713 ἐξ,
2645 5632 2850 5690 sese.»
2879 5638 2910 5706 ή
2931 5636 3021 5706 γῆ.
3041 5637 3150 5713 ἰξαὶ
3171 5636 3479 5713 πρὸ-πάσης
3497 5637 3614 5713 δῶ)
3634 5632 3882 5713 γενητῶν

2296 5705 2394 5804 τῇς
2429 5706 2730 5804 ἑξαῃμξρου
2772 5705 3136 5794 καῖὰσκευῆς,
3177 5705 3391 5804 πὺξῦμα
3431 5705 3527 5759 τοῦ
3567 5705 3734 5804 Θεὸῦ,
3751 5705 3883 5762 ἑπε-

2298 5790 2329 5804 ο-
2374 5793 2488 5804 ---Α
2551 5794 2592 5804 _
2649 5797 2701 5804 ...
2733 5776 2826 5804 ...π
2857 5777 3045 5804 ...‘..---
3112 5779 3237 5804 ta-..
3302 5777 3689 5804 _-.'..-1,-..-.._x
3731 5780 3854 5804 .2---

2298 5775 2490 5858 Ῡέρετρ
2522 5775 2702 5858 res...)
2733 5776 2828 5830 τοῦ
2851 5775 3274 5858 ᾖᾷατοξ.⁷¹ξᾹρχὴ
3301 5775 3618 5858 asinariam»
3632 5779 3694 5832 τδ
3711 5777 3879 5858 bonae.

2297 5842 2433 5920 Lege
2453 5847 2833 5919 Augustinum,
2851 5848 2944 5902 lib.
2969 5846 3072 5903 tDe
3091 5842 3274 5904 Genesi
3291 5854 3356 5902 mt
3377 5842 3753 5922 litteram,cap.
3790 5854 3880 5907 13.

2377 4583 2488 4652 ('52)
2530 4583 2632 4637 Per
2661 4597 2824 4647 aquas
2841 4599 2956 4652 qua:
2991 4583 3174 4648 prima:
3210 4591 3399 4652 creata:
3426 4592 3567 4636 sunt.
3611 4581 3675 4636 Et
