4048 6342
186 433 329 490 1555

1366 430 1936 488 ΒΕΟΟΟΝΠἸΟΝΠἊ
1971 430 2102 486 LIB.
2142 429 2230 484 VI.

3289 431 3309 482 I
3320 427 3427 483 35L

175 551 260 607 sis
294 552 409 604 sive
451 549 712 618 injustas,
750 549 1054 618 baptismus
1098 549 1196 603 tibi
1230 563 1326 617 per
1354 549 1535 603 omnia
1566 564 1751 604 neces-
1777 561 1822 618 Α
1851 556 1904 600 et
1925 542 2093 601 Deum
2115 546 2424 601 colentibus
2445 547 2784 603 observetur.
2800 546 2860 602 In
2902 555 3114 601 tantum
3135 553 3313 599 autem
3337 563 3430 600 ea.

172 642 355 695 sarius
382 648 486 696 est.
513 639 670 696 Justo
699 641 937 710 quidem,
971 647 1028 693 ut
1051 640 1407 708 adimpleatur
1430 640 1484 693 in
1527 655 1592 695 eo
1621 655 1744 710 per-

171 733 340 788 fectlo
370 739 426 787 et
455 738 805 802 regeneretur
843 729 990 794 Deo;
1026 730 1233 799 injusto
1264 744 1413 793 vero,
1457 740 1517 783 ιιι
1550 743 1744 798 pecca-

167 835 354 878 torum
377 839 498 894 quae
527 823 694 894 gessit
716 823 769 877 in
793 823 1097 892 ignorantia
1119 822 1371 878 remissio
1391 822 1739 879 concedatur.

162 917 438 972 Omnibus
468 931 599 986 ergo
625 915 993 970 festinandum
1039 925 1122 970 est
1166 915 1284 970 sine
1332 929 1483 969 mora
1529 914 1742 969 renasci

165 1009 301 1070 Deo,
323 1009 448 1078 quia
479 1007 720 1061 incertus
747 1013 838 1061 est.
855 1007 1288 1075 uniuscujusque
1309 1005 1490 1060 exitus
1515 1005 1661 1059 vita.

242 1098 307 1153 Χ.
345 1099 483 1153 Cum
517 1105 700 1153 autem
731 1107 1082 1168 regeneratus
1113 1097 1280 1152 fueris
1305 1111 1402 1165 per
1430 1110 1648 1164 aquam,
1674 1110 1743 1150 ex

163 1193 430 1262 operibus
462 1192 620 1246 bonis
652 1189 881 1265 ostende
933 1189 988 1243 in
1037 1198 1090 1244 te
1135 1188 1545 1244 similitudinem
1595 1187 1738 1256 ejus,

161 1284 262 1354 qui
288 1292 342 1338 te
376 1284 566 1353 genuit
588 1281 786 1337 Patris.
817 1281 1096 1352 Agnovisti
1128 1281 1273 1334 enim
1307 1279 1497 1340 Deum,
1530 1279 1740 1332 honora

163 1383 416 1443 patrem;
447 1373 624 1427 honor
663 1381 843 1426 autem
886 1371 1008 1438 ejus
1036 1379 1138 1434 est,
1175 1378 1236 1422 ut
1279 1369 1350 1423 ita
1401 1369 1550 1423 vivas
1597 1369 1742 1422 sicut

162 1467 286 1535 ipse
308 1468 444 1519 vult.
479 1463 605 1520 Vult
626 1454 805 1519 autem
828 1475 880 1518 te
907 1464 979 1516 ita
1027 1463 1230 1523 vivere,
1283 1471 1340 1514 ut
1365 1461 1737 1521 homicidium,

157 1557 487 1611 adulterium
505 1552 1240 1617 nescias,odium,avaritiam
1266 1549 1462 1620 fugias,
1483 1551 1742 1611 iram,su-

153 1650 428 1718 perbiam,
440 1648 758 1718 jactantiam
789 1652 1108 1716 respuas,et
1124 1643 1428 1699 exsecreris
1455 1642 1736 1705 invidiam,

159 1750 472 1810 creteraque
505 1741 589 1795 his
615 1740 812 1794 similia
837 1737 1054 1809 penitus
1077 1751 1109 1790 a
1141 1744 1193 1790 te
1222 1735 1390 1788 ducas
1416 1733 1611 1786 aliena.
1645 1732 1740 1787 Est

151 1847 295 1887 sane
319 1831 537 1900 propria
561 1829 803 1900 quaedam
840 1837 1039 1882 nostra:
1068 1825 1346 1895 religionis
1368 1821 1736 1884 observantia,

1850 639 2109 693 stimonia
2135 654 2322 692 verum
2353 635 2448 691 D‘ei
2468 639 2674 692 cultum
2699 638 3135 708 tenentibus,pcr
3162 637 3262 692 has
3291 652 3428 707 quas

1848 745 2012 798 supra
2030 729 2272 784 diximus
2286 730 2529 798 aliasque
2547 730 2741 783 horum
2761 730 3191 798 similesspecies
3203 743 3429 783 conser-

1847 821 2024 874 vanda
2046 828 2150 884 est,
2183 827 2244 874 ut
2269 821 2440 874 etiam
2457 820 2601 892 apud
2623 836 2718 876 eos
2745 822 2838 892 qui
2864 838 2893 875 a
2917 821 3135 875 diabolo
3163 820 3342 875 adhuc
3371 821 3426 874 in

1844 914 2127 968 erroribus
2153 912 2486 975 detinentur,
2512 915 2772 969 attentius
2792 915 3144 978 observetur;
3176 920 3261 968 est
3279 913 3425 966 enim

1845 1003 1988 1073 apud
2037 1004 2161 1058 illos
2203 1006 2465 1058 nonnulla
2495 1005 2843 1060 observantia
2875 1006 3231 1060 castimonia.
3282 1004 3423 1071 Quid

1843 1109 1995 1164 ergo,
2025 1096 2173 1164 quod
2203 1105 2454 1152 errantes
2485 1097 2902 1160 custodiebatis,
2936 1097 3038 1152 hoc
3081 1113 3189 1152 non
3229 1098 3421 1153 obser-

1844 1187 2042 1239 vabitis
2074 1188 2388 1242 emendati?

1917 1275 2054 1333 Xlll.
2099 1277 2205 1331 Sed
2237 1280 2472 1336 fortasse
2496 1279 2642 1334 dicet
2672 1281 2870 1350 aliquis
2892 1290 3133 1336 vestrum
3160 1300 3172 1336 :
3199 1281 3423 1351 Oportet

1841 1383 1972 1439 ergo
1999 1386 2099 1426 nos
2127 1373 2320 1438 omnia.
2358 1388 2480 1443 quae
2510 1373 2738 1428 fecimus
2767 1375 2895 1428 dum
2920 1376 3225 1430 coleremus
3254 1376 3419 1436 idola,

1839 1463 2157 1517 custodire?
2183 1462 2303 1517 Non
2323 1465 2533 1529 omnia;
2562 1465 2658 1520 sed
2682 1480 3022 1536 quacunque
3040 1467 3176 1522 bene
3198 1467 3418 1529 ﬁebant,

1841 1553 1955 1607 haec
1982 1555 2143 1608 etiam
2191 1570 2337 1609 nunc
2365 1557 2622 1609 convenit
2649 1558 2945 1612 observare
2970 1599 2986 1623 ,
3033 1558 3164 1627 quia
3208 1558 3252 1612 si
3287 1558 3420 1627 quid

1840 1652 1986 1698 recte
2018 1643 2074 1697 (it
2113 1647 2181 1698 ab
2215 1646 2300 1700 his
2327 1648 2420 1715 qui
2464 1647 2516 1699 in
2547 1663 2734 1703 errore
2765 1658 2923 1710 sunt,
2954 1656 3163 1703 certum
3189 1655 3276 1707 est
3303 1650 3354 1703 id
3387 1665 3420 1702 a

1841 1737 2066 1788 veritate
2098 1747 2397 1806 sumptum.
2426 1735 2566 1803 Quia
2596 1747 2649 1792 et
2682 1739 2729 1793 si
2761 1741 2890 1809 quid
2919 1741 2973 1794 in
3001 1755 3128 1795 vera
3158 1741 3417 1810 religione

1841 1842 1948 1879 non
1984 1836 2130 1882 recte
2163 1827 2254 1892 fit,
2298 1845 2407 1882 non
2437 1839 2520 1884 est
2550 1832 2774 1885 dubium
2809 1833 2943 1903 quin
2979 1833 3048 1886 ab
3076 1848 3265 1888 errore
3297 1849 3418 1885 mu-

145 1937 280 1990 qua:
311 1899 415 1974 non
454 1928 565 1972 tam
617 1921 912 1988 imponitur
960 1917 1294 1978 hominibus,
1322 1929 1483 1983 quam
1515 1913 1730 1981 pr0prie
1763 1899 1802 1951 Β
1833 1925 2043 1972 tuatum
2081 1921 2192 1980 sit:
2242 1921 2444 1975 bonum
2484 1939 2720 1994 namque
2757 1899 2972 1979 etiamsi
3006 1925 3074 1978 ab
3103 1925 3414 1980 errantibus

146 2014 228 2066 ab
255 2027 582 2082 unoquoque
615 2011 782 2064 Deum
810 2011 1021 2064 colente
1047 2021 1214 2062 causa
1243 2005 1495 2076 puritatis
1526 2004 1734 2072 expeti-

143 2115 266 2162 tur.
300 2105 646 2166 Castimoniae
687 2105 811 2164 dico
861 2118 1048 2169 causa,
1098 2102 1257 2175 cujus
1297 2100 1504 2172 species
1547 2097 1730 2151 multa:

145 2212 318 2270 sunt;
349 2205 440 2271 sed
471 2205 645 2273 primo
675 2211 732 2255 ut
761 2201 1012 2255 observet
1042 2195 1437 2266 unusquisque,
1469 2209 1537 2247 ne
1577 2203 1729 2245 men-

144 2305 379 2350 struata:
422 2296 636 2349 mulieri
680 2294 994 2350 misceatur,
1043 2294 1147 2344 hoc
1196 2289 1340 2342 enim
1391 2285 1727 2341 exsecrabile

141 2390 310 2443 diuit
337 2389 418 2444 lex
441 2387 560 2442 Dei.
577 2385 732 2452 Quod
755 2387 858 2440 etsi
890 2387 973 2439 lex
997 2383 1062 2437 de
1088 2383 1172 2436 bis
1195 2397 1302 2435 non
1329 2377 1722 2438 admonuisset,

143 2495 253 2533 nos
281 2486 338 2531 ut
359 2478 609 2533 canthari
632 2477 861 2530 libenter
883 2475 1222 2528 volveremur
1246 2472 1300 2524 in
1327 2467 1609 2524 stercore?
1634 2466 1729 2520 De-

142 2571 344 2623 bemus
383 2568 616 2638 amplius
655 2565 861 2636 aliquid
909 2565 1108 2618 habere
1147 2562 1494 2626 animalibus,
1539 2567 1726 2628 utpote

141 2661 502 2716 rationabiles
528 2659 777 2715 homines
789 2667 844 2713 et
862 2657 1166 2713 caelestium
1193 2668 1452 2710 sensuum
1472 2667 1729 2723 capaces,

137 2754 350 2824 quibus
377 2753 578 2808 summi
621 2752 788 2807 studii
829 2766 952 2806 esse
974 2751 1174 2810 debet.
1206 2748 1275 2802 ab‘
1299 2746 1448 2801 omni
1470 2746 1726 2816 inquina-

142 2853 335 2899 mento
366 2844 550 2898 cordis
577 2843 968 2898 conscientiam
997 2839 1295 2894 custodire.

219 2934 310 2989 XI.
351 2935 558 2989 Bonum
609 2941 694 2991 est
737 2941 916 2987 autem
973 2938 1028 2986 et
1075 2931 1299 3000 puritati
1346 2927 1718 2988 conveniens,

140 3028 312 3083 etiam
360 3042 562 3096 corpus
607 3039 746 3094 aqua
787 3023 1014 3078 diluere.
1045 3021 1252 3076 Bonum
1283 3035 1411 3075 vero
1436 3020 1580 3080 dico,
1611 3034 1719 3072 non

141 3119 303 3189 quasi
332 3118 628 3187 principale
659 3117 788 3171 illud
823 3117 876 3169 in
921 3131 1029 3185 quo
1058 3130 1211 3169 mens
1252 3113 1588 3183 purifieatur,
1625 3109 1720 3165 sed

139 3212 292 3280 quod
324 3210 543 3279 sequela
575 3211 646 3264 sit
678 3208 825 3262 illius
862 3208 989 3262 boni
1018 3207 1124 3260 hoc
1160 3206 1213 3260 in
1244 3220 1353 3275 quo
1385 3219 1515 3258 caro
1557 3203 1720 3256 dilui-

139 3310 255 3356 tur.
290 3301 381 3356 Sic
421 3301 565 3356 enim
592 3310 646 3356 et
677 3300 934 3370 Magister
977 3307 1164 3353 noster
1211 3297 1476 3367 quosdam
1522 3293 1720 3350 Phari-

141 3409 383 3447 saeorum
411 3403 466 3447 et
489 3393 827 3455 Scribarum,
855 3391 948 3460 qui
998 3390 1322 3444 videbantur
1344 3403 1467 3442 esse
1507 3386 1719 3441 caeteris

139 3484 401 3538 meliores
430 3489 486 3536 et
507 3497 539 3536 a
566 3483 726 3552 vulgo
749 3481 1009 3550 separati,
1043 3479 1381 3549 increpabat,
1405 3478 1596 3533 dicens
1623 3491 1720 3532 eos

139 3574 482 3644 hypocritas,
510 3573 638 3642 quia
661 3588 724 3626 ea
752 3573 930 3626 solum
957 3586 1076 3640 quae
1113 3571 1427 3626 hominibus
1455 3569 1718 3624 videban-

137 3675 257 3727 tur,
288 3663 669 3733 purilieabant,
707 3662 874 3716 corda
905 3677 1034 3716 vero
1063 3677 1183 3732 quae
1224 3663 1375 3716 solus
1405 3659 1549 3715 Deus
1571 3661 1718 3729 aspi-

137 3755 242 3817 cit,
274 3755 552 3824 inquinata
582 3754 961 3823 relinquebant
982 3761 1036 3808 et
1065 3753 1308 3808 sordida.
1347 3753 1424 3808 Ad
1451 3751 1714 3822 quosdam

134 3860 272 3915 ergo
287 3861 355 3900 ex
379 3847 661 3915 ipsis,non
692 3847 757 3900 ad
781 3861 973 3900 omnes
1000 3845 1219 3899 dicebat
1244 3865 1255 3898 :
1286 3844 1372 3910 Vre
1395 3845 1558 3905 vobis,
1575 3843 1718 3895 Scri-

134 3937 222 3990 ba
248 3946 298 3990 et
331 3936 592 3989 Pharisa'i
646 3936 966 4007 hypocritaz,
1023 3937 1146 4005 quia
1205 3935 1473 3989 mundatis
1528 3934 1712 3986 colicis

132 4040 190 4082 et
233 4029 531 4097 paropsidis
586 4030 724 4100 quod
756 4029 954 4098 deforis
1010 4038 1110 4091 est,
1144 4031 1285 4081 intus
1335 4038 1511 4081 autem
1556 4029 1713 4096 plena

133 4129 263 4174 sunt
311 4120 575 4174 sordibus.
612 4119 883 4176 Pltariswe
904 4137 1058 4182 cwce,
1093 4120 1323 4174 emunda
1374 4122 1520 4188 prius
1573 4120 1712 4189 quod

133 4212 283 4266 intus
316 4220 416 4275 est,
466 4221 518 4264 et
548 4210 685 4282 quod
719 4210 918 4280 ἄεισι-ξε
946 4221 1024 4265 est
1071 4213 1170 4264 erit
1202 4212 1455 4264 mundum
1475 4213 1542 4266 “.
1575 4211 1712 4267 Vere

131 4303 284 4358 enim
316 4302 362 4356 si
393 4318 546 4358 ruens
574 4303 865 4358 mundetur
889 4304 1007 4357 luce
1032 4303 1293 4368 scientias,
1313 4319 1435 4358 cum
1462 4304 1577 4374 ipsa
1603 4303 1714 4358 fue-

131 4394 211 4448 rit
235 4393 436 4447 munda
474 4409 540 4447 ac
580 4393 882 4462 splendida,
921 4401 1050 4449 tunc
1084 4396 1248 4450 etiam
1279 4395 1398 4464 ejus
1437 4397 1530 4464 qui
1559 4395 1710 4450 defo-

129 4489 216 4544 ris
246 4496 332 4544 est
358 4489 597 4544 hominis
619 4490 734 4558 ipsa
758 4489 1072 4544 necessario
1102 4505 1291 4544 curam
1322 4490 1481 4560 gerit,
1527 4489 1581 4543 id
1623 4497 1709 4544 est

131 4581 321 4636 carnis
366 4596 498 4643 suae,
541 4587 600 4634 ut
636 4587 692 4634 et
721 4581 835 4649 ipsa
867 4580 1204 4650 purillcetur.
1242 4579 1345 4635 Ubi
1377 4587 1559 4634 autem
1601 4581 1705 4635 ista

1833 2016 2043 2077 gestum
2073 2011 2258 2076 fuerit,
2292 2014 2496 2067 bonum
2524 2022 2640 2076 est,
2675 2023 2727 2069 et
2756 2016 2958 2069 malum
2983 2016 3198 2070 etiamsi
3231 2017 3299 2069 ab
3329 2017 3414 2070 his

1830 2103 1924 2171 qui
1951 2103 2235 2159 veritatem
2266 2113 2574 2175 sequuntur
2605 2115 2817 2176 gestum
2853 2107 3036 2169 fuerit,
3070 2109 3272 2161 malum
3303 2118 3409 2162 est.

1830 2193 1937 2246 Aut
1967 2196 2213 2264 nunquid
2243 2198 2316 2249 ita
2351 2198 2722 2267 desipienius,
2768 2209 2824 2252 ut
2868 2199 2912 2253 si
2959 2199 3241 2252 videamus
3287 2217 3410 2253 eum

1827 2285 1921 2358 qui
1953 2286 2096 2343 idola
2119 2288 2251 2344 colit
2273 2297 2398 2346 esse
2423 2289 2692 2356 sobrium,
2719 2306 2820 2346 nos
2843 2290 2934 2361 qui
2962 2289 3127 2345 Deum
3154 2291 3408 2353 colimus,

1829 2380 2002 2436 sobrii
2032 2395 2158 2436 esse
2187 2378 2542 2444 recusemus,
2586 2398 2654 2438 ne
2681 2381 2872 2438 eadem
2907 2381 3121 2443 facere,
3154 2398 3274 2452 qua:
3319 2383 3411 2438 ille

1825 2472 1920 2541 qui
1948 2473 2080 2526 colit
2101 2472 2614 2539 idola,videamurl
2646 2473 2765 2529 Non
2795 2475 2868 2528 ita
2891 2481 2998 2538 est,
3023 2472 3119 2529 sed
3150 2475 3221 2529 sit
3251 2475 3408 2529 nobis

1828 2564 2066 2618 studium
2087 2604 2104 2628 ,
2135 2573 2196 2620 ut
2236 2566 2283 2620 si
2321 2565 2402 2620 illi
2430 2566 2525 2636 qui
2555 2577 2762 2630 errant,
2795 2565 3148 2620 homicidium
3180 2581 3287 2619 non
3328 2565 3408 2619 la-

1834 2662 2000 2725 ciunt,
2041 2675 2141 2713 nos
2171 2674 2240 2712 ne
2273 2658 2576 2713 irascamur
2609 2657 2866 2726 quidem;
2912 2665 2966 2712 et
3004 2658 3050 2712 si
3082 2657 3156 2711 illi
3191 2659 3401 2713 adulte-

1834 2751 1971 2806 rium
1994 2767 2103 2806 non
2130 2749 2440 2811 admittunt,
2473 2765 2574 2804 nos
2603 2765 2672 2804 ne
2699 2749 3151 2818 concupiscamus
3177 2751 3396 2821 quidem

1830 2841 2060 2894 alienam
2086 2841 2402 2904 mulierem;
2434 2840 2478 2895 si
2505 2839 2578 2892 illi
2605 2849 2789 2894 amant
2815 2840 3092 2908 proximos
3114 2857 3263 2899 suos.
3300 2857 3401 2897 nos

1830 2934 2120 3001 diligamus
2149 2933 2311 2986 etiam
2343 2931 2595 2984 inimicos
2627 2940 2882 2995 nostros;
2915 2931 2998 2998 “;
3038 2932 3081 2986 si
3111 2933 3183 2986 illi
3210 2942 3400 2988 mutuo

1820 3020 1954 3074 dant
1988 3021 2076 3076 bis
2105 3021 2196 3091 qui
2229 3022 2430 3077 habent
2463 3023 2606 3078 unde
2651 3024 2916 3086 reddant,
2969 3038 3070 3076 nos
3117 3023 3278 3075 etiam
3316 3022 3404 3076 bis

1821 3111 2016 3167 demus
2037 3127 2068 3166 a
2091 3113 2294 3182 quibus
2322 3115 2564 3184 recipere
2592 3130 2701 3168 non
2729 3129 3032 3184 speramus.
3063 3113 3132 3166 Et
3160 3129 3255 3182 per
3283 3128 3404 3166 om-

1821 3206 1914 3258 nia
1943 3219 2045 3260 nos
2074 3205 2165 3275 qui
2195 3207 2384 3260 aeterni
2431 3207 2615 3262 saiculi
2656 3207 3028 3261 hmreditatem
3078 3187 3361 3276 speramus
3382 3242 3400 3267 ,

1748 3316 1788 3368 ο
1821 3297 2084 3352 debemus
2112 3299 2423 3367 praecellere
2452 3314 2546 3353 eos
2575 3299 2666 3367 qui
2702 3313 2943 3368 prtesens
2980 3304 3191 3350 tantum
3229 3311 3403 3350 saccu-

1823 3389 1935 3443 lum
1960 3391 2454 3451 norunt,'scientes
2484 3391 2634 3460 quia,
2669 3391 2714 3444 si
2749 3404 2913 3458 opera
2944 3390 3160 3442 illorum
3195 3389 3402 3442 nostris

1819 3482 2081 3551 operibus
2106 3483 2338 3545 collata,
2387 3483 2440 3535 in
2470 3484 2559 3536 die
2588 3483 2782 3550 judicii
2812 3481 3014 3536 similia
3049 3481 3401 3535 inveniantur

1818 3587 1882 3626 ac
1912 3575 2087 3642 paria,
2121 3574 2374 3627 confusio
2404 3573 2565 3629 nobis
2588 3574 2714 3634 erit,
2747 3573 2891 3643 quod
2923 3575 3160 3642 aequales
3190 3574 3398 3627 inveni-

1819 3677 1941 3716 mur
1969 3663 2024 3716 in
2055 3665 2314 3732 operibus
2345 3665 2431 3718 his
2461 3665 2554 3734 qui
2598 3675 2821 3736 propter
2867 3667 3230 3735 ignorantiam
3260 3681 3394 3720 cou-

1814 3751 2168 3819 demnantur,
2182 3763 2235 3809 et
2250 3756 2456 3809 nullam
2486 3772 2636 3825 spem
2661 3757 2827 3810 futuri
2858 3761 3038 3813 saeculi
3069 3759 3392 3817 habuerunt.

1887 3843 2026 3899 XIV.
2053 3845 2116 3898 Et
2138 3861 2263 3900 vere
2285 3846 2448 3916 digna
2471 3848 2724 3902 confusio
2750 3857 2856 3915 est,
2887 3850 2976 3904 ubi
3000 3851 3137 3906 nihil
3162 3855 3394 3921 amplius

1815 3938 2086 4005 gessimus
2113 3937 2293 3999 abhis
2318 3940 2518 4008 quibus
2546 3942 2782 4010 amplius
2811 3943 3196 3997 intelleximus.
3237 3946 3394 4009 Quod

1814 4029 1859 4082 si
1891 4030 2144 4083 confusio
2171 4031 2333 4084 nobis
2361 4032 2463 4086 erit
2491 4033 2730 4102 aequales
2756 4034 2836 4087 eis
2863 4035 3093 4089 inveniri
3128 4037 3182 4089 in
3213 4039 3393 4106 θρα-ἱ⁴

1815 4123 1917 4176 bus
1946 4123 2126 4186 bonis,
2159 4123 2290 4193 quid
2319 4126 2424 4178 erit
2454 4127 2634 4191 nobis,
2667 4127 2715 4179 si
2746 4127 3034 4183 inferiores
3064 4145 3165 4182 nos
3199 4145 3262 4183 ac
3293 4131 3392 4184 de-

1813 4215 2043 4270 teriorcs
2086 4217 2417 4271 examinatio
2466 4218 2650 4271 futura
2691 4221 2974 4289 reperiat?
3017 4222 3214 4276 Audite
3261 4239 3392 4293 ergo

1811 4307 2084 4376 quomodo
2105 4308 2173 4362 de
2211 4307 2298 4362 his
2326 4324 2427 4363 nos
2457 4311 2572 4379 ipse
2598 4326 2763 4365 verus
2788 4309 3059 4381 Propheta
3105 4313 3386 4379 docuerit;

1812 4399 1879 4453 ad
1909 4413 2004 4454 eos
2032 4401 2176 4455 enim
2207 4401 2302 4470 qui
2335 4403 2618 4473 negligunt
2656 4403 2846 4457 audire
2874 4405 3039 4458 verba
3073 4408 3384 4474 sapientiae,

1812 4489 1991 4553 italait
2018 4509 2030 4544 :
2069 4490 2264 4562 Regina
2297 4495 2469 4546 austri
2501 4505 2677 4565 surget
2709 4497 2762 4548 in
2786 4497 2992 4564 judicio
3021 4513 3138 4549 cum
3168 4514 3386 4568 genero—

1811 4583 1950 4636 tione
1975 4583 2074 4636 hac
2103 4595 2150 4637 et
2179 4585 2542 4640 condemnabit
2584 4603 2702 4640 eam
2726 4628 2740 4650 ,
2781 4589 2906 4658 quia
2942 4590 3078 4643 venit
3119 4608 3152 4642 a
3192 4591 3384 4658 ﬁnibus

129 4688 254 4741 qua
274 4670 478 4725 deforis
508 4681 594 4724 est
615 4670 918 4739 purificatio
948 4670 1132 4724 carnis
1154 4669 1463 4739 negligitur,
1491 4679 1700 4726 certum
1738 4663 1778 4716 ο
1803 4683 1958 4729 terra:
1985 4676 2169 4730 audire
2196 4678 2506 4745 sapientiam
2533 4677 2855 4741 Salomonis,
2876 4689 2929 4734 "et
2948 4697 3066 4734 ecce
3093 4681 3384 4751 plusquam

128 4771 218 4821 est
245 4765 317 4826 ibi
341 4778 518 4833 neque
539 4763 605 4817 de
633 4765 869 4831 puritate
893 4762 1108 4824 mentis,
1133 4777 1198 4816 ac
1227 4762 1488 4816 munditia
1523 4762 1706 4817 cordis

129 4871 321 4912 curam
353 4857 488 4926 geri.
512 4853 596 4909 Ita
617 4870 750 4927 ergo
770 4855 848 4917 ﬁt,
890 4863 948 4909 ut
976 4856 1024 4909 is
1058 4847 1282 4924 quidem
1318 4856 1412 4924 qui
1441 4854 1704 4909 intrinse-

127 4963 232 5003 cus
273 4948 510 5003 mundus
551 4956 658 5010 est,
681 4947 976 5002 mundetur
1005 4949 1122 5002 sine
1147 4946 1317 5000 dubio
1354 4952 1408 5000 et
1435 4946 1707 5001 extrinse-

126 5055 251 5103 cus,
275 5056 386 5098 non
409 5055 621 5109 semper
641 5047 822 5095 autem
845 5041 892 5095 is
910 5041 1001 5109 qui
1021 5039 1317 5093 mundatur
1336 5039 1703 5105 extrinsecus,

127 5132 294 5186 etiam
344 5132 679 5187 intrinsecus
719 5133 956 5187 mundus
995 5139 1100 5195 est,
1135 5131 1387 5186 videlicet
1437 5147 1562 5195 cum
1589 5133 1699 5204 agit

129 5221 245 5276 haec
280 5227 337 5272 ut
368 5221 622 5276 omnibus
651 5221 881 5290 placeat.

199 5309 313 5365 XII.
359 5310 468 5365 Sed
511 5319 567 5366 et
607 5313 698 5366 illa
742 5313 953 5381 species
990 5311 1326 5367 castimonia:
1359 5311 1698 5367 observanda

125 5411 232 5464 est,
290 5410 346 5454 ut
379 5405 680 5476 negassim
721 5413 775 5458 et
811 5404 1053 5459 libidinis
1082 5405 1254 5459 solius
1283 5419 1449 5459 causa
1479 5403 1696 5459 feminis

125 5502 370 5557 coeatur,
401 5495 494 5549 sed
521 5496 855 5565 posteritatis
883 5495 1200 5566 reparandae
1227 5497 1420 5568 gratia.
1444 5495 1575 5562 Quae
1595 5497 1695 5550 ob-

127 5589 403 5643 servantia
416 5603 543 5642 cum
564 5590 620 5644 in
639 5591 918 5645 nonnullis
947 5592 1110 5645 etiam
1125 5593 1423 5661 pecudibus
1451 5592 1695 5646 invenia-

126 5686 238 5744 tur,
253 5679 587 5750 pudorisest
629 5682 676 5736 si
701 5698 811 5738 non
841 5685 910 5739 ab
931 5684 1249 5742 hominibus
1272 5688 1694 5745 rationabilibus

192 5838 468 5924 “_}lat_t_h._
481 5857 644 5924 3x1".
679 5840 771 5924 ἓξ.
809 5841 902 5899 26.
978 5843 1022 5877 ⁸⁸
1047 5843 1233 5902 Matth.
1260 5865 1312 5916 ν,
1338 5845 1536 5914 2132,
1567 5845 1829 5914 28;Luc.
1857 5851 2052 5922 v1.27.
2126 5849 2168 5886 ι’
2199 5851 2389 5924 Matth.
2417 5849 2612 5917 χιιΑὲς
2642 5847 2774 5907 Luc.
2808 5868 2885 5920 xi,
2915 5853 3005 5908 3t.

129 5924 205 5977 ιι,
229 5911 332 5982 32;
369 5911 555 5967 Matth.
581 5928 678 5978 ιιι,
697 5913 791 5970 ﬂ.

451 6009 722 6092 Panos.
758 6011 876 6073 Gn.
925 5998 995 6073 l.‘

1806 4767 2065 4822 Salomon
2095 4769 2177 4822 hic
2197 4809 2213 4831 ,
2245 4778 2296 4823 et
2319 4786 2421 4823 non
2451 4771 2675 4824 audiunt
2693 4771 2759 4828 ".
2794 4772 2876 4826 Ad
2909 4788 3004 4828 eos
3034 4789 3165 4828 vero
3191 4774 3284 4845 qui
3317 4775 3384 4830 de

1803 4859 1964 4914 malis
1994 4861 2209 4916 actibus
2239 4877 2429 4932 gerere
2457 4864 2839 4932 paenitentiam
2872 4864 3270 4928 detrectabant.
3309 4869 3382 4920 ita

1803 4952 1879 5005 ait
1913 4972 1926 5006 :
1970 4951 2082 5006 Viri
2117 4953 2373 5008 Ninivita:
2412 4967 2626 5027 surgent
2667 4958 2722 5010 in
2756 4956 2962 5026 judicio
3003 4974 3121 5011 cum
3163 4976 3384 5029 genera-

1800 5046 1941 5100 tione
1975 5045 2074 5099 hac
2115 5056 2166 5099 et
2195 5047 2618 5101 condemnabam
2662 5065 2801 5114 eam,
2851 5051 2977 5118 quia
3023 5053 3384 5118 paenitentiam

1800 5147 2016 5207 egerunt
2069 5138 2125 5191 in
2165 5138 2545 5206 prwdicatione
2584 5139 2775 5204 Jona’,
2825 5151 2876 5195 et
2918 5159 3033 5196 ecce
3073 5143 3193 5212 plus
3222 5161 3383 5212 quant

1801 5230 1971 5286 Jonas
2001 5233 2084 5286 Iu'c
2125 5231 2443 5288 "-"Nides
2463 5247 2592 5303 ergo
2621 5232 2896 5303 quomodo
2925 5249 3020 5288 eos
3045 5235 3138 5303 qui
3167 5235 3386 5290 erudie-

1801 5325 2003 5380 bantur
2016 5340 2083 5381 ex
2095 5325 2488 5395 lege,addnctis
2514 5324 2581 5377 ad
2593 5325 2900 5394 exemplum
2929 5327 3037 5381 illis
3049 5327 3142 5397 qui
3167 5343 3230 5383 ex
3251 5344 3383 5399 gen-

1800 5417 1881 5470 tili
1914 5418 2220 5488 ignorantia
2262 5417 2573 5478 veniebant,
2603 5424 2656 5470 et
2686 5418 2984 5474 ostendens
3015 5434 3109 5475 eos
3145 5436 3246 5475 nec
3273 5423 3381 5475 illis

1800 5509 2038 5578 aquales
2060 5524 2183 5564 esse
2206 5509 2297 5578 qui
2321 5508 2378 5562 in
2397 5523 2583 5562 errore
2611 5508 2774 5579 positi
2799 5510 3146 5573 videbantur,
3171 5528 3237 5566 ex
3263 5513 3379 5583 ipsa

1801 5607 2010 5653 tantum
2043 5603 2454 5673 comparatione
2484 5601 2832 5656 condemnat.
2865 5600 2944 5656 Ex
2975 5604 3175 5674 quibus
3202 5608 3380 5661 omni-

1800 5689 1906 5747 bus
1934 5708 2117 5749 sermo
2135 5710 2296 5766 quem
2322 5693 2710 5766 proposuimus
2741 5695 3095 5765 approbatur,
3124 5703 3187 5751 ut
3211 5697 3381 5753 casti-

3101 5853 3215 5899 ’σι-⁸³
3243 5853 3374 5912 Luc.

2898 6023 2976 6085 ω
