4048 6342
673 384 809 442 1555

1462 383 1519 438 S.
1559 380 1955 437 CLEMENTIS
1992 380 2012 434 Ι
2051 380 2219 438 ROM.
2260 381 2461 441 ΡΟΝΤ.
2503 381 2733 438 OPERA
2772 380 3004 437 DUBIA.

3803 377 3930 432 £556

672 501 879 562 monia,
911 512 1033 569 quae
1059 498 1404 568 aliquatenus
1434 497 1595 553 etiam
1629 498 1697 551 ab
1726 496 1812 551 bis
1846 498 1939 566 qui
1968 497 2023 551 in
2052 513 2240 553 errore
2268 507 2313 561 Α
2337 499 2751 569 praecedentium
2776 496 2991 552 fuerant
3005 493 3554 567 ordinati,proficisci
3574 491 3929 547 Antiochiam

673 600 804 649 sunt
826 590 986 663 positi
1011 591 1341 654 custoditur,
1371 590 1541 644 multo
1567 590 1758 659 purius
1781 596 1834 645 et
1859 593 2117 646 attentius
2144 606 2240 660 per

673 684 920 755 singulas
947 698 1226 755 quasque,
1266 683 1409 740 sicut
1438 697 1603 753 supra
1637 682 1996 746 ostendimus,
2029 685 2238 753 species

674 789 705 830 a
734 774 893 831 nobis
923 775 1018 846 qui
1049 776 1332 831 veritatem
1364 774 1645 845 sequimur
1672 781 1942 838 teneatur,
1970 786 2036 845 eo
2066 774 2239 844 magis

673 882 783 937 quo
847 869 991 939 apud
1019 882 1119 924 nos
1143 868 1501 924 observantia:
1520 867 1640 936 eius
1662 867 1883 936 praemia
1912 874 2114 921 aeterna
2140 882 2239 937 po-

682 960 776 1013 tita
803 966 948 1015 sunt.

742 1050 863 1108 XV.
893 1051 1019 1108 [late
1040 1060 1095 1110 et
1114 1054 1201 1109 bis
1223 1052 1421 1109 similia
1445 1066 1568 1107 cum
1590 1051 1841 1118 dixisset,
1867 1049 2057 1105 turbas
2077 1049 2238 1104 dimi-

678 1143 745 1199 ait
769 1184 783 1209 ,
816 1152 870 1199 et
895 1159 962 1200 ex
995 1160 1145 1200 more
1175 1158 1299 1199 cum
1332 1144 1691 1199 familiaribus
1722 1144 1837 1199 suis
1866 1143 1991 1196 cibo
2021 1151 2238 1210 sumpto

673 1237 900 1308 quievit.
922 1236 1038 1293 Hoc
1070 1246 1250 1293 autem
1273 1237 1434 1297 modo
1456 1253 1550 1308 per
1572 1246 1683 1293 tres
1705 1239 1995 1291 continuos
2021 1250 2237 1291 menses

672 1343 795 1382 cum
817 1330 1044 1384 verbum
1066 1328 1160 1385 Dei
1187 1328 1406 1385 doceret
1429 1339 1483 1384 et
1510 1329 1778 1400 plurimos
1806 1333 2143 1384 converteret
2168 1326 2237 1380 ad

673 1417 858 1487 fidem,
902 1418 969 1474 ad
1005 1420 1258 1474 ultimum
1286 1421 1534 1491 jejunare
1563 1438 1648 1476 me
1673 1421 1874 1491 jussit,
1910 1429 1968 1476 et
2004 1429 2126 1490 post
2156 1420 2239 1490 je-

666 1510 885 1579 junium
933 1512 989 1566 in
1036 1513 1278 1569 fontibus
1320 1513 1411 1584 qui
1458 1514 1698 1584 contigui
1730 1514 2008 1568 habentur
2054 1513 2233 1577 mari,

672 1603 930 1669 perennis
954 1617 1107 1674 aqua:
1136 1604 1631 1675 mihi-baptismum
1662 1604 1829 1660 dedit.
1863 1603 2107 1674 Cumque
2137 1619 2236 1673 pro

673 1696 1100 1764 regenerationis
1130 1697 1303 1767 gratia
1331 1695 1592 1751 divinitus
1623 1696 1757 1750 mihi
1785 1696 1979 1751 collata
2004 1737 2019 1761 ,
2054 1694 2234 1750 feriati

674 1798 796 1839 cum
846 1785 1105 1844 fratribus
1151 1788 1257 1843 laeti
1299 1789 1636 1859 egissemus,
1682 1787 1874 1843 Petrus
1912 1802 2007 1842 eos
2040 1786 2133 1856 qui
2165 1787 2234 1841 ad

2335 590 2488 659 jubet
2510 597 2671 659 atque
2694 589 2766 644 ibi
2790 599 2903 644 tres
2927 589 3063 643 alios
3088 597 3686 663 exspectaremenses.
3715 583 3931 649 Quibus

2339 680 2636 751 profectis,
2666 682 2782 749 ipse
2808 696 2903 735 eos
2932 681 3027 750 qui
3059 679 3215 735 fidem
3248 679 3463 734 Domini
3493 680 3665 749 plene
3700 693 3929 746 recepe-

2339 783 2482 836 rant,
2514 772 2791 827 deducens
2819 771 2887 825 ad
2909 770 3087 826 fontes
3111 786 3249 841 quos
3271 774 3406 826 mari
3431 772 3740 841 contiguos
3764 786 3929 839 supra

2340 866 2581 921 diximus
2612 864 2946 934 baptizavit,
2984 872 3038 919 et
3077 850 3470 919 eucharistiam
3493 864 3777 931 frangens
3807 877 3929 915 eum

2338 958 2443 1024 eis,
2460 956 2732 1013 Maronem
2754 958 2849 1027 qui
2876 972 3001 1013 eum
3032 957 3268 1025 hospitio
3296 966 3583 1027 receperat
3614 956 3930 1027 perfectum

2334 1049 2447 1119 jam
2478 1050 2533 1103 in
2565 1050 2856 1113 omnibus,
2887 1049 3171 1103 constituit
3200 1050 3280 1105 eis
3309 1050 3667 1118 episcOpum,
3704 1056 3765 1103 et
3793 1048 3931 1101 duo-

2338 1143 2513 1196 decim
2543 1156 2668 1196 cum
2700 1156 2767 1197 eo
2798 1142 3150 1212 presbyteros
3170 1180 3186 1203 ,
3226 1141 3499 1209 simulque
3525 1139 3813 1194 diaconos
3842 1154 3932 1191 or-

2336 1233 2509 1289 dinat.
2570 1233 2813 1289 Instituit
2866 1233 3032 1289 etiam
3088 1234 3332 1288 ordinem
3393 1233 3713 1286 viduarum
3765 1244 3933 1301 atque

2336 1327 2519 1381 omnia
2551 1325 2809 1382 Ecclesia:
2852 1325 3156 1381 ministeria
3185 1325 3459 1396 disponit,
3511 1325 3935 1391 universosque

2338 1418 2596 1473 admonet
2639 1416 2846 1472 Maroni
2893 1418 3152 1489 episcopo
3195 1419 3250 1472 in
3280 1418 3535 1472 omnibus
3568 1433 3700 1487 qua:
3732 1417 3935 1487 preci-

2337 1516 2487 1579 peret
2516 1509 2755 1565 obedire.
2787 1507 2852 1563 Et
2872 1508 2949 1563 ita
2968 1509 3184 1565 cunctis
3204 1517 3581 1579 competenter
3605 1508 3930 1578 dispositis.

2336 1614 2461 1653 cum
2490 1600 2657 1655 trium
2687 1600 2955 1656 mensium
2986 1609 3199 1670 tempus
3234 1600 3430 1657 fuisset
3472 1601 3791 1670 expletum,
3836 1614 3931 1650 va-

2338 1692 2635 1749 ledicentes
2666 1694 2751 1759 bis
2778 1693 2875 1764 qui
2899 1702 3055 1748 erant
3077 1691 3220 1763 apud
3246 1690 3532 1763 Tripolim,
3565 1690 3929 1745 Antiochiam

2337 1784 2751 1857 proficiscimur.

1722 2056 2076 2146 LIBER
2153 2056 2784 2147 SEPTIMUS.

751 2334 792 2388 l.
835 2333 1053 2404 Egessn
1082 2340 1301 2389 tandem
1330 2332 1491 2388 etiam
1536 2332 1796 2404 Tripolim
1835 2334 2111 2391 Phoenicis
2150 2352 2242 2391 ur-
2272 2346 2314 2401 Β
2345 2337 2585 2391 triduum
2640 2344 2905 2407 quantum
2952 2338 3017 2391 ad
3052 2338 3389 2408 propositum
3434 2354 3618 2394 meum
3659 2352 3920 2412 spectat.

679 2429 799 2483 bem
823 2471 836 2493 ,
882 2427 1112 2497 primam
1160 2425 1215 2481 in
1259 2425 1542 2482 Ortosiade
1574 2426 1720 2481 haud
1751 2429 1940 2497 procul
1972 2443 2003 2482 a
2031 2427 2238 2498 Tripoli

680 2518 909 2573 fecimus
949 2517 1285 2573 mansionem
1305 2556 1321 2582 ,
1370 2517 1462 2572 ubi
1508 2520 1755 2589 sequenti
1786 2534 2004 2590 quoque
2032 2520 2121 2576 die
2153 2536 2241 2577 re-

681 2612 897 2673 morati,
929 2611 1058 2680 quia
1086 2624 1275 2665 omnes
1305 2624 1438 2680 pene
1467 2610 1559 2681 qui
1596 2610 1828 2666 Domino
1857 2611 2237 2678 crediderant,

680 2701 808 2756 dum
833 2702 1013 2758 divelli
1036 2716 1065 2754 a
1088 2700 1250 2757 Petro
1269 2709 1562 2775 nequeunt,
1587 2702 1681 2757 illo
1701 2718 1878 2774 usque
1897 2705 2068 2760 secuti
2089 2713 2238 2773 sunt;

681 2793 805 2847 inde
854 2792 1222 2847 Antharadum
1268 2792 1537 2849 venimus.
1590 2792 1699 2849 Sed
1747 2794 1893 2865 quod
1935 2796 2091 2851 multi
2139 2810 2241 2853 nos

681 2884 1093 2946 comitarentur,
1125 2883 1201 2937 ait
1239 2881 1437 2940 Petrus
1475 2882 1543 2939 ad
1587 2882 1832 2939 Nicetam
1871 2886 2035 2941 simul
2081 2897 2242 2957 atque

681 2975 927 3043 Aquilam
954 2993 968 3029 :
1002 2975 1267 3041 Quoniam
1290 2974 1507 3046 quidem
1538 2976 1783 3046 plurima:
1807 2977 2040 3033 fratrum
2069 2980 2242 3036 turbs

682 3068 964 3121 nobiscum
1000 3075 1162 3131 sunt,
1205 3075 1259 3122 et
1300 3068 1667 3137 ingredientes
1709 3069 1954 3138 singulas
1999 3086 2243 3141 quasque

682 3156 843 3211 urbes
869 3173 977 3211 non
1003 3172 1194 3227 parum
1217 3157 1434 3213 invidia:
1454 3160 1851 3226 contrahimus,
1872 3162 2088 3217 videtur
2109 3164 2240 3218 mihi

681 3250 1095 3317 providendum,
1126 3257 1187 3305 ut
1215 3265 1391 3320 neqne
1420 3251 1555 3321 ipsis
1585 3252 1854 3323 ingratum
1883 3254 1955 3308 sit
1987 3255 2032 3310 si
2057 3256 2243 3325 prohi-

681 3342 912 3395 beantur
942 3341 1119 3411 sequi,
1153 3356 1328 3413 neque
1354 3344 1511 3398 nobis
1541 3358 1751 3415 pompa:
1779 3346 2012 3416 alicujus
2041 3348 2242 3402 excitet

681 3432 953 3501 malignus
978 3432 1255 3488 invidiam.
1288 3433 1496 3489 Censeo
1525 3435 1708 3505 itaque
1738 3444 1790 3490 te
1812 3435 2055 3492 Nicetam
2081 3449 2243 3509 atque

679 3520 927 3590 Aquilam
956 3524 1259 3594 praecedere
1286 3541 1386 3581 nos
1416 3541 1539 3581 cum
1569 3526 1727 3596 ipsis,
1759 3531 1832 3583 ita
1863 3537 1923 3583 ut
1953 3531 2114 3583 etiam
2146 3546 2242 3587 vos

684 3616 738 3667 in
782 3614 917 3669 duas
950 3602 1130 3685 partes
1173 3615 1403 3671 divisam
1443 3618 1843 3675 multitudinem
1884 3619 2096 3677 ducatis
2122 3662 2136 3686 ,
2182 3630 2243 3677 ut

682 3708 912 3774 sparsim
962 3710 1132 3777 magis
1182 3726 1342 3779 quam
1390 3711 1491 3765 sub
1525 3726 1634 3764 una
1675 3714 2093 3782 congregatione
2139 3715 2244 3768 iter

680 3804 920 3865 agentes,
945 3786 1189 3870 singulas
1211 3816 1456 3871 quasque
1480 3802 1817 3858 introeamus
1837 3805 2077 3875 gentium
2104 3806 2241 3861 civi-

681 3896 837 3944 tates.

750 3979 813 4035 ll.
852 3980 978 4036 Scio
1006 3991 1186 4040 autem
1235 3984 1363 4056 quia
1410 3986 1566 4040 triste
1618 3985 1771 4040 vobis
1822 3985 2059 4050 videtur,
2098 3987 2243 4057 quod

680 4071 934 4128 videmini
966 4088 997 4127 a
1026 4090 1113 4129 me
1139 4076 1372 4129 duorum
1416 4077 1607 4132 saltem
1633 4077 1842 4132 dierum
1875 4081 2052 4148 spatio
2087 4096 2245 4152 sepa—

682 4163 823 4228 rari;
856 4164 1059 4219 credite
1090 4166 1222 4220 mibi
1247 4205 1261 4229 ,
1300 4168 1427 4238 quia
1454 4184 1561 4240 qua
1594 4185 1848 4225 mensura
1878 4172 2103 4243 diligitis
2134 4192 2239 4238 me,

678 4254 908 4324 decuplo
934 4258 1164 4327 amplior
1192 4257 1324 4311 mihi
1352 4276 1571 4331 quoque
1600 4277 1729 4333 erga
1753 4278 1851 4319 vos
1882 4264 2108 4321 affectus
2136 4275 2239 4331 est,

676 4346 770 4399 sed
802 4350 847 4399 si
877 4361 975 4416 pro
1003 4346 1197 4403 affectu
1221 4389 1237 4412 ,
1286 4366 1444 4420 quem
1470 4353 1777 4409 adinvicem
1808 4357 2050 4425 gerimus
2070 4398 2085 4423 ,
2134 4374 2242 4414 non

678 4436 1092 4508 faciamusqua:
1120 4443 1499 4497 convenientia
1526 4453 1579 4499 et
1612 4445 1839 4501 honesta
1882 4457 2044 4515 sunt,
2105 4450 2244 4504 irra-

674 4528 952 4584 tionabilis
996 4530 1308 4598 huiusmodi
1353 4550 1507 4589 amor
1543 4536 1836 4593 videbitur.
1888 4538 1955 4592 Et
1997 4539 2119 4594 ideo
2149 4557 2246 4597 ne-

672 4634 949 4688 quaquam
999 4623 1157 4676 titulo
1200 4624 1486 4681 charitatis
1533 4628 1863 4693 imminuto,
1924 4646 2043 4701 qua:
2091 4633 2245 4687 utilia

681 4710 927 4764 videntur
956 4727 1020 4766 ac
1052 4717 1361 4771 necessaria
1390 4734 1746 4787 procuremus
1766 4761 1781 4785 ,
1836 4724 2071 4777 maxime
2118 4739 2243 4778 cum

674 4804 857 4859 nullus
886 4805 1004 4860 dies
1034 4809 1205 4876 possit
1238 4810 1590 4875 intercedere,
1625 4830 1734 4883 quo
1773 4830 1883 4868 non
1912 4815 2244 4886 disputatio-

670 4897 836 4951 nibus
885 4900 1019 4954 meis
1064 4901 1333 4957 -interesse
1382 4906 1627 4975 possitis.
1654 4906 1762 4961 Per
1807 4908 2052 4978 singulas
2096 4911 2241 4964 enim

2344 2430 2599 2499 insequar
2621 2444 2739 2485 vos.
2778 2426 3143 2499 Opperiemini
3178 2438 3357 2484 autem
3380 2444 3467 2485 me
3497 2430 3563 2484 ad
3601 2434 3923 2501 proximum

2342 2529 2511 2591 portae
2545 2520 2781 2575 civitatis
2810 2520 3083 2575 stabulum
3103 2560 3119 2585 ,
3168 2530 3221 2575 et
3253 2520 3378 2575 inde
3407 2523 3608 2577 iterum
3637 2525 3922 2590 similiter.

2342 2629 2465 2668 cum
2491 2603 2609 2669 dies
2642 2612 2714 2667 ibi
2744 2614 2949 2683 aliquot
2978 2616 3427 2683 transegerimus,
3468 2617 3805 2685 prmeedetis
3843 2634 3925 2674 me

2342 2706 2409 2761 ad
2430 2707 2714 2761 ulteriores
2731 2705 3000 2772 civitates;
3019 2714 3073 2759 et
3101 2704 3204 2759 hoc
3222 2720 3320 2761 vos
3343 2705 3519 2761 facere
3540 2722 3641 2777 per
3663 2708 3925 2777 singulas

2342 2800 2524 2869 cupio,
2547 2798 2885 2854 declinanda:
2903 2806 3166 2868 quantum
3190 2798 3246 2852 in
3268 2798 3427 2854 nobis
3447 2811 3531 2854 est
3548 2800 3783 2855 invidia
3801 2817 3924 2872 grac

2341 2891 2438 2955 tia,
2453 2899 2506 2947 et
2520 2901 2579 2945 ut
2596 2892 2789 2946 fratres
2809 2890 3199 2961 quinobiscum
3218 2898 3366 2955 sunt,
3386 2892 3549 2945 vestri
3572 2894 3927 2962 providentia

2342 2998 2438 3053 per
2467 2983 2715 3054 singulas
2742 2982 2989 3040 civitates
3021 2991 3206 3053 parata
3252 2983 3595 3039 invenientes
3634 2985 3922 3055 hospitia.

2343 3074 2525 3129 minus
2546 3076 2730 3146 vagari
2760 3074 3067 3129 videantur.

2416 3163 2502 3219 ΠΙ.
2545 3164 2670 3220 Haec
2702 3166 2915 3221 dicente
2946 3164 3129 3231 Petro,
3169 3165 3479 3220 necessario
3524 3166 3922 3236 acquieseunt.

2343 3258 2587 3314 dicentes
2619 3277 2633 3312 :
2665 3257 2783 3312 Non
2816 3258 2973 3313 valde
3004 3273 3105 3313 nos
3144 3259 3432 3313 contristat
3459 3259 3563 3314 hoc
3593 3275 3770 3330 agere
3799 3264 3926 3331 quia

2344 3361 2373 3400 a
2405 3356 2456 3404 te
2478 3349 2753 3418 iubemur,
2786 3350 2876 3420 qui
2908 3350 3090 3403 omnia
3118 3360 3171 3405 et
3195 3350 3331 3404 bene
3356 3364 3515 3419 agere
3536 3359 3590 3406 et
3615 3352 3767 3406 bene
3796 3368 3927 3405 con-

2345 3442 2524 3497 sulere
2558 3456 2654 3511 per
2681 3440 2883 3496 Christi
2918 3440 3311 3511 providentiam
3348 3444 3555 3497 electus
3585 3457 3646 3497 es
3667 3483 3684 3507 ,
3740 3443 3843 3497 sed
3878 3455 3927 3496 et

2344 3547 2452 3586 una
2488 3533 2574 3587 die
2601 3542 2693 3587 aut
2724 3533 2768 3587 si
2798 3532 3026 3587 multum
3057 3532 3256 3599 biduo,
3292 3532 3540 3602 quamvis
3574 3534 3800 3604 grande
3833 3536 3924 3597 sit,

2347 3622 2401 3677 in
2436 3624 2539 3679 hoc
2565 3624 2712 3678 omni
2742 3624 2921 3695 spatio
2963 3639 3073 3679 non
3108 3624 3294 3679 videre
3337 3625 3617 3679 dominum
3661 3635 3925 3681 nostrum

2344 3714 2561 3769 Petrum
2584 3753 2600 3779 ,
2633 3724 2810 3771 tamen
2838 3716 3119 3771 tolerabile
3147 3727 3251 3770 est.
3295 3716 3732 3773 Consideramus
3780 3719 3922 3773 enim

2343 3807 2474 3877 quid
2522 3807 2801 3877 patiantur
2851 3807 2929 3862 illi
2973 3806 3264 3861 duodecim
3318 3806 3515 3862 fratres
3553 3809 3788 3872 nostri,
3835 3810 3921 3878 qui

2343 3898 2655 3968 praecedunt
2678 3912 2799 3961 nos,
2832 3905 2886 3952 et
2918 3912 3158 3953 mensem
3183 3913 3319 3968 pene
3345 3899 3615 3967 integrum
3639 3915 3713 3954 ex
3749 3903 3923 3956 tribus

2345 3990 2643 4053 mensibus,
2669 3989 2866 4058 quibus
2888 4004 2983 4057 per
3005 4004 3441 4059 unamquamque
3463 3990 3653 4043 urbem
3678 3994 3917 4047 resides.

2342 4089 2497 4135 tanto
2542 4082 2684 4135 bono
2721 4081 2942 4136 auditus
2968 4081 3044 4134 tui
3075 4080 3413 4150 visionisque
3461 4080 3821 4138 fraudantur.
3857 4083 3920 4139 [ί

2344 4188 2473 4241 ergo
2498 4163 2680 4241 jubes,
2713 4172 2840 4241 quia
2867 4180 3012 4228 recte
3035 4172 3216 4227 omnia
3246 4172 3434 4242 jubes,
3467 4187 3628 4245 agere
3657 4190 3779 4230 non
3812 4193 3919 4229 mo-

2345 4266 2611 4319 rabimur.
2654 4263 2718 4317 Et
2747 4264 2833 4319 his
2870 4265 3036 4321 dictis
3078 4281 3427 4335 praeeessere,
3474 4267 3724 4335 acceptis
3770 4284 3915 4321 man-

2344 4356 2528 4424 datis,
2582 4367 2639 4411 ut
2687 4365 2838 4411 extra
2889 4357 3075 4411 urbem
3123 4358 3527 4427 alloquerentur
3581 4358 3789 4415 fratres
3831 4362 3916 4429 qui

2346 4463 2531 4503 secum
2573 4449 2677 4503 iter
2723 4448 2976 4518 agebant,
3020 4463 3090 4502 ne
3134 4450 3423 4517 constipati
3473 4461 3525 4503 et
3572 4453 3741 4519 quasi
3796 4467 3915 4505 cum

2346 4540 2604 4605 tumultu,
2633 4539 2728 4594 sed
2750 4540 2984 4610 sparsim
3005 4547 3059 4594 et
3084 4540 3137 4594 in
3165 4541 3325 4596 binos
3347 4541 3507 4596 divisi
3535 4542 3916 4612 ingrediantur

2346 4631 2620 4686 civitates.

2413 4723 2503 4779 ιν.
2535 4723 2733 4778 Verum
2760 4723 2869 4794 (33)
2896 4724 2986 4779 ubi
3008 4725 3082 4779 illi
3106 4725 3334 4795 profecti
3363 4734 3509 4785 sunt,
3536 4739 3641 4795 ego
3663 4726 3912 4781 Clemens

2345 4816 2499 4871 valde
2530 4817 2747 4885 gavisus
2790 4832 2912 4871 sum
2984 4818 3127 4887 quod
3172 4833 3257 4871 me
3304 4832 3485 4873 secum
3516 4834 3645 4873 esse
3683 4819 3836 4879 fecit,
3866 4830 3913 4871 et

2345 4908 2432 4962 aio
2461 4908 2529 4961 ad
2559 4924 2681 4961 eum
2714 4927 2726 4961 :
2759 4907 2868 4963 Deo
2891 4910 3093 4978 gratias
3125 4924 3246 4978 ago,
3274 4908 3417 4978 quod
3445 4924 3527 4962 me
3553 4925 3666 4963 non
3698 4912 3913 4979 premi-

670 5006 918 5060 quasque
941 4994 1234 5050 nobiliores
1256 4996 1657 5065 provinciarum
1680 4999 1927 5052 civitates
1949 5000 2230 5069 prOposui,
2268 5019 2310 5073 ι)
2342 5000 2465 5055 sisti
2487 5015 2609 5053 cum
2628 5000 2769 5062 aliis,
2788 5014 2911 5052 nam
2937 5000 3159 5055 tristitia
3184 5001 3511 5056 interissem.
3528 5000 3670 5054 Tum
3687 5001 3907 5055 Petrus:

674 5083 813 5135 sicut
844 5084 1005 5137 etiam
1029 5101 1122 5141 vos
1142 5087 1302 5143 scitis
1359 5090 1519 5155 ,ernis
1546 5090 1771 5143 docendi
1800 5091 1973 5160 gratia
1998 5094 2239 5147 residere

672 5176 975 5233 mensibus.
1029 5178 1180 5232 Nunc
1235 5196 1296 5234 er
1336 5196 1364 5234 ν)
1414 5160 1759 5245 Laodiciam,
1827 5198 1948 5251 quae
1982 5192 2069 5240 est
2107 5186 2237 5238 urbs

674 5268 940 5335 proxima,
970 5271 1253 5339 praecedite
1304 5288 1417 5338 me_
1460 5281 1525 5328 et
1568 5287 1670 5343 ego
1698 5280 1823 5344 post
1866 5275 2092 5329 biduum
2143 5285 2237 5329 aut

2344 5092 2409 5145 Et
2442 5093 2569 5162 quid
2610 5091 2716 5156 ﬂet,
2750 5092 2961 5161 inquit,
3008 5094 3055 5146 si
3085 5094 3384 5147 necessitas
3420 5096 3663 5162 exegerit
3694 5096 3835 5148 mitti
3868 5106 3911 5145 te

2344 5187 2525 5255 aliquo
2548 5186 2807 5239 doctrina:
2837 5185 3039 5256 gratia?
3072 5196 3353 5255 separatus
3384 5200 3414 5238 a
3444 5201 3527 5238 me
3555 5186 3656 5254 pro
3686 5189 3909 5241 utilitate

2343 5278 2627 5332 morieris?
2663 5293 2764 5333 nec
2788 5278 3107 5347 tibimetipsi
3141 5277 3433 5347 imperabis
3476 5277 3620 5331 ferre
3647 5279 3907 5347 patienter

1962 5495 2331 5554 COTELERII
2366 5498 2598 5555 NOTIE.

748 5633 859 5701 (33)
910 5632 1119 5695 Verum,
1152 5639 1251 5685 etv,
1276 5630 1678 5699 Prmponuntur
1703 5634 1753 5684 in
1781 5631 1966 5687 codice
1984 5631 2087 5685 PP.
2117 5632 2245 5685 Car-

676 5706 979 5755 trri-iitariin‘.
1020 5706 1125 5755 him:
1178 5706 1417 5753 irinum:
1456 5701 1517 5753 In
1559 5712 1659 5755 oct.
1702 5702 1819 5772 [ιη’.
1858 5702 2012 5772 sept.]
2069 5704 2241 5755 sancti

680 5774 975 5829 ιῖζιίιρςρβτιήῑέδ.
1014 5776 1119 5843 ἐξεφ
1160 5774 1235 5825 {In
1269 5792 1309 5825 ιρι
1336 5793 1387 5825 εμπ,
1420 5774 1542 5825 dum
1587 5790 1748 5827 essem
1788 5790 1902 5827 cum
1940 5773 2236 5828 beatissimo

2349 5633 2506 5686 Petro
2553 5632 2809 5699 apostolo,
2860 5631 3084 5701 quodam
3136 5632 3216 5684 dic
3247 5632 3361 5685 dixi
3391 5634 3459 5686 ad
3497 5648 3659 5686 eum:
3691 5632 3899 5687 Gratia:

2344 5722 2440 5769 ago
2482 5703 2604 5761 Deo.
2638 5702 2772 5771 quod
2808 5718 2887 5754 me
2916 5719 3014 5755 non
3038 5706 3309 5770 permittas
3341 5706 3579 5773 separari
3613 5730 3641 5757 α
3677 5718 3759 5771 te;
3790 5721 3899 5757 nam

2344 5776 2562 5829 (rissiria
2584 5775 2893 5830 interissem.
