4048 6342
83 404 265 466 ιδω
1313 399 1880 457 RECOGNITIONUE
1919 400 2044 456 LIB.
2082 399 2192 457 VII.
3238 403 3374 462 £383

77 517 408 580 tissimus,
454 515 772 586 acquiescit,
806 514 902 572 sed
946 515 1156 571 monuit
1199 529 1321 580 nos,
1354 530 1476 568 cum
1509 529 1700 568 navem
1730 525 1777 575 Α.
1805 515 1943 570 alius
1978 530 2108 570 sane
2167 513 2309 568 filius
2341 522 2620 584 quatenus
2660 512 2801 584 patri
2858 521 3103 571 maneret
3132 515 3200 572 ad
3230 517 3374 571 sola.

82 608 644 670 descendissemus,
671 621 780 664 non
810 620 916 661 una
946 620 1137 660 omnes
1168 621 1498 668 concurrere
1528 605 1594 658 ad
1629 605 1708 656 vi-
1809 605 2248 675 tium,.cogilavi.

81 697 416 765 dandum;
469 699 596 751 nolo
641 699 812 760 enim,
864 697 1063 766 inquit,
1096 698 1272 751 notari
1307 711 1403 752 vos
1445 711 1477 750 a
1526 695 1704 751 turba.
1879 697 1994 752 XVI
2055 696 2160 751 Sed
2221 705 2281 750 ut
2341 696 2455 752 haec
2490 696 2566 751 ita
2622 696 2740 754 fieri
2798 707 3042 770 possent,
3099 699 3370 755 somnium

87 789 276 844 Clum
307 805 438 860 ergo
466 789 554 844 die
585 797 801 859 postera
841 788 966 843 navi
995 790 1099 843 sub
1126 799 1402 843 momento
1442 789 1586 844 horae
1616 804 1707 844 ve-
1809 787 1961 852 tinxi,
1997 787 2157 857 quasi
2184 789 2480 842 assistente
2506 787 2638 842 mihi
2675 803 2770 858 per
2816 789 2991 842 visum
3017 790 3251 860 quodam
3278 805 3374 843 nu-

89 881 408 938 nissemus
455 880 519 934 ad
569 880 831 941 insulam,
878 879 1139 936 continuo
1171 879 1238 934 ad
1284 880 1460 934 locum
1503 880 1557 932 in
1596 894 1712 948 quo
1807 879 1951 932 mine
1997 887 2051 932 et
2103 878 2336 939 dicente,
2368 883 2427 932 ut
2472 876 2756 933 confestim
2792 893 2914 932 cum
2974 881 3205 949 geminis
3236 881 3374 936 meis

87 982 292 1028 eram.
314 973 577 1027 columnae
601 971 898 1034 mirabiles,
930 987 1309 1040 properamus.
1334 969 1501 1024 Erant
1523 980 1705 1044 autem
1799 973 1942 1035 Urbe
1973 973 2308 1028 discederem
2363 983 2416 1028 et
2461 974 2653 1027 tandiu
2701 975 3372 1042 abessem,.donec.rediro

95 1064 170 1117 in
209 1064 334 1119 ade
363 1063 597 1133 quadam
638 1063 847 1132 positze,
898 1062 953 1116 in
1001 1077 1109 1132 qua
1154 1061 1359 1116 Phidiae
1389 1076 1552 1131 opera
1583 1076 1708 1129 per-
1805 1079 1893 1119 me
1931 1064 2048 1132 ipse
2082 1065 2428 1134 praeciperet;
2463 1064 2608 1134 quod
2645 1064 2692 1119 si
2758 1080 2870 1120 non
2933 1065 3189 1129 facerem,
3247 1082 3371 1122 cum

92 1155 424 1226 magniﬁca
457 1155 816 1219 habebantur,
856 1155 1055 1224 quibus
1086 1155 1295 1210 intento
1327 1153 1706 1224 unusquisque
1807 1155 1994 1210 liberis
2027 1155 2278 1213 omnibus
2332 1171 2417 1210 me
2462 1157 2665 1228 pariter
2715 1157 3030 1227 perituram.
3090 1157 3152 1216 Et
3186 1159 3260 1213 ita
3293 1159 3373 1213 fa.

95 1255 383 1302 nostrum
413 1246 756 1301 detinebatur
787 1253 1030 1315 aspectu.
1806 1255 1953 1299 ctum
1983 1253 2084 1300 est.
2124 1246 2319 1301 Statim
2351 1247 2494 1302 enim
2533 1255 2590 1301 ut
2649 1250 2922 1302 somnium
2955 1249 3074 1303 viro
3099 1254 3369 1314 enarravi,

1795 1337 2075 1402 extimuit,
2111 1347 2164 1392 et
2194 1339 2415 1394 sociatis
2435 1332 2580 1394 fmibi
2610 1339 2823 1395 duobus
2856 1340 3001 1404 filiis,
3038 1342 3212 1397 servis
3239 1358 3373 1413 quo-

1807 1444 1912 1498 que
1934 1439 1985 1485 et
2015 1430 2251 1494 ancillis,
2290 1431 2518 1501 pecunia
2549 1431 2709 1487 etiam
2757 1433 3059 1487 abundanti
3093 1433 3238 1496 data.
3274 1450 3373 1489 na-

1807 1510 1988 1588 vigare
2018 1520 2261 1578 Athenas
2283 1521 2432 1591 jubet
2457 1522 2548 1576 ubi
2577 1523 2742 1578 simul
2803 1531 2867 1578 ει·
2903 1525 3138 1590 θηάίτθ
3173 1525 3373 1581 liberos

1807 1625 2040 1680 possem,
2077 1609 2358 1678 mansura,
2397 1611 2594 1684 inquit,
2631 1614 2704 1669 ibi
2731 1630 3018 1686 usquequo
3058 1616 3230 1672 visum
3257 1616 3374 1672 fue-

189 1358 345 1414 XIII.
386 1359 579 1415 Petrus
602 1373 732 1414 vero
762 1358 851 1416 ubi
881 1359 1027 1414 solas
1055 1359 1338 1414 columnas
1364 1360 1598 1415 miratus
1619 1367 1702 1413 est

97 1452 337 1514 viteas,
370 1468 720 1522 nequaquam
741 1459 928 1522 raptus
961 1452 1186 1521 pictura
1215 1453 1410 1521 gratia,
1450 1467 1702 1521 egressus

97 1542 267 1596 vidit
299 1559 397 1612 pro
438 1544 642 1598 foribus
677 1542 1374 1613 mulierculam'quamdam
1413 1542 1606 1612 stipem
1638 1543 1704 1595 ab

99 1633 537 1690 introeuntibus
567 1635 990 1706 deposcentem;
1037 1646 1199 1704 quam
1232 1637 1490 1690 attentius
1521 1635 1704 1689 consie
1807 1633 2040 1714 Ρξξδδῗηει
2073 1633 2341 1714 ξ¹¹³¹¹³¹¹τ⁵ξ

95 1726 335 1781 dcrans
365 1726 438 1780 ait
471 1746 484 1782 :
515 1705 1025 1796 Dic,mulier,quod
1058 1725 1151 1780 tibi
1179 1726 1478 1780 membrum
1511 1741 1694 1796 corpo-

1804 1705 1874 1755 rit
1907 1705 1960 1757 ei
1992 1705 2086 1772 qui
2116 1705 2370 1774 praecepit
2397 1705 2566 1770 exire,
2604 1711 2662 1760 ut
2690 1705 2886 1762 redeas
2909 1707 2975 1761 ad
3009 1722 3132 1764 nos.
3162 1706 3372 1763 Interea

97 1818 198 1873 ris
239 1817 411 1881 deest,
440 1820 583 1889 quod
618 1820 744 1875 huic
777 1829 829 1874 te
859 1820 1074 1888 injuriae
1104 1819 1389 1886 subjecisti
1414 1829 1470 1873 ut
1506 1819 1699 1888 stipem
1733 1864 1774 1917 Β
1805 1796 2216 1917 ἳῗνξὶἷῗηὶῖὲξιὶ
2237 1811 2372 1917 in“?
2397 1796 2536 1917 ".1813
2593 1798 2753 1917 ηυῗεε
2785 1806 3070 1917 majorum
3119 1800 3371 1917 violen'tia

95 1917 309 1977 petas,
341 1918 394 1964 et
424 1881 532 1964 non
563 1912 743 1980 potius
773 1881 1024 1967 manibus
1049 1912 1159 1966 tuis
1181 1881 1323 1981 quas"
1345 1927 1374 1964 a
1405 1910 1514 1967 Deo
1543 1881 1700 1968 acce-
1733 1881 1774 1917 ὕ
1804 1884 1867 1937 ad
1902 1881 2010 1950 “05-
2031 1883 2221 1941 inm“
2251 1894 2518 1981 ηθθωῗηθ
2560 1887 2848 1981 Ρ³¹¹ίτ²εί⁰
2876 1888 3099 1959 depulsa
3130 1905 3248 1945 sum
3281 1890 3375 1945 ’¹⁰“’

101 2001 263 2067 pisti
294 2015 529 2070 cperans
560 1977 738 2056 cibum
770 2003 1024 2073 quaeras?
1053 2004 1123 2058 At
1151 1977 1240 2058 illa
1272 2005 1558 2075 suspirans
1587 2007 1698 2062 ait:
1803 1989 1917 2075 ‘50?’
1946 1981 1999 2030 et
2031 1987 2158 2069 °“."‘
2191 1991 2381 2032 omnes
2416 1977 2749 2075 interisf’em’
2792 1985 3062 2075 “Tmp‘am.
3104 1995 3205 2075 me.
3244 1994 3373 2034 cm.

99 2061 355 2146 'Uumn'l
404 2092 534 2146 mihi
584 2061 803 2163 quidm;
851 2103 1036 2153 essent
1087 2110 1280 2151 manus
1330 2061 1450 2166 qam
1497 2101 1699 2154 moveri
1800 2061 1973 2166 delent
2008 2064 2174 2166 supra
2202 2079 2392 2119 saxum
2435 2064 2709 2166 quoddam
2761 2067 3132 2166 vebementior
3172 2067 3371 2124 ﬂuctus

99 2189 396 2252 possent,
439 2151 809 2239 nunc-autem
853 2188 1063 2255 species
1109 2151 1588 2245 tantum‘servata
1617 2198 1702 2245 est
1800 2151 2009 2260 fjegcgu’g
2366 2157 2611 2258 “fideret,”
2648 2172 2714 2260 ea,
2765 2159 2907 2260 ⁸01³,
2938 2175 3034 2260 ⁸ΡῩ
3065 2170 3172 2230 qua
3221 2175 3374 2215 me“

101 2288 415 2339 manuum,
441 2291 565 2329 nam
585 2275 715 2346 ipsa:
735 2285 864 2332 sunt
884 2285 1167 2341 emortum.
1192 2285 1245 2335 et
1269 2280 1406 2335 meis
1426 2281 1699 2337 morsibus
1800 2241 2194 2346 possgmhfofle
2223 2252 2384 2346 imos
2407 2246 2750 2346 mvemm.’.in
2779 2246 3109 2346 promi]de
3144 2263 3230 2304 me
3262 2265 3368 2346 iw"

97 2364 335 2420 debiles
363 2331 416 2420 et
445 2367 565 2422 sine
595 2331 764 2423 sensu
794 2331 1038 2424 reddit-J3.
1072 2331 1401 2426 Et
1428 2331 1703 2437 duae—fin;
1802 2331 2157 2437 {pham
2228 2343 2358 2437 tim."
2409 2349 2535 2437 iam
2599 2335 2776 2437 ad.buc
2828 2338 3152 2437 ""‘P‘l‘a‘.
3190 2339 3370 2437 ﬁlim“

99 2455 265 2525 quit,
305 2455 407 2511 fuit
434 2472 622 2523 causa,
650 2467 706 2513 ut
735 2458 838 2514 hoc
889 2459 986 2513 tibi
1015 2466 1227 2514 tantum
1258 2460 1383 2514 mali
1421 2419 1538 2531 ipsa
1566 2419 1700 2518 λοι)-
1802 2419 2173 2531 f‘f‘f’mibu‘
2217 2423 2368 2478 ebria
2423 2422 2603 2480 facere
2659 2424 2768 2483 hoc
2815 2432 2872 2481 ει
2927 2425 3159 2486 “dum
3189 2433 3243 2481 θ’
3273 2442 3374 2498 po.

104 2520 344 2602 ferres?
393 2520 648 2618 Ignavia,
699 2550 910 2619 inquit,
954 2565 1055 2605 nec
1081 2551 1227 2606 aliud
1267 2520 1602 2622 quidquam;
1653 2558 1697 2611 si
1803 2520 2014 2622 ίθῗξζη
2067 2603 2113 2622 ,,
2342 2608 2393 2622 ,,
2463 2608 2498 2622 ,,

103 2638 271 2690 enim
305 2603 499 2693 fuisset
525 2640 582 2693 in
608 2603 692 2694 me
722 2603 925 2710 aliquid
953 2642 1193 2705 virtutis,
1223 2603 1372 2711 ptrtui
1397 2603 1480 2698 vlel
1508 2603 1699 2714 praeci-
1814 2604 2034 2714 A,xv"'
2067 2603 2396 2714 v‘erufmﬂbi
2433 2608 2577 2714 ,δίῗῖ
2603 2617 2852 2714 Limn”,
2876 2618 2981 2675 es"
3017 2618 3205 2714 “.ego
3242 2627 3368 2714 cui.“

108 2729 264 2798 pitio
295 2730 374 2783 uti
415 2731 498 2785 vel
537 2697 828 2800 profundo.
847 2733 1015 2789 maris
1048 2697 1270 2802 injicere
1299 2697 1697 2806 memetipsatn,
1801 2697 2728 2806 Clamore,“Adulamjnfencmw
2767 2709 3016 2806 "““,".“'“
3049 2704 3372 2806 eirchgph

108 2792 174 2873 ἐι
219 2820 378 2875 ﬁnem
409 2792 853 2879 dare'dolmibus
879 2824 1036 2879 meis.
1101 2792 1117 2802 '
1521 2792 1537 2806 '
1652 2792 1696 2803 "
1801 2806 1978 2848 cerem
2022 2792 2200 2848 sicubi
2250 2794 2334 2849 vel
2366 2793 2538 2864 ejecta
2578 2794 2784 2864 possim
2838 2793 3021 2850 videre
3080 2794 3369 2861 cadavera,

1803 2883 2153 2942 miseratione
2184 2885 2440 2942 commoti
2471 2885 2692 2955 quidam
2728 2901 2795 2942 ex
2830 2887 2916 2940 bis
2958 2886 3052 2957 qui
3091 2901 3179 2942 me
3222 2886 3372 2942 vide-

1803 2981 1944 3038 rant,
1971 2975 2149 3056 primo
2203 2990 2300 3045 per
2345 2975 2590 3044 pelagus,
2625 2983 2742 3029 tum
2795 2976 2959 3056 etiam
3000 2977 3150 3032 circa
3185 2977 3369 3033 littora

1800 3064 2109 3134 requirunt,
2145 3065 2189 3119 si
2231 3080 2390 3136 quem
2448 3060 2587 3120 fo'rte
2631 3065 2697 3120 de
2746 3067 2884 3122 meis
2946 3066 3250 3123 infantibus
3282 3069 3366 3123 in-

194 2942 336 2998 ΧΠ.
364 2942 500 2998 Tum
524 2943 746 3003 Petrus:
765 2946 968 3018 Ecquid
993 2957 1174 3018 putas,
1197 2950 1293 3014 ait,
1319 2952 1535 3016 mulier,
1556 2953 1698 3023 quod

112 3034 219 3104 qui
252 3038 578 3116 semetipsos
622 3038 934 3107 perimunt,
975 3058 1004 3094 a
1036 3040 1319 3110 suppliciis
1352 3044 1701 3100 liberantur?

113 3127 235 3180 nisi
261 3128 389 3197 quia
421 3129 719 3198 majoribus
749 3130 1032 3199 subjacent
1073 3134 1251 3201 pmnis
1286 3135 1482 3191 anima:
1509 3153 1696 3192 eorum

115 3220 219 3287 qui
254 3219 357 3273 sibi
403 3219 538 3290 ipsis
582 3221 866 3276 intulerint
909 3239 1123 3278 manus.
1172 3224 1242 3279 At
1275 3226 1406 3281 illa:
1441 3227 1656 3283 Utinam
1681 3269 1696 3293 ,
1727 3203 1767 3256 (Ἰ

116 3309 322 3379 inquit,
357 3310 504 3364 istud
537 3311 668 3365 mibi
695 3307 904 3368 certum
935 3314 1105 3380 fieret,
1138 3318 1266 3386 quia
1296 3319 1484 3372 vivunt
1509 3320 1703 3375 anima

120 3399 181 3452 in
211 3399 428 3455 inferno
449 3442 461 3462 .
495 3401 726 3457 libenter
758 3406 1114 3476 amplecterer
1146 3408 1308 3461 etiam
1340 3423 1531 3478 pccnas
1559 3409 1701 3468 ferre

120 3495 322 3548 mortis
353 3491 551 3560 illata,
599 3503 808 3550 tantum
857 3503 913 3550 ut
943 3495 1130 3553 dulces
1162 3498 1296 3552 mibi
1329 3506 1486 3556 natos
1510 3499 1699 3555 horam

119 3586 322 3640 saltem
349 3602 510 3639 unam
542 3587 798 3642 viderem.
833 3587 897 3640 Et
927 3587 1122 3643 Petrus
1162 3609 1174 3644 :
1201 3589 1344 3655 Quid
1379 3599 1592 3646 tantum
1623 3593 1698 3648 is—

120 3676 222 3730 tud
257 3684 362 3740 est,
383 3677 540 3746 .quod
572 3687 620 3732 te
657 3686 763 3731 tam
793 3680 944 3749 gravi
973 3677 1134 3734 allicit
1163 3681 1405 3745 tristitia,
1439 3683 1580 3738 scire
1605 3697 1692 3738 ve-

122 3767 240 3821 lim.
296 3767 350 3820 Si
390 3769 534 3823 enim
579 3769 804 3824 doceres
851 3785 936 3824 tne
973 3786 1218 3837 causam,
1270 3787 1487 3842 possem
1521 3774 1616 3828 tiLi
1647 3783 1697 3828 et

120 3874 226 3928 ego
255 3859 535 3914 evidenter
565 3859 872 3923 ostendere,
907 3879 938 3914 ο
966 3862 1182 3928 mulier,
1214 3862 1373 3932 quod
1397 3863 1450 3918 in
1485 3865 1696 3918 inferno

121 3951 311 4004 vivant
352 3951 564 4014 animm,
598 3960 652 4004 et
685 3966 782 4021 pro
820 3951 1118 4022 praecipitio
1152 3954 1235 4007 vel
1267 3953 1540 4022 profundo
1570 3971 1695 4024 pos-

124 4054 241 4093 sem
277 4041 376 4095 tibi
411 4041 540 4095 dare
570 4042 1022 4097 medicamentum
1063 4043 1306 4114 aliquod,
1343 4052 1399 4099 ut
1428 4045 1547 4101 sine
1576 4063 1686 4101 cru-

123 4132 274 4184 ciatu
306 4134 489 4188 valeas
520 4133 682 4187 vitam
715 4133 888 4187 finire.

200 4253 315 4310 XV.
344 4254 495 4310 Tunc
528 4256 720 4310 mulier
745 4257 1106 4326 promissione
1152 4257 1255 4312 bac
1287 4266 1565 4328 gratanter
1594 4276 1691 4315 ac-

126 4354 282 4415 cepta
309 4347 473 4416 coepit
526 4347 740 4403 dicere:
783 4345 963 4403 Genus
993 4349 1210 4419 quidem
1247 4349 1382 4402 mihi
1426 4358 1479 4404 et
1520 4354 1689 4420 patria

125 4451 246 4505 qua:
279 4435 369 4498 sit,
397 4451 494 4491 nec
519 4437 663 4490 credi
693 4437 868 4500 facile,
889 4454 988 4493 nec
1014 4439 1120 4494 dici
1151 4441 1518 4494 necessarium
1540 4451 1689 4512 puto,

1804 3155 2069 3210 venirent.
2109 3155 2216 3211 Sed
2251 3157 2341 3210 ubi
2366 3172 2634 3226 nusquam
2673 3157 2815 3212 ullus
2849 3158 3104 3225 inventus
3137 3166 3241 3224 cst,
3267 3162 3372 3215 mi-

1803 3254 2049 3304 serantes
2076 3263 2163 3303 me
2195 3249 2451 3303 mulieres
2466 3249 2571 3303 loci
2598 3249 2871 3304 consolari
2890 3261 3372 3320 cmperunt,enar-

1802 3345 1985 3394 rantes
2019 3339 2247 3410 singulm
2269 3356 2400 3396 suas
2434 3354 2662 3411 quaeque
2696 3340 2968 3402 miserias.
3000 3349 3058 3396 ut
3112 3358 3178 3399 ex
3213 3343 3369 3400 simi-

1801 3428 2029 3484 litudine
2060 3429 2435 3484 calamitatum
2469 3430 2723 3484 solatium
2767 3443 3052 3498 caperem;
3087 3431 3231 3499 quod
3283 3446 3370 3486 mu

1799 3518 1972 3587 magis
2002 3517 2383 3592 contristabat,
2419 3533 2530 3572 non
2561 3518 2706 3572 enim
2746 3519 2859 3585 tale
2883 3518 3016 3572 mihi
3046 3525 3165 3573 erat
3213 3519 3368 3590 inge-

1798 3609 1970 3672 nium,
2004 3618 2063 3665 ut
2094 3609 2325 3664 aliorum
2357 3610 2498 3662 mala
2549 3625 2666 3664 mea
2699 3624 2822 3664 esse
2863 3610 3057 3664 solatia
3088 3609 3364 3684 ducerem.

1800 3701 1862 3753 Et
1895 3715 2021 3756 cum
2072 3717 2160 3756 me
2193 3701 2375 3755 multa:
2406 3700 2641 3770 hospitio
2672 3709 2931 3770 cuperent
2965 3703 3223 3771 recipere.
3261 3718 3369 3758 una

1796 3789 2041 3858 quaedam
2078 3789 2406 3858 paupercula
2451 3789 2537 3843 bic
2567 3789 2816 3844 habitans
2851 3791 3082 3845 extorsit
3113 3791 3244 3845 mihi
3282 3801 3369 3846 tu-

1797 3883 1953 3951 gurio
2006 3882 2127 3951 ejus
2174 3881 2504 3944 succedere,
2565 3881 2756 3936 dicens
2800 3881 2984 3942 ,fuisse
3035 3882 3137 3936 sibi
3191 3883 3365 3937 virum

1798 3976 2016 4020 nautam
2050 3981 2282 4038 eumque
2316 3969 2370 4022 in
2403 3969 2538 4022 mari
2589 3969 2982 4024 adolescentem
3022 3969 3364 4037 defunctum,

1797 4059 2009 4128 sibique
2036 4073 2104 4112 ex
2137 4073 2201 4113 eo
2228 4058 2321 4114 die
2347 4073 2470 4113 cum
2512 4059 2666 4112 multi
2694 4075 2810 4114 eam
2845 4061 3091 4130 accipere
3133 4063 3188 4116 in
3234 4077 3368 4117 con-

1792 4148 2001 4218 jugium
2034 4157 2314 4218 cuperent,
2349 4163 2532 4203 amore
2563 4149 2664 4202 viri
2682 4149 2996 4204 viduitatem
3047 4151 3218 4207 fuisse
3242 4152 3368 4208 cha-

1797 4239 2018 4294 riorem.
2053 4237 2223 4292 Erunt
2255 4253 2407 4309 ergo,
2441 4238 2638 4308 inquit,
2669 4239 2825 4293 nobis
2853 4242 3183 4306 communia,
3213 4258 3363 4313 qum-

1794 4343 2010 4399 cunque
2059 4329 2311 4385 manibus
2360 4317 2564 4385 nostris
2592 4338 2881 4401 operantes
2921 4347 3162 4402 querere
3212 4346 3364 4404 pote-

1793 4438 1986 4477 rimus.

127 4528 224 4582 scd
256 4542 477 4582 causam
505 4536 713 4580 tantum
768 4528 964 4583 suﬂicit
1014 4529 1219 4608 doloris
1253 4511 1552 4600 exponere,
1598 4548 1694 4587 cur

1868 4511 2052 4568 XVIII.
2104 4512 2169 4568 Et
2217 4529 2286 4568 ne
2336 4521 2493 4584 longa
2537 4528 2600 4567 ac
2649 4513 2829 4568 minus
2881 4513 2998 4568 utili
3050 4517 3362 4573 narratione

126 4618 400 4672 morsibus
420 4619 552 4670 meis
578 4633 724 4671 meas
752 4618 867 4688 ipsa
888 4619 1094 4674 debiles
1125 4621 1452 4676 reddiderim
1479 4639 1690 4682 manus.

127 4709 238 4777 Ego
273 4711 549 4788 generosis
581 4720 697 4764 orta
734 4712 1048 4780 parentibus
1100 4723 1149 4766 et
1184 4715 1420 4782 potentis
1471 4718 1694 4786 adaeque

128 4802 229 4856 viri
259 4802 445 4855 sortita
507 4803 936 4867 matrimonium,
976 4803 1113 4858 duos
1171 4806 1386 4874 suscepi
1446 4809 1692 4877 geminos

128 4893 324 4947 liberos
357 4899 408 4945 et
461 4899 581 4961 post
626 4892 724 4947 hos
773 4907 940 4945 unum
994 4893 1181 4948 alium.
1221 4892 1324 4950 Sed
1386 4894 1557 4950 frater
1588 4898 1690 4952 viri

126 4983 231 5037 mei
265 4982 454 5035 illicito
489 4983 544 5036 in
593 4997 678 5036 me
707 4996 890 5036 amore
923 4983 1269 5039 vehementer
1300 4985 1523 5039 exarsit.
1557 4987 1689 5040 mihi

127 5082 304 5128 autem
339 5088 460 5126 cum
496 5089 659 5142 super
692 5074 873 5127 omnia
909 5088 1039 5127 cura
1095 5083 1242 5131 esset
1301 5077 1605 5146 pudicitiae,
1637 5088 1690 5143 et

127 5180 298 5233 neque
327 5173 476 5220 tanto
512 5164 703 5218 sceleri
756 5165 1102 5234 acquiescere
1135 5183 1310 5236 neque
1346 5167 1462 5222 viro
1494 5169 1686 5222 vellem

126 5253 385 5326 ﬂagitium
422 5254 607 5308 fratris
643 5256 876 5323 aperire,
939 5257 1171 5324 cogitavi
1208 5265 1478 5326 quatenus
1511 5268 1562 5314 et
1589 5273 1688 5327 ego

127 5346 402 5414 impolluta
436 5345 743 5408 evaderem,
778 5354 830 5398 et
863 5343 1087 5399 fratrem
1147 5346 1429 5400 inimicum
1487 5356 1539 5402 et
1593 5349 1687 5400 bo-

126 5443 261 5489 stem
295 5451 399 5489 non
426 5433 657 5488 facerem
693 5433 869 5496 fratri,
905 5449 971 5488 ne
1005 5449 1174 5503 genus
1207 5449 1367 5490 omne
1394 5435 1537 5504 quod
1571 5445 1687 5489 emt

128 5523 318 5577 nobilis
355 5525 568 5578 familiae
613 5523 667 5576 in
696 5524 1045 5592 approbrium
1093 5524 1298 5581 darem.
1327 5524 1505 5579 Patria
1555 5542 1687 5596 ergo

129 5624 182 5672 et
210 5616 336 5672 urbe
369 5633 490 5670 cum
527 5616 740 5670 duobus
764 5616 898 5669 meis
918 5616 1148 5686 geminis
1185 5615 1464 5672 discedere
1498 5619 1682 5678 statui,

130 5707 293 5761 donec
337 5709 575 5762 incestus
635 5721 788 5760 amor
837 5706 1272 5776 conquiesceret,
1336 5722 1496 5776 quem
1547 5708 1685 5761 forte

138 5799 421 5865 prtcsenlim
453 5814 581 5852 mea:
644 5797 885 5867 palparet
921 5805 971 5849 et
1009 5796 1362 5850 inflannnarct
1394 5806 1680 5865 aspectus;

1798 4613 1938 4668 utar,
1971 4605 2201 4659 libenter
2232 4603 2472 4660 babitavi
2504 4621 2624 4660 cum
2657 4620 2720 4659 ea
2765 4615 2986 4674 prapter
3013 4604 3262 4660 affectum
3301 4607 3362 4660 ll-

1794 4697 1878 4751 dci
1910 4711 2071 4765 quam
2098 4703 2408 4750 servaverat
2440 4695 2572 4750 viro.
2603 4694 2706 4749 Sed
2739 4712 2846 4750 non
2884 4697 3055 4749 multo
3083 4704 3206 4765 post
3226 4697 3359 4752 mihi

1794 4787 2020 4854 infelici,
2059 4789 2307 4845 lacerata:
2336 4788 2541 4843 dudum
2601 4789 2896 4853 morsibus,
2929 4789 3182 4844 resoluta:
3231 4798 3360 4845 sunt

1792 4895 2010 4946 manus,
2039 4888 2094 4935 et
2135 4879 2224 4933 illa
2250 4895 2369 4950 qua:
2421 4895 2507 4934 me
2562 4889 2900 4950 susceperat,
2936 4879 3168 4933 incurrit
3200 4893 3360 4949 para-

1791 4973 1930 5044 lysin
1957 4981 2009 5028 et
2037 4971 2182 5027 domi
2209 4972 2262 5024 in
2283 4973 2420 5026 lecto
2443 4972 2606 5040 jacet.
2627 4970 2842 5024 illarum
2866 4958 3046 5025 autem
3071 4970 3357 5025 mulierum

1789 5080 1909 5134 qua:
1968 5064 2121 5134 prius
2171 5065 2599 5125 miserabantur,
2654 5049 2873 5116 refrixit
2942 5060 3204 5124 allectus;
3256 5077 3358 5116 nos

1790 5154 1958 5209 amba:
1983 5154 2212 5216 debiles,
2258 5169 2355 5224 ego
2391 5162 2449 5206 ut
2499 5153 2647 5206 vides
2686 5153 2849 5220 sedeo
2896 5153 3088 5222 stipem
3134 5160 3353 5223 petens,

1787 5259 1840 5302 et
1879 5248 1922 5302 si
1952 5247 2080 5318 quid
2116 5248 2256 5300 forte
2287 5245 2552 5314 quaesiero
2605 5245 2661 5297 lit
2709 5261 2850 5298 unus
2898 5243 3130 5297 duarum
3177 5243 3349 5299 infeli-

1788 5341 1931 5392 cium
1965 5339 2142 5392 cibus.
2182 5336 2319 5390 Ecce
2355 5337 2466 5406 jam
2499 5351 2618 5407 quae
2662 5350 2778 5389 mea
2845 5342 2972 5388 sunt
3029 5334 3356 5390 sufﬁcienter

1789 5430 2008 5492 audisti,
2045 5437 2098 5481 tu
2132 5444 2273 5482 nunc
2291 5427 2418 5497 quid
2467 5429 2697 5484 moraris
2730 5427 2952 5494 implere
2985 5426 3127 5495 quod
3152 5427 3354 5495 promi-

1787 5535 1959 5581 seras,
1995 5527 2050 5572 et
2079 5519 2209 5572 dare
2266 5517 2718 5571 medicamentum
2762 5531 2871 5585 quo
2927 5517 3099 5586 possit
3147 5516 3354 5584 absque

1787 5613 2056 5671 cruciatu,
2092 5619 2149 5663 ut
2178 5610 2280 5671 ais,
2317 5617 2544 5677 utraque
2578 5617 2823 5661 nostrum
2857 5607 3187 5663 miserabilis
3227 5606 3352 5661 vita:

1787 5711 1985 5757 sortem
2019 5702 2213 5754 finire?

1858 5793 1993 5847 XIX.
2034 5791 2153 5846 "tth
2182 5792 2394 5846 dicente
2425 5793 2670 5856 muliere,
2709 5792 2874 5846 multa
2928 5789 3117 5846 Petrus
3145 5790 3350 5857 cogita-
