4078 6336
694 402 834 459 1363

1523 392 1581 451 S.
1623 391 2064 447 CLEMENTISVI
2100 389 2269 450 ROM.
2308 389 2509 448 PONT.
2549 388 2776 445 OPERA
2814 388 3041 445 DUBIA.

3820 384 3946 440 I3“

695 517 845 571 tione
866 513 1159 570 distracius
1194 512 1339 567 velut
1387 512 1652 565 attonitus
1708 511 1907 572 stabat,
1941 517 1994 564 et
2025 525 2124 578 ego
2150 507 2272 563 Cle-
2303 513 2347 567 Α
2445 506 2608 560 XXII.
2647 505 2712 558 Et
2743 514 2934 561 tenens
2980 518 3201 557 manum
3233 500 3352 572 ejus
3400 499 3600 556 Petrus
3641 499 3947 554 adducebat

695 623 852 664 mens
881 607 1297 677 superveniens,
1359 603 1598 671 Dudum,
1645 604 1889 672 inquam,
1948 618 2045 671 per
2087 603 2269 655 omnia

696 700 1016 754 discurrens
1048 697 1356 768 quarebam
1388 703 1463 758 te,
1521 704 1574 749 et
1626 709 1772 748 nunc
1819 693 1949 764 quid
2009 692 2273 746 facimus?

696 791 766 842 At
795 788 884 842 ille
911 787 1166 857 prtecepit
1197 784 1332 840 mihi
1359 792 1418 838 ut
1447 781 1513 836 ad
1541 783 1848 836 naviculam
1878 779 2263 850 praecederem,

698 877 774 930 ibi
819 893 929 942 me,
963 877 1159 946 inquit,
1193 876 1466 946 opperire,
1491 883 1543 930 et
1599 874 1727 943 quia
1762 872 2060 928 contradici
2085 873 2133 927 ei
2163 887 2271 926 non

696 975 930 1036 poterat,
983 967 1125 1038 quod
1176 967 1344 1036 jussit
1400 966 1637 1035 implevi.
1699 964 1817 1035 Ipse
1842 979 1992 1025 vero,
2025 971 2086 1016 ut
2140 963 2270 1016 mihi

700 1069 895 1114 cuncta
929 1059 1202 1128 posterius
1233 1059 1530 1122 enarravit,
1557 1055 1868 1126 suspicione
1889 1055 2121 1126 quadam
2154 1056 2274 1124 pul-

702 1163 853 1204 satus
882 1151 1194 1220 requirebat
1223 1165 1253 1203 a
1285 1150 1510 1204 muliere
1545 1163 1718 1218 genus
1748 1157 1802 1204 et
1853 1148 2084 1217 patriam
2111 1147 2274 1201 simul

700 1249 756 1296 et
788 1243 1009 1295 nomina
1039 1241 1295 1301 filiorum.
1331 1257 1451 1310 qua:
1493 1241 1539 1296 si
1605 1239 1761 1302 mihi,
1797 1238 1996 1308 inquit,
2047 1237 2272 1301 dixeris,

701 1334 844 1387 dabo
871 1334 1134 1389 continuo
1181 1331 1662 1388 medicamentum.
1710 1329 1780 1384 At
1813 1331 1904 1383 illa
1957 1330 2112 1399 quasi
2167 1329 2274 1383 vim

703 1426 1005 1488 sustinens,
1041 1423 1169 1493 quia
1222 1437 1399 1492 neque
1429 1421 1585 1477 fateri
1631 1421 1746 1494 haec
1775 1421 1992 1475 volebat
2030 1427 2083 1474 et
2106 1419 2273 1474 medi-

703 1517 936 1570 camenti
967 1515 1165 1585 cupida
1195 1521 1333 1580 erat,
1378 1513 1534 1568 ﬁnxit
1573 1514 1677 1568 alia
1708 1529 1774 1570 ex
1806 1513 1950 1576 aliis,
2003 1519 2055 1566 et
2089 1513 2162 1565 ait
2219 1527 2278 1566 se

703 1608 922 1677 quidem
954 1623 1075 1663 esse
1110 1606 1424 1678 Ephesiam.
1461 1609 1637 1662 virum
1675 1613 1852 1660 autem
1888 1603 2153 1670 Siculum,
2183 1605 2278 1659 sed

703 1706 757 1753 et
786 1699 1016 1751 filiorum
1043 1700 1261 1753 nomina
1294 1699 1546 1754 similiter
1569 1697 1892 1751 immutavit.
1916 1695 2051 1749 Tum
2083 1694 2276 1750 Petrus

704 1797 904 1858 putans
932 1805 1052 1844 eam
1098 1805 1284 1845 verum
1318 1785 1670 1860 respondisse
1720 1789 1832 1844 ait:
1866 1786 2019 1842 Heu!
2057 1787 2271 1850 mulier,

705 1880 984 1948 putabam,
1016 1881 1226 1950 inquit,-
1244 1881 1451 1950 grande
1478 1881 1696 1951 aliquod
1726 1878 1986 1950 gaudium
2015 1879 2276 1934 hodierna

707 1972 866 2026 nobis
896 1971 982 2024 die
1012 1973 1306 2037 oriturum,
1337 1975 1656 2044 suspicabar
1683 1973 1825 2028 enim
1850 1979 1903 2027 te
1930 1987 2052 2027 esse
2085 1987 2278 2042 quam-

707 2060 832 2115 dam
861 2063 1166 2128 mulierem,
1191 2063 1258 2119 de
1313 2081 1420 2134 qua
1464 2065 1664 2120 similia
1719 2063 1969 2134 quaedam
2009 2079 2185 2134 nuper
2210 2064 2276 2117 ad

712 2152 869 2206 fidem
903 2151 1091 2209 didici.
1135 2155 1203 2208 At
1244 2155 1332 2208 illa
1365 2156 1652 2225 adjurabat
1674 2170 1798 2209 eum
1835 2153 2023 2210 dicens
2052 2172 2066 2209 :
2127 2155 2278 2225 Rogo

711 2253 762 2297 te
785 2252 843 2296 ut
875 2243 1084 2299 indices
1113 2243 1244 2297 mihi
1271 2260 1390 2315 quae
1415 2247 1518 2300 ista
1549 2247 1640 2312 sit,
1668 2254 1726 2301 ut
1749 2247 1940 2312 sciam,
1982 2247 2027 2303 si
2055 2256 2139 2302 est
2171 2250 2276 2302 ulla

709 2335 851 2389 inter
885 2335 1142 2392 mulieres
1173 2351 1257 2390 me
1289 2336 1576 2392 infelicior.

781 2423 895 2478 ΧΧ.
940 2424 1075 2479 Tum
1119 2424 1314 2483 Petrus
1347 2428 1531 2482 fallere
1564 2429 1814 2484 nesciens
1843 2437 1896 2486 et
1928 2431 2277 2488 miseratione

709 2525 1015 2571 commotus
1045 2519 1211 2587 coepit
1236 2517 1417 2574 dicere
1443 2539 1457 2574 :
1486 2519 1583 2576 Est
1607 2521 1824 2590 quidam
1851 2523 2171 2580 adolescens
2195 2526 2277 2579 in-

712 2613 797 2661 ter
837 2622 931 2662 eos
978 2609 1070 2678 qui
1126 2624 1210 2663 me
1244 2621 1545 2679 sequuntur
1577 2611 1852 2682 religionis
1881 2623 1932 2668 et
1960 2622 2124 2670 secta:
2152 2632 2278 2687 gra-

708 2696 808 2762 tia,
841 2697 1116 2754 Romanus
1140 2700 1298 2764 civis,
1317 2702 1407 2771 qui
1442 2703 1570 2756 milii
1596 2705 1869 2757 enarravit
1895 2705 2039 2775 quod
2069 2715 2276 2777 patrem

709 2789 964 2846 habuerit
991 2799 1042 2846 et
1072 2791 1209 2846 duos
1238 2792 1483 2862 geminos
1516 2794 1736 2858 fratres,
1769 2812 1835 2852 ex
1865 2799 2067 2867 quibus
2086 2802 2270 2857 nullus

710 2880 762 2936 ei
795 2889 1066 2950 superest.
1093 2881 1284 2946 Mater,
1313 2882 1510 2952 inquit,
1529 2899 1647 2940 mea
1677 2886 1816 2940 sicut
1845 2901 1874 2938 a
1905 2894 2058 2956 patre
2088 2889 2275 2954 didici,

707 2973 981 3027 somnium
1013 2974 1182 3040 vidit,
1232 2981 1291 3028 ut
1350 2972 1593 3028 Romana
1626 2975 1756 3031 urbe
1781 2978 1850 3031 ad
1874 2974 2086 3049 tempus
2119 2995 2280 3035 exce-

708 3062 860 3118 deret
891 3079 1013 3116 cum
1047 3065 1260 3119 duobus
1290 3066 1520 3135 geminis
1565 3067 1742 3130 natis,
1795 3084 1862 3122 ne
1903 3067 2041 3125 forte
2071 3071 2275 3128 exitiali

2371 618 2489 657 eam
2535 603 2603 655 ad
2651 614 2861 653 navem.
2895 597 3065 662 Quem
3093 611 3193 665 ego
3223 595 3412 650 videns
3466 609 3691 648 manum
3731 593 3944 647 dantem

2372 693 2584 747 mulieri
2617 673 2798 744 ridere?
2829 689 2967 758 ρωβί
2996 730 3008 750 ,
3062 687 3326 742 accedens
3350 697 3531 741 tamen
3567 685 3800 739 honoris
3837 684 3945 751 eius

2373 783 2566 852 gratia,
2597 798 2695 851 pro
2729 781 2846 850 ipso
2879 780 3018 848 ccepi
3052 778 3188 833 velle
3217 777 3490 845 subjicere
3520 790 3744 828 manum
3777 788 3944 828 meam

2373 883 2428 930 et
2469 881 2780 928 sustentare
2828 871 3140 933 mulierem;
3177 869 3338 922 simul
3393 876 3571 922 autem
3625 876 3687 920 ut
3726 881 3948 919 manum

2372 967 2492 1035 ejus
2518 965 2755 1033 contigi.
2785 963 3001 1015 ululatu
3047 960 3251 1031 ingenti
3293 959 3507 1015 reddito
3554 960 3608 1012 in
3661 957 3949 1026 amplexas

2372 1075 2523 1114 meos
2550 1057 2739 1121 irruit,
2763 1063 2815 1111 et
2852 1054 3115 1108 maternis
3147 1067 3232 1106 me
3262 1053 3569 1107 consectari
3595 1051 3809 1105 osculis
3839 1064 3948 1103 cm-

2374 1151 2476 1219 pit.
2525 1149 2594 1202 At
2636 1164 2738 1219 ego
2781 1147 3043 1218 ignorans
3082 1160 3242 1199 omne
3281 1144 3556 1214 negotium
3589 1145 3751 1213 quasi
3806 1142 3952 1195 insa-

2374 1244 2612 1297 nientem
2646 1241 2927 1295 mulierem
2959 1238 3307 1308 repellebam,
3343 1235 3504 1291 simul
3533 1243 3608 1299 et,
3644 1250 3772 1288 eum
3803 1249 3956 1287 vere-

2375 1333 2575 1388 cundia
2619 1333 2780 1396 licet,
2833 1330 3156 1401 indignabar
3186 1335 3368 1382 tamen
3413 1325 3828 1396 quodammodo
3862 1325 3956 1377 ad-

2377 1439 2592 1479 versum
2621 1422 2862 1478 Petrum.

2447 1513 2634 1569 XXIII.
2677 1514 2746 1568 At
2779 1515 2908 1569 ille:
2942 1511 3138 1567 Desine
3160 1551 3174 1576 ,
3220 1510 3428 1581 inquit,
3463 1508 3594 1580 quid
3621 1509 3778 1578 agis,
3809 1521 3860 1562 ο·
3885 1505 3954 1558 fili

2378 1607 2670 1663 Clemens?
2700 1607 2812 1660 noli
2863 1606 3130 1675 repellere
3168 1611 3319 1657 tuam
3367 1609 3615 1656 matrem.
3663 1599 3780 1669 Ego
3829 1614 3956 1652 vero

2381 1703 2470 1756 ubi
2508 1701 2621 1754 Ilaec
2649 1698 2828 1752 audivi
2851 1736 2865 1756 .
2895 1698 3154 1752 continuo
3181 1695 3437 1766 lacrymis
3459 1693 3703 1748 suffusus
3736 1690 3956 1746 concidi

2381 1806 2545 1862 supra
2573 1791 2845 1859 jacentem
2896 1797 3122 1842 matrem
3157 1793 3212 1842 et
3260 1785 3496 1841 osculari
3527 1799 3646 1839 eam
3673 1784 3845 1852 coepi.
3875 1780 3950 1834 Si-

2380 1883 2491 1936 mul
2521 1881 2664 1936 enim
2699 1887 2757 1933 ut
2785 1878 2996 1943 audivi,
3044 1879 3304 1948 paulatim
3333 1878 3542 1931 vultum
3574 1876 3696 1945 ejus
3729 1889 3958 1928 revoca-

2381 1975 2504 2027 bam
2541 1974 2608 2028 ad
2664 1973 2980 2028 memoriam
3023 1981 3075 2026 et
3122 1972 3303 2025 notior
3345 1970 3479 2025 mihi
3523 1968 3760 2025 intuenti
3804 1976 3956 2021 tanto

2379 2065 2553 2134 magis
2599 2065 2781 2120 fiebat.
2832 2063 3123 2118 Multitudo
3171 2063 3389 2116 interim
3436 2058 3800 2115 conveniebat
3839 2059 3954 2127 plu-

2379 2157 2538 2219 rima,
2559 2156 2786 2212 audiens
2806 2156 2951 2226 quod
2982 2155 3176 2208 mulier
3200 2169 3322 2224 qua
3351 2153 3418 2208 ad
3446 2153 3640 2222 stipem
3664 2151 3951 2220 petendam

2379 2248 2602 2303 sedebat
2629 2286 2642 2310 .
2693 2247 2971 2318 recognita
3018 2254 3164 2301 esset
3200 2261 3229 2299 a
3263 2244 3374 2298 filio
3410 2260 3510 2300 suo
3543 2243 3682 2304 viro,
3715 2242 3951 2312 quodam

2379 2340 2542 2395 bono.
2586 2338 2651 2392 Et
2688 2355 2810 2393 cum
2845 2338 3072 2393 velimus
3103 2334 3393 2391 confestim
3441 2336 3735 2405 enavigare
3773 2349 3842 2388 ex
3879 2335 3958 2386 in-

2381 2434 2498 2487 sula
2521 2473 2534 2496 ,
2567 2441 2739 2486 mater
2761 2431 2833 2484 ait
2861 2431 2929 2484 ad
2964 2445 3048 2485 me
3076 2449 3088 2484 :
3125 2427 3226 2482 Fili
3251 2426 3589 2488 dulcissime,
3628 2432 3846 2480 rectum
3875 2437 3953 2479 est

2380 2532 2440 2577 ut
2464 2524 2760 2578 valedicam
2791 2521 3122 2576 tnulierculae
3147 2534 3267 2590 qua:
3292 2533 3378 2572 me
3411 2517 3673 2586 suscepit,
3696 2525 3784 2570 est
3813 2519 3950 2569 enim

2380 2631 2545 2686 egens
2573 2625 2627 2670 et
2657 2614 2972 2684 paralytica,
3003 2613 3193 2683 jacens
3222 2612 3275 2665 in
3309 2610 3528 2665 lectulo.
3562 2608 3775 2674 Quibus
3803 2607 3949 2659 audi-

2380 2710 2450 2766 tis
2483 2707 2676 2763 Petrus
2706 2716 2758 2762 et
2785 2721 2976 2761 omnes
3005 2706 3097 2775 qui
3130 2704 3385 2767 aderant,
3411 2701 3662 2758 admirati
3696 2709 3830 2755 sunt
3857 2699 3953 2752 bo-

2380 2799 2606 2853 nitatem
2634 2811 2698 2850 ac
2726 2796 3070 2868 prudentiam
3098 2793 3331 2856 feminae,
3366 2800 3420 2848 et
3469 2793 3734 2847 continuo
3783 2792 3952 2859 jussit

2380 2889 2575 2945 Petrus
2621 2889 2769 2943 abire
2819 2887 3083 2958 quosdam
3116 2895 3171 2940 et
3205 2884 3417 2940 deferre
3461 2884 3741 2938 mulierem
3793 2884 3848 2936 in
3880 2883 3951 2936 le-

2381 2981 2529 3036 ctulo
2558 2980 2647 3034 ubi
2674 2980 2914 3049 jacebat.
2953 2979 3200 3047 Cumque
3245 2976 3439 3030 fuisset
3470 2977 3630 3028 allata
3665 2983 3718 3029 et
3753 2975 3808 3028 in
3840 2990 3950 3026 me-

2381 3077 2471 3131 dio
2512 3076 2685 3128 turbae
2729 3072 2960 3128 astantis
2990 3073 3165 3141 posita
3191 3111 3204 3133 ,
3253 3071 3308 3124 in
3356 3077 3653 3138 conspectu
3701 3070 3947 3122 omnium

709 3152 931 3208 ίηιετίιυ
958 3155 1307 3225 deperire“;
1335 3173 1455 3227 ειυεε
1485 3172 1606 3211 Cum
1631 3159 1977 3216 discessisset
2007 3158 2349 3243 nusquanrc
2380 3167 2576 3222 Petrus
2609 3167 2684 3219 ait
2711 3184 2723 3218 :
2761 3163 2819 3218 Si
2847 3165 3094 3219 veritatis
3122 3177 3221 3232 ego
3247 3177 3366 3216 sum
3397 3175 3602 3231 praeco,
3636 3159 3704 3213 ad
3749 3162 3950 3214 contir-

708 3251 975 3299 terrarum
1027 3245 1170 3298 ultra
1219 3248 1545 3314 comparuit.
1594 3243 1752 3300 Pater
1793 3262 1921 3302 vero
1969 3263 2106 3304 suus
2157 3260 2278 3320 post

710 3334 830 3390 haec
855 3336 925 3390 ‘ad
965 3337 1370 3406 inquisitionem
1405 3339 1594 3392 uxoris
1629 3353 1691 3392 ac
1721 3338 1953 3394 filiorum
2002 3342 2283 3412 profectus

709 3441 813 3481 nec
847 3426 962 3497 ipse
994 3429 1288 3483 invenitur.

779 3539 919 3595 XXI.
962 3542 1086 3597 Haec
1117 3559 1241 3598 cum
1288 3543 1517 3601 dixisset
1548 3544 1774 3609 Petrus,
1827 3547 2022 3603 mulier
2057 3557 2278 3619 stupore

707 3648 970 3704 percussa
1019 3635 1247 3688 corruit.
1299 3633 1438 3688 Tum
1483 3634 1678 3690 Petrus
1721 3641 2000 3695 continere
2050 3655 2173 3694 eam
2223 3649 2278 3696 et

707 3723 983 3777 consolari
1012 3726 1176 3794 ctepit
1196 3765 1210 3788 ,
1247 3741 1309 3778 ac
1345 3727 1626 3797 requirere
1654 3730 1784 3799 quid
1807 3739 1950 3786 esset
1981 3747 2161 3789 causa:
2183 3739 2278 3786 aut

706 3813 841 3886 quid
882 3821 1180 3884 pateretur.
1219 3816 1287 3869 At
1332 3817 1424 3871 illa
1465 3819 1554 3873 vix
1587 3820 1880 3890 aliquando
1908 3824 2158 3892 spiritum
2189 3839 2278 3879 re-

705 3920 935 3968 vocans,
983 3920 1047 3960 ac
1087 3909 1435 3977 semetipsam
1485 3910 1552 3965 ad
1606 3912 1788 3981 gaudii
1831 3913 1976 3983 quod
2024 3917 2276 3985 sperabat

706 3997 1143 4066 magnitudinem
1166 4014 1424 4070 reparans
1453 4003 1727 4073 simulque
1753 4005 2012 4061 aﬂ‘ricans
2038 4009 2272 4074 vultum,

708 4087 832 4153 IIic,
865 4089 1042 4158 inquit
1075 4129 1090 4154 ,
1123 4100 1205 4146 est
1236 4107 1398 4162 quem
1429 4093 1566 4150 dicis
1603 4096 1959 4156 adolescens?
1980 4099 2048 4152 At
2078 4099 2275 4157 Petrus

705 4181 799 4233 ubi
827 4196 939 4234 rem
974 4181 1257 4246 intellexit,
1296 4181 1413 4246 Dic,
1448 4185 1645 4255 inquit,
1680 4188 1814 4242 mihi
1836 4194 1896 4243 tu
1927 4191 2108 4259 prior,
2143 4207 2268 4246 nam

703 4270 890 4324 videre
913 4285 1034 4324 eum
1067 4287 1174 4326 non
1195 4275 1420 4342 poteris.
1447 4273 1582 4328 Tum
1611 4277 1707 4332 illa
1734 4294 1746 4329 :
1773 4277 1905 4349 Ego,
1931 4279 2127 4351 inquit,
2149 4298 2273 4339 sum

707 4360 1071 4417 adolescentis
1099 4371 1295 4418 mater.
1321 4362 1387 4416 Et
1414 4363 1611 4422 Petrus
1636 4385 1648 4421 :
1676 4367 1832 4432 Quod
1860 4369 1908 4423 ei
1938 4384 2137 4426 nomen
2157 4371 2275 4426 est?

703 4455 774 4505 At
795 4451 884 4504 illa
908 4467 920 4503 :
947 4451 1225 4517 Clemens,
1256 4455 1352 4509 ait.
1384 4454 1580 4512 Petrus
1607 4477 1620 4510 :
1653 4457 1772 4527 Ipse
1795 4467 1899 4523 est,
1922 4471 1974 4516 et
1997 4463 2110 4531 ipse
2129 4471 2268 4526 erat,

2380 3257 2635 3312 mandam
2678 3254 2837 3310 fidem
2886 3255 3081 3308 borum
3114 3253 3356 3307 omnium
3402 3251 3494 3322 qui
3535 3250 3839 3313 assistunt,
3893 3258 3947 3301 ut

2382 3349 2557 3404 sciant
2585 3355 2639 3403 et
2667 3347 2893 3402 credant
2923 3347 3049 3416 quia
3079 3358 3222 3398 unus
3251 3352 3334 3398 est
3359 3341 3500 3396 Deus
3517 3342 3610 3411 qui
3641 3341 3847 3395 etelum
3877 3339 3948 3393 fe-

2379 3441 2454 3494 cit
2503 3453 2566 3493 ac
2607 3448 2807 3493 terram
2834 3479 2849 3505 ,
2897 3439 2953 3491 in
2989 3436 3206 3489 nomine
3227 3433 3354 3488 Jesu
3399 3433 3604 3488 Christi
3643 3431 3768 3485 Filii
3801 3432 3942 3500 ejus,

2379 3541 2565 3601 surgat
2591 3532 2706 3586 haec
2739 3530 2955 3584 mulier.
2988 3527 3048 3586 Et
3082 3527 3262 3583 statim
3296 3534 3355 3580 ut
3385 3525 3498 3580 haec
3521 3523 3790 3587 dixisset,
3829 3539 3946 3579 sur-

2377 3626 2516 3681 rexit
2546 3637 2678 3679 sana
2709 3629 2762 3677 et
2782 3619 3016 3692 procidit
3037 3620 3103 3673 ad
3135 3619 3300 3689 pedes
3317 3616 3485 3684 Petri,
3515 3624 3681 3686 atque
3709 3617 3942 3670 amicam

2377 3736 2532 3776 suam
2581 3734 2645 3773 ac
2679 3718 2997 3774 familiarem
3047 3715 3253 3771 osculis
3280 3721 3491 3784 petens.
3521 3711 3944 3784 percontabatur

2375 3811 2444 3864 ab
2483 3825 2546 3865 ea
2593 3808 2724 3879 quid
2775 3806 2920 3863 istud
2969 3813 3116 3887 esset
3165 3803 3389 3875 negotii.
3446 3802 3513 3856 At
3558 3804 3650 3855 illa
3707 3802 3942 3858 breviter

2375 3916 2589 3956 omnem
2617 3900 2668 3955 ei
2702 3898 2948 3954 ordinem
2978 3897 3271 3968 agnitionis
3293 3895 3563 3964 exposuit,
3590 3894 3668 3948 ita
3691 3902 3751 3949 ut
3779 3896 3938 3951 etiam

2374 3992 2546 4046 turba:
2576 3997 2819 4047 astantes
2847 3989 3199 4043 mirarentur.

2449 4076 2638 4135 XXIV.
2674 4077 2814 4133 Tum
2844 4075 3037 4133 Petrus
3064 4075 3196 4147 (42).
3219 4075 3286 4130 de
3317 4074 3420 4130 fide
3450 4073 3545 4129 Dei
3566 4090 3632 4130 ac
3658 4075 3939 4146 religiOuis

2374 4171 2824 4242 institutis,un
2847 4162 2914 4224 ad
2933 4185 2990 4224 se
3008 4169 3333 4239 pertinebat,
3349 4167 3403 4221 in
3425 4176 3694 4237 quantum
3725 4177 3937 4238 tempus

2372 4265 2681 4338 patiebatur
2711 4265 2928 4319 locutus
2951 4262 3018 4316 ad
3048 4263 3259 4326 turbas,
3285 4254 3434 4316 addit
3455 4261 3622 4324 etiam
3651 4261 3777 4324 hoc,
3810 4270 3871 4315 ut
3892 4263 3937 4316 si

2371 4358 2493 4426 quis
2521 4355 2682 4410 vellet
2723 4353 2790 4409 de
2818 4355 2902 4410 bis
2929 4354 3243 4424 diligentius
3272 4369 3498 4409 noscere
3520 4393 3534 4417 ,
3584 4349 3934 4408 Antiochiam

2370 4447 2604 4513 veniret,
2640 4447 2732 4501 ubi
2759 4446 2956 4509 tribus,
2989 4446 3194 4516 inquit,
3227 4445 3507 4500 mensibus
3531 4448 3826 4501 statuimus
3851 4460 3936 4499 re-

704 4539 797 4609 qui
825 4541 990 4609 paulo
1017 4549 1142 4596 ante
1169 4558 1381 4597 mecum
1415 4526 1740 4614 loquebatur
1767 4558 1821 4601 et
1851 4526 2180 4618 quem—iussi
2202 4552 2267 4605 ad
2301 4526 2345 4580 Ῐ)
2374 4538 2552 4594 sidere
2566 4545 2750 4608 etquae
2773 4528 2838 4591 ad
2864 4539 3094 4592 salutem
3121 4532 3394 4607 pertinent
3416 4537 3662 4591 edocere.
3688 4535 3745 4590 Si
3767 4536 3934 4595 enim.

704 4644 896 4684 navem
952 4630 1276 4698 praecedere.
1323 4631 1460 4687 Tum
1503 4637 1596 4688 illa
1640 4636 1930 4707 procidens
1990 4639 2058 4692 ad
2106 4639 2272 4708 pedes
2371 4627 2579 4697 inquit,
2610 4627 2920 4696 negotiandi
2951 4641 3115 4681 causa
3148 4633 3240 4680 aut
3271 4625 3539 4680 militandi
3588 4626 3825 4695 patriam
3861 4640 3940 4678 re-

701 4719 848 4778 Petri
898 4739 1090 4793 rogare
1139 4727 1338 4795 coepit,
1385 4734 1445 4780 ut
1501 4727 1783 4784 festinaret
1827 4729 1902 4793 ad
1941 4744 2155 4786 navem.
2206 4730 2272 4786 Et

2375 4721 2625 4790 linquunt
2655 4718 2904 4774 homines
2932 4734 2996 4774 ac
3016 4727 3293 4790 parentes,
3323 4727 3376 4773 et
3399 4719 3587 4788 longas
3612 4719 3936 4788 peregrinao

701 4813 896 4870 Petrus
924 4833 936 4869 2
967 4814 1025 4869 Si
1075 4816 1244 4880 milii,
1295 4816 1512 4888 inquit,
1564 4835 1751 4875 servas
1807 4820 1964 4876 fidem
2011 4829 2067 4875 ut
2103 4821 2271 4878 facias
2367 4812 2546 4867 ῑῖοηθε
2591 4811 2777 4867 sumre
2803 4827 2912 4867 n0n
2940 4808 3349 4881 metuunt.'pro
3378 4810 3490 4877 Vita
3517 4817 3726 4864 πιθηιε
3758 4810 3936 4862 "ile

701 4907 847 4978 quod
883 4907 1026 4962 dico.
1070 4907 1140 4960 At
1172 4908 1303 4961 illa:
1332 4907 1526 4964 Omnia
1550 4949 1564 4976 ,
1609 4911 1823 4982 inquit,
1853 4911 2024 4981 facio;
2056 4922 2268 4970 tantum
2369 4907 2560 4961 saltem
2589 4904 2872 4975 mensibus
2901 4901 3267 4974 peregrinari,
3299 4915 3399 4956 cur
3421 4913 3718 4954 onerosum
3751 4898 3932 4952 videao

703 4998 835 5051 mihi
865 4998 1092 5054 ostende
1127 4999 1350 5053 unicum
1379 5015 1556 5054 meum
1594 5011 1779 5056 natum
1806 5043 1820 5065 .
1850 5011 1980 5072 puto
2007 5005 2149 5060 enim
2179 5021 2266 5061 me

701 5103 800 5160 per
826 5090 1004 5160 ipsum
1028 5097 1080 5144 ct
1108 5073 1354 5161 geminos
1382 5106 1535 5146 meos
1564 5092 1768 5148 videre.
1799 5093 1862 5147 Et
1885 5092 2078 5149 Petrus
2099 5095 2262 5150 :Cum

696 5179 923 5247 videris,
954 5181 1151 5251 inquit,
1181 5196 1330 5244 eum,
1385 5181 1548 5236 modo
1577 5182 1794 5236 interim
1820 5182 2103 5237 dissimula
2131 5199 2266 5254 pau-

698 5272 894 5337 lulum,
925 5288 1212 5346 usquequo
1240 5273 1584 5344 egrediantur
1620 5274 1687 5328 ab
1714 5273 1913 5330 insula.
1947 5271 2048 5339 Ita,
2067 5275 2264 5346 inquit,

697 5360 914 5420 faciam.

2364 5007 2454 5052 tur
2480 5012 2545 5052 ac
2588 4995 2834 5052 difﬁcile?
2879 4990 3123 5066 Cumque
3172 4993 3288 5048 haec
3334 5003 3389 5048 et
3435 4993 3539 5047 alia
3587 4991 3676 5046 bis
3729 4990 3927 5045 similia

2366 5090 2622 5152 dixisset,
2664 5103 2766 5160 ego
2809 5088 3022 5143 mulieri
3069 5102 3189 5159 quae
3238 5091 3554 5155 susceperat
3597 5089 3831 5137 matrem
3879 5090 3930 5136 et

2341 5182 2657 5257 sanitatem
2707 5186 2985 5253 receperat
3013 5193 3112 5250 per
3153 5177 3373 5232 Petrum
3397 5216 3413 5240 ,
3460 5175 3605 5230 mille
3640 5173 3932 5228 drachmas

2365 5274 2559 5328 donavi
2587 5313 2620 5354 k
2641 5281 2698 5327 et
2749 5272 3112 5342 prasentibus
3157 5269 3372 5326 cunctis
3400 5265 3784 5322 commendavi
3817 5275 3930 5318 eam

2369 5365 2584 5419 cuidam
2611 5366 2733 5420 viro
2761 5365 2926 5430 bono,
2961 5362 3394 5435 primarioillius
3418 5359 3634 5431 Oppidi,
3665 5357 3761 5445 qui
3786 5364 3842 5413 et
3867 5354 3930 5409 lio

1969 5501 2335 5558 COTELEBII
2401 5501 2629 5558 NOTE.

767 5661 880 5732 (42)
923 5659 1069 5732 Tum,
1092 5659 1302 5714 Petrus.
1347 5658 1483 5732 Ante
1538 5657 1650 5713 haec
1694 5657 2012 5732 miraculum
2053 5665 2258 5732 sanata:
2360 5659 2588 5716 forsitan
2621 5657 2775 5732 fuit_a
2808 5655 3246 5732 pseudo-nimia.
3289 5653 3378 5708 Ait
3397 5654 3540 5732 enim
3573 5654 3670 5711 lib.
3699 5672 3720 5714 ι
3750 5675 3768 5714 :
3802 5655 3928 5712 Tum

697 5727 992 5789 Ilithth
1024 5731 1235 5785 videtur
1261 5730 1532 5784 excidisse
1570 5744 1599 5783 e
1628 5727 1909 5782 codicibus
1942 5746 1954 5782 :
1989 5730 2260 5799 quodna-

698 5804 797 5861 bos
825 5799 1132 5856 Clcmeulin.
1174 5815 1271 5861 xu,
1318 5800 1408 5862 ‘25,
1451 5802 1589 5870 Epit.
1639 5799 1726 5856 9I.
1771 5799 2020 5867 quodque
2065 5800 2258 5853 lectum

2362 5733 2690 5801 apprehensis
2720 5725 2906 5785 Pet—rus
2934 5727 3172 5798 manibus
3197 5726 3308 5796 ejus
3337 5725 3540 5782 sanavit
3567 5741 3679 5783 ια.
