4048 6342
157 386 190 439 Ι
206 385 329 442 365

1405 372 1971 434 RECOCNITIONUM
2011 373 2137 428 LIB.
2182 373 2290 429 ΠΙ.

3311 375 3335 430 1
3349 379 3451 436 366

150 499 375 556 Denter
405 515 463 556 se
492 498 761 555 facturum
804 501 952 572 quod
998 497 1404 568 imperabamus
1435 493 1746 566 spopondit.
1778 495 1828 554 Α
1855 490 2008 544 mira:
2050 488 2481 559 magnitudinis;
2527 489 2815 560 acquievi,
2857 497 3083 548 ventum
3126 499 3211 547 est
3257 494 3325 548 ad
3367 494 3452 549 lo-

156 590 296 645 Sed
342 599 394 647 et
422 593 544 648 aliis
575 592 902 664 quibusdam
941 591 1339 662 aliquantulum
1372 589 1617 660 pecunia:
1649 587 1763 641 dis-

166 684 402 747 tribui,
451 691 505 738 et
543 684 652 740 illis
711 682 1032 738 mulieribus
1075 698 1196 751 qua:
1239 681 1531 750 aliquando
1579 666 1764 734 solatae

153 775 510 830 dicebantur
555 776 610 829 in
661 775 901 830 miseriis
949 784 1177 829 matrem
1219 788 1425 837 meam,
1462 772 1662 842 quibus
1709 778 1764 825 et

157 871 390 940 gratias
417 869 598 925 retuli.
631 867 696 921 Et
719 875 841 938 post
870 867 981 923 haec
1014 882 1122 922 una
1152 882 1276 922 cum
1309 873 1482 920 matre
1504 864 1761 924 enaviga-

157 962 366 1018 vimus
387 959 742 1016 Antaradum.

258 1052 422 1108 XXV.
464 1052 710 1122 Cumque
749 1052 1090 1109 venissemus
1133 1051 1199 1106 ad
1226 1051 1546 1121 hospitium,
1589 1057 1764 1104 mater

156 1147 468 1214 requirere
501 1146 666 1215 cmpit
715 1161 745 1200 a
777 1161 896 1209 me,
950 1159 1190 1215 quonam
1238 1142 1546 1198 devenisset
1584 1149 1758 1211 pater.

158 1237 291 1292 Cui
338 1252 437 1308 ego
465 1256 478 1292 :
511 1237 592 1291 Ad
625 1245 708 1302 te,
759 1238 982 1306 inquam
1011 1275 1025 1301 ,
1063 1233 1446 1304 requirendam
1482 1233 1761 1303 profectus

160 1331 332 1384 ultra
358 1345 468 1384 non
493 1330 675 1385 rediit.
709 1328 776 1382 At
810 1328 901 1381 illa
932 1328 1164 1381 audiens
1194 1325 1492 1396 suspiravit
1521 1331 1758 1387 tantum,

160 1422 391 1494 grande
420 1423 564 1478 enim
594 1437 692 1492 pro
724 1437 811 1476 me
845 1419 1103 1490 gaudium
1137 1417 1344 1476 habens
1395 1415 1635 1486 reliquos
1672 1431 1762 1470 so—

159 1514 401 1568 labatur
450 1529 735 1570 maerores.
787 1511 882 1566 Die
912 1518 1091 1565 autem
1134 1517 1353 1581 postera
1405 1507 1601 1563 sedens
1652 1522 1761 1560 una

158 1621 311 1660 cum
330 1621 498 1662 uxore
511 1605 654 1661 Petri
672 1606 782 1677 (45)
801 1606 902 1659 iter
914 1603 1106 1674 agebat
1119 1602 1427 1664 nobiscum,
1444 1610 1495 1655 et
1511 1599 1762 1654 venimus

158 1697 448 1754 Balaneas
469 1699 601 1770 (-44),
628 1699 718 1753 ubi
745 1697 929 1751 triduo
961 1696 1242 1758 remorati,
1267 1693 1395 1749 inde
1424 1692 1760 1746 accessimus

158 1793 357 1848 Patho
383 1792 564 1864 (45iet
587 1798 710 1861 post
743 1791 846 1844 hoc
868 1787 1228 1862 Gabala(46),
1257 1794 1312 1843 et
1336 1786 1418 1842 sic
1444 1785 1760 1840 Laodiciam

1865 599 2029 650 cum,
2077 583 2263 638 caeteri
2293 598 2485 638 omnes
2516 583 2782 639 interiora
2820 584 2954 641 aedis
3005 585 3275 656 ingressi,
3312 589 3449 642 mihi

1866 674 2081 729 animus
2127 673 2316 729 nescio
2350 674 2420 729 ob
2449 689 2615 745 quam
2659 689 2883 730 causam
2932 675 3273 745 ingrediendi
3308 679 3449 735 ultra

1866 779 1977 819 non
2015 761 2135 817 fuit.

1935 854 2146 912 XXVII.
2187 853 2295 911 Sed
2332 856 2461 910 dum
2519 856 2644 913 illos
2682 856 2816 913 foris
2845 859 3122 927 opperior,
3162 859 3448 916 mulierem

1865 945 2006 1000 hanc
2035 946 2388 1002 considerare
2417 948 2557 1017 ωειρί
2591 962 2697 1017 qua
2728 958 2883 1018 parte
2909 950 3276 1004 membrorum
3302 959 3450 1008 esset

1864 1037 2094 1107 debilis,
2147 1046 2205 1092 ut
2238 1055 2346 1094 non
2379 1039 2565 1094 labore
2610 1054 2871 1094 manuum
2905 1040 3112 1094 victum
3145 1051 3446 1112 quaereret,

1865 1131 1961 1186 sed
1995 1130 2364 1186 mendicitatis
2397 1130 2659 1201 pudorem
2692 1132 2933 1201 subiret;
2963 1134 3184 1204 requiro
3218 1150 3349 1206 ergo
3380 1137 3451 1192 ab

1863 1238 1927 1278 ea
1957 1238 2174 1278 causas.
2224 1222 2319 1276 Illa
2367 1224 2537 1278 nobili
2583 1240 2643 1279 se
2680 1232 2854 1279 ortam
2898 1241 3127 1296 genere,
3174 1235 3226 1282 et
3273 1209 3442 1284 nobili

1865 1314 2223 1368 nihilominus
2257 1314 2374 1368 viro
2408 1315 2460 1368 in
2494 1315 2848 1369 matrimonio
2874 1314 3046 1372 fuisse
3075 1316 3328 1387 junctam
3361 1317 3448 1373 fa-

1867 1413 2031 1468 tetur,
2065 1405 2226 1474 cujus
2261 1405 2452 1470 frater,
2489 1407 2687 1476 inquit,
2727 1407 2781 1460 in
2813 1422 2899 1461 me
2929 1407 3123 1463 illicito
3146 1423 3331 1467 amore
3363 1411 3448 1465 in-

1862 1495 2174 1552 ﬂammatus
2200 1497 2501 1553 fraternum
2523 1505 2702 1553 torum
2731 1498 2975 1568 polluere
2992 1500 3268 1570 cupiebat.
3289 1502 3446 1569 Quod

1862 1606 1962 1662 ego
1987 1591 2291 1648 abhorrens
2309 1633 2323 1656 ,
2368 1600 2422 1648 et
2450 1609 2669 1660 rursum
2706 1592 2774 1648 de
2799 1600 2950 1649 tanto
2979 1595 3184 1651 scelere
3213 1596 3330 1653 viro
3363 1597 3448 1653 in-

1863 1682 2049 1741 dicare
2080 1702 2189 1741 non
2229 1688 2439 1742 audens
2460 1727 2475 1749 ,
2511 1703 2579 1742 ne
2634 1687 2835 1742 bellum
2868 1689 3130 1746 fratribus
3161 1698 3213 1746 et
3243 1707 3445 1762 Oppre-

1862 1776 2043 1832 brium
2075 1781 2259 1851 generi
2287 1780 2583 1836 indicerem
2602 1821 2616 1844 ,
2652 1781 2825 1851 magis
2855 1797 2920 1835 ex
2952 1784 3127 1852 patria
3157 1785 3444 1842 discedere

157 1883 667 1958 pervenimus,ubi
694 1890 822 1937 ante
851 1891 1041 1952 portas
1069 1857 1369 1936 occurrunt
1398 1879 1556 1934 nobis
1574 1878 1762 1933 Niceta
1792 1857 1836 1912 Β
1859 1869 2102 1940 iudicavi
2152 1888 2275 1926 cum
2323 1871 2542 1928 duobus
2587 1874 2820 1944 geminis
2852 1873 2979 1930 filiis
3010 1876 3178 1938 meis,
3226 1877 3445 1947 juniore

155 1987 233 2033 et
264 1977 456 2048 Aquila
491 1985 545 2031 et
574 1976 893 2031 osculantes
923 1991 1023 2031 nos
1045 1976 1325 2029 abducunt
1350 1972 1405 2027 in
1434 1971 1759 2042 hospitium.

153 2070 376 2128 Petrus
406 2079 586 2124 autem
623 2069 819 2125 videns
850 2069 1084 2139 amplam
1120 2066 1399 2121 civitatem
1433 2074 1486 2120 et
1515 2063 1760 2134 splendi-

157 2168 330 2230 dam,
365 2163 598 2234 Dignum
630 2169 735 2226 est,
772 2163 982 2231 inquit,
1010 2158 1275 2216 remorari
1308 2174 1410 2212 nos
1443 2159 1496 2211 in
1530 2157 1632 2211 hac
1657 2155 1766 2209 die-

156 2258 285 2314 bus
332 2256 520 2313 decem
567 2261 660 2308 aut
705 2254 871 2308 etiam
926 2253 1183 2323 amplius.
1233 2250 1373 2304 Tum
1417 2248 1605 2302 Niceta
1638 2261 1763 2301 cum

158 2348 377 2420 Aquila
412 2346 767 2416 requirebant
814 2360 844 2397 a
887 2359 1008 2408 me,
1058 2358 1182 2413 quae
1226 2349 1376 2398 esset
1424 2339 1622 2394 mulier
1651 2337 1765 2391 haec

159 2442 385 2513 ignota.
417 2439 484 2493 Et
522 2453 622 2509 ego
647 2436 904 2508 respondi
931 2454 942 2488 :
975 2435 1144 2489 Mater
1179 2449 1296 2489 mea
1326 2440 1410 2488 est
1438 2445 1601 2502 quam
1627 2428 1760 2482 mihi

161 2529 465 2585 redonavit
491 2527 630 2581 Deus
656 2541 752 2596 per
781 2525 1065 2579 dominum
1096 2539 1278 2580 meum
1306 2522 1549 2578 Petrum.

250 2620 440 2678 XXVI.
481 2620 606 2676 Haec
637 2635 761 2675 cum
792 2635 892 2690 ego
921 2617 1206 2682 dixissem,
1228 2623 1425 2671 cuncta
1456 2614 1536 2669 eis
1566 2611 1762 2668 Petrus

165 2732 280 2787 per
311 2715 560 2770 ordinem
597 2714 765 2783 etrapit
797 2725 1070 2781 exponere
1100 2718 1153 2764 et
1185 2709 1262 2762 ait
1298 2727 1309 2761 :
1349 2705 1485 2761 Cum
1517 2704 1762 2759 venisse-

167 2824 306 2864 mus
332 2806 572 2861 Aradum
605 2815 658 2861 et
681 2821 780 2876 ego
813 2820 908 2859 vos
939 2800 1246 2872 praecedere
1271 2797 1559 2868 jussissem
1582 2836 1596 2860 ,
1629 2811 1759 2865 pro-

171 2902 342 2956 fectis
381 2900 568 2964 vobis,
617 2897 806 2953 eadem
853 2896 941 2950 die
993 2894 1248 2949 Clemens
1299 2905 1422 2944 eum
1473 2882 1761 2944 incidisset

170 2993 453 3050 sermonis
487 2990 736 3052 occasio,
787 3001 958 3057 genus
1002 2998 1160 3038 suum
1212 2981 1344 3034 mihi
1392 2978 1646 3047 exposuit
1695 2991 1760 3031 ac

171 3088 466 3150 familiam,
494 3092 548 3140 et
570 3081 714 3153 quod
738 3078 1056 3150 parentibus
1083 3081 1229 3130 esset
1253 3072 1480 3128 orbatus
1510 3070 1760 3138 duosque

171 3180 462 3236 habuisset
487 3176 697 3246 priores
724 3189 783 3228 se
807 3172 1054 3241 geminos
1088 3166 1316 3230 fratres;
1351 3171 1405 3218 et
1430 3162 1573 3218 sicut
1598 3159 1754 3224 mibi,
1783 3200 1826 3256 C

168 3275 390 3345 inquit,
425 3277 580 3342 pater
623 3263 934 3330 enarravit,
967 3259 1243 3318 somnium
1278 3256 1412 3311 vidit
1460 3251 1757 3324 aliquando

170 3375 374 3430 mater,
412 3378 522 3434 quo
568 3362 725 3430 jussa
768 3363 851 3412 est
902 3369 1026 3409 cum
1070 3349 1301 3422 geminis
1347 3348 1464 3403 suis
1510 3362 1578 3402 ex
1622 3345 1757 3400 urbe

133 3460 352 3515 ~Roma
396 3454 672 3528 proficisci
699 3493 714 3517 ,
753 3466 822 3505 ne
870 3448 1054 3506 subito
1089 3451 1143 3501 et
1191 3443 1396 3513 pariter
1445 3438 1750 3494 interirent.

169 3552 423 3620 Cumque
453 3545 725 3603 somnium
760 3540 898 3614 patri
945 3538 1260 3598 indicasset,
1307 3533 1397 3589 ille
1428 3531 1522 3604 qui
1563 3538 1754 3586 tenero

170 3644 319 3699 filios
349 3641 599 3710 diligeret
630 3636 828 3691 affectu
855 3674 869 3698 ,
898 3649 966 3687 ne
994 3629 1122 3702 quid
1160 3628 1300 3683 forte
1328 3625 1452 3680 mali
1500 3632 1754 3696 pateren-

171 3744 288 3798 tur,
317 3747 546 3788 uxorem
579 3730 787 3800 pariter
815 3741 878 3780 ae
911 3724 1050 3780 filios
1077 3721 1202 3777 navi
1229 3734 1354 3774 eum
1379 3717 1636 3774 omnibus
1664 3729 1756 3770 ne-

171 3827 440 3883 cessariis
484 3821 808 3892 impositos,
857 3815 1058 3872 emittit
1106 3813 1347 3867 Athenas
1397 3806 1750 3864 erudiendos.

168 3920 309 3976 Post
343 3921 457 3974 haec
493 3915 642 3970 misit
672 3912 840 3968 semel
867 3917 920 3965 et
946 3910 1145 3964 iterum
1179 3905 1273 3976 qui
1305 3902 1670 3973 requirerent,
1699 3905 1754 3953 et

172 4025 450 4081 nusquam
503 4006 648 4060 illius
679 4019 751 4058 ne
781 4000 1073 4070 vestigium
1107 3995 1327 4066 quidem
1373 3990 1609 4062 reperit.
1634 3987 1752 4058 Ipse

172 4106 242 4161 ad
280 4103 528 4158 ultimum
573 4105 728 4168 pater
750 4093 817 4148 ad
858 4087 1246 4162 inquirendum
1282 4082 1669 4156 proficiscitur,
1700 4089 1754 4136 et

170 4210 351 4265 usque
394 4192 462 4246 ad
505 4203 749 4260 praesens
794 4192 894 4238 ne’c
941 4183 1058 4252 ipse
1105 4178 1325 4250 quidem
1365 4189 1596 4244 usquam
1644 4178 1751 4228 est.

173 4264 302 4342 llaec
324 4300 449 4340 cum
478 4279 613 4336 mihi
634 4280 888 4334 Clemens
917 4278 1254 4334 enarrasset,
1287 4267 1524 4323 accessit
1553 4264 1619 4319 ad
1651 4279 1753 4320 nos

171 4379 399 4450 quidam
434 4388 658 4445 rogans,
695 4377 754 4424 ut
781 4368 849 4422 ad
880 4366 1116 4422 insulam
1148 4360 1387 4417 Aradum
1419 4371 1541 4430 quae
1570 4356 1751 4411 vicina

169 4479 295 4527 erat
342 4466 754 4527 accederemus,
789 4457 1008 4515 videndi
1045 4456 1225 4528 gratia
1263 4453 1547 4510 columnas
1579 4450 1750 4503 viteas

1867 1975 2037 2030 puero
2068 1963 2132 2016 ad
2169 1963 2421 2019 solatium
2458 1964 2598 2033 patri
2631 1965 2846 2018 relicto.
2874 1958 2943 2019 Et
2976 1975 3033 2019 ut
3063 1967 3197 2032 hazc,
3243 1971 3444 2040 inquit,

1865 2053 2093 2108 honesta
2122 2054 2301 2124 specie
2331 2054 2538 2118 fierent,
2568 2055 2803 2125 cogitavi
2853 2057 3126 2112 somnium
3162 2059 3363 2133 lingere
3388 2074 3442 2118 et

1866 2143 2047 2198 dicere
2092 2147 2230 2210 viro,
2256 2145 2511 2201 .astitisse
2543 2146 2672 2200 milii
2705 2162 2904 2202 numen
2935 2150 3207 2219 quoddam
3241 2169 3336 2223 per
3359 2157 3443 2212 vi-

1866 2252 1987 2291 sum
2013 2245 2067 2293 et
2101 2238 2340 2302 dixisse,
2379 2249 2436 2292 ut
2467 2254 2590 2293 cum
2632 2238 2848 2296 duobus
2874 2243 3103 2311 geminis
3133 2246 3269 2301 meis
3307 2262 3440 2303 con-

1867 2327 2049 2383 festim
2084 2345 2150 2384 ex
2189 2328 2334 2386 Urbe
2369 2331 2769 2400 proﬁciscerer,
2796 2349 3082 2404 usquequo
3110 2336 3179 2392 ab
3203 2339 3320 2408 ipso
3344 2357 3442 2395 au-

1865 2418 2073 2483 direm,
2112 2421 2336 2490 quando
2393 2424 2570 2479 rcdirc
2621 2423 2898 2479 deberem.
2936 2425 3151 2490 Quibus
3209 2431 3435 2493 audibis.

1865 2509 2167 2566 credidisse
2192 2513 2370 2568 aiebat
2390 2515 2591 2576 virum.
2613 2525 2666 2572 et
2694 2516 2935 2571 Athenas
2969 2533 3026 2571 se
3053 2521 3284 2587 geminis
3315 2540 3437 2579 cum

1865 2601 2052 2660 liberis
2097 2603 2350 2659 emisisse
2396 2605 2532 2660 inibi
2582 2606 2932 2672 erudiendis,
2981 2610 3074 2664 sed
3122 2617 3443 2681 tempestate

1864 2693 2015 2762 gravi
2049 2693 2116 2748 ad
2158 2695 2300 2749 hanc
2347 2695 2582 2751 insulam
2618 2696 2786 2752 fuisse
2831 2697 3112 2768 depulsos,
3159 2703 3273 2768 ubi,
3308 2722 3438 2760 con-

1865 2783 2034 2839 fracta
2066 2786 2215 2851 navi',
2247 2803 2305 2842 se
2336 2786 2504 2842 fluctu
2536 2803 2823 2844 excussam
2856 2805 3020 2858 supra
3049 2807 3239 2846 saxum
3267 2795 3439 2863 quod-

1864 2876 2022 2940 dam,
2054 2877 2123 2931 ob
2151 2879 2256 2933 hoc
2288 2880 2468 2933 solum
2501 2887 2732 2935 mortem
2765 2880 3049 2936 distulisse
3069 2924 3081 2943 ,
3115 2884 3289 2941 donec
3309 2930 3324 2952 ,
3358 2888 3439 2941 in-

1865 2970 2020 3038 quit,
2056 2968 2359 3024 infelicium
2391 2979 2644 3024 natorum
2683 2987 2926 3028 meorum
2975 2976 3163 3030 saltem
3193 2985 3439 3034 cmortda

1865 3062 2108 3117 membra
2135 3064 2547 3134 complecterer,
2572 3079 2635 3118 ac
2662 3066 2955 3134 sepulturae
2976 3069 3310 3125 mandarem.
3334 3071 3440 3127 Sed

1864 3169 1988 3208 eum
2022 3153 2140 3210 dies
2190 3153 2385 3209 fuisset
2424 3163 2649 3210 exortus
2693 3164 2746 3209 et
2799 3157 2972 3212 turba:
3019 3161 3436 3228 convenissent,

1861 3247 2215 3303 miseratione
2234 3247 2365 3302 moti
2397 3247 2748 3316 projecerunt
2781 3250 2910 3302 mihi
2943 3252 3341 3308 indumentum.
3372 3256 3442 3309 At

1859 3355 1962 3410 ego
1990 3338 2181 3392 infelix
2216 3336 2435 3394 ﬂetibus
2465 3338 2654 3396 multis
2685 3340 2944 3408 rogabam
2981 3349 3037 3394 ut
3072 3344 3437 3412 requirerent,

1860 3431 2036 3487 sicubi
2087 3428 2389 3485 infelicium
2442 3439 2694 3485 natorum
2748 3432 2961 3500 possint
3021 3435 3266 3493 invenire
3313 3452 3438 3492 cor-

1859 3522 2108 3594 puscula.
2156 3520 2269 3592 Ego
2309 3527 2491 3576 autem
2533 3535 2692 3576 omne
2723 3536 2926 3591 corpus
2972 3538 3149 3578 meum
3179 3525 3438 3584 dentibus

1860 3615 2095 3676 lanians,
2128 3612 2439 3683 planctibus
2466 3618 2519 3665 et
2547 3611 2848 3666 ululatibus
2893 3614 3026 3666 nihil
3057 3614 3205 3669 aliud
3238 3618 3440 3670 clama-

1858 3705 1983 3759 bam
2017 3705 2125 3760 nisi
2152 3743 2168 3770 ,
2200 3701 2305 3757 Ubi
2335 3701 2464 3757 mihi
2497 3691 2704 3758 infelici
2744 3703 2980 3759 Faustus
3010 3715 3127 3770 est,
3165 3707 3254 3762 ubi
3299 3707 3439 3763 Fau-

1857 3798 2080 3853 sﬁnus?
2390 3791 2396 3794 ’

1929 3888 2166 3945 XXVIII.
2207 3889 2273 3953 Et
2316 3905 2440 3946 cum
2485 3889 2600 3945 haec
2649 3889 2855 3947 diceret
2913 3889 3130 3955 Petrus,
3166 3891 3355 3947 Niceta
3385 3902 3438 3948 et

1856 3983 2052 4053 Aquila
2102 3982 2286 4039 subito
2331 3990 2628 4054 assurgunt
2681 3992 2734 4036 et
2791 3981 3081 4052 stupefacti
3127 3985 3436 4053 perturbari

1856 4091 2144 4150 creperum
2191 4079 2437 4135 dicentes
2472 4096 2494 4142 _:
2543 4077 2861 4132 Dominator
2913 4074 3141 4131 Domine
3187 4085 3240 4132 et
3293 4077 3436 4134 Deus

1857 4171 2141 4233 omnium,
2175 4183 2375 4224 verane
2406 4168 2520 4221 hazc
2556 4174 2718 4232 sunt,
2747 4181 2814 4219 an
2847 4167 3120 4219 somnium
3166 4177 3250 4222 est
3289 4170 3434 4239 quod

1860 4263 2072 4335 agitur?
2101 4260 2238 4316 Tum
2276 4259 2503 4316 Petrus:
2538 4258 2653 4314 Nisi
2678 4299 2694 4326 ,
2725 4259 2936 4328 inquit,
2988 4273 3090 4311 nos
3120 4258 3298 4314 insani
3341 4276 3436 4315 su-

1857 4368 2011 4417 mus,
2058 4352 2172 4406 haec
2202 4364 2328 4404 vera
2361 4356 2507 4403 sunt.
2558 4349 2631 4400 At
2662 4347 2733 4399 illi
2772 4346 3051 4414 paululum
3093 4349 3349 4402 remorati
3381 4359 3434 4403 et

1857 4443 2226 4500 confricantes
2272 4442 2464 4498 faciem
2494 4481 2516 4506 ,
2541 4441 2694 4494 aiunt
2721 4455 2733 4490 :
2768 4437 2877 4493 Nos
2908 4454 3098 4493 sumus
3135 4438 3430 4495 Faustinus

1469 4601 1848 4662 COTELERII
1882 4598 2114 4655 NOTAE.

247 4759 368 4861 (45).
401 4786 534 4843 Cum
565 4795 726 4837 uxore
751 4778 917 4832 Petri.
953 4775 1208 4829 Testatur
1236 4771 1596 4861 Hieronymus
1617 4780 1751 4819 con.-
1783 4773 1826 4827 1)
1858 4758 2209 4836 notissimum
2241 4755 2498 4827 oppidum
2525 4762 2608 4808 est
2637 4772 2650 4806 :
2683 4751 2838 4820 cujus
2868 4749 3156 4819 episcopus
3189 4746 3433 4818 Euphra-

466 4859 473 4861 _
796 4849 827 4861 ..
1024 4846 1034 4861 .
1113 4844 1121 4854 -
1175 4844 1218 4861 2,-
1271 4840 1310 4861 τι
1369 4835 1412 4861 κ,
1463 4839 1503 4861 ε-
1535 4845 1581 4861 Α.
1612 4852 1716 4861 ..-Α
1859 4828 1971 4861 ΙῖΛη
2009 4826 2259 4861 Ιηιιι-ιιηιηι
2291 4843 2317 4861 σι
2357 4824 2394 4861 Ω
2450 4824 2741 4861 ΔιΙισιησιείη
2795 4823 3043 4861 Annlnm'n
3065 4823 3127 4861 do
3155 4821 3277 4861 {una
3313 4837 3408 4861 um

173 4835 673 4922 “dimisimus
701 4849 972 4922 scribens,
1018 4844 1126 4922 legi
1167 4844 1228 4922 in
1264 4835 1504 4922 Periodis
1531 4845 1585 4893 et
1612 4852 1751 4918 uxo-

171 4915 315 4991 rein
343 4928 487 4985 Petri
534 4933 588 4979 et
637 4923 819 4991 filiam.
856 4916 929 4969 Ea
960 4915 1128 4991 igitur
1155 4915 1486 4991 Circuituum
1514 4922 1662 4976 pars,
1696 4915 1750 4991 in

170 4985 287 5078 qua
311 5007 378 5058 de
406 4998 552 5078 Petri
584 4995 690 5048 filia
716 4987 1107 5078 ('Pet‘ronillam
1134 4988 1331 5078 vocant
1354 4985 1370 5049 )
1396 4994 1577 5078 sermo
1605 4985 1747 5078 erat,

172 5055 332 5131 nunc
349 5055 708 5126 desideratur.
726 5055 964 5116 Uxo‘rem
993 5063 1174 5131 alitem
1207 5055 1754 5131 memorautgrgeter:

169 5117 966 5202 ca'qule‘inen—s—Alexandrinus,
1001 5125 1202 5202 Strom.
1231 5138 1326 5202 vn,
1357 5137 1479 5190 pag.
1510 5117 1746 5202 πρὲιΙή

172 5189 512 5284 3αᾶβῖἑῖἁῦ
544 5189 691 5261 illius
721 5200 915 5284 refert;
917 5189 1094 5279 verbis
1123 5210 1250 5284 qua:l
1269 5189 1508 5284 clitanLtur
1542 5193 1610 5245 ab

171 5260 596 5346 §.éi.'i6‘,'iiiiior.
631 5292 709 5336 in,
737 5273 843 5346 159;,
873 5260 1158 5346 Origenes,
1269 5263 1465 5317 Matth.
1486 5277 1598 5322 xu,
1639 5260 1743 5346 2.77;

173 5334 531 5411 iiiiibiianius,
563 5334 756 5401 haeresi
783 5334 1164 5411 50._n_u'm._22;
1181 5334 1566 5411 ΔΙιζριέυῃίηηιιςι,
1585 5334 1742 5411 epist.

173 5354 213 5408 Ε
258 5357 270 5408 i
315 5351 531 5411 uanius,
563 5348 756 5401 haeresi
783 5348 873 5397 50.
908 5348 1613 5402 num.zz;meronymus,e
1656 5348 1742 5387 lSl.

169 5371 454 5494 Statque
485 5406 1190 5494 Hiuemarus,.Epistolafd
1213 5403 1506 5494 ‘Rodttlfttm
1533 5414 1583 5494 et:
1608 5348 1746 5455 βνο-

173 5472 554 5555 ἶα-ἶὶιῖίτῖέεει.
586 5488 639 5541 8.
668 5472 984 5555 Appellatur
1014 5472 1742 5555 iu_l}lartgrologiis_Pet-pe:

172 5544 1020 5618 tua-vin,Cbroriico'Simeonis
1071 5546 1470 5618 Metaphrastae,
1512 5544 1630 5597 loco
1677 5544 1744 5596 ad

171 5615 468 5688 Constitui
500 5645 579 5690 Ill,
604 5627 659 5689 6,
685 5626 870 5685 allato,
903 5620 1148 5684 Joanna;
1177 5615 1320 5686 quod
1350 5615 1515 5690 etiam
1548 5629 1743 5690 nomen

175 5681 736 5789 niatri’Pet'ritrib'uit
768 5681 1042 5764 indieulus
1075 5681 1288 5759 positus
1329 5687 1394 5738 ad
1425 5681 1651 5737 Conslit.
1683 5700 1741 5747 ιι,

174 5775 357 5915 δῦθι)
412 5843 652 5897 Venimus
693 5837 976 5891 Balaueas.
1027 5831 1272 5886 Baiauca:
1321 5835 1412 5883 aut
1463 5828 1742 5893 lialanwx,

1859 4828 1972 4882 tiori
2009 4826 2259 4880 laudatur
2279 4821 2330 4881 ’θ’
2357 4824 2416 4882 S.
2443 4824 2762 4883 Athanasio,
2793 4823 3043 4890 Apologia
3065 4823 3127 4873 de
3151 4821 3278 4890 fuga
3313 4837 3431 4890 sua,

1861 4898 2023 4968 paulo
2053 4905 2176 4965 post
2198 4897 2435 4956 initium,
2461 4904 2521 4968 et_
2541 4893 2780 4968 Epistola
2810 4891 2878 4944 ad
2899 4889 3275 4968 Sd!itari_qs_.p.
3303 4889 3431 4968 87I‘2,

1858 4960 2171 5037 quanquam
2197 4976 2474 5034 postremo
2509 4965 2563 5018 in
2589 4960 2722 5016 loco
2759 4977 3038 5030 perperam
3066 4960 3375 5024 ediderunt,
3405 4961 3435 5012 ὁ

1860 5042 1916 5093 ὲν
1948 5037 2244 5093 Καλαναῖς,
2275 5036 2416 5093 Lege
2448 5037 2475 5088 ὁ
2501 5037 2554 5088 ἐν
2581 5033 2891 5093 Βαλανέαις.

1998 5049 2244 5094 αλαναῐς,
2275 5049 2416 5094 Lege
2448 5049 2475 5088 0
2501 5049 2554 5088 εν
2584 5049 2891 5094 βαλανεαις.

1889 5058 1916 5093 ν
1948 5049 2244 5100 Καλαναῐς,
2275 5049 2416 5104 Lege
2448 5049 2475 5088 ο
2501 5049 2554 5088 εν
2584 5049 2891 5094 βαλανεαις.

1931 5107 2042 5175 (45)
2087 5105 2218 5159 Inde
2257 5106 2575 5175 accessimus
2620 5103 2785 5155 ΡηιΙιο
2827 5100 3050 5175 [Palth
3086 5099 3434 5175 Cot.]._Pal_ti

1859 5169 2078 5249 quoque
2099 5176 2414 5258 episcopum
2451 5174 2685 5228 celebrat
2725 5169 2954 5239 magnus
2982 5169 3236 5225 Ecclesiae
3267 5169 3437 5238 Magi-

1861 5258 1971 5294 ςιιρι·
2005 5248 2136 5294 locis
2167 5246 2366 5294 citam-
2410 5259 2618 5294 necnon
2671 5241 2906 5294 Ev'stola
2940 5242 3009 5294 ad
3038 5240 3433 5294 Antiochensos.

1861 5240 1971 5304 stcr
1991 5240 2146 5301 'locis'
2167 5240 2366 5308 citatis,
2410 5259 2618 5299 necnon
2671 5241 2906 5305 Ep‘stola
2940 5242 3009 5294 ad
3038 5240 3433 5294 Antiochensos.

1862 5319 1966 5373 Sed
1997 5317 2139 5386 apud
2185 5315 2606 5386 Theodoritum,
2637 5312 2839 5366 Hister.
2881 5310 3075 5386 Iib._u_,
3100 5325 3220 5380 cap.
3257 5310 3343 5370 12,
3380 5311 3432 5362 in

1860 5381 2048 5443 verbis
2090 5386 2397 5447 Athanasii,
2444 5385 2815 5454 etepiscopus
2855 5390 2908 5434 et
2953 5381 3144 5435 civitas
3176 5395 3282 5435 nou
3333 5395 3436 5433 suo

1860 5459 2082 5515 nomine
2105 5458 2475 5526 appellantur.

1931 5527 2043 5600 (t6)
2075 5518 2298 5600 Gabata.
2322 5525 2483 5600 Illuc,
2506 5533 2559 5578 et
2586 5520 3012 5600 perﬁsuperiora.
3039 5519 3186 5600 nullo
3217 5518 3436 5600 nego‘t'i‘o

1931 5538 2043 5600 (M5)
2075 5538 2298 5580 Uabata.
2329 5538 2483 5588 mne,
2506 5538 2682 5647 et(per
2710 5538 3012 5590 superiora.
3039 5538 3186 5572 nullo
3217 5538 3435 5588 negouo

1861 5598 2164 5666 corrigetur
2211 5595 2521 5666 Sophonius
2594 5591 2835 5666 _o_Pet_ro
2866 5600 2918 5645 et
2949 5590 3302 5666 Pauloltom.
3343 5586 3435 5666 VII

1862 5657 2203 5722 naualem
2234 5657 2451 5720 Patrum
2486 5663 2832 5730 Parisieusis,
2859 5671 2913 5717 et
2946 5660 3085 5731 apud
3116 5659 3337 5715 Surium
3365 5657 3435 5716 ad

1861 5739 1931 5794 29
1951 5737 2119 5805 Junii,
2150 5753 2298 5793 num.
2333 5735 2386 5790 5.
