4078 6336
623 357 762 411 1567

1437 354 1497 411 S.
1535 353 1922 410 CLEMENTIS
1951 353 1972 407 ι
2008 351 2176 409 30M.
2217 351 2421 408 ΡΟΝΤ.
2447 351 2674 408 οΡειιΑ
2711 353 2944 413 υυΒΙΑ.

3744 353 3883 408 1568

621 480 675 525 οι
703 467 957 525 Faustus.
989 468 1094 523 Sed
1123 474 1176 524 et
1208 468 1275 523 ab
1309 468 1466 523 initio
1510 484 1635 523 cum
1685 483 1909 522 narrare
1935 467 2188 536 caepisti,
2223 488 2266 540 Α
2297 478 2549 537 poterunt
2593 478 2647 523 et
2690 486 2797 524 una
2848 480 3025 526 tecum
3059 473 3223 526 etiam
3270 487 3371 529 nos
3410 471 3726 526 audiemus.
3779 468 3882 526 Ubi

623 563 806 615 statim
841 564 892 614 in
939 561 1305 630 suspicionem
1336 560 1652 621 incidimus,
1684 576 1753 614 ne
1799 559 1938 614 forte
1983 560 2048 612 ad
2094 574 2196 614 nos

622 656 956 722 pertinerent
1006 667 1126 722 qua:
1172 652 1524 715 dicebantur;
1571 668 1766 706 rursus
1800 658 1981 704 tamen
2015 651 2197 704 consi-

621 744 873 798 derantes
903 743 1070 795 multa
1119 743 1316 797 similia
1362 742 1614 795 accidere
1661 743 1713 796 in
1743 743 1852 794 vita
1886 742 2192 803 hominum,

619 835 962 895 reticuimus.
982 835 1108 888 licet
1135 848 1232 886 cor
1252 840 1501 887 nostrum
1531 848 1626 903 spe
1649 833 1835 902 aliqua
1860 833 2192 902 pulsaretur.

619 926 1034 996 Aspiciebamus
1065 940 1194 996 ergo
1227 924 1291 978 ad
1323 924 1481 979 linem
1517 925 1810 986 sermonis,
1833 931 1915 989 ut,
1936 925 1981 979 si
2014 924 2081 978 ad
2111 925 2196 978 in-

619 1026 832 1088 tegrum
869 1017 934 1070 de
959 1016 1118 1070 nobis
1149 1032 1271 1071 esse
1294 1023 1598 1080 constaret,
1629 1024 1746 1070 tum
1775 1015 2092 1071 fateremur.
2129 1015 2194 1069 Et

619 1126 742 1163 cum
773 1110 887 1162 hare
918 1108 1221 1176 dixissent,
1252 1109 1618 1178 lacrymantes
1653 1108 2096 1179 ingrediebantur
2125 1109 2192 1162 ad

619 1209 867 1255 matrem.
924 1199 1096 1264 Quam
1150 1216 1274 1254 cum
1332 1201 1663 1274 reperissent
1711 1201 2085 1270 quiescentem
2139 1207 2194 1254 et

616 1293 907 1362 complecti
939 1293 1158 1355 vellent,
1213 1291 1490 1362 prohibuit
1523 1290 1722 1347 Petrus
1751 1293 1942 1346 dicens
1970 1309 1982 1342 :
2020 1291 2195 1347 Sinite

616 1401 702 1439 me
735 1386 886 1454 prius
915 1399 1223 1454 praeparare
1251 1384 1466 1439 animos
1490 1385 1684 1438 matris
1701 1394 1754 1438 et
1787 1385 1859 1438 ita
1880 1400 1978 1440 vos
1999 1385 2195 1441 oﬁerre

616 1475 689 1539 ei,
720 1492 790 1530 ne
828 1475 966 1529 forte
997 1476 1171 1528 multo
1200 1483 1253 1530 et
1284 1475 1468 1530 subito
1498 1474 1698 1546 gaudio
1748 1484 1930 1531 mente
1973 1477 2194 1552 excidat

615 1576 670 1620 et
699 1583 893 1622 sensus
922 1566 1041 1636 ejus
1080 1569 1330 1622 turbetur
1352 1609 1369 1633 ,
1401 1569 1636 1623 maxime
1676 1568 1804 1640 quia
1850 1584 1997 1623 nunc
2029 1569 2191 1624 etiam

617 1673 810 1712 somno
841 1666 1104 1728 occupata
1129 1665 1330 1728 stupet.

684 1747 877 1805 XXIX.
935 1749 1104 1820 igitur
1164 1750 1257 1804 ubi
1300 1758 1476 1804 mater
1521 1751 1829 1804 exsurrexit
1885 1765 1915 1805 e
1972 1765 2188 1815 somno,

2299 562 2412 615 haec
2455 561 2648 616 Petrus
2697 562 2864 624 dixit,
2918 570 3093 617 mater
3129 563 3302 620 nimio
3340 565 3540 634 gaudio
3577 564 3882 631 intercepta

2298 653 2533 712 corruit.
2564 662 2616 706 et
2656 655 2876 708 tandem
2911 654 3208 722 aliquando
3242 665 3489 725 reparata
3517 666 3683 724 atque
3715 655 3771 708 in
3797 670 3885 709 se-

2297 744 2582 812 metipsam
2632 759 2879 811 regressa
2901 784 2915 807 ,
2967 745 3043 797 ait
3079 762 3091 798 :
3127 740 3369 799 Obsecro
3425 761 3546 808 vos,
3571 743 3884 798 dulcissimi

2297 835 2422 897 ﬁlii.
2464 835 2633 889 dicite
2668 835 2796 888 mihi
2820 875 2833 897 ,
2869 851 2989 904 quae
3036 836 3335 891 acciderint
3367 838 3523 892 vobis
3576 843 3699 905 post
3732 836 3885 888 illam

2297 926 2518 982 feralem
2547 935 2600 980 et
2629 926 3063 981 crudelissimam
3095 936 3334 981 noctem.

2362 1014 2577 1070 XXXII.
2620 1014 2756 1068 Tum
2784 1015 2971 1069 Nieeta
2998 1017 3163 1084 ccepit
3205 1017 3390 1070 dicere
3418 1036 3430 1072 :
3465 1017 3524 1070 In
3553 1017 3648 1069 illa
3690 1023 3881 1077 nocte,

2295 1124 2330 1163 o
2354 1115 2548 1174 mater,
2581 1124 2706 1162 cum
2736 1109 2892 1162 navis
2927 1107 3119 1163 fuisset
3151 1110 3392 1164 resoluta
3421 1119 3475 1162 et
3505 1125 3606 1164 nos
3633 1108 3888 1162 inniten-

2296 1211 2376 1256 tes
2401 1188 2705 1272 t'ragmento
2736 1200 2952 1254 cuidam
2986 1201 3297 1254 tabularum
3329 1216 3426 1268 per
3457 1200 3887 1270 pelagusjacta-

2294 1308 2481 1346 remur
2502 1333 2516 1357 ,
2550 1292 2651 1346 viri
2687 1291 2908 1361 quidam
2933 1293 3135 1362 quibus
3168 1309 3263 1362 per
3296 1291 3626 1361 profundum
3653 1290 3886 1344 latroci-

2296 1381 2413 1435 nari
2477 1381 2766 1436 artiliciuin
2825 1389 2945 1445 est,
3008 1390 3257 1452 repertos
3321 1382 3706 1451 imposuerunt
3783 1395 3886 1434 nos

2296 1473 2561 1527 navicula:
2591 1490 2725 1538 suae,
2758 1484 2812 1528 et
2842 1475 3009 1529 remis
3037 1473 3307 1527 undarum
3340 1474 3580 1529 vortices
3613 1487 3886 1542 superan-

2293 1573 2407 1627 tes,
2463 1566 2694 1620 diversis
2742 1566 3032 1620 itineribus
3075 1564 3384 1620 Caesaream
3438 1563 3718 1619 Stratonis
3761 1579 3888 1633 per-

2294 1651 2607 1717 duxerunt,
2643 1653 2828 1723 ibique
2860 1653 3159 1724 allligentes
3189 1670 3289 1708 nos
3341 1654 3502 1718 fame,
3533 1654 3887 1718 verberibus,

2297 1751 2445 1799 metu
2469 1785 2484 1808 ,
2523 1745 2600 1798 uti
2645 1759 2712 1798 ne
2741 1746 2885 1814 quod
2927 1754 3073 1800 esset
3107 1748 3161 1799 in
3203 1761 3330 1800 vero
3361 1745 3750 1814 proderemus,
3784 1746 3888 1798 im-

616 1843 819 1912 alloqui
875 1858 992 1896 eam
1038 1841 1232 1897 Petrus
1262 1843 1427 1912 coepit
1477 1842 1707 1898 dicens:
1745 1842 1899 1898 Scire
1945 1851 1997 1897 te
2045 1844 2190 1908 νοιο,
2225 1834 2266 1889 Β
2297 1835 2521 1890 mittatis
2553 1836 2716 1888 etiam
2762 1837 3079 1892 nominibus
3124 1837 3330 1891 nostris
3382 1836 3754 1891 vendiderunt
3787 1852 3889 1892 nos

616 1933 830 1999 mulier,
877 1933 1157 2005 religionis
1187 1941 1388 1988 nostra:
1418 1935 1849 1990 observantiam.
1878 1935 1990 1990 Nos
2025 1952 2194 1990 unum

617 2025 850 2081 colimus
883 2025 1050 2081 Deum
1081 2028 1176 2096 qui
1227 2025 1357 2080 fecit
1403 2025 1697 2091 mundum,
1744 2027 1910 2097 hujus
1940 2035 1993 2082 et
2021 2028 2195 2097 legem

615 2135 934 2182 servamus,
966 2135 1075 2189 qua
1111 2118 1330 2173 mandat
1361 2119 1414 2172 in
1461 2120 1652 2189 primis
1699 2121 1876 2190 ipsum
1909 2120 2196 2175 colendum

615 2219 669 2264 et
702 2226 900 2265 nomen
931 2212 1052 2280 ejus
1085 2210 1479 2274 venerandum,
1535 2218 1791 2280 parentes
1822 2210 2195 2275 honorandos,

615 2294 938 2372 pudicitiam
980 2303 1358 2372 justitiamque
1404 2301 1751 2356 servandam.
1805 2300 1911 2356 Sed
1961 2309 2015 2356 et
2061 2299 2198 2354 illud

615 2395 997 2462 observamus,
1026 2409 1270 2448 mensam
1303 2409 1426 2447 cum
1477 2394 1773 2463 gentilibus
1817 2409 1929 2448 non
1994 2392 2198 2447 habere

616 2502 1000 2549 communem,
1034 2486 1141 2540 nisi
1173 2501 1299 2539 cum
1347 2487 1683 2544 crediderint
1725 2494 1778 2540 et
1809 2493 2027 2555 recepta
2057 2485 2198 2541 veri-

615 2587 726 2633 tate
756 2578 1016 2648 baptizati
1046 2577 1283 2646 fuerint,
1314 2593 1377 2632 ac
1411 2579 1556 2632 trina
1581 2577 1821 2649 quadam
1847 2577 1992 2634 beati
2023 2577 2200 2630 nomi-

616 2671 706 2725 nis
739 2670 1086 2725 invocatione
1115 2655 1457 2734 consecrati,
1505 2652 1572 2725 et,
1589 2680 1717 2725 tunc
1747 2685 1869 2724 cum
1904 2670 1984 2725 eis
2015 2669 2199 2723 cibum

619 2765 911 2819 sumimus.
953 2763 1210 2834 Alioquin
1241 2764 1407 2820 etiam
1449 2766 1493 2819 si
1538 2773 1693 2834 pater
1721 2771 1816 2817 aut
1844 2770 2020 2818 mater
2065 2762 2198 2826 sint,

621 2862 716 2926 aut
747 2871 885 2909 uxor
933 2863 1026 2908 aut
1073 2855 1172 2909 ﬁlii
1205 2863 1298 2909 aut
1340 2854 1566 2917 fratres,
1597 2869 1708 2907 non
1742 2867 2036 2922 possumus
2075 2866 2198 2906 cum

620 2946 702 3001 eis
739 2962 980 3001 mensam
1014 2946 1214 3000 habere
1244 2960 1608 2999 communem.
1644 2943 1784 3010 Quia
1813 2959 1944 3012 ergo
1975 2940 2197 3011 religio-

620 3039 709 3093 nis
737 3054 904 3094 causa
939 3040 1213 3108 praecipua
1248 3038 1351 3090 hoc
1397 3036 1655 3099 facimus,
1691 3051 1797 3090 non
1841 3035 1939 3088 tibi
1969 3033 2199 3102 injurio-

621 3145 745 3186 sum
774 3130 1046 3193 videatur,
1077 3129 1226 3200 quod
1255 3144 1365 3182 non
1397 3135 1576 3198 potest
1607 3125 1754 3181 ﬁlius
1800 3133 1931 3181 tuus
1978 3140 2088 3178 una
2116 3129 2198 3179 ιθ.

623 3237 749 3276 cum
799 3237 1015 3276 sumere
1045 3221 1264 3286 cibum,
1305 3233 1590 3290 usquequo
1619 3217 1811 3273 eadem
1844 3217 1943 3271 tibi
1974 3215 2046 3272 sit
2079 3229 2199 3285 qua:

624 3313 704 3366 illi
730 3313 999 3367 sententia
1031 3311 1176 3365 ﬁdei.

698 3400 861 3456 XXX.
903 3401 1115 3468 Quibus
1142 3401 1233 3455 illa
1262 3402 1498 3467 auditis,
1529 3400 1597 3453 Et
1628 3399 1783 3470 quid,
1815 3399 2025 3468 inquit,
2054 3406 2201 3454 vetat

625 3492 789 3547 hodie
826 3508 912 3548 me
943 3494 1391 3564 baptizari?qu:2
1419 3491 1584 3547 etiam
1623 3491 1943 3560 priusquam
1975 3498 2028 3543 te
2052 3490 2202 3545 vide-

628 3601 776 3652 rem,
807 3586 930 3640 illos
955 3601 1096 3656 quos
1123 3585 1312 3640 dicunt
1343 3585 1476 3640 deos
1519 3587 1740 3655 penitus
1770 3591 2023 3638 aversata
2056 3599 2200 3646 sum,

628 3677 776 3746 quod
805 3676 939 3730 mihi
982 3677 1292 3746 frequenter
1329 3685 1382 3729 et
1429 3691 1566 3744 pene
1597 3674 1844 3745 quotidie
1874 3674 2202 3728 sacriﬁcanti

630 3772 736 3826 sibi
783 3778 1044 3840 praestare
1095 3775 1393 3838 potuerunt
1438 3768 1595 3822 nihil.
1643 3766 1779 3822 Nam
1825 3767 1891 3823 de
1935 3767 2203 3838 pudicitia

629 3862 760 3932 quid
783 3861 997 3916 dicam?
1022 3875 1146 3914 cum
1177 3875 1263 3914 me
1284 3874 1458 3928 neque
1486 3868 1616 3914 tunc
1639 3860 1846 3915 deliciae
1864 3859 2200 3928 deceperint,

631 3972 806 4025 neque
834 3970 979 4008 nunc
1010 3963 1227 4025 egestas
1271 3969 1498 4023 peccare
1530 3955 1878 4024 compulerit.
1914 3952 2064 4010 Satis
2107 3969 2204 4006 au-

632 4057 742 4102 tem
767 4055 900 4118 puto
933 4047 1240 4101 innotuisse
1271 4046 1392 4110 tibi,
1423 4055 1660 4116 quantus
1690 4047 1822 4099 mihi
1849 4046 2047 4100 exinde
2089 4043 2208 4098 fue-

631 4140 702 4193 rit
732 4154 883 4191 amor
910 4137 1203 4207 pudicitiae,
1237 4153 1357 4207 qua:
1394 4145 1447 4191 ut
1480 4138 1766 4192 evaderem
1795 4139 1971 4191 illiciti
2001 4139 2206 4192 amoris

635 4231 864 4286 insidias
894 4231 1166 4284 somnium
1199 4231 1351 4292 ﬁnxi,
1388 4240 1444 4283 ut
1475 4245 1599 4285 cum
1624 4230 1842 4286 duobus
1869 4229 2006 4285 meis
2035 4231 2207 4300 genii-

635 4324 721 4377 nis
751 4322 1155 4393 peregrinarer,
1181 4329 1234 4376 et
1262 4322 1410 4376 hunc
1461 4323 1635 4376 solum
1669 4321 1841 4376 ﬁlium
1873 4338 2052 4376 meum
2081 4321 2206 4378 Cte-

635 4424 872 4470 mentem
923 4414 994 4469 ad
1041 4415 1296 4470 solatium
1331 4415 1471 4485 patri
1507 4415 1722 4484 reliqui.
1773 4412 1829 4468 Si
1883 4414 2028 4469 enim
2071 4415 2204 4468 mihi

2298 1925 2513 1980 cuidam
2562 1927 2770 1991 vidum,
2811 1928 3054 1983 honesta:
3093 1929 3383 1984 admodum
3431 1928 3669 1992 feminae,
3715 1928 3891 1984 Jusue

2297 2020 2548 2086 nomine;
2581 2036 2701 2090 quae
2746 2035 2869 2074 cum
2911 2023 3172 2085 emisset,
3214 2023 3404 2077 habuit
3437 2023 3556 2077 loco
3606 2022 3887 2083 ﬁliorum,

2299 2110 2374 2163 ita
2408 2119 2464 2164 ut
2492 2111 2654 2164 etiam
2687 2109 2893 2165 Graecis
2923 2127 3024 2165 nos
3054 2113 3252 2167 litteris
3275 2121 3327 2167 et
3359 2114 3683 2168 liberalibus
3713 2123 3893 2167 atten-

2301 2201 2507 2258 tissime
2536 2202 2800 2257 erudiret.
2829 2202 2933 2258 Ubi
2959 2219 3088 2258 vero
3118 2205 3480 2268 adolevimus,
3506 2206 3676 2260 etiam
3710 2205 3893 2275 philo-

2301 2295 2594 2363 SOpltOl'tlm
2644 2295 2843 2350 studiis
2875 2311 3096 2365 operam
3129 2297 3381 2351 dedimus
3403 2340 3417 2363 ,
3450 2313 3560 2367 quo
3595 2312 3893 2367 possemus

2301 2388 2578 2459 religionis
2608 2388 2808 2443 divinae
2833 2389 3090 2458 dogmata
3130 2389 3526 2460 pliilosopbicis
3554 2389 3894 2458 disputatio-

2299 2479 2463 2532 nibus
2495 2488 2808 2534 asserentes
2831 2479 3117 2534 confutare
3144 2481 3392 2552 gentiles.

2371 2568 2606 2625 XXXIII.
2648 2569 2859 2625 Simoni
2903 2581 3083 2624 autem
3120 2571 3338 2625 cuidam
3374 2585 3532 2641 mago
3575 2570 3670 2638 qui
3698 2569 3894 2624 nobis-

2299 2680 2424 2719 cum
2454 2678 2562 2718 una
2585 2663 2850 2718 educatus
2871 2670 2985 2725 est,
3020 2677 3123 2732 pro
3152 2662 3412 2716 amicitiis
3436 2670 3488 2715 et
3522 2661 3721 2730 puerili
3753 2676 3894 2715 con-

2301 2756 2592 2811 suetudine
2639 2753 3014 2818 adlimsimus,
3064 2755 3138 2807 ita
3187 2762 3246 2807 ut
3297 2769 3436 2824 pene
3484 2754 3552 2806 ab
3598 2769 3666 2808 eo
3708 2753 3891 2822 decipi

2301 2857 2607 2912 possemus.
2630 2841 2825 2897 Fertur
2846 2841 2992 2897 enim
3026 2841 3081 2895 in
3106 2842 3372 2912 religione
3394 2851 3583 2896 nostra
3611 2857 3800 2896 sei-{no
3824 2843 3891 2897 de

2302 2934 2566 3005 prOpheta
2594 2935 2830 3004 quodam
2858 2975 2876 2999 ,
2901 2934 3060 3004 cujus
3095 2933 3164 2988 ab
3187 2933 3445 2988 omnibus
3483 2934 3578 3004 qui
3634 2934 3889 3004 religioni

2303 3028 2428 3081 huic
2456 3027 2772 3081 deserviunt
2803 3032 3117 3096 Speraretur
3147 3025 3435 3088 adventus,
3465 3041 3563 3094 per
3589 3041 3756 3096 quem
3787 3027 3892 3078 im-

2303 3121 2550 3176 mortalis
2589 3128 2642 3176 et
2677 3121 2831 3175 beata
2862 3121 2973 3173 vita
3008 3118 3362 3174 credentibus
3392 3119 3572 3172 danda
3619 3118 3893 3187 promitti-

2303 3218 2414 3264 tur:
2447 3209 2603 3264 llunc
2633 3224 2763 3279 ergo
2793 3224 2895 3263 nos
2924 3209 3248 3279 putabamus
3276 3223 3400 3264 esse
3442 3205 3745 3263 Simonem.
3781 3207 3890 3263 Sed

2305 3305 2418 3357 haec
2443 3302 2561 3367 tibi,
2589 3309 2784 3366 mater,
2819 3301 3184 3371 opportunius
3209 3308 3571 3371 exponentur.
3607 3299 3720 3356 Nos
3746 3303 3891 3358 inte-

2304 3397 2406 3448 rim
2440 3409 2564 3449 cum
2594 3410 2732 3463 pene
2754 3393 2866 3462 jam
2898 3394 3275 3463 deciperemur
3303 3408 3333 3446 a
3374 3392 3628 3458 Simone,
3661 3394 3888 3464 quidam

2303 3488 2510 3557 collega
2541 3485 2750 3540 domini
2773 3487 2879 3540 mei
2907 3485 3377 3551 Petri,Zaccha:us
3401 3487 3646 3551 nomine,
3677 3487 3891 3539 monuit

2306 3596 2374 3635 ne
2404 3579 2719 3633 falieremur
2751 3593 2781 3630 a
2812 3593 2972 3649 mago
2997 3618 3013 3643 ,
3047 3577 3142 3633 sed
3192 3577 3392 3631 obtulit
3442 3593 3544 3632 nos
3575 3578 3891 3633 advenienti

2306 3671 2471 3726 Petro
2497 3680 2555 3724 ut
2583 3672 2653 3724 ab
2684 3671 2803 3741 ipso
2838 3685 2957 3739 qua:
2991 3678 3148 3724 erant
3182 3685 3314 3724 sana
3344 3677 3398 3724 et
3433 3670 3678 3739 perfecta
3725 3669 3892 3723 doce-

2305 3778 2526 3829 remur;
2551 3762 2696 3831 quod
2730 3768 2784 3815 et
2814 3761 2912 3814 tibi
2934 3768 3189 3830 optamus
3213 3760 3453 3823 evenire,
3481 3761 3624 3814 sicut
3650 3768 3704 3814 et
3732 3759 3892 3814 nobis

2306 3861 2580 3913 concessit
2601 3857 2839 3921 Deus,ut
2867 3857 3141 3927 possimus
3162 3859 3326 3913 etiam
3355 3857 3538 3911 cibum
3565 3867 3615 3912 et
3643 3872 3890 3911 mensam

2308 3953 2509 4008 habere
2559 3966 2926 4005 communem.
2978 3949 3117 4004 Hinc
3148 3961 3280 4020 ergo
3325 3949 3458 4011 fuit,
3513 3959 3711 4017 mater,
3745 3950 3892 4021 quod

2308 4061 2409 4101 nos
2443 4059 2474 4097 a
2503 4043 2695 4113 piratis
2725 4052 2931 4113 raptos,
2955 4050 3011 4097 tu
3044 4043 3099 4097 in
3130 4043 3270 4096 mari
3300 4041 3592 4098 defunctos
3621 4059 3752 4098 esse
3780 4059 3894 4100 crc-

2306 4139 2518 4194 didisti.
3219 4127 3221 4129 1

2377 4230 2616 4286 XXXIV.
2660 4233 2796 4286 Cum
2827 4231 2943 4284 haec
2973 4228 3207 4284 dixisset
3230 4227 3417 4282 Niceta
3442 4267 3456 4289 ,
3500 4235 3675 4280 mater
3701 4237 3891 4282 nostra

2309 4324 2542 4395 procidit
2570 4324 2635 4378 ad
2670 4321 2834 4393 pedes
2868 4321 3051 4398 Petri,
3085 4336 3285 4391 rogans
3309 4327 3362 4374 et
3395 4320 3722 4383 obsecrans,
3755 4330 3816 4374 ut
3843 4329 3894 4374 et

2311 4418 2545 4487 seipsam
2594 4423 2647 4469 et
2688 4415 2958 4484 hospitam
3003 4429 3156 4468 suam
3195 4422 3447 4467 evocaret
3490 4413 3608 4465 sine
3641 4427 3796 4466 mora
3833 4428 3893 4465 ac

635 4510 745 4561 duo
794 4507 884 4560 vix
928 4506 1301 4571 sulliciebant,
1349 4517 1557 4577 quanto
1610 4506 1783 4576 magis
1826 4508 2208 4561 contristasset
2239 4510 2282 4565 D
2311 4509 2634 4578 baptizaret,
2664 4507 2742 4560 uti
2772 4523 2840 4559 ne
2871 4520 2979 4560 una
3009 4547 3022 4572 ,
3050 4505 3266 4574 inquit,
3301 4504 3387 4559 die
3418 4505 3677 4558 damnum
3715 4506 3892 4573 patiar

634 4610 881 4670 patrem,
922 4599 967 4653 si
1013 4600 1222 4653 nullum
1265 4600 1484 4669 penitus
1515 4599 1834 4654 habuisset?
1884 4597 2013 4652 Erat
2057 4599 2202 4652 enim

634 4690 803 4745 miser
834 4695 1025 4759 grandi
1057 4689 1254 4743 aﬂ’ectu
1285 4705 1412 4757 erga
1439 4691 1599 4751 lilios,
1635 4690 1712 4741 ita
1736 4697 1796 4742 ut
1820 4690 1904 4742 vix
1932 4689 1980 4741 ei
2008 4689 2206 4744 somnii

637 4783 935 4838 auctoritas
961 4792 1330 4852 extorqueret,
1362 4780 1680 4835 Faustinum
1715 4790 1770 4836 et
1799 4780 2059 4836 Faustum
2084 4780 2207 4836 Cle-

637 4877 836 4930 mentis
864 4876 1028 4944 hujus
1056 4875 1256 4930 fratres
1303 4875 1433 4929 mihi
1468 4875 1802 4939 concedere,
1852 4882 1906 4928 et
1939 4873 2057 4946 ipse
2087 4873 2208 4929 solo

639 4976 926 5022 contentus
955 4977 1102 5023 esset
1135 4968 1434 5023 Clemente.

708 5058 900 5115 XXXI.
942 5058 1067 5114 Haec
1097 5060 1188 5115 illa
1237 5074 1360 5114 cum
1387 5061 1627 5127 diceret,
1661 5061 1804 5116 ultra
1837 5074 1947 5114 non
1974 5057 2210 5114 ferentes

640 5151 838 5205 fratres
868 5151 972 5204 mei
997 5152 1216 5206 irruunt
1241 5152 1297 5206 in
1316 5153 1636 5223 complexus
1662 5155 1853 5209 matris
1869 5169 1993 5208 cum
2022 5153 2210 5207 multis

641 5243 916 5313 lacrymis,
948 5251 1004 5296 et
1033 5245 1356 5298 osculantur
1379 5260 1518 5299 eam.
1543 5245 1611 5296 At
1639 5245 1762 5298 illa:
1786 5245 1929 5309 Quid
1963 5245 2102 5306 vult,
2135 5243 2212 5295 in-

641 5336 778 5404 quit,
811 5335 914 5388 hoc
944 5334 1255 5390 esse?Tum
1287 5335 1480 5392 Petrus
1506 5352 1519 5386 :
1551 5335 1966 5399 Noloturberis,
1993 5333 2209 5396 mulier,

641 5436 900 5482 constans
929 5436 1085 5496 esto;
1129 5428 1218 5483 isti
1264 5437 1390 5484 sunt
1441 5428 1738 5484 Faustinus
1762 5434 1816 5482 et
1846 5425 2083 5481 Faustus
2117 5424 2211 5478 lilii

641 5517 720 5571 tui
745 5534 884 5588 quos
908 5521 962 5573 in
996 5520 1265 5590 profundo
1298 5521 1505 5590 perisse
1529 5522 1790 5585 dicebas;
1815 5519 2092 5587 quomodo
2121 5533 2213 5572 au-

642 5619 751 5665 tem
789 5613 974 5666 vivant
1013 5621 1065 5666 et
1105 5613 1380 5683 quomodo
1424 5615 1478 5667 in
1525 5615 1614 5668 illa
1647 5612 1900 5667 horribili
1944 5620 2109 5666 nocte
2146 5611 2214 5666 de

641 5703 914 5772 profundo
937 5706 1232 5770 evaserint,
1252 5714 1304 5760 et
1324 5707 1779 5776 quemadmodum
1804 5707 1945 5760 alius
1970 5705 2212 5774 ipsorum

642 5791 826 5850 Hiceta
877 5806 929 5852 et
963 5797 1123 5878 alius.
1153 5796 1344 5866 Aquila
1391 5796 1622 5858 dicatur,
1661 5795 1761 5864 ipsi
1803 5795 1899 5849 tibi
1939 5807 2213 5861 exponere

2309 4599 2576 4655 consortii
2608 4605 2662 4652 et
2693 4597 2973 4652 societatis
3015 4606 3268 4649 natorum
3311 4611 3577 4663 meorum.
3627 4595 3892 4652 Similiter

2308 4703 2488 4746 autem
2515 4699 2570 4746 et
2601 4706 2702 4744 nos
2735 4689 2829 4743 ﬁlii
2857 4689 2977 4757 ejus
3007 4688 3336 4758 rogabamus
3371 4686 3613 4744 Petrum.
3651 4690 3721 4742 At
3753 4691 3845 4745 ille
3873 4710 3888 4745 :

2309 4784 2446 4850 Quid
2494 4783 2742 4852 putatis,
2788 4781 2997 4851 inquit,
3029 4780 3155 4851 quia
3199 4796 3299 4850 ego
3343 4780 3743 4837 immisericors
3769 4799 3886 4837 sum

2310 4877 2481 4944 solus,
2515 4884 2569 4931 et
2592 4875 2718 4929 nolo
2743 4889 2840 4929 vos
2871 4874 3064 4928 matris
3098 4871 3350 4928 convivio
3383 4873 3625 4928 sociari?
3655 4872 3763 4928 Sed
3792 4889 3886 4928 ne-

2310 4985 2462 5024 cesse
2492 4979 2574 5024 est
2602 4984 2721 5024 eam
2761 4967 2842 5021 vel
2877 4981 2983 5020 una
3014 4967 3100 5020 die
3138 4966 3390 5036 jejunare
3426 4966 3580 5035 prius
3615 4972 3666 5018 et
3693 4965 3770 5018 ita
3798 4966 3888 5020 bac

2312 5062 2527 5134 ptizari,
2563 5069 2615 5116 et
2647 5063 2750 5114 hoc
2779 5061 2905 5130 quia
2937 5075 3244 5114 sermonem
3277 5058 3344 5111 ab
3372 5072 3436 5113 ea
3468 5059 3761 5127 quemdam
3797 5075 3863 5113 au

2311 5154 2457 5219 divi,
2504 5169 2600 5222 per
2656 5166 2816 5221 quem
2870 5149 3002 5205 mihi
3063 5149 3196 5204 ﬁdes
3253 5146 3373 5220 ejus
3427 5148 3629 5202 claruit
3690 5158 3746 5203 et
3799 5150 3886 5220 qui

2313 5245 2572 5299 indicium
2600 5244 2749 5298 dedit
2782 5241 3123 5298 credulitatis
3152 5242 3290 5310 ejus,
3317 5243 3520 5313 alioqui
3559 5242 3753 5297 multis
3773 5257 3886 5297 eam

2313 5336 2505 5390 diebus
2528 5335 2816 5405 oportebat
2844 5344 2968 5388 ante
2999 5335 3194 5390 instrui
3226 5343 3280 5388 et
3309 5335 3513 5390 doceri.

2383 5424 2599 5480 XXXV.
2645 5425 2711 5480 Et
2760 5440 2890 5497 ego:
2930 5425 3128 5491 Quieso
3153 5435 3225 5486 te,
3268 5425 3512 5494 inquam,
3546 5426 3773 5480 domine
3815 5424 3888 5477 mi

2313 5518 2493 5582 Petre,
2534 5519 2622 5573 dic
2665 5515 2788 5588 quis
2839 5527 2922 5573 est
2961 5519 3064 5573 iste
3101 5533 3282 5573 sermo
3320 5533 3479 5587 quem
3510 5517 3652 5572 dicis
3674 5518 3888 5572 dedisse

2314 5612 2414 5665 tibi
2446 5610 2707 5665 indicium
2739 5609 2863 5666 lidei
2896 5610 3052 5680 ejus?
3089 5609 3154 5663 Et
3187 5608 3384 5665 Petrus
3419 5630 3430 5663 :
3465 5609 3558 5663 llle
3591 5625 3773 5664 sermo
3805 5619 3887 5664 est

2315 5719 2425 5772 quo
2465 5703 2697 5773 rogavit,
2729 5709 2787 5755 ut
2828 5709 2881 5755 et
2927 5701 3141 5772 hospita
3175 5717 3275 5755 sua
3299 5701 3459 5771 cujus
3492 5700 3780 5756 beneficiis
3809 5716 3889 5753 vta

2318 5808 2434 5848 cem
2461 5792 2684 5848 reddere
2710 5791 3004 5860 desiderat,
3038 5791 3200 5846 simul
3241 5792 3547 5863 baptizatur
3586 5806 3707 5846 cum
3744 5791 3882 5864 ipsa.
