4078 6336
208 382 345 440 ηω

1370 367 1936 429 RECOGNITIONUM
2001 366 2130 425 LIB.
2174 366 2289 461 VII.

3333 362 3471 421 1370

207 494 325 551 Non
355 502 535 549 autem
560 496 799 562 rogaret,
827 497 887 544 ut
912 490 991 543 illi
1024 503 1189 559 quam
1216 485 1392 559 diligit
1429 494 1784 557 prestaretur
1812 491 1859 549 Α
1878 484 1995 553 jam
2020 484 2307 538 moechatus
2339 492 2416 538 est
2444 499 2564 539 eam
2594 483 2648 537 in
2676 482 2832 538 corde
2862 498 2979 537 suo.
3009 480 3075 536 Et
3101 482 3189 538 bis
3221 482 3466 541 addidit:

209 589 323 642 hac
355 585 552 656 gratia,
578 584 685 639 nisi
717 582 1043 637 credidisset
1077 579 1223 649 quod
1272 592 1530 648 magnum
1566 577 1785 647 aliquod

209 680 263 733 in
298 678 627 746 baptismate
657 688 863 749 munus
907 680 1086 727 esset.
1114 669 1268 725 Unde
1304 678 1365 749 et.
1389 683 1491 739 ego
1516 668 1560 700 '°
1592 683 1783 738 repre~

206 769 390 824 bendo
438 769 705 838 plurimos
746 766 841 836 qui
888 780 1011 819 cum
1060 763 1164 833 ipsi
1204 762 1553 831 baptizentur
1581 768 1635 815 et
1666 776 1784 815 cne-

206 861 361 923 dant,
396 860 534 914 nihil
566 869 744 914 tamen
777 857 1005 927 dignum
1033 856 1137 909 [ide
1178 862 1345 925 agunt
1377 869 1501 907 cum
1534 853 1619 908 his
1648 868 1786 922 quos

204 950 463 1020 diligunt,
500 951 552 1004 id
584 956 667 1004 est
700 950 967 1003 Uxoribus
1007 948 1093 1002 vel
1124 946 1253 1001 iiliis
1283 946 1365 1000 vel
1398 945 1612 1009 amicis,
1647 960 1785 1014 quos

203 1058 316 1095 non
362 1041 430 1095 ad
470 1042 573 1095 hoc
616 1041 907 1107 hortantur
941 1038 1088 1109 quod
1131 1038 1235 1108 ipsi
1282 1036 1520 1092 assecuti
1556 1044 1706 1096 sunt,
1740 1038 1785 1090 si

202 1134 426 1201 quidem
459 1148 586 1186 vere
624 1132 959 1186 crediderint
986 1130 1132 1201 quod
1168 1140 1373 1184 aeterna
1410 1130 1519 1183 vita
1560 1145 1655 1200 per
1684 1129 1786 1182 hoc

202 1224 460 1279 donatur.
495 1224 737 1293 Denique
763 1223 808 1277 si
839 1238 934 1279 eos
970 1230 1237 1291 aegrotare
1258 1221 1481 1275 videant
1518 1232 1611 1275 aut
1645 1221 1788 1291 peri-

203 1317 333 1368 cqu
368 1315 531 1369 alicui
578 1316 873 1370 carnaliter
916 1314 1221 1382 subjacere,
1259 1313 1446 1368 dolent
1496 1322 1550 1367 et
1580 1313 1785 1383 lugent,

204 1409 335 1478 quia
376 1408 432 1461 in
475 1408 579 1463 hoc
623 1407 759 1461 certi
786 1414 915 1461 sunt
940 1406 1019 1460 eis
1044 1406 1330 1459 imminere
1359 1406 1678 1475 perniciem.
1709 1404 1787 1461 Ita

201 1515 357 1569 ergo,
391 1500 437 1555 si
460 1509 513 1555 et
541 1500 608 1553 de
632 1500 739 1552 hoc
769 1498 902 1553 certi
931 1504 1117 1552 essent
1152 1497 1297 1566 quod
1332 1498 1425 1566 qui
1466 1497 1636 1551 Deum
1678 1512 1787 1551 non

201 1595 418 1656 colunt,
452 1600 635 1647 manet
658 1607 764 1647 eos
790 1606 950 1661 paena
982 1590 1126 1661 ignis
1156 1592 1372 1653 interni,
1412 1590 1633 1660 quando
1661 1606 1781 1645 ces-

200 1693 396 1739 sarent
440 1693 726 1740 monentes
778 1692 832 1738 et
874 1683 1266 1737 cohortantes?
1310 1683 1418 1734 Aut
1473 1682 1518 1737 si
1552 1682 1787 1736 obsiste-

198 1784 348 1840 rent,
382 1775 659 1847 quomodo
717 1791 825 1830 non
874 1774 1125 1844 lugerent
1180 1787 1275 1828 eos
1335 1782 1389 1828 et
1443 1775 1785 1843 plangerent,

1890 575 1948 630 Si
1978 576 2161 631 oculus
2214 585 2333 629 tuus
2385 574 2570 629 dexter
2615 574 2952 629 scandalizat
2987 586 3053 640 te,
3087 593 3210 631 erue
3252 593 3371 632 eum
3419 590 3471 633 et

1888 668 2058 737 abjice
2088 667 2183 721 abs
2212 678 2295 733 te;
2320 667 2529 737 expedit
2552 669 2692 722 enim
2721 667 2814 722 tibi
2836 679 2891 721 ut
2915 684 3078 721 unum
3117 668 3469 724 membrorum

1890 766 2099 813 tuorum
2128 768 2327 828 pereat,
2354 776 2513 830 quam
2544 769 2712 813 totum
2743 775 2932 828 corpus
2957 769 3105 813 tuum
3133 762 3381 815 mittatur
3416 761 3473 817 in

1886 850 2176 921 gehennam
2218 852 2355 921 ignis
2380 852 2446 906 ".
2496 850 2618 905 Non
2669 850 2804 906 dixit
2838 870 2851 907 :
2885 852 3277 908 scandalizavit
3306 863 3379 919 te,
3412 864 3475 910 ut

1889 949 2244 1011 posteaquam
2260 945 2573 1011 peccaveris
2591 952 2721 997 tunc
2736 944 2964 1017 abjicias
2984 960 3207 1000 causam
3230 948 3463 1017 peccati,

1888 1033 1983 1087 sed
2009 1052 2024 1087 :
2062 1034 2110 1087 si
2137 1034 2472 1089 scandalizat
2503 1045 2569 1099 te,
2591 1036 2694 1090 hoc
2717 1044 2820 1099 est,
2841 1045 2897 1090 ut
2927 1046 3219 1107 antequam
3251 1040 3469 1107 pecces,

1888 1139 2110 1179 causam
2138 1127 2348 1197 peccati
2378 1129 2726 1197 provocantis
2752 1137 2802 1181 te
2824 1136 2879 1182 et
2900 1130 3167 1183 irritantis
3192 1128 3467 1186 abscidas.

1888 1216 1966 1271 Ne
1978 1219 2102 1287 quis
2125 1226 2305 1272 autem
2320 1226 2561 1273 vestrum
2589 1227 2758 1288 putet,
2778 1218 2997 1285 fratres,
3023 1223 3169 1291 quod
3198 1224 3472 1279 membro-

1890 1326 2009 1364 rum
2027 1310 2452 1380 amputationem
2469 1311 3011 1383 mandaveritpomin
3021 1330 3082 1368 us
3099 1332 3111 1368 :
3128 1314 3470 1385 propositum

1892 1416 1947 1456 tn
1972 1401 2076 1456 hoc
2102 1403 2217 1456 vult
2247 1403 2508 1468 resecari,
2544 1418 2655 1457 non
2678 1405 2922 1459 membra
2950 1413 3001 1460 et
3033 1420 3231 1462 causas
3254 1422 3377 1476 qua:
3403 1408 3472 1463 ad

1892 1494 2230 1563 peccandum
2264 1495 2517 1559 illiciunt,
2545 1511 2654 1564 quo
2690 1497 2948 1566 cogitatio
2987 1506 3173 1553 nostra
3214 1502 3471 1561 aspectus

1888 1584 2147 1637 vehiculo
2178 1584 2460 1648 subvecta,
2496 1586 2560 1639 ad
2588 1598 2831 1641 amorem
2864 1586 2958 1641 Dei
2998 1590 3257 1645 sensibus
3284 1605 3475 1662 corpo-

1890 1676 2002 1730 reis
2040 1676 2217 1730 invisa
2259 1676 2574 1739 contendat,
2603 1694 2702 1731 nec
2733 1678 3052 1733 carnalibus
3085 1682 3283 1745 oculis,
3321 1689 3472 1737 velut

1892 1767 2312 1842 lasciyientibus
2346 1768 2506 1839 equis
2555 1777 2611 1823 et
2670 1777 2825 1822 extra
2875 1762 3260 1825 mandatorum
3328 1773 3472 1827 viam

198 1869 341 1921 curti
386 1879 592 1921 aeterna
634 1868 715 1921 eis
762 1865 1050 1920 imminere
1097 1866 1408 1935 supplicia?
1447 1864 1603 1919 Nunc
1659 1879 1788 1935 ergo
1822 1851 1863 1905 Β
1892 1872 2115 1913 Currum
2149 1859 2428 1915 declinare
2457 1858 2830 1929 cupientibus,
2867 1862 3072 1915 relaxet
3111 1861 3266 1915 frena
3299 1872 3351 1917 et
3378 1862 3475 1916 ha-

200 1960 355 2014 illam
385 1959 605 2030 quidem
628 1958 913 2013 mulierem
938 1958 1294 2015 evocabimus
1326 1957 1701 2027 postmodum,
1736 1963 1789 2009 et

198 2049 516 2103 videbimus
546 2050 592 2103 si
635 2055 781 2101 amat
809 2046 967 2101 ﬁdem
993 2046 1276 2117 religionis
1307 2052 1531 2107 nostrae,
1558 2053 1612 2099 et
1632 2053 1794 2114 prout

198 2154 551 2210 consequens
579 2139 741 2193 fuerit
762 2137 1155 2207 agemusniiaec
1175 2145 1355 2191 autem
1386 2136 1647 2206 quoniam
1664 2136 1796 2189 lide-

198 2233 333 2287 liter
368 2232 541 2287 sensit
586 2232 653 2287 de
685 2231 979 2302 baptismo,
1014 2230 1226 2300 jejunet
1272 2229 1357 2285 vel
1402 2244 1511 2284 una
1543 2227 1632 2285 die
1668 2234 1794 2283 ante

198 2319 564 2391 baptismum.

266 2410 523 2467 XXXVI.
566 2412 635 2466 At
658 2413 748 2466 illa
775 2427 900 2467 cum
918 2413 1235 2483 juramento
1259 2410 1634 2465 satisfaciebant
1660 2426 1794 2481 prae-

196 2514 363 2563 sente
388 2490 560 2559 uxore
586 2503 794 2571 domini
816 2503 920 2557 mei
951 2501 1119 2562 Petri,
1145 2502 1270 2571 quia
1302 2516 1368 2555 ex
1392 2516 1499 2570 quo
1528 2516 1793 2572 recogno-

198 2597 345 2652 verit
377 2595 569 2657 lilium,
600 2608 712 2664 prae
755 2593 926 2647 multo
956 2592 1161 2663 gaudio
1202 2590 1387 2647 cibum
1428 2604 1625 2661 capere
1673 2607 1793 2645 om-

199 2688 341 2743 nino
388 2685 721 2757 nequiverit,
763 2686 871 2745 nisi
914 2685 1175 2741 hesterna
1231 2684 1322 2740 die
1367 2685 1595 2740 calicem
1640 2700 1795 2755 aquae

202 2783 391 2837 solum
419 2776 643 2835 biberit.
682 2777 1014 2833 Testabatur
1038 2784 1220 2831 autem
1251 2784 1305 2832 et
1332 2776 1671 2841 uxor'Petri,
1710 2779 1795 2833 di—

200 2886 341 2926 cens
377 2871 454 2925 ita
484 2885 629 2926 esse.
663 2868 727 2924 Et
758 2870 952 2939 Aquila
982 2868 1096 2923 ait:
1125 2867 1268 2934 Quid
1320 2882 1451 2938 ergo
1484 2868 1665 2922 obstat
1696 2883 1795 2921 cur

202 2981 318 3021 non
356 2964 701 3035 baptizetur?
730 2963 868 3016 Tum
912 2962 1111 3017 Petrus
1156 2962 1491 3018 subridens:
1532 2960 1638 3016 Sed
1681 2974 1792 3016 non

202 3064 312 3123 est,
340 3056 540 3125 inquit,
568 3056 673 3108 hoc
713 3053 991 3122 jejunium
1031 3051 1312 3122 baptismi,
1346 3052 1491 3122 quod
1526 3067 1632 3106 non
1665 3068 1793 3123 pro-

204 3154 329 3215 pter
358 3144 1010 3215 baptismumjejunatum
1048 3148 1151 3197 est.
1178 3140 1239 3194 Et
1263 3140 1481 3197 Niceta:
1504 3140 1610 3196 Sed
1628 3141 1787 3203 forte.

206 3239 412 3309 inquit,
444 3238 633 3294 volens
667 3236 812 3291 Deus
839 3244 1073 3290 matrem
1126 3244 1372 3289 nostram
1404 3248 1509 3289 nec
1551 3250 1660 3289 una
1700 3236 1790 3292 die

208 3333 411 3403 agnitis
442 3331 602 3387 nobis
651 3328 895 3399 separari
929 3343 959 3381 a
988 3328 1269 3383 consortio
1318 3319 1526 3385 mensa:
1567 3336 1791 3394 nostra,

205 3425 601 3498 praeordinavit
627 3424 733 3479 hoc
761 3429 972 3477 ut'ante
997 3422 1295 3491 jejunaret.
1330 3420 1487 3475 Sicut
1519 3420 1665 3475 enim
1692 3437 1796 3491 pu-

207 3519 458 3575 dicitiam
493 3518 731 3572 servavit
771 3517 828 3571 in
879 3516 1210 3585 ignorantia,
1238 3522 1297 3567 ut
1326 3514 1620 3583 proficeret
1646 3515 1694 3567 ei
1726 3512 1794 3567 a’d

207 3610 473 3683 baptismi
506 3609 761 3679 gratiam,
791 3608 866 3662 ita
888 3607 1156 3677 jejuaavit
1189 3613 1483 3676 antequam
1516 3605 1685 3660 sciret
1713 3604 1798 3673 je-

202 3701 351 3768 junii
399 3702 695 3763 rationem,
729 3706 787 3751 ut
818 3698 1113 3769 proliceret
1149 3697 1199 3751 ei
1248 3697 1317 3751 ad
1360 3697 1717 3767 baptismum,
1744 3703 1797 3751 et

210 3792 403 3845 statim
431 3791 500 3844 ab
530 3790 687 3844 initio
716 3789 1010 3860 agnitionis
1035 3795 1238 3844 nostra:
1266 3789 1560 3845 nobiscum
1589 3791 1797 3861 pariter

210 3898 419 3938 mense
440 3883 719 3937 consertio
744 3882 1033 3937 frueretur.

288 3973 550 4029 XXXVII.
594 3973 733 4028 Tum
776 3973 970 4029 Petrus
1002 3991 1014 4028 :
1044 3958 1165 4027 Non
1207 3989 1332 4039 nos,
1381 3975 1583 4046 inquit,
1612 3974 1798 4030 vincat

210 4072 491 4143 malignus
537 4070 831 4126 occasione
878 4078 1103 4139 accepta
1141 4086 1239 4140 per
1280 4069 1537 4124 allectum
1578 4068 1794 4134 matris,

211 4165 313 4221 sed
362 4165 538 4235 magis
576 4179 676 4220 vos
715 4172 771 4219 et
815 4177 915 4234 ego
962 4164 1244 4218 vobiscum
1289 4162 1450 4218 hodie
1482 4162 1807 4232 jejunemus

211 4271 343 4313 cum
392 4259 532 4328 ipsa,
572 4266 625 4311 et
685 4256 932 4310 crastino
993 4255 1364 4327 baptizabitur
1410 4253 1567 4327 (47);
1618 4269 1797 4324 neque

209 4354 362 4406 enim
391 4350 603 4418 justum
657 4357 741 4404 est
792 4348 859 4403 ad
893 4349 1123 4418 gratiam
1161 4362 1410 4418 personae
1461 4345 1701 4415 alicujus
1742 4353 1798 4402 et

212 4441 491 4503 amicitiae.
526 4442 724 4496 resolvi
782 4450 834 4496 et
869 4441 1155 4495 extenuari
1211 4448 1481 4510 praecepta
1521 4438 1792 4493 veritatis.

1897 1953 2065 2006 benas
2090 1951 2404 2022 indulgeat;
2438 1951 2533 2006 sed
2566 1960 2784 2006 revocet
2814 1960 3094 2021 aspectum
3125 1956 3373 2025 corporis
3407 1954 3474 2010 ad

1894 2044 2184 2104 arbitrium
2201 2043 2418 2109 mentis,
2434 2044 2691 2099 etoculos
2716 2053 2937 2103 nostros
2960 2060 3098 2115 quos
3119 2045 3260 2101 Deus
3290 2048 3475 2118 operis

1897 2135 1981 2189 su’i
2000 2137 2339 2204 inSpectores
2352 2151 2475 2192 esse
2502 2137 2941 2200 voluitettestes.
2972 2154 3079 2193 non
3106 2141 3344 2209 patiatur
3360 2140 3477 2196 ﬁeri

1898 2225 2123 2281 lenones
2154 2226 2284 2281 mali
2314 2227 2597 2284 desiderii.
2626 2228 2692 2282 Et
2722 2229 2845 2284 ideo
2885 2229 3081 2285 cedant
3107 2232 3210 2302 legi
3237 2232 3332 2287 Dei
3365 2240 3473 2288 tam

1902 2319 2153 2387 corporei
2207 2332 2406 2376 sensus
2454 2335 2617 2391 quam
2658 2320 2874 2376 interna
2906 2324 3196 2394 cogitatio,
3240 2333 3293 2381 et
3326 2328 3474 2383 illius

1894 2410 2164 2464 voluntati
2190 2411 2507 2466 ministrent
2527 2412 2685 2481 cujus
2712 2428 2771 2469 se
2800 2429 2963 2484 Opera
2986 2427 3111 2471 esse
3138 2417 3473 2488 intelligunt.

1968 2499 2257 2557 XXXVIII.
2300 2500 2475 2574 Igitur
2506 2511 2563 2558 ut
2588 2504 2725 2559 ordo
2755 2506 2999 2576 mysterii
3031 2510 3296 2577 poscebat
3317 2516 3371 2564 et
3396 2525 3480 2565 ra-

1894 2590 1992 2657 tio,
2030 2592 2117 2647 die
2158 2601 2379 2665 postera
2431 2595 2748 2665 baptizatur
2776 2598 2831 2652 iu
2856 2599 3015 2663 mari,
3048 2608 3101 2653 et
3127 2606 3378 2671 regressa
3409 2602 3478 2658 ad

1898 2684 2201 2754 hospitium
2235 2685 2492 2740 omnibus
2519 2688 2924 2758 consequenter
2950 2692 3229 2761 mysteriis
3258 2691 3479 2764 religio»

1898 2775 1983 2830 nis
2018 2774 2301 2832 imbuitur.
2336 2776 2644 2832 Aderamus
2691 2786 2873 2833 autem
2918 2788 2971 2835 et
2994 2797 3096 2836 nos
3129 2782 3222 2836 lilii
3252 2787 3359 2849 sui,
3385 2781 3480 2840 Ni?-

1896 2876 2016 2924 ceta
2061 2874 2117 2923 et
2159 2868 2356 2938 Aquila
2388 2876 2441 2923 et
2486 2884 2587 2940 ego
2610 2867 2885 2926 Clemens.
2921 2871 2987 2925 Et
3014 2881 3136 2944 post
3164 2878 3278 2929 ha>c
3313 2878 3480 2933 simul

1897 2975 2022 3015 cum
2053 2976 2117 3015 ea
2149 2962 2494 3031 prandimus,
2527 2970 2582 3017 et
2628 2963 2791 3017 simul
2821 2964 3248 3035 gloriﬁcavimus
3281 2966 3477 3036 Deum,

1898 3051 2199 3109 referentes
2230 3055 2436 3125 gratias
2464 3054 2664 3110 studiis
2696 3064 2749 3111 et
2775 3057 3041 3112 doctrina:
3071 3058 3236 3125 Petri,
3259 3062 3351 3131 qui
3380 3078 3481 3116 no-

1897 3144 1983 3200 bis
2000 3145 2243 3200 ostendit
2272 3162 2371 3217 per
2400 3148 2747 3202 occasionem
2776 3151 2991 3213 matris,
3022 3154 3295 3221 quomodo
3322 3154 3481 3222 pudi-

1897 3238 2043 3295 citia:
2070 3239 2274 3292 bonum
2304 3254 2414 3295 non
2440 3247 2622 3311 pereat
2646 3243 2786 3311 apud
2814 3240 3004 3307 Deum,
3039 3244 3181 3297 sicut
3212 3255 3481 3301 econtra-

1899 3332 1982 3387 rio
2024 3333 2391 3402 impudicitia,
2436 3334 2635 3405 inquit,
2668 3336 2883 3390 etiamsi
2916 3350 3026 3391 non
3056 3338 3263 3405 statim,
3299 3326 3481 3395 tamen

1900 3424 2026 3480 licet
2082 3418 2238 3481 tarde
2287 3441 2397 3481 non
2450 3426 2637 3497 ell'ugit
2670 3440 2909 3497 pmnam.
2940 3426 3001 3481 In
3055 3437 3268 3484 tantum
3298 3440 3479 3487 autem

1901 3515 2186 3586 pudicitia,
2215 3515 2415 3587 inquit,
2446 3516 2558 3572 Deo
2600 3518 2800 3589 placita
2832 3526 2938 3585 est,
2973 3528 3033 3573 ut
3066 3521 3231 3575 etiam
3267 3522 3353 3578 his
3384 3525 3480 3593 qui

1900 3610 1957 3664 in
1984 3626 2171 3666 errore
2230 3621 2359 3666 sunt
2403 3611 2592 3682 positi,
2627 3612 2879 3666 nonnihil
2915 3615 3103 3683 gratiae
3134 3616 3189 3669 in
3221 3618 3480 3686 prmsenti

1902 3701 2150 3759 conferat
2178 3704 2309 3757 vita.
2346 3701 2482 3755 Nam
2518 3700 2699 3754 futtira
2731 3702 3014 3757 beatitudo
3045 3703 3154 3759 iliis
3182 3707 3359 3761 solum
3395 3723 3482 3762 re-

1901 3793 2080 3864 posita
2134 3780 2241 3859 est,
2269 3792 2377 3867 qui
2419 3808 2518 3863 per
2561 3793 2793 3863 gratiam
2845 3792 3105 3863 baptismi
3162 3796 3482 3865 pudicitiam

1882 3885 2280 3967 (iustitiamque
2308 3888 2671 3942 servaverint.
2706 3885 2953 3956 Denique
2975 3880 3222 3959 exemplo
3250 3889 3482 3945 estbuic

1901 3978 1982 4034 rei
2018 3981 2186 4034 etiam
2219 3981 2343 4044 hoc,
2379 3980 2523 4049 quod
2563 3995 2692 4050 erga
2732 3968 2962 4035 matrem
3003 3990 3239 4037 vestram
3270 3992 3481 4053 gestum

1901 4080 2007 4137 est,
2041 4072 2137 4127 cui
2182 4073 2335 4128 salus
2377 4072 2493 4127 haec
2542 4073 2723 4128 omnis
2766 4088 2864 4143 pro
2911 4074 3162 4129 mercede
3207 4075 3484 4144 pudicitia:

1904 4168 2155 4232 reparata
2186 4168 2290 4223 est,
2324 4161 2389 4214 ad
2422 4175 2585 4231 quam
2617 4162 3035 4216 custodiendam
3071 4171 3124 4218 et
3154 4178 3483 4220 conservan-

1901 4251 2027 4305 dam
2072 4267 2180 4306 non
2224 4252 2430 4307 sufﬁcit
2458 4252 2574 4308 sola
2604 4252 2963 4315 continentia,
2996 4251 3090 4307 sed
3125 4253 3216 4307 ubi
3249 4255 3484 4309 senserit

1902 4346 2027 4413 quis
2058 4342 2290 4397 insidias
2320 4351 2373 4397 et
2415 4342 2790 4414 deceptionem
2808 4343 3011 4413 parari,
3046 4346 3305 4401 continuo
3338 4346 3482 4401 sicut

1904 4437 1974 4491 ab
2007 4437 2148 4507 ignis
2198 4438 2403 4507 impetu
2443 4447 2537 4492 aut
2568 4438 2795 4493 incursu
2828 4438 2981 4493 canis
3019 4439 3191 4493 rabidi
3225 4438 3479 4510 refugiat,

212 4531 337 4588 Non
362 4548 492 4603 ergo
522 4536 702 4605 pigeat
732 4549 833 4589 nos
866 4535 1039 4604 magis
1070 4534 1320 4588 laborare
1364 4548 1489 4587 cum
1518 4532 1631 4595 ilia,
1666 4531 1794 4601 qnia
1830 4554 1875 4607 ι)
1902 4543 2003 4585 nec
2028 4529 2269 4584 conﬁdat
2298 4530 2445 4599 quod
2488 4529 2805 4599 bujusmodi
2846 4531 3078 4586 insidias
3122 4535 3292 4602 possit
3323 4532 3483 4588 facile

213 4641 381 4682 omne
403 4626 717 4681 mandatum
751 4626 1031 4697 praeterire
1056 4632 1344 4695 peccatum
1367 4634 1470 4679 est.
1490 4624 1799 4678 Doceamus

214 4721 429 4787 autem:
454 4728 651 4769 sensus
688 4723 909 4769 nostros
955 4713 1271 4784 corporales
1323 4714 1414 4782 qui
1446 4713 1795 4769 extrinsecus

212 4815 367 4871 sunt,
396 4806 603 4861 servire
619 4806 973 4860 interioribus
988 4804 1263 4870 sensibus,
1293 4815 1347 4859 et
1362 4821 1470 4859 non
1500 4805 1794 4860 interiores

212 4910 440 4961 sensus,
472 4896 565 4967 qui
609 4885 734 4965 qua!
762 4894 857 4951 Dei
903 4904 1031 4952 sunt
1066 4895 1313 4966 sapiunt,
1344 4900 1609 4965 cbgamus
1637 4894 1795 4964 sequi

212 4989 540 5052 exteriores,
573 4988 665 5058 qui
713 5003 835 5059 qua:
885 4988 1071 5043 carnis
1104 5000 1231 5042 sunt
1272 4989 1513 5057 sapiunt.
1568 4986 1797 5058 Propter

217 5078 382 5134 hoc"
414 5080 558 5133 enim
589 5086 641 5133 et
675 5078 937 5133 Dominus
976 5066 1299 5136 mandatum
1342 5079 1513 5143 dedit,
1548 5080 1743 5144 dicens
1777 5100 1789 5136 :

216 5171 530 5241 Quicunque
556 5170 741 5226 viderit
767 5172 1038 5227 mulierem
1062 5170 1131 5225 ad
1147 5172 1790 5242 concupiscendam-eant,

1910 4621 2110 4693 aliquis
2142 4622 2580 4692 philosopliando
2613 4629 2708 4677 aut
2741 4622 3012 4693 palpando
3043 4622 3332 4689 cohibere;
3359 4625 3479 4690 sed,

1904 4719 1964 4766 ut
2014 4712 2150 4777 dixi,
2198 4711 2567 4784 eﬂ’ugiendum
2621 4720 2706 4768 est
2752 4724 2805 4769 et
2842 4714 2999 4784 longe
3054 4713 3480 4781 abscedendum,

1906 4806 2049 4861 sicut
2078 4805 2211 4861 fecit
2252 4814 2305 4860 et
2340 4815 2525 4862 vestra
2572 4814 2749 4861 mater
2781 4822 2906 4862 vere
2946 4814 2999 4863 et
3030 4807 3243 4879 integ‘re
3278 4808 3483 4863 bonum

1904 4899 2139 4969 diligens
2160 4898 2460 4971 pudicitiae.
2513 4898 2748 4971 Propter
2769 4900 3003 4970 quodet
3030 4909 3353 4957 conservata
3390 4916 3486 4958 νοτ

1906 4991 1990 5047 bis
2021 4998 2106 5047 est
2140 5007 2205 5047 ac
2246 5004 2342 5048 vos
2384 4993 2480 5057 illi,
2517 4994 2742 5063 insuper
2775 4999 2955 5047 autem
3000 5000 3054 5047 et
3096 5001 3313 5047 aitet-nae
3363 4996 3488 5067 vita}

1904 5084 2182 5155 agnitione
2212 5082 2436 5140 donata.
2462 5084 2597 5139 Cum
2627 5084 2743 5139 haec
2774 5091 2827 5139 et
2859 5084 3029 5138 multa
3065 5085 3173 5139 alia
3206 5085 3292 5140 his
3328 5086 3484 5142 simi-

1904 5176 1979 5229 lia
2006 5176 2261 5244 dixisset,
2297 5192 2525 5248 vespere
2555 5176 2698 5233 facto
2733 5177 3125 5249 requievimus.

284 5370 335 5403 ⁸⁸
364 5370 511 5453 Unde
534 5380 582 5425 et
597 5368 1043 5454 ego—imminere
1062 5382 1320 5445 supplicia
1346 5392 1452 5431 non
1486 5377 1742 5503 leguntur
1763 5378 1820 5434 in
1855 5380 2017 5435 codd.
2053 5378 2235 5452 Lipss.
2327 5379 2371 5414 ⁸¹
2409 5378 2634 5449 Propter
2663 5379 3043 5435 hoc—lenones
3073 5378 3205 5433 mali
3234 5374 3485 5433 desiderii

287 5453 420 5497 sunt
451 5457 507 5496 in
534 5444 693 5499 codd.
729 5442 908 5503 Lmss.
991 5446 1038 5477 ⁸⁸
1068 5446 1260 5501 Matth.
1289 5465 1341 5503 v.
1365 5448 1459 5503 28.
1492 5448 1526 5503 2
1569 5490 1583 5503 .

214 5439 420 5497 desunt
448 5443 507 5496 in
534 5439 693 5499 codd.
729 5442 908 5517 Lipss.
991 5446 1038 5477 ”
1068 5439 1260 5501 blattb.
1289 5465 1341 5512 v,
1365 5448 1459 5513 28,
1492 5448 1526 5503 2

1520 5598 1887 5667 COTELEI’JI
1922 5600 2157 5659 NOTAE.

283 5737 406 5809 (47)
455 5737 563 5810 Vos
600 5732 658 5793 et
708 5724 800 5810 ego
856 5738 1123 5794 uobiscum
1155 5737 1309 5810 hodie
1329 5737 1633 5809 jejunemus
1671 5755 1790 5793 cum

217 5826 355 5879 ipsa,
387 5808 496 5867 etc.
530 5808 622 5867 Sic
657 5808 752 5866 lib;
781 5826 833 5877 χ,
878 5824 997 5879 cap.
1046 5812 1140 5866 ult.
1194 5808 1391 5868 Petrus
1433 5820 1640 5881 patrem
1669 5811 1791 5868 Cle-

1898 5738 2099 5795 mentis
2127 5737 2527 5809 baptizaturus.
2560 5737 2753 5809 indicit
2778 5737 3070 5809 jejunium
3116 5737 3262 5809 omni
3310 5736 3485 5809 plebi.

1899 5825 2008 5881 quo
2040 5809 2107 5866 de
2135 5806 2241 5865 ritu
2271 5810 2327 5867 in
2359 5806 2615 5880 Apologia
2640 5809 2679 5866 2
2705 5806 2908 5871 Ius’tihi
2937 5808 3220 5883 Martyris,
3256 5806 3323 5881 νζ
3345 5807 3441 5866 93.
