4048 6342
663 373 796 432 1371

1542 367 1600 424 S.
1637 365 2028 424 CLEﬂENTlS
2064 366 2086 421 Ι
2124 365 2293 426 ROM.
2328 365 2530 423 PONT.
2571 364 2802 422 OPERA
2843 363 3074 420 DUBlA.

3791 360 3925 416 1373

667 519 3922 550 ______________._______._________________________—___

1755 687 2112 776 LIBER
2183 685 2766 779 OCTAVUS.

735 1039 775 1093 1.
817 1037 1045 1093 Postera
1074 1047 1255 1091 autem
1281 1036 1369 1092 die
1399 1035 1595 1091 Petrus
1619 1050 1778 1091 mane
1806 1036 2103 1108 assumptis
2124 1014 2237 1090 fra-
2262 1038 2310 1096 Α
2337 1043 2462 1084 mus
2513 1029 2631 1099 ipse
2691 1027 2902 1097 incipit,
2927 1043 3031 1084 nec
3066 1037 3444 1099 contemptum
3491 1027 3649 1083 senis
3711 1025 3929 1088 habuit,

662 1131 841 1184 tribus
873 1128 1007 1182 meis
1039 1134 1093 1180 et
1124 1141 1234 1190 me,
1265 1125 1628 1180 descenditad
1659 1134 1898 1194 portum,
1940 1133 2000 1180 ut
2020 1125 2076 1178 in
2093 1125 2231 1180 mari

668 1222 999 1282 lavaremus,
1033 1227 1087 1272 et
1131 1226 1254 1289 post
1298 1217 1398 1270 boc
1420 1217 1486 1270 ad
1519 1218 1698 1270 locum
1726 1215 2017 1287 quemdam
2046 1230 2233 1271 secre-

661 1313 857 1366 tiorem
890 1310 1227 1365 secessimus
1276 1309 1543 1363 orationis
1586 1307 1780 1378 gratia.
1827 1305 2007 1362 Senex
2049 1313 2230 1361 autem

659 1404 883 1475 quidam
916 1417 1140 1471 pauper,
1179 1409 1231 1456 et
1283 1411 1341 1455 ut
1382 1400 1679 1470 apparebat
1716 1415 1782 1454 ex
1814 1398 2000 1453 habitu
2033 1411 2232 1467 opera-

661 1496 800 1556 rius,
844 1492 1064 1546 curiose
1093 1507 1160 1544 ex
1190 1491 1411 1545 occulto
1459 1491 1758 1544 observare
1799 1504 1900 1543 nos
1949 1488 2137 1556 cmpit,
2174 1496 2233 1541 ut

659 1587 866 1642 videret
905 1584 1034 1656 quid
1085 1599 1370 1653 ageremus
1418 1583 1474 1638 in
1524 1590 1738 1636 secreto
1768 1582 1953 1651 positi.
1985 1580 2232 1650 Cumque

660 1695 762 1734 nos
789 1686 1011 1733 orantes
1040 1677 1289 1739 vidisset,
1322 1675 1668 1744 exspectavit
1711 1673 1886 1728 donec
1931 1675 2227 1736 exiremus,

660 1778 715 1823 ct
745 1769 993 1823 salutans
1024 1782 1125 1822 nos
1152 1767 1225 1819 ait
1260 1781 1272 1817 :
1303 1765 1361 1819 Si
1389 1781 1500 1820 non
1529 1764 1968 1835 aegreaccipitis,
1993 1773 2047 1818 et
2072 1764 2231 1834 quasi

658 1863 940 1917 curiosum
979 1875 1064 1914 me
1107 1868 1202 1911 aut
1256 1856 1631 1929 importunum
1675 1859 1901 1921 notatis,
1944 1857 2103 1911 velim
2133 1872 2230 1910 vo-

657 1953 876 2008 biscum
909 1951 1162 2006 conferre
1209 1964 1542 2012 sermonem,
1574 1949 1703 2018 quia
1749 1948 1960 2002 habens
1996 1947 2232 2004 misera-

659 2042 862 2097 tionem
894 2041 1085 2104 vestri,
1119 2040 1222 2097 sub
1257 2041 1439 2109 specie
1482 2041 1733 2096 veritatis
1767 2056 1956 2096 errare
1985 2057 2082 2094 vos
2104 2039 2228 2093 nol-

657 2135 765 2189 lem
799 2142 854 2189 et
884 2134 1086 2188 habere
1117 2138 1321 2186 metum
1350 2131 1418 2187 de
1450 2133 1534 2187 bis
1566 2149 1686 2204 qua:
1713 2148 1822 2186 non
1867 2142 2028 2198 sunt;
2062 2139 2155 2186 aut
2182 2132 2230 2186 si

659 2227 865 2298 putatis
907 2241 1030 2279 esse
1081 2224 1287 2295 aliquid
1337 2225 1475 2287 veri,
1528 2224 1725 2277 tradite
1771 2224 1935 2277 etiam
1982 2223 2136 2277 mibi.
2171 2222 2230 2277 Si

659 2334 791 2390 ergo
823 2319 1092 2388 patienter
1118 2317 1390 2386 accipitis,
1417 2330 1638 2384 possum
1670 2329 1765 2367 vos
1791 2314 1979 2382 paucis
2001 2313 2230 2366 edocere

2333 1137 2511 1191 neque
2539 1122 2789 1192 despexit
2817 1122 2964 1191 quod
2993 1123 3119 1177 vilis
3141 1123 3191 1178 ei
3219 1123 3460 1176 amictus
3484 1132 3635 1176 esset
3657 1130 3717 1175 et
3750 1120 3928 1173 sordi-

2331 1213 2457 1268 dus.
2489 1212 2578 1267 Ait
2626 1227 2798 1282 ergo:
2829 1212 3099 1278 Quoniam
3149 1213 3372 1282 quidem
3418 1196 3629 1266 videris
3664 1212 3815 1265 mihi
3849 1213 3927 1264 vir

2333 1305 2582 1361 eruditus
2617 1319 2742 1359 esse
2768 1313 2823 1358 et
2853 1305 3175 1361 misericors
3215 1321 3284 1358 ex
3309 1319 3376 1359 eo
3404 1304 3554 1375 quod
3591 1304 3771 1359 adisti
3808 1318 3924 1364 nos,

2333 1405 2388 1453 et
2423 1396 2571 1468 quod
2615 1396 2716 1449 tibi
2755 1396 2960 1449 bonum
3004 1395 3296 1451 videbatur
3323 1397 3563 1451 celatum
3605 1397 3781 1451 nobis
3811 1412 3928 1450 esse

2333 1492 2582 1560 noluisti,
2611 1489 2864 1545 volumus
2912 1499 2967 1545 et
3014 1505 3116 1546 nos
3150 1490 3251 1545 tibi
3283 1506 3404 1561 quae
3452 1490 3614 1544 nobis
3676 1490 3831 1544 bona
3881 1500 3928 1542 ct

2333 1592 2484 1638 recta
2515 1584 2816 1638 creduntur
2847 1598 3143 1651 exponere,
3175 1597 3296 1651 quae
3339 1583 3387 1635 si
3424 1581 3523 1636 tibi
3558 1582 3757 1636 minus
3805 1597 3926 1636 vera

2330 1665 2682 1738 videbuntur,
2715 1675 2883 1730 etiam
2920 1683 2978 1729 tu
3013 1681 3265 1728 nostrum
3295 1688 3424 1742 erga
3463 1681 3514 1727 te
3539 1673 3759 1727 bonum
3806 1689 3926 1741 pro-

2330 1768 2568 1838 positum
2600 1767 2832 1820 libenter
2856 1754 3101 1833 suscipe,
3127 1764 3270 1819 sicut
3285 1770 3340 1817 et
3361 1778 3464 1819 nos
3494 1774 3682 1816 tuum.
3717 1761 3788 1815 Et
3806 1780 3923 1816 cum

2333 1862 2448 1915 hzec
2475 1860 2682 1914 diceret
2740 1858 2937 1914 Petrus
2959 1899 2974 1921 ,
3027 1859 3264 1927 plurima
3299 1856 3598 1911 multitudo
3639 1857 3920 1911 convenit.

2335 1950 2474 2006 Tum
2499 1967 2666 2007 senex
2697 1971 2709 2006 :
2744 1950 3042 2017 Fortassis,
3077 1951 3282 2019 inquit,
3312 1949 3612 2003 contristat
3640 1964 3751 2002 vos
3782 1963 3916 2018 prae-

2332 2044 2508 2098 sentia
2539 2043 2924 2096 multitudinis.
2946 2040 3010 2096 Et
3045 2039 3279 2095 Petrus:
3306 2038 3693 2110 Nequaquam,
3726 2040 3919 2109 inquit,

2330 2135 2438 2189 nisi
2475 2135 2573 2188 hoc
2602 2135 2780 2188 solum
2813 2147 3029 2195 vereor,
3057 2147 3125 2186 ne
3145 2130 3286 2185 lorte
3310 2130 3736 2201 disputantibus
3768 2132 3921 2183 nobis

2331 2239 2455 2278 cum
2489 2225 2673 2294 palam
2708 2224 2849 2277 facta
2882 2223 3051 2278 fuerit
3081 2222 3286 2278 veritas
3306 2230 3367 2276 tu
3395 2222 3800 2275 verecundiam
3834 2239 3920 2291 pa-

2332 2315 2488 2367 tiaris
2525 2330 2622 2382 pro
2653 2315 2942 2384 praisentia
2986 2313 3356 2367 multitudinis
3379 2313 3578 2366 cedere
3608 2319 3664 2367 et
3697 2316 3914 2382 acquie-

659 2427 781 2481 quaa
811 2420 960 2465 recta
985 2419 1133 2475 sunt;
1159 2411 1206 2462 si
1243 2423 1371 2462 vero
1399 2406 1706 2468 molestum,
1743 2420 1961 2474 pergam
1992 2413 2044 2458 et
2081 2419 2232 2458 meos
2265 2393 2304 2446 Β
2335 2419 2492 2458 scere
2521 2405 2609 2458 hls
2639 2421 2758 2474 qua:
2794 2421 2919 2458 vera
2956 2403 3062 2456 dici
3096 2405 3457 2458 intellexeris.
3492 2402 3573 2455 Ad
3612 2403 3732 2457 [nec
3760 2419 3917 2456 senex

659 2513 817 2558 actus
859 2518 1036 2573 agam.
1094 2501 1194 2555 Cui
1242 2499 1439 2554 Petrus
1471 2498 1754 2568 respondit
1783 2516 1798 2550 :
1825 2495 1919 2550 Die
1950 2511 2048 2566 age
2086 2497 2229 2565 quod

658 2594 758 2649 tibi
790 2591 1006 2646 videtur
1041 2590 1267 2653 bonum,
1304 2598 1360 2643 et
1408 2589 1640 2642 libenter
1681 2586 1982 2655 accipimus
2025 2588 2140 2643 sive
2178 2586 2231 2639 id

660 2698 851 2737 verum
892 2681 1008 2734 sive
1049 2680 1215 2735 etiam
1255 2678 1452 2732 falsum
1494 2679 1598 2742 sit;
1635 2673 2046 2746 amplectendus
2085 2678 2230 2731 enim

659 2788 744 2836 es,
777 2773 906 2842 quia
945 2771 1089 2842 quod
1121 2771 1220 2823 tibi
1263 2771 1463 2824 bonum
1517 2768 1751 2831 videtur,
1787 2775 2044 2838 tanquam
2079 2778 2233 2839 pater

660 2879 761 2936 pro
791 2863 918 2917 (iliis
955 2862 1224 2918 sollicitus
1259 2871 1607 2913 comntonere
1638 2859 1878 2914 voluisti.

734 2955 796 3009 ll.
845 2956 987 3010 Tum
1017 2954 1199 3009 senior
1221 2953 1386 3021 cmpit
1407 2951 1586 3006 dicere
1616 2973 1627 3006 :
1654 2951 1709 3006 ln
1744 2953 1880 3006 mari
1913 2969 2009 3006 vos
2034 2953 2233 3008 lavisse

661 3046 794 3109 vidi,
827 3054 882 3100 et
925 3053 1046 3117 post
1083 3047 1185 3099 boc
1241 3044 1307 3098 ad
1365 3056 1636 3101 secretum
1682 3045 1978 3100 secessisse
2022 3045 2230 3109 locum;

659 3136 962 3191 observans
994 3151 1125 3206 ergo
1148 3137 1215 3190 de
1246 3138 1462 3191 occulto
1486 3136 1616 3206 quid
1651 3137 1703 3188 in
1735 3143 1946 3189 secreto
1978 3135 2231 3204 ageretis,

659 3236 884 3282 orantes
910 3229 1156 3298 inspexi;
1184 3228 1476 3285 miseratus
1502 3230 1668 3299 igitur
1698 3244 1942 3283 errorem
1963 3236 2230 3288 vestrum,

663 3317 905 3389 opperiri
952 3319 1116 3388 cmpi,
1175 3335 1462 3390 usquequo
1517 3334 1771 3390 egressos
1817 3321 2126 3388 alloquerer
2182 3327 2235 3372 et

664 3413 941 3473 docerem,
980 3426 1046 3465 ne
1067 3413 1263 3465 erretis
1288 3412 1340 3465 in
1372 3411 1683 3480 liujusmodi
1721 3411 2084 3474 observantia,
2105 3413 2232 3479 quia

664 3517 843 3572 neque
873 3500 1012 3557 Deus
1029 3509 1112 3556 est
1144 3519 1319 3573 neque
1349 3504 1531 3558 cultus
1564 3504 1650 3558 hic
1677 3504 1878 3574 aliquis
1917 3511 2024 3566 est,
2060 3519 2234 3574 neque

668 3590 1006 3661 providentia
1032 3591 1085 3644 in
1112 3593 1338 3656 mundo,
1369 3591 1464 3646 sed
1497 3591 1755 3668 fortuitus
1795 3608 1957 3647 casus
2000 3603 2054 3646 et
2079 3609 2236 3662 gene-

667 3687 745 3739 sis
780 3690 948 3752 agunt
993 3683 1201 3747 omnia,
1243 3685 1387 3738 sicut
1432 3700 1534 3754 ego
1570 3701 1635 3739 ex
1667 3685 1874 3754 meipso
1899 3685 2234 3740 manifestis-

670 3772 809 3825 sime
842 3771 1083 3841 comperi
1115 3772 1169 3825 in
1202 3771 1489 3843 disciplina
1525 3774 1834 3828 matheseos
1867 3791 1976 3845 prae
2018 3777 2229 3830 czeleris

669 3862 939 3917 eruditus.
963 3860 1140 3916 Nolite
1165 3879 1296 3933 ergo
1322 3880 1541 3931 errare;
1575 3866 1689 3919 sive
1717 3867 1861 3919 enim
1885 3868 2075 3931 oretis,
2103 3853 2229 3923 sive

672 3969 780 4008 non
821 3954 1010 4021 oretis,
1041 3957 1185 4025 quod
1231 3959 1445 4027 genesis
1477 3966 1658 4012 vestra
1691 3960 1956 4022 continet,
1987 3961 2089 4014 hoc
2124 3963 2229 4014 erit

670 4045 850 4101 vobis.
875 4044 939 4100 Et
963 4057 1063 4116 ego
1086 4046 1336 4102 Clemens
1367 4049 1555 4102 nescio
1597 4049 1724 4118 quid
1755 4051 1920 4104 corde
1952 4052 2232 4119 pulsabar,

670 4137 841 4189 multa
865 4137 1021 4205 quasi
1054 4145 1181 4189 nota
1227 4137 1360 4190 mihi
1416 4139 1662 4193 recolens
1686 4139 1738 4192 in
1762 4155 1863 4206 eo;
1909 4140 2047 4194 bene
2090 4143 2234 4195 enim

673 4225 750 4279 ait
777 4226 1021 4295 quidam,
1055 4226 1183 4291 quia
1207 4227 1350 4295 quod
1374 4242 1437 4280 ex
1472 4227 1654 4296 aliquo
1677 4238 1864 4282 natum
1893 4239 1996 4292 est,
2021 4232 2234 4286 etiamsi

672 4319 845 4372 multo
875 4317 1113 4386 tempore
1154 4318 1412 4378 abfuerit.
1447 4334 1724 4388 nunquam
1777 4329 1955 4375 tamen
2001 4324 2237 4378 scintilla

673 4410 1099 4480 propinquitatis
1131 4410 1521 4480 exstinguitur.
1551 4411 1701 4481 (Σαερί
1733 4427 1864 4483 ergo
1899 4416 2237 4486 interrogare

671 4502 741 4555 ab
778 4517 864 4562 eo,
893 4501 1017 4570 quis
1043 4510 1097 4553 et
1138 4501 1281 4554 unde
1314 4513 1479 4565 esset,
1512 4503 1598 4556 vel
1643 4505 1918 4572 quomodo
1965 4515 2140 4562 ortus.
2171 4511 2241 4563 At

676 4594 766 4646 ille
801 4593 866 4646 ad
888 4593 1002 4647 haec
1026 4593 1356 4661 respondere
1381 4595 1574 4649 nolens
1605 4615 1618 4650 :
1654 4595 1818 4662 Quid,
1855 4597 1951 4662 ait,
1985 4599 2089 4653 hoc
2113 4617 2241 4670 per-

677 4686 815 4739 tinet
839 4683 908 4738 ad
961 4698 1026 4739 ea
1064 4699 1184 4755 qua!
1212 4685 1326 4738 dixi
1352 4687 1544 4740 vobis?
1566 4686 1674 4742 Sed
1697 4689 1892 4758 primo,
1924 4691 1971 4744 si
2006 4692 2239 4757 videtur,

678 4790 861 4830 sermo
903 4773 972 4829 de
1013 4774 1100 4829 his
1153 4789 1273 4844 quae
1301 4779 1688 4846 proposuimus
1717 4779 2001 4847 habeatur,
2036 4791 2090 4838 et
2117 4793 2242 4852 post

680 4866 794 4920 hac
817 4865 864 4919 si
886 4865 957 4919 ita
983 4881 1070 4921 res
1092 4866 1418 4935 poposcerit,
1443 4883 1640 4924 nomen
1660 4881 1712 4925 et
1733 4886 1904 4941 genus
1923 4888 1986 4927 ac
2009 4876 2241 4944 patriam

678 4965 952 5013 etczetera
999 4973 1120 5028 quae
1171 4957 1286 5012 haec
1343 4971 1667 5030 sequuntur,
1702 4963 1936 5018 invicem
1980 4967 2136 5020 nobis
2187 4978 2244 5021 ut

2335 2495 2413 2547 ait
2449 2513 2462 2546 :
2497 2493 2609 2564 Ego
2651 2509 2760 2547 non
2786 2483 2882 2546 ita
2931 2493 3133 2549 stultus
3170 2492 3458 2556 consenui,
3503 2499 3565 2546 ut
3606 2493 3918 2562 intelligens

2331 2588 2479 2658 quod
2505 2605 2693 2643 verum
2723 2598 2831 2656 est,
2855 2589 3087 2642 abnuam
3116 2588 3170 2642 id
3203 2588 3271 2643 ad
3297 2588 3442 2658 vulgi
3476 2589 3746 2658 gratiam.

2404 2681 2494 2736 ιγ.
2520 2680 2698 2750 Coepit
2728 2697 2858 2750 ergo
2880 2679 3076 2735 Petrus
3105 2681 3291 2734 dicere
3324 2695 3337 2732 :
3370 2678 3642 2734 Videntur
3673 2679 3815 2733 mihi
3846 2680 3914 2742 hi.

2333 2776 2424 2844 qui
2465 2774 2767 2843 loquuntur
2803 2773 3029 2827 verbum
3075 2772 3328 2828 veritatis
3373 2779 3427 2827 et
3463 2773 3559 2843 qui
3603 2771 3916 2825 illuminant

2335 2867 2547 2920 animas
2591 2865 2899 2927 hominum,
2945 2863 3153 2918 similes
3186 2879 3310 2918 esse
3339 2862 3509 2917 radiis
3541 2863 3706 2926 solis,
3742 2865 3834 2934 qui
3865 2873 3916 2916 ut

2335 2957 2704 3027 processerint
2724 2962 2778 3009 et
2808 2956 3164 3024 apparuerint
3192 2956 3418 3018 mundo,
3453 2955 3626 3009 celari
3655 2957 3806 3009 ultra
3830 2963 3916 3008 aut

2333 3050 2601 3104 occultari
2629 3049 2944 3103 nullatenus
2979 3055 3232 3117 possunt,
3273 3047 3402 3101 dum
3434 3063 3544 3101 non
3579 3057 3692 3101 tam
3731 3049 3917 3103 viden-

2334 3149 2425 3194 tur
2446 3141 2514 3195 ab
2539 3139 2872 3204 hominibus,
2905 3152 3070 3207 qnam
3112 3137 3299 3192 videre
3331 3138 3588 3193 omnibus
3630 3147 3910 3207 praestant.

2337 3231 2493 3286 Unde
2543 3239 2597 3285 et
2651 3230 2790 3284 bene
2840 3244 2869 3282 a
2918 3229 3156 3298 quodam
3195 3229 3406 3283 dictum
3455 3230 3638 3283 estad
3668 3231 3915 3285 veritatis

2335 3338 2613 3395 praecones
2648 3338 2660 3372 :
2710 3320 2806 3374 l’os
2838 3321 2962 3375 estis
2996 3320 3088 3373 tua:
3130 3321 3332 3383 mundi,
3367 3331 3414 3374 et
3458 3338 3558 3374 non
3591 3332 3765 3390 potest
3793 3324 3916 3375 ciri-

2335 3425 2419 3468 tas
2458 3414 2709 3467 abscondi
2740 3429 2903 3482 supra
2935 3421 3159 3464 montem
3199 3413 3395 3479 posita,
3427 3427 3591 3479 neque
3623 3411 3915 3463 accendunt

2336 3508 2608 3560 lucernam
2648 3514 2697 3558 et
2728 3514 2931 3573 ponunt
2961 3520 3076 3556 eam
3108 3504 3203 3557 sub
3237 3503 3434 3568 modio,
3471 3502 3562 3557 sed
3597 3519 3761 3570 super
3789 3520 3916 3556 can-

2335 3598 2612 3653 delabrum
2643 3608 2702 3651 ut
2734 3596 2976 3651 omnibus
3022 3599 3190 3651 luceat
3225 3598 3313 3666 qui
3349 3598 3400 3648 in
3428 3595 3584 3648 domo
3610 3596 3827 3648 sunt“.
3858 3594 3918 3647 Et

2338 3708 2502 3747 senex
2539 3708 2551 3742 :
2578 3690 2722 3745 Bene
2758 3689 2916 3743 valde
2951 3690 3109 3751 dixit,
3136 3689 3389 3759 quisquis
3421 3689 3510 3743 ille
3533 3695 3643 3741 est.
3685 3686 3798 3742 Sed
3827 3702 3916 3741 ex-

2337 3791 2504 3852 ponat
2561 3782 2762 3850 aliquis
2792 3792 3057 3842 vestrum,
3089 3783 3235 3848 quod
3268 3780 3369 3834 sibi
3400 3779 3741 3847 sequendum
3774 3778 3915 3831 vide-

2335 3888 2447 3936 ιιι,
2475 3883 2532 3928 ut
2555 3873 2622 3926 ad
2660 3881 2868 3927 certum
2901 3879 3252 3941 prospectum
3275 3870 3594 3924 emittamus
3632 3885 3917 3924 sermones

2337 3977 2579 4021 nostros.
2619 3964 2737 4018 Non
2774 3966 2917 4017 enim
2951 3963 3146 4017 sullicit
3177 3962 3244 4016 ad
3277 3961 3663 4015 inveniendam
3701 3965 3903 4015 verita-

2337 4071 2445 4115 tem
2472 4059 2753 4112 destrucre
2797 4070 2881 4118 ea,
2917 4071 3040 4124 qua:
3072 4069 3103 4109 e
3132 4053 3349 4108 diverso
3393 4052 3680 4115 dicuntur,
3720 4053 3819 4107 sed
3863 4061 3912 4105 et

2338 4153 2517 4222 ipsum
2557 4148 2804 4219 proferre
2857 4149 2912 4200 in
2951 4147 3211 4208 medium,
3245 4146 3388 4213 quod
3435 4146 3611 4214 possit
3651 4149 3749 4216 qui
3778 4163 3808 4199 e
3837 4147 3909 4198 di-

2339 4257 2502 4297 verso
2549 4248 2632 4294 est
2686 4239 3028 4308 impugnare.
3087 4235 3158 4290 Ut
3201 4252 3333 4306 ergo
3392 4238 3626 4306 partium
3657 4238 3732 4291 sit
3764 4254 3908 4307 aqua

2338 4329 2680 4400 congressio,
2726 4337 2934 4382 rectum
2981 4327 3111 4379 mihi
3179 4327 3394 4380 videtur
3446 4333 3504 4380 ut
3552 4328 3744 4396 prius.
3789 4329 3904 4397 quid

2340 4432 2573 4491 uterque
2621 4427 2873 4475 nostrum
2913 4417 3195 4481 defendat,
3227 4418 3507 4484 enuntiet;
3534 4427 3589 4472 et
3632 4420 3676 4473 si
3720 4422 3903 4489 placet,

2333 4516 2449 4585 ipse
2473 4515 2680 4583 primus
2705 4515 2981 4583 incipiam.
3016 4512 3126 4580 Ego
3152 4512 3296 4575 dico,
3339 4527 3443 4565 non
3473 4513 3781 4566 secundum
3822 4512 3900 4564 Dei

2333 4606 2724 4675 providentiam
2761 4607 3052 4676 gubernari
3089 4604 3536 4671 mundum,quia
3557 4603 3731 4657 multa
3767 4606 3816 4656 in
3849 4619 3902 4656 eo

2334 4692 2533 4760 injuste
2581 4701 2638 4747 et
2687 4693 2991 4747 inordinate
3043 4692 3155 4760 geri
3196 4691 3469 4756 videmus,
3510 4692 3606 4745 sed
3673 4695 3899 4762 genesim

2331 4783 2454 4838 dico
2486 4799 2626 4850 esse,
2651 4779 2784 4854 quae
2813 4783 2996 4839 omnia
3029 4783 3137 4853 agit
3167 4793 3222 4836 et
3255 4784 3521 4837 continet.

2415 4877 2480 4934 γ.
2522 4878 2604 4932 Ad
2626 4879 2741 4934 haec
2762 4893 2886 4932 cum
2913 4875 3109 4932 Petrus
3144 4877 3477 4945 respondere
3504 4876 3688 4934 vellet,
3731 4877 3901 4930 Niceta

2345 4969 2681 5038 praeveniens
2706 4970 2783 5023 ait
2814 4989 2826 5024 :
2865 4968 3147 5038 Indulgent
3176 4968 3310 5021 mibi
3349 4968 3608 5021 dominus
3644 4983 3796 5022 meus
3819 4967 3902 5022 Pe.

682 5049 840 5102 amici
863 5049 1054 5104 amicis
1087 5053 1385 5119 poterimus
1417 5055 1650 5122 aperire.
1687 5053 2025 5110 Mirabamur
2053 5063 2237 5112 tamen
2272 5078 2313 5131 ι)
2344 5069 2461 5117 trus
2493 5061 2558 5115 ad
2590 5061 2703 5115 haec
2733 5061 3080 5131 respondere,
3105 5069 3158 5114 et
3184 5076 3296 5114 non
3340 5059 3586 5113 videatur
3606 5069 3900 5128 protervum

682 5152 872 5192 omnes
928 5139 1293 5208 eloquentiam
1355 5142 1490 5205 viri,
1543 5152 1599 5198 et
1648 5144 1970 5216 gravitatem
2025 5162 2240 5202 morum

682 5227 1239 5301 tranquillitatemque
1269 5233 1561 5290 sermonis.

756 5317 844 5374 Ill.
885 5319 1078 5375 Petrus
1124 5329 1305 5377 autem
1374 5325 1575 5379 sensim
1626 5328 2044 5385 sermocinando
2095 5330 2244 5388 ince-

681 5409 843 5473 dens,
874 5418 1239 5482 opportunum
1285 5413 1352 5467 ad
1400 5415 1818 5486 colloquendum
1871 5419 2132 5491 prospicit
2163 5420 2245 5475 l'o-

682 5517 830 5555 cum.
865 5501 933 5556 Et
972 5518 1095 5557 cum
1134 5504 1461 5575 pervidisset
1497 5506 1663 5576 juxta
1694 5518 1910 5580 portum
1959 5527 2240 5569 recessum

683 5593 974 5662 quemdam
1009 5604 1303 5662 secretum,
1343 5598 1583 5657 residere
1632 5617 1732 5659 nos
1775 5602 1922 5672 fecit,
1953 5613 2007 5661 et
2032 5605 2105 5660 ita
2135 5605 2248 5677 pri-

759 5777 802 5805 ⁸³
839 5775 1023 5831 Matth.
1068 5796 1117 5845 ν,
1149 5777 1350 5846 Η,.15.

2342 5153 2487 5223 quod
2511 5152 2730 5222 juvenis
2761 5168 2883 5208 cum
2928 5167 3058 5207 sene
3099 5150 3411 5206 conﬂictum
3444 5151 3697 5213 habeam,
3735 5151 3824 5205 sed
3857 5160 3901 5202 ut

2345 5245 2490 5304 [ilius
2533 5259 2658 5298 cum
2701 5251 2857 5314 patre
2884 5244 3185 5314 colloquar.
3225 5240 3290 5295 Et
3311 5259 3494 5315 senex
3533 5261 3546 5295 :
3580 5241 3701 5296 Non
3743 5245 3900 5298 solum

2347 5342 2428 5396 tu,
2480 5335 2680 5403 inquit,
2721 5335 2821 5397 lili,
2873 5335 3016 5405 quod
3069 5335 3165 5388 tibi
3217 5335 3430 5389 videtur
3461 5343 3521 5386 ut
3567 5334 3900 5403 prosequaris

2345 5427 2490 5490 volo.
2524 5426 2623 5481 sed
2661 5435 2714 5481 et
2738 5427 2784 5482 si
2817 5426 2912 5496 qui
2952 5442 3017 5481 ex
3052 5426 3336 5481 sodalibus
3374 5425 3508 5488 tuis,
3545 5425 3592 5480 si
3626 5425 3721 5494 qui
3755 5426 3899 5479 etiam

2349 5515 2417 5571 de
2451 5517 2755 5572 astantibus
2801 5515 3017 5572 videtnr
3056 5516 3200 5570 scire
3253 5514 3485 5584 aliquid,
3539 5515 3896 5568 incunctanter

2354 5608 2615 5678 proferat,
2655 5610 2887 5664 libenter
2924 5609 3258 5678 accipimus;
3307 5607 3528 5661 collatio
3567 5607 3714 5662 enim
3753 5604 3896 5680 pluri-
