4048 6342
237 410 378 467 1373

1426 398 1993 458 RECOGNITIONUM
2034 400 2165 453 ιλιι.
2210 397 2338 453 VIII.

3343 397 3487 457 ηπ

234 540 446 578 morum
484 522 695 579 facilius
721 537 784 579 ea
823 536 943 592 quae
973 521 1293 590 ignorantur
1319 518 1556 572 Inveniet
1580 516 1646 570 “.
1669 514 1806 567 Tum
1836 519 1883 574 Α
1916 513 2067 580 prius
2107 513 2309 575 dicere,
2356 513 2471 569 sive
2499 512 2603 566 hoc
2647 513 2821 583 magis
2855 512 3032 582 placet
3059 523 3116 570 ut
3143 500 3247 587 ego
3277 515 3483 579 dicam,

231 615 363 685 ergo
397 613 585 669 Niceta
634 615 957 684 respondit:
992 611 1109 666 Non
1167 627 1252 665 tne
1299 609 1573 671 aestimes,
1617 606 1804 671 Pater,

230 714 437 762 temere
478 707 695 774 iecisse,
745 706 892 777 quod
942 704 1155 759 inserui
1205 720 1289 758 me
1333 700 1680 758 sermonibus
1709 698 1808 753 do—

228 799 369 852 mini
416 800 519 854 mei
569 798 735 858 Petri.
769 799 864 853 sed
913 798 1086 867 magis
1128 811 1227 867 pro
1283 796 1492 849 honore
1539 794 1660 861 ejus
1702 793 1807 846 hoc

231 890 362 941 mihi
396 889 572 944 facere
602 890 754 943 visus
786 904 928 945 sum.
967 886 1141 943 Homo
1173 887 1319 941 enim
1352 884 1446 941 Dei
1473 894 1579 946 est,
1610 885 1805 954 plenus

228 981 397 1035 totius
432 981 693 1043 scientiae,
731 995 893 1049 quem
917 994 986 1033 ne
1008 978 1195 1032 Graeca
1218 976 1435 1047 quidem
1465 976 1594 1030 latet
1623 974 1803 1029 erudi-

228 1075 327 1136 tio,
359 1074 487 1143 quia
522 1072 729 1142 Spiritu
761 1070 856 1126 Dei
884 1072 1124 1141 repletus
1154 1079 1238 1125 est
1274 1084 1437 1140 quem
1469 1068 1605 1122 nihil
1651 1070 1801 1123 latet.

229 1166 337 1221 Sed
372 1167 499 1235 quia
528 1168 629 1236 ipsi
670 1166 737 1221 de
766 1166 1083 1221 cmiestibus
1114 1164 1262 1235 loqui
1289 1164 1570 1226 convenit,
1605 1177 1706 1232 ego
1737 1161 1805 1217 de

226 1260 315 1315 his
342 1276 463 1329 quae
497 1261 561 1313 ad
594 1258 909 1313 Graecorum
954 1256 1345 1327 loquacitatem
1382 1254 1678 1324 pertinent,
1717 1268 1803 1307 re-

226 1351 527 1421 spondebo.
584 1348 780 1403 Postea
836 1362 965 1402 vero
1009 1350 1173 1416 quam
1218 1360 1248 1397 a
1281 1344 1441 1397 nobis
1486 1342 1801 1398 Graecorum

224 1455 377 1494 more
424 1438 586 1493 fuerit
631 1438 993 1505 disputatum,
1030 1444 1193 1505 atque
1232 1434 1299 1487 ad
1342 1433 1393 1487 id
1435 1441 1681 1497 ventum,
1712 1433 1802 1487 ubi

220 1531 404 1583 exitus
445 1529 629 1583 nullus
676 1534 956 1597 appareat,
1009 1534 1140 1578 tunc
1192 1524 1307 1595 ipse
1362 1525 1521 1594 quasi
1572 1524 1803 1580 scientia

222 1620 321 1675 Dei
354 1621 615 1689 repletus,
666 1628 853 1689 aperte
900 1628 954 1673 et
1001 1617 1243 1673 dilucide
1275 1631 1456 1672 rerum
1489 1618 1649 1672 nobis
1684 1632 1803 1670 om-

221 1715 374 1768 nium
413 1711 702 1782 patefaciet
743 1712 1053 1775 veritatem,
1088 1719 1147 1764 ut
1176 1726 1286 1764 non
1316 1710 1498 1764 solum
1545 1724 1668 1773 nos,
1703 1709 1800 1764 sed

217 1815 277 1862 et
308 1819 498 1860 omnes
533 1806 625 1875 qui
662 1812 861 1875 praesto
913 1812 1043 1858 sunt
1085 1802 1388 1866 auditores,
1422 1802 1564 1855 viam
1598 1802 1799 1855 verita-

217 1897 293 1951 tis
324 1902 649 1966 agnoscant.
683 1894 747 1947 Et
787 1894 908 1949 ideo
948 1908 1095 1948 nunc
1127 1892 1439 1964 ipsequasi
1467 1893 1676 1947 arbiter
1705 1907 1795 1947 se-
1831 1876 1871 1930 Β

216 1988 368 2049 deat,
406 1994 464 2040 ut
504 2001 628 2039 cum
678 2001 822 2039 unus
854 1984 1052 2055 aliquis
1084 2000 1151 2039 ex
1185 1984 1344 2037 nobis
1376 1985 1630 2048 cesserit,
1663 1991 1798 2038 tunc

213 2077 337 2149 ipse
361 2078 668 2147 suscipiens
701 2076 1061 2129 indubitatam
1095 2074 1616 2150 sententiamferat.

292 2169 378 2225 V’l.
425 2168 546 2223 Haec
584 2183 708 2222 cum
758 2169 989 2223 dixisset
1028 2166 1237 2228 Niceta,
1286 2166 1343 2219 hi
1391 2166 1484 2236 qui
1532 2180 1799 2220 convene-

212 2268 342 2317 rant
394 2261 536 2315 inter
577 2261 900 2329 semetipsos
939 2258 1393 2329 coiloquebantur
1434 2275 1448 2312 :
1496 2256 1668 2312 Hicne
1715 2265 1798 2312 est

213 2352 307 2406 ille
351 2366 512 2421 quem
555 2348 910 2404 audiebamus
959 2346 1177 2411 Petrus,
1212 2348 1357 2403 illius
1390 2347 1483 2418 qui
1522 2348 1577 2401 in
1609 2345 1793 2401 Judaaa

212 2444 467 2512 apparuit
498 2450 553 2497 et
589 2442 744 2511 signa
788 2455 851 2493 ac
892 2438 1120 2493 virtutes
1150 2438 1415 2508 plurimas
1446 2438 1595 2502 fecit,
1628 2437 1797 2493 disci-

211 2535 378 2605 pulus
411 2531 864 2604 probatissimus?
892 2529 958 2583 Et
996 2530 1344 2584 intendentes
1385 2530 1441 2583 in
1486 2545 1633 2593 eum,
1666 2544 1794 2583 cum

210 2627 412 2680 timore
466 2641 529 2679 ac
576 2624 925 2679 veneratione
977 2624 1184 2692 ingenti
1243 2623 1495 2687 stabant,
1530 2630 1792 2691 tanquam

208 2720 341 2774 boui
374 2719 516 2773 servi
548 2718 813 2772 honorem
863 2718 1087 2773 domino
1118 2715 1449 2772 deferentes.
1491 2716 1650 2783 Quod
1699 2716 1793 2771 ubi

212 2806 414 2861 Petrus
447 2808 641 2871 sensit,
681 2807 756 2860 ait
789 2808 855 2861 ad
886 2823 981 2862 eos
1009 2824 1021 2857 :
1052 2807 1328 2861 Attentius
1358 2805 1667 2871 audiamus,
1705 2822 1796 2861 re»

214 2908 362 2954 ctum
385 2906 631 2953 tenentes
656 2900 922 2967 judicium
940 2899 1007 2954 de
1031 2900 1114 2952 his
1136 2914 1256 2969 quae
1277 2899 1531 2953 dicentur
1550 2900 1618 2953 ab
1644 2908 1795 2953 utro-

211 3007 340 3061 que,
371 2999 423 3045 et
448 2998 569 3060 post
606 2992 850 3060 ipsorum
882 2990 1216 3055 conﬂictum,
1241 2991 1385 3061 quod
1417 2990 1792 3045 necessarium

212 3083 393 3140 visum
418 3083 599 3147 luerit,
632 3084 897 3139 addemus
930 3093 983 3139 et
1015 3099 1135 3139 nos.
1170 3083 1234 3136 Et
1264 3098 1387 3139 cum
1429 3084 1543 3138 haec
1564 3082 1793 3139 dixisset

212 3174 432 3239 Petrus,
468 3177 667 3246 gavisae
709 3184 838 3230 sunt
874 3176 1063 3230 turbae.
1102 3174 1289 3231 Niceta
1324 3185 1454 3229 vero
1484 3175 1665 3233 dicere
1689 3175 1792 3231 hoc

213 3268 379 3322 modo
426 3270 723 3338 aggressus
779 3278 862 3323 est
898 3287 910 3324 :
942 3267 1210 3335 Deﬁnisti,
1264 3266 1447 3331 Pater,
1490 3268 1637 3338 quod
1682 3283 1791 3323 non

213 3375 313 3430 per
343 3359 436 3413 Dei
472 3360 867 3429 providentiam
899 3360 1137 3414 mundus
1187 3369 1430 3429 regatur,
1466 3360 1563 3415 sed
1609 3361 1790 3415 omnia

209 3447 402 3517 genesi
458 3448 800 3515 subjaceant,
878 3449 959 3503 vel
1013 3436 1134 3519 qum
1192 3449 1259 3502 ad
1314 3463 1493 3504 mores
1529 3450 1793 3505 uniuscu-

203 3539 413 3612 jusque
437 3542 520 3595 vel
561 3556 682 3610 qua:
712 3543 778 3595 ad
822 3552 973 3611 gesta
1006 3541 1299 3611 pertinent.
1333 3540 1414 3595 Ad
1450 3558 1571 3612 qua:
1602 3544 1788 3597 statim

206 3630 433 3700 quidem
468 3634 617 3700 potui
652 3633 1001 3701 reSpoudere,
1034 3633 1128 3686 sed
1163 3633 1291 3703 quia
1322 3633 1533 3703 justum
1555 3642 1639 3689 est
1670 3650 1789 3691 ser-

208 3736 347 3776 vare
396 3723 670 3789 ordinem,
719 3723 1010 3779 deﬁnimus
1058 3733 1112 3779 et
1159 3741 1261 3781 nos
1306 3726 1439 3797 quid
1478 3735 1786 3793 teneamus,

209 3816 360 3870 sicut
406 3817 523 3884 ipse
558 3814 673 3870 ﬁeri
708 3816 936 3885 rogasti.
975 3816 1087 3887 Ego
1134 3817 1259 3871 dico
1304 3818 1647 3888 providentia
1692 3820 1789 3876 Dei

210 3907 511 3978 gubernari
543 3908 828 3971 mundum,
866 3908 919 3961 in
959 3907 1045 3983 his
1076 3908 1341 3963 duntaxat
1366 3925 1485 3980 qua:
1515 3912 1790 3981 guberna-

209 4001 364 4056 tione
406 3998 526 4069 ejus
560 3999 824 4069 indigent.
876 3998 1032 4055 Unus
1065 4008 1147 4056 est
1184 4001 1332 4055 enim
1367 4003 1552 4056 omnia
1592 4012 1789 4060 tenens

208 4093 309 4161 qui
364 4101 418 4146 et
463 4092 729 4147 mundum
764 4092 913 4157 fecit,
944 4094 1127 4163 justus
1160 4092 1328 4159 Deus,
1373 4096 1672 4166 unicuique
1701 4114 1789 4152 se-

208 4182 456 4237 cundum
480 4189 633 4253 gesta
666 4197 763 4237 sua
793 4183 1123 4254 quandoque
1149 4183 1486 4240 redditurus.
1516 4184 1657 4241 Ecce
1683 4186 1783 4239 ha-

211 4271 315 4327 bes
345 4278 399 4327 et
421 4280 667 4327 nostram
700 4272 1102 4341 definitionem;
1138 4290 1285 4330 nunc
1332 4274 1476 4345 quod
1499 4277 1582 4333 vis
1605 4293 1791 4348 prose-

208 4377 405 4433 quere,
430 4364 515 4418 vel
550 4378 670 4423 mea
693 4363 1006 4429 destruens,
1040 4365 1126 4421 vel
1158 4372 1251 4421 tua
1285 4382 1564 4432 asserens,
1600 4375 1658 4423 ut
1686 4384 1789 4439 ego

208 4457 302 4511 his
333 4471 454 4526 quae
488 4471 518 4509 a
558 4464 611 4511 te
657 4464 1079 4526 prosequentur,
1121 4472 1435 4515 occurram.
1473 4460 1582 4515 Aut
1618 4462 1667 4516 si
1700 4477 1787 4518 me

207 4550 299 4604 vis
339 4550 571 4617 priorem
596 4549 797 4609 dicere,
826 4564 938 4603 non
970 4551 1245 4607 morabor.

287 4640 399 4719 V_'.I.
441 4641 507 4695 Et
554 4657 721 4697 senex
769 4643 1089 4713 respondit:
1124 4643 1251 4700 Sive
1293 4645 1393 4700 tibi
1442 4646 1643 4718 placet,
1681 4648 1778 4715 ﬁli,

1908 603 2044 656 nihil
2089 604 2333 665 interest,
2368 604 2512 673 apud
2557 620 2652 659 eos
2682 605 2979 674 praecipue,
3009 606 3105 676 qui
3142 606 3287 662 bona
3325 608 3486 663 venia

1907 693 2210 761 disputant.
2260 693 2357 747 Dic
2408 702 2590 748 tamen
2632 704 2689 749 tu
2734 697 2908 765 prior,
2960 698 3196 753 libenter
3246 690 3483 773 accipio,

1906 792 2070 855 atque
2103 787 2308 839 utinam
2340 786 2523 854 possis
2550 788 2713 841 etiam
2741 803 2864 856 quae
2895 804 2926 840 a
2960 804 3047 843 me
3093 790 3325 845 dicenda
3359 803 3488 848 sunt

1906 880 2187 948 prosequi,
2221 888 2387 949 atque
2416 880 2501 933 his
2528 895 2651 949 quae
2674 881 2957 933 contraria
2980 891 3109 935 sunt
3138 882 3403 950 objicere,
3430 892 3485 938 et

1907 986 1974 1025 ex
2016 978 2374 1041 utrorumque
2406 973 2704 1026 collatione
2732 972 3021 1029 ostendere
3050 976 3358 1029 veritatem.
3390 974 3487 1027 Ni-

1906 1073 2025 1121 ceta
2064 1065 2342 1135 respondit
2372 1084 2383 1118 :
2415 1064 2472 1118 Si
2517 1066 2625 1127 vis,
2672 1066 2871 1134 inquit,
2901 1081 3127 1135 possunt
3169 1068 3334 1122 etiam
3361 1076 3485 1123 tuas

1907 1164 2089 1226 partes
2130 1155 2333 1219 dicere,
2372 1165 2424 1211 et
2472 1158 2541 1210 ad
2595 1158 2710 1212 haec
2759 1156 3110 1227 respondere.
3157 1158 3223 1213 Et
3268 1175 3481 1213 senex:

1905 1247 2143 1304 Ostende
2184 1250 2316 1303 mihi
2360 1250 2533 1319 prius,
2575 1249 2853 1319 quomodo
2894 1259 3053 1321 potes
3096 1252 3241 1307 scire
3270 1269 3331 1307 ea
3359 1269 3483 1322 qua:

1873 1407 1877 1411 ν
1906 1343 2150 1395 ηοιιιΙιιιιι
2179 1341 2397 1397 locutus
2425 1356 2566 1405 sum,
2590 1326 2655 1396 iet
2687 1343 2759 1395 ita
2790 1342 2887 1395 tibi
2917 1342 3162 1407 credam,
3184 1343 3332 1414 quod
3356 1360 3483 1412 par-

1905 1441 1987 1489 tes
2013 1448 2162 1488 meas
2192 1434 2449 1503 prosequi
2482 1433 2683 1503 possis.
2712 1432 2779 1488 Et
2808 1433 2997 1490 Niceta
3026 1454 3037 1489 :
3067 1430 3249 1500 Secta,
3281 1436 3479 1506 inquit,

1903 1535 1996 1580 tua
2028 1534 2080 1581 et
2110 1520 2380 1581 sententia
2409 1541 2575 1595 quam
2606 1525 2867 1590 deﬁnisti,
2936 1524 3227 1581 manifesta
3275 1536 3360 1583 est
3397 1529 3482 1586 his

1903 1618 1997 1689 qui
2028 1617 2229 1672 eruditi
2262 1624 2393 1672 sunt
2432 1617 2488 1671 in
2517 1616 2833 1686 huiusmodi
2862 1616 3190 1687 disciplinis,
3220 1628 3482 1691 certaque

1904 1718 1988 1767 est
2009 1709 2128 1779 ejus
2154 1708 2569 1779 consequentia.
2596 1708 2663 1763 Et
2684 1708 2813 1780 quia
2840 1724 2942 1781 ego
2971 1725 3080 1765 non
3104 1710 3229 1766 sum
3254 1712 3481 1783 ignarus

1904 1820 2025 1875 quae
2070 1804 2179 1858 sint
2228 1801 2575 1857 deﬁnitiones
2615 1802 3087 1873 philosophorum,
3120 1819 3188 1859 ex
3231 1804 3317 1859 his
3352 1820 3477 1875 quae

1900 1893 2259 1968 proposuisti,
2320 1893 2451 1963 quid
2509 1903 2881 1965 consequatur
2939 1908 3199 1964 agnosco,
3243 1896 3480 1951 maxime

1901 1990 2029 2059 quia
2067 2004 2177 2058 pra:
2218 1986 2430 2043 caeteris
2474 1986 2816 2055 philosophis
2863 1985 3085 2056 Epicuri
3119 1987 3339 2042 scholas
3368 1987 3481 2042 Ire-

1900 2081 2181 2152 queutavi.
2233 2077 2427 2134 Frater
2466 2088 2648 2132 autem
2693 2092 2849 2132 meus
2880 2077 3100 2147 Aquila,
3135 2079 3311 2147 magis
3340 2077 3480 2152 Pyr-

1900 2170 2125 2225 rhonios
2161 2176 2384 2224 secutus
2412 2175 2518 2228 est,
2547 2167 2687 2222 alius
2725 2173 2908 2221 autem
2941 2165 3111 2220 frater
3139 2175 3328 2222 noster
3354 2166 3481 2221 Pla-

1899 2262 2115 2317 tonicos
2144 2268 2199 2315 et
2234 2258 2614 2314 Aristotelicas
2644 2257 2792 2327 (68);
2839 2257 3025 2327 itaque
3065 2259 3193 2311 cum
3243 2258 3478 2314 eruditis

1900 2353 1998 2409 tibi
2016 2351 2356 2407 auditoribus
2369 2365 2551 2405 sermo
2563 2357 2665 2405 est.
2684 2347 2824 2402 Tum
2848 2363 3016 2403 senex
3044 2368 3059 2403 :
3092 2348 3257 2412 Bene,
3274 2350 3474 2420 inquit,

1898 2436 1953 2501 et
1966 2450 2368 2515 consequenter
2379 2441 2613 2496 docuisti
2625 2482 2637 2501 ,
2655 2439 2930 2511 quomodo
2947 2456 3012 2495 ex
3036 2441 3120 2495 his
3140 2456 3261 2511 qum
3275 2456 3477 2511 propo-

1900 2536 2020 2592 sitae
2049 2542 2177 2591 sunt
2206 2533 2636 2595 deﬁnitionibus,
2655 2532 2818 2585 etiam
2838 2547 2900 2586 ea
2918 2547 3041 2602 qua.-
3062 2543 3479 2604 consequuntur

1898 2626 2232 2681 adverteres.
2257 2623 2361 2679 Sed
2386 2639 2487 2693 ego
2517 2624 2751 2693 amplius
2783 2624 2987 2693 aliquid
3013 2624 3294 2693 professus
3329 2642 3475 2691 sum,

1898 2732 2062 2788 quam
2124 2718 2289 2772 sentit
2343 2716 2643 2786 Epicurus,
2700 2715 2827 2784 quia
2884 2715 3163 2770 introduxi
3210 2719 3473 2787 genesim,

1896 2825 2123 2878 eamque
2142 2823 2361 2863 causam
2392 2809 2633 2862 omnium
2656 2819 2931 2880 gestorum
2957 2810 3269 2866 hominibus
3293 2814 3473 2883 posui.

1969 2898 2105 2955 Vill.
2148 2898 2393 2969 Cumque
2431 2899 2545 2953 haec
2589 2915 2756 2954 senex
2796 2900 3045 2968 dixisset,
3092 2916 3191 2973 ego
3221 2902 3475 2959 Clemens

1897 2989 1985 3043 aio
2012 2989 2079 3043 ad
2112 3006 2235 3043 eum
2271 3005 2284 3039 :
2320 2990 2482 3055 Audi,
2515 2988 2696 3055 Pater,
2712 2988 2757 3042 si
2782 3001 2885 3046 ate
2908 2992 3075 3048 frater
3097 3008 3251 3048 meus
3282 2992 3473 3050 Niceta

1898 3082 2220 3145 obtinuerit,
2248 3083 2375 3151 quia
2418 3098 2527 3136 non
2570 3084 2689 3137 sine
2722 3083 2815 3137 Dei
2849 3085 3192 3154 providentia
3234 3087 3472 3143 mundus

1899 3174 2103 3243 agitur,
2149 3174 2205 3227 in
2242 3174 2345 3227 ista
2376 3181 2531 3244 parte
2567 3190 2689 3242 quae
2733 3183 2987 3244 superest
3016 3175 3084 3231 de
3116 3178 3328 3245 genesi.
3364 3194 3469 3249 ego

1900 3265 1997 3319 tibi
2027 3272 2218 3334 potero
2250 3264 2612 3334 respondere;
2642 3273 2725 3319 est
2752 3266 2895 3319 enim
2928 3268 3059 3321 mihi
3087 3269 3279 3322 notitia
3304 3270 3469 3341 hujus

1897 3358 2160 3413 scientiae.
2194 3356 2258 3411 Et
2278 3373 2402 3411 cum
2426 3358 2541 3411 haec
2559 3358 2846 3422 dixissem,
2874 3357 3042 3415 frater
3068 3375 3220 3419 meus
3241 3363 3467 3434 Aquila:

1896 3448 2037 3515 Quid
2073 3462 2297 3503 necesse
2343 3456 2448 3512 est,
2473 3449 2670 3519 inquit,
2700 3463 2759 3503 ut
2792 3466 2915 3505 eum
2946 3460 3154 3521 patrem
3187 3469 3469 3520 vocemus,

1895 3555 2019 3596 cum
2054 3543 2108 3596 in
2138 3540 2412 3595 mandatis
2442 3541 2741 3597 habeamus
2771 3544 3043 3597 neminem
3074 3560 3241 3614 super
3265 3556 3469 3603 terram

1895 3634 2105 3705 patrem
2136 3633 2373 3687 vocare?
2403 3630 2467 3685 Et
2495 3642 2620 3702 post
2660 3634 2774 3687 haec
2795 3636 3097 3704 respiciens
3130 3636 3197 3690 ad
3227 3653 3414 3693 senem
3443 3654 3460 3691 :

1894 3725 2015 3781 Non
2065 3726 2350 3795 injuriose,
2396 3725 2595 3795 inquit,
2651 3726 2916 3795 accipias,
2949 3726 3133 3793 Pater,
3179 3730 3326 3799 quod
3359 3729 3471 3784 l‘ra-

1897 3825 2036 3875 trem
2083 3833 2262 3873 meum
2315 3817 2553 3889 culpavi,
2587 3817 2715 3888 quia
2762 3825 2817 3873 te
2844 3827 3053 3889 patrem
3085 3832 3338 3889 vocaret;
3370 3822 3468 3877 ha-

1895 3911 2088 3965 bemus
2118 3909 2262 3964 enim
2310 3910 2419 3964 tale
2476 3908 2816 3975 mandatum,
2848 3925 2917 3963 ne
2972 3910 3207 3980 aliquem
3239 3912 3466 3967 nomine

1894 4002 2001 4059 isto
2058 4002 2360 4056 vocitemus
2381 4001 2446 4055 ⁸⁸.
2489 4000 2735 4067 Cumque
2792 4002 2907 4055 haec
2961 4003 3189 4058 dixisset
3240 4004 3459 4073 Aquila,

1873 4094 2016 4166 ‘risit
2068 4094 2311 4149 omnium
2362 4096 2657 4149 astantium
2712 4101 2888 4149 cattus
2926 4110 3033 4148 una
3075 4110 3201 4149 cum
3252 4112 3383 4152 sene
3410 4104 3467 4151 et

1877 4178 2074 4241 ‘Petro.
2106 4186 2302 4256 Aquila
2320 4193 2513 4239 autem
2543 4183 2856 4254 requirente
2874 4199 3117 4250 causam,
3147 4202 3245 4241 cur
3272 4203 3466 4244 omnes

1892 4278 2138 4341 riserint,
2176 4278 2261 4331 aio
2285 4275 2352 4329 ad
2390 4291 2517 4330 eum
2550 4295 2562 4329 :
2591 4274 2748 4341 Quod
2777 4283 2834 4329 tu
2869 4276 2924 4330 in
2950 4292 3061 4347 quo
3084 4278 3221 4333 alios
3251 4278 3463 4349 culpas,

1891 4371 1944 4425 id
1974 4371 2089 4440 ipse
2116 4370 2271 4433 facis,
2297 4367 2390 4438 qui
2410 4383 2595 4429 senem
2618 4368 2978 4437 appellaveris
3007 4376 3237 4439 patrem.
3267 4370 3338 4423 At
3374 4371 3467 4426 ille

1891 4464 2148 4532 negabat,
2177 4461 2368 4516 dicens
2388 4458 2547 4515 :Vere
2576 4459 2768 4515 nescio
2794 4461 2841 4515 si
2870 4476 2993 4515 eum
3020 4470 3229 4530 patrem
3249 4466 3459 4518 vocavi.

1814 4540 1861 4599 Ῑ)
1891 4555 2099 4610 Interea
2123 4553 2316 4608 Petrus
2344 4553 2663 4608 movebatur
2681 4554 3090 4623 suspicionibus
3110 4554 3459 4625 quibusdam,

1891 4648 2035 4703 sicut
2092 4647 2209 4717 ipse
2258 4646 2416 4702 nobis
2468 4646 2745 4701 enarravit
2786 4647 3236 4716 postmodum,et
3283 4647 3463 4718 respi-

290 4826 335 4860 “
366 4828 499 4951 (ipse
522 4832 829 4897 sequuntur
850 4842 1025 4896 usque
1057 4828 1123 4882 ad
1149 4826 1307 4883 ﬁnem
1335 4828 1498 4900 hujus
1531 4830 1676 4897 libri,
1706 4831 1946 4887 breviter
1975 4829 2353 4885 tantummodo
2386 4838 2439 4882 et
2472 4842 2525 4880 in
2555 4822 2936 4895 compendium
2968 4827 3183 4882 redacta
3214 4830 3267 4884 in
3296 4830 3462 4887 codd.

290 4912 348 4951 is.
442 4901 574 4951 inss.
602 4899 971 4951 continentur.
998 4896 1118 4951 Vid.
1155 4899 1364 4951 nrazfat-
1439 4899 1689 4951 "Matth-
1722 4918 1875 4951 xxiii-
1907 4903 1961 4951 9-

442 4901 574 4970 ipss.
601 4896 971 4954 continentur.
998 4896 1118 4954 Vid.
1153 4899 1364 4970 praefat,
1408 4896 1689 4957 '"Matth.
1722 4918 1876 4969 χχιιι,
1907 4903 1961 4958 9.

1517 5039 1887 5095 COTELEREI
1925 5037 2157 5095 ΝΟΤίΕ.

437 5200 588 5282 Alius
618 5199 1227 5282 auten‘tfraterno’ster,‘
1246 5197 1551 5282 Platonicos
1576 5207 1625 5282 et
1658 5197 1781 5282 {iri-

204 5268 495 5327 stotelicoa.
532 5268 713 5336 Elogia
743 5269 1039 5324 Clementis
1069 5270 1122 5323 in
1151 5270 1347 5323 litteris
1380 5270 1633 5324 humanis
1666 5269 1781 5323 hac

205 5350 343 5411 sunt
376 5361 387 5396 :
422 5339 750 5411 Clemens}:
779 5340 1085 5411 philosopho
1125 5356 1331 5409 magna»
1356 5341 1780 5411 idoctrinwyr;

201 5408 617 5479 Commentario
652 5410 822 5479 Epist.
844 5410 912 5463 ad
949 5408 1327 5479 Philippensem
1352 5410 1404 5463 in
1422 5427 1566 5475 (λιν,
1592 5408 1755 5464 t.Vlll

204 5478 522 5553 Hieronymi
551 5478 822 5535 :Clemens
845 5481 989 5533 omni
1010 5478 1229 5553 scientia
1252 5481 1495 5553 refgtus,
1528 5482 1784 5553 omniu_nt-

201 5567 305 5624 que
334 5548 631 5624 liberalium
683 5553 877 5605 artium
908 5548 1657 5624 peritissimusaEucherius,
1686 5548 1787 5604 Pa-

204 5622 403 5677 renesi
441 5622 514 5677 De
544 5631 838 5690 contemptu
864 5622 1043 5674 mundi
1080 5636 1097 5675 :
1134 5625 1417 5690 Acceporat
1448 5622 1513 5677 Β.
1537 5622 1775 5675 Clemens

200 5693 484 5748 scientiam
509 5694 975 5763 quamplurimum,
997 5696 1073 5763 ita
1116 5704 1173 5747 ut
1212 5692 1440 5761 optimus
1469 5692 1679 5762 quidem
1710 5691 1779 5744 il-

202 5763 313 5817 lius
360 5762 607 5833 temperi:
650 5762 985 5833 philosophus
1021 5762 1322 5834 haberetur,
1365 5763 1508 5834 apud
1539 5763 1778 5834 Bernar-

202 5835 336 5890 dum
371 5835 619 5892 Sermone
659 5836 720 5891 dc
753 5835 809 5890 S.
860 5834 1163 5891 Clemente:
1200 5833 1425 5908 Κλήμηζ
1456 5838 1483 5893 ὸ
1518 5833 1681 5897 πολὺς
1723 5836 1779 5887 ἐν

1883 5200 2045 5271 σοφίᾳ
2073 5195 3010 5323 211WJSI.AMSI@IUS,."Ongl
3039 5210 3158 5265 cap.
3182 5197 3232 5252 I.
3265 5196 3465 5283 EtCle.

1884 5281 2121 5323 mentem
2158 5285 2193 5323 D
2236 5268 2543 5323 tlosouhum
2577 5264 2836 5323 Dionvsm
2864 5267 3140 5319 Iaudtaum
3172 5266 3248 5322 De
3268 5273 3463 5323 diurnis

1884 5264 2121 5327 mentem
2158 5264 2551 5339 philosophum
2577 5264 2836 5339 Dionysio
2864 5264 3140 5339 laudtaum
3172 5266 3248 5322 De
3268 5272 3463 5327 divinis

1884 5334 2203 5403 nominibui,
2239 5354 2360 5409 cap.
2380 5334 2457 5404 '5;
2504 5334 2853 5409 Maximuset
2883 5336 3263 5409 _Pa_ehymeres
3318 5342 3464 5396 hunc

1883 5409 2187 5466 Romanum
2222 5405 2850 5478 intérpretanturNerba
2880 5406 2936 5461 S.
2969 5405 3073 5478 Nili
3096 5417 3255 5478 sunt,
3276 5410 3371 5468 lib.
3397 5429 3459 5477 ιι,

1883 5482 2047 5553 epist.
2073 5481 2163 5539 L9,
2206 5497 2259 5551 p.
2290 5476 2435 5553 14οε
2470 5477 2584 5553 Οςῖέκ
2610 5476 2882 5553 Ἀπρλλὼς
2911 5480 2938 5531 ὁ
2966 5476 3348 5553 ξΔλεξᾳνρρεγὺς
3376 5476 3465 5535 16-

1884 5546 2001 5642 τὲος
2033 5556 2074 5642 6,,
2089 5546 3157 5642 ῖτφτίῖτῂξξεέῖ,Χρίῑτέδιξαθζλξὲῖκοὶ
3170 5546 3465 5642 Elter“?

1909 5622 2179 5694 Ρωμαίων
2222 5618 2702 5694 φιλόσφφος-,ιιιιω
2746 5618 2827 5675 sic
2857 5626 3074 5694 _verto:
3103 5618 3231 5694 lion
3271 5618 3464 5694 Apollo

2629 5704 2720 5743 ens
2748 5729 2764 5756 ,
2820 5688 3024 5761 rigetet
3078 5688 3405 5761 ὀὶεεὲραιοὴ
3406 5709 3461 5748 ιι

2617 5772 2838 5815 omanus
2861 5759 3217 5829 philoaovltu.

1885 5690 2282 5748 Alesiandn'nus
2344 5692 2428 5744 vir
2477 5690 2525 5742 el

1886 5764 2087 5821 Christi
2110 5779 2127 5825 ;
2153 5780 2254 5820 non
2285 5761 2545 5828 Clemens,
