4048 6342
655 373 795 429 1573

1501 367 1559 425 S.
1596 363 2036 423 CLEMENTISI
2076 362 2245 420 ROM.
2277 359 2714 418 PONTDPEM
2753 360 2982 416 DUDiA.

3769 362 3912 417 i376

652 489 807 542 ciens
834 486 902 541 ad
929 484 1205 540 Nicetam:
1236 483 1674 556 Expedi,iuquit,
1695 482 1836 551 quod
1860 478 2209 552 preposuisti.
2245 486 2292 542 Α
2321 485 2569 542 vocatur,
2602 475 2805 531 frustra
2829 477 3043 546 justitia
3082 476 3411 544 custoditur,
3454 479 3663 548 quippe
3703 477 3752 532 si
3799 493 3912 532 non

712 574 806 631 IX.
850 576 987 630 Tum
1040 575 1226 630 Niceta
1274 577 1377 631 hoc
1430 573 1591 630 modo
1633 587 1866 628 exorsus
1893 567 2216 626 est:0mne

651 660 795 738 quod
834 675 942 730 est,
975 677 1068 721 aut
1116 668 1342 736 simplex
1391 675 1475 721 est
1525 672 1616 719 aut
1643 663 2023 733 compositum.
2054 660 2213 727 Quod

652 759 885 829 simplex
914 766 998 814 est
1029 758 1162 833 (t9),
1208 764 1358 813 caret
1409 770 1659 819 numero,
1690 753 1980 816 divisione,
2009 752 2214 817 colore,

652 851 984 916 diﬂ'erentia,
1039 851 1355 919 asperitate,
1407 849 1649 909 lenitate.
1684 843 1941 916 pondere,
1975 843 2213 908 levitate,

653 943 934 1010 qualitate,
962 943 1300 1012 quantitate.
1343 947 1398 994 et
1435 939 1509 994 ob
1549 939 1650 992 hoc
1688 937 1851 992 etiam
1891 935 2018 989 line.
2056 933 2215 999 Quod

652 1048 780 1088 vero
807 1033 1168 1103 compositum
1214 1039 1318 1093 est,
1361 1039 1450 1084 aut
1487 1045 1552 1085 ex
1584 1028 1800 1083 duobus
1831 1035 1921 1080 aut
1948 1041 2013 1080 ex
2035 1024 2216 1080 tribus

649 1132 744 1176 aut
769 1124 928 1178 etiam
967 1138 1036 1178 ex
1062 1129 1297 1192 quatuor
1321 1121 1679 1189 compositum
1705 1127 1813 1180 est,
1851 1123 1947 1170 aut
1973 1123 2120 1170 certe
2146 1129 2212 1170 ex

653 1215 922 1285 pluribus,
946 1221 998 1268 et
1027 1228 1147 1283 qua:
1177 1212 1477 1281 composita
1521 1217 1668 1271 sunt,
1704 1209 2025 1264 necessario
2050 1205 2212 1261 etiam

648 1305 819 1361 dividi
852 1311 1100 1376 possunt.
1145 1303 1212 1357 Et
1237 1310 1413 1357 senex
1433 1301 1659 1355 audiens
1690 1300 1802 1353 haec
1827 1318 1839 1354 ε
1863 1297 2096 1368 Optime,
2127 1297 2214 1350 in-

649 1396 788 1466 quit,
819 1404 874 1450 et
914 1395 1230 1463 doctissime
1272 1394 1430 1455 dicis,
1459 1393 1557 1448 illi.
1587 1390 1654 1445 Et
1685 1390 1871 1445 Niceta
1903 1407 1916 1443 :
1946 1387 2118 1460 igitur
2146 1387 2213 1442 il-

649 1485 741 1540 lud
772 1484 917 1554 quod
946 1481 1173 1554 simplex
1206 1493 1290 1538 est
1315 1493 1368 1538 et
1401 1481 1486 1537 his
1518 1481 1778 1536 omnibus
1805 1488 1979 1544 caret,
2007 1478 2214 1550 quibus

649 1562 790 1632 scivi
815 1575 958 1646 quod
1003 1570 1274 1637 subsistit,
1315 1580 1515 1642 potest,
1544 1571 1664 1625 sine
1695 1571 1858 1625 dubio
1904 1571 2211 1640 incompre-

649 1665 918 1720 hensibile
945 1671 999 1719 et
1041 1665 1507 1726 iminensumtest,
1541 1677 1718 1732 neque
1761 1661 1976 1716 initium
2035 1661 2204 1716 ullum

648 1772 825 1828 neque
855 1758 1014 1814 tinem
1058 1755 1262 1816 sciens,
1291 1760 1347 1808 et
1375 1753 1498 1808 ideo
1530 1768 1697 1808 unum
1728 1759 1782 1806 et
1811 1753 1986 1808 solum
2011 1759 2118 1814 est,
2155 1761 2208 1804 et

648 1850 768 1904 sine
787 1872 795 1881 λ·
813 1855 1038 1910 auctore
1079 1845 1411 1900 subsistens.
1444 1842 1600 1909 Quod
1635 1850 1814 1898 autem
1844 1844 2206 1913 compositum

646 1950 752 2004 est,
785 1950 838 1996 et
863 1952 1094 1994 numero
1113 1953 1179 1992 ac
1209 1937 1514 1992 diversitati
1544 1936 1907 2006 divisionique
1939 1935 2205 2004 subjacct,

649 2030 967 2085 necessario
988 2027 1423 2096 auctorezﬂiquo
1450 2027 1811 2096 compositum
1841 2036 1944 2090 est,
1963 2036 2126 2096 atque
2151 2027 2207 2081 iu

647 2131 810 2173 unam
866 2117 1098 2187 speciem
1150 2115 1438 2171 diversitas
1485 2129 1829 2187 congregata.
1877 2116 2030 2184 Quod
2083 2135 2212 2191 ergo

649 2208 979 2263 immensum
999 2216 1100 2268 est,
1134 2206 1375 2260 bonitate
1416 2215 1567 2274 pater
1588 2216 1691 2270 est,
1717 2207 1913 2263 virtute
1943 2209 2210 2264 conditor.

646 2295 1006 2366 Neque-ergo
1056 2296 1319 2355 condendi
1364 2295 1536 2351 virtus
1581 2298 1634 2351 in
1679 2287 1946 2352 immenso
1999 2313 2212 2355 cessare

646 2391 844 2458 potuit,
879 2404 1052 2452 neque
1079 2387 1300 2444 bonitas
1321 2389 1505 2454 otiari,
1531 2390 1622 2446 sed
1645 2391 1711 2444 ad
1736 2392 2112 2446 sulistituenda
2147 2403 2212 2446 ea

646 2483 769 2548 quas
797 2490 956 2544 sunt,
1002 2479 1238 2535 bonitate
1265 2518 1283 2544 ,
1328 2480 1397 2534 ad
1443 2482 1813 2550 componenda
1845 2490 1900 2536 et
1928 2481 2212 2548 ﬁrmanda,

645 2569 850 2625 virtute
884 2575 1255 2638 provocatur.‘
1277 2565 1699 2622 Substituuntur
1726 2582 1855 2637 ergo
1885 2575 1938 2622 et
1983 2583 2207 2639 compo-

647 2668 852 2715 nuntur
881 2658 1148 2730 quaedam,
1177 2667 1236 2712 ut
1265 2656 1519 2721 diximus,
1551 2673 1615 2712 ex
1655 2657 1869 2712 duobus
1898 2657 1978 2712 vel
2010 2672 2074 2711 ex
2107 2659 2206 2712 tri-

647 2751 771 2815 bus,
815 2751 1061 2820 quaedam
1103 2763 1342 2804 veroex
1385 2759 1639 2818 quatuor.
1680 2749 1785 2802 alia
1829 2764 1897 2803 ex
1934 2748 2200 2818 pluribus.

650 2836 759 2896 Sed
785 2839 1045 2911 quoniam
1075 2854 1222 2894 nunc
1250 2838 1410 2892 nobis
1441 2838 1508 2895 de
1545 2838 1730 2892 mundi
1775 2841 1980 2894 ratione
2010 2837 2197 2909 quaeri-

646 2941 735 2986 tur
758 2938 812 2986 ct
844 2934 910 2985 de
940 2929 1245 2986 substantia
1304 2928 1445 2998 ejus,
1482 2944 1643 3000 quam
1698 2945 1762 2984 ex
1809 2938 2042 3000 quatuor
2091 2929 2203 2983 ele-

645 3023 843 3078 mentis
890 3037 1012 3078 esse
1063 3022 1418 3090 compositam
1467 3026 1703 3083 constat,
1746 3021 1833 3074 cui
1879 3035 2066 3076 omnes
2101 3019 2204 3076 illa:

643 3113 828 3170 decem
857 3111 1173 3167 «inferentia:
1195 3126 1332 3181 quas
1369 3126 1534 3181 supra
1569 3111 2082 3182 comprehendimus
2113 3125 2204 3165 ac—
2233 3141 2276 3199 ρ

637 3204 851 3268 cidunt,
881 3204 950 3257 ab
975 3203 1059 3257 his
1093 3199 1445 3257 inferioribus
1469 3201 1792 3272 incipientes
1821 3203 2103 3273 gradibus,
2137 3203 2205 3262 ad

643 3297 926 3366 superiora
960 3291 1377 3348 veniemus.Via
1404 3293 1548 3348 enim
1583 3294 1739 3348 nobis
1770 3294 1838 3347 ad
1863 3294 2207 3350 intellectua-

642 3388 720 3441 lia
745 3393 798 3441 et
824 3384 1121 3458 invisibijia
1159 3383 1335 3440 abhis
1365 3399 1486 3454 qua:
1522 3383 1766 3439 videmus
1805 3393 1859 3440 et
1898 3392 2207 3440 contrecta-

643 3492 764 3534 tuus
793 3475 979 3538 .datur,
1016 3475 1160 3530 sicut
1190 3475 1502 3530 continetur
1541 3476 1595 3531 in
1641 3475 1999 3532 arithmeticis
2037 3477 2204 3536 disci-

642 3567 824 3636 plinis,
848 3565 940 3619 ubi
967 3579 1090 3619 cum
1123 3565 1190 3619 de
1219 3564 1418 3619 divinis
1440 3566 1721 3634 quaeritur,
1755 3568 1824 3620 ab
1854 3565 2203 3624 inferioribus

643 3655 713 3711 ad
765 3655 1074 3725 superiores
1133 3671 1391 3711 numeros
1440 3658 1772 3721 ascenditur,
1807 3673 1928 3712 cum
1974 3673 2102 3714 vero
2139 3661 2207 3716 de

643 3747 1006 3818 prasentihus
1048 3754 1100 3802 et
1151 3747 1458 3803 visibilibus
1500 3750 1637 3802 ratio
1665 3749 1976 3819 exponitur,
2011 3748 2079 3804 de
2108 3765 2204 3810 su-

642 3841 948 3911 perioribus
999 3840 1062 3895 ad
1118 3839 1405 3896 inferiores
1452 3856 1706 3896 numeros
1753 3841 1886 3901 ordo
1933 3843 2201 3916 dirigitur.

640 3935 749 3987 Aut
772 3947 889 4004 non
918 3933 990 3985 ita
1020 3931 1138 3986 est?

712 4021 782 4080 X.
823 4021 887 4076 Et
924 4037 1088 4080 senex
1115 4021 1189 4078 ait
1224 4039 1234 4074 :
1267 4021 1432 4077 Valde
1456 4021 1591 4078 bene
1622 4023 1988 4094 prosequeris.
2015 4022 2080 4078 Et
2111 4022 2204 4079 Ni-

2242 1816 2280 1866 Β

641 4120 761 4169 ceta
793 4133 807 4168 :
843 4113 916 4169 De
945 4115 1131 4168 mundi
1162 4128 1306 4168 nunc
1347 4129 1475 4185 ergo
1526 4115 1737 4173 ratione
1764 4116 2207 4186 prosequendum

640 4213 748 4269 est,
782 4205 937 4273 cujus
977 4201 1150 4274 prima
1186 4205 1416 4275 quaestio
1441 4205 1496 4260 iu
1534 4205 1672 4260 duas
1700 4216 1882 4271 partes
1913 4207 2200 4264 dividitur.

641 4293 913 4362 Quaeritur
942 4296 1085 4350 enim
1119 4303 1302 4350 utrum
1334 4295 1511 4350 iactus
1535 4295 1626 4360 sit,
1652 4311 1720 4350 an
1749 4312 1891 4366 non;
1919 4305 1972 4352 et
2008 4297 2054 4353 si
2080 4298 2202 4370 qui-

641 4387 763 4442 dem
796 4403 904 4442 non
942 4395 1026 4442 est
1076 4386 1274 4450 factus,
1300 4388 1418 4457 ipse
1449 4388 1553 4443 erit
1599 4387 1732 4443 illud
1772 4387 2097 4460 ingenitum,
2130 4405 2194 4444 ex

2318 574 2400 623 est
2445 569 2539 638 qui
2580 569 2734 637 justo
2783 584 2882 639 pro
2914 568 3128 623 meritis
3154 567 3758 638 aiiquandorestituat.
3800 567 3910 622 Sed

2317 677 2386 730 ne
2409 660 2588 714 anima
2618 660 2834 730 quidem
2868 659 2982 729 ipsa
3007 659 3330 714 immortalis
3359 660 3660 723 videbitur,
3698 662 3748 716 si
3785 675 3912 715 eam

2317 725 2441 824 post
2504 725 2905 809 absolutionem
2968 752 3215 823 corporis
3271 747 3473 807 nullius
3535 752 3912 823 providentis

2314 845 2550 914 excipiat
2589 844 2944 915 dispensatio.

2385 934 2474 990 XI.
2496 935 2614 990 Jam
2633 937 2679 991 si
2708 935 2971 992 doceatur
2987 951 3110 992 esse
3127 936 3488 997 Providentia,
3513 944 3568 989 et
3593 949 3701 1005 per
3726 936 3908 1004 ipsam

2316 1027 2493 1084 iactus
2524 1045 2647 1085 esse
2671 1029 2907 1085 mundus
2931 1069 2946 1095 ,
2995 1030 3100 1100 alia
3140 1043 3334 1083 rursus
3367 1043 3488 1097 quae
3520 1028 3912 1082 discutiantur

2314 1129 2644 1188 occurrunt;
2675 1119 2984 1190 requiretur
3011 1121 3156 1175 enim
3184 1136 3293 1189 quo
3319 1120 3480 1174 modo
3507 1121 3582 1174 sit
3603 1119 3913 1174 Providen-

2315 1214 2415 1277 tia,
2449 1222 2628 1267 utrum
2663 1213 2985 1283 generaliter
3030 1226 3156 1280 erga
3186 1211 3404 1274 omnia,
3457 1225 3528 1264 an
3582 1210 3909 1278 specialiter

2312 1318 2438 1372 erga
2471 1310 2675 1371 partes,
2709 1317 2777 1355 an
2807 1308 2860 1356 et
2882 1302 3207 1371 generaliter
3235 1317 3364 1371 erga
3393 1313 3597 1370 partes,
3623 1314 3702 1352 au
3725 1310 3780 1354 et
3813 1315 3906 1368 ge—

2313 1393 2570 1448 neraliter
2600 1407 2727 1463 erga
2757 1392 2938 1446 omnia
2960 1399 3021 1448 et
3035 1392 3344 1462 specialiter
3366 1407 3489 1462 erga
3533 1400 3754 1461 partes.
3802 1387 3908 1442 Ge-

2314 1485 2516 1540 neralis
2545 1495 2724 1539 autem
2753 1484 3076 1555 intelligitur
3101 1485 3203 1539 hoc
3231 1483 3601 1556 modo,‘qu_asi
3637 1483 3712 1536 ab
3747 1483 3907 1536 initio

2313 1575 2454 1630 Deus
2494 1575 2698 1632 faciens
2735 1575 2996 1629 mundum
3041 1576 3288 1630 ordinem
3357 1576 3570 1632 dederit
3621 1575 3800 1630 rebus
3854 1584 3906 1629 ct

2312 1680 2533 1720 cursum
2567 1667 2838 1730 statuerit,
2869 1674 2922 1719 et
2950 1665 3088 1718 ultra
3113 1680 3299 1719 eorum
3331 1679 3517 1718 curam
3538 1680 3666 1734 qua:
3699 1680 3905 1734 gerun-

2313 1764 2422 1820 tnr,
2454 1756 2653 1810 habere
2683 1758 3002 1813 cessaverit.
3047 1754 3316 1825 Specialis
3363 1771 3493 1810 vero
3524 1771 3660 1825 erga
3715 1764 3902 1824 partes

2311 1848 2414 1901 hoc
2439 1847 2598 1901 modo
2621 1855 2723 1912 est,
2753 1857 2810 1902 ut
2830 1846 3190 1917 quorumdam
3218 1846 3438 1916 quidem
3474 1846 3560 1900 vel
3605 1846 3899 1900 hominum

2309 1942 2390 1998 vel
2446 1942 2686 1996 locorum
2718 1943 3115 2012 providentiam
3147 1948 3321 2011 gerat,
3348 1940 3724 2010 quorumdam
3771 1956 3898 1995 vero

2311 2049 2417 2088 non
2444 2043 2617 2103 gerat.
2662 2033 2946 2091 Generalis
2996 2043 3174 2088 autem
3227 2034 3470 2087 omnium
3521 2042 3577 2088 et
3638 2034 3896 2103 specialis

2311 2126 2542 2194 partium
2572 2126 2734 2180 simul
2792 2125 2894 2180 hoc
2937 2124 3098 2180 modo
3150 2132 3258 2190 est,
3291 2125 3450 2194 quasi
3501 2135 3559 2180 et
3615 2125 3692 2178 ab
3743 2124 3895 2177 initio

2307 2215 2493 2270 omnia
2527 2216 2717 2270 fecerit
2750 2216 2895 2270 Deus
2917 2253 2936 2278 ,
2974 2226 3028 2270 et
3057 2231 3231 2286 usque
3275 2215 3344 2269 ad
3373 2215 3533 2270 linem
3565 2230 3666 2285 per
3703 2216 3896 2285 singu-

2309 2305 2389 2359 los
2414 2320 2661 2375 quosque
2680 2307 3077 2374 providentiam
3128 2314 3305 2378 gerat,
3365 2313 3419 2361 et
3440 2291 3750 2376 unicuique
3775 2307 3891 2359 red-

2307 2393 2400 2446 dat
2430 2408 2528 2460 pro
2557 2394 2772 2450 actibus
2805 2393 2942 2449 suis.

2376 2481 2489 2538 Xll.
2515 2483 2696 2538 Prima
2718 2499 2849 2555 ergo
2867 2485 2956 2538 illa
2983 2484 3305 2555 propositio,
3330 2499 3450 2556 qua:
3469 2482 3626 2548 dicit,
3661 2484 3796 2554 quia
3825 2485 3893 2540 ab

2307 2574 2462 2630 initio
2500 2573 2644 2630 Deus
2675 2575 2864 2636 fecerit
2918 2575 3126 2639 omnia,
3161 2583 3215 2631 et
3248 2591 3414 2632 cursu
3475 2584 3644 2646 atque
3699 2577 3891 2633 ordine

2305 2664 2470 2719 rebus
2501 2664 2756 2736 imposito
2789 2663 2856 2722 de
2883 2665 3095 2736 reliquo
3119 2665 3256 2720 nihil
3285 2667 3352 2720 ad
3397 2681 3459 2722 se
3505 2675 3755 2735 revocet,
3805 2682 3891 2723 se-

2306 2755 2544 2812 cundum
2585 2756 2827 2824 genesim
2879 2758 2995 2826 geri
3047 2764 3247 2810 cuncta
3282 2755 3591 2812 conﬁrmat.
3633 2757 3729 2826 Ad
3785 2756 3887 2812 hoc

2305 2855 2435 2912 ago
2457 2841 2631 2912 primo
2657 2845 3134 2914 respondebimus,
3158 2854 3211 2901 et
3237 2846 3323 2901 his
3345 2848 3617 2918 prmoipue
3640 2850 3742 2918 qui
3758 2848 3886 2904 deos

2306 2932 2494 2991 colunt
2521 2941 2576 2988 et
2605 2935 2846 3004 genesim
2867 2934 3187 3000 defendunt,
3214 2937 3307 3007 qui
3329 2938 3514 3008 utique
3539 2953 3666 2992 cum
3691 2940 3884 3003 immo-

2307 3021 2421 3078 lant
2441 3023 2549 3079 diis
2571 3032 2624 3079 et
2654 3033 2882 3080 exorant
2910 3041 3028 3090 eos,
3063 3027 3181 3083 sine
3214 3028 3383 3082 dubio
3408 3036 3603 3083 contra
3635 3031 3880 3101 genesim

2312 3128 2370 3169 se
2394 3114 2780 3184 impetraturos
2809 3117 3013 3188 aliquid
3045 3126 3286 3189 sperant,
3312 3127 3364 3173 et
3393 3135 3488 3189 per
3505 3120 3609 3174 hoc
3628 3125 3879 3192 genesim

2308 3205 2546 3261 solvunt.
2568 3205 2702 3260 Cum
2735 3221 2861 3262 vero
2889 3207 3066 3262 rident
3105 3209 3200 3278 qui
3264 3210 3330 3265 ad
3365 3211 3620 3265 virtutem
3682 3228 3879 3282 provo-

2306 3301 2507 3355 cantet
2531 3293 3013 3375 adcontinentiam
3041 3298 3418 3364 cohortantur,
3437 3310 3487 3356 et
3511 3301 3728 3365 dicunt,
3753 3303 3880 3372 quia

2306 3401 2467 3441 nemo
2492 3394 2671 3456 potest
2701 3385 2883 3443 facere
2919 3388 3121 3459 aliquid
3144 3398 3238 3444 aut
3269 3393 3417 3462 pati,
3466 3393 3574 3449 nisi
3634 3395 3783 3463 quod
3833 3396 3880 3449 ei

2309 3475 2418 3531 tato
2449 3475 2726 3534 decretum
2759 3485 2862 3544 est,
2891 3494 3080 3536 omnes
3111 3481 3355 3551 profecto
3379 3483 3584 3537 cultum
3613 3483 3880 3540 Ditinita-

2307 3568 2378 3625 tis
2400 3569 2750 3624 abscindunt.
2785 3570 2926 3636 Quid
2955 3573 3100 3626 enim
3125 3573 3274 3629 colas
3308 3589 3424 3643 eos,
3451 3591 3480 3629 a
3516 3578 3727 3646 quibus
3757 3596 3878 3650 ρω-

2307 3657 2500 3713 mereri
2527 3658 2661 3712 nihil
2695 3660 2896 3729 possis,
2927 3659 3072 3730 quod
3096 3676 3204 3715 non
3227 3665 3468 3732 patiatur
3487 3665 3626 3718 ratio
3650 3667 3880 3721 decreti?

2307 3744 2430 3801 Haec
2480 3745 2698 3800 interim
2751 3747 3013 3804 adversus
3061 3750 3184 3806 illos
3231 3752 3378 3805 dicia
3408 3763 3556 3807 sunt.
3605 3753 3722 3823 Ego
3753 3771 3876 3810 vero

2306 3838 2567 3892 mundum
2590 3838 2713 3893 dico
2748 3837 2860 3909 (50)
2893 3855 2922 3892 a
2952 3839 3064 3895 Deo
3099 3841 3323 3908 factum,
3358 3853 3411 3897 et
3440 3843 3508 3898 ab
3540 3845 3662 3915 ipso
3703 3863 3875 3917 quan-

2305 3929 2483 4000 doque
2515 3946 2637 3985 esse
2669 3932 3016 3996 solvendum,
3056 3947 3112 3988 ut
3148 3934 3239 3989 ille
3291 3945 3549 4006 appareat
3590 3940 3686 4009 qui
3721 3949 3872 3994 aeter-

2304 4036 2407 4077 nus
2449 4027 2535 4077 est
2566 4030 2618 4075 et
2648 4020 2714 4074 ad
2757 4022 2860 4076 hoc
2891 4021 3092 4088 factus,
3142 4035 3198 4077 ut
3225 4039 3438 4095 semper
3483 4027 3552 4082 sit
3601 4039 3653 4082 et
3684 4029 3874 4100 dignos

2304 4126 2362 4166 s:
2390 4111 2619 4180 recipiat
2643 4111 2847 4181 judicio
2896 4111 3010 4169 Dei.
3037 4113 3192 4180 Quod
3245 4123 3425 4170 autem
3451 4118 3523 4172 sit
3557 4118 3704 4174 alius
3738 4120 3870 4176 invi-

2305 4202 2480 4257 sibilis
2517 4202 2774 4267 mundus,
2811 4203 2919 4275 :qui
2961 4204 3108 4259 hunc
3161 4205 3428 4261 visibilem
3485 4208 3632 4262 intra
3685 4218 3871 4264 semet-

2305 4291 2484 4361 ipsum
2535 4294 2833 4362 contineat,
2884 4305 3236 4366 posteaquam
3285 4297 3353 4353 de
3409 4298 3613 4354 visibili
3673 4301 3867 4355 mundo

2302 4382 2748 4456 discusserimus,
2781 4395 2912 4442 tunc
2942 4395 2995 4443 et
3021 4389 3089 4442 ad
3115 4389 3264 4443 illum
3290 4390 3591 4446 veniemus.

642 4495 750 4549 quo
778 4481 980 4535 omnia.
1015 4479 1072 4533 Si
1101 4495 1228 4536 vero
1258 4478 1435 4534 iactus
1464 4488 1571 4544 est,
1605 4480 1672 4535 de
1711 4480 1812 4534 hoc
1844 4497 2039 4537 rursus
2059 4497 2202 4552 quai-
2237 4470 2277 4523 ί)
2370 4473 2510 4530 XIII.
2542 4474 2699 4532 Nunc
2730 4477 2970 4541 interim,
3001 4480 3126 4548 quia
3158 4479 3336 4535 factus
3393 4471 3464 4537 sit
3497 4483 3742 4539 mundus
3773 4484 3866 4538 iste

643 4570 746 4623 stio
779 4569 832 4623 in
858 4569 993 4626 duas
1030 4579 1216 4640 partes
1244 4568 1531 4634 scinditur,
1561 4579 1870 4625 utrumnam
1891 4588 1954 4627 ex
1993 4588 2050 4626 se
2075 4573 2201 4643 ipso

643 4661 820 4716 factus
864 4669 968 4727 est,
1011 4677 1077 4714 an
1123 4661 1189 4715 ab
1231 4661 1356 4715 alio.
1409 4659 1477 4717 Et
1519 4661 1565 4716 si
1604 4659 1821 4732 quidem
1852 4676 1881 4716 a
1911 4662 2202 4733 semetipso

642 4757 744 4812 est,
773 4752 1076 4805 excluditur
1111 4751 1228 4804 sine
1256 4749 1421 4806 dubio
1439 4748 1799 4807 Providentia.
1819 4745 1877 4804 Si
1903 4749 2201 4807 Providen-

644 4841 715 4893 tia
743 4856 849 4895 non
877 4841 1153 4911 recipitur,
1181 4841 1383 4896 frustra
1432 4841 1646 4896 animus
1688 4839 1757 4895 ad
1800 4841 2052 4898 virtutem
2083 4858 2206 4914 pro-

2299 4565 2552 4633 visibilis,
2609 4576 2881 4624 testantur
2931 4571 3094 4625 etiam
3150 4571 3600 4644 philosophorum
3635 4575 3862 4651 .plurimi

2301 4659 2575 4730 sapientes
2606 4660 2729 4716 viri.
2764 4659 2871 4716 Sed
2897 4677 2966 4717 ne
2997 4663 3278 4718 videamur
3326 4666 3482 4735 quasi
3511 4677 3741 4735 egentes
3786 4685 3860 4722 as-

2300 4751 2740 4818 sertionibus'uti
2769 4753 3011 4810 voluisse
3038 4755 3291 4820 testibus,
3318 4757 3385 4812 de
3416 4758 3704 4828 principiis
3728 4760 3858 4828 ejus,

2303 4843 2349 4898 si
2375 4843 2613 4912 videtur,
2675 4860 3002 4916 quaramus.
3058 4847 3394 4919 Corporeum
3433 4864 3558 4906 esse
3608 4854 3859 4908 mundum

1938 5031 2299 5090 COTELERII
2336 5033 2567 5093 NOTAE.

714 5207 826 5276 (49)
865 5206 1021 5282 Quod
1042 5208 1264 5276 simplex
1308 5214 1554 5282 est_,‘etc.
1585 5208 1664 5282 Ad
1697 5209 1809 5264 haec
1837 5216 1892 5268 et
1920 5214 2204 5282 sequentia

644 5276 784 5330 forte
817 5277 1348 5358 'respicieiisnauctor
1371 5277 1753 5358 Disputationis
1780 5289 1964 5358 contra
1988 5276 2199 5358 Arium,

640 5355 774 5399 toni.
817 5344 1092 5417 [operum
1134 5345 1199 5417 S._
1227 5344 1531 5411 Athanasii,
1568 5349 1762 5417 p.135,
1788 5351 2009 5406 scribit:
2041 5353 2111 5405 Σὺ
2146 5344 2204 5407 δὲ

639 5417 690 5467 τι
725 5417 828 5485 φής
866 5432 929 5486 με
962 5414 1040 5486 [il
1074 5415 1201 5486 μοι]
1235 5417 1402 5470 ἀΐδιον
1445 5414 1778 5486 συντίίθεσθαι
1809 5419 1869 5472 τὸ
1902 5421 2069 5486 θεῖονς
2104 5423 2203 5477 οὐκ

640 5487 743 5562 Enr,
752 5484 886 5555 xpod
893 5484 992 5562 ἶωλ
1010 5484 1137 5538 me
1158 5484 1284 5562 “KH;
1293 5502 1480 5562 μεντος
1510 5484 1620 5562 τοῦ.
1635 5504 1709 5562 ara
1718 5489 2006 5562 ραχολρυθή
2016 5484 2204 5562 adyto;

641 5504 964 5555 επηκροασω
1010 5504 1137 5538 ποτε
1173 5504 1480 5607 Αληὲεντος
1510 5504 1602 5540 του
1635 5504 2197 5562 παραχοΛουυησαντος

641 5554 829 5631 ρέτρῳ
862 5554 936 5624 τῷ
971 5555 1291 5631 ςέιᾳτοᾳτόλῳ,Δ
1321 5573 1346 5619 ς
1375 5556 1729 5631 καθαιρεῖ-τῂν
1747 5559 1996 5631 rotatiqu
2015 5560 2197 5627 δόξαν;

640 5622 722 5675 Tu
753 5622 868 5677 eam
898 5622 1020 5694 quid
1055 5627 1132 5677 ais
1164 5622 1311 5687 mihi,
1340 5622 1586 5680 (sternam
1613 5622 1762 5680 illum
1788 5622 2043 5692 θηρήια
2072 5622 2195 5694 par;

643 5694 781 5745 tibus
838 5695 1127 5748 constitui?
1168 5696 1353 5748 Annon
1401 5696 1647 5750 audivisti
1688 5695 2002 5752 Clementem
2048 5694 2199 5753 Petri

642 5763 862 5819 anottOli
891 5773 1215 5833 sectatomn,
1231 5767 1316 5835 qui
1334 5764 1632 5832 huiusmodi
1649 5768 1937 5837 opinionem
1964 5768 2196 5826 subruit?

2305 5216 2692 5295 Lege‘constit.
2726 5223 2930 5289 apostol
2952 5262 2972 5295 _,
3001 5240 3072 5288 vi,
3107 5225 3192 5290 ll,
3219 5242 3281 5280 ac
3308 5226 3534 5295 Epitom.
3563 5227 3589 5280 .l
3604 5228 3659 5281 7-

2528 5288 2638 5373 Ego
2651 5288 2776 5373 gero
2799 5288 3198 5373 mundum-etc.
3227 5296 3298 5352 De
3326 5288 3525 5367 duplici
3554 5298 3759 5373 mundo
3781 5316 3853 5354 re-

2303 5359 2456 5412 mitto
2485 5368 2537 5415 te
2560 5361 2627 5414 ad
2649 5359 2957 5418 Platonicos
2982 5372 3035 5419 et
3065 5363 3344 5422 Philonem
3375 5359 3485 5421 z'ex
3514 5370 3722 5423 nostris
3741 5386 3853 5422 veru

2301 5427 3052 5506 aduenientem_Alexand_r.
3089 5435 3289 5492 Strom.
3331 5452 3384 5501 ν,
3426 5452 3546 5506 pag.
3585 5437 3709 5498 593,
3740 5439 3852 5501 599;

2299 5495 2603 5571 Origeuem.
2622 5501 2806 5555 homil.
2842 5503 2875 5557 3
2903 5504 2956 5556 in
2979 5501 3254 5558 Canticum
3283 5495 3633 5570 canticorum,
3656 5495 3713 5562 et
3732 5495 3847 5562 tum;

2297 5573 2387 5612 nx
2472 5569 2525 5620 in
2545 5566 2799 5620 Joannem
2825 5585 2844 5620 ἔ
2920 5572 3230 5620 Eusebium-
3288 5574 3585 5620 Pramus-nl,
3636 5579 3833 5620 omne!

2297 5573 2387 5643 xix
2472 5572 2844 5632 inloannem;
2919 5572 3231 5632 Eusebium.
3285 5574 3587 5644 Praeparat.
3636 5579 3848 5648 evangcl.

2295 5637 2494 5723 libat.
2512 5652 2631 5723 cap:
2651 5640 2742 5723 ἓξ,
2756 5639 2856 5723 ειος
2881 5641 3261 5723 Augustinum,
3278 5644 3786 5723 t_Retrec_tatiovitm,
3804 5648 3851 5714 5,

2298 5715 2349 5760 et
2379 5705 2940 5767 falsum—Ambrosium
2965 5705 3016 5767 in
3053 5712 3075 5766 1
3107 5705 3342 5770 Corinth.
3380 5731 3453 5783 vi,
3479 5716 3536 5772 εἰ.
