4048 6342
615 368 760 430 um

1485 363 1545 420 s.
1585 362 1973 421 CLEMENTIS
2005 363 2027 417 ι
2063 333 2231 419 non.
2273 360 2472 419 rom.
2513 360 2739 417 OPERA
2778 360 2983 417 DUBIA

3730 362 3876 419 £580

611 445 779 544 etiam
807 485 963 556 plura
981 484 1114 546 sint,
1142 482 1228 539 vel
1266 482 1560 537 innumera
1595 495 1664 537 ex
1694 479 1899 549 quibus
1947 478 2188 534 mundus
2215 488 2262 546 Α
2291 492 2506 547 semper
2530 477 2773 540 veniunt,
2808 487 2863 532 et
2887 478 3051 532 rebus
3079 491 3310 547 quarum
3338 476 3451 546 jam
3481 491 3747 531 mensura
3788 476 3875 528 in—

611 584 851 639 constat,
883 574 1031 629 omni
1064 588 1128 637 ex
1160 582 1338 643 parte,
1367 571 1464 642 qui
1496 572 1654 642 plura
1686 571 1742 625 in
1765 586 1932 625 unum
1957 571 2190 641 college-

612 673 689 722 rit
715 674 769 722 et
801 680 995 720 rursus
1038 665 1266 720 collecta
1291 663 1348 719 in
1380 663 1633 719 diversas
1676 664 1890 734 species
1944 664 2183 727 duxerit,

611 757 927 813 ostenditur
949 756 1112 819 Deus,
1137 763 1192 809 ct
1222 755 1487 825 probatur
1515 768 1612 824 per
1636 754 1751 810 haec
1776 770 1887 811 non
1935 760 2187 826 potuisse

611 847 924 901 machinam
949 845 1136 900 mundi
1151 846 1271 901 sine
1298 844 1495 915 opifice
1519 852 1574 900 et
1599 846 1881 915 provisere
1903 853 2182 902 constare.

684 934 826 992 XVI.
860 935 965 991 Sed
1003 943 1059 991 et
1085 937 1187 990 hoc
1215 936 1337 1007 ipso
1376 935 1523 1005 quod
1552 936 1608 989 in
1640 935 2029 1005 conjunctione
2067 938 2181 992 ele-

606 1024 941 1087 mentorum,
969 1025 1253 1079 deliciente
1276 1025 1447 1081 altero
1466 1034 1562 1079 aut
1613 1024 1946 1089 abundante,
1985 1034 2181 1081 caetera

610 1116 964 1171 resolvuntur
1004 1123 1059 1169 et
1092 1113 1417 1178 concidunt,
1445 1114 1757 1170 ostenditur
1787 1129 1852 1168 ex
1898 1114 2072 1169 nihilo
2117 1130 2179 1169 ea

610 1206 890 1273 accepisse
918 1203 1271 1274 principium.
1309 1201 1444 1256 Nam
1472 1201 1622 1258 verbi
1650 1202 1825 1273 gratia
1870 1203 1918 1260 si
1962 1203 2180 1258 deﬁciat

605 1297 665 1349 in
690 1296 874 1364 aliquo
894 1294 1114 1356 humor,
1146 1308 1250 1348 nec
1280 1292 1497 1348 aridum
1535 1294 1735 1361 stabit;
1770 1294 1999 1350 humore
2030 1295 2177 1350 enim

606 1386 855 1455 pascitur
883 1384 1096 1439 aridum
1126 1384 1271 1439 sicut
1321 1393 1378 1439 et
1411 1383 1587 1455 frigus
1618 1385 1819 1451 calido,
1846 1385 1902 1440 in
1950 1386 2172 1455 quibus,

606 1484 669 1532 ut
699 1475 961 1537 diximus.
993 1476 1039 1530 si
1072 1475 1304 1529 alterum
1324 1474 1562 1539 deﬁciat,
1595 1477 1813 1547 penitus
1832 1484 2029 1529 cuncta
2062 1477 2173 1531 sol-

604 1575 830 1630 vuntur,
854 1574 911 1623 et
940 1568 995 1621 in
1027 1566 1131 1621 hoc
1161 1566 1393 1637 originis
1415 1582 1530 1623 suae
1557 1582 1664 1637 qua
1698 1582 1763 1621 ex
1796 1567 1970 1622 nihilo
2029 1567 2170 1623 facta

605 1666 755 1724 sunt,
786 1658 1095 1730 produntur
1120 1658 1341 1714 indicia.
1364 1659 1521 1724 Quod
1564 1659 1608 1713 si
1634 1660 1860 1714 materia
1888 1660 2003 1729 ipsa
2045 1675 2170 1730 pro-

604 1750 766 1805 batur
792 1766 917 1807 esse
947 1750 1110 1813 facta,
1132 1749 1405 1821 quomodo
1433 1757 1613 1819 partes
1634 1749 1753 1817 ejus
1786 1758 1840 1805 et
1870 1750 2079 1819 species
2101 1766 2168 1803 ex

2290 575 2442 638 tegra
2465 567 3026 632 constat,-adduntur,
3057 567 3328 637 quomodo
3356 578 3503 623 stare
3528 566 3874 621 universitas

2290 666 2490 730 potest,
2516 674 2640 714 cum
2664 667 2773 714 tam
2802 660 3079 715 immensis
3110 660 3442 730 ponderibus
3469 674 3612 714 nava
3649 675 3874 730 semper

2290 751 2528 820 pondera
2552 750 2937 805 cumulentur?
2962 749 3065 806 Sed
3098 758 3151 805 et
3183 735 3317 805 illud
3364 752 3610 820 requiro,
3649 750 3697 804 si
3731 767 3877 819 pau-

2286 842 2435 895 latim
2456 841 2781 895 coeuntibus
2802 839 3142 909 corpusculis
3163 841 3547 895 exstruebatur
3572 839 3665 893 hic
3703 855 3873 908 quem

2288 930 2534 986 videmus
2558 930 2796 984 ambitus
2842 929 3293 1001 cmii,quomodo
3336 946 3445 985 non
3492 930 3549 984 in
3596 944 3671 985 eo
3718 927 3875 981 illico

2282 1038 2407 1078 cum
2439 1031 2795 1093 consurgeret
2823 1023 3068 1078 corruit?
3086 1023 3131 1078 si
3156 1022 3373 1093 quidem
3404 1022 3568 1077 hians
3590 1020 3875 1075 machina

2281 1112 2455 1182 ipsius
2489 1114 2800 1176 summitas,
2836 1113 3004 1169 nullis
3058 1113 3281 1168 suﬁ'ulta
3311 1115 3587 1184 repagulis
3618 1114 3872 1183 stringe.-

2280 1209 2452 1257 retur.
2480 1199 2635 1256 Sicut
2663 1203 2808 1258 enim
2838 1203 2931 1271 qui
2961 1202 3314 1258 ediﬁciorum
3355 1202 3537 1257 tholos
3592 1201 3651 1256 in
3682 1201 3871 1256 circa.

2280 1291 2390 1345 lum
2437 1291 2751 1359 instruunt,
2798 1291 2906 1346 nisi
2940 1291 3354 1347 conclusionem
3401 1289 3569 1344 medii
3632 1291 3871 1345 verticis

2280 1382 2608 1445 strinxerint
2639 1422 2653 1446 ,
2703 1383 3025 1438 universum
3075 1382 3281 1453 pariter
3332 1382 3605 1450 solvitur;
3680 1382 3757 1435 ita
3814 1388 3870 1436 et

2278 1472 2464 1527 mundi
2494 1473 2756 1538 circulus,
2792 1488 2954 1544 quem
2985 1482 3093 1527 tam
3120 1473 3318 1527 decora
3348 1472 3531 1543 specie
3561 1473 3866 1527 collectum

2278 1563 2545 1631 videmus,
2571 1564 2616 1619 si
2649 1580 2759 1619 non
2790 1564 2972 1620 subito
3004 1570 3059 1618 et
3088 1564 3193 1621 sub
3244 1579 3353 1618 uno
3384 1563 3586 1618 divine
3635 1564 3868 1619 virtutis

2276 1660 2457 1705 rotatu
2484 1654 2725 1721 potentia
2754 1654 3056 1709 conditoris
3084 1653 3311 1712 effectus
3337 1662 3442 1717 est,
3469 1653 3568 1709 sed
3590 1655 3862 1723 paulatim

2275 1744 2733 1798 concurrentibus
2758 1745 2956 1801 atomis
2979 1754 3032 1800 et
3050 1745 3470 1807 instruentibus,
3498 1762 3609 1800 non
3638 1752 3703 1797 ut
3720 1745 3865 1797 ratio

601 1842 806 1912 quilms
832 1842 1068 1896 mundus
1096 1849 1311 1897 constat
1334 1879 1353 1905 ,
1402 1840 1731 1896 videbuntur
1783 1841 2032 1897 infectae?
2064 1839 2169 1896 sed
2201 1825 2246 1885 Β
2274 1835 2512 1903 petebat,
2544 1835 2640 1890 sed
2675 1844 2731 1891 ut
2767 1836 3032 1891 fortuitus
3074 1837 3358 1893 incidisset
3402 1844 3663 1897 eventus,
3721 1851 3861 1905 quo-

602 1932 674 1988 de
695 1934 919 1988 materia
929 1941 983 1988 et
996 1934 1349 2004 qualitatibus
1369 1948 1478 1988 non
1498 1942 1583 1989 est
1604 1947 1748 1987 nunc
1768 1930 1982 1987 dicendi
2000 1932 2172 1999 locus;

603 2023 710 2077 hoc
733 2024 909 2079 solum
941 2023 1198 2079 docuisse
1225 2022 1477 2089 suﬁiciat,
1534 2023 1701 2079 Deum
1752 2038 1875 2078 esse
1930 2022 2171 2076 omnium

603 2114 968 2179 conditorem,
992 2116 1121 2185 quia
1150 2130 1326 2185 neque
1376 2114 1424 2171 si
1477 2115 1712 2170 solidum
1765 2124 1820 2169 et
1867 2127 2173 2168 connexum

605 2208 708 2262 fuit
728 2222 926 2279 corpus
938 2222 1002 2263 ex
1028 2223 1138 2278 quo
1151 2206 1387 2263 mundus
1410 2214 1645 2272 constat,
1659 2205 1838 2261 dirimi
1860 2213 1913 2259 et
1933 2204 2172 2261 discerni

604 2301 724 2355 sine
750 2299 1052 2362 conditore,
1068 2316 1245 2371 neque
1258 2300 1305 2355 si
1319 2316 1387 2355 ex
1411 2299 1642 2355 diversis
1662 2298 1982 2355 etdiscretis
2003 2299 2171 2368 parti-

608 2392 709 2447 bus
733 2394 791 2446 in
823 2408 992 2447 unum
1005 2393 1289 2448 collectum
1302 2399 1407 2454 est,
1422 2391 1739 2462 congregari
1759 2391 2037 2446 etmisceri
2053 2391 2171 2445 sine

607 2484 816 2537 artiﬁce
857 2485 1050 2553 potuit.
1082 2483 1253 2554 igitur
1280 2484 1326 2539 si
1374 2482 1562 2536 mundi
1591 2483 1844 2537 conditor
1876 2481 2015 2537 Deus
2047 2495 2171 2536 esse

602 2579 719 2627 tam
750 2573 1027 2629 evidenter
1054 2574 1380 2637 ostenditur,
1429 2573 1522 2643 qui
1571 2574 1675 2628 erit
1730 2573 1964 2643 Epicuro
2015 2572 2168 2627 locus

609 2662 987 2719 introducendi
1020 2674 1251 2727 atomos,
1279 2673 1335 2721 et
1357 2664 1634 2721 asserendi
1660 2663 1806 2733 quod
1852 2679 1917 2719 ex
1969 2678 2170 2733 corpu~

608 2754 776 2809 sculis
807 2755 1218 2810 insensibiiibus
1249 2771 1359 2809 non
1383 2755 1556 2811 solum
1583 2754 1863 2810 sensibilia
1912 2767 2164 2824 corpora,

608 2842 702 2898 sed
732 2852 784 2895 et
806 2853 1013 2899 mentes
1044 2844 1438 2899 intellectuales
1460 2859 1524 2897 ac
1557 2844 1853 2898 rationales
1884 2842 2049 2897 ﬁant?

676 2932 838 2987 XVII.
880 2933 984 2988 Sed
1013 2934 1182 2997 dices,
1200 2943 1257 2987 ut
1288 2934 1517 3004 Epicuro
1534 2938 1707 2990 visum
1732 2942 1843 2989 est:
1868 2932 2168 2988 Continua-

607 3023 785 3079 tiones
814 3034 1116 3079 atomorum
1140 3025 1463 3080 indesinenti
1495 3041 1661 3080 cursu
1682 3026 2035 3088 venientium,
2068 3040 2167 3094 per

2276 1924 2436 1980 modo
2477 1941 2586 1980 non
2632 1929 2784 1997 prius
2821 1943 2986 1998 quam
3017 1928 3198 1999 colligi
3231 1937 3417 1998 posset
3467 1935 3523 1983 et
3564 1927 3853 1988 concludi,

2275 2017 2517 2089 dilapsus
2547 2028 2633 2075 est
2662 2028 2717 2075 et
2740 2021 3078 2078 dissolutus?
3104 2021 3183 2075 Ad
3221 2022 3336 2077 hac
3381 2022 3548 2078 etiam
3590 2020 3731 2076 illud
3774 2038 3860 2075 re-

2273 2110 2471 2178 quiro,
2487 2111 2631 2180 quod
2656 2111 2728 2165 sit
2755 2112 3062 2173 munimen,
3089 2126 3254 2183 super
3271 2113 3419 2183 quod
3439 2122 3551 2165 tam
3574 2113 3859 2166 immensas

2274 2201 2432 2257 molis
2458 2201 2603 2271 jacta
2641 2203 2751 2257 sint
2776 2202 3164 2259 fundamenta?
3190 2202 3256 2257 Et
3276 2220 3471 2259 rursus
3503 2203 3638 2257 illud
3676 2205 3853 2273 ipsum

2273 2292 2417 2362 quod
2450 2292 2658 2348 dixeris
2687 2298 2987 2359 munimen,
3019 2310 3186 2366 super
3212 2294 3343 2366 quid
3369 2294 3593 2363 jaceat?
3620 2293 3691 2347 Et
3724 2295 3853 2348 item

2273 2386 2404 2441 illud
2432 2386 2600 2451 aliud,
2617 2403 2783 2457 super
2800 2387 2968 2456 quid?
2986 2396 3039 2443 et
3062 2403 3301 2458 eousque
3315 2388 3711 2457 interrogando
3726 2402 3855 2456 pro-

2270 2476 2503 2546 grediar.
2529 2478 2703 2532 donec
2724 2478 3005 2547 responsio
3022 2476 3089 2532 ad
3116 2478 3248 2532 nihil
3266 2486 3321 2532 et
3343 2478 3505 2532 inane
3539 2477 3850 2547 perveniat.

2344 2565 2487 2621 XIX.
2531 2567 2687 2633 Quod
2716 2567 2763 2623 si
2815 2567 2964 2622 dicat
3021 2568 3220 2637 aliquis
3245 2606 3260 2631 ,
3292 2567 3421 2637 quia
3450 2567 3616 2621 atomi
3672 2567 3849 2636 igneae

2270 2658 2552 2730 qualitatis
2582 2660 2891 2728 conjuncta:
2913 2660 3016 2715 sibi
3047 2674 3246 2729 corpus
3273 2674 3443 2712 unum
3486 2657 3762 2719 fecerunt,
3795 2668 3850 2711 et

2267 2748 2395 2817 quia
2425 2748 2567 2819 ignis
2587 2750 2825 2820 qualitas
2846 2765 2955 2804 non
2986 2748 3241 2804 deorsum
3271 2746 3365 2803 sed
3389 2763 3613 2802 sursum
3646 2745 3844 2809 tendit,

2268 2839 2576 2909 impositam
2598 2841 2785 2895 mundi
2812 2841 3007 2896 molem
3023 2840 3091 2895 ad
3113 2840 3395 2911 superiora
3417 2854 3638 2909 semper
3660 2838 3846 2892 nitens

2268 2932 2405 3003 ignis
2417 2940 2609 2987 natura
2628 2935 2939 3000 subvectat;
2964 2934 3029 2988 ad
3049 2934 3163 2988 haec
3179 2932 3631 3002 respondebimus
3653 2950 3667 2986 :
3694 2931 3843 2997 Quo-

2265 3023 2426 3079 modo
2450 3032 2743 3093 potuerunt
2762 3026 2924 3080 atomi
2953 3025 3127 3095 igneae
3150 3024 3451 3095 qualitatis,
3477 3038 3600 3092 quae
3624 3037 3841 3091 semper

610 3114 873 3169 immensa
900 3123 955 3170 et
983 3116 1102 3171 sine
1127 3116 1229 3171 line
1260 3128 1500 3187 tempora
1532 3117 1876 3173 miscentium
1910 3131 1968 3171 se
2004 3124 2165 3187 atque
2192 3156 2235 3213 C
2270 3113 2333 3167 ad
2354 3114 2637 3183 superiora
2677 3113 3049 3178 contendunt,
3086 3115 3143 3168 in
3185 3112 3442 3168 inferiora
3481 3110 3841 3175 descendere,

608 3204 663 3257 in
688 3220 855 3257 unum
886 3207 1344 3276 conglobantium,
1378 3222 1608 3278 corpora
1635 3208 1808 3264 solida
1837 3206 2161 3263 efﬁciuntur.

608 3292 726 3348 Non
748 3295 905 3350 venio
926 3297 990 3351 ad
1017 3297 1151 3361 hac,
1182 3307 1373 3355 utrem
1399 3299 1697 3354 fabulosam
1721 3307 1775 3354 et
1808 3300 1987 3368 inepte
2015 3312 2168 3352 com-

605 3388 839 3468 positam
871 3389 1081 3455 dicam;
1134 3391 1415 3445 videamus
1461 3392 1632 3462 magis
1686 3391 1731 3446 si
1788 3390 2166 3461 qualecunque

610 3476 754 3531 istud
790 3486 903 3541 est,
938 3487 1113 3548 potest
1135 3488 1280 3535 stare
1317 3480 1464 3551 quod
1524 3481 1742 3536 dicitur.
1803 3480 1969 3535 Aiunt
2019 3479 2162 3535 enim

607 3569 931 3636 corpuscula
957 3570 1072 3639 ipsa
1102 3587 1222 3639 qua:
1245 3579 1454 3627 atomos
1480 3574 1748 3642 appellant
1774 3572 1907 3642 (62).
1933 3571 2165 3629 diversis

605 3672 729 3711 esse
756 3658 1132 3725 qualitatibus,
1163 3673 1217 3717 ct
1246 3664 1349 3716 alia
1383 3664 1600 3732 quidem
1633 3663 1853 3717 humida
1883 3670 1935 3717 et
1965 3663 2034 3717 oh
2061 3664 2163 3717 hoc

607 3748 791 3815 gravia
813 3766 877 3803 ac
904 3752 1158 3809 deorsum
1187 3755 1482 3818 tendentia,
1505 3755 1609 3809 alia
1636 3766 1764 3809 vero
1787 3752 1937 3830 arida
1968 3764 2022 3810 et
2050 3761 2165 3809 ter-

610 3854 737 3893 rena
764 3848 926 3913 atque
953 3844 1022 3897 ob
1046 3845 1147 3899 hoc
1172 3846 1524 3901 nihilominus
1567 3847 1749 3916 gravia
1775 3888 1789 3911 ,
1843 3847 1948 3901 alia
1981 3854 2160 3901 autem

609 3932 765 4001 ignea
795 3942 847 3987 et
879 3934 949 3988 ob
979 3935 1079 3989 hoc
1104 3952 1321 3991 sursum
1350 3954 1565 4008 semper
1590 3938 1837 4001 nitentia,
1874 3939 1975 3991 alia
2032 3954 2161 3993 vero

608 4020 802 4091 frigida
832 4032 886 4076 et
914 4025 985 4078 ob
1010 4026 1109 4079 hoc
1135 4027 1285 4097 pigra
1317 4036 1371 4083 et
1401 4045 1611 4098 semper
1636 4029 1833 4083 media.
1877 4028 2161 4094 Quomodo

603 4127 734 4181 ergo
764 4129 887 4167 cum
913 4116 1014 4169 alia
1047 4132 1257 4185 semper
1279 4134 1495 4173 sursum
1522 4121 1743 4173 tendant
1771 4129 1955 4189 utpote
1982 4122 2157 4190 ignea,

602 4205 784 4257 etalia
820 4221 1029 4273 semper
1086 4208 1340 4263 deorsum
1398 4219 1578 4279 utpote
1610 4210 1830 4263 humida
1880 4221 1934 4266 et
1985 4212 2199 4279 arida,‘

605 4293 709 4347 alia
735 4311 861 4351 vero
893 4296 1067 4350 media
1098 4304 1149 4349 et
1184 4313 1289 4351 non
1320 4300 1509 4367 aequali
1533 4314 1696 4353 cursu
1720 4299 1988 4363 incedant,
2012 4300 2158 4355 coire

604 4384 764 4436 simul
797 4392 1089 4453 potuerunt
1107 4395 1160 4441 et
1191 4404 1354 4441 unum
1389 4404 1586 4458 corpus
1622 4388 1868 4445 efﬁcere?
1926 4388 1981 4443 Si
2034 4390 2157 4459 quis

2269 3214 2321 3262 et
2345 3207 2398 3262 in
2431 3206 2702 3278 profundo
2726 3222 2790 3262 ac
2823 3207 2928 3262 sub
2955 3206 3138 3261 omnia
3160 3205 3407 3261 demerso
3432 3208 3665 3261 inveniri
3694 3208 3841 3261 loco!

2268 3296 2403 3351 Cum
2435 3297 2623 3366 utique
2664 3296 2944 3367 graviores
2984 3310 3213 3365 quaeque
3235 3335 3250 3359 ,
3294 3296 3344 3349 id
3372 3303 3457 3350 est
3495 3303 3730 3357 terrena:
3755 3297 3840 3349 vel

2270 3386 2501 3441 humidae
2531 3389 2821 3458 qualitates
2845 3388 3196 3456 praeveniunt,
3217 3394 3275 3440 ut
3297 3386 3560 3450 diximus,
3584 3386 3837 3449 leviores,

2268 3480 2411 3536 unde
2436 3488 2489 3536 et
2512 3482 2708 3537 omium
2744 3482 2889 3536 velut
2942 3481 3281 3550 superiorum
3336 3480 3605 3535 fabricam
3662 3481 3839 3549 igneis

2268 3576 2489 3639 atomis,
2522 3588 2643 3643 quae
2666 3576 2723 3626 et
2750 3573 2983 3628 leviores
3011 3584 3140 3628 sunt
3160 3582 3214 3626 et
3243 3588 3464 3626 sursum
3490 3588 3711 3643 semper
3745 3574 3831 3626 ru-

2266 3668 2440 3737 giunt,
2466 3676 2722 3719 asserunt
2750 3672 3035 3719 structam.
3069 3662 3257 3731 Neque
3299 3677 3433 3731 ergo
3478 3660 3836 3716 fundamenta

2264 3756 2407 3828 ignis
2436 3768 2529 3811 aut
2568 3756 2669 3811 alia
2720 3755 2827 3810 ulla
2858 3755 3059 3810 habere
3110 3752 3349 3807 mundus
3410 3761 3610 3823 potest,
3661 3769 3839 3821 neque

2264 3848 2458 3902 atomis
2489 3846 2835 3917 gravioribus
2865 3845 3342 3921 cumievioribus,
3375 3844 3427 3897 id
3464 3853 3550 3898 est
3579 3845 3668 3899 liis
3715 3860 3835 3914 qua

2263 3938 2517 3993 deorsum
2559 3952 2775 4008 semper
2814 3936 3223 4007 praecipitantur
3263 3943 3313 3989 et
3349 3936 3435 4005 his
3461 3952 3586 4005 quae
3614 3951 3831 4005 semper

2262 4042 2481 4083 sursum
2506 4026 2738 4098 fugiunt,
2762 4028 2995 4083 societas
3026 4036 3121 4081 aut
3142 4028 3543 4097 compaginatio
3568 4028 3679 4079 ulia
3702 4043 3831 4081 con-

2260 4120 2459 4172 veniat.
2518 4117 2686 4187 Igitur
2736 4117 2879 4187 quod
2916 4118 3251 4187 impossibile
3299 4120 3369 4173 sit
3397 4132 3465 4171 ex
3513 4127 3825 4173 atomorum

2260 4206 2643 4273 conjunctione
2688 4220 2914 4275 corpora
2967 4208 3154 4261 mundi
3188 4207 3435 4273 solidati,
3496 4209 3824 4279 suﬂicieutcr

2259 4294 2485 4357 dictum,
2518 4302 2571 4349 et
2595 4296 2739 4365 quod
2759 4310 2867 4349 non
2897 4298 3173 4366 potuerint
3194 4296 3539 4353 insensibilia
3572 4315 3819 4369 corpora,

2257 4385 2467 4440 etiamsi
2497 4387 2607 4439 ulla
2654 4387 2866 4441 ratione
2909 4388 3056 4441 coire
3099 4397 3153 4441 et
3197 4390 3448 4442 connecti
3497 4391 3819 4458 potuissent,

603 4475 745 4525 enim
806 4474 873 4527 de
923 4478 1315 4544 superioribus,
1350 4480 1496 4533 verbi
1541 4480 1707 4549 gratia
1759 4480 2153 4535 minutissimas
2186 4482 2229 4535 D
2259 4476 2459 4530 formas
2489 4477 2621 4532 dare
2650 4479 2990 4546 corporibus,
3021 4486 3074 4533 et
3104 4495 3410 4545 mensuras,
3448 4482 3694 4535 membra
3728 4484 3823 4536 lin-

603 4564 807 4630 paleas,
838 4571 890 4617 et
921 4565 985 4617 ad
1022 4568 1261 4620 eamdem
1323 4570 1741 4637 magnitudinem
1803 4570 2155 4625 minutissimi

605 4653 807 4720 plumbi
834 4656 1126 4722 particulas
1149 4657 1398 4710 deorsum
1427 4658 1613 4724 jaciat,
1638 4659 1880 4726 nunquid
1903 4667 2155 4727 poterunt

601 4741 849 4809 quamvis
903 4750 1135 4814 aequales
1188 4749 1297 4800 sint
1348 4749 1737 4817 magnitudine,
1800 4751 1941 4803 leves
1991 4749 2157 4818 palea:

603 4844 784 4904 partes
822 4838 1024 4905 plumbi
1056 4839 1350 4907 particulas
1378 4841 1679 4908 consequi?
1710 4841 1868 4909 longe
1891 4843 2034 4893 enim
2060 4854 2153 4895 ve-

601 4924 774 4979 locius
802 4928 865 4979 ad
914 4926 1079 4981 imum
1133 4929 1379 4996 graviora
1419 4932 1757 4997 perveniunt.
1821 4931 1895 4985 ita
1944 4945 2070 5000 ergo
2102 4939 2157 4986 et

600 5016 785 5079 atomi,
832 5018 1043 5072 etiamsi
1086 5022 1448 5088 magnitudine
1478 5024 1712 5091 aequales
1738 5022 1864 5087 sint,
1922 5022 2157 5092 pondere

600 5115 781 5161 tamen
806 5111 1117 5177 inaequales,
1147 5126 1419 5179 nunquam
1442 5123 1692 5177 poterunt
1714 5130 1832 5183 qua»
1866 5116 2005 5167 leves
2031 5124 2157 5168 sunt

599 5200 856 5265 consequi
887 5201 1191 5267 graviores;
1219 5202 1361 5267 quod
1397 5202 1441 5253 si
1475 5204 1731 5271 consequi
1758 5220 1862 5256 non
1900 5213 2149 5273 possunt,

599 5287 717 5340 sine
749 5288 913 5343 dubio
936 5307 1033 5345 nec
1065 5294 1277 5343 misceri
1307 5308 1401 5344 nec
1436 5307 1633 5362 corpus
1655 5296 1887 5348 efﬁcere.

674 5376 853 5431 Xi'iii.
889 5379 1022 5433 Tum
1070 5382 1263 5434 deinde
1296 5384 1337 5434 si
1398 5383 1762 5438 indesinenter
1810 5386 2060 5439 feruntur
2098 5396 2151 5439 et

2257 4583 2406 4637 gere,
2438 4568 2520 4622 vel
2550 4555 3108 4637 qualitates‘cfﬁeere,
3146 4572 3227 4624 vel
3264 4574 3575 4641 exprimere
3605 4576 3823 4642 quanti-

2258 4668 2433 4725 tates;
2465 4675 2588 4729 que
2612 4661 2797 4730 utique
2826 4664 3004 4715 omnia
3039 4662 3407 4717 modulatione
3454 4666 3568 4723 sui,
3604 4682 3817 4718 manum

2259 4758 2524 4804 testantur
2552 4752 2775 4804 auiiieis
2804 4760 2856 4803 et
2888 4766 3023 4820 opus
3056 4754 3281 4808 rationis
3312 4757 3631 4817 ostendunt,
3659 4774 3816 4825 quam

2259 4840 2521 4893 rationem
2556 4855 2655 4909 ego
2678 4838 2911 4895 Vedium
2941 4850 2991 4892 et
3026 4840 3188 4894 Deum
3225 4844 3458 4911 appello.

2330 4928 2445 4981 XX.
2482 4926 2585 4982 Sed
2615 4929 2760 4982 dicet
2788 4930 2984 4997 aliquis
3010 4930 3121 4983 haec
3144 4946 3171 4981 a
3200 4941 3391 4982 natura
3420 4933 3561 4989 fieri.
3616 4931 3733 4985 Jam
3764 4928 3813 4987 in

2256 5019 2360 5074 hoc
2386 5020 2451 5073 de
2476 5020 2691 5074 nomine
2722 5023 3091 5073 controversia
3123 5030 3223 5075 est.
3259 5023 3391 5075 ilum
3420 5026 3563 5075 enim
3610 5036 3815 5079 constet

2258 5114 2455 5165 mentis
2485 5127 2603 5167 esse
2628 5122 2679 5165 et
2703 5114 2929 5165 rationis
2958 5128 3114 5180 opus,
3171 5113 3269 5165 hoc
3300 5116 3442 5181 quod
3478 5124 3533 5167 tu
3571 5122 3809 5170 naturain

2256 5219 2439 5266 vocas,
2473 5221 2569 5272 ego
2596 5204 2761 5257 Deum
2796 5206 3129 5258 conditorem
3155 5222 3317 5269 voco;
3347 5216 3561 5262 constat
3600 5224 3699 5260 nec.
3726 5224 3813 5276 po-

2256 5297 2427 5349 tuisse
2458 5312 2555 5349 nec
2592 5312 2749 5363 posse
2784 5298 2859 5347 vel
2891 5314 3177 5365 corporum
3218 5301 3426 5367 aperias
3471 5311 3577 5351 tam
3626 5316 3808 5353 neces-

2260 5389 2417 5440 sariis
2447 5388 2887 5440 distinctionibus
2919 5389 3216 5453 institutas,
3249 5390 3329 5442 vel
3362 5390 3669 5444 animorum
3696 5406 3810 5444 sen-

1881 5524 2243 5577 COTELERII
2282 5525 2510 5580 ΝΟΪΑΞ.

672 5656 777 5703 "VT";
830 5656 975 5703 diui)!
1020 5656 1151 5705 enim
1196 5664 1499 5709 (πξιεήῑίειυὲᾶ
1530 5679 1637 5725 mm
1670 5679 1780 5727 qua?
1811 5671 2008 5715 atomos
2054 5683 2147 5730 ηρ-

1000 5726 1003 5727 ⁷
1120 5732 1129 5749 L
1194 5744 1205 5749 ι
1268 5746 1269 5749 η
1374 5738 1375 5749 ι
1444 5742 1447 5745 -
1492 5732 1501 5749 r

600 5742 643 5787 gr
802 5776 809 5785 ,
970 5728 1081 5779 iam.
1115 5732 1213 5781 ine:
1248 5738 1455 5783 ωωὶμλέ,
1490 5732 1780 5799 ἱρωηυῃ
1818 5734 1921 5787 imo
1953 5728 2144 5789 atomis

2254 5664 2523 5789 ῐῑίΙἪρΙιτή
2576 5668 2913 5722 solummodo
2954 5666 3220 5737 ﬁguram,
3278 5668 3707 5734 magnitudinem
3762 5676 3807 5724 tt

2254 5752 2356 5789 wn
2403 5751 2481 5789 us.

2252 5751 2481 5797 pondus.
