4078 6336
194 374 330 433 1383

1376 372 1949 429 BECOGNITIONUM
1988 372 2114 429 LIB.
2154 374 2293 431 VIII.

3314 378 3448 432 {.586

192 495 273 547 vis
304 492 395 545 illa
425 489 685 562 spiritus,
719 506 841 561 quae
873 490 1054 546 inesse
1086 492 1244 561 aquis
1274 490 1400 544 data
1427 496 1545 557 est,
1579 495 1767 559 utpote
1795 488 1843 548 Α
1870 503 2033 560 opere
2059 499 2261 545 cuncta
2285 489 2423 546 elIici
2449 497 2505 544 et
2528 490 2783 545 universa
2810 502 3088 548 censtare.
3123 491 3231 547 Sed
3261 495 3443 546 venia.

188 582 513 650 incorporea
547 589 973 644 transcurrens,
1009 581 1077 634 ad
1117 581 1513 635 incrementum
1557 580 1767 633 semina

187 672 427 727 suscitat
454 679 508 726 et
534 674 901 727 crescentium
934 676 1149 744 species
1183 673 1403 729 format.
1462 672 1767 726 Ministerio

184 763 359 834 igitur
413 763 624 819 humidi
676 766 969 829 elementi,
1024 768 1111 821 cui
1162 767 1346 821 vitalis
1402 766 1493 821 ille
1538 766 1766 835 Spiritus

183 854 390 910 insitus
441 870 657 925 semper
693 868 747 912 et
782 858 1063 927 ingenitus
1108 865 1225 921 est,
1272 857 1513 912 efﬁcitur
1556 865 1617 912 ut
1654 872 1765 912 non

182 948 367 1002 solum
418 956 734 1017 reparetnr,
788 950 883 1005 sed
932 959 991 1004 ut
1034 966 1130 1020 per
1174 951 1357 1005 omnia
1396 950 1594 1006 similis
1636 967 1763 1021 spe-

180 1040 303 1096 cies
336 1048 392 1094 ct
427 1039 601 1095 forma
641 1042 728 1099 his
761 1060 884 1114 quae
907 1045 1056 1114 jacta
1098 1045 1300 1101 fuerint
1328 1044 1628 1101 seminibus
1649 1041 1773 1099 red-

175 1140 289 1185 eat.
373 1134 505 1199 Quae
547 1139 687 1191 ratio
727 1138 817 1195 cui
858 1139 945 1193 vel
986 1138 1206 1194 brevem
1249 1154 1469 1193 sensum
1511 1142 1758 1204 habenti,

178 1238 279 1292 per
322 1223 755 1283 irrationabilem
797 1238 1083 1293 naturam,
1128 1238 1183 1285 et
1229 1246 1335 1284 non
1384 1247 1479 1301 per
1521 1230 1759 1287 divinam

178 1318 507 1388 sapientiam
540 1328 799 1377 constare
834 1324 1142 1378 videbitur?
1179 1323 1418 1393 Denique
1444 1324 1607 1391 etiam
1648 1324 1762 1379 baac

175 1406 247 1460 ad
271 1407 693 1465 similitudinem
721 1411 973 1466 humanae
997 1414 1300 1469 nativitatis
1334 1414 1566 1469 formata
1589 1424 1756 1480 sunt;

175 1496 400 1552 videtur
442 1499 588 1553 enim
636 1508 791 1555 terra
834 1502 1009 1555 vulvae
1053 1502 1233 1556 locum
1271 1510 1493 1568 tenere,
1541 1504 1631 1559 cui
1674 1520 1761 1559 se-

174 1605 302 1644 men
367 1591 632 1661 injectum
693 1609 789 1662 per
842 1609 997 1663 aqua)
1037 1602 1091 1649 et
1133 1596 1365 1664 spiritus
1416 1597 1561 1661 vim,
1617 1598 1760 1663 sicut

174 1692 345 1748 supra
390 1680 662 1743 diximus,
703 1687 761 1734 et
802 1678 1071 1735 formatur
1108 1690 1162 1736 et
1200 1683 1405 1747 alitur.,

243 1768 461 1825 XXVII.
494 1769 600 1825 Sed
623 1780 674 1826 et
699 1772 755 1825 in
784 1772 887 1826 hoc
910 1775 1228 1829 admiranda
1259 1783 1343 1830 est
1363 1774 1545 1830 divina
1566 1774 1760 1831 Provi-

170 1859 392 1927 dentia,
423 1863 569 1932 quod
620 1864 805 1918 videre
828 1880 930 1918 nos
962 1867 1180 1935 quidem
1211 1874 1263 1922 et
1302 1883 1599 1938 agnoscere
1629 1869 1757 1923 facit

167 1968 293 2022 qua!
345 1953 517 2018 ﬁunt,
550 1970 661 2024 quo
704 1955 866 2009 modo
910 1966 1091 2012 autem
1129 1966 1182 2013 et
1223 1960 1458 2028 qualiter
1506 1959 1669 2024 ﬁant,
1703 1962 1756 2015 in

170 2052 390 2099 secreto
424 2047 607 2116 posuit
637 2056 689 2100 et
713 2048 931 2102 occulto
951 2090 964 2112 ,
995 2061 1052 2102 ut
1078 2066 1184 2113 non
1230 2051 1467 2121 indignis
1501 2054 1567 2107 ad
1598 2054 1745 2123 agni-

169 2136 379 2191 tionem
411 2139 888 2208 subjaceant,-sed
916 2142 1097 2211 dignis
1120 2152 1173 2197 et
1204 2143 1455 2200 ﬁdelibus
1489 2162 1611 2198 cum
1646 2164 1759 2199 mc-

169 2229 422 2296 ruerint,
455 2232 736 2301 pateﬁant.
763 2233 832 2288 Ut
857 2243 1039 2290 autem
1065 2238 1227 2292 rebus
1249 2238 1381 2305 ipsis
1412 2248 1470 2291 et
1495 2242 1756 2309 exemplis

169 2322 493 2390 probemus,
521 2325 654 2378 nihil
680 2328 904 2380 omnino
928 2342 991 2382 ex
1019 2338 1234 2383 terrena
1266 2330 1565 2385 substantia
1590 2332 1756 2385 semi-

167 2414 335 2470 nibus
360 2416 499 2491 dari,
531 2416 626 2471 sed
654 2424 828 2471 totum
859 2434 922 2473 ex
962 2420 1233 2473 elemento
1268 2436 1422 2490 aquae
1450 2430 1503 2473 et
1530 2423 1756 2491 spiritus

166 2504 263 2575 qui
297 2505 444 2559 inest
467 2487 515 2559 ei
548 2506 751 2561 virtute
774 2516 1053 2567 constare,
1081 2524 1221 2577 pone
1248 2487 1377 2561 mihi
1404 2487 1755 2579 verbi'gratia

166 2597 223 2650 in
266 2604 485 2652 cratere
534 2599 720 2668 aliquo
770 2599 1126 2668 amplissima:
1170 2600 1562 2669 magnitudinis
1605 2601 1754 2671 injici

164 2701 329 2744 terra:
360 2690 566 2745 talenta
598 2698 816 2746 centum
838 2731 852 2754 ,
887 2701 939 2745 et
966 2692 1310 2747 semincntur
1342 2696 1397 2747 in
1427 2710 1492 2748 eo
1524 2694 1755 2749 diversae

168 2786 389 2855 species
418 2787 690 2839 seminum
717 2786 799 2839 vel
826 2786 1035 2839 olerum
1068 2787 1148 2839 vel
1175 2786 1336 2839 etiam
1371 2787 1751 2857 virgultorum,

163 2876 256 2932 his
297 2877 607 2946 praebeatur
634 2876 699 2930 ad
730 2878 1017 2946 rigandum
1063 2894 1203 2947 aqua
1241 2879 1545 2943 sufﬁciens,
1578 2889 1632 2936 et
1660 2898 1754 2951 per

162 2984 345 3024 annos
378 2970 561 3039 plures
585 2959 849 3023 habeatur
878 2970 980 3022 ista
1016 2970 1321 3039 diligentia,
1355 2982 1753 3043 congregemur

164 3066 355 3115 autem
408 3060 615 3115 semina
662 3076 783 3130 qua:
825 3061 1053 3114 collecta
1102 3062 1335 3125 fuerint,
1382 3064 1533 3118 verbi
1576 3066 1749 3135 gratia

1869 597 1993 636 mus
2042 582 2253 647 adhuc,
2291 584 2337 637 si
2381 584 2632 648 videtur,
2660 585 2826 639 etiam
2864 584 2931 637 ad
2980 586 3255 649 nostram,
3280 586 3333 640 id
3362 593 3447 640 est

1867 674 1934 728 ad
1978 673 2216 728 hominis
2266 676 2669 740 substantiam,
2716 677 2809 746 qui
2853 686 2937 731 est
2982 692 3187 746 parvus
3234 678 3287 731 in
3334 678 3445 731 alio

1848 763 2105 818 ‘mundus
2149 763 2301 834 (74),
2333 770 2388 819 et
2417 764 2830 821 consideremus
2878 773 3081 837 quanta
3119 769 3189 822 sit
3231 769 3443 821 ratione

1864 861 2238 923 compositus;
2279 862 2335 908 et
2363 869 2428 909 ex
2471 854 2577 909 hoc
2625 857 2895 926 przecipue
2932 858 3260 927 Sapientiam
3295 859 3441 912 Con-

1863 943 2060 998 ditoris
2112 943 2417 1013 intelliges,
2450 944 2543 1014 qui
2576 959 2700 998 cum
2734 960 2796 1000 ex
2837 944 3070 1006 diversis
3119 947 3441 1003 substantiis

1864 1041 2102 1096 constet,
2132 1035 2187 1088 id
2223 1044 2309 1089 est
2340 1036 2561 1089 mortali
2594 1044 2649 1090 et
2680 1036 3005 1103 immortali,
3041 1054 3137 1108 per
3160 1039 3440 1093 artiﬁcem

1861 1126 2261 1194 providentiam
2296 1126 2609 1205 Conditoris
2656 1129 2977 1184 societatem
3010 1130 3301 1185 diversitas
3329 1147 3437 1185 non

1862 1218 2145 1288 refugit,et
2167 1219 2386 1288 quidem
2408 1220 2566 1290 longe
2597 1235 2625 1273 a
2653 1237 2712 1276 se
2733 1223 3053 1278 substantiis
3080 1223 3201 1265 "-"
3222 1222 3439 1295 [alienis

1860 1320 1917 1364 et
1945 1310 2224 1383 diversis].
2254 1311 2375 1365 Alia
2418 1328 2656 1383 namque
2692 1312 2760 1369 de
2801 1321 2947 1368 terra
2992 1316 3293 1370 assumitur
3328 1326 3380 1369 et
3408 1332 3437 1369 a

1850 1397 2148 1457 Conditore
2173 1403 2464 1469 formatur,
2498 1405 2604 1458 alia
2631 1420 2759 1459 vero
2783 1422 2848 1460 ex
2880 1406 3277 1462 immortalibus
3310 1410 3436 1463 sub-

1861 1496 2085 1551 stantiis
2124 1496 2323 1561 datur,
2357 1512 2459 1550 nec
2483 1505 2664 1551 tamen
2694 1499 2745 1553 ei
2776 1514 2872 1568 per
2900 1499 3277 1568 hujuscemodi
3308 1518 3439 1557 con-

1856 1586 2199 1657 iunctionem
2248 1588 2426 1643 honor
2463 1588 2896 1646 immortalitatis
2947 1592 3295 1664 infringitur,
3338 1610 3437 1649 nec

1863 1684 1922 1730 ut
1948 1676 2276 1747 quibusdam
2304 1678 2521 1733 videtur
2550 1678 2639 1751 [ex
2667 1681 2978 1735 rationabili
3007 1690 3062 1738 et
3090 1685 3431 1755 concupisci-

1862 1769 1957 1824 bili
1982 1777 2036 1824 et
2054 1770 2317 1827 irascibili
2340 1771 2613 1835 subsistit,
2639 1773 2736 1828 sed
2784 1770 2960 1842 magis
2997 1775 3178 1831 inesse
3211 1777 3260 1831 ei
3302 1778 3437 1832 tales

1863 1862 2085 1931 quidam
2105 1863 2379 1937 videntur]
2401 1864 2652 1927 affectus,
2668 1867 2866 1936 quibus
2885 1866 2951 1919 ad
2970 1869 3082 1923 htec
3103 1870 3312 1938 singula
3329 1887 3439 1924 mo-

1862 1953 1975 2005 veri
2011 1954 2204 2022 possit.
2229 1952 2363 2007 Nam
2385 1970 2588 2025 corpus
2610 1956 2753 2024 quod
2776 1972 2840 2009 ex
2864 1957 3082 2011 ossibus
3102 1966 3155 2010 et
3180 1959 3432 2013 carnibus

1860 2053 2108 2107 constat,
2142 2046 2359 2100 initium
2394 2048 2563 2101 sumit
2591 2061 2655 2100 ex
2688 2048 2897 2101 semine
2925 2049 3060 2114 viri,
3091 2049 3231 2119 quod
3263 2066 3292 2104 e
3323 2067 3433 2105 mc-

1858 2136 2023 2191 dullis
2055 2138 2206 2191 calor
2249 2139 2476 2194 eiiciens
2508 2140 2680 2192 vulvae
2719 2140 2876 2209 quasi
2922 2149 3081 2195 terrae
3119 2142 3429 2211 consignat,

1858 2230 1945 2282 cui
1970 2229 2242 2286 inhrerens
2272 2247 2339 2285 ex
2370 2231 2521 2286 fonte
2552 2234 2835 2303 sanguinis
2873 2234 3131 2303 paulatim
3162 2233 3390 2303 rigatum
3414 2273 3427 2295 ,

1860 2321 1912 2373 in
1943 2335 2164 2376 carnem
2201 2332 2255 2377 et
2276 2338 2403 2377 ossa
2428 2324 2778 2393 producitur,
2808 2336 2969 2395 atque
3000 2326 3053 2379 in
3081 2326 3314 2395 speciem
3343 2342 3431 2379 au-

1857 2413 2028 2467 t-toris
2054 2413 2184 2479 jacti
2220 2414 2448 2469 seminis
2481 2414 2833 2471 reformatur.

1927 2502 2117 2557 XXIX.
2157 2503 2223 2556 Et
2258 2504 2383 2558 vide
2415 2504 2469 2559 in
2514 2505 2619 2559 hoc
2648 2503 2887 2561 Artiﬁcis
2934 2520 3072 2576 opus
3116 2506 3228 2574 (75)
3251 2548 3265 2567 ,
3295 2524 3429 2576 quo-

1855 2596 2017 2650 modo
2062 2613 2190 2652 ossa
2231 2598 2379 2651 velut
2418 2598 2705 2653 columnas
2741 2599 3037 2669 quasdam,
3065 2600 3265 2669 quibus
3303 2615 3430 2653 caro

1854 2698 2198 2746 sustentetur
2219 2706 2283 2746 ac
2306 2700 2576 2763 portetur,
2595 2691 2841 2747 inseruit.
2865 2690 3003 2743 Tum
3028 2690 3225 2745 deinde
3249 2707 3429 2761 aequa-

1855 2783 1920 2838 lis
1952 2800 2018 2837 ex
2051 2792 2285 2853 utraque
2306 2793 2459 2853 parte
2480 2823 2496 2846 ,
2533 2783 2588 2836 id
2616 2791 2702 2837 est
2740 2781 2963 2837 dextera
2994 2790 3047 2836 et
3085 2784 3214 2837 lteva
3238 2825 3251 2847 ,
3277 2800 3428 2839 mes-

1853 2890 1978 2928 sura
2008 2883 2274 2937 servetur,
2311 2884 2369 2928 ut
2397 2886 2665 2944 congruat
2696 2890 2791 2944 pes
2824 2874 2973 2945 pedi,
3000 2884 3053 2929 et
3083 2891 3279 2930 manus
3312 2892 3429 2929 ma-

1851 2966 1947 3018 nui
1970 3006 1984 3029 ,
2019 2965 2174 3034 digiti
2219 2980 2438 3035 quoque
2476 2965 2665 3034 digitis
2689 3005 2703 3026 ,
2734 2975 2794 3019 ut
2834 2966 3033 3035 singuli
3082 2965 3147 3019 ad
3183 2966 3427 3035 singulos

1828 3067 1962 3111 tota
1997 3058 2307 3127 a'qualitate
2338 3058 2710 3125 concordent;
2737 3058 2829 3112 sed
2862 3067 2915 3113 et
2944 3059 3138 3113 oculus
3160 3061 3341 3122 oculo,
3373 3070 3421 3112 et

163 3152 430 3207 frumenti
464 3153 547 3207 vel
582 3152 772 3208 hordei
804 3153 1143 3223 aliarumque
1174 3156 1476 3222 specierum
1510 3172 1603 3225 per
1632 3157 1747 3211 sin-
1770 3170 1819 3232 ς,
1850 3150 2001 3205 auris
2032 3150 2179 3211 auri.
2220 3165 2341 3219 quae
2364 3166 2473 3203 non
2503 3150 2678 3205 snlllm
2721 3166 2960 3205 consona
2992 3151 3094 3205 sibi
3126 3160 3175 3205 el
3201 3167 3427 3205 Concor-

160 3243 324 3314 gnlos
369 3260 542 3297 annos
576 3245 835 3307 seorsim,
878 3245 1052 3298 donec
1101 3246 1535 3315 uniuscujusque
1581 3249 1747 3301 semi-

160 3335 255 3388 nis
295 3348 525 3387 acervus
560 3334 626 3387 ad
661 3342 880 3388 centum
926 3336 1252 3388 talentorum
1298 3337 1510 3406 pondus
1554 3354 1749 3391 ascen-

158 3426 291 3489 dat,
320 3432 434 3479 tum
462 3424 626 3479 etiam
651 3427 874 3481 arbores
909 3428 1110 3481 avulsa)
1141 3428 1405 3481 radicitus
1436 3430 1749 3499 appendan-

157 3524 296 3581 tur,
324 3525 377 3571 et
408 3516 495 3571 his
519 3518 775 3572 omnibus
800 3534 863 3572 ex
897 3529 1109 3573 cratere
1148 3523 1381 3590 sumptis
1410 3522 1749 3591 appendatur

158 3618 347 3673 terra,
386 3617 603 3663 centum
654 3626 751 3663 sua
797 3611 1153 3665 nihilominus
1203 3612 1405 3666 talenta
1463 3615 1611 3668 salva
1663 3631 1751 3670 re-

159 3703 381 3757 stituet.
417 3700 571 3756 Unde
620 3716 748 3771 ergo
801 3702 1047 3757 dicemus
1093 3718 1255 3758 omne
1309 3704 1442 3758 illud
1494 3707 1744 3775 pondus,

106 3832 111 3837 .
158 3807 496 3861 omnemque
528 3793 890 3860 quantitatem
914 3792 1194 3845 seminum
1212 3792 1553 3849 diversorum
1582 3805 1746 3866 atque

158 3886 425 3940 arborum
456 3884 802 3939 surrexisse?
830 3897 1009 3938 nonne
1041 3885 1323 3941 evidenter
1344 3899 1591 3957 apparet,
1615 3892 1744 3959 quia

154 3994 225 4032 ex
264 3976 466 4046 aquis?
503 3974 672 4029 Terra
716 3976 859 4029 enim
911 3975 1055 4045 quod
1109 3993 1268 4032 suum
1308 3987 1426 4043 est,
1470 3982 1743 4052 integrum

160 4076 353 4130 tenet,
386 4081 527 4137 aqua
552 4080 682 4121 vero
710 4082 831 4136 quae
860 4082 957 4136 per
988 4070 1197 4137 singula
1230 4070 1426 4139 injecta
1460 4083 1580 4140 est,
1608 4093 1745 4133 nus-

158 4174 329 4229 quam
372 4172 601 4228 prorsus
629 4163 713 4211 est
733 4194 747 4217 ,
775 4156 848 4209 ob
877 4166 1153 4225 potentem
1187 4160 1384 4215 divina:
1411 4166 1745 4224 conditionis

158 4253 453 4311 virtutem,
487 4264 610 4319 quae
642 4263 736 4317 per
774 4263 941 4301 unam
994 4264 1150 4319 aqua:
1194 4255 1431 4322 speciem
1465 4264 1741 4315 tantorum

156 4342 435 4397 seminum
467 4340 938 4411 virgultorumque
965 4349 1018 4395 et
1043 4343 1379 4399 substantias
1414 4358 1665 4417 reparat,
1690 4358 1744 4406 et

156 4433 377 4504 species
431 4417 665 4497 format,
697 4440 750 4487 et
792 4449 966 4503 genus
1011 4433 1200 4489 fenore
1249 4437 1610 4508 multiplicato
1645 4459 1741 4499 cu-

157 4528 351 4583 stodit.

233 4616 470 4673 XXVlll.
503 4616 579 4670 Ex
615 4616 813 4685 quibus
843 4614 1097 4671 omnibus
1123 4618 1259 4673 satis
1289 4619 1613 4695 abundeque
1642 4644 1739 4699 pa-

158 4717 276 4762 tere
310 4713 442 4774 puto
461 4744 475 4768 ,
502 4703 700 4759 artiﬁci
717 4702 890 4757 'sensu
915 4710 967 4758 et
993 4720 1101 4759 non
1130 4707 1492 4767 irrationabili
1528 4726 1736 4777 natura

224 4844 355 4887 ὐτ
384 4841 516 4910 Qua:
541 4843 863 4897 auctoritate
894 4842 1018 4898 cod.
1042 4842 1418 4904 Parisinorum
1443 4857 1777 4915 vetustissim

157 4916 429 4993 ravimus.

1851 3242 2071 3302 dantia,
2106 3242 2201 3297 sed
2243 3252 2294 3297 et
2332 3243 2526 3298 usibus
2568 3242 2894 3298 necessariis
2933 3252 3059 3313 apta
3100 3243 3424 3299 formantur.

1855 3334 2046 3389 Manus
2079 3336 2300 3405 quidem
2348 3343 2407 3391 ut
2457 3337 2607 3406 operi
2652 3337 2949 3391 commodae
2995 3338 3138 3398 sint,
3169 3338 3332 3405 pedes
3369 3347 3426 3391 ut

1852 3427 2162 3495 gressibus,
2195 3427 2339 3481 oculi
2372 3434 2431 3480 ut
2458 3428 2669 3482 visibus
2719 3429 2957 3481 serviant
3006 3429 3423 3497 snperciliorum

1851 3518 2101 3571 excubiis
2125 3512 2405 3581 custoditi,
2428 3534 2587 3573 aures
2617 3519 2681 3572 ad
2714 3519 3043 3573 audiendum
3078 3522 3149 3572 ita
3182 3523 3425 3575 formatae

1850 3618 1906 3662 ut
1940 3610 2193 3679 cymbalo
2235 3610 2444 3666 similes
2474 3612 2713 3680 suscepti
2746 3612 2895 3665 verbi
2922 3628 3303 3681 repercussum
3330 3630 3421 3669 so.

1850 3701 2023 3754 nitum
2060 3701 2225 3755 altius
2271 3701 2538 3767 reddant,
2576 3712 2631 3757 et
2668 3718 2839 3772 usque
2875 3704 2938 3756 ad
2971 3719 3191 3758 sensum
3241 3707 3421 3760 cordis

1848 3791 2131 3855 emittant,
2166 3793 2350 3863 lingua
2389 3802 2569 3848 autem
2609 3795 2674 3848 ad
2714 3795 3041 3865 loquendum
3074 3796 3213 3851 illisa
3242 3798 3419 3851 denti-

1848 3886 1952 3940 bus
1984 3886 2175 3955 plectri
2208 3886 2399 3941 reddat
2431 3886 2700 3950 ofﬁcium,
2735 3888 2835 3957 ipsi
2868 3904 2996 3941 vero
3025 3889 3214 3943 dentes
3241 3891 3330 3942 alii
3364 3901 3421 3943 ut

1851 3979 2093 4033 incidant
2129 3988 2183 4035 et
2214 3978 2462 4034 dividant
2500 3980 2655 4035 cibos
2690 3988 2745 4035 et
2776 3982 3129 4036 interioribus
3169 3983 3416 4041 tradant,

1848 4071 2134 4127 interieres
2158 4089 2286 4126 vero
2309 4080 2366 4127 ut
2390 4074 2443 4127 in
2468 4074 2687 4128 modum
2711 4076 2865 4131 mola"
2888 4076 3180 4137 conﬁciant
3198 4084 3249 4129 et
3270 4092 3420 4129 com~

1848 4164 2117 4227 minuant,
2140 4182 2247 4235 quo
2270 4168 2636 4236 opportunius
2660 4169 2945 4221 stomacho
2964 4168 3147 4221 traditi
3177 4182 3419 4237 coquan-

1846 4267 1967 4321 tur,
2005 4260 2147 4314 unde
2172 4266 2222 4314 et
2256 4260 2492 4315 molares
2514 4260 2770 4330 appellati
2796 4268 2942 4314 sunt.

1918 4348 2087 4406 XXX.
2131 4350 2237 4406 Sed
2276 4360 2330 4406 et
2379 4368 2572 4411 nares.
2620 4352 2959 4407 commeandi
3013 4351 3173 4407 (latus
3214 4358 3268 4405 et
3304 4352 3418 4405 red-

1847 4440 2013 4503 dendi
2046 4459 2108 4497 ac
2144 4443 2441 4514 recipiendi
2484 4443 2655 4513 gratia
2704 4443 2859 4497 facta:
2903 4452 3057 4505 sunt,
3095 4452 3151 4496 ut
3198 4444 3417 4497 innova-

1769 4510 1818 4568 θ
1844 4545 1994 4595 tione
2023 4539 2252 4610 spiritus
2290 4535 2441 4590 calor
2478 4535 2744 4589 naturalis
2774 4533 2864 4603 qui
2899 4536 2952 4588 in
2982 4535 3146 4588 corde
3182 4544 3301 4597 cst,
3336 4535 3415 4587 vel

1844 4633 2067 4688 accendi
2108 4631 2193 4685 vel
2240 4625 2575 4698 refrigerari,
2605 4641 2729 4680 cum
2762 4641 2847 4681 res
2880 4627 3210 4695 peposcerit,
3250 4634 3411 4694 queat

1843 4723 2117 4797 pulmonis
2161 4718 2368 4782 ofﬁcio,
2428 4716 2518 4786 qui
2563 4716 2768 4785 pectori
2825 4716 3087 4770 inbzerere
3130 4716 3292 4769 datus
3333 4725 3415 4767 est

1782 4877 1939 4917 orum
1969 4861 2023 4915 in
2048 4866 2255 4928 textum
2286 4856 2683 4945 recgpimusﬁn
2714 4856 2871 4909 uncis
2886 4853 3290 4910 eaincludenda
3320 4870 3415 4909 cu-

1464 5039 1830 5121 COTELERII
1869 5064 2105 5121 Nom.

232 5184 347 5254 (74)
388 5184 591 5240 Parvus
610 5186 663 5239 in
692 5188 803 5259 alio
829 5187 1260 5259 mundusﬁodex
1284 5188 1735 5259 Candelerianus,

156 5256 325 5334 alius_
350 5257 837 5334 paruggmuudus.
865 5258 1267 5334 Cagnelitlcus,
1320 5262 1457 5334 alius
1491 5265 1545 5317 in
1579 5256 1739 5334 parvo

153 5326 412 5399 mundus.
468 5325 671 5399 Eodem
701 5342 866 5399 sensu
902 5347 914 5381 :
954 5327 1186 5395 Physici,
1222 5332 1395 5399 inquit
1426 5325 1737 5392 Macrobius

155 5399 252 5453 lib.
291 5411 329 5450 Il
383 5398 453 5475 in.
490 5396 767 5475 Somnium
813 5396 1071 5475 Scipionis
1115 5403 1233 5475 cap.
1288 5396 1354 5455 ιε
1398 5421 1410 5457 :
1456 5404 1737 5475 Mundam,

154 5484 409 5538 maguum
431 5467 713 5524 hominem.
739 5478 787 5521 et
812 5469 1091 5533 hominem,
1124 5467 1321 5523 brevem
1350 5474 1600 5529 mundum
1628 5467 1739 5533 esse

152 5538 431 5593 453mm,
461 5538 615 5603 Quod
659 5538 740 5591 sic
767 5553 1086 5608 expressum
1132 5549 1216 5595 est
1240 5556 1268 5594 a
1296 5541 1524 5600 Philone
1550 5546 1737 5603 Iudaeo

158 5610 300 5681 libro
365 5608 703 5681 Quisferum
732 5608 1034 5681 divinarum
1066 5610 1256 5681 horres.
1288 5628 1341 5681 p.
1374 5614 1479 5669 502
1512 5636 1524 5670 :
1554 5618 1738 5671 Ἐναλ..

154 5680 464 5758 adsimili-sm
502 5677 705 5758 βρριχὺν
746 5679 1077 5758 μὲνικὸσμτον
1104 5679 1194 5734 τὸν
1229 5677 1531 5758 ᾴνῦρωίπον,
1568 5691 1741 5758 μέγαν

155 5750 212 5803 δὲ
244 5748 546 5820 ἄνθρωπρν
567 5748 770 5820 ἔφασαν
823 5748 913 5800 τὸν
963 5750 1164 5820 κόσμον
1210 5748 1367 5807 εἶναί.
1405 5755 1478 5811 De
1520 5748 1740 5813 nomine

159 5819 530 5881 microc'osmo,
562 5819 755 5872 minori
791 5820 1012 5885 mundo,
1037 5820 1224 5892 κόσμῳ
1260 5826 1505 5897 συντόμῳ
1537 5830 1738 5899 ubique

406 5914 677 5974 Parnm.
721 5916 835 5974 Gn.
900 5915 943 5974 I.

1841 5201 2007 5253 leues.

2067 5266 2134 5322 Et
2162 5266 2276 5322 cide
2400 5268 2497 5323 hoc
2525 5269 2765 5339 artiﬁcis
2789 5285 2937 5336 opus,
2970 5275 3079 5325 etc.
3112 5268 3303 5325 Totum
3335 5273 3417 5324 lo—

1842 5337 1966 5409 cum
1987 5337 2769 5409 confcricuinﬂesponsionead
2790 5340 3266 5409 interregationem
3288 5344 3412 5406 HO,

1838 5412 1895 5464 in
1928 5408 2148 5465 Caesarii
2179 5407 2459 5475 Dialogis‘:
2494 5424 2593 5462 nec
2626 5407 2905 5463 dubitabis
2945 5407 3191 5465 asserere
3232 5428 3260 5466 a
3299 5414 3417 5468 Cre-

1843 5481 1989 5536 sario
2039 5481 2130 5534 illo
2180 5480 2485 5548 suppilatas
2545 5478 2713 5533 fuisse
2758 5476 3171 5549 ﬂecoguitiones.
3238 5482 3413 5539 Minus

1842 5550 2127 5605 commode
2165 5548 2443 5603 Arnobius
2487 5550 2577 5604 lib.
2614 5564 2673 5602 Ill
2710 5568 2723 5602 :
2759 5547 2905 5602 Nam‘
2944 5550 3069 5610 quid
3111 5554 3163 5603 in
3209 5552 3414 5609 homine

1844 5620 2121 5689 pulchrum
2147 5631 2247 5682 est,
2270 5619 2419 5688 quid,
2451 5636 2651 5689 quwso,
2678 5617 3011 5680 admirabile,
3033 5620 3111 5675 rel
3145 5622 3410 5682 decorum.

1849 5692 1953 5744 nisi
1980 5690 2118 5765 quod
2148 5699 2197 5743 et
2230 5690 2458 5765 veterino
2488 5690 2716 5765 (legunt
2759 5690 2965 5765 cluriuo
2992 5706 3022 5745 e
3051 5708 3184 5747 mss.
3220 5692 3409 5765 Regio,

1846 5775 1969 5814 cum
2004 5762 2167 5815 etiam
2198 5761 2360 5814 scribi
2393 5760 2657 5831 potuisset
2685 5761 2930 5828 rerriuo)
2970 5778 3084 5814 cum
3115 5760 3413 5831 pecore'ua-

1847 5832 1957 5885 scio
1987 5832 2101 5900 quis
2130 5840 2316 5883 auctor
2342 5829 2505 5884 voluit
2531 5847 2639 5884 esse
2662 5835 2969 5886 tommune'

2945 5926 3019 5983 (ιλ
