4048 6342
695 354 831 411 1387

1544 352 1598 407 S.
1635 349 2029 405 CLEMENTIS
2064 350 2081 403 I
2122 350 2285 405 ROM.
2325 351 2523 407 ΡΟΝΤ.
2567 352 2791 408 OPERA
2829 351 3054 405 υιύιελ.

3811 350 3937 405 1581

693 476 750 521 nt
779 467 1007 522 mollitie
1055 469 1138 522 sui
1170 468 1348 538 palpet
1373 476 1425 521 ct
1459 466 1637 521 foveat
1666 468 1848 523 cordis
1895 469 2165 538 vigorem,
2197 471 2250 522 in
2282 476 2326 531 Α
2355 476 2409 525 et
2438 486 2609 540 quare
2640 480 2749 524 tam
2778 469 2977 525 tarde?
3023 468 3136 523 Hoc
3178 470 3357 540 possis
3399 467 3705 524 obtendere
3729 469 3937 523 etiamsi

690 574 799 629 quo
829 560 1043 613 videtur
1072 560 1179 612 vita
1208 558 1527 622 consistere,
1563 557 1671 611 vita
1711 558 1835 612 dico
1859 597 1873 621 ,
1904 572 2013 610 non
2048 558 2248 612 anima.

687 647 823 703 Nam
852 650 983 721 quid
1006 650 1183 707 dicam
1208 640 1275 708 de
1300 653 1607 707 substantia
1635 652 1917 723 sanguinis
1937 692 1952 715 ,
1985 653 2077 722 qui
2109 654 2255 707 velut

688 743 887 796 fluvius
910 759 979 799 ex
1013 743 1162 800 fonte
1206 745 1525 815 procedens,
1560 751 1614 799 et
1646 760 1755 799 uno
1798 744 1949 814 prius
1989 744 2143 798 alveo
2172 746 2254 798 in-

688 841 877 888 vectus
907 844 1019 888 tum
1048 835 1241 890 deinde
1271 851 1367 905 per
1394 835 1709 890 innumeras
1743 850 1909 890 venas
1929 874 1943 899 ,
1973 835 2129 905 quasi
2156 850 2254 904 per

689 938 848 977 areas
903 922 1209 987 derivatus,
1264 932 1434 978 totam
1484 924 1704 978 humani
1755 924 2004 994 corporis
2051 932 2253 978 terram

688 1015 947 1069 vitalibus
988 1016 1126 1084 rigat
1164 1015 1416 1081 fluentis,
1444 1016 1650 1086 jecoris
1680 1032 1843 1087 opere
1874 1016 2249 1083 ministratus,

689 1105 833 1173 quod
866 1106 933 1159 ad
967 1105 1260 1161 efﬁcaciam
1308 1108 1625 1179 digestionis
1675 1111 1953 1176 ciborum,
1997 1119 2160 1183 atque
2195 1114 2251 1167 in

687 1196 1004 1264 sanguinem
1053 1198 1432 1252 mutandarum
1467 1198 1521 1251 in
1570 1198 1764 1253 dextro
1803 1200 1971 1256 latere
1991 1201 2160 1268 jacet.
2192 1204 2251 1257 In

690 1288 913 1341 sinistro
952 1302 1079 1341 vero
1122 1289 1328 1358 splenis
1346 1298 1430 1344 est
1464 1289 1636 1355 locus,
1668 1293 1760 1359 qui
1785 1291 1999 1346 trahere
2020 1291 2087 1345 ad
2112 1307 2171 1347 se
2198 1301 2251 1348 et

688 1392 922 1446 purgare
948 1378 1350 1447 quodammodo
1380 1380 1573 1435 sordes
1604 1382 1890 1451 sanguinis
1918 1384 2111 1451 possit.

758 1468 949 1526 XXXI.
995 1471 1380 1526 Intestinorum
1429 1489 1646 1544 quoque
1694 1474 1835 1528 ratio
1882 1482 2086 1544 quanta
2135 1479 2247 1531 est!

688 1577 809 1630 quae
834 1562 1043 1617 idcirco
1069 1564 1246 1633 longis
1292 1565 1523 1619 nexibus
1552 1566 1605 1618 in
1638 1564 1966 1621 circulorum
1999 1566 2251 1621 ordinata

686 1664 815 1708 sunt
868 1654 1127 1719 modum,
1175 1663 1233 1709 ut
1276 1665 1559 1725 susceptas
1622 1657 1955 1727 digestiones
2003 1658 2249 1713 ciborum

686 1746 947 1815 paulatim
994 1755 1247 1816 egerant,
1293 1763 1401 1817 quo
1446 1764 1619 1817 neque
1662 1749 1730 1803 ad
1772 1749 2012 1804 subitum
2059 1751 2249 1807 inanes

684 1838 922 1891 clliciant
968 1839 1149 1903 locos,
1182 1846 1234 1893 et
1262 1840 1347 1893 his
1387 1841 1480 1908 qui
1527 1840 1862 1909 superadditi
1905 1840 2108 1896 fuerint
2141 1859 2251 1897 non

686 1929 1052 1999 impediantur
1080 1931 1237 1985 cibis.
1271 1930 1598 1986 Membrana:
1620 1941 1799 1987 autem
1832 1936 1885 1986 in
1914 1934 2133 1988 modum
2164 1936 2251 1989 id-

685 2022 837 2075 circo
884 2021 1027 2075 facta
1072 2030 1236 2086 sunt,
1268 2028 1326 2075 ut
1355 2037 1419 2076 ex
1465 2022 1600 2091 ipsis
1646 2038 1709 2077 ea
1749 2039 1869 2094 qua:
1912 2028 2249 2083 extrinsecus

686 2122 846 2175 sunt,
886 2111 1168 2165 humorem
1216 2112 1416 2166 sensim
1448 2114 1785 2183 suscipiant,
1818 2115 1908 2183 qui
1956 2129 2130 2185 neque
2157 2133 2250 2172 su-

685 2206 801 2258 bito
824 2204 1030 2259 eﬂusus
1056 2205 1364 2259 exinanirct
1392 2206 1625 2270 interna,
1655 2223 1830 2276 neque
1852 2208 2106 2263 densiore
2127 2220 2251 2265 cute

688 2297 1031 2366 prohibitus,
1082 2297 1235 2351 arida
1282 2314 1402 2367 quae
1441 2299 1781 2353 extrinsecus
1824 2300 2091 2355 habentur
2133 2302 2247 2355 elli-

686 2398 868 2452 ceret,
896 2397 949 2443 et
980 2396 1144 2443 totam
1169 2390 1407 2444 hominis
1454 2389 1712 2445 fabricam
1759 2392 1881 2448 sitis
1924 2395 2250 2451 necessitate

685 2481 953 2535 turbaret.

755 2571 967 2626 XXXII.
1009 2572 1179 2627 Porro
1206 2588 1335 2628 vero
1364 2573 1594 2629 feminea
1626 2576 1842 2645 positio,
1869 2586 1923 2631 et
1955 2579 2126 2634 vulvae
2174 2580 2251 2636 si-

687 2681 793 2720 nus
824 2664 890 2719 ad
918 2664 1287 2734 recipiendum
1317 2681 1538 2735 germen
1566 2674 1620 2721 et
1646 2667 2044 2725 confovendum
2073 2673 2248 2726 vivifi-

684 2758 1027 2826 candumque
1077 2756 1573 2822 commodissimus,
1626 2773 1787 2827 quem
1818 2773 1927 2812 non
1953 2762 2163 2817 ratione
2193 2771 2248 2817 et

685 2847 973 2919 prudentia
994 2846 1180 2902 effecta
1208 2862 1330 2902 esse
1357 2863 1478 2917 quae
1500 2846 1639 2902 facta
1665 2858 1814 2912 sunt,
1841 2850 2084 2913 suadeat,
2103 2854 2247 2922 quod

686 2940 742 2993 in
770 2954 835 2993 ea
867 2939 1042 2993 solum
1096 2944 1248 3007 parte
1296 2938 1663 2992 membrorum
1690 2955 1721 2992 a
1752 2940 1895 2994 virili
1952 2945 2133 3013 specie
2170 2944 2248 2999 fe-

685 3032 833 3085 mina
864 3031 1154 3099 discrepat,
1202 3044 1311 3099 qua
1359 3031 1652 3098 posteritas
1698 3040 1816 3086 sata
1867 3034 2165 3103 suscipitur
2195 3046 2249 3090 et

687 3123 921 3185 fovetur,
952 3129 1005 3176 et
1036 3137 1228 3175 rursus
1280 3122 1452 3175 virilis
1503 3121 1722 3177 habitus
1751 3138 1814 3177 ea
1870 3127 2247 3181 tantummodo

686 3215 1056 3269 membrorum
1109 3221 1261 3283 parte
1293 3213 1630 3277 immutatur,
1684 3229 1789 3283 qua
1818 3214 1867 3269 ei
1917 3216 2000 3271 vis
2032 3218 2245 3271 serendi

684 3318 741 3364 et
774 3307 1069 3379 generandi
1123 3306 1358 3360 hominis
1386 3306 1559 3360 inest?
1595 3304 1661 3359 Et
1709 3307 1763 3360 in
1818 3306 1921 3361 hoc
1990 3324 2247 3378 magnum

684 3401 903 3470 quidem
933 3396 1305 3453 testimonium
1353 3396 1713 3453 Providentiae
1753 3397 1936 3461 datur,
1960 3414 2027 3454 ex
2056 3416 2247 3457 neces-

684 3491 834 3545 saria
861 3490 1179 3545 diversitate
1208 3488 1597 3554 membrorum,
1625 3490 1722 3545 sed
1748 3490 1821 3544 ibi
1844 3492 2041 3557 majus,
2074 3493 2166 3548 ubi
2188 3494 2245 3549 in

686 3582 908 3637 habitus
959 3580 1334 3648 similitudine,
1386 3597 1522 3637 usus
1560 3582 1850 3638 diversitas
1879 3590 1935 3637 et
1959 3583 2119 3639 amcii
2151 3601 2248 3643 va-

685 3674 855 3728 rietas
883 3673 1175 3727 invenitur.
1236 3670 1369 3726 Nam
1401 3673 1654 3727 mamillae
1692 3673 1826 3728 viris
1845 3689 1999 3745 aeque
2021 3684 2150 3730 sunt
2180 3692 2245 3733 ac

687 3764 926 3827 feminis,
956 3762 1050 3819 sed
1082 3762 1403 3818 feminarum
1448 3764 1577 3818 solae
1617 3771 1745 3818 sunt
1780 3780 1899 3835 quae
1939 3766 2097 3823 lactis
2124 3784 2245 3822 mu-

684 3872 814 3911 nere
837 3854 1135 3925 replentur,
1191 3861 1250 3909 ut
1302 3854 1486 3911 statim
1512 3855 1605 3910 ubi
1650 3858 1959 3925 genuerint,
1989 3870 2113 3930 apta
2139 3861 2243 3917 sibi

686 3948 945 4018 parvulus
968 3947 1204 4002 inveniat
1230 3946 1587 4002 nutrimenta.
1610 3945 1763 4012 Quod
1790 3948 2008 4018 si,tanta
2033 3952 2245 4008 ratione

682 4040 934 4093 videmus
965 4038 1020 4091 in
1050 4037 1269 4091 homine
1303 4036 1545 4091 membra
1591 4036 1874 4107 disposita,
1909 4048 1967 4094 ut
1994 4040 2050 4095 in
2084 4050 2246 4099 caete-

682 4130 762 4183 ris
789 4128 1043 4183 omnibus
1091 4127 1288 4183 similis
1340 4125 1561 4181 habitus
1615 4128 1883 4194 videatur,
1914 4129 1970 4183 in
1999 4130 2084 4185 his
2118 4141 2243 4188 tan.

682 4220 962 4274 tummodo
989 4218 1321 4287 discrepent,
1377 4217 1435 4273 in
1479 4218 1677 4289 quibus
1714 4235 1846 4276 usus
1875 4221 2243 4278 diversitatem

682 4309 932 4379 requirit,
990 4315 1045 4363 et
1084 4322 1259 4377 neque
1310 4308 1365 4362 in
1386 4310 1506 4362 viro
1539 4309 1743 4379 aliquid
1786 4312 2117 4380 superﬂuum
2146 4322 2242 4369 aut

682 4416 867 4471 egens,
902 4413 1075 4468 neque
1102 4400 1157 4452 in
1219 4398 1417 4453 femina
1466 4400 1611 4469 quod
1670 4402 1812 4456 desit
1835 4403 2133 4470 .videamus
2160 4408 2242 4463 vel

2355 571 2483 618 ante
2510 563 2687 618 factus
2714 563 2946 630 fuisset;
3001 562 3215 617 diceres
3244 564 3414 626 enim,
3446 561 3562 615 Cur
3590 577 3707 615 non
3741 573 3803 616 et
3828 574 3943 617 ante

2354 655 2497 709 hoc?
2522 668 2575 710 et
2602 656 2675 709 ita
2706 656 2973 711 immensa
3020 656 3222 710 saecula
3265 655 3673 711 transcendens
3726 670 3943 725 sempe

2354 746 2533 815 possis
2562 748 2863 816 requirere,
2922 762 3023 802 cur
3063 762 3173 801 non
3203 754 3257 802 et
3289 756 3417 803 ante
3446 746 3590 801 hoc?
3645 745 3755 801 Sed
3790 748 3943 801 nobis

2354 853 2501 892 nunc
2529 854 2709 893 sermo
2737 854 2844 893 non
2875 838 2943 893 de
2961 853 3026 893 eo
3052 846 3138 894 est
3193 837 3315 910 [cur
3350 854 3459 894 non
3492 840 3566 894 sit
3596 847 3735 893 ante
3768 837 3944 893 factus

2352 944 2515 998 quam
2553 930 2731 985 factus
2759 928 2893 1002 est],
2926 929 3022 985 sed
3054 930 3099 985 si
3126 930 3348 985 omnino
3376 930 3559 986 factus
3574 937 3687 986 est.
3713 929 3778 985 Si
3802 931 3941 985 enim

2352 1017 2554 1073 factum
2584 1027 2821 1084 constat,
2855 1021 3170 1083 necessario
3200 1021 3436 1091 potentis
3464 1028 3522 1075 et
3575 1021 3790 1077 summi
3822 1022 3947 1074 arti-

2353 1107 2469 1163 ficis
2491 1124 2628 1179 opus
2657 1118 2779 1179 est;
2812 1110 2959 1181 quod
2992 1112 3041 1167 si
3073 1119 3312 1175 constat,
3348 1112 3573 1183 quando
3594 1128 3732 1167 eum
3768 1112 3944 1166 facere

2352 1199 2606 1265 voluerit,
2670 1202 2935 1273 sapientis
2972 1203 3206 1275 artificis
3238 1203 3468 1258 arbitrio
3500 1202 3840 1273 iudicioque
3866 1220 3945 1258 re-

2352 1290 2706 1362 linquendum
2748 1303 2878 1355 est-
2915 1293 3035 1351 Nisi
3062 1294 3312 1351 videatur
3352 1295 3449 1349 tibi
3483 1296 3676 1352 omnis
3715 1296 3843 1350 hac
3869 1312 3942 1351 sa-

2352 1382 2619 1451 pientia,"
2671 1399 2793 1454 quae
2862 1392 2976 1439 tam
3029 1387 3325 1441 immanem
3371 1386 3565 1441 mundi
3628 1389 3941 1442 machinam

2352 1474 2572 1537 struxit,
2595 1483 2648 1529 et
2684 1476 2919 1546 singulis
2948 1478 3263 1547 quibusque
3307 1478 3471 1533 rebus
3490 1478 3713 1534 formas
3742 1488 3800 1533 et
3826 1495 3944 1549 spe-

2352 1564 2464 1619 cies
2492 1565 2661 1630 dedit,
2687 1582 2922 1637 quarum
2955 1568 3202 1623 habitum
3237 1585 3347 1624 non
3376 1568 3569 1624 decori
3596 1572 3792 1624 solum
3824 1586 3941 1625 eon-

2352 1656 2679 1722 venientem,
2711 1658 2808 1713 sed
2837 1669 2891 1714 et
2936 1658 3138 1714 futuris
3162 1660 3357 1716 usibus
3386 1662 3750 1731 aptissimum
3773 1672 3832 1717 et
3852 1680 3941 1717 ne-

2354 1749 2652 1803 cessarium
2683 1758 2931 1818 poneret,
2963 1751 3067 1807 hoc
3086 1768 3207 1807 eam
3238 1753 3413 1808 solum
3439 1752 3671 1825 fugerit,
3697 1763 3937 1825 quotam

2353 1839 2653 1909 magniﬁcae
2685 1842 3020 1902 conditionis
3050 1852 3416 1914 opportunum
3444 1853 3671 1914 tempus
3705 1861 3940 1901 assume-

2352 1941 2452 1989 ret.
2484 1933 2577 1989 Est
2600 1935 2743 2004 apud
2773 1936 2927 1989 illum
2981 1935 3229 2006 profecto
3258 1945 3410 1991 certa
3466 1938 3637 2003 ratio,
3671 1948 3808 1991 sunt
3834 1940 3937 1992 evi-

2352 2024 2543 2079 dentes
2567 2034 2773 2088 c‘ausze,
2788 2039 2887 2078 cur
2904 2032 2959 2079 et
2980 2025 3201 2095 quando
3228 2032 3281 2079 et
3303 2025 3543 2095 qualiter
3572 2024 3779 2080 fecerit
3795 2042 3935 2079 mun-

2350 2116 2501 2179 dum,
2534 2132 2671 2186 quas
2697 2115 3032 2183 hominibus,
3062 2117 3262 2187 quibus
3297 2118 3412 2173 haec
3434 2132 3559 2187 qua:
3591 2126 3729 2173 ante
3752 2120 3936 2173 oculos

2350 2208 2524 2276 posita
2554 2216 2684 2261 sunt
2715 2220 2768 2263 et
2788 2215 2855 2264 de
2894 2210 3013 2279 ejus
3043 2208 3383 2278 providentia
3413 2216 3833 2273 contestantur,
3862 2211 3937 2263 in-

2348 2298 2566 2368 quirere
2624 2307 2677 2354 et
2722 2300 3027 2372 intelligere
3060 2302 3272 2370 pigrum
3324 2300 3452 2363 fuit,
3483 2302 3721 2370 aperiri.
3756 2304 3935 2372 utique

2349 2406 2457 2444 non
2487 2391 2762 2459 oportuit;
2804 2408 2925 2462 qua:
2976 2392 3120 2447 enim
3182 2393 3239 2446 in
3294 2392 3514 2447 occulto
3572 2393 3935 2448 habenturet

2349 2481 2495 2535 intra
2528 2482 2808 2552 sapientia:
2836 2500 3052 2549 sensus,
3080 2485 3228 2539 velut
3258 2483 3399 2537 intra
3433 2483 3619 2553 regios
3644 2485 3935 2541 thesauros

2349 2572 2629 2627 recondita
2660 2583 2808 2637 sunt,
2836 2574 3039 2629 nemini
3096 2581 3305 2644 patent,
3341 2574 3447 2629 nisi
3480 2574 3568 2628 his
3606 2576 3711 2645 qui
3751 2576 3822 2631 ab
3852 2579 3935 2629 illo

2347 2664 2658 2731 didicerint,
2694 2666 2838 2736 apud
2868 2682 3032 2737 quem
3072 2669 3284 2737 signata
3317 2674 3445 2722 sunt
3494 2668 3614 2721 haec
3673 2677 3730 2723 et
3781 2686 3935 2739 repo-

2349 2756 2474 2810 sita.
2502 2754 2645 2812 Deus
2672 2772 2804 2827 ergo
2831 2768 2912 2812 est
2961 2758 3053 2828 qui
3114 2758 3241 2813 fecit
3269 2759 3474 2822 omnia,
3526 2766 3583 2813 et
3633 2759 3757 2831 ipse
3790 2777 3823 2815 a
3853 2779 3936 2817 ne-

2348 2848 2497 2902 mine
2524 2846 2703 2903 factus
2730 2857 2837 2904 est.
2867 2846 2972 2914 Qui
2997 2856 3176 2903 autem
3205 2856 3454 2903 naturam
3483 2865 3587 2920 pro
3606 2849 3730 2905 Deo
3759 2855 3933 2907 nomi-

2346 2946 2501 3001 nant,
2531 2949 2585 2993 et
2614 2954 2710 3009 per
2763 2947 3016 2994 naturam
3047 2939 3192 2995 facta
3240 2956 3364 2996 esse
3390 2950 3593 2997 cuncta
3635 2952 3928 3005 testantur,

2348 3029 2481 3085 latet
2499 3046 2596 3086 eos
2630 3032 3012 3102 appellationis
3042 3047 3155 3087 suae
3177 3046 3353 3087 error.
3392 3030 3452 3086 Si
3488 3034 3640 3089 enim
3675 3044 3929 3090 naturam

2274 3160 2314 3216 Ο
2349 3119 2778 3177 irrationabilem
2809 3129 3025 3192 putant,
3051 3121 3435 3178 stultissimum
3481 3131 3570 3178 est
3624 3127 3930 3191 rationabi-

2350 3215 2453 3269 lem
2485 3213 2750 3269 facturam
2780 3215 2850 3270 ab
2901 3215 3260 3270 irrationabili
3308 3213 3517 3271 factore
3555 3219 3843 3288 progredi.
3876 3219 3929 3273 Si

2347 3320 2477 3359 vero
2506 3305 2647 3360 ratio
2667 3311 2774 3369 est,
2806 3304 2859 3360 id
2894 3312 2979 3361 est
3020 3306 3195 3376 logos,
3232 3321 3328 3377 per
3350 3321 3515 3376 quam
3542 3305 3691 3361 facta
3713 3318 3930 3381 constat

2347 3396 2622 3459 universa,
2647 3394 2922 3467 superfluo
2950 3411 3149 3454 nomen
3176 3397 3487 3463 immutant,
3514 3399 3608 3453 ubi
3642 3400 3929 3457 deCondi-

2345 3487 2484 3542 toris
2509 3487 2717 3542 ratione
2744 3486 3086 3557 profitentur.
3116 3488 3197 3543 Ad
3226 3490 3343 3547 haec
3366 3490 3413 3546 si
3442 3490 3575 3560 quid
3598 3490 3800 3556 habes,
3829 3491 3929 3546 Pa-

2348 3585 2450 3642 ter,
2475 3592 2828 3649 prosequere.

2415 3667 2631 3724 XXXV.
2707 3669 2831 3725 Haec
2889 3686 3015 3726 cum
3063 3670 3253 3727 Niceta
3305 3671 3573 3737 dixisset,
3633 3689 3809 3730 senex
3858 3677 3924 3729 ita

2345 3758 2655 3830 respondit:
2690 3758 2772 3815 Tu
2831 3761 3075 3831 quidem,
3116 3763 3213 3826 fili,
3270 3762 3568 3833 prudenter
3618 3774 3676 3819 et
3718 3765 3925 3821 forti'er

2344 3859 2668 3921 prosecutus
2697 3867 2778 3916 es,
2842 3852 2899 3906 in
2945 3859 3158 3924 tantum
3190 3861 3249 3908 ut
3290 3854 3488 3909 melius
3518 3840 3628 3909 dici
3657 3872 3827 3926 posse
3864 3860 3925 3912 de

2344 3940 2691 3999 Providentia
2746 3958 2855 3998 non
2912 3952 3118 4014 putem.
3174 3943 3281 4000 Sed
3335 3947 3594 4016 quoniam
3658 3948 3797 4003 hora
3817 3950 3921 4019 jam

2344 4035 2514 4089 multa
2538 4043 2643 4097 est,
2701 4036 2947 4090 crastino
3006 4036 3074 4091 ad
3130 4036 3245 4091 haec
3283 4053 3404 4108 qua:
3455 4049 3789 4108 prosecutus
3845 4059 3920 4103 es,

2344 4128 2675 4197 respondere
2719 4128 2901 4198 aliqua
2937 4129 3081 4193 volo,
3135 4129 3203 4184 de
3229 4130 3431 4197 quibus
3455 4131 3502 4185 si
3526 4132 3665 4185 mihi
3707 4134 3922 4189 satisfe-

2345 4220 2487 4274 ceris
2507 4221 2695 4290 gratia!
2724 4235 2813 4275 me
2858 4220 3030 4276 fateor
3051 4220 3374 4278 debitorem.
3409 4221 3474 4277 Et
3505 4223 3591 4279 his
3619 4240 3654 4278 a
3685 4240 3821 4281 sene
3840 4228 3921 4281 di-

2342 4312 2468 4375 ctis,
2494 4312 2733 4366 surrexit
2779 4310 2995 4367 Petrus.
3054 4312 3289 4378 Quidam
3341 4329 3469 4370 vero
3495 4330 3565 4369 ex
3608 4318 3918 4373 astantibus

2344 4400 2759 4458 Laodicensium
2789 4403 3000 4474 primus
3021 4404 3249 4475 rogabat
3271 4403 3491 4461 Petrum
3515 4415 3572 4462 et
3590 4423 3725 4475 nos,
3748 4418 3812 4463 ut
3836 4426 3915 4465 Sb

682 4491 827 4559 quod
860 4489 1117 4553 abundet,
1169 4490 1294 4559 quis
1344 4505 1408 4544 ex
1460 4490 1545 4545 his
1588 4494 1843 4550 omnibus
1888 4510 1995 4549 non
2025 4497 2244 4554 eviden-
2273 4508 2320 4565 ι)
2344 4491 2431 4548 nis
2459 4493 2772 4549 indumenta
2802 4510 2923 4565 qum
2979 4494 3211 4550 habebat
3239 4498 3456 4552 sordida
3488 4507 3546 4553 et
3591 4502 3773 4555 scissa
3801 4518 3915 4555 ma-

682 4591 764 4633 ter
809 4586 1067 4650 agnoscat
1115 4579 1341 4635 rationis
1399 4596 1539 4652 opus
1576 4591 1630 4637 et
1671 4585 1992 4654 sapientiam
2036 4588 2241 4645 Condi—

680 4671 855 4726 loris?

755 4762 988 4817 XXXIII.
1050 4762 1146 4819 His
1199 4766 1522 4837 astipulatur
1574 4768 1737 4822 etiam
1786 4774 2244 4827 caterorumani-

682 4854 904 4907 malium
934 4854 1276 4912 rationabilis
1300 4858 1609 4921 diversitas,
1644 4868 1697 4915 et
1717 4876 1817 4915 suo
1835 4860 2095 4932 quodque
2117 4865 2240 4920 usui

683 4946 1093 5017 ministerioque
1151 4951 1499 5006 conveniens.
1558 4950 1682 5007 Hac
1738 4961 1968 5008 testatur
1993 4962 2046 5010 et
2075 4956 2239 5011 arbo-

679 5051 800 5088 rum
837 5037 1072 5091 varietas
1120 5036 1523 5110 berbarumque
1573 5041 1884 5105 diversitas,
1919 5052 2027 5099 tam
2059 5047 2241 5115 specie

682 5128 885 5181 variata
933 5145 1096 5198 quam
1149 5130 1350 5185 succis.
1408 5130 1531 5187 Ilaec
1578 5135 1772 5189 asserit
1824 5146 1877 5190 et
1915 5140 2240 5206 permutatio

679 5229 982 5290 temporum
1044 5222 1099 5275 in
1144 5232 1377 5291 quatuor
1422 5224 1679 5280 distincta
1729 5228 2154 5294 vicissitudines,
2187 5240 2241 5285 et

674 5312 845 5365 certis
876 5311 1047 5375 horis,
1100 5311 1314 5376 diebus,
1374 5315 1675 5379 mensibus,
1739 5332 1940 5371 annum
2000 5320 2238 5373 circulus

676 5403 956 5466 claudens,
977 5412 1030 5458 et
1054 5420 1121 5459 ne
1148 5420 1308 5459 unam
1323 5406 1540 5476 quidem
1562 5406 1749 5463 horam
1772 5418 1986 5475 statutae
2012 5412 2239 5467 rationis

675 5497 976 5561 excedens;
1020 5496 1147 5550 hinc
1198 5496 1433 5567 denique
1483 5500 1645 5553 etiam
1669 5500 1855 5554 mundi
1891 5502 2060 5572 ipsius
2084 5512 2236 5566 aetas,

674 5598 824 5643 certa
854 5597 905 5644 et
937 5588 1116 5644 stabili
1150 5589 1377 5653 ratione,
1408 5603 1670 5662 concepto
1711 5607 1973 5647 annorum
2011 5610 2237 5651 numero

675 5690 944 5739 censetur.

2345 4581 2521 4651 taret;
2544 4600 2703 4654 quem
2728 4583 2924 4641 Petrus
2946 4593 3002 4641 et
3027 4600 3130 4641 nos
3178 4587 3434 4656 amplexi,
3456 4595 3512 4642 et
3538 4590 3914 4645 collaudantes

2343 4690 2442 4745 pro
2467 4675 2696 4731 honesta
2742 4685 2797 4731 et
2824 4678 3029 4747 optima
3067 4678 3344 4734 voluntate
3398 4696 3519 4744 sua,
3549 4680 3908 4738 dicebamus:

2342 4765 2480 4832 Quia
2510 4783 2609 4821 nec
2639 4783 2739 4824 nos
2784 4768 2856 4822 ita
2890 4769 3211 4839 insipientes
3232 4786 3424 4826 sumus
3451 4783 3504 4826 et
3536 4773 3714 4843 impii,
3741 4784 3801 4830 ut
3830 4780 3909 4831 cui

2341 4863 2450 4910 tam
2488 4860 2725 4927 pretiosa
2759 4859 2922 4913 verba
2958 4860 3358 4927 concredimus,
3386 4878 3497 4916 non
3538 4866 3715 4919 multo
3746 4870 3910 4937 magis

2340 4952 2502 5005 etiam
2537 4952 2652 5007 haec
2688 4968 2811 5022 quae
2833 4953 2901 5007 ad
2927 4969 3061 5008 usus
3086 4970 3382 5025 corporeos
3436 4965 3564 5011 sunt
3598 4965 3907 5015 necessaria

2340 5043 2702 5113 praebeamus,
2729 5059 2850 5114 qua:
2878 5060 3003 5100 eum
3034 5054 3090 5100 et
3120 5046 3356 5101 libenter
3384 5057 3773 5118 suscepturum
3800 5067 3907 5106 cre-

2339 5136 2542 5199 dimus,
2569 5146 2827 5206 tanquam
2858 5150 2888 5189 a
2910 5138 3037 5193 tlliis
3060 5145 3292 5207 patrem,
3314 5139 3408 5194 sed
3435 5148 3490 5194 et
3519 5147 3727 5195 tectum
3756 5144 3906 5197 nobis

2337 5236 2393 5283 et
2417 5229 2582 5284 vitam
2621 5243 2964 5283 communem
3020 5228 3138 5285 fore
3167 5230 3461 5285 credimus.
3506 5230 3632 5285 Haec
3662 5248 3789 5287 cum
3816 5252 3907 5290 nos

2339 5319 2673 5385 diceremus,
2703 5328 2760 5377 et
2788 5320 2879 5376 ille
2908 5321 3207 5391 primarius
3236 5323 3475 5378 civitatis
3530 5339 3749 5379 summa
3780 5331 3831 5382 vi
3859 5341 3907 5383 et

2336 5410 2728 5467 blandimentis
2759 5412 3009 5482 plurimis
3064 5413 3297 5470 avellere
3323 5428 3353 5467 a
3379 5414 3541 5470 nobis
3569 5428 3797 5488 cuperet
3827 5436 3904 5475 se

2339 5519 2485 5567 nem,
2519 5519 2620 5559 nos
2657 5518 2786 5559 vero
2815 5518 2881 5558 eo
2909 5503 3282 5561 vehementius
3314 5506 3704 5574 retineremus,
3733 5514 3902 5566 omnis

2339 5597 2571 5667 pepulus
2595 5597 2913 5651 acclamavit
2945 5604 3004 5652 ut
3052 5596 3181 5651 illud
3236 5598 3411 5667 magis
3442 5600 3557 5666 fiat,
3610 5604 3759 5673 quod
3808 5606 3899 5674 ipsi

2338 5690 2513 5761 placet
2541 5691 2690 5752 seni;
2726 5697 2778 5742 et
2809 5704 2931 5742 cum
2964 5689 3240 5743 silentium
3271 5691 3473 5747 factum
3500 5693 3721 5757 fuisset,
3746 5712 3897 5751 senex

749 5775 979 5829 XXXIV.
1039 5774 1140 5830 Sed
1173 5778 1340 5838 dices,
1380 5778 1609 5844 Quando
1643 5781 1876 5835 mundus
1930 5782 2103 5835 factus
2130 5789 2232 5847 est,
2333 5782 2644 5850 jttramento
2673 5782 2961 5850 prmvcnit,
2994 5781 3221 5839 dicens:
3278 5782 3453 5841 Hodie
3503 5788 3649 5857 apud
3704 5791 3897 5845 nullum
