4048 6342
156 481 293 539 1389

1321 477 1881 537 RECOGNITIONUM
1917 478 2044 537 LIB.
2086 476 2221 534 Vill.

3259 452 3396 532 me

151 594 387 652 manebo
402 608 578 665 neque
600 594 669 650 ab
686 595 869 666 aliqua
891 596 1188 666 quidquam
1214 596 1532 666 suscipiam,
1560 597 1635 651 uti
1660 612 1729 653 ne
1757 601 1803 658 Α
1831 612 1973 651 mam
2002 593 2313 666 possidens,
2346 607 2444 647 cur
2466 594 2520 646 in
2550 593 2769 649 occulto
2798 594 2933 654 lates
2963 601 3015 648 et
3066 593 3395 649 verecundia

149 686 379 743 alterius
435 685 655 740 dilectio
700 687 926 743 alterius
975 688 1198 742 tristitia
1257 688 1377 753 ﬂat;
1428 676 1549 745 haec
1571 690 1716 745 enim

146 777 491 847 postmodum
525 779 569 833 si
590 780 768 834 visum
800 780 984 844 fuerit,
1016 779 1128 835 fieri
1160 792 1413 850 possunt,
1442 797 1449 803 '

221 868 458 923 XXXVI.
490 868 556 922 Et
588 884 713 924 cum
771 871 885 926 haec
912 873 1139 928 dixisset
1191 888 1377 938 senex,
1417 873 1611 931 Petrus
1644 876 1717 932 ait

143 960 216 1015 ad
246 962 561 1031 primarium
592 962 829 1017 civitatis
858 982 870 1018 :
926 962 1194 1029 Quoniam
1227 967 1397 1020 nostri
1429 968 1715 1035 praesentia

141 1051 345 1107 bonam
371 1053 708 1108 voluntatem
738 1061 886 1108 tuam
920 1055 1229 1117 ostendisti,
1264 1056 1475 1112 tristem
1526 1064 1579 1111 te
1605 1074 1712 1113 non

141 1151 357 1211 oportet
383 1144 693 1210 abscedere,
734 1146 828 1200 sed
876 1147 1206 1217 accipiemus
1262 1149 1359 1204 abs
1400 1158 1455 1204 te
1481 1153 1711 1220 gratiam

140 1246 245 1301 pro
264 1234 456 1303 gratia,
488 1236 704 1291 domum
736 1246 883 1293 tuam
915 1241 1073 1296 nobis
1120 1241 1365 1306 ostende,
1394 1252 1447 1297 et
1470 1259 1711 1314 praepara

140 1340 263 1378 eam
299 1331 358 1378 ut
386 1328 627 1382 crastino
660 1328 958 1399 disputatio
987 1346 1107 1400 quae
1135 1331 1315 1387 futura
1364 1344 1447 1389 est
1496 1336 1570 1389 ibi
1620 1336 1714 1390 ha-

138 1415 436 1480 beatur,'et
482 1416 528 1472 si
559 1418 653 1488 qui
675 1420 865 1475 volunt
896 1420 1090 1479 adesse
1119 1423 1186 1477 ad
1218 1424 1553 1479 audiendum
1584 1442 1710 1497 per-

136 1506 448 1562 mittantur.
481 1507 611 1575 Qua:
632 1524 756 1564 cum
787 1512 1033 1568 audisset
1060 1514 1271 1584 primus
1293 1516 1531 1586 civitatis
1553 1518 1710 1573 valde

137 1597 361 1665 gavisus
381 1608 485 1663 est,
512 1599 607 1655 sed
638 1607 691 1655 et
718 1602 898 1658 omnis
954 1604 1186 1674 populus
1218 1605 1452 1663 libenter
1478 1608 1704 1664 audivit.

132 1685 385 1757 Cumque
412 1687 796 1747 discessissent
827 1693 1018 1759 turbae,
1072 1696 1293 1752 domum
1344 1713 1498 1755 suam
1521 1710 1707 1757 osten-

132 1778 253 1845 dit;
276 1779 555 1836 discedere
573 1788 750 1836 autem
778 1792 831 1838 et
860 1798 1026 1841 senex
1048 1788 1233 1858 cmpit.
1260 1788 1374 1860 Ego
1402 1797 1582 1846 tamen
1610 1793 1705 1847 uni

130 1886 201 1926 ex
227 1871 566 1943 pedissequis
595 1875 732 1930 meis
763 1876 1025 1946 imperavi
1059 1880 1198 1946 clam
1251 1882 1509 1953 subsequi
1539 1885 1705 1940 vesti-

130 1963 281 2032 gium
334 1966 513 2029 senis,
567 1973 622 2020 et
671 1966 884 2024 discere
921 1970 1013 2025 ubi
1061 1980 1325 2028 maneret.
1376 1972 1488 2031 Nos
1521 1985 1701 2032 autem

94 2112 101 2117 ,
128 2068 256 2107 cum
275 2054 628 2122 redissemus
655 2058 720 2112 ad
751 2058 1047 2130 hospitium
1073 2101 1089 2125 ,
1120 2066 1496 2121 enarravimus
1520 2067 1702 2121 omnia

130 2143 541 2216 fratribusqua:
564 2149 723 2205 nobis
752 2166 876 2205 cum
905 2168 1037 2209 sene
1063 2154 1249 2211 habita
1277 2165 1427 2225 sunt,
1450 2167 1507 2215 et
1531 2159 1609 2214 ita
1636 2174 1702 2215 ex

125 2250 282 2291 more
303 2238 427 2292 cibo
453 2247 671 2310 sumpto
699 2242 1084 2312 requievimus.

201 2325 463 2385 XXXVII.
495 2328 594 2387 Die
628 2340 808 2390 autem
838 2344 1055 2406 postera
1099 2336 1294 2403 Petrus
1337 2348 1550 2399 mature
1576 2357 1701 2398 sur-

125 2432 266 2487 gens
288 2421 576 2477 suscitavit
600 2439 720 2489 nos,
749 2434 803 2480 et
822 2428 1162 2497 perreximus
1187 2431 1393 2501 pariter
1418 2432 1488 2488 ad
1519 2434 1699 2491 locum

126 2522 423 2575 secretum,
475 2513 531 2567 in
579 2529 690 2585 quo
723 2524 781 2571 et
818 2517 993 2587 pridie
1018 2521 1287 2579 orationis
1322 2536 1490 2579 causa
1515 2525 1693 2581 fuera-

123 2615 286 2669 mus;
309 2610 474 2673 atque
494 2604 620 2661 inde
643 2615 767 2677 post
796 2611 1099 2667 orationem
1130 2612 1259 2667 dum
1290 2614 1602 2672 veniremus
1629 2616 1697 2672 ad

121 2693 477 2748 constitutam
499 2694 741 2764 domum,
762 2699 818 2755 in
843 2702 1037 2757 itinere
1060 2704 1317 2759 monebat
1339 2720 1461 2772 nos,
1484 2706 1693 2765 dicens:

122 2784 331 2843 Audite
379 2803 489 2854 me,
520 2792 772 2848 conservi
826 2792 1195 2860 dilectissimi,
1246 2795 1450 2851 bonum
1498 2807 1583 2854 est
1638 2792 1697 2854 ut

124 2877 511 2948 unusquisque
529 2888 774 2937 vestrum
802 2885 1103 2941 secundum
1126 2886 1271 2955 quod
1298 2895 1499 2958 potest,
1521 2890 1696 2960 prosit

123 2968 520 3026 accedentibus
569 2972 639 3027 ad
691 2973 851 3030 fidem
892 2975 1171 3045 religionis
1210 2985 1433 3048 nostra,
1488 2989 1542 3034 et
1572 2980 1695 3037 ideo

118 3073 232 3114 non
260 3062 361 3117 vos
412 3062 593 3134 pigeat
629 3066 928 3121 secundum
977 3068 1330 3139 sapientiam,
1382 3086 1505 3141 qua:
1540 3072 1694 3129 vobis

118 3168 221 3223 per
274 3153 369 3209 Dei
430 3156 827 3225 providentiam
898 3158 1096 3213 collata
1159 3167 1244 3215 est
1313 3160 1689 3231 disserentes,

1822 685 2173 757 contegeris?
2198 684 2394 741 accede
2416 684 2524 739 huc
2554 685 2750 755 magis,
2783 691 2837 739 et
2864 699 2984 754 quae
3018 684 3114 739 tibi
3140 683 3397 740 videntur

1817 792 2128 848 exsequere.

1900 869 2143 926 XXXIX.
2169 868 2273 924 Ubi
2294 867 2410 923 hec
2437 866 2576 923 dixit
2622 867 2839 931 Petrus,
2881 868 3059 921 statim
3107 867 3282 922 turben
3310 867 3395 921 lo-

1816 978 1940 1016 cum
1980 962 2115 1017 dare
2150 969 2437 1031 coeperunt
2467 960 2607 1015 seni.
2652 960 2896 1029 Cumque
2942 961 3286 1028 accessisset,
3315 960 3396 1014 ita

1816 1053 2016 1124 coepit:
2060 1052 2260 1107 Eorum
2282 1068 2403 1123 qua:
2422 1053 2509 1106 die
2537 1051 2796 1107 hesterno
2845 1058 3170 1121 prosecutus
3192 1059 3276 1105 est
3299 1053 3390 1121 ju-

1816 1145 2238 1210 venis,'etiamsi
2265 1145 2429 1200 verba
2463 1136 2573 1198 non
2601 1143 2845 1205 memini,
2875 1154 3095 1197 sensum
3122 1150 3302 1197 tamen
3334 1153 3389 1198 et

1812 1237 2057 1293 ordinem
2084 1246 2264 1301 teneo,
2325 1244 2379 1291 et
2420 1236 2543 1290 ideo
2576 1235 2947 1290 necessarium
2984 1242 3115 1304 puto
3164 1242 3395 1304 propter-

1811 1342 1907 1384 eos
1935 1329 2027 1399 qui
2058 1328 2315 1383 hesterno
2371 1342 2480 1381 non
2544 1326 2861 1391 adfuerunt,
2918 1325 3386 1395 anacephaizeosin

1811 1420 1993 1475 facere
2017 1434 2206 1475 eorum
2241 1435 2363 1490 quae
2417 1419 2566 1473 dicta
2625 1428 2775 1483 sunt,
2808 1426 2862 1473 et
2912 1418 3155 1473 breviter
3183 1425 3384 1473 cuncta

1810 1520 2076 1582 repetere,
2117 1520 2177 1566 ut
2202 1512 2416 1567 etiamsi
2448 1526 2534 1566 me
2561 1511 2769 1582 aliquid
2799 1508 3071 1581 eﬁ‘ugerit,
3102 1510 3171 1564 ab
3200 1524 3266 1571 eo
3288 1510 3381 1579 qui

1809 1613 2132 1675 prosecutus
2172 1612 2256 1659 est
2290 1610 2559 1674 praesente
2603 1616 2973 1657 commonear.
3005 1600 3105 1655 Hic
3128 1616 3255 1671 ergo
3279 1599 3384 1655 fuit

1808 1686 2077 1752 hesternae
2105 1696 2494 1769 disputationis
2533 1710 2750 1759 sensus,
2772 1692 2915 1764 quod
2950 1692 3131 1747 omnia
3155 1707 3276 1761 quae
3298 1692 3383 1745 vi-

1806 1787 2025 1853 dentur,
2062 1790 2324 1859 quoniam
2353 1794 2507 1842 certa
2560 1785 2819 1841 mensura
2848 1792 2903 1839 et
2946 1792 3063 1840 arte
3098 1783 3380 1855 formaque

1807 1894 1871 1934 ac
1899 1880 2082 1951 specie
2114 1886 2391 1946 constant,
2446 1879 2565 1936 sine
2594 1878 2764 1934 dubio
2792 1893 2824 1932 a
2875 1877 3122 1946 sapiente
3176 1876 3380 1954 virtute

1735 1936 1776 1991 Β
1806 1936 1951 2025 facta
1981 1986 2104 2027 esse
2132 1936 2428 2042 [credenda
2458 1973 2623 2037 sunt;
2662 1968 2808 2039 quod
2843 1968 2891 2023 si
2942 1936 3098 2022 mens
3153 1975 3207 2023 et
3237 1938 3379 2022 ratio

1803 2070 1889 2119 est
1924 2077 2046 2133 quae
2079 2063 2194 2117 haec
2224 2062 2487 2126 condidit,
2510 2072 2853 2130 consequens
2877 2058 3021 2131 esse]
3058 2065 3118 2113 ut
3144 2048 3377 2115 rationis

1804 2154 1979 2226 ipsiu‘s
2034 2154 2374 2225 providentia
2425 2152 2661 2209 mundus
2698 2158 2938 2229 regatur,
2976 2151 3191 2206 etiamsi
3216 2150 3376 2206 nobis

1803 2262 1868 2300 ea
1896 2260 2017 2317 qua
2040 2254 2304 2317 geruntur
2356 2246 2411 2300 in
2457 2244 2680 2311 mundo,
2734 2244 2917 2298 minus
2947 2250 3095 2298 recte
3151 2242 3263 2314 geri
3293 2243 3374 2298 vi.

1802 2336 2054 2393 deantur.
2091 2337 2462 2407 Consequitur
2492 2343 2696 2400 autem,
2726 2342 2785 2389 ut
2815 2334 2860 2391 si
2891 2341 3107 2389 creator
3130 2335 3375 2398 omnium

1802 2425 1947 2483 Deus
1976 2437 2064 2484 est
2091 2442 2156 2483 ac
2183 2443 2363 2492 mens,
2388 2427 2461 2484 sit
2483 2427 2649 2483 etiam
2672 2427 2893 2497 justus;
2939 2425 3085 2497 quod
3115 2425 3164 2480 si
3188 2426 3373 2494 justus

1798 2524 1907 2583 est,
1958 2519 2273 2574 necessario
2297 2518 2539 2589 judicat;
2565 2517 2613 2571 si
2654 2516 2889 2586 iudicat,
2922 2530 3148 2572 necesse
3179 2526 3263 2572 est
3312 2524 3374 2570 ut

1800 2607 2047 2666 homines
2072 2610 2139 2666 de
2154 2611 2271 2666 suis
2300 2609 2515 2665 actibus
2540 2608 2887 2678 iudicentur;
2912 2615 2967 2663 et
2994 2608 3041 2662 si
3063 2607 3131 2662 de
3158 2605 3373 2663 actibus

1798 2699 1915 2755 suis
1945 2701 2329 2771 unusquisque
2374 2700 2677 2770 iudicatur,
2716 2700 2824 2755 erit
2854 2714 2984 2769 ergo
3028 2698 3170 2753 inter
3189 2698 3372 2769 iustos

1797 2774 1851 2845 et
1875 2798 2196 2861 peccatores
2244 2790 2454 2860 justum
2488 2789 2818 2861 quandoque
2871 2788 3187 2843 discrimen.
3244 2787 3372 2843 Hoc

1796 2882 1921 2949 fuit,
1948 2890 2008 2937 ut
2034 2868 2249 2952 opinor:
2286 2882 2455 2938 totius
2492 2882 2650 2936 verbi
2678 2870 3035 2949 continentia.

1864 2971 1977 3029 XL.
2011 2970 2067 3028 Si
2103 2988 2234 3045 ergo
2256 2960 2686 3043 ostendi'potest
2735 2973 2881 3043 quod
2916 2989 3071 3028 mens
3108 2987 3174 3029 ac
3227 2974 3370 3029 ratio

1765 3073 1991 3124 'cuncta
2010 3068 2342 3134 condiderit,
2396 3082 2741 3138 consequens
2796 3075 2882 3123 est
2942 3077 2997 3122 et
3032 3082 3095 3123 ea
3136 3082 3256 3137 quae
3282 3082 3372 3123 se-

1793 3170 2041 3231 quuntur
2069 3162 2283 3217 ratione
2312 3169 2368 3216 et
2392 3161 2731 3231 providentia
2748 3161 2881 3233 geri.
2916 3158 2973 3214 Si
3007 3176 3137 3216 vero
3176 3168 3368 3216 natura

116 3244 395 3301 instruere
424 3246 730 3317 ignaros’et
758 3249 974 3315 docere,
1001 3251 1076 3306 ita
1129 3259 1313 3309 tamen
1350 3263 1411 3309 ut
1436 3257 1520 3313 his
1575 3274 1698 3335 qua
1724 3263 1766 3322 ο
1798 3252 2119 3323 imprudens
2152 3260 2383 3309 et'cteca
2414 3252 2587 3324 gignit
2627 3253 2905 3318 universa,
2945 3253 3228 3324 perimitur
3249 3251 3368 3307 sine

116 3350 149 3391 a
175 3351 265 3393 me
308 3337 542 3421 audistis
569 3348 622 3395 et
658 3340 863 3396 tradita
909 3351 1039 3399 sunt
1068 3345 1246 3410 vobis,
1279 3348 1448 3403 vestri
1477 3356 1693 3407 tantum

115 3428 391 3485 sermonis
436 3420 801 3501 eloquentiam
859 3437 1099 3492 societis.
1144 3434 1254 3493 Nec
1299 3420 1509 3511 aliquid
1558 3458 1691 3513 pro-

120 3517 304 3587 prium
334 3526 391 3574 et
413 3520 558 3589 quod
607 3522 765 3578 vobis
813 3539 923 3579 non
955 3538 1036 3582 est
1092 3528 1350 3585 traditum
1400 3533 1693 3604 proloqua-

124 3609 285 3675 mini,
314 3612 530 3668 etiamsi
569 3614 723 3670 vobis
756 3617 1051 3694 verisimile
1098 3622 1367 3689 videatur,
1404 3625 1495 3678 sed
1519 3640 1604 3687 ea,
1631 3632 1693 3680 ut

120 3700 261 3768 dixi,
310 3718 432 3773 quae
468 3703 585 3777 ipse
638 3719 670 3763 a
729 3722 860 3766 vero
916 3710 1177 3784 propheta
1227 3724 1480 3785 suscepta
1524 3718 1689 3775 vobis

118 3793 345 3863 tradidi,
376 3802 809 3885 prosequamini,
842 3803 1054 3862 etiamsi
1087 3806 1268 3867 minus
1299 3811 1471 3881 plena:
1507 3829 1691 3870 asser-

112 3888 283 3977 tionis
304 3904 427 3946 esse
450 3891 799 3951 videbuntur.
859 3894 996 3951 Hinc
1046 3899 1191 3955 enim
1244 3917 1387 3973 saepe
1425 3906 1691 3977 contingit

111 3976 391 4034 declinare
414 3981 679 4050 quosdam
700 3997 730 4035 a
753 3984 1004 4051 veritate,
1034 3984 1432 4060 dum‘speciem
1464 3996 1564 4049 sibi
1596 3976 1689 4052 ve-

110 4067 366 4155 rioriset
395 4070 675 4127 validioris
703 4074 972 4141 veritatis,
1001 4080 1238 4153 propriis
1265 4084 1685 4155 cogitationibus

110 4153 393 4224 reperisse
430 4172 489 4213 se
522 4159 774 4216 credunt.

157 4244 475 4303 XXXVIII.
511 4248 607 4303 His
646 4265 678 4305 a
703 4250 879 4329 Petro.
906 4256 1069 4314 dictis
1103 4258 1338 4316 libenter
1366 4267 1681 4331 annuimus.

105 4332 358 4390 dicentes
381 4337 452 4423 ei,
478 4339 617 4395 nihil
662 4357 764 4397 nos
816 4353 1053 4413 acturos,
1089 4350 1194 4406 nisi
1226 4354 1371 4422 quod
1400 4355 1502 4425 ipsi
1534 4358 1685 4415 vide-

112 4434 293 4483 retur.
326 4426 461 4483 Tum
494 4432 587 4487 ille
613 4451 626 4487 :
654 4432 1106 4508 Utergo,inquit,
1132 4442 1251 4499 sine
1272 4448 1511 4515 periculo
1529 4465 1684 4507 exer-

1794 3343 1963 3399 dubio
2015 3344 2211 3414 judicii
2239 3343 2401 3410 ratio,
2439 3358 2541 3399 nec
2594 3344 2870 3399 discussio
2899 3352 3243 3414 peccatorum
3300 3358 3368 3400 ac

1793 3433 2202 3492 benefactorum
2230 3435 2625 3491 remuneratio
2681 3433 3011 3505 sperabitur,
3062 3432 3157 3486 ubi
3196 3431 3364 3501 judex

1792 3540 1902 3581 non
1932 3534 2033 3582 est.
2069 3525 2205 3593 Quia
2237 3542 2367 3597 ergo
2400 3528 2583 3581 omnia
2629 3526 2685 3581 in
2744 3525 2847 3585 hoc
2876 3522 3115 3595 pendent
3140 3531 3194 3578 et
3235 3523 3366 3578 huic

1791 3621 1956 3691 capiti
1992 3621 2293 3687 adhaerent,
2342 3637 2455 3677 non
2507 3621 2889 3691 indignemini,
2940 3622 2985 3675 si
3034 3618 3173 3675 forte
3201 3620 3364 3691 pd’ulo

1791 3716 1954 3772 latius
1986 3717 2187 3773 discuti
2222 3718 2338 3774 hac
2371 3725 2427 3775 et
2487 3718 2811 3788 pertractari
2857 3717 3100 3773 voluero.
3143 3717 3203 3772 In
3259 3717 3362 3772 hoc

1788 3811 1934 3883 enim
1964 3811 2094 3871 mihi
2124 3812 2191 3871 ad
2220 3812 2401 3872 omnia
2433 3818 2556 3887 qua
2584 3818 2987 3887 proponuntur,
3009 3810 3155 3864 velut
3186 3810 3361 3879 prima

1784 3904 1956 3975 janua
1982 3905 2278 3971 clauditur,
2309 3915 2365 3963 et
2394 3907 2517 3963 ideo
2539 3907 2682 3961 hanc
2707 3906 2838 3961 mihi
2874 3916 2999 3961 ante
3022 3906 3205 3961 omnia
3240 3922 3363 3977 ape—

1787 3996 1887 4050 riri
1920 3998 2061 4053 volo.
2094 3996 2253 4054 Nunc
2276 4014 2407 4071 ergo
2436 3998 2617 4054 audite
2651 4013 2771 4068 quae
2821 3999 3012 4063 doceo,
3046 4004 3101 4053 et
3132 4012 3360 4067 respon-

1786 4088 1913 4143 deat
1936 4090 2073 4145 mihi
2101 4091 2147 4146 si
2170 4091 2295 4161 quis
2308 4097 2549 4145 vestrum
2565 4089 2708 4144 volet
2725 4106 2739 4154 ;
2764 4104 2871 4143 non
2887 4088 3028 4142 enim
3041 4087 3355 4142 erubescam

1785 4180 2020 4242 discere.
2056 4182 2104 4237 si
2126 4181 2352 4237 audiero
2381 4179 2526 4251 quod
2544 4195 2735 4234 verum
2765 4186 2871 4243 est,
2894 4185 3125 4233 et.recte
3148 4177 3352 4240 dicenti

1784 4272 2158 4343 acquiescere.
2192 4272 2359 4344 Igitur
2401 4273 2660 4329 hesterno
2707 4286 2737 4324 a
2789 4277 2841 4325 te
2894 4270 3115 4329 habitus
3148 4285 3349 4332 sermo,

1781 4365 1876 4435 qui
1910 4366 2190 4431 asserebat
2222 4364 2368 4437 quod
2397 4372 2513 4421 arte
2542 4372 2596 4421 et
2624 4378 2879 4420 mensura
2906 4372 2959 4419 et
2986 4364 3195 4417 ratione
3217 4377 3353 4416 cun-

1783 4463 1871 4511 cta
1898 4464 2236 4521 constarent,
2270 4473 2378 4515 non
2418 4456 2573 4513 valde
2620 4472 2705 4511 me
2736 4454 2962 4518 suadet,
2996 4462 3230 4509 mentem
3263 4469 3352 4507 ra-

103 4519 368 4620 οςξωίηίι
403 4537 489 4620 {ne
520 4538 708 4580 coram
742 4527 1019 4599 disputata
1069 4534 1291 4605 singuli,
1347 4537 1421 4592 ita
1451 4548 1509 4594 ut
1538 4556 1682 4595 unus
1713 4609 1750 4620 _
1786 4548 2101 4618 tionemque
2134 4519 2256 4604 esse
2277 4564 2399 4620 qua:
2425 4548 2614 4604 fecerit
2663 4547 2958 4611 mundum;
3005 4546 3175 4599 multa
3204 4546 3348 4601 enim

102 4608 201 4663 alii
232 4611 491 4710 succedat
519 4630 584 4669 ac
612 4632 743 4673 suas
776 4622 1150 4694 unusquisque
1168 4628 1403 4696 explicet
1423 4632 1679 4700 quaestio-
1711 4609 1756 4665 D
1780 4636 1977 4700 habeo.
2007 4608 2441 4709 quae‘ostendam
2465 4641 2793 4710 competenti
2818 4608 3071 4693 mensura
3091 4640 3155 4692 ac
3177 4636 3351 4691 forma

101 4716 225 4757 nes.
261 4701 418 4759 Nunc
443 4722 574 4777 ergo
597 4711 856 4779 quoniam
887 4714 1148 4771 hesterno
1187 4719 1275 4774 die
1310 4719 1500 4777 Niceta
1537 4724 1679 4780 ουω.

71 4792 317 4853 -cienter
334 4794 612 4863 disseruit,
644 4799 809 4857 hodie
831 4819 1137 4862 sermonem
1164 4808 1327 4866 faciat
1358 4814 1574 4882 Aquila,
1622 4821 1678 4871 et

100 4891 231 4953 post
258 4883 507 4954 Aquilam
527 4888 801 4966 Clemens,
827 4893 952 4950 inde
969 4911 1091 4967 ego.
1117 4900 1163 4954 si
1194 4908 1373 4957 tamen
1402 4905 1566 4959 etiam
1588 4923 1675 4963 me

98 4991 194 5031 res
214 4981 533 5063 poposcerit
563 4984 768 5054 aliquid
789 4986 1007 5045 addere.
1027 4988 1236 5047 interea
1262 4993 1390 5048 dum
1418 4995 1676 5066 hujusce-

100 5067 253 5121 modi
282 5083 569 5139 sermones
590 5076 871 5153 cadimus,
902 5080 968 5134 ad
1001 5082 1221 5136 domum
1250 5092 1473 5142 ventum
1503 5098 1589 5144 est
1615 5090 1672 5145 in

98 5172 215 5226 qua
244 5161 551 5231 suscipiens
576 5181 679 5221 nos
711 5170 1125 5238 paterfamilias,
1154 5175 1457 5243 introducit,
1489 5180 1558 5234 ad
1585 5181 1671 5236 lo-

96 5264 227 5309 cum
255 5256 543 5322 quemdam
571 5257 626 5313 in
650 5260 1069 5321 similitudinem
1125 5266 1325 5324 theatri
1376 5250 1668 5327 collectum

94 5349 154 5395 et
180 5344 404 5410 pulchre
432 5350 844 5418 exazdiﬁcatum.
904 5356 958 5410 iu
1011 5372 1120 5427 quo
1168 5362 1357 5417 turbas
1393 5364 1661 5433 plurimas

94 5449 169 5487 ex
198 5440 440 5504 tempore
464 5441 644 5496 noctis
673 5444 1017 5513 opperientes
1048 5464 1146 5502 nos
1174 5452 1499 5521 reperimus,
1526 5454 1671 5511 inter

94 5539 240 5615 quos
268 5534 321 5581 et
351 5526 517 5589 senex
572 5534 664 5601 qui
719 5536 891 5605 pridie
932 5540 1217 5596 nobiscum
1272 5544 1662 5615 disputaverat.

96 5614 288 5686 Itaque
318 5622 556 5693 medium
581 5625 850 5691 habentes
871 5628 1091 5701 Petrum
1132 5614 1471 5703 ingredimur
1498 5642 1665 5698 etiam

93 5721 231 5770 nos.
263 5710 773 5783 circumspicientes
827 5720 1002 5777 sicubi
1048 5738 1399 5784 cerneremus
1444 5744 1664 5800 senem;

92 5812 263 5866 quem
298 5802 450 5871 prior
474 5803 670 5865 Petrus
700 5810 891 5867 videns
922 5813 977 5868 in
1029 5817 1208 5872 medio
1245 5819 1419 5876 turbae
1445 5822 1665 5878 latitan-

95 5896 209 5945 tem
237 5892 484 5951 evocavit
516 5899 583 5955 ad
613 5915 695 5961 se.
727 5903 913 5961 dicens
945 5920 960 5958 :
994 5905 1291 5967 Clariorem
1336 5913 1523 5972 multis
1546 5916 1663 5987 ani-

1777 4735 1832 4785 et
1862 4731 2044 4799 specie
2076 4738 2351 4795 constare,
2391 4745 2491 4785 nec
2521 4738 2700 4785 tamen
2734 4744 2833 4799 per
2867 4737 3099 4784 mentem
3131 4728 3348 4782 condita

1777 4834 1842 4878 ac
1872 4821 2160 4877 rationem.
2200 4818 2348 4876 Tum
2365 4827 2623 4891 preterea
2653 4820 2811 4891 video
2840 4819 3006 4871 multa
3047 4815 3344 4883 incondite,

1775 4911 2254 4982 inconsequenter,
2281 4912 2483 4981 injuste
2514 4913 2630 4981 geri
2661 4910 2716 4965 in
2766 4910 2989 4975 mundo,
3018 4916 3072 4963 et
3100 4909 3217 4963 sine
3252 4921 3348 4977 ge-

1774 5002 1926 5057 nesis
1968 5018 2135 5057 cursu
2177 5003 2312 5057 nihil
2365 5003 2478 5057 fieri
2534 5017 2733 5073 posse;
2795 5000 2942 5071 quod
2993 5010 3116 5071 post
3161 5000 3344 5056 omnia

1773 5093 1937 5145 etiam
1971 5108 2037 5148 ex
2068 5109 2155 5148 me
2180 5094 2300 5163 ipso
2334 5092 2777 5149 manifestissime
2811 5092 3146 5164 approbabo.

1844 5181 1981 5238 XLI.
2015 5182 2140 5239 Haec
2184 5198 2310 5239 cum
2342 5199 2506 5239 senex
2535 5184 2758 5246 diceret,
2794 5185 2986 5255 Aquila
3020 5182 3337 5253 respondit:

1774 5272 2041 5340 Quoniam
2063 5275 2179 5344 ipse
2205 5274 2559 5345 praposuisti,
2590 5282 2649 5327 ut
2676 5272 2744 5327 ad
2775 5288 2837 5328 ea
2860 5289 2982 5343 qua:
3002 5273 3210 5327 diceres
3244 5274 3341 5325 ha-

1771 5364 1923 5421 beret
1948 5368 2158 5437 c0piam
2185 5365 2549 5435 respondendi
2594 5366 2685 5435 qui
2734 5364 2882 5428 velit,
2932 5363 3182 5419 concedit
3206 5364 3339 5419 mihi

1771 5454 1940 5511 frater
1970 5472 2126 5513 meus
2156 5456 2345 5512 Niceta
2372 5457 2530 5511 hodie
2563 5456 2741 5511 facere
2774 5471 3103 5511 sermonem.
3158 5453 3224 5508 Et
3251 5470 3339 5511 se-

1771 5562 1876 5601 nex
1908 5565 1922 5601 :
1958 5547 2317 5619 Prosequere,
2352 5549 2447 5610 ait,
2474 5548 2644 5612 ﬁli,ut
2664 5548 2767 5603 vis.
2796 5542 2862 5601 Et
2889 5546 3082 5617 Aquila
3109 5562 3337 5618 respon-

1768 5645 1900 5700 dit:
1958 5642 2265 5701 Promisisti
2321 5643 2466 5714 quod
2524 5643 2843 5699 ostenderes
2896 5642 3064 5696 multa
3116 5658 3238 5697 esse
3279 5642 3333 5696 in

1767 5734 2005 5797 mundo.
2040 5752 2159 5805 quae
2207 5734 2435 5789 formam
2490 5749 2553 5788 ac
2601 5734 2834 5805 speciem
2890 5735 3081 5804 aequali
3126 5733 3334 5788 ratione

1768 5826 2051 5880 collectam
2076 5832 2287 5896 gerant,
2321 5841 2441 5895 quae
2474 5834 2653 5880 tamen
2683 5832 2897 5880 constet
2920 5840 3026 5879 non
3056 5824 3199 5879 effici
3236 5842 3332 5895 per

1766 5916 2103 5972 conditorem
2162 5915 2351 5971 Deum.
2404 5914 2557 5971 Nunc
2613 5930 2743 5987 ergo
2790 5915 2935 5987 quod
2994 5916 3331 5989 promisisti,
