4048 6342
1550 390 1605 445 S.
1644 388 2036 447 CLEIIENTIS
2066 389 2084 444 I
2120 388 2284 446 ROM.
2328 390 2527 448 PONT.
2567 390 2795 448 OPERA
2835 391 3063 448 DL‘BIA.

3737 418 3765 445 ο
3829 392 3946 446 I35!

701 509 952 566 ostende.
991 506 1054 562 Et
1081 522 1278 564 senex:
1312 505 1450 562 Ecce
1509 521 1696 560 arcum
1739 505 1985 559 videmus
2033 505 2087 560 in
2123 507 2265 558 cmlo
2295 521 2339 570 Α
2372 505 2566 558 liorum
2618 512 2834 558 textura
2881 512 2936 560 et
2985 504 3052 559 de
3103 502 3285 574 parvis
3325 502 3668 558 animalibus
3718 501 3946 567 colli-gis,

699 600 967 657 circulum
1004 609 1188 654 tenere
1235 599 1380 652 omni
1424 611 1676 652 mensura
1721 597 2007 650 collectum
2041 595 2176 665 (76).
2219 606 2272 650 et

703 691 908 748 habere
938 691 1172 761 speciem
1201 691 1335 752 veri,
1370 703 1531 758 quam
1553 687 1801 742 fortassis
1829 703 1927 742 nec
1961 702 2116 741 mens
2138 703 2272 740 con-

705 782 835 838 dere
866 797 965 837 nec
994 782 1305 837 describere
1344 781 1481 834 ratio
1511 780 1793 849 potuisset,
1839 792 1938 832 nec
1973 785 2155 831 tamen
2187 777 2274 831 liic

707 876 776 930 ab
797 876 976 943 aliqua
1009 883 1186 927 mentc
1229 873 1307 927 ﬁt.
1346 872 1484 925 Ecce
1514 873 1569 924 in
1617 872 1762 924 brevi
1787 876 1961 922 totum
1994 869 2271 939 proposui.

708 965 975 1034 responde
1007 966 1071 1017 ad
1105 964 1239 1017 lizec.

778 1051 936 1108 XLII.
995 1052 1130 1106 Tum
1184 1051 1418 1122 Aquila:
1471 1050 1588 1106 Non
1643 1051 1938 1113 continuo,
1996 1049 2193 1118 inquit,
2227 1048 2275 1104 si

707 1143 839 1215 quid
866 1158 933 1198 ex
964 1151 1088 1213 typo
1115 1149 1168 1196 et
1201 1141 1373 1196 forma
1405 1143 1751 1211 exprimitur,
1788 1141 1845 1195 id
1885 1139 2212 1211 intelligitur
2245 1151 2276 1191 a

709 1237 922 1293 ratione
949 1252 1070 1292 esse
1096 1249 1158 1290 ac
1192 1235 1310 1290 sine
1332 1244 1511 1290 mente
1536 1251 1643 1289 non
1675 1234 1789 1288 ﬁeri
1813 1220 1994 1304 posse.
2019 1233 2278 1303 quoniam

708 1336 871 1400 typus
900 1327 1016 1398 ipse
1039 1327 1131 1396 qui
1164 1326 1420 1395 exprimit
1439 1324 1640 1396 ﬁguras
1675 1338 1741 1378 ac
1771 1323 1996 1386 formas,
2031 1336 2139 1377 non
2161 1323 2280 1376 sine

713 1424 892 1487 mente
925 1418 1102 1473 factus
1147 1428 1255 1473 est.
1299 1416 1460 1472 Verbi
1517 1431 1707 1480 causa,
1758 1429 1886 1470 cera
1939 1414 1986 1469 si
2033 1412 2279 1482 alligatur

714 1512 926 1582 sculpta
954 1511 1511 1580 annulo,‘imaginem
1535 1509 1757 1580 quidem
1786 1519 1838 1562 et
1873 1505 2096 1577 ﬁguram
2114 1507 2281 1560 sumit

713 1617 781 1656 ex
824 1603 1045 1665 annulo,
1094 1602 1186 1671 qui
1221 1603 1340 1656 sine
1372 1602 1538 1656 dubio
1572 1617 1734 1657 sensu
1769 1610 1938 1665 caret,
1980 1599 2074 1655 sed
2107 1612 2281 1653 annu-

713 1695 800 1749 lus
826 1696 918 1763 qui
970 1695 1224 1764 exprimit
1259 1693 1509 1763 effigiem,
1547 1709 1710 1747 manu
1754 1692 1979 1746 artiﬁcis
2034 1691 2280 1762 sculptus

713 1795 817 1850 est,
847 1795 900 1841 et
935 1803 1085 1843 mens
1121 1786 1223 1841 fuit
1256 1801 1317 1840 ac
1347 1787 1505 1850 ratio,
1543 1801 1663 1856 qua:
1713 1795 1896 1857 typum
1950 1786 2155 1840 annulo
2186 1786 2282 1840 de-

2376 596 2518 666 quod
2546 612 2609 650 ex
2641 597 2727 650 liis
2756 595 2889 650 ﬁdes
2913 596 3073 650 etiam
3102 595 3422 650 melioribus
3471 591 3803 662 deroganda
3855 594 3944 644 sit:

2376 689 2468 743 sed
2498 703 2605 742 non
2631 695 2684 742 te
2712 689 2814 742 ista
2841 687 3131 757 decipiant,
3152 693 3208 740 ut
3236 693 3390 756 putes
3409 685 3808 755 quasiduabus
3835 685 3950 737 sol];

2376 778 2631 832 manibus
2656 784 2970 846 operantem
2996 775 3163 830 Deum
3191 790 3297 829 non
3327 790 3491 844 posse
3519 776 3790 828 universa
3817 788 3952 826 con-.-

2376 867 2522 935 plere
2545 882 2665 936 qua:
2711 866 2866 930 ﬁunt,
2902 866 2994 920 sed
3042 871 3312 919 memento
3359 866 3645 934 quomodo
3697 867 3953 917 besterm

2376 958 2474 1011 tibi
2503 956 2670 1013 frater
2696 972 2848 1013 meus
2875 956 3061 1013 Niceta
3088 956 3386 1026 respondit,
3404 964 3456 1010 et
3479 958 3822 1024 mysterium
3844 969 3956 1007 ante

2376 1057 2594 1119 tempus
2619 1049 2834 1117 aperuit
2878 1063 3005 1104 vere
3059 1049 3217 1118 quasi
3265 1064 3390 1104 cum
3416 1057 3572 1118 patre
3627 1048 3960 1117 loquensmt

2378 1156 2476 1195 cur
2499 1150 2554 1194 et
2580 1141 2855 1211 quomodo
2879 1141 3008 1195 ﬁant
3036 1139 3150 1196 haec
3170 1156 3292 1212 qua:
3320 1141 3534 1196 inutilia
3562 1139 3852 1196 videntur.
3877 1155 3961 1192 ex-

2317 1309 2326 1316 .
2377 1232 2579 1303 posuit.

2448 1322 2630 1380 XLIV.
2662 1323 2725 1378 Et
2753 1338 2918 1379 senex
2950 1343 2962 1378 :
2987 1323 3097 1379 Cur
3124 1322 3228 1380 ista
3256 1322 3468 1379 inutilia
3493 1324 3798 1378 voluntate
3829 1324 3962 1376 illius

2381 1430 2606 1472 summa
2629 1415 2826 1472 mentis
2850 1416 3000 1481 ﬁant,
3038 1417 3195 1471 velim
3224 1431 3252 1470 a
3281 1424 3334 1471 te
3382 1417 3597 1471 audire.
3655 1414 3740 1476 Si.
3773 1417 3964 1484 inquit,

2381 1506 2586 1576 liquido
2631 1507 2772 1576 apud
2800 1514 2855 1562 te
2885 1515 3124 1570 constat,
3175 1506 3321 1578 quod
3367 1506 3573 1563 mentis
3624 1515 3685 1563 et
3737 1509 3963 1561 rationi:

2380 1613 2518 1670 Opus
2549 1599 2753 1669 inipsis
2780 1608 2883 1664 est,
2912 1606 3025 1653 tum
3072 1599 3286 1655 demum
3332 1600 3430 1655 tibi
3479 1601 3652 1656 etiam
3699 1617 3805 1655 cur
3841 1601 3964 1655 facta

2381 1696 2529 1752 sunt,
2560 1688 2740 1745 dicere
2790 1704 2897 1744 non
2954 1691 3155 1762 pigebit
3203 1698 3257 1745 ct
3298 1690 3444 1762 quod
3479 1691 3636 1762 juste
3672 1691 3824 1746 facta
3870 1697 3962 1747 sint

2382 1781 2635 1837 edocere.
2663 1781 2743 1836 Ad
2778 1781 2892 1839 haec
2938 1797 3102 1839 senex
3156 1784 3480 1852 respondit:
3541 1782 3668 1838 Non
3723 1801 3960 1854 possum.

715 1880 812 1934 dit.
853 1880 930 1934 Ita
963 1896 1092 1951 ergo
1125 1889 1178 1935 et
1203 1896 1366 1936 arcus
1392 1881 1712 1951 exprimitur
1741 1882 1793 1934 in
1825 1895 1981 1946 aere;
2026 1880 2108 1942 sol
2137 1881 2279 1935 enim
2314 1861 2356 1922 Β
2386 1873 2480 1938 ﬂii.
2519 1889 2581 1928 ea
2608 1888 2728 1944 quae
2751 1873 3004 1928 Videntur
3051 1889 3116 1928 ex
3162 1882 3280 1929 ειΐιθ
3334 1875 3600 1938 formam.
3658 1876 3850 1931 dicere
3877 1894 3960 1946 ρετ

717 1969 956 2024 nubibus
993 1971 1399 2026 rarescentibus
1457 1969 1638 2025 radios
1695 1984 1824 2024 suos
1860 1969 2198 2040 imprimens.
2228 1978 2283 2024 et

719 2060 931 2113 humori
973 2059 1160 2115 nubilo
1211 2061 1360 2114 velut
1393 2076 1531 2115 certe
1566 2059 1713 2112 molli
1748 2061 1974 2128 afllgens
2020 2059 2167 2114 orbis
2199 2059 2284 2114 sui

715 2159 926 2223 typum,
953 2166 1115 2206 arcus
1151 2153 1383 2221 speciem
1411 2152 1606 2216 reddit,
1627 2159 1695 2214 ,et
1736 2151 1904 2206 eflicit
1938 2149 2041 2205 Itoc
2065 2151 2202 2220 ipsa,
2227 2157 2285 2206 ut

719 2243 851 2304 dixi,
887 2244 1231 2312 repercussio
1266 2243 1576 2314 splendoris
1602 2244 1734 2299 solis
1765 2243 1818 2297 in
1845 2243 2286 2310 nubibus,atque

714 2350 784 2389 ex
817 2335 925 2390 illis
983 2333 1249 2405 fulgorem
1284 2336 1475 2389 circuli
1524 2335 1642 2404 ejus
1681 2335 1932 2390 reddens.
1987 2333 2069 2388 Fit
2104 2343 2282 2390 autem

724 2426 830 2481 hoc
878 2442 987 2483 non
1046 2444 1295 2498 semper.
1367 2428 1462 2484 sed
1510 2443 1632 2483 cum
1685 2428 2143 2499 opportunitatem
2201 2429 2282 2483 sui

723 2519 990 2575 lmmectaa
1020 2520 1194 2574 nubes
1247 2519 1575 2574 rarescendo
1610 2521 1980 2591 praestiterint.
2035 2516 2190 2573 Unde
2233 2526 2288 2573 et

721 2626 915 2666 rursus
937 2625 1060 2664 cum
1094 2609 1395 2665 densantur
1411 2613 1584 2666 nubes
1613 2620 1666 2666 et
1693 2621 1909 2684 coeunt,
1937 2627 2096 2666 arcus
2115 2609 2287 2665 forma

724 2701 1016 2755 resolvitur
1044 2709 1098 2755 et
1125 2702 1402 2764 exolescit,
1439 2702 1671 2772 denique
1702 2719 1977 2772 nunquam
2003 2703 2120 2758 sine
2176 2703 2290 2756 sole

725 2801 779 2846 et
815 2793 1052 2847 nubibus
1104 2807 1264 2847 arcus
1298 2801 1542 2863 apparet,
1597 2795 1742 2849 sicut
1771 2811 1870 2849 nec
1901 2796 2018 2850 sine
2070 2804 2195 2866 typo
2237 2802 2291 2850 et

725 2898 851 2938 cera
882 2885 965 2939 vel
989 2885 1093 2937 alia
1129 2885 1442 2954 hujusmodi
1480 2887 1702 2942 materia
1736 2887 2057 2956 exprimitur
2090 2887 2287 2958 imago.

727 2976 846 3033 Non
876 2994 1003 3050 ergo
1027 2981 1221 3032 mirum
1255 2985 1358 3041 est,
1407 2980 1450 3032 si
1484 2978 1732 3032 conditor
1763 2978 1901 3031 Deus
1935 2992 1999 3030 ex
2025 2978 2180 3031 initio
2209 2977 2288 3033 fe-

728 3070 803 3123 cit
845 3078 1025 3140 typos,
1059 3085 1120 3125 ex
1157 3071 1355 3140 quibus
1410 3086 1553 3124 nunc
1606 3071 1788 3123 fortine
1830 3070 2200 3138 exprimantur
2228 3085 2290 3125 ac

732 3163 963 3232 species.
1000 3161 1185 3216 Simile
1221 3172 1397 3215 autem
1442 3162 1543 3215 hoc
1594 3162 1775 3224 etilli,
1819 3161 1962 3229 quod
2019 3161 2085 3214 ab
2136 3161 2290 3215 initio

732 3249 876 3304 Deus
899 3252 1161 3304 elementa
1192 3251 1527 3305 insensibilia
1561 3252 1783 3311 creavit,
1835 3251 2035 3319 quibus
2064 3250 2128 3303 ad
2170 3251 2298 3304 reli-

732 3358 837 3413 qua
862 3343 1042 3396 omnia
1073 3341 1352 3395 formanda
1377 3352 1427 3396 et
1455 3343 1772 3410 explicanda
1819 3351 2084 3396 uteretur.
2116 3341 2216 3397 Sed
2247 3351 2300 3397 et

734 3434 824 3503 qui
855 3441 1062 3486 statuas
1092 3431 1364 3493 formant,
1419 3441 1601 3502 typum
1632 3431 1781 3502 prius
1811 3434 1905 3485 luti
1933 3434 2014 3486 vel
2041 3448 2176 3488 certe
2207 3433 2300 3487 ﬁn-

735 3536 887 3598 gunt,
919 3535 970 3580 et
997 3543 1059 3581 ex
1086 3527 1204 3597 ipso
1231 3525 1476 3582 redditur
1502 3535 1692 3582 statua:
1715 3525 2078 3594 efﬁgies;lum
2107 3528 2302 3582 deinde

741 3629 797 3677 et
827 3621 1015 3675 umbra
1046 3619 1288 3674 redditur
1316 3637 1379 3674 ex
1407 3627 1605 3682 statua,
1638 3636 1754 3689 qua:
1779 3620 1970 3673 umbra
2001 3634 2096 3688 per
2121 3620 2302 3672 omnia

741 3710 970 3765 formam
999 3728 1061 3766 ac
1089 3712 1498 3767 similitudinem
1535 3721 1728 3766 statua:
1775 3712 1930 3779 gerit.
1981 3709 2120 3775 Quid
2167 3726 2299 3780 ergo

733 3803 981 3858 dicemus
1004 3803 1369 3859 insensibilem
1394 3813 1627 3861 statuam
1655 3801 1887 3861 formare
1911 3804 2176 3868 umbram,
2193 3812 2300 3861 iam

734 3900 978 3970 diligenti
1009 3913 1168 3969 quam
1198 3900 1313 3969 ipsa
1339 3905 1516 3953 statua
1547 3906 1628 3951 est
1656 3899 1864 3953 ratione
1888 3899 2209 3952 collectam?
2235 3915 2300 3954 an

741 3991 816 4044 illi
857 3991 975 4046 sine
1002 3991 1168 4044 dubio
1225 3990 1531 4044 ascribetur
1561 3989 1765 4044 umbrae
1807 3991 2087 4056 collectio,
2134 3991 2226 4061 qui
2252 3997 2304 4045 et

736 4089 975 4137 statuam
1002 4081 1195 4136 ﬁnxit?

814 4173 994 4230 XLIII.
1028 4173 1082 4227 Si
1127 4189 1257 4242 ergo
1279 4172 1376 4226 tibi
1401 4173 1615 4227 videtur
1652 4170 1754 4227 hoc
1782 4174 1853 4225 ita
1899 4189 1958 4228 se
2005 4173 2202 4230 habere
2251 4183 2304 4230 et

736 4269 940 4327 sufﬁcit
965 4268 1110 4338 quod
1137 4266 1203 4322 de
1255 4267 1355 4321 hoc
1382 4266 1581 4321 dictum
1611 4275 1713 4329 est,
1741 4267 1806 4319 ad
1836 4267 1937 4320 alia
1983 4266 2304 4335 inquirenda

740 4364 1050 4425 veniamus;
1081 4370 1171 4414 aut
1197 4359 1239 4414 si
1269 4360 1470 4430 aliquid
1523 4361 1698 4415 adhuc
1726 4360 1915 4415 deesse
1940 4369 2119 4428 putas,
2150 4377 2306 4429 repe-

737 4464 938 4510 tamus.
972 4453 1033 4506 Et
1059 4468 1221 4507 senex
1247 4454 1322 4506 ait
1351 4472 1363 4507 :
1394 4452 1526 4506 Volo
1556 4459 1610 4505 ut
1661 4460 1874 4522 repetas
1901 4451 1967 4506 de
1998 4453 2119 4516 hoc,
2172 4464 2302 4510 sunt

2384 1975 2616 2020 mentem
2648 1963 2784 2029 ﬁeri,
2819 1973 3044 2036 propter
3094 1973 3287 2021 cratera
3331 1981 3453 2036 qua:
3490 1967 3708 2037 injuste
3747 1976 3802 2022 et
3832 1971 3962 2020 inor-

2385 2058 2568 2113 dinate
2598 2057 2711 2114 ﬁeri
2739 2057 2984 2113 videmus
3007 2059 3060 2112 in
3106 2058 3328 2114 mundo.
3357 2058 3411 2114 Si
3441 2066 3514 2120 te.
3545 2061 3736 2130 inquit
3760 2061 3960 2128 Aquila,

2386 2166 2446 2204 ea
2477 2165 2594 2221 quae
2619 2149 2926 2204 inordinate
2958 2150 3114 2213 ﬁunt,
3161 2151 3342 2206 dicere
3370 2153 3515 2221 quod
3547 2169 3648 2223 per
3677 2153 3960 2208 Providen-

2385 2240 2515 2292 tiam
2555 2239 2647 2295 Dei
2678 2239 2820 2295 facta
2856 2241 2963 2295 sint
3002 2255 3107 2294 non
3138 2241 3346 2302 sinunt,
3377 2258 3475 2296 cur
3506 2259 3618 2298 non
3649 2261 3717 2301 ea
3746 2263 3866 2314 qut:
3891 2262 3962 2296 c.7-

2389 2333 2572 2388 dinate
2601 2332 2756 2396 ﬁunt,
2784 2333 2966 2390 dicere
2988 2343 3041 2388 te
3065 2334 3207 2404 quod
3237 2350 3265 2388 a
3298 2334 3405 2390 Deo
3429 2335 3572 2391 facta
3599 2339 3721 2393 sint
3749 2349 3962 2408 cogunt,

2388 2433 2441 2480 et
2473 2428 2600 2495 quia
2636 2421 3033 2482 irrationabilis
3059 2436 3254 2480 natura
3314 2441 3450 2498 opus
3477 2431 3820 2484 rationabile
3853 2447 3962 2500 prn-

2389 2515 2532 2572 ferre
2580 2533 2688 2572 non
2725 2517 2940 2582 possit?
2986 2516 3211 2572 Certum
3256 2527 3339 2575 est
3385 2520 3555 2582 enim,
3613 2537 3722 2576 nec
3758 2527 3967 2576 omnino

2389 2624 2672 2678 negamus,
2725 2609 2852 2680 quia
2906 2609 2958 2663 in
3005 2609 3110 2664 hoc
3160 2611 3362 2665 mundo
3407 2611 3663 2682 quaedam
3707 2615 3962 2669 ordin.:te.

2389 2701 2633 2769 quaedam
2689 2700 2993 2756 inordinate
3047 2702 3206 2764 ﬁant;
3250 2717 3311 2756 ea
3361 2717 3489 2772 ergo
3549 2720 3680 2773 qua:
3739 2706 3968 2758 rationi-

2388 2791 2574 2845 biliter
2625 2792 2779 2854 ﬁunt,
2821 2793 2980 2848 crede
3037 2792 3184 2862 quod
3233 2809 3327 2863 per
3371 2796 3787 2850 Providentiam
3829 2801 3965 2854 tiart.

2391 2899 2510 2954 quae
2564 2899 2692 2939 vero
2741 2883 3189 2940 irrationabiliter
3226 2895 3281 2940 et
3326 2869 3638 2941 inordinate
3671 2929 3682 2951 _.
3721 2892 3853 2958 quia
3882 2906 3968 2942 n2-

2393 2976 2636 3030 turaliter
2691 2978 2941 3031 eveniant
2991 2985 3068 3031 et‘
3099 2978 3321 3032 fortuito
3364 2980 3634 3035 accidant.
3683 2980 3854 3034 Miror
3887 2999 3968 3032 ξπ.-

2391 3074 2499 3121 tem
2553 3084 2660 3122 non
2717 3067 2998 3122 advertere
3052 3069 3318 3132 homines,
3347 3071 3470 3139 quia
3523 3071 3610 3124 ubi
3646 3089 3849 3127 sensus
3877 3089 3966 3126 est.

2324 3205 2364 3260 Ο
2399 3165 2627 3228 possunt
2659 3174 2744 3212 res
2776 3158 3024 3213 ordinate
3063 3159 3176 3213 ﬁeri
3209 3168 3258 3214 et
3287 3159 3614 3222 inordinate,
3659 3162 3751 3214 ubi
3799 3177 3967 3213 amari

2404 3251 2582 3304 nullus
2614 3259 2696 3305 est
2735 3266 2949 3315 sensus,
2982 3260 3230 3305 neutrum
3263 3254 3479 3306 omnino
3521 3251 3690 3316 effici;
3739 3270 3867 3307 nam
3899 3271 3970 3306 ra-

2403 3343 2477 3394 tio
2509 3340 2755 3394 ordinem
2788 3342 2936 3407 facit,
2970 3343 3176 3397 ordinis
3210 3350 3387 3396 autem
3438 3357 3659 3402 cursus,
3691 3343 3734 3394 si
3763 3353 3972 3396 contra-

2401 3433 2545 3488 rium
2582 3435 2708 3502 quid
2742 3435 3004 3490 acciderit
3033 3437 3175 3505 quod
3202 3437 3442 3492 ordinem
3473 3437 3686 3498 turbet,
3722 3454 3966 3491 necessa-

2403 3524 2485 3576 rio
2530 3523 2898 3578 inordinatum
2957 3526 3161 3596 aliquid
3219 3525 3444 3596 profert.
3505 3525 3570 3579 Et
3607 3542 3821 3582 senex:
3874 3527 3970 3582 Hoc

2405 3614 2581 3683 ipsum
2622 3615 2753 3670 mihi
2791 3631 2818 3668 a
2851 3624 2904 3669 te
2932 3617 3146 3672 ostendi
3172 3620 3311 3672 volo.

2475 3702 2634 3759 XLV.
2670 3705 2808 3780 Non,
2835 3707 3034 3778 inquit,
3064 3711 3318 3765 morabor
3345 3710 3561 3780 Aquila.
3594 3711 3719 3768 Duo
3747 3712 3968 3768 visibiia

2403 3796 2557 3872 signa
2581 3812 2957 3858 monstrantur
3001 3802 3055 3858 in
3108 3805 3269 3870 caelo,
3306 3821 3470 3859 unum
3526 3808 3684 3869 solis,
3722 3810 3870 3862 aliud
3901 3812 3966 3860 lu-

2403 3909 2520 3959 nae;
2557 3894 2667 3948 haec
2697 3904 2999 3965 sequuntur
3018 3905 3071 3952 et
3105 3886 3223 3950 aliae
3245 3898 3483 3970 quinque
3516 3899 3710 3962 stellr,
3740 3900 3970 3956 diverse-5

2403 3994 2456 4037 et
2482 3985 2732 4053 prOprios
2767 3987 2994 4057 singulae
3037 3988 3372 4058 explicantes
3429 4007 3649 4046 cursus.
3704 3992 3829 4048 Hzec
3863 4011 3972 4064 erg-3

2405 4076 2545 4131 Deus
2575 4080 2754 4146 posuit
2779 4079 2833 4132 in
2869 4079 3025 4143 coelo,
3046 4083 3244 4150 quibus
3276 4083 3418 4136 aeris
3443 4086 3746 4152 temperies
3779 4103 3876 4155 pro
3905 4106 3971 4138 ra-

2405 4169 2552 4223 tione
2583 4177 2888 4239 temporum
2915 4171 3282 4243 dispensetur,
3307 4186 3357 4231 et
3379 4175 3514 4228 ordo
3537 4178 3969 4232 vicissitudinum

2407 4263 2974 4333 permutationumque
3004 4274 3268 4320 servetur.
3294 4265 3495 4320 I~Iorum
3528 4278 3715 4323 autem
3748 4277 3968 4338 ipsorum

2407 4353 2731 4417 ministerio,
2784 4360 2838 4409 et
2890 4356 2933 4408 si
2985 4357 3204 4426 quando
3251 4374 3350 4428 pro
3391 4362 3636 4428 peccatis
3705 4362 3967 4415 hominum

2405 4447 2558 4517 plaga
2591 4457 2642 4501 et
2669 4450 2949 4518 corruptio
2980 4452 3140 4504 terris
3170 4451 3433 4520 injicitur,
3462 4455 3827 4522 perturbatur
3873 4474 3964 4510 aer.

748 4544 895 4598 enim
926 4552 975 4598 et
1000 4544 1102 4595 alia
1130 4543 1296 4596 multa
1325 4559 1444 4613 quae
1469 4544 1718 4599 similiter
1747 4545 1860 4599 fieri
1889 4545 2073 4611 vidco;
2104 4562 2226 4600 nam
2255 4555 2306 4602 et
2341 4550 2379 4603 D
2409 4541 2528 4593 lues
2561 4540 2954 4602 animantibua‘.
2985 4545 3266 4613 corruptio
3298 4542 3567 4614 frugibus,
3593 4549 3862 4613 pestilens
3897 4565 3971 4616 per

743 4637 962 4691 fructus
1007 4635 1259 4690 arborum
1287 4637 1449 4689 simili
1486 4630 1644 4691 modo
1672 4638 1896 4707 pulchre
1926 4636 2141 4692 formati
2169 4647 2220 4692 et
2247 4640 2299 4695 in

743 4727 1034 4782 rotundum
1082 4728 1216 4781 mire
1268 4729 1479 4783 collecti
1529 4737 1870 4791 nascuntur,
1949 4736 2000 4782 et
2050 4730 2302 4785 foliorum

745 4817 953 4887 species
999 4818 1202 4888 ingenti
1253 4814 1448 4872 decore
1496 4817 1780 4882 formatur,
1836 4828 1998 4889 atque
2033 4821 2304 4890 quuisita

745 4919 864 4964 arte
888 4909 1075 4963 viridis
1116 4909 1429 4963 membrana
1480 4911 1824 4975 contexitur;
1882 4917 1994 4963 tum
2049 4920 2304 4980 praeterea

748 5003 975 5073 pulices,
1006 5017 1209 5062 mures,
1236 5001 1473 5056 lacertas
1525 5010 1577 5055 et
1607 5001 1689 5055 his
1715 5003 1934 5065 similia,
1962 5003 2204 5073 nunquid
2251 5009 2306 5058 et

745 5096 860 5153 haec
884 5093 1179 5148 dicemusa
1210 5092 1318 5149 Deo
1370 5092 1522 5148 ﬁeri?
1573 5092 1725 5151 Unde
1771 5112 1832 5150 ex
1887 5095 1971 5150 his
2025 5097 2305 5152 vilioribus

743 5187 1060 5256 conjectura
1109 5187 1318 5256 capitur
1377 5187 1693 5249 meliorum,
1768 5187 1914 5258 quod
1964 5203 2307 5258 nequaquam

746 5279 944 5333 mentis
973 5287 1090 5334 arte
1119 5278 1436 5335 formentur.
1467 5278 1628 5355 Bene,
1654 5281 1829 5351 inquit
1874 5280 2086 5351 Aquila,
2115 5283 2182 5336 de
2229 5280 2310 5335 lo-

2408 4631 2590 4684 omnia
2623 4632 2947 4687 mortalibus
2972 4648 3149 4689 annus
3174 4635 3468 4699 inducitur,
3503 4646 3555 4691 et
3583 4637 3659 4690 ita
3695 4638 3772 4699 ﬁt.
3796 4650 3852 4692 ut
3885 4656 3970 4692 uec-

2409 4725 2706 4795 eodemque
2738 4726 3041 4782 ministerio
3071 4737 3124 4782 et
3177 4737 3421 4782 servetur
3461 4729 3596 4783 ordo
3631 4738 3686 4786 et
3743 4747 3970 4787 corrum-

2411 4824 2586 4886 patur.
2623 4816 2835 4872 Etenim
2891 4819 3066 4888 palam
3114 4828 3197 4874 est
3262 4821 3557 4876 incredulis
3592 4832 3648 4876 et
3700 4825 3964 4892 imperitis.

2410 4908 2556 4979 quod
2582 4924 2778 4964 cursus
2807 4910 2936 4965 solis
2973 4911 3124 4966 utilis
3168 4919 3220 4966 et
3259 4914 3602 4968 necessarius
3635 4917 3862 4978 mundo,
3895 4933 3970 4986 pd

2404 5003 2805 5060 Providentiam
2858 5005 3041 5068 datus,
3091 5021 3304 5075 semper
3361 5006 3652 5062 ordinatus
3699 5008 3964 5068 habeatur,

2411 5096 2552 5150 lunae
2604 5110 2734 5150 vero
2791 5095 2857 5150 ad
2924 5099 3384 5168 comparationem
3449 5116 3649 5156 cursus
3715 5103 3881 5162 soiis.
3927 5104 3968 5154 ξπ

2413 5188 2717 5257 augmentis
2763 5196 2818 5242 et
2848 5187 3189 5245 detrimentis
3213 5190 3326 5246 suis
3358 5192 3498 5262 apud
3526 5193 3814 5262 imperitos
3845 5196 3972 5247 inur-

2414 5281 2602 5338 dinati,
2646 5296 2843 5336 cursus
2898 5280 3152 5337 videntur
3197 5290 3252 5337 et
3303 5283 3680 5355 incompositi.
3721 5285 3850 5341 Nam
3902 5287 3968 5343 se:

2040 5438 2400 5509 COTELERII
2430 5433 2658 5497 Noua.

825 5573 933 5647 I76)
974 5571 1105 5628 Ecce
1148 5589 1328 5626 arcum
1371 5573 1695 5647 videmusin
1733 5574 2019 5647 ﬁcalo.ietc.
2051 5574 2236 5647 Graeca
2264 5575 2311 5630 si

751 5644 960 5705 mavis.
992 5653 1046 5698 et
1073 5659 1172 5698 cur
1219 5659 1325 5696 non
1371 5644 1628 5696 mavelis?
1658 5646 1807 5698 dabit
1856 5645 1996 5698 idem
2041 5645 2311 5702 Ctesarius

747 5716 1173 5800 interrogatione
1204 5714 1306 5800 1‘15
1335 5732 1348 5798 ξ
1375 5713 1507 5800 fidei)
1533 5714 1628 5800 τῇς
1652 5716 1809 5800 ζρεωξ
1840 5715 2121 5800 ὁρωμέντις
2153 5717 2312 5800 ἀπερι-

749 5787 820 5872 ξῇ
853 5784 1202 5872 πεθέθσέρὲην
1230 5784 1476 5872 ‘Ma
1604 5784 2025 5872 ramos-Item.
2186 5784 2314 5872 sui-

752 5851 859 5918 Οὓς
885 5851 1004 5907 οὐδὲ
1033 5851 1154 5916 v05;
1188 5851 1518 5925 περιγράψαι
1560 5853 1774 5907 δύναται
1802 5873 1813 5883 ·
1856 5851 2128 5924 καὶὸμως
2177 5851 2307 5926 ὁρῶ-

2416 5594 2515 5647 μεν
2573 5577 2662 5630 ὑπ’
2691 5575 2902 5648 οὐδενὸς
2927 5577 3135 5648 eat-Iw
3172 5576 3495 5646 γινομένην,
3533 5575 3648 5628 ἀλλ’
3680 5577 3966 5647 aitagit-3;

2416 5645 2828 5717 ὰυνισταμένην.
2865 5645 2943 5718 Ad
2997 5645 3160 5718 caput
3209 5656 3389 5718 autem
3420 5645 3695 5718 isequens
3726 5645 3876 5716 legit»
3906 5668 3948 5704 rc

2417 5716 2774 5787 sponsionem
2838 5716 3084 5783 ejusdem
3143 5716 3465 5787 quaestionis
3497 5716 3628 5786 {et
3689 5728 3966 5788 sequente:

2417 5790 2770 5858 quaestionem
2803 5787 2922 5842 iI-I.
