4048 6342
161 397 184 450 Ι
198 393 304 451 ’595

1312 392 1871 450 RECOGNITIONIIM
1916 393 2042 450 LIB.
2083 392 2211 450 VIII.

3253 399 3269 451 I
3282 394 3384 453 39$

158 510 331 565 certis
360 506 803 564 distinctionibus
836 515 888 564 et
911 507 1176 564 ordinatis
1208 516 1490 575 movetur;
1522 524 1586 563 ex
1607 508 1726 577 ipso
1756 514 1795 571 Α
1827 507 1988 562 etiam
2026 509 2277 563 tremoris
2309 509 2536 578 languor
2557 509 2860 576 advenerit,
2889 518 2942 567 et
2973 510 3116 583 quod
3162 511 3276 570 ι]ωο
3318 515 3387 572 ab

157 600 310 654 enim
342 607 464 654 sunt
493 600 659 665 horae,
680 614 744 654 ex
780 599 900 669 ipso
936 599 1052 654 dies
1110 614 1234 654 cum
1288 600 1619 662 ascenderit,
1660 615 1728 654 ex

161 691 288 758 ipso
321 691 480 745 etiam
508 707 615 745 nox
644 704 767 743 cum
821 689 1115 752 occiderit,
1167 704 1232 744 ex
1267 691 1385 759 ipso
1432 705 1648 746 menses
1675 698 1729 746 et

160 781 293 836 anni
320 789 696 843 numerantur,
723 796 787 835 ex
844 782 961 853 ipso
988 784 1394 840 vicissitudines
1424 794 1725 855 temporum

160 873 322 940 fiunt,
351 873 476 927 dum
507 871 574 926 ad
629 877 908 941 superiora
966 875 1338 931 conscendens
1396 893 1490 930 ver
1521 885 1726 946 tempe-

158 970 270 1027 rat,
301 962 391 1017 ubi
414 968 591 1015 autem
621 961 687 1014 ad
739 978 1010 1017 summum
1048 964 1171 1018 cteli
1231 967 1458 1028 venerit,
1507 965 1724 1021 aestivos

155 1053 410 1110 accendit
445 1052 690 1121 calores;
723 1052 983 1109 decidens
1009 1069 1204 1111 rursus
1237 1059 1484 1111 autumni
1519 1065 1724 1127 tempe-

154 1147 296 1200 riem
319 1143 515 1210 reddit,
540 1145 633 1198 ubi
657 1161 785 1199 vero
816 1145 882 1199 ad
940 1144 1249 1202 inferiorem
1297 1147 1519 1202 redierit
1544 1148 1724 1202 circu-

155 1237 295 1300 lum,
323 1250 389 1289 ex
412 1236 621 1305 glaciali
645 1251 904 1307 compage
926 1239 1050 1292 εαξη
1075 1239 1308 1310 rigorem
1335 1239 1493 1294 nobis
1511 1236 1722 1293 hiberni

152 1327 380 1396 frigoris
409 1326 756 1397 derelinquit.

228 1416 408 1472 XLVI.
471 1416 576 1472 Sed
597 1417 673 1489 de
711 1419 796 1474 his
820 1419 954 1476 alias
985 1421 1148 1478 latius
1171 1421 1524 1480 disseremus.
1557 1421 1719 1479 Nunc

149 1511 401 1574 interim,
432 1525 556 1565 cum
593 1511 662 1564 sit
693 1512 795 1567 iste
838 1514 1088 1570 minister
1129 1515 1327 1581 bonus,
1361 1515 1428 1569 ad
1452 1514 1721 1570 vicissitu-

144 1601 311 1658 dines
333 1610 634 1678 temporum
673 1603 1051 1669 moderandas,
1088 1613 1269 1662 tamen
1307 1607 1393 1662 ubi
1417 1605 1715 1662 secundum

143 1695 484 1747 voluntatem
541 1690 638 1746 Dei
662 1696 934 1765 correptio
967 1697 1286 1753 mortalibus
1314 1699 1496 1762 datur,
1531 1699 1716 1752 incan-

141 1785 324 1840 descit
382 1788 562 1844 acrius
615 1793 668 1840 et
725 1788 836 1840 urit
896 1787 1156 1842 mundum
1217 1789 1712 1846 vehementioribus

1831 601 1988 654 initio
2023 598 2185 656 fuerit
2215 598 2452 654 vindicta
2475 603 2749 671 parricidii
2773 603 2839 658 ⁸⁸.
2906 628 2913 634 ·

1895 689 2125 747 XLVIII.
2164 689 2299 746 Nam
2326 690 2394 746 ab
2422 692 2629 761 origine
2660 693 2852 752 mundi
2872 693 3006 749 nihil
3035 695 3228 751 horum
3260 696 3383 765 fuit,

1825 779 1920 836 sed
1948 797 2013 836 ex
2045 781 2319 851 impietate
2351 780 2624 834 hominum
2657 782 2866 836 initium
2900 784 3038 838 mala
3089 786 3189 842 ista
3235 802 3386 842 sum-

1824 885 1999 940 psere,
2028 880 2082 927 et
2130 871 2254 927 inde
2295 886 2506 941 semper
2537 874 2908 930 crescentibus
2932 876 3307 946 iniquitatibus
3332 891 3386 935 et

1823 962 2085 1017 malorum
2119 977 2376 1036 numerus
2397 961 2586 1017 crevit.
2614 961 2718 1017 Sed
2748 964 2951 1021 idcirco
2981 967 3162 1021 divina
3192 969 3381 1024 Provi-

1822 1053 2002 1108 dentia
2044 1052 2306 1124 judicium
2357 1067 2484 1122 erga
2531 1069 2720 1110 omnes
2767 1057 2974 1122 statuit,
3007 1058 3128 1127 quia
3145 1075 3382 1128 praesens

1822 1145 2078 1200 saculum
2113 1160 2219 1199 non
2249 1153 2362 1200 erat
2393 1145 2522 1210 tale,
2556 1147 2609 1200 in
2657 1162 2766 1216 quo
2814 1151 3183 1220 unusquisque
3211 1155 3385 1222 possit

1821 1250 1921 1305 pro
1970 1231 2188 1291 meritis
2224 1231 2550 1306 dispensari.
2579 1234 2698 1292 Non
2727 1253 2854 1308 ergo
2899 1253 2965 1293 ex
2998 1241 3101 1306 his,
3132 1258 3252 1311 quae
3285 1260 3384 1313 pro

1819 1327 2058 1398 peccatis
2105 1329 2384 1383 hominum
2435 1328 2637 1382 mundo
2677 1329 2992 1384 acciderunt
3046 1335 3237 1400 malis,
3286 1335 3377 1389 illa

1817 1417 2233 1487 contemplanda
2276 1425 2423 1482 sunt,
2459 1432 2578 1488 qua:
2608 1417 2676 1471 ab
2705 1417 2856 1472 initio
2887 1435 3006 1473 cum
3053 1423 3210 1476 nulla:
3254 1426 3381 1478 mali

1817 1525 1996 1566 causa)
2051 1512 2371 1577 existerent,
2416 1511 2549 1566 bene
2577 1519 2630 1566 et
2662 1513 2910 1568 ordinate
2940 1515 3187 1569 instituta
3226 1527 3374 1573 sunt.

1817 1599 2059 1672 Denique
2089 1601 2154 1656 ad
2182 1601 2441 1656 indicium
2471 1617 2657 1656 eorum
2684 1619 2803 1672 qua:
2826 1605 2892 1659 ab
2915 1606 3068 1659 initio
3099 1606 3269 1671 fuere,
3297 1608 3379 1663 in-

1814 1693 2107 1747 veniuntur
2169 1692 2444 1748 nonnullae
2494 1701 2680 1763 gentes
2725 1695 2912 1750 alienae
2958 1697 3025 1751 ab
3071 1699 3378 1767 hujusmodi

1815 1783 1990 1836 malis.
2022 1781 2156 1837 Nam
2205 1781 2366 1840 Seres
2401 1784 2510 1856 (77)
2542 1786 2667 1854 quia
2699 1796 2846 1841 caste
2871 1787 3091 1852 vivunt,
3127 1799 3378 1859 expertes

140 1876 401 1934 flammis.
441 1879 704 1936 Similiter
732 1886 785 1935 et
828 1878 968 1934 lunae
991 1895 1207 1945 cursus,
1239 1891 1400 1952 atque
1435 1881 1549 1936 haec
1593 1897 1706 1952 qua:

1815 1871 2080 1928 habentur
2107 1872 2594 1941 horumomnium,
2620 1875 2747 1945 quia
2794 1892 2971 1946 neque
3013 1886 3134 1947 post
3181 1894 3379 1936 conce-

139 1970 414 2040 imperitis
441 1972 652 2028 videtur
705 1962 1008 2026 inordinata
1034 1975 1379 2042 permutatio,
1406 1974 1712 2030 incremen-

138 2060 217 2114 tis
265 2059 481 2129 frugum
533 2073 585 2118 et
633 2063 898 2132 pecudum
957 2064 1309 2134 omniumque
1351 2064 1710 2119 animantium

135 2150 429 2204 commoda
463 2161 577 2218 est;
609 2153 907 2222 augmentis
936 2155 1079 2208 enim
1109 2152 1228 2222 ejus
1261 2153 1710 2224 detrimentisque

136 2241 282 2295 mira
313 2241 542 2311 quadam
572 2244 929 2300 Providentiae
957 2251 1075 2300 arte
1107 2259 1266 2300 omne
1293 2245 1437 2316 quod
1471 2245 1732 2317 gignitur,

132 2330 310 2385 alitur
329 2339 382 2386 et
417 2333 637 2399 crescit,
671 2334 735 2389 de
769 2335 967 2404 quibus
1026 2335 1190 2389 latius
1225 2335 1484 2405 prosequi
1520 2350 1710 2406 posse-

136 2436 264 2476 mus
295 2430 348 2477 et
377 2421 588 2492 aperire
618 2424 684 2478 de
716 2424 946 2495 singulis
979 2424 1265 2490 rationem,
1321 2426 1425 2481 nisi
1457 2441 1557 2480 nos
1583 2440 1711 2496 pro-

137 2512 333 2579 positas
361 2513 677 2582 quaestionis
709 2515 842 2569 ordo
877 2525 1176 2571 revocaret.
1200 2514 1297 2571 His
1339 2524 1520 2572 tamen
1571 2516 1706 2586 ipsis

132 2602 459 2674 eisdemque
503 2606 821 2662 ministeriis
859 2608 1058 2678 quibus
1108 2609 1425 2679 gignuntur,
1464 2607 1705 2672 aluntur,

136 2703 409 2764 augentur
461 2697 754 2765 universa;
821 2714 944 2754 cum
1003 2699 1165 2756 fuerit
1207 2699 1355 2770 justa
1421 2701 1600 2771 aliqua
1641 2715 1707 2756 ex

135 2799 308 2841 causa
365 2787 574 2844 ordinis
616 2790 849 2845 instituti
907 2798 1115 2845 mutata
1171 2791 1476 2861 temperies,
1513 2807 1705 2846 corru-

137 2877 255 2948 ptio
278 2877 452 2932 oritur
481 2889 537 2934 et
588 2881 1023 2951 intemperantia,
1064 2891 1121 2937 ut
1177 2882 1230 2936 in
1284 2883 1566 2948 homines,
1597 2884 1700 2938 sic-

137 2973 202 3019 ut
247 2981 412 3036 supra
463 2967 725 3034 diximus,
792 2973 1079 3044 castigatio
1114 2972 1206 3030 Dei
1266 2977 1544 3030 voluntate
1577 2991 1706 3045 pro-

136 3058 318 3114 cedat.

1811 1971 1961 2032 ptum
2011 1964 2146 2018 adiri
2201 1966 2339 2019 ultra
2371 1966 2512 2035 apud
2542 1981 2635 2020 eos
2664 1966 2920 2025 feminam
2953 1969 3034 2024 fas
3063 1980 3167 2038 est,
3203 1987 3378 2042 neque

1810 2070 1932 2108 cum
1957 2065 2252 2125 purgatur;
2288 2057 2546 2112 carnibus
2581 2059 2652 2113 ibi
2686 2060 2979 2116 immundis
3008 2078 3165 2117 nemo
3200 2067 3378 2121 vesci-

1810 2153 1920 2212 tur,
1955 2146 2220 2202 sacrillcia
2250 2163 2411 2202 nemo
2443 2148 2611 2214 novit,
2642 2152 2941 2205 secundum
2971 2152 3233 2221 justitiam
3259 2171 3377 2210 om-

1810 2254 1906 2294 nes
1936 2238 2038 2294 sibi
2066 2238 2198 2308 ipsis
2224 2238 2436 2309 judices
2471 2239 2625 2296 fiunt.
2660 2239 2870 2296 Idcirco
2903 2242 3064 2310 igitur
3093 2258 3266 2314 neque
3287 2261 3377 2300 ca.

1809 2327 2080 2398 stigantur
2115 2328 2237 2384 istis
2267 2329 2438 2398 plagis
2469 2345 2606 2399 quas
2641 2345 2806 2402 supra
2838 2332 3094 2397 diximus,
3124 2341 3175 2388 et
3208 2335 3377 2403 pluri-

1809 2435 1956 2473 mum
1990 2420 2248 2489 temporis
2278 2421 2333 2474 in
2361 2421 2467 2474 vita
2498 2420 2777 2487 durantes,
2810 2424 3016 2494 alisque
3056 2426 3376 2496 aegritudine

1809 2509 2001 2564 finiunt
2032 2510 2359 2566 vitam.~Nos
2385 2519 2563 2565 autem
2597 2514 2800 2578 miseri,
2833 2515 2977 2569 velut
3009 2531 3129 2569 cum
3158 2533 3375 2587 serpen-

1807 2600 1953 2656 tibus
2000 2600 2253 2670 pessimis
2294 2599 2680 2665 babitantes”,
2710 2618 2831 2659 cum
2891 2603 3201 2661 hominibus
3249 2606 3374 2662 dico

1807 2687 2028 2760 iniquis,
2067 2688 2388 2761 perferimus
2418 2694 2728 2748 necessario
2772 2709 2896 2748 cum
2946 2695 3080 2765 ipsis
3129 2697 3373 2752 afﬂictio-

1805 2797 1935 2836 num
1987 2782 2171 2854 plagas
2223 2783 2278 2836 in
2328 2782 2431 2838 hoc
2477 2784 2698 2849 mundo,
2731 2784 2825 2840 sed
2853 2801 3002 2856 spem
3031 2787 3265 2856 gerimus
3304 2804 3370 2843 ex

1806 2873 2178 2928 consolatione
2210 2873 2514 2928 futurorum
2543 2875 2832 2931 bonorum.

1875 2961 2058 3019 XLIX.
2103 2963 2158 3018 Si
2187 2976 2406 3036 propter
2438 2967 2774 3037 iniquitates,
2803 2968 2980 3039 inquit
3017 2985 3204 3036 senex,
3233 2970 3368 3026 alio-

1804 3072 1926 3112 rum
1955 3056 2270 3112 cruciantur
2297 3058 2459 3138 etiam
2488 3059 2644 3128 justi,
2666 3059 3087 3128 oportuitDeutn
3112 3068 3368 3131 tanquam

211 3145 416 3201 XLVII.
470 3150 575 3207 Sed
615 3151 849 3210 fortasse
896 3154 1045 3210 dices
1077 3173 1090 3209 :
1137 3153 1297 3220 Quid,
1333 3153 1476 3224 quod
1510 3155 1563 3208 in
1599 3154 1701 3209 ista
1729 3186 1770 3244 Ο
1804 3146 2138 3218 provisorem
2169 3146 2361 3215 jubere
2391 3147 2726 3210 hominibus,
2762 3155 2822 3201 ut
2871 3163 2979 3202 non
3017 3149 3256 3205 facerent
3281 3166 3367 3215 ea,

134 3241 416 3300 communi
465 3243 822 3313 castigatione
883 3245 1081 3299 similia
1133 3243 1284 3313 impii
1338 3243 1620 3313 patiuntur
1650 3253 1704 3298 et

136 3330 248 3400 pii?
279 3328 477 3386 Verum
503 3341 606 3397 est,
635 3335 796 3388 etiam
837 3350 938 3391 nos
990 3335 1262 3401 fatemur;
1293 3334 1384 3390 sed
1416 3335 1520 3405 piis
1543 3338 1704 3390 casti-

134 3422 284 3490 gatio
310 3423 373 3476 ad
397 3425 698 3492 profectum
725 3427 884 3492 cedit,
919 3435 976 3480 ut
1023 3425 1079 3480 in
1109 3436 1360 3496 praesenti
1401 3429 1509 3481 vita
1564 3427 1700 3482 allii-

134 3513 209 3566 cti
246 3515 586 3586 purgatiores
627 3518 845 3571 veniant
881 3517 948 3570 ad
1001 3515 1262 3580 futuram,
1317 3517 1372 3570 in
1416 3532 1523 3587 qua
1579 3533 1703 3585 per-

136 3613 296 3672 petua
328 3607 406 3660 eis
433 3609 649 3676 requies
684 3616 984 3679 praeparata
1016 3617 1125 3671 est,
1151 3607 1313 3662 simul
1345 3618 1522 3662 autem
1559 3614 1617 3661 ut
1650 3615 1702 3661 et

133 3695 288 3766 impii
319 3696 712 3766 aliquantulum
755 3715 820 3754 ex
849 3700 1092 3770 ipsorum
1151 3698 1508 3768 castigatione
1537 3699 1702 3768 profl-

141 3787 327 3850 ciant,
370 3797 463 3842 aut
496 3788 642 3858 justa
682 3789 736 3843 in
776 3806 870 3845 eos
909 3790 1110 3846 feratur
1143 3792 1329 3861 judicii
1369 3791 1536 3847 futuri
1575 3806 1703 3850 sen-

145 3877 309 3932 tentia
332 3917 346 3940 ,
382 3894 500 3933 cum
547 3879 600 3932 in
640 3879 840 3935 eisdem
871 3881 1308 3950 castigationibus
1333 3882 1462 3951 justi
1488 3884 1706 3953 quidem

133 3969 340 4038 gratias
373 3972 582 4041 egerint
628 3970 758 4036 Deo,
797 3972 984 4041 injusti
1047 3979 1229 4027 autem
1291 3971 1700 4043 blasphemare-

134 4059 266 4113 rint.
302 4057 467 4129 Igitur
496 4077 618 4115 cum
679 4062 732 4116 in
773 4062 910 4118 duas
960 4051 1143 4131 partes
1197 4076 1377 4116 rerum
1427 4062 1701 4116 dividatur

131 4150 339 4217 Opinio,
365 4153 508 4221 quod
540 4153 644 4206 alia
679 4169 774 4223 per
795 4153 1065 4216 ordinem,
1096 4152 1202 4206 alia
1231 4160 1422 4206 contra
1452 4153 1698 4208 ordinem

133 4236 268 4291 fiant
295 4256 307 4292 :
339 4253 405 4293 ex
443 4240 526 4295 his
550 4241 766 4310 quidem
798 4256 918 4311 quae
948 4242 1243 4296 secundum
1283 4241 1525 4296 ordinem
1546 4249 1696 4306 sunt,

129 4330 374 4398 oportuit
412 4331 559 4385 credi
589 4345 708 4386 esse
742 4325 1180 4399 Providentiam;
1213 4331 1279 4388 de
1310 4332 1394 4387 his
1419 4346 1549 4386 vero
1578 4345 1698 4400 qua:

129 4429 325 4474 contra
371 4422 613 4476 ordinem
649 4431 932 4491 geruntur,
963 4436 1157 4478 causas
1189 4423 1466 4492 requirere
1496 4421 1563 4476 ab
1592 4421 1696 4486 his,

1804 3253 1870 3293 ex
1898 3238 2097 3308 quibus
2129 3252 2352 3293 necesse
2381 3244 2524 3293 esset
2570 3254 2694 3292 cum
2741 3237 2961 3308 injustis
3010 3239 3172 3309 allligi
3206 3240 3368 3295 etiam

1800 3329 1998 3399 justos,
2027 3337 2119 3383 aut
2169 3329 2214 3385 si
2247 3327 2488 3384 facerent
2519 3329 2950 3384 emendationem
2988 3331 3242 3401 aliquam,
3277 3343 3368 3386 aut

1803 3421 2231 3493 purificationem
2289 3420 2495 3475 mundo
2545 3421 2882 3476 adhiberent.
2935 3419 3140 3485 Jussit,
3194 3422 3368 3492 inquit

1803 3514 2016 3584 Aquila,
2051 3510 2192 3567 Deus
2221 3511 2334 3566 haec
2361 3519 2414 3567 et
2439 3511 2584 3566 dedit
2615 3521 2880 3583 praecepta
2926 3528 3019 3582 per
3050 3514 3361 3584 prophetas,

1801 3604 2074 3676 quomodo
2103 3603 2350 3659 homines
2376 3603 2554 3658 vivere
2586 3602 2876 3669 deberent;
2900 3604 2993 3658 sed
3019 3610 3069 3660 et
3095 3604 3206 3659 haec
3236 3621 3367 3661 con—

1803 3704 2154 3767 tempserunt,
2182 3696 2289 3750 imo
2320 3710 2447 3750 vero
2489 3705 2541 3750 et
2580 3710 2674 3751 eos
2708 3695 2750 3751 si
2786 3697 2876 3766 qui
2909 3695 3045 3749 forte
3078 3696 3366 3753 observare

1801 3787 2111 3858 cupiebant,
2139 3787 2370 3843 diversis
2398 3788 2612 3857 injuriis
2650 3779 2976 3846 amiserunt,
3009 3788 3180 3842 donec
3205 3789 3362 3843 etiam

1801 3877 1948 3948 ipsos
1979 3892 2008 3931 a
2039 3877 2308 3948 pr0posita
2340 3876 2712 3931 observatione
2736 3875 3051 3943 dejicerent,
3092 3885 3146 3928 et
3179 3875 3244 3929 ad
3270 3877 3353 3929 in-

1801 3968 2137 4022 credulitatis
2188 3967 2540 4023 nihilominus
2597 3974 2869 4022 verterent
2911 3964 3127 4019 turbam
3152 3966 3363 4037 sibique

1801 4059 2005 4114 similes
2039 4057 2330 4113 eﬂlcerent.

1870 4147 1930 4204 L.
1971 4146 2260 4219 Propterea
2295 4148 2527 4219 denique
2561 4148 2628 4201 ab
2664 4147 2817 4201 initio
2849 4163 2971 4202 cum
3004 4147 3197 4205 fuisset
3247 4164 3364 4203 om-

1799 4242 1886 4296 nis
1917 4248 2060 4295 terra
2090 4241 2354 4294 maculata
2382 4240 2639 4308 peccatis,
2676 4237 2816 4295 Deus
2863 4239 3125 4294 diluvium
3159 4238 3362 4295 mundo

1799 4331 2030 4393 induxit,
2062 4331 2204 4401 quod
2237 4344 2330 4385 vos
2361 4331 2466 4384 sub
2493 4327 2819 4383 Deucalione
2852 4329 3050 4384 factum
3075 4329 3280 4395 dicitis,
3308 4338 3359 4385 et

1799 4429 1928 4477 tunc
1953 4437 2118 4475 unum
2148 4421 2431 4490 quemdam
2462 4420 2668 4490 justum
2699 4436 2818 4475 cum
2853 4421 2976 4476 filiis
3006 4421 3119 4476 suis
3155 4421 3206 4474 in
3234 4435 3358 4473 arca

130 4509 228 4577 qui
255 4525 346 4565 eas
377 4527 468 4581 per
510 4512 814 4568 doctrinam
846 4515 1218 4584 propheticam
1270 4515 1543 4581 didicere;
1581 4515 1702 4584 qui-
1733 4511 1775 4566 D
1805 4516 2122 4575 reservavit,
2153 4521 2205 4567 et
2235 4527 2357 4566 cum
2405 4527 2469 4567 eo
2513 4513 2753 4566 omnium
2789 4512 3054 4565 seminum
3086 4510 3356 4564 omnium-

133 4601 239 4654 bus
263 4603 407 4656 enim
461 4605 801 4661 innotescere
847 4607 1022 4676 potuit
1078 4619 1256 4660 sermo
1310 4606 1694 4676 propheticus,

133 4689 318 4745 sciunt
342 4694 557 4761 quando
601 4701 654 4749 et
683 4695 752 4750 ob
781 4712 940 4764 quam
984 4711 1201 4750 causam
1232 4710 1433 4765 aerugo,
1467 4694 1694 4765 grando,

133 4782 460 4851 pestilentia,
499 4794 552 4840 et
586 4786 778 4840 borum
817 4786 1014 4842 similia
1061 4802 1154 4857 per
1179 4787 1418 4857 singulas
1451 4802 1695 4858 quasque

130 4875 508 4940 generationes
535 4882 723 4930 exorta
762 4877 891 4940 sint,
929 4887 981 4932 et
1008 4892 1074 4931 ex
1104 4876 1299 4947 quibus
1321 4878 1555 4946 peccatis
1583 4880 1695 4935 haec

130 4959 200 5012 atl
225 4959 516 5015 vindictam
546 4963 669 5017 (lata
702 4964 832 5028 sint,
869 4967 1014 5021 unde
1043 4965 1279 5019 humano
1318 4965 1499 5034 generi
1532 4982 1694 5023 causa

135 5049 394 5113 tristitie,
423 5051 564 5106 unde
594 5054 824 5123 gemitus
857 5070 920 5109 ac
950 5054 1164 5110 dolores
1206 5055 1525 5120 acciderint,
1553 5059 1695 5113 unde

204 5182 250 5213 ⁸⁸
277 5181 411 5242 Gen.
451 5202 524 5252 iv,
559 5187 628 5242 12
656 5190 707 5243 in
736 5188 906 5247 LXX.
984 5191 1029 5224 ”
1064 5191 1258 5249 Ezech.
1287 5209 1349 5260 II,
1385 5193 1439 5249 6.

1796 4621 1902 4676 que
1933 4605 2287 4658 animantium
2322 4620 2511 4675 genus.
2548 4603 2611 4657 Et
2629 4613 2805 4659 tamen
2823 4608 2984 4656 etiam
3016 4603 3106 4671 qui
3132 4618 3196 4658 ex
3226 4602 3358 4673 ipsis

1797 4697 1910 4752 nati
1932 4703 2078 4758 sunt,
2097 4703 2338 4765 tempore
2369 4694 2753 4756 intercedente,
2775 4709 2967 4750 rursus
2992 4694 3184 4747 similia
3213 4694 3357 4763 prio-

1795 4789 1946 4842 ribus
1993 4793 2190 4855 agunt;
2237 4785 2492 4839 oblivioni
2541 4786 2684 4839 enim
2731 4799 2851 4854 quae
2896 4784 3204 4838 acciderant
3232 4782 3355 4837 data

1797 4885 1945 4936 sunt.
1978 4877 2049 4928 ita
2081 4882 2141 4928 ut
2172 4876 2368 4944 posteri
2394 4890 2458 4928 ne
2483 4875 2584 4928 hoc
2607 4876 2781 4944 ipsum
2810 4874 3023 4943 quidem
3047 4873 3352 4949 crederent.

1797 4967 1941 5038 quod
1971 4966 2231 5019 diluvium
2266 4965 2462 5018 factum
2503 4977 2604 5021 est.
2638 4965 2789 5021 Unde
2813 4975 2866 5020 et
2897 4967 3084 5020 statuit
3119 4963 3256 5018 Deus
3300 4964 3353 5016 in

1800 5059 2050 5132 przesenti
2097 5059 2292 5114 saeculo
2339 5058 2478 5112 ultra
2529 5074 2636 5112 non
2683 5058 2796 5113 ﬁeri
2841 5057 3124 5120 diluvium,
3153 5053 3354 5124 alioqui

1421 5341 1785 5401 COTELERII
1824 5342 2056 5399 NOTAE.

105 5534 110 5538 ,
212 5475 316 5544 (77)
353 5476 522 5530 Seres.
555 5476 702 5542 Quos
750 5494 815 5530 ex
861 5477 1097 5532 lectione
1141 5477 1456 5541 Strabonis,
1506 5476 1688 5540 Plinii,

135 5548 303 5604 Melas.
340 5545 528 5606 Solini.
564 5547 808 5607 Luciani,
843 5547 1108 5601 Ammiani
1144 5547 1464 5608 Marcellini,
1500 5546 1692 5613 Orige-

137 5620 243 5676 nis,
292 5613 530 5674 Eusebii.
563 5617 804 5676 Caesarii,
835 5616 1087 5680 Cedreni,
1122 5615 1412 5681 Eustathii,
1452 5624 1579 5680 etc.,
1611 5616 1692 5668 ili-

137 5689 342 5740 scimus
382 5686 618 5739 celebres
650 5686 924 5740 exstitisse
973 5697 1085 5739 tum
1133 5687 1454 5740 salubritate
1486 5695 1540 5738 et
1572 5688 1692 5738 vita}

136 5755 489 5809 diuturnitate
523 5755 587 5808 ad
617 5763 887 5809 trecentos
918 5771 1088 5808 annos
1116 5755 1413 5824 producte,
1441 5762 1552 5808 tum
1581 5756 1693 5807 lau-

135 5826 296 5878 ilibus
351 5825 614 5887 lenitatis,
666 5826 884 5890 quietis,
938 5826 1284 5892 frugalitatis,
1336 5825 1692 5888 castimoniae,

1790 5477 2026 5549 j_ns_t_iti:e
2055 5479 2375 5549 acpietat‘is.
2415 5477 2531 5544 Quo
2581 5481 2751 5549 magis
2780 5479 3085 5534 mirandum
3123 5481 3284 5536 scribi
3317 5496 3349 5538 a

1797 5547 1852 5601 S.
1883 5546 2178 5616 Epiphanio
2209 5549 2260 5599 in
2293 5547 2648 5615 Ea‘positione-
2674 5546 2798 5616 ﬁdei
2824 5590 2835 5610 ,
2873 5566 2926 5603 η.
2961 5552 3044 5608 10.
3080 5550 3220 5617 apud
3252 5553 3352 5605 Se-

1793 5631 1903 5675 ras.
1935 5621 2170 5669 virorum
2202 5618 2648 5671 consuetudinem
2699 5619 2867 5674 fuisse
2897 5620 3228 5673 muliebriter
3271 5621 3352 5673 vi-

1793 5700 1939 5749 vere,
1998 5687 2316 5738 feminarum
2366 5703 2494 5740 vero
2542 5688 2791 5742 viril‘lcr.
2839 5686 3056 5742 Scilicet
3106 5689 3351 5747 attribuit

1797 5753 2380 5831 EpiplianniusUSeribus
2406 5757 2546 5831 quod
2572 5757 2636 5809 ad
2669 5757 2824 5812 Gclos
2854 5758 3122 5825 pertinet;
3151 5761 3216 5814 de
3237 5759 3328 5831 qui

1799 5822 2065 5878 btts'infra
2101 5825 2193 5879 lib.
2226 5841 2296 5889 nt,
2330 5841 2445 5891 cap.
2478 5822 2564 5882 Ἡ,
