4078 6336
667 311 811 370 1395

1485 315 1540 370 S.
1581 314 1972 370 CLEDIENTIS
2012 315 2032 368 I
2067 312 2237 368 ROBI.
2278 311 2478 371 ΡΟΝΤ.
2518 315 2746 373 OPERA
2784 319 3014 378 DUBIA.

3756 333 3778 384 I
3791 332 3891 386 396

666 426 962 480 secundum
989 427 1248 482 rationem
1285 435 1630 496 peccatorum
1660 445 1884 484 necesse
1915 437 2033 484 erat
2060 429 2222 484 etiam
2253 431 2297 488 Α
2327 431 2589 499 apostolis
2619 432 3082 504 pseudoapostoli,
3116 443 3171 491 et
3203 436 3523 495 doctoribus
3548 439 3669 495 falsi
3702 442 3892 497 docto-

663 533 760 586 per
783 518 1022 588 singulas
1051 518 1427 588 generationes
1461 518 1564 573 hoc
1591 519 1707 576 fieri
1736 520 2067 574 infidelitatis
2096 534 2219 588 gra-

2318 534 2428 577 res.
2461 520 2526 574 Et
2555 522 2682 578 inde
2699 533 2785 578 est
2810 523 2954 579 unde
2978 527 3118 595 apud
3144 526 3494 598 philosophos
3509 530 3610 584 alii
3638 532 3889 586 asserunt

662 607 768 672 tia;
798 608 890 662 sed
933 609 1106 678 magis
1143 608 1365 664 indulsit
1394 625 1489 678 per
1517 610 1758 679 singulas
1785 618 1973 678 gentes
1998 605 2218 680 angelos
2317 611 2737 679 providentiam,
2790 615 2882 670 alii
2929 625 3147 685 negant,
3196 618 3287 672 alii
3337 634 3503 673 unum
3548 618 3742 690 Deum,
3796 621 3887 676 alii

658 699 921 767 quosdam
952 713 1112 768 agere
1136 699 1495 768 principatum
1519 701 1611 769 qui
1641 700 1799 754 malis
1821 699 2072 770 gaudent,
2092 699 2214 768 qui—

659 788 760 844 bus
787 797 966 844 tamen
997 805 1061 844 ea
1089 790 1395 845 conditione
1420 798 1661 860 potestas
1704 791 1989 846 adversum
2018 806 2214 844 unum-

655 894 927 950 quemque
953 881 1261 935 mortalium
1291 883 1416 936 data
1443 889 1547 943 est,
1577 883 1623 937 si
1662 883 1816 953 prius
1854 897 1914 938 se
1946 883 2061 952 ipse
2088 883 2213 952 quis

654 971 930 1039 peccando
972 972 1051 1028 eis
1099 972 1317 1027 fecisset
1361 973 1681 1037 obnoxium,
1724 974 1897 1029 donec
1935 974 2212 1029 adveniret

651 1063 740 1118 ille
769 1064 859 1132 qui
881 1061 1038 1117 bonis
1069 1065 1281 1133 gaudet,
1314 1071 1369 1118 et
1398 1064 1756 1134 compleretur
1783 1081 1877 1135 per
1901 1066 2076 1135 ipsum
2107 1082 2210 1119 uu-

649 1169 831 1208 merus
855 1155 1148 1222 justorum,
1180 1164 1233 1209 et
1260 1171 1355 1225 per
1397 1171 1608 1212 omnem
1639 1158 1899 1211 mundum
1929 1165 2211 1212 crescente

648 1244 1004 1300 multitudine
1045 1250 1280 1316 piorum,
1314 1247 1493 1316 aliqua
1525 1262 1590 1302 ex
1624 1255 1776 1316 parte
1822 1248 2208 1318 reprimeretur

646 1337 900 1408 Impietas
927 1347 981 1393 et
1012 1339 1376 1393 iunotesccret
1404 1340 1677 1406 omnibus,
1707 1339 1836 1411 quia
1878 1355 2038 1395 omne
2061 1339 2205 1410 quod

646 1429 846 1484 bonum
877 1437 960 1485 est
993 1446 1024 1484 a
1056 1429 1164 1485 Deo
1189 1431 1267 1486 fit.

710 1523 794 1578 ιι.
837 1523 915 1578 Ex
943 1525 1151 1579 arbitrii
1188 1532 1367 1578 autem
1409 1527 1656 1582 libertate
1698 1529 2072 1599 unusquisque
2106 1527 2205 1582 ho-

641 1607 846 1670 minum
892 1617 1019 1670 dum
1068 1617 1380 1674 incredulus
1423 1628 1505 1674 est
1555 1620 1620 1674 de
1655 1620 1873 1681 futuris,
1907 1636 2003 1689 per
2032 1622 2202 1679 malos

643 1716 799 1761 actus
842 1710 1070 1764 incurrit
1112 1711 1166 1764 in
1213 1713 1372 1766 mala.
1407 1710 1468 1763 Et
1515 1711 1625 1765 hac
1654 1719 1928 1782 suntquae
1955 1713 2202 1768 videntur

2307 702 2499 758 Plures
2525 703 2842 762 defendunt.
2885 705 3066 777 Usque
3097 707 3164 761 ad
3193 708 3297 762 hoc
3325 725 3412 766 res
3434 710 3669 781 denique
3698 727 3887 768 acceso

2313 789 2404 858 sit,
2435 800 2491 846 ut
2518 810 2641 848 cum
2669 796 2833 851 verbo
2861 797 2953 852 Dei
2980 796 3234 867 fugentur
3262 785 3554 864 damones,
3600 819 3698 872 per
3738 804 3884 874 quod

2310 896 2431 938 esse
2473 879 2820 940 Providentia
2867 884 3195 950 declaratur,
3225 888 3491 946 invenerit
3535 907 3625 946 ars
3672 894 3884 963 magica

2310 969 2377 1024 ad
2402 968 2772 1027 infidelitatem
2793 973 3246 1039 confirmandam,
3277 979 3551 1046 quomodo
3581 981 3744 1034 etiam
3779 981 3884 1036 hoc

2309 1078 2374 1118 ex
2404 1064 2697 1119 contrariis
2720 1064 2982 1120 imitetur.
3019 1063 3111 1120 Sic
3142 1077 3452 1139 serpentum
3481 1087 3692 1128 venena
3732 1073 3881 1126 miti-

2307 1171 2436 1226 gare
2475 1156 2812 1211 caminibus
2858 1158 3160 1221 inventum,
3191 1168 3246 1214 et
3293 1161 3458 1216 verbo
3504 1177 3568 1217 ac
3620 1165 3878 1234 potestati

2307 1242 2401 1297 Dei
2441 1246 2748 1300 contrarias
2797 1245 3057 1303 inducere
3097 1249 3379 1306 sanitates.
3406 1251 3629 1321 Angelis
3659 1269 3878 1323 quoque

2305 1335 2399 1390 Dei
2428 1338 2702 1391 contraria
2732 1340 2930 1409 reperit
2958 1356 3048 1396 ars
3076 1343 3283 1412 magica
3315 1343 3639 1407 ministeria,
3667 1346 3878 1398 anima-

2303 1444 2423 1482 rum
2459 1430 2847 1486 suscitationes
2889 1440 3079 1487 contra
3115 1433 3231 1488 hac
3276 1443 3332 1488 et
3377 1435 3631 1505 figmenta
3672 1437 3876 1491 damo-

2302 1535 2431 1574 num
2477 1535 2704 1591 ponens.
2743 1519 2808 1574 Et
2839 1537 2908 1576 ne
2936 1523 3107 1576 multa
3156 1525 3526 1579 enumerando
3561 1540 3873 1581 sermonem

2302 1609 2514 1681 longius
2542 1610 2777 1677 traham,
2801 1611 2937 1665 nihil
2965 1613 3188 1667 omnino
3213 1622 3295 1668 est
3322 1615 3466 1683 quod
3497 1616 3656 1670 fidem
3685 1617 3870 1672 Provi-

2300 1699 2498 1754 dentia
2525 1699 2711 1766 faciat,
2733 1708 2787 1756 et
2816 1717 2924 1756 non
2952 1692 3152 1757 habeat
3173 1693 3485 1759 econtrario
3512 1705 3663 1758 aliud
3696 1705 3764 1759 ad
3793 1706 3871 1760 in-

647 1758 794 1761 __,__
1408 1758 1466 1763 _-
1515 1758 1624 1765 -..η
1654 1758 1780 1767 μ-.-
1813 1758 1928 1782 γη
1965 1758 2190 1768 πω.-.

641 1800 695 1854 in
730 1801 930 1855 mundo
969 1812 1156 1856 contra
1205 1803 1448 1858 ordinem
1479 1806 1613 1872 geri,
1657 1806 1854 1874 quibus
1890 1820 2108 1869 causas,
2143 1814 2196 1859 ut

2302 1790 2610 1846 fidelitatem
2641 1801 2924 1861 paratum;
2960 1800 3013 1848 et
3044 1793 3166 1848 ideo
3188 1796 3290 1864 'qui
3323 1799 3571 1865 ignorant
3597 1797 3757 1849 istam
3786 1796 3868 1850 di-

640 1899 841 1951 essent,
870 1891 1158 1947 infidelitas
1199 1895 1365 1949 dedit.
1399 1893 1638 1948 Miranda
1678 1895 1838 1963 igitur
1885 1910 1981 1964 per
2017 1895 2196 1950 omnia

638 1987 722 2032 est
769 1980 964 2034 divina
1012 1980 1368 2038 Providentia
1415 1984 1781 2053 dispensatio,
1828 1999 1947 2053 qua
1977 1983 2062 2037 his
2105 1985 2196 2052 qui

636 2070 793 2124 initio
842 2071 1065 2137 fuerint,
1099 2073 1294 2127 bonam
1335 2075 1551 2143 quidem
1584 2075 1722 2128 viam
1751 2077 1870 2129 vita
1895 2075 2193 2128 incedenti-

638 2161 760 2226 bus,
789 2163 946 2218 bouis
975 2164 1476 2235 incorruptibilibus
1509 2165 1652 2219 dedit
1680 2164 1882 2234 perfrui
1907 2181 1927 2229 ;
1953 2166 2047 2218 ubi
2070 2181 2196 2219 vero

639 2262 999 2321 peccaverunt
1030 2254 1048 2326 [
1073 2258 1196 2310 mali
1225 2257 1488 2326 originem
1526 2265 1746 2324 peccato
1774 2258 2014 2326 pariente
2044 2273 2196 2310 sum-

637 2352 861 2412 pserunt
885 2345 926 2416 J,
951 2354 1004 2400 et
1029 2345 1326 2416 unicuique
1353 2347 1491 2399 bono
1517 2346 1671 2415 quasi
1697 2347 1928 2414 quodam
1957 2348 2191 2416 conjugii

634 2433 838 2492 ﬁndere
861 2454 927 2492 ex
961 2448 1111 2508 parte
1151 2439 1355 2508 peccati
1386 2439 1648 2492 sociatum
1677 2447 1760 2492 est
1793 2439 1991 2492 malum
2012 2477 2026 2502 ,
2057 2455 2192 2508 quo-

632 2530 777 2584 niam
805 2528 1020 2598 quidem
1045 2530 1278 2585 humano
1310 2531 1570 2600 sanguine
1598 2539 1740 2584 terra
1772 2532 1973 2600 polluta
1999 2539 2100 2595 est,
2138 2541 2189 2587 et

633 2634 742 2674 ara
775 2619 1105 2676 damonibus
1149 2637 1440 2682 succensa,
1468 2636 1647 2678 aerem
1676 2638 1886 2692 quoque
1909 2624 2083 2692 ipsum
2115 2625 2191 2678 in-

632 2717 784 2764 cesto
813 2711 1197 2766 sacrificiorum
1233 2712 1380 2766 fumo
1409 2722 1761 2777 temerarunt,
1792 2720 1844 2767 et
1871 2713 1941 2766 ita
1972 2714 2187 2768 demum

631 2810 885 2872 corrupta
914 2803 1063 2870 prius
1101 2803 1363 2858 elementa
1408 2805 1716 2859 hominibus
1755 2805 2075 2874 corruptela
2115 2807 2188 2858 vi-

631 2893 785 2955 tium,
827 2892 970 2946 velut
1005 2894 1210 2948 radices
1241 2895 1402 2950 ramis
1434 2909 1496 2967 ac
1535 2894 1797 2948 fructibus
1823 2894 2183 2953 tradiderunt.

701 2980 807 3034 LII.
850 2979 981 3037 Vide
1007 2997 1136 3051 ergo
1170 2983 1223 3035 in
1246 2982 1368 3046 hoc,
1393 2990 1452 3036 ut
1474 2983 1605 3042 dixi,
1631 2998 1792 3053 quam
1813 2984 1958 3052 juste
1983 2986 2184 3043 vitiatis

2301 1883 2562 1938 visionem
2593 1900 2796 1949 rerum,
2830 1901 2928 1956 pro
2957 1886 3044 1940 his
3069 1901 3192 1955 qua
3242 1900 3272 1940 a
3316 1877 3624 1957 semetipsis
3654 1887 3866 1941 discor-

2298 1974 2428 2028 dant
2459 1974 2513 2028 in
2547 1976 2767 2040 mundo,
2794 1993 2902 2031 non
2931 1985 3122 2048 putant
3153 1992 3276 2032 esse
3294 1978 3724 2033 Providentiam.
3757 1978 3860 2032 Sed

2297 2073 2375 2130 tu,
2406 2065 2589 2132 Pater,
2613 2069 2770 2137 quasi
2805 2069 2887 2122 vir
2917 2069 3136 2139 sapiens
3164 2085 3231 2126 ex
3273 2069 3377 2124 ista
3425 2069 3696 2124 divisione
3723 2071 3861 2139 elige

2295 2165 2522 2227 partem;
2557 2175 2676 2227 qua:
2719 2159 2964 2215 ordinem
2998 2169 3178 2216 servat
3215 2168 3268 2216 et
3315 2160 3473 2216 fidem
3507 2162 3859 2230 providentia

2295 2245 2444 2310 facit,
2475 2254 2529 2301 et
2581 2264 2690 2301 non
2737 2250 2913 2304 solum
2957 2251 3209 2318 sequaris
3260 2250 3405 2304 illam
3452 2251 3688 2320 partem,
3741 2267 3856 2321 qua:

2293 2347 2484 2392 contra
2508 2340 2753 2395 ordinem
2775 2347 2945 2395 currit
2966 2349 3021 2398 et
3037 2341 3398 2399 Providentiae
3422 2343 3649 2414 derogat
3674 2345 3850 2400 fidem.

2359 2428 2490 2484 LIV.
2533 2429 2614 2485 Ad
2665 2433 2780 2487 hac
2824 2448 2991 2490 senex
3019 2433 3300 2504 respondit
3335 2452 3349 2489 :
3386 2435 3462 2489 Da
3507 2437 3640 2490 mihi
3688 2438 3850 2500 viam,

2291 2518 2388 2582 fili,
2423 2535 2530 2589 qua
2558 2523 2762 2589 possim
2803 2539 2870 2577 ex
2896 2523 3110 2578 duobus
3139 2525 3258 2579 istis
3283 2525 3587 2589 ordinibus,
3619 2542 3849 2597 quorum

2289 2613 2425 2666 alter
2457 2614 2674 2678 asserit,
2707 2615 2843 2670 alter
2869 2613 3071 2670 refutat
3094 2617 3517 2681 Providentiam,
3553 2634 3722 2672 unum
3753 2619 3850 2673 ali—

2286 2720 2444 2775 quem
2476 2706 2528 2759 in
2559 2707 2694 2761 meis
2728 2708 2981 2766 sensibus
3019 2709 3357 2764 confirmare.
3391 2708 3639 2775 Rectum,
3675 2712 3847 2780 inquit

2286 2795 2501 2866 Aquila,
2528 2795 2745 2850 habenti
2773 2797 3040 2867 judicium
3073 2799 3230 2854 facile
3259 2799 3553 2855 discrimen
3584 2810 3700 2856 est:
3724 2818 3843 2855 nam

2285 2895 2337 2943 et
2367 2886 2469 2943 hoc
2499 2886 2673 2956 ipsum
2712 2888 2857 2955 quod
2887 2888 2986 2953 ais,
3018 2888 3153 2944 ordo
3190 2899 3243 2944 et
3283 2891 3628 2959 inordinatio,
3660 2892 3729 2946 ab
3754 2906 3842 2945 ar-

2283 2977 2428 3032 tifice
2455 2977 2568 3032 fieri
2602 2986 2800 3048 potest,
2828 2994 2857 3035 a
2889 2989 3082 3037 natura
3114 2997 3242 3037 vero
3276 2982 3578 3037 insensibili
3609 2999 3718 3037 non
3750 2999 3844 3054 po-

627 3069 795 3125 rcbus
823 3069 1160 3125 Providentia
1193 3071 1371 3126 divina
1400 3076 1689 3136 succurrit,
1721 3081 1779 3127 ut
1807 3078 2060 3143 quoniam
2092 3077 2180 3131 bo-
2206 3091 2251 3152 C
2285 3077 2420 3136 test;
2452 3084 2579 3122 nam
2620 3070 2772 3124 verbi
2802 3072 2972 3140 gratia
3023 3089 3290 3142 ponamus
3339 3074 3407 3128 de
3452 3075 3672 3129 excelsa
3713 3090 3843 3144 rupe

626 3160 712 3215 nis
739 3159 849 3223 Dei,
871 3161 1008 3213 mala
1036 3175 1155 3229 qua
1190 3176 1254 3214 ex
1286 3173 1505 3230 peccato
1531 3163 1791 3230 originem
1835 3171 2177 3234 sumpserant

575 3253 580 3256 ’
623 3252 828 3306 sociata
879 3261 1026 3316 sunt,
1057 3252 1268 3308 duabus
1319 3253 1402 3308 his
1446 3254 1687 3322 partibus
1731 3254 1867 3311 duos
1906 3257 2176 3327 principes

623 3351 866 3412 poneret,
900 3351 952 3397 et
988 3345 1036 3398 ei
1067 3345 1157 3414 qui
1187 3345 1345 3399 bonis
1378 3345 1861 3414 gaudet‘bonorum
1907 3349 2172 3414 ordinem,

622 3435 715 3504 qui
749 3436 815 3488 ad
852 3434 1007 3487 fidem
1034 3435 1377 3505 providentia
1407 3451 1517 3491 sua
1543 3439 1826 3492 credentes
1859 3439 2171 3506 adduceret,

622 3523 830 3583 statuit,
861 3523 910 3577 ei
939 3539 1064 3577 vero
1089 3526 1180 3594 qui
1211 3527 1366 3580 malis
1391 3525 1607 3596 gaudet,
1635 3543 1696 3582 ea
1726 3543 1846 3596 qua
1868 3536 2058 3582 contra
2085 3546 2176 3585 or-

618 3612 799 3667 dinem
832 3621 885 3667 et
931 3614 1190 3671 inutiliter
1216 3604 1498 3687 geruntur,
1530 3633 1591 3672 ex
1624 3619 1822 3688 quibus
1858 3619 1974 3674 sine
2007 3620 2173 3674 dubio

615 3707 776 3762 etiam
806 3706 1153 3780 providentia
1176 3707 1305 3764 fides
1336 3709 1388 3763 in
1417 3710 1638 3765 dubium
1673 3711 1877 3776 veniat;
1907 3718 1958 3766 et
1991 3711 2170 3765 habita

614 3807 697 3850 est
728 3811 823 3866 per
847 3796 946 3850 hoc
972 3811 1000 3849 a
1025 3797 1175 3866 justo
1204 3797 1311 3854 Deo
1332 3800 1477 3866 justa
1499 3799 1712 3854 divisio.
1741 3799 1876 3856 Hinc
1907 3798 2034 3871 ergo
2063 3810 2166 3866 est,

613 3890 757 3956 quod
792 3903 914 3942 cum
943 3889 1222 3944 ordinatus
1269 3899 1539 3944 astrorum
1588 3907 1783 3946 cursus
1822 3891 1977 3948 fidem
2007 3891 2169 3945 faciat

615 3993 777 4032 manu
805 3979 1024 4034 artificis
1067 3981 1341 4034 conditum
1391 3983 1672 4046 mundum,
1702 3998 1916 4037 rursum
1950 3991 2168 4038 contur-

610 4067 758 4122 batio
797 4068 962 4135 aeris,
997 4083 1128 4121 aura
1175 4069 1456 4138 pestilens,
1497 4068 1781 4122 fulminum
1831 4069 1946 4139 vagi
1992 4069 2164 4139 ignes,

603 4158 960 4220 Providentia
998 4173 1135 4228 opus
1177 4159 1446 4214 refellant.
1478 4155 1688 4214 Habent
1729 4158 1897 4222 enim,
1931 4164 1989 4211 ut
2026 4157 2169 4212 dixi-

607 4265 750 4314 mus,
779 4249 990 4321 singula
1029 4265 1256 4320 quaque
1284 4250 1446 4309 bona.
1479 4250 1752 4304 contraria
1787 4256 1842 4303 et
1872 4249 2163 4318 conjuncta

605 4342 710 4396 sibi
737 4327 898 4403 mala.
930 4349 988 4396 ut
1023 4340 1269 4397 fecundis
1292 4338 1558 4395 imbribus
1591 4339 1796 4410 grando
1821 4339 2035 4395 inimica
2056 4346 2160 4402 est,

2279 3159 2566 3228 abruptum
2589 3173 2778 3213 saxum
2805 3159 2859 3213 in
2883 3176 3122 3233 praceps
3147 3161 3298 3226 ferri,
3321 3162 3484 3232 idque
3505 3164 3709 3217 illisum
3727 3165 3844 3218 solo

2277 3249 2333 3303 in
2358 3250 2524 3303 multa
2554 3248 2858 3320 fragmenta
2878 3253 3197 3316 comminui,
3221 3254 3469 3323 nunquid
3490 3255 3709 3310 evenire
3732 3255 3844 3308 ullo

2275 3339 2438 3393 modo
2468 3347 2670 3409 potest,
2708 3347 2768 3394 ut
2817 3342 2872 3395 in
2923 3342 3012 3396 illa
3041 3343 3385 3400 multitudine
3413 3342 3841 3415 fragmentorum

2275 3429 2586 3484 inveniatur
2615 3447 2782 3484 unum
2815 3433 3009 3488 saltem
3052 3434 3434 3504 fragmentum,
3482 3435 3536 3488 in
3581 3451 3689 3506 quo
3717 3453 3845 3512 per-

2274 3517 2414 3572 fecta
2446 3520 2625 3590 aliqua
2657 3522 2870 3588 species
2899 3539 2996 3593 per
3021 3525 3202 3578 omnia
3237 3522 3502 3585 habeatur
3532 3541 3595 3578 ac
3626 3525 3844 3579 forma?

2271 3612 2337 3666 Et
2367 3629 2530 3670 senex
2568 3615 2852 3685 respondit
2885 3633 2899 3670 :
2931 3615 3047 3671 Non
3082 3623 3278 3686 potest.
3302 3616 3458 3684 Quod
3491 3620 3535 3673 si
3563 3619 3727 3681 adsit,
3756 3618 3841 3676 in-

2269 3706 2387 3775 quit
2428 3706 2643 3776 Aquila,
2685 3707 2966 3776 signorum
3007 3705 3223 3771 artifex,
3252 3708 3495 3766 excisum
3541 3709 3612 3762 de
3653 3718 3838 3763 monte

2270 3810 2463 3853 saxum
2489 3809 2654 3848 manu
2687 3792 2885 3846 artifici
2907 3800 2974 3847 ctu
2993 3808 3156 3848 sensu
3184 3792 3491 3851 rationabili
3521 3795 3761 3849 formare
3783 3797 3836 3848 in

2269 3903 2430 3958 quam
2472 3887 2600 3940 velit
2637 3887 2876 3954 speciem
2913 3893 3110 3955 potest.
3143 3884 3209 3939 Et
3239 3900 3446 3942 senex:
3483 3885 3704 3953 Verum,
3746 3889 3833 3942 in-

2267 3979 2405 4047 quit,
2434 3978 2580 4033 istud
2627 3985 2732 4034 est.
2769 3976 2930 4047 Ergo,
2961 3977 3038 4030 ait
3087 3977 3303 4047 Aquila,
3331 3977 3424 4032 ubi
3476 3993 3678 4035 sensus
3726 3995 3834 4034 non

2266 4080 2350 4124 est
2377 4070 2742 4131 rationabilis,
2773 4069 2922 4122 nulla
2971 4069 3182 4138 species
3229 4084 3296 4123 ex
3343 4069 3560 4140 integro
3606 4069 3830 4124 fermari

2265 4167 2466 4230 potest,
2500 4161 2590 4216 ubi
2621 4168 2798 4215 autem
2832 4173 3029 4216 sensus
3079 4167 3163 4214 est
3212 4159 3428 4225 artifex,
3465 4161 3538 4215 ibi
3574 4169 3627 4214 et
3657 4161 3828 4218 forma

2263 4263 2316 4310 et
2339 4253 2646 4317 informitas
2674 4267 2796 4308 esse
2826 4260 3006 4323 potest
3036 4268 3047 4302 :
3078 4252 3228 4307 verbi
3256 4253 3451 4323 gratia,
3484 4253 3528 4308 si
3555 4253 3771 4309 excidat
3798 4270 3827 4308 e

2263 4353 2447 4400 monte
2495 4360 2685 4401 saxum
2739 4344 2932 4407 artifex
2979 4343 3066 4398 cui
3107 4342 3336 4397 formam
3362 4345 3492 4399 velit
3525 4345 3823 4414 imponere,

603 4441 666 4488 ut
709 4433 818 4488 rori
865 4433 1076 4504 placido
1124 4433 1388 4504 rubiginis
1431 4441 1515 4487 est
1544 4432 1746 4488 sociata
1775 4432 2072 4500 corruptio,
2105 4443 2160 4486 ut
2188 4452 2240 4510 ι)
2267 4432 2488 4492 necesse
2535 4444 2619 4492 est
2667 4445 2726 4489 ut
2772 4435 2824 4489 id
2865 4435 3042 4504 primo
3077 4433 3308 4495 informe
3339 4434 3511 4490 cadat
3539 4442 3592 4490 et
3629 4436 3824 4491 barba-

601 4524 779 4580 ventis
820 4525 1034 4580 lenibus
1084 4525 1449 4594 procellarum
1499 4523 1742 4578 turbines
1771 4522 1962 4590 juncti
2010 4530 2158 4588 sunt,

600 4615 894 4671 fructuosis
941 4616 1228 4670 arboribus
1273 4614 1648 4677 infructuosa,
1700 4613 1890 4685 herbis.
1934 4614 2159 4669 utilibus

599 4707 795 4768 noxia,
828 4707 1154 4763 animalibus
1184 4706 1405 4761 mitibus
1448 4705 1561 4761 fera
1606 4711 1660 4759 et
1693 4704 1999 4774 perniciosa
2028 4719 2159 4760 con-

597 4813 736 4854 nexa
761 4807 909 4856 sunt.
934 4797 1058 4852 Hac
1085 4804 1264 4852 autem
1289 4798 1469 4851 omnia
1501 4796 1675 4866 posita
1707 4803 1835 4853 sunt
1857 4809 1886 4848 a
1911 4793 2038 4860 Deo,
2059 4810 2158 4863 pro

597 4904 663 4944 eo
704 4890 848 4959 quod
895 4888 1205 4944 hominibus
1249 4887 1501 4942 voluntas
1550 4885 1762 4946 arbitrii
1813 4899 1844 4938 a
1891 4873 2155 4948 bonorum

598 4983 874 5051 pmposito
903 4981 1156 5036 discessit
1179 4980 1550 5035 et‘dcclinavit
1581 4979 1649 5038 ad
1677 4979 1836 5038 mala.

667 5070 801 5127 LIII.
838 5073 1004 5141 Igitur
1035 5072 1086 5125 in
1121 5071 1371 5126 omnibus
1397 5070 1580 5125 mundi
1606 5071 1770 5124 rebus
1794 5069 2023 5124 habetur
2050 5068 2151 5123 ista

596 5164 808 5229 divisio,
840 5172 892 5218 et
919 5164 1059 5219 sicut
1093 5171 1218 5224 sunt
1248 5164 1342 5232 pii,
1383 5164 1454 5216 ita
1485 5172 1538 5218 et
1567 5163 1736 5232 impii,
1781 5169 1839 5215 ut
1871 5169 1996 5216 sunt
2027 5177 2152 5231 pro-

595 5255 789 5325 pheta,
817 5256 890 5309 ita
919 5263 972 5309 et
1000 5253 1118 5308 falsi
1148 5254 1454 5324 prapheta;
1501 5253 1594 5308 sed
1640 5261 1695 5307 et
1737 5253 1880 5323 apud
1924 5253 2149 5328 gentiles

596 5355 725 5400 sunt
753 5345 1080 5422 philosophi,
1116 5355 1243 5402 sunt
1291 5353 1345 5400 et
1393 5343 1517 5404 falsi
1567 5345 1906 5425 philosophi;
1938 5341 2149 5400 Iudaeo-

594 5451 715 5497 rum
765 5452 980 5510 quoque
1011 5437 1483 5502 circumcisionem
1519 5435 1761 5490 Arabica
1790 5442 1976 5504 gentes
2006 5433 2149 5486 alia-

593 5541 698 5593 que
722 5525 965 5595 plurima
1006 5524 1071 5578 ad
1104 5525 1460 5597 ministerium
1495 5540 1607 5580 sua
1635 5517 1921 5595 impietatis
1954 5523 2147 5582 imitati

594 5622 738 5670 sunt.
772 5615 861 5670 Sic
889 5625 942 5671 et
969 5617 1154 5671 divino
1186 5617 1354 5671 cultui
1384 5626 1467 5673 est
1501 5617 1810 5671 contrarius
1841 5615 2141 5675 daemonum

593 5709 792 5776 cultus,
842 5718 893 5766 et
951 5710 1218 5782 baptismo
1267 5709 1587 5783 baptismus,
1621 5719 1670 5763 et
1720 5711 1842 5779 legi.
1872 5711 2038 5779 leges,
2093 5719 2143 5768 et

2264 4542 2404 4592 rum,
2439 4535 2553 4581 tum
2598 4526 2795 4581 deinde
2826 4525 3085 4600 paulatim
3132 4524 3408 4586 excudens
3438 4533 3492 4579 et
3533 4525 3600 4580 ad
3631 4524 3822 4603 libram

2261 4633 2373 4674 sua
2394 4618 2529 4674 artis
2549 4619 2895 4687 exsculpens,
2913 4617 3183 4686 exprimat
3206 4615 3432 4679 formam
3457 4631 3620 4686 quam
3644 4623 3822 4672 mente

2259 4710 2589 4780 conceperit.
2619 4708 2696 4766 Ita
2724 4724 2853 4778 ergo
2875 4724 2936 4766 ex
2969 4708 3305 4770 informitate
3334 4708 3416 4763 vel
3447 4707 3816 4766 deformitate.

2258 4800 2480 4854 artificis
2512 4814 2674 4854 manu
2705 4799 3019 4868 pervenitur
3060 4799 3126 4865 ad
3158 4799 3410 4863 formam,
3441 4807 3493 4853 et
3526 4810 3820 4868 utrumque

2257 4889 2324 4950 ab
2364 4889 2568 4952 artifice
2615 4887 2894 4956 procedit;
2927 4887 3089 4941 simili
3133 4887 3301 4960 igitur
3330 4887 3491 4941 modo
3519 4897 3574 4942 et
3609 4904 3673 4942 ea
3701 4903 3821 4958 qua

2256 4977 2311 5039 in
2342 4978 2545 5041 mundo
2573 4985 2856 5048 geruntur,
2878 4991 2972 5049 per
2993 4975 3218 5040 artificis
3236 4975 3628 5045 providentiam
3659 4975 3812 5037 fiunt,

2252 5069 2465 5124 etiamsi
2496 5069 2676 5123 minus
2705 5067 2954 5124 ordinata
2985 5067 3292 5121 videantur.
3323 5063 3388 5118 Et
3418 5065 3538 5120 ideo
3560 5067 3686 5135 quia
3716 5069 3814 5123 tibi

2250 5163 2371 5217 dua
2401 5162 2517 5216 ista
2549 5161 2901 5225 innotuerunt
2945 5159 3064 5222 via,
3095 5173 3392 5227 earumque
3435 5158 3692 5226 accepisti
3724 5159 3810 5212 di-

2250 5251 2508 5312 visiones,
2542 5249 2663 5321 fuge
2702 5248 3036 5303 infidelitatis
3078 5247 3246 5311 viam,
3277 5262 3345 5302 ne
3375 5245 3514 5301 forte
3545 5247 3811 5316 perducat

2249 5351 2303 5398 te
2330 5343 2398 5398 ad
2429 5342 2578 5396 illum
2610 5341 2908 5412 principem
2935 5341 3030 5410 qui
3061 5338 3221 5395 malis
3243 5339 3462 5408 gaudet,
3494 5351 3722 5409 sequere
3756 5343 3811 5394 ti-

2249 5431 2528 5496 deivviam,
2561 5444 2618 5488 ut
2655 5436 2938 5501 pervenire
2982 5433 3162 5503 possis
3213 5431 3284 5486 ad
3325 5447 3503 5503 regem
3536 5432 3684 5488 illum
3708 5434 3805 5504 qui

2247 5528 2404 5588 bonis
2432 5527 2743 5582 hominibus
2770 5527 2985 5598 gaudet.

2313 5617 2422 5674 LV.
2462 5618 2542 5672 Ad
2592 5619 2706 5671 hac
2759 5633 2924 5672 senex
2978 5614 3256 5686 respondit
3299 5634 3311 5670 :
3359 5615 3470 5676 Cur
3517 5623 3694 5668 autem
3748 5626 3804 5670 et

2247 5712 2494 5785 princeps
2525 5711 2613 5766 ille
2640 5711 2731 5782 qui
2765 5711 2920 5789 malis
2959 5708 3156 5779 gaudet
3203 5705 3378 5762 factus
3422 5718 3523 5770 est,
3563 5719 3613 5764 et
3661 5712 3802 5763 unde
