4078 6336
163 398 297 454 159⁸1

1361 365 1950 428 RECOGNITIONUM.
1989 393 2055 402 -—-
2094 360 2222 416 LIB.
2257 359 2395 413 Vill.

3270 349 3408 403 1593

162 515 335 569 fartus
359 518 442 565 est
471 515 566 562 aut
597 522 703 562 non
731 512 817 559 est
848 501 1064 557 factus?
1112 494 1306 566 Aquila
1336 493 1411 545 ait
1444 510 1457 544 :
1488 489 1726 542 Alterius
1756 491 1801 547 Α
1831 483 1962 545 sint,
1985 495 2092 533 non
2124 482 2356 546 possunt
2387 483 2565 528 tamen
2594 469 2810 569 flectere
2841 481 2926 522 me
2954 472 3013 567 ut
3042 462 3261 560 credam

161 604 416 673 temporis
444 610 529 657 est
563 601 666 655 iste
694 602 994 662 tractatus;
1023 604 1213 645 verum
1240 602 1309 640 ne
1338 598 1532 652 expers
1566 581 1727 634 abeas

159 697 323 752 etiam
355 695 517 760 hujus
545 687 944 761 responsionis,
972 697 1144 755 pauca
1169 680 1265 733 tibi
1291 678 1357 732 de
1382 678 1485 730 hoc
1514 687 1730 744 quoque

161 786 470 841 insinuabo.
505 781 773 837 Praescius
814 776 1058 832 omnium
1110 771 1252 826 Deus
1299 776 1423 820 ante
1457 763 1730 819 constitu-

160 879 362 932 tionem
389 874 596 938 mundi,
624 873 808 929 sciens
832 868 960 938 quia
985 863 1154 920 futuri
1186 859 1455 919 homines,
1483 854 1572 908 alii
1617 852 1733 922 qui-

154 968 286 1024 dem
330 969 398 1022 ad
449 967 610 1027 bona,
649 965 742 1017 alii
772 976 904 1017 vero
935 959 1002 1012 ad
1033 955 1310 1012 contraria
1353 947 1729 1007 declinabunt,

161 1078 255 1118 eos
287 1062 381 1132 qui
401 1061 543 1115 bona
569 1057 853 1128 elegerint,
877 1069 977 1108 suo
1013 1046 1342 1122 principatui
1367 1051 1421 1099 et
1451 1058 1564 1096 sua:
1588 1056 1733 1094 cura:

162 1155 390 1212 sociavit
425 1161 585 1222 atque
614 1148 988 1204 hzereditatem
1033 1141 1138 1198 sibi
1172 1156 1268 1195 eos
1317 1135 1594 1208 propriam
1636 1146 1736 1184 no-

159 1246 388 1302 minavit
408 1245 486 1311 “;
515 1257 611 1298 eos
640 1255 768 1296 vero
794 1239 885 1309 qui
905 1236 970 1290 ad
988 1235 1126 1289 mala
1150 1227 1496 1291 declinarint,
1529 1222 1735 1292 angelis

161 1336 428 1410 regendos
471 1335 716 1407 permisit
747 1333 834 1387 his
894 1329 987 1400 qui
1032 1342 1142 1382 non
1187 1339 1284 1394 per
1328 1316 1690 1376 substantiam
1719 1351 1735 1378 ,

159 1409 256 1488 sed
310 1445 409 1500 per
447 1427 765 1499 oppositum
794 1438 920 1478 cum
951 1420 1063 1498 Deo
1102 1426 1421 1489 permanere
1445 1409 1742 1465 noluerunt

160 1521 381 1578 invidiae
422 1528 476 1576 et
521 1516 796 1589 superbiae
835 1513 969 1579 vitio
1016 1509 1296 1578 corrupti;
1357 1504 1553 1573 dignos
1610 1514 1743 1569 ergo

159 1615 454 1685 dignorum
482 1611 757 1681 principes
786 1607 934 1662 fecit.
962 1602 1040 1658 lta
1073 1611 1258 1655 tamen
1289 1613 1383 1653 eos
1414 1592 1744 1662 tradidit,{ut

159 1684 274 1758 non
294 1703 534 1758 habeant
559 1703 887 1770 potestatem
915 1693 972 1748 in
991 1708 1088 1749 eos
1113 1688 1347 1746 faciendi
1368 1685 1510 1757 quod
1532 1684 1742 1747 volunt,

160 1796 274 1850 nisi
324 1800 591 1850 statutum
643 1789 750 1845 sibi
795 1789 864 1843 ab
908 1785 1067 1842 initio
1112 1781 1407 1837 terminum
1443 1783 1743 1832 transeant.

1827 568 2032 637 aliquid
2067 581 2227 636 posse
2256 573 2409 619 extra
2436 562 2701 633 genesim.
2737 556 2864 612 Scio
2891 556 3035 610 enim
3070 551 3250 608 omnia
3276 548 3408 603 mihi

1830 659 2156 713 necessitate
2200 655 2416 725 genesis
2462 649 2823 707 accidisse.et
2867 649 2991 702 ideo
3024 647 3247 704 suaderi
3274 643 3410 699 mihi

1831 765 1941 803 non
1990 756 2189 819 potest,
2220 747 2348 815 quia
2379 744 2464 798 vel
2502 744 2640 797 bene
2671 740 2757 795 vel
2783 741 2924 794 male
2951 755 3112 808 agere
3139 739 3191 791 in
3226 745 3413 791 nostra

1833 845 2099 908 potestate
2125 838 2229 901 sit;
2276 843 2328 888 et
2379 833 2426 888 si
2476 838 2632 886 actus
2671 841 2891 885 nostros
2921 830 2975 883 in
3001 835 3274 897 poteState
3303 840 3412 879 neu

1834 930 2120 991 habemus,
2173 942 2279 980 non
2321 930 2499 994 pctcst
2529 922 2678 976 credi
2715 921 2954 975 futurum
2981 917 3414 988 essejudicium,

1834 1035 1932 1090 per
1961 1019 2104 1089 quod
2131 1018 2215 1072 vel
2243 1017 2401 1070 malis
2429 1029 2602 1085 pmnze
2623 1014 2706 1069 vel
2723 1013 2881 1068 bonis
2913 1010 3133 1082 prze'mia
3165 1008 3416 1061 tribuan-

1837 1125 1944 1169 tur.
1970 1113 2210 1182 Denique
2233 1111 2490 1181 quoniam
2522 1117 2575 1163 te
2600 1108 2865 1165 imbutum
2893 1104 3051 1159 video
3084 1104 3137 1156 in
3161 1102 3418 1172 hujusce-

1838 1205 1982 1260 modi
2015 1202 2344 1273 disciplinis,
2383 1216 2556 1270 pauca
2586 1201 2684 1254 tibi
2715 1215 2780 1254 ex
2817 1199 2932 1267 ipsa
2975 1205 3091 1250 arte
3120 1194 3413 1265 proferam.

1840 1298 1921 1364 Si,
1955 1299 2132 1368 inquit
2158 1298 2374 1366 Aquila,
2405 1311 2472 1351 ex
2523 1295 2640 1365 ipsa
2690 1291 2977 1361 disciplina
3017 1299 3265 1344 astruere
3313 1288 3417 1342 ali-

1840 1388 1971 1459 quid
1995 1387 2172 1457 cupis,
2205 1388 2372 1440 frater
2403 1399 2555 1438 meus
2584 1382 2837 1438 Clemens
2870 1378 2964 1433 tibi
2989 1375 3304 1446 diligentius
3333 1391 3423 1429 rc-

1843 1479 2151 1552 spondebit,
2183 1478 2275 1549 qui
2326 1477 2541 1547 plenius
2586 1473 2871 1529 scientiam
2913 1468 3176 1524 mathesis
3207 1466 3418 1536 attigit;

1842 1587 1942 1643 ego
1975 1572 2119 1627 enim
2149 1570 2268 1624 aliis
2297 1568 2402 1624 viis
2428 1580 2676 1623 asserere
2707 1577 2952 1634 possum,
2973 1559 3117 1630 quod
3143 1566 3298 1613 actus
3325 1572 3422 1612 no-

1847 1669 1946 1723 stri
1987 1667 2040 1720 in
2074 1672 2263 1743 nostra
2303 1661 2415 1717 sint
2442 1661 2607 1731 positi
2639 1665 2926 1730 potestate,
2960 1653 3063 1709 ista
3093 1661 3274 1717 autem
3304 1667 3425 1722 quae

1847 1778 1956 1817 non
1979 1759 2168 1822 didici,
2201 1770 2533 1827 praesumere
2561 1771 2671 1809 non
2701 1753 2894 1809 debeo.

161 1884 267 1939 Hie
291 1891 380 1939 est
409 1891 588 1936 autem
624 1885 866 1935 statutus
896 1874 1188 1935 terminus,
1221 1876 1280 1924 nt
1304 1866 1410 1922 nisi
1434 1866 1558 1936 quis
1595 1864 1746 1934 prius
1778 1852 1820 1906 Β
1917 1872 2098 1928 Lvm.
2142 1870 2278 1926 Cum
2330 1871 2445 1926 tunc
2490 1867 2686 1939 Aquila
2713 1867 2962 1932 dixisset,
2994 1882 3096 1937 ego
3126 1865 3380 1922 Clemens
3410 1882 3424 1918 :

162 1972 362 2028 fecerit
388 1971 695 2027 daemonum
726 1967 1086 2027 voluntatem,
1132 1959 1408 2015 daemones
1454 1957 1511 2008 in
1541 1968 1606 2008 eo
1640 1967 1745 2005 non

162 2064 414 2120 habeant
439 2068 788 2132 potestatem.

233 2156 374 2213 LVI.
417 2155 482 2209 Et
511 2168 675 2210 senex
707 2153 783 2206 ait
819 2169 831 2206 :
868 2147 1153 2220 Magniﬁce
1177 2152 1501 2218 prosecutus
1527 2158 1608 2205 es,
1639 2139 1746 2206 tili;

163 2255 422 2320 superest
456 2260 601 2300 nunc
633 2250 693 2297 ut
727 2242 878 2297 dicas
916 2238 1057 2294 unde
1105 2245 1191 2294 est
1231 2234 1542 2293 substantia
1587 2230 1748 2295 mali;

164 2342 214 2396 si
256 2340 404 2395 enim
457 2352 487 2390 a
539 2334 648 2389 Deo
693 2333 836 2388 facta
878 2338 979 2396 est,
1017 2329 1231 2384 fructus
1283 2327 1459 2381 malus
1512 2323 1750 2377 radicem

165 2430 498 2502 culpabilem
525 2428 704 2492 docet,
735 2426 954 2479 videtur
985 2423 1130 2478 enim
1165 2430 1218 2474 et
1265 2421 1382 2490 ipsa
1412 2418 1567 2472 mala:
1595 2423 1750 2469 natu.

165 2538 245 2578 rae
276 2539 288 2575 :
325 2520 373 2574 si
404 2534 534 2573 vero
564 2523 833 2571 coaeterna
864 2511 967 2566 fuit
995 2511 1109 2565 haec
1134 2505 1438 2564 substantia
1465 2506 1593 2571 Deo,
1615 2520 1753 2573 quo-

167 2611 338 2667 modo
366 2614 544 2680 potest
574 2605 718 2678 quod
749 2604 1034 2674 aequaliter
1085 2599 1382 2670 ingenitum
1429 2604 1483 2650 et
1530 2603 1756 2649 comter-

168 2718 307 2758 num
349 2707 455 2764 est,
487 2698 643 2753 alteri
691 2711 814 2752 esse
857 2691 1204 2763 subjectum?
1232 2688 1351 2744 Non
1384 2701 1599 2757 semper
1631 2684 1754 2752 fuit,

169 2796 357 2867 inquit
391 2793 622 2864 Aquila;
665 2791 759 2845 sed
793 2804 968 2859 neque
1000 2787 1045 2843 si
1077 2801 1142 2840 ex
1174 2783 1285 2839 Deo
1315 2781 1457 2836 facta
1491 2789 1594 2843 est,
1627 2796 1757 2834 con-

169 2884 334 2940 tinuo
365 2897 589 2937 necesse
631 2886 716 2934 est
760 2879 924 2932 etiam
955 2874 1293 2930 conditorem
1325 2871 1445 2940 ejus
1473 2871 1636 2924 talem
1672 2870 1757 2922 vi-

171 2976 318 3039 derl,
343 2975 503 3046 quale
547 2980 631 3028 est
676 2968 808 3025 illud
857 2970 1003 3039 quod
1051 2968 1122 3022 ab
1163 2982 1228 3022 eo
1259 2965 1459 3019 factum
1490 2971 1594 3019 est.
1625 2962 1760 3016 Nam

175 3063 520 3118 substantias
549 3058 769 3128 quidem
803 3055 946 3111 Deus
997 3054 1126 3110 fecit
1158 3053 1423 3117 omnium,
1458 3053 1552 3106 sed
1590 3053 1634 3106 si
1672 3066 1762 3104 ra-

173 3150 458 3208 tionabilis
499 3165 652 3205 mens
699 3163 819 3218 qua:
869 3161 899 3199 a
941 3146 1049 3201 Deo
1095 3145 1239 3199 facta
1285 3151 1388 3208 est,
1419 3158 1759 3213 nequaquam

173 3242 484 3298 conditoris
512 3241 597 3296 sui
622 3240 832 3308 legibus
862 3236 1184 3306 acquiescit,
1218 3243 1271 3290 et
1297 3235 1516 3289 modum
1548 3243 1764 3289 statutae

174 3335 284 3390 sibi
333 3332 709 3401 temperantiae
751 3330 998 3393 excedit,
1034 3328 1164 3399 quid
1198 3329 1299 3382 hoc
1327 3326 1394 3379 ad
1430 3326 1766 3380 conditorem

178 3425 435 3496 spectat?
463 3422 558 3478 Vel
589 3425 634 3479 si
662 3424 843 3494 aliqua
885 3430 969 3478 est
1015 3422 1156 3475 ratio
1188 3421 1302 3473 haec
1350 3420 1601 3488 superior
1630 3418 1764 3488 (78),

178 3519 537 3589 ignoramus;
570 3530 748 3585 neque
778 3515 922 3569 enim
971 3512 1038 3567 de
1083 3511 1314 3581 singulis
1359 3509 1425 3562 ad
1469 3509 1767 3578 perfectum

179 3608 331 3662 scire
355 3621 671 3677 possumus,
703 3613 756 3660 et
785 3604 850 3659 de
879 3603 966 3657 his
997 3602 1268 3671 praecipue
1313 3615 1412 3670 pro
1441 3600 1639 3670 quibus
1660 3615 1769 3652 non

180 3713 382 3756 sumus
403 3697 706 3766 judicandi,
738 3709 838 3749 cur
882 3695 1215 3763 ignoremus.
1240 3689 1316 3744 Ea
1345 3706 1474 3745 vero
1504 3705 1601 3760 pro
1647 3690 1765 3758 qui-

180 3792 291 3846 bus
321 3788 606 3860 judicandi
636 3801 850 3848 sumus,
887 3783 1146 3837 facillima
1191 3790 1321 3836 sunt
1353 3781 1417 3833 ad
1465 3780 1771 3849 intelligen-

182 3882 345 3944 dum,
377 3888 430 3935 et
481 3895 621 3950 pene
673 3893 783 3931 uno
837 3889 1090 3930 sermone
1155 3873 1532 3927 absolvuntur.
1581 3870 1771 3926 Omnis

181 3973 337 4028 enim
371 3969 763 4041 prepemodum
791 3975 1010 4020 actuum
1045 3972 1356 4019 nostrorum
1377 3963 1431 4016 in
1463 3977 1529 4017 eo
1559 3962 1769 4032 colligi-

185 4073 279 4118 tur
315 4060 692 4123 observantia,
724 4067 784 4112 ut
812 4056 959 4128 quod
984 4056 1086 4126 ipsi
1118 4055 1228 4126 pati
1264 4055 1539 4121 nolumus,
1573 4069 1641 4107 ne
1669 4054 1772 4107 hoc

187 4155 318 4210 aliis
349 4151 688 4217 inferamus;
719 4150 863 4203 sicut
893 4147 1038 4202 enim
1068 4147 1184 4216 ipse
1215 4146 1390 4201 occidi
1416 4160 1526 4199 non
1556 4145 1657 4209 vis,
1679 4159 1773 4198 ca-

185 4258 324 4298 veas
372 4248 587 4310 oportet
634 4255 702 4293 ne
755 4238 922 4292 alium
964 4236 1283 4300 occidas;et
1313 4236 1454 4288 sicut
1482 4242 1633 4288 tuum
1663 4250 1772 4288 non

185 4335 278 4392 vis
309 4334 506 4389 violari
536 4330 971 4394 matrimonium,
1003 4343 1106 4382 nec
1157 4335 1214 4381 tu
1262 4325 1486 4381 alterius
1531 4327 1772 4380 macules

189 4439 406 4492 torum;
435 4425 642 4480 furtum
675 4424 786 4494 pati
817 4437 926 4477 non
952 4421 1058 4485 vis,
1100 4434 1202 4475 nec
1229 4420 1346 4490 ipse
1374 4419 1576 4484 facias;
1608 4427 1661 4474 et
1692 4420 1774 4472 in-

1847 1953 2126 2029 Crastino,
2159 1966 2403 2034 inquam,
2435 1962 2610 2028 dices,
2642 1961 2828 2027 Pater,
2860 1971 2919 2015 ut
2947 1961 3120 2016 voles.
3152 1967 3206 2014 et
3239 1957 3426 2013 audie-

1849 2075 1973 2117 mus
2001 2061 2257 2123 libenter,
2287 2073 2409 2112 nam
2439 2066 2492 2111 et
2513 2067 2563 2111 te
2593 2065 2726 2127 puto
2749 2064 2897 2124 grate
2929 2054 3259 2117 habiturum,
3282 2051 3428 2123 quod

1851 2169 1975 2207 cum
2006 2153 2093 2207 bis
2121 2152 2219 2206 tibi
2248 2150 2350 2206 erit
2380 2165 2585 2213 sermo,
2619 2151 2711 2219 qui
2741 2157 2989 2217 expertes
3013 2163 3123 2201 non
3156 2153 3284 2200 sunt
3311 2145 3431 2215 ejus

1852 2260 2016 2314 quam
2043 2242 2338 2313 protuleris
2367 2242 2693 2311 disciplinae.
2714 2238 2850 2294 Cum
2879 2254 3009 2308 ergo
3036 2237 3329 2308 placuisset
3351 2239 3435 2292 in-

1854 2345 1936 2392 ter
1971 2353 2058 2392 me
2082 2344 2137 2391 et
2173 2352 2384 2398 senem,
2415 2343 2476 2388 ut
2518 2333 2766 2404 sequenti
2809 2331 2896 2386 die
2926 2331 3229 2401 disputatio
3276 2330 3432 2385 nobis

1856 2429 1924 2482 de
1971 2430 2184 2482 ratione
2225 2427 2443 2497 genesis
2495 2425 2810 2489 haberetur,
2841 2434 3027 2476 utrum
3070 2423 3252 2476 omnia
3275 2437 3340 2475 ex
3370 2436 3435 2476 ea

1857 2520 2070 2582 ﬁerent,
2103 2535 2169 2572 an
2199 2527 2346 2573 esset
2372 2516 2578 2586 aliquid
2611 2516 2666 2569 in
2698 2515 2877 2577 nobis,
2909 2515 3054 2584 quod
3088 2530 3196 2568 non
3221 2515 3437 2584 genesis

1859 2609 1953 2662 sed
1983 2609 2148 2661 animi
2176 2607 2446 2676 judicium
2479 2613 2710 2676 gereret,
2744 2605 2940 2659 Petrus
2973 2605 3213 2660 surrexit
3243 2612 3297 2658 et
3322 2618 3439 2658 ser-

1859 2715 2090 2755 monem.
2114 2685 2292 2754 facere
2339 2699 2442 2753 hoc
2497 2698 2660 2752 modo
2699 2699 2900 2766 cmpit:
2935 2697 3128 2750 Mirum
3161 2697 3292 2750 mihi
3344 2697 3441 2750 ad-

1861 2791 2082 2846 modum
2115 2801 2219 2854 est,
2246 2791 2392 2860 quod
2425 2806 2513 2846 res
2548 2807 2667 2861 qua:
2700 2789 2859 2845 facile
2909 2789 3140 2842 inveniri
3191 2798 3438 2856 possunt,

1863 2882 2113 2936 homines
2142 2883 2433 2950 exquisitis
2466 2882 2894 2951 cogitationibus
2933 2896 2998 2933 ac
3028 2880 3210 2934 verbis
3251 2864 3442 2933 diffici-

1862 2973 1947 3028 les
1971 2972 2197 3037 faciunt,
2233 2976 2286 3025 ct
2317 2973 2368 3025 hi
2399 2974 2634 3026 maxime
2664 2972 2758 3041 qui
2800 2971 3053 3024 videntur
3083 2970 3188 3024 sibi
3228 2969 3444 3038 sapien-

1863 3073 1969 3127 tes,
1989 3067 2191 3135 quique
2218 3066 2456 3119 volentes
2489 3063 2582 3117 Dei
2607 3064 2937 3117 voluntatem
2963 3060 3443 3130 comprehendere,

1866 3159 2020 3227 quasi
2049 3157 2269 3211 homine
2303 3165 2528 3209 utuntur
2567 3154 2697 3221 Deo,
2730 3156 2838 3208 imo
2884 3161 2936 3208 et
2971 3155 3016 3209 si
3048 3154 3181 3223 quid
3227 3153 3443 3214 minus;

1868 3265 1992 3304 nam
2028 3248 2266 3302 hominis
2299 3248 2588 3302 consilium
2618 3248 2703 3301 vel
2734 3262 2954 3301 sensum
2987 3247 3126 3300 scire
3162 3261 3322 3299 nemo
3351 3260 3448 3314 po-

1868 3349 1995 3404 test,
2029 3341 2134 3394 nisi
2172 3341 2286 3408 ipse
2320 3340 2514 3409 prodat
2542 3340 2633 3407 qui
2661 3339 2999 3407 cogitaverit,
3033 3337 3127 3392 sed
3160 3352 3336 3406 neque
3359 3352 3448 3390 ar-

1868 3436 1976 3480 tem
2009 3425 2134 3495 quis
2165 3426 2375 3479 discere
2410 3435 2610 3494 potest,
2660 3426 2765 3479 nisi
2798 3426 2967 3478 multo
3000 3433 3240 3495 tempore
3270 3440 3297 3477 a
3335 3441 3449 3478 ma-

1869 3514 2041 3584 gistro
2088 3515 2252 3570 fuerit
2285 3518 2558 3584 imbutus;
2599 3526 2807 3590 quanto
2849 3519 3022 3588 magis
3071 3519 3356 3590 invisibilis
3397 3527 3450 3572 et

1870 3606 2440 3676 incomprehensibilis
2485 3608 2578 3662 Dei
2617 3625 2794 3680 neque
2824 3625 3046 3664 sensum
3094 3627 3271 3680 neque
3312 3628 3450 3679 Opus

1872 3696 2013 3748 scire
2054 3696 2178 3764 quis
2209 3704 2408 3766 potest,
2455 3699 2560 3754 nisi
2612 3699 2728 3768 ipse
2777 3702 2955 3755 mittat
2985 3693 3323 3770 prophetam,
3357 3706 3448 3772 qui

1872 3791 2089 3837 enarret
2118 3786 2410 3839 consilium
2436 3803 2596 3841 suum
2640 3797 2693 3842 et
2736 3789 2881 3846 viam
2913 3791 3244 3846 conditionis
3277 3809 3449 3862 expc»

1873 3879 1986 3935 nat,
2033 3872 2088 3926 in
2135 3881 2400 3942 quantum
2447 3875 2658 3930 discere
2698 3877 3013 3934 hominibus
3046 3878 3126 3936 fas
3166 3889 3267 3934 est.
3302 3879 3453 3934 Unde

1874 3963 2165 4020 ridiculum
2197 3975 2348 4036 puto,
2383 3981 2506 4020 cum
2536 3969 2878 4023 naturalibus
2903 3970 3006 4023 viis
3039 3972 3103 4025 de
3131 3972 3334 4026 virtute
3359 3971 3449 4025 Dei

1875 4053 2121 4110 homines
2159 4057 2431 4124 judicant,
2467 4067 2520 4111 et
2565 4065 2759 4127 putant
2809 4059 2912 4113 hoc
2966 4062 3182 4130 quidem
3228 4063 3279 4116 ei
3329 4079 3452 4117 esse

1875 4147 2156 4215 possibile,
2190 4149 2322 4202 illud
2353 4165 2480 4204 vero
2510 4151 2864 4219 impossibile,
2894 4160 2988 4206 aut
3020 4154 3122 4208 hoc
3148 4155 3348 4222 majus,
3391 4157 3455 4208 il-

1875 4235 1969 4288 lud
2013 4237 2217 4301 minus,
2249 4239 2422 4308 ignari
2454 4240 2719 4304 omnium,
2752 4243 2846 4311 qui
2888 4257 3011 4296 cum
3054 4243 3164 4297 sint
3206 4244 3454 4300 homines

1876 4329 2086 4397 injusti,
2135 4329 2386 4399 judicant
2433 4330 2603 4385 Deum
2647 4332 2879 4401 justum,
2915 4332 3185 4388 artiﬁcem
3235 4336 3455 4404 imperi-

1876 4418 1915 4471 ti
1948 4419 2084 4489 (79),
2113 4420 2580 4489 incorruptibilem
2621 4423 2886 4492 corrupti,
2925 4422 3134 4477 factura
3169 4423 3452 4480 factorem.

190 4527 282 4574 tra
331 4518 473 4573 hanc
519 4515 761 4586 regulam
816 4526 1180 4568 humanorum
1225 4520 1502 4582 gestorum
1561 4510 1774 4581 singula
1805 4528 1848 4581 ι)
1949 4507 2084 4564 LIX.
2127 4508 2193 4563 Et
2215 4512 2342 4565 nolo
2366 4514 2584 4581 putetis,
2617 4513 2746 4583 quia
2791 4513 2905 4568 haec
2943 4514 3132 4571 dicens
3172 4514 3451 4583 judicandi

193 4623 428 4683 quaeque
450 4614 810 4673 concurrunt.

269 4699 428 4766 LYll.
470 4696 609 4753 Tum
640 4712 804 4752 senex
841 4715 855 4750 :
885 4694 964 4751 Ne
1000 4711 1160 4766 aegre,
1195 4695 1392 4765 inquit,
1424 4695 1680 4764 accipias,
1713 4695 1775 4748 fi-

199 4794 262 4858 li,
292 4793 441 4865 q’uod
461 4792 709 4847 dicturus
733 4804 886 4854 sum;
918 4802 1202 4843 sermones
1228 4787 1306 4840 tui
1334 4786 1584 4857 quamvis
1611 4786 1777 4841 validi

307 4930 353 4961 ‘°
381 4927 539 4983 Deut.
565 4941 737 4991 xxxn,
766 4925 798 4979 8
827 4925 882 4977 in
905 4921 1078 4978 LXX.

1875 4600 1942 4656 de
1972 4603 2135 4658 rebus
2167 4605 2374 4673 perime
2403 4604 2738 4671 facultatem,
2782 4607 2878 4662 sed
2929 4608 3219 4662 consilium
3264 4607 3334 4661 do
3386 4625 3456 4662 ne

1875 4713 1973 4768 per
2008 4699 2162 4754 devia
2195 4700 2317 4768 quis
2348 4700 2633 4763 incedens,
2662 4701 2780 4755 sine
2811 4699 2918 4755 fine
2947 4701 3193 4756 incurrat
3215 4715 3449 4755 errores.

1877 4789 1944 4843 Et
1971 4790 2092 4847 ideo
2121 4807 2233 4848 non
2261 4793 2436 4849 solum
2470 4793 2829 4865 sapientibus,
2863 4793 2958 4849 sed
2988 4801 3043 4848 et
3073 4795 3326 4851 omnibus
3355 4794 3455 4849 ho-

1497 5057 1858 5115 COTELERII
1897 5062 2118 5119 NOTAE.

285 5207 387 5282 ΠΒ)
437 5203 528 5258 γει
550 5205 596 5257 si
625 5203 802 5282 eliqua
833 5199 1074 5282 est‘ratt'o
1104 5198 1204 5282 hac
1230 5194 1636 5282 superior.Vide'
1679 5196 1779 5282 flo-

202 5267 556 5336 telerfnotas
589 5273 655 5326 ad
697 5267 1143 5327 Clementinorum
1175 5270 1323 5321 hom.
1357 5281 1654 5331 xix,-num.
1687 5267 1772 5333 ιε,

201 5352 360 5406 Patr.
385 5347 476 5401 Gr.
527 5351 569 5398 t.
598 5342 658 5397 ll.
694 5341 851 5395 Enn‘.

274 5439 394 5511 (79),
432 5433 811 5511 Quicumsint
834 5429 1064 5511 homines
1088 5428 1294 5497 injusti,
1321 5435 1426 5508 etc:
1456 5425 1574 5511 Η.υο
1605 5427 1770 5511 ρςτιὶφ

203 5496 298 5565 net
344 5496 476 5562 illud
520 5503 985 5558 Tertullianeum:
1023 5496 1234 5564 Quanto
1282 5498 1446 5566 magis
1492 5496 1582 5548 hos
1628 5498 1775 5566 Ana-

205 5580 410 5633 charsis
442 5575 760 5632 denotasset,
785 5569 1136 5638 imprudentes
1170 5567 1232 5620 de
1258 5565 1604 5638 prudentibus
1622 5565 1772 5638 judi-

97 5667 106 5671 ·
203 5658 409 5710 cantes,
439 5661 596 5715 quam
624 5636 924 5715 immusicos
946 5640 1016 5715 de
1036 5637 1269 5715 musicis.
1290 5636 1621 5715 Apologetiei
1639 5651 1685 5689 c.
1717 5636 1767 5715 in.

208 5735 279 5773 ex.
306 5704 463 5773 dicto.
485 5716 604 5783 ejus
640 5708 1016 5783 Scythaeapud
1047 5704 1358 5783 Laeuium}
1380 5704 1676 5783 Θαύμάζεξν
1715 5704 1771 5754 δὲ

208 5789 311 5856 ιφη
347 5775 640 5850 mag-aiam
672 5775 779 5844 τὸἰς
810 5775 1056 5848 Ἕλλησιν
1089 5776 1446 5846 ἀγωνίζονται
1475 5776 1568 5844 μὲν
1601 5775 1664 5828 oi.
1687 5791 1769 5827 τε.-

1881 5207 2088 5286 χγῖταικ
2131 5205 2372 5286 κμρίγουσι
2405 5207 2542 5286 δὲ’-οἱ
2580 5211 2939 5286 μὴ-τεχνῖταξ.
2978 5206 3215 5286 Etapud
3241 5205 3455 5286 Plutar-

1881 5275 2042 5328 chum
2076 5277 2140 5349 in,
2163 5275 2362 5349 Solone
2404 5275 2590 5349 ;“Ἐφη’
2622 5275 2839 5331 ἡὰκὲῖνο
2892 5275 3190 5349 Octauiqu
3236 5281 3262 5329 ὁ
3311 5277 3456 5349 Ἀνά-

1880 5361 2093 5414 χαρσις,
2130 5347 2393 5467 ὲκκλἏσίᾳ
2431 5347 2895 5419 παρὰγενὸμενος,
2920 5350 3001 5400 ὅτι
3033 5348 3245 5414 λέγουσι
3280 5347 3375 5416 μὲν
3403 5350 3452 5399 οἱ

1882 5414 2032 5467 σοφοὶ
2067 5418 2280 5467 παρ”Έ
2316 5417 2459 5467 hat-
2497 5420 2739 5467 κρίνουσι
2791 5419 2848 5467 δὲ
2897 5421 2945 5467 οἱ
2988 5417 3235 5467 ἀααθέῖς.
3288 5416 3452 5467 Recta

1882 5414 2032 5495 foe-p.01
2067 5414 2460 5495 753911311135
2497 5414 2739 5495 ἑρίὺορσί
2885 5414 3235 5495 νοίᾼάμαθέῖςτ
3281 5414 3457 5472 Recto

1877 5481 2056 5566 Julius
2081 5481 2689 5566 Firmicus'lih._l,_c.lf2
2724 5507 2736 5542 :
2777 5487 2970 5566 Iniuin
2995 5481 3116 5566 sunt
3146 5489 3285 5566 enint
3321 5503 3455 5566 sein:

1877 5568 1967 5619 per
2015 5557 2191 5634 (sicut
2234 5559 2513 5634 nouimus).
2549 5559 2779 5634 judices,
2809 5561 2900 5634 qui
2933 5559 2995 5611 de
3029 5558 3311 5634 incognitis
3350 5557 3453 5610 sibi

1877 5626 2223 5689 pronuntiant
2255 5627 2425 5683 rebus.
2461 5626 2584 5681 Non
2615 5626 2989 5681 habent’ctiam
3029 5626 3312 5693 judicandi
3359 5642 3456 5678 an-

1879 5694 2199 5776 ctoritateni,
2230 5701 2318 5776 qui
2341 5698 2766 5776 adstatuendum
2793 5698 2994 5768 aliquid
3023 5698 3262 5765 imperita
3292 5697 3453 5751 fictu-

1883 5769 1955 5817 tia
1985 5769 2292 5822 temeritatis
2320 5769 2670 5822 adducimtur.
