4078 6336
646 405 781 461 15ῦ9

1561 400 1611 452 S.
1656 397 2049 452 CLEMENTIS
2087 396 2297 452 IROM.
2343 393 2542 450 PONT.
2586 393 2811 449 OPERA
2851 393 3072 454 DUBIA.

3771 391 3789 442 1
3805 390 3905 442 ιυο

641 525 876 578 minibus
923 521 1016 588 qui
1061 517 1390 571 desiderium
1443 523 1634 584 gerunt
1689 513 2020 582 agnoscendi
2072 512 2216 582 quod
2247 519 2293 573 Α
2323 525 2470 563 mum
2502 509 2652 562 credi
2684 510 2766 564 eis
2795 509 2862 564 de
2896 510 3153 563 omnibus
3204 507 3405 576 quibus
3449 507 3691 561 dixerint
3723 516 3778 560 et
3817 522 3905 559 re-

639 617 739 669 sibi
772 612 1004 681 expedit,
1038 611 1238 665 suadeo
1267 619 1325 662 ut
1357 609 1633 676 requirant
1659 623 1841 659 verum
1868 605 2215 674 Prophetam,

639 707 762 775 quia
797 706 911 772 ipse
944 703 1092 756 solus
1115 710 1218 762 est,
1250 701 1339 769 qui
1379 699 1526 752 novit
1558 699 1764 762 ontnia,
1789 709 1842 751 et
1870 698 1973 749 scit
2003 696 2132 766 quid
2164 703 2219 749 et

638 795 908 864 quomodo
959 792 1334 860 unusquisque
1382 795 1630 858 quzerat.‘
1670 787 1808 856 Inest
1861 788 2008 840 enim
2067 787 2213 838 intra

642 884 1073 952 uniuscujusque
1109 889 1355 934 nostrum
1396 891 1652 942 mentem,
1707 878 1802 933 sed
1849 878 1902 930 in
1946 878 2054 930 illis
2093 877 2216 945 qui-

638 979 782 1038 dem,
811 976 900 1044 qui
933 973 1264 1028 desiderium
1297 971 1387 1025 Dei
1422 971 1719 1040 agnitionis
1757 977 1810 1022 et
1840 968 2068 1037 justitim
2097 967 2216 1035 ejus

639 1071 844 1124 nullum
864 1074 1082 1140 gerunt,
1113 1067 1336 1126 otiatur,
1371 1064 1422 1116 in
1453 1064 1537 1116 his
1567 1078 1696 1115 vero
1727 1062 1819 1130 qui
1854 1060 1997 1130 quod
2023 1060 2216 1113 animae

637 1180 748 1216 sum
793 1160 1010 1229 expedit
1054 1165 1327 1225 quaerunt,
1359 1164 1617 1224 opz-ratur
1668 1163 1722 1207 et
1766 1154 2008 1207 scientia:
2034 1153 2215 1205 lumen

637 1254 902 1307 accendit.
939 1251 1167 1320 PrOpter
1197 1249 1343 1317 quod
1389 1249 1562 1316 primo
1593 1248 1835 1300 omnium
1866 1247 2010 1299 hunc
2042 1246 2218 1314 requi-

637 1347 757 1404 rite,
789 1343 948 1411 quem
978 1343 1023 1394 si
1057 1356 1161 1392 non
1194 1339 1535 1397 inveneritis.
1571 1337 1640 1391 ab
1673 1339 1779 1390 alio
1809 1353 1906 1390 vos
1932 1338 2215 1406 agnituros

637 1434 838 1502 aliquid
863 1450 968 1485 non
993 1431 1242 1500 speretis.
1276 1429 1556 1484 Invenitur
1584 1437 1764 1482 autem
1790 1429 1900 1481 cito
1922 1429 1989 1482 ab
2020 1428 2104 1481 his
2122 1425 2216 1495 qui

638 1526 880 1580 veritatis
925 1539 1107 1577 amore
1139 1523 1481 1592 perquirunt,
1508 1533 1561 1574 et
1591 1535 1826 1590 quorum
1860 1520 2039 1573 anima
2074 1533 2215 1588 prae-

636 1625 898 1686 occupato
930 1631 1036 1669 non
1072 1622 1289 1668 tenetur
1314 1615 1368 1666 in
1391 1614 1617 1666 malitia.
1644 1612 1810 1666 Adest
1839 1613 1984 1666 enim
2015 1611 2102 1664 his
2121 1610 2214 1681 qui

636 1729 758 1767 eum
810 1713 865 1764 in
917 1711 1232 1764 innocentia
1268 1709 1494 1778 spiritus
1517 1708 1602 1762 sui
1632 1707 1968 1767 desiderant,
1997 1707 2091 1775 qui
2121 1721 2218 1775 per

640 1804 953 1873 patientiam
987 1802 1279 1863 sustinent,
1308 1810 1359 1853 et
1390 1799 1628 1868 suspiria
1678 1798 1746 1851 de
1799 1797 2067 1866 profundo
2093 1810 2216 1849 cor-

2323 599 2644 668 Sponderint
2663 637 2680 662 ,
2715 599 2896 656 debet.

2392 690 2528 746 LXI.
2562 691 2778 746 Etenim
2823 690 3238 746 consideremus
3272 691 3589 761 diligentius
3634 703 3779 757 opus
3824 686 3908 738 di-

2319 786 2458 838 vina:
2487 783 2867 840 Providentim.
2898 782 3032 837 Nam
3064 783 3209 853 quod
3243 783 3552 853 philosophi
3588 782 3911 835 introduxe-

2320 884 2450 929 runt
2489 875 2655 930 verba
2705 876 2928 931 subtilia
2975 875 3224 944 quaedam
3253 883 3306 928 et
3338 875 3577 928 diﬂicilia
3599 914 3615 936 ,
3648 874 3725 926 ita
3755 880 3912 924 utne

2324 968 2440 1037 ipsa
2467 968 2687 1036 quidem
2711 967 2976 1020 vocabula
3003 981 3317 1020 sermonum
3341 973 3468 1019 nota
3493 981 3614 1021 esse
3644 963 3912 1019 omnibus

2319 1070 2542 1128 possent
2572 1069 2624 1114 et
2652 1058 3043 1129 intelligibilia,
3081 1056 3222 1113 Deus
3255 1074 3350 1113 eos
3381 1060 3476 1129 qui
3519 1059 3625 1113 sibi
3661 1058 3913 1110 artiﬁces

2322 1151 2609 1205 verborum
2667 1150 3026 1212 videbantur,
3068 1167 3162 1219 per
3205 1151 3391 1204 omnia
3443 1151 3734 1220 imperitos
3776 1166 3911 1219 erga

2321 1239 2653 1308 agnitionem
2695 1240 2945 1294 veritatis
2979 1237 3239 1294 ostendit.
3279 1239 3522 1309 Simplex
3555 1240 3705 1293 enim
3736 1248 3828 1293 est
3859 1252 3914 1292 ei

2320 1330 2608 1387 manifesta
2644 1346 2706 1384 ac
2730 1331 2913 1385 brevis
2938 1347 3121 1385 rerum
3154 1333 3382 1386 scientia
3402 1372 3418 1394 ,
3453 1345 3572 1402 qua:
3598 1347 3697 1400 per
3719 1347 3910 1385 verum

2320 1422 2635 1492 prophetam
2667 1424 2926 1486 traditur,
2959 1439 3121 1493 quam
3156 1425 3244 1477 isti
3274 1439 3368 1492 per
3397 1422 3553 1477 devia
3587 1422 3912 1477 incedentes

2318 1521 2370 1567 et
2400 1529 2661 1582 scrupeas
2699 1515 2988 1568 verborum
3033 1513 3414 1573 difﬁcultates.
3457 1523 3570 1566 tota
3615 1515 3913 1582 ignorave-

2318 1613 2444 1660 runt
2469 1606 2576 1660 via.
2597 1604 2764 1675 Igitur
2795 1604 3121 1659 verecundis
3147 1613 3201 1658 et
3227 1603 3570 1672 simplicibus
3599 1603 3907 1662 mentibus.

2319 1713 2444 1750 cum
2475 1695 2714 1750 viderint
2758 1695 2873 1750 fieri
2905 1710 3027 1764 quae
3071 1694 3328 1764 praedicta
3366 1701 3529 1753 sunt,
3565 1695 3705 1748 satis
3733 1693 3882 1746 abun
3903 1724 3915 1732 -

2320 1784 2496 1855 deque.
2527 1784 2755 1850 sufficit,
2782 1794 2842 1839 ut
2872 1785 2940 1842 de
2964 1787 3276 1840 certissima
3320 1784 3669 1854 praescientia
3703 1785 3909 1838 certis-

638 1898 722 1948 dis
755 1898 1001 1949 veritatis
1034 1911 1217 1946 amore
1265 1892 1610 1960 producunt;
1664 1889 1802 1957 fugit
1832 1898 2014 1941 autem
2048 1889 2214 1941 malc-

2322 1877 2514 1930 siinam
2547 1876 2836 1931 scientiam
2871 1877 3112 1946 capiant,
3145 1885 3196 1930 et
3226 1876 3292 1930 de
3325 1883 3522 1929 caetero
3555 1875 3914 1943 requiescant

639 1989 788 2038 volas
820 1985 1111 2045 mentes“.
1145 1986 1273 2054 quia
1309 1992 1366 2036 ut
1395 1983 1657 2052 propheta
1693 1981 1976 2050 cognoscit
2009 1981 2215 2050 cogita-

639 2080 813 2131 tiones
842 2077 1296 2145 uniuscujusque.
1337 2074 1399 2127 Et
1432 2074 1553 2127 ideo
1587 2089 1746 2127 nemo
1791 2079 1941 2141 putet
1967 2088 2090 2126 eum
2122 2087 2218 2140 per

642 2169 984 2234 prudentiam
998 2183 1151 2222 suam
1174 2166 1417 2220 invenire
1443 2181 1625 2235 posse,
1648 2164 1782 2227 nisi,
1809 2175 1862 2218 ut
1888 2179 2052 2234 supra
2076 2164 2217 2218 dixi-

641 2278 783 2326 mus,
819 2267 1053 2315 mentem
1086 2275 1238 2314 suam
1261 2261 1407 2313 omni
1434 2258 1671 2326 nequitia
1701 2272 1927 2312 vacuam
1957 2258 2215 2323 ell'ecerit,

637 2363 798 2423 atque
850 2352 1142 2420 agnitionis
1191 2349 1312 2418 ejus
1355 2349 1687 2403 desiderium
1724 2365 1920 2418 purum
1963 2359 2018 2403 et
2062 2349 2217 2406 ﬁdele

637 2445 964 2513 conceperit.
1005 2442 1104 2496 Ubi
1137 2442 1281 2496 enim
1330 2442 1489 2494 talem
1545 2457 1603 2496 se
1653 2442 1776 2510 quis
1806 2443 2214 2512 praeparaverit,

640 2539 754 2606 ipse
784 2541 840 2588 u't
874 2533 1156 2604 propheta,
1175 2533 1366 2587 videns
1387 2542 1744 2602 prmparatam
1767 2541 2004 2588 mentem
2023 2543 2216 2603 sponte

641 2642 697 2681 se
729 2628 948 2681 adhibet
984 2625 1050 2679 ad
1084 2626 1510 2696 agnoscendum.
1576 2676 1579 2679 .

710 2800 819 2856 LX.
853 2800 909 2854 Si
939 2802 1064 2870 quis
1110 2801 1273 2871 igitur
1304 2813 1417 2855 vutt
1460 2803 1642 2854 omnia
1690 2803 1941 2864 discere.
1977 2817 2082 2855 non
2118 2817 2214 2872 per

643 2893 856 2962 singula
902 2892 1242 2958 discutiens;
1295 2909 1472 2962 neque
1515 2893 1660 2946 enim
1707 2895 1942 2961 poterit,
1975 2909 2100 2946 cum
2143 2893 2216 2946 sit

643 2986 886 3040 mortalis
911 3025 925 3048 ,
965 2984 1060 3040 Dei
1109 2986 1439 3056 investigare
1475 2985 1766 3039 consilium
1791 2980 1852 3040 et
1894 2986 2066 3056 ipsam
2111 2986 2216 3038 irr-

645 3078 992 3130 mensitatem
1039 3078 1420 3146 perscrutari:
1465 3077 1559 3132 sed
1607 3078 1650 3131 si
1692 3078 1933 3140 discere,
1973 3087 2030 3131 tit
2069 3077 2213 3132 dixi.

643 3183 796 3230 mus,
828 3167 1008 3220 omnia
1041 3168 1337 3230 desiderat,
1372 3184 1556 3222 verum
1591 3169 1909 3238 prophetam
1942 3170 2205 3238 requirat.

641 3259 810 3322 Quem
836 3274 958 3312 cum
984 3260 1280 3322 invenerit,
1317 3275 1425 3313 non
1452 3260 1848 3328 quastionibus
1879 3268 1932 3314 et
1964 3261 2213 3330 disputa-

644 3350 882 3403 tionibus
931 3365 1104 3418 neque
1158 3350 1492 3420 argumentis
1550 3366 1673 3404 cum
1721 3366 1788 3403 eo
1831 3361 1990 3418 agat,
2028 3351 2124 3405 sed
2167 3351 2214 3406 si

642 3441 770 3509 quid
805 3441 1177 3510 responderit,
1207 3443 1251 3496 si
1285 3441 1413 3512 quid
1453 3442 1891 3510 pronuntiaverit
1914 3483 1928 3505 ,
1958 3442 2060 3496 hoc
2093 3457 2216 3496 cer-

643 3543 756 3586 tuin
809 3549 927 3588 esse
973 3550 1081 3587 non
1131 3542 1309 3603 potest
1358 3534 1620 3588 dubitari.
1668 3533 1732 3588 Et
1777 3534 1900 3588 ideo
1939 3545 2215 3604 quaeratur

646 3641 804 3680 verus
838 3626 1099 3696 prepheta
1146 3635 1273 3680 ante
1298 3627 1480 3680 omnia
1500 3667 1512 3689 ,
1542 3636 1595 3681 et
1624 3626 1744 3695 ejus
1788 3626 1949 3680 verba
1992 3634 2216 3698 tenean-

646 3727 774 3780 tur;
826 3720 880 3772 in
926 3719 1126 3788 quibus
1188 3717 1319 3772 illud
1383 3719 1758 3772 tantummodo
1809 3718 2213 3773 discutiendum

645 3813 938 3882 unicuique
967 3820 1080 3875 est,
1110 3821 1168 3864 ut
1199 3811 1504 3866 satisfaciat
1535 3812 1638 3866 sibi
1671 3814 1718 3866 si
1748 3827 1875 3867 vere
1897 3811 2213 3882 pr0phetica

641 3905 760 3973 ejus
794 3906 954 3960 verba
984 3915 1145 3969 sunt,
1182 3905 1235 3960 id
1269 3913 1388 3968 est,
1420 3906 1464 3960 si
1499 3905 1858 3960 indubitatam
1891 3903 2048 3958 tidem
2076 3918 2211 3956 con-

645 3998 817 4050 tinent
848 3997 1154 4050 futurorum
1178 4037 1193 4060 ,
1217 3997 1266 4052 si
1299 4007 1542 4064 tempora
1588 3995 1812 4050 deﬁnita
1854 3994 2212 4063 consignant,

641 4087 686 4142 si
722 4103 902 4140 rerum
931 4089 1172 4142 ordinem
1201 4094 1452 4149 servant,
1483 4087 1528 4141 si
1561 4102 1670 4140 non
1702 4102 1824 4156 quae
1854 4086 2027 4154 prima
2063 4091 2212 4148 sunt,

643 4180 938 4232 novissima
960 4220 972 4242 ,
1003 4187 1056 4234 et
1087 4196 1207 4248 quae
1239 4180 1292 4232 in
1326 4178 1641 4234 novissimis
1673 4187 1824 4248 gesta
1847 4185 2007 4241 sunt,
2040 4177 2215 4247 prima

641 4281 968 4336 narrarunt,
1001 4274 1045 4326 si
1077 4275 1210 4326 nihil
1241 4281 1558 4338 versutum,
1595 4273 1728 4325 nihil
1761 4274 1970 4342 magica
2002 4281 2115 4325 arte
2147 4271 2214 4325 ad

639 4364 1019 4433 decipiendum
1072 4365 1434 4433 compositum
1494 4366 1810 4427 continent,
1865 4371 1958 4416 aut
2007 4363 2055 4417 si
2103 4377 2213 4416 non

642 4471 760 4523 quae
791 4455 912 4508 aliis
940 4454 1174 4507 revelata
1216 4463 1378 4517 sunt,
1413 4455 1477 4507 ad
1511 4470 1567 4509 se
1599 4455 1940 4508 transtulerit
1965 4451 2216 4507 admistis

2239 3221 2281 3278 C

2318 1967 2556 2023 evidenti
2582 1967 2858 2038 agnitione
2878 1968 3133 2022 veritatis
3157 1976 3470 2036 assumpta;
3496 1973 3701 2019 caetera
3724 1969 3912 2018 omnia

2317 2060 2677 2114 aestimatione
2731 2066 3072 2123 tractantur,
3122 2058 3177 2112 in
3231 2058 3431 2127 quibus
3491 2056 3711 2109 ﬁrmum
3773 2055 3912 2107 nihil

2317 2168 2439 2208 esse
2469 2160 2667 2222 potest.
2710 2151 2844 2218 Quis
2897 2152 3040 2205 enim
3087 2166 3268 2207 sermo
3322 2165 3427 2214 εει,
3466 2151 3559 2220 qui
3607 2166 3719 2204 non
3770 2148 3912 2202 reci-

2318 2245 2431 2314 piat
2479 2243 3014 2300 contradictionem?
3059 2251 3112 2299 et
3164 2258 3283 2313 qua:
3335 2242 3739 2313 argumentatio
3787 2249 3906 2298 est.

2316 2354 2438 2408 qua:
2469 2352 2576 2390 non
2620 2340 2795 2407 possit
2845 2337 2952 2392 alia
3000 2336 3475 2406 argumentatione
3519 2334 3819 2389 subverti?
3848 2332 3910 2385 Et

2319 2429 2444 2482 inde
2486 2435 2571 2483 est
2617 2427 2765 2497 quod
2803 2428 2872 2485 ad
2917 2426 3124 2481 nullum
3176 2427 3336 2481 ﬁnem
3387 2427 3632 2481 scientiae
3661 2433 3715 2480 et
3757 2428 3911 2492 agni-

2316 2521 2481 2574 tionis
2515 2536 2610 2589 per
2640 2520 2949 2589 hujusmodi
2991 2520 3418 2590 disputationem
3469 2519 3766 2588 pervenire
3809 2518 3910 2571 bo-

2316 2616 2490 2670 mines
2555 2623 2821 2684 possunt,
2879 2614 3147 2684 priusque
3203 2615 3366 2668 ﬁnem
3427 2610 3908 2667 vitaz'inveniunt

2315 2725 2478 2778 quam
2520 2710 2908 2778 quaestionum.

2367 2795 2547 2852 ἰλιι
2593 2799 2655 2852 Et
2696 2799 2818 2854 ideo
2864 2815 2988 2852 eum
3027 2799 3081 2852 in
3110 2799 3196 2854 his
3227 2799 3411 2852 omnia
3465 2798 3778 2853 habeantur
3821 2797 3908 2850 iii-

2315 2901 2464 2947 certa
2485 2931 2501 2956 ,
2534 2893 2600 2947 ad
2634 2907 2822 2946 verum
2858 2891 3198 2961 prophetam
3223 2891 3548 2946 veniendum
3581 2899 3667 2947 est
3690 2931 3704 2956 ,
3737 2906 3906 2959 quem

2315 2983 2460 3039 Deus
2493 2984 2653 3037 Pater
2685 2985 2872 3038 volens
2902 2983 2972 3040 ab
3001 2983 3259 3038 omnibus
3289 2983 3476 3052 diligi,
3507 2983 3620 3038 hac
3650 2999 3774 3053 qua:
3806 2984 3907 3036 ho-

2314 3078 2488 3131 mines
2538 3077 2903 3138 induxerunt,
2939 3075 2993 3129 in
3033 3075 3237 3148 quibus
3288 3075 3425 3128 nihil
3477 3083 3659 3144 potest
3709 3090 3907 3143 appre-

2315 3167 2474 3222 hendi
2494 3207 2509 3231 ,
2539 3168 2710 3221 voluit
2741 3169 2957 3238 penitus
2987 3171 3337 3237 exstinguere
3360 3207 3374 3229 ,
3405 3174 3464 3219 ut
3488 3183 3554 3221 eo
3584 3169 3761 3236 magis
3803 3168 3908 3223 iste

2316 3269 2686 3332 quereretur,
2740 3271 2794 3317 et
2843 3277 3004 3330 quem
3039 3261 3114 3315 illi
3163 3262 3556 3325 obcluserant,
3591 3261 3679 3314 hic
3727 3261 3903 3316 homi-

2318 3355 2478 3408 nibus
2522 3354 2667 3407 viam
2706 3354 2957 3408 veritatis
3001 3353 3256 3423 aperiret.
3289 3351 3518 3423 Propter
3564 3353 3711 3408 hunc
3758 3355 3906 3408 enim

2318 3446 2463 3500 Deus
2492 3446 2658 3499 etiam
2685 3445 2947 3499 mundum
2979 3444 3105 3498 fecit
3139 3452 3190 3497 et
3216 3444 3283 3499 ab
3315 3444 3432 3512 ipso
3462 3443 3700 3499 mundus
3729 3445 3908 3516 reple.

2316 3546 2440 3600 tur,
2473 3537 2618 3590 unde
2648 3544 2702 3590 et
2731 3535 3104 3605 quzerentibus
3127 3551 3185 3587 se
3217 3533 3372 3588 adest
3413 3535 3613 3604 ubique
3637 3576 3651 3599 ,
3685 3537 3907 3590 etiamsi

2316 3631 2370 3684 in
2393 3630 2598 3684 ultimis
2629 3636 2788 3682 terra:
2820 3627 3023 3681 tinibus
3053 3637 3351 3694 quaeratur.
3383 3625 3436 3679 Si
3469 3643 3596 3682 vero
3622 3644 3733 3681 non
3770 3644 3908 3697 pure

2315 3738 2440 3777 eum
2468 3721 2593 3791 quis
2627 3735 2727 3773 nec
2778 3728 2967 3774 sancte
3001 3733 3178 3787 neque
3211 3718 3442 3773 fideliter
3484 3732 3726 3789 quaerat,
3763 3723 3904 3774 intra

2315 3813 2493 3884 ipsum
2525 3812 2746 3882 quidem
2776 3819 2892 3876 est,
2928 3810 3060 3880 quia
3103 3811 3302 3879 ubique
3331 3819 3416 3865 est
3448 3822 3500 3864 et
3533 3813 3679 3865 intra
3709 3829 3907 3867 sensus

2315 3903 2557 3958 omnium
2593 3899 2898 3963 invenitur;
2933 3897 3158 3960 sed.-ut
3192 3913 3357 3966 supra
3400 3897 3643 3952 diximus
3665 3938 3680 3961 ,
3713 3899 3906 3952 inﬁde-

2316 3995 2457 4048 libus
2493 3992 2696 4046 dormit
2726 3999 2778 4046 et
2811 3991 3010 4044 absens
3058 3989 3292 4043 habetur
3328 3989 3444 4052 his,
3476 4005 3504 4042 a
3531 3991 3737 4060 quibus
3782 4006 3904 4045 esse

2318 4102 2426 4140 non
2452 4084 2716 4139 creditur.
2741 4081 2990 4151 Cumque
3017 4082 3132 4135 haec
3157 4089 3214 4134 et
3239 4081 3343 4136 alia
3369 4063 3684 4150 hujusmodi
3711 4081 3903 4137 Petrus

2314 4177 2381 4232 de
2409 4193 2537 4231 vero
2571 4175 2830 4246 propheta
2866 4183 3194 4245 prosecutus
3225 4181 3406 4236 esset,
3445 4175 3637 4230 turbas
3670 4175 3900 4239 dimisit,

2315 4285 2499 4325 senem
2529 4284 2658 4324 vero
2685 4285 2807 4323 cum
2843 4275 3089 4337 rogasset
3117 4268 3413 4338 plurimum
3449 4284 3776 4338 permanere
3806 4285 3904 4323 no-

2315 4362 2527 4416 biscum
2548 4399 2564 4424 ,
2595 4360 2844 4414 obtinere
2873 4374 2981 4413 non
3013 4360 3188 4428 potuit
3215 4399 3230 4424 ,
3261 4361 3353 4414 sed
3385 4369 3438 4414 et
3467 4361 3582 4430 ipse
3607 4360 3900 4424 discessit,

2316 4454 2420 4508 alia
2453 4453 2542 4508 die
2565 4453 2708 4507 sicut
2737 4452 3014 4521 placuerat
3059 4451 3358 4507 rediturus.
3393 4451 3457 4506 Et
3489 4461 3612 4522 post
3641 4454 3760 4508 haec
3802 4470 3900 4510 nos

645 4546 962 4600 mendaciis.
1001 4544 1068 4598 Et
1102 4561 1226 4598 cum
1264 4545 1348 4599 his
1379 4546 1634 4600 omnibus
1679 4555 1828 4600 recto
1856 4545 2065 4614 judicio
2098 4545 2213 4598 dis-
2244 4559 2288 4613 ι)
2317 4560 2426 4599 una
2466 4561 2591 4598 cum
2626 4541 2791 4598 Petro
2837 4542 3072 4612 ingressi
3120 4543 3418 4614 hospitium
3439 4584 3454 4608 ,
3480 4544 3604 4598 cibo
3635 4553 3690 4598 et
3721 4546 3902 4616 quiete

642 4636 852 4700 cussis,
894 4636 1061 4690 verba
1111 4638 1418 4692 constiterit
1461 4653 1582 4691 esse
1630 4637 1982 4707 prophetica,
2009 4637 2083 4690 ita
2115 4636 2211 4690 de-

2319 4637 2482 4690 solito
2513 4635 2740 4690 utimur.

1826 4901 2179 5000 LIBER
2278 4908 2731 5040 NONUS.

718 5200 754 5253 Ι.
800 5197 1057 5268 Sequenti
1088 5196 1174 5249 die
1205 5194 1398 5250 Petrus
1428 5209 1534 5246 una
1570 5193 1856 5248 nobiscum
1906 5203 2121 5248 mature
2144 5195 2211 5249 ad

643 5293 822 5348 locum
843 5331 857 5353 ,
891 5291 945 5343 in
970 5304 1079 5358 quo
1110 5288 1284 5356 pridie
1315 5287 1499 5339 habita
1531 5283 1706 5338 fuerat
1737 5283 2060 5354 disputatio,
2085 5301 2215 5356 pro—

641 5384 883 5454 peravit,
915 5390 1076 5451 atque
1102 5381 1176 5435 ibi
1206 5396 1326 5434 cum
1352 5379 1614 5448 plurimas
1638 5377 1748 5446 jam
1781 5378 1847 5431 ad
1881 5377 2210 5434 audiendum

642 5475 963 5530 convenisse
990 5474 1180 5526 turbas
1202 5481 1254 5527 et
1281 5486 1463 5526 senem
1496 5485 1620 5524 cum
1661 5470 1742 5524 eis
1771 5469 2010 5533 videret,
2043 5470 2118 5522 ait
2144 5470 2211 5524 ad

644 5584 766 5622 eum
801 5587 812 5621 :
847 5567 1112 5621 Hesterna
1160 5564 1282 5626 die,
1316 5578 1348 5615 0
1380 5577 1577 5627 senex,
1611 5577 1736 5615 cum
1773 5561 2050 5616 Clemente
2096 5563 2213 5631 pla-

646 5667 835 5714 cuerat
863 5666 920 5712 ut
950 5657 1109 5711 hodie
1157 5671 1337 5709 sermo
1378 5654 1564 5717 ﬁeret,
1595 5663 1649 5710 et
1678 5662 1770 5708 aut
1802 5666 1858 5710 tu
1897 5657 2214 5712 ostenderes

716 5773 755 5801 ⁶¹
791 5770 918 5839 Sap.
949 5788 984 5832 ι,
1012 5770 1063 5823 4.

2316 5199 2453 5253 nihil
2485 5206 2638 5254 extra
2669 5199 2913 5269 genesim
2943 5198 3057 5254 ﬁeri
3083 5239 3097 5262 ,
3130 5207 3224 5252 aut
3249 5198 3505 5255 Clemens
3552 5200 3777 5257 doceret
3808 5220 3897 5273 ge—

2318 5293 2489 5346 nesim
2523 5308 2631 5346 non
2662 5307 2784 5347 esse
2816 5289 2934 5363 [sed
2968 5291 3020 5344 in
3054 5291 3210 5346 nobis
3238 5300 3290 5346 et
3323 5292 3376 5345 in
3409 5305 3596 5348 nostra
3631 5307 3896 5362 potestate

2318 5384 2502 5439 haberi
2546 5400 2665 5454 quae
2693 5382 2976 5455 gerimus].
3004 5383 3082 5438 Ad
3116 5385 3231 5438 hmo
3261 5401 3424 5439 senex
3470 5387 3760 5454 respondit
3792 5407 3804 5440 :
3834 5387 3896 5440 Et

2316 5478 2444 5546 quid
2499 5477 2762 5547 placuerit
2811 5475 3072 5540 memini,
3111 5485 3165 5530 et
3213 5488 3303 5531 tua
3350 5479 3516 5531 verba
3568 5487 3729 5532 teneo
3779 5495 3896 5548 quae

2318 5579 2440 5638 post
2469 5570 2750 5639 pactiones
2782 5569 2998 5622 locutus
3020 5569 3156 5633 es";
3183 5570 3382 5639 quibus
3413 5569 3649 5624 docuisti
3689 5572 3894 5639 impos-

2320 5661 2477 5715 sibile
2517 5676 2638 5716 esse
2668 5659 2875 5715 homini
2918 5661 3061 5714 scire
3107 5658 3311 5730 aliquid
3336 5702 3350 5726 ,
3383 5662 3489 5715 nisi
3528 5678 3559 5716 a
3589 5678 3726 5717 vero
3759 5661 3894 5715 Pro-

1175 5769 1218 5799 “
1252 5773 1305 5821 In
1335 5769 1493 5822 codd.
1528 5769 1702 5847 l.ips_s_.
1741 5771 1958 5847 omissis
1987 5773 2075 5835 iis,
2102 5789 2220 5842 qme
2251 5777 2516 5847 usquead
2550 5793 2670 5847 cap.
2707 5775 2773 5831 16
2799 5774 2940 5830 med.
2974 5783 3298 5845 sequuntur,
3332 5779 3412 5828 sic
3442 5775 3641 5830 leeitur
3674 5791 3686 5827 ε
3724 5776 3894 5832 Lacu.

649 5853 729 5894 tus
765 5859 837 5895 es.
869 5841 1061 5894 Deinde
1086 5849 1386 5907 prosccutus
1417 5855 1568 5893 mea:
1592 5841 1822 5910 adjecit:
1850 5842 2060 5897 Certum
2092 5841 2167 5899 ext
2201 5841 2400 5901 mihict
2431 5846 2551 5904 bene
2574 5841 2688 5903 novi
2712 5849 2835 5918 quia
2867 5841 3331 5918 commentatione,
3369 5856 3472 5900 etc.
