  <div class='ocr_page' id='page_1' title='image "/cluster/home/n/w/nwhite01/storage/ocr_20150623/1/pst.000005711796/708.png"; bbox 0 0 4048 6342; ppageno 0'>
   <div class='ocr_carea' id='block_1_1' title="bbox 168 379 1760 454">
    <p class='ocr_par' dir='ltr' id='par_1_1' title="bbox 168 379 1760 440">
     <span class='ocr_line' id='line_1_1' title="bbox 168 379 1760 440; baseline 0.006 -9"><span class='ocrx_word' id='word_1_1' title='bbox 168 379 314 433; x_wconf 64' lang='grc' dir='ltr'><strong>μοι</strong></span> <span class='ocrx_word' id='word_1_2' title='bbox 1403 382 1760 440; x_wconf 76' lang='lat' dir='ltr'><strong>RECOGNIT]</strong></span> 
     </span>
    </p>
   </div>
   <div class='ocr_carea' id='block_1_2' title="bbox 1864 379 3440 454">
    <p class='ocr_par' dir='ltr' id='par_1_2' title="bbox 1869 385 3440 454">
     <span class='ocr_line' id='line_1_2' title="bbox 1869 385 3440 454; baseline 0.006 -10"><span class='ocrx_word' id='word_1_3' title='bbox 1869 387 1968 444; x_wconf 75' lang='grc' dir='ltr'><strong>ΠΜ</strong></span> <span class='ocrx_word' id='word_1_4' title='bbox 2008 385 2136 441; x_wconf 84' lang='lat' dir='ltr'><strong>LIB.</strong></span> <span class='ocrx_word' id='word_1_5' title='bbox 2180 387 2270 450; x_wconf 75' lang='lat' dir='ltr'><strong>IX.</strong></span> <span class='ocrx_word' id='word_1_6' title='bbox 3305 397 3440 454; x_wconf 67' lang='grc'><strong>1401</strong></span> 
     </span>
    </p>
   </div>
   <div class='ocr_carea' id='block_1_3' title="bbox 165 479 3442 572">
    <p class='ocr_par' dir='ltr' id='par_1_3' title="bbox 165 479 3442 572">
     <span class='ocr_line' id='line_1_3' title="bbox 165 479 3442 572; baseline 0.007 -29"><span class='ocrx_word' id='word_1_7' title='bbox 165 497 342 558; x_wconf 79' lang='lat' dir='ltr'><strong>poeta</strong></span> <span class='ocrx_word' id='word_1_8' title='bbox 388 487 662 544; x_wconf 76' lang='lat' dir='ltr'><strong>didicerit.</strong></span> <span class='ocrx_word' id='word_1_9' title='bbox 703 488 770 544; x_wconf 84' lang='lat' dir='ltr'><strong>Et</strong></span> <span class='ocrx_word' id='word_1_10' title='bbox 809 489 1006 547; x_wconf 81' lang='lat' dir='ltr'><strong>Petrus</strong></span> <span class='ocrx_word' id='word_1_11' title='bbox 1039 511 1051 548; x_wconf 91' lang='lat'><strong>:</strong></span> <span class='ocrx_word' id='word_1_12' title='bbox 1084 479 1310 559; x_wconf 81' lang='lat' dir='ltr'><strong>Nescis,</strong></span> <span class='ocrx_word' id='word_1_13' title='bbox 1357 492 1568 564; x_wconf 91' lang='lat' dir='ltr'><strong>inquit,</strong></span> <span class='ocrx_word' id='word_1_14' title='bbox 1617 512 1756 566; x_wconf 86' lang='lat' dir='ltr'><strong>quo-</strong></span> <span class='ocrx_word' id='word_1_15' title='bbox 1789 503 1834 560; x_wconf 76' lang='grc' dir='ltr'>Α</span> <span class='ocrx_word' id='word_1_16' title='bbox 1862 506 2074 554; x_wconf 90' lang='lat' dir='ltr'><strong>mentes</strong></span> <span class='ocrx_word' id='word_1_17' title='bbox 2103 499 2385 554; x_wconf 86' lang='lat' dir='ltr'><strong>hominum</strong></span> <span class='ocrx_word' id='word_1_18' title='bbox 2415 502 2719 572; x_wconf 75' lang='lat' dir='ltr'><strong>corrumpit</strong></span> <span class='ocrx_word' id='word_1_19' title='bbox 2766 517 2829 558; x_wconf 92' lang='lat' dir='ltr'><strong>ac</strong></span> <span class='ocrx_word' id='word_1_20' title='bbox 2863 504 3051 570; x_wconf 91' lang='lat' dir='ltr'><strong>violat,</strong></span> <span class='ocrx_word' id='word_1_21' title='bbox 3084 513 3136 560; x_wconf 90' lang='lat' dir='ltr'><strong>et</strong></span> <span class='ocrx_word' id='word_1_22' title='bbox 3163 519 3191 560; x_wconf 89' lang='lat' dir='ltr'><strong>a</strong></span> <span class='ocrx_word' id='word_1_23' title='bbox 3222 504 3442 566; x_wconf 57' lang='lat' dir='ltr'><strong>decide-</strong></span> 
     </span>
    </p>
   </div>
   <div class='ocr_carea' id='block_1_4' title="bbox 166 581 3436 662">
    <p class='ocr_par' dir='ltr' id='par_1_4' title="bbox 166 581 3436 662">
     <span class='ocr_line' id='line_1_4' title="bbox 166 581 3436 662; baseline 0.007 -29"><span class='ocrx_word' id='word_1_24' title='bbox 166 581 346 635; x_wconf 85' lang='lat' dir='ltr'><strong>modo</strong></span> <span class='ocrx_word' id='word_1_25' title='bbox 393 582 658 649; x_wconf 89' lang='lat' dir='ltr'><strong>dixerim,</strong></span> <span class='ocrx_word' id='word_1_26' title='bbox 694 583 789 638; x_wconf 90' lang='lat' dir='ltr'><strong>sed</strong></span> <span class='ocrx_word' id='word_1_27' title='bbox 841 600 988 638; x_wconf 92' lang='lat' dir='ltr'><strong>nunc</strong></span> <span class='ocrx_word' id='word_1_28' title='bbox 1029 595 1079 639; x_wconf 90' lang='lat' dir='ltr'><strong>te</strong></span> <span class='ocrx_word' id='word_1_29' title='bbox 1118 599 1218 656; x_wconf 90' lang='lat' dir='ltr'><strong>ego</strong></span> <span class='ocrx_word' id='word_1_30' title='bbox 1262 589 1656 652; x_wconf 89' lang='lat' dir='ltr'><strong>commonebo,</strong></span> <span class='ocrx_word' id='word_1_31' title='bbox 1688 589 1755 646; x_wconf 84' lang='lat' dir='ltr'><strong>de</strong></span> <span class='ocrx_word' id='word_1_32' title='bbox 1855 590 1938 644; x_wconf 89' lang='lat' dir='ltr'><strong>rio</strong></span> <span class='ocrx_word' id='word_1_33' title='bbox 1965 592 2078 646; x_wconf 88' lang='lat' dir='ltr'><strong>veri</strong></span> <span class='ocrx_word' id='word_1_34' title='bbox 2110 590 2308 662; x_wconf 86' lang='lat' dir='ltr'><strong>Sponsi</strong></span> <span class='ocrx_word' id='word_1_35' title='bbox 2343 593 2633 658; x_wconf 89' lang='lat' dir='ltr'><strong>seducens,</strong></span> <span class='ocrx_word' id='word_1_36' title='bbox 2666 595 2821 649; x_wconf 91' lang='lat' dir='ltr'><strong>illicit</strong></span> <span class='ocrx_word' id='word_1_37' title='bbox 2855 596 2921 650; x_wconf 89' lang='lat' dir='ltr'><strong>ad</strong></span> <span class='ocrx_word' id='word_1_38' title='bbox 2939 598 3114 652; x_wconf 90' lang='lat' dir='ltr'><strong>aliena</strong></span> <span class='ocrx_word' id='word_1_39' title='bbox 3144 599 3436 657; x_wconf 87' lang='lat' dir='ltr'><strong>desideria.</strong></span> 
     </span>
    </p>
   </div>
   <div class='ocr_carea' id='block_1_5' title="bbox 167 674 1754 750">
    <p class='ocr_par' dir='ltr' id='par_1_5' title="bbox 167 674 1754 750">
     <span class='ocr_line' id='line_1_5' title="bbox 167 674 1754 750; baseline 0.005 -23"><span class='ocrx_word' id='word_1_40' title='bbox 167 675 462 728; x_wconf 79' lang='lat' dir='ltr'><strong>voluntate</strong></span> <span class='ocrx_word' id='word_1_41' title='bbox 490 674 601 728; x_wconf 90' lang='lat' dir='ltr'><strong>dixi</strong></span> <span class='ocrx_word' id='word_1_42' title='bbox 630 686 682 730; x_wconf 92' lang='lat' dir='ltr'><strong>et</strong></span> <span class='ocrx_word' id='word_1_43' title='bbox 720 677 952 730; x_wconf 88' lang='lat' dir='ltr'><strong>consilio</strong></span> <span class='ocrx_word' id='word_1_44' title='bbox 982 677 1106 742; x_wconf 91' lang='lat' dir='ltr'><strong>Dei,</strong></span> <span class='ocrx_word' id='word_1_45' title='bbox 1131 694 1295 747; x_wconf 90' lang='lat' dir='ltr'><strong>quam</strong></span> <span class='ocrx_word' id='word_1_46' title='bbox 1339 679 1531 734; x_wconf 79' lang='lat' dir='ltr'><strong>habuit</strong></span> <span class='ocrx_word' id='word_1_47' title='bbox 1569 684 1754 750; x_wconf 89' lang='lat' dir='ltr'><strong>prius-</strong></span> 
     </span>
    </p>
   </div>
   <div class='ocr_carea' id='block_1_6' title="bbox 169 769 1758 839">
    <p class='ocr_par' dir='ltr' id='par_1_6' title="bbox 169 769 1758 839">
     <span class='ocr_line' id='line_1_6' title="bbox 169 769 1758 839; baseline 0.006 -21"><span class='ocrx_word' id='word_1_48' title='bbox 169 782 344 835; x_wconf 89' lang='lat' dir='ltr'><strong>quam</strong></span> <span class='ocrx_word' id='word_1_49' title='bbox 379 769 614 823; x_wconf 90' lang='lat' dir='ltr'><strong>mundus</strong></span> <span class='ocrx_word' id='word_1_50' title='bbox 636 777 810 828; x_wconf 83' lang='lat' dir='ltr'><strong>esset.</strong></span> <span class='ocrx_word' id='word_1_51' title='bbox 869 781 922 824; x_wconf 89' lang='lat' dir='ltr'><strong>et</strong></span> <span class='ocrx_word' id='word_1_52' title='bbox 953 786 1062 839; x_wconf 91' lang='lat' dir='ltr'><strong>quo</strong></span> <span class='ocrx_word' id='word_1_53' title='bbox 1102 771 1335 825; x_wconf 89' lang='lat' dir='ltr'><strong>consilio</strong></span> <span class='ocrx_word' id='word_1_54' title='bbox 1378 769 1567 827; x_wconf 81' lang='lat' dir='ltr'><strong>fecerit</strong></span> <span class='ocrx_word' id='word_1_55' title='bbox 1598 788 1758 827; x_wconf 83' lang='lat' dir='ltr'><strong>mun-</strong></span> 
     </span>
    </p>
   </div>
   <div class='ocr_carea' id='block_1_7' title="bbox 169 858 1756 933">
    <p class='ocr_par' dir='ltr' id='par_1_7' title="bbox 169 858 1756 933">
     <span class='ocr_line' id='line_1_7' title="bbox 169 858 1756 933; baseline 0.005 -22"><span class='ocrx_word' id='word_1_56' title='bbox 169 858 630 928; x_wconf 73' lang='lat' dir='ltr'><strong>dum.‘tempora</strong></span> <span class='ocrx_word' id='word_1_57' title='bbox 683 861 969 924; x_wconf 87' lang='lat' dir='ltr'><strong>statuerit,</strong></span> <span class='ocrx_word' id='word_1_58' title='bbox 1010 862 1180 931; x_wconf 82' lang='lat' dir='ltr'><strong>legem</strong></span> <span class='ocrx_word' id='word_1_59' title='bbox 1226 862 1469 928; x_wconf 82' lang='lat' dir='ltr'><strong>dederit,</strong></span> <span class='ocrx_word' id='word_1_60' title='bbox 1497 864 1664 933; x_wconf 89' lang='lat' dir='ltr'><strong>justis</strong></span> <span class='ocrx_word' id='word_1_61' title='bbox 1689 865 1756 919; x_wconf 91' lang='lat' dir='ltr'><strong>ad</strong></span> 
     </span>
    </p>
   </div>
   <div class='ocr_carea' id='block_1_8' title="bbox 170 950 1756 1027">
    <p class='ocr_par' dir='ltr' id='par_1_8' title="bbox 170 950 1756 1027">
     <span class='ocr_line' id='line_1_8' title="bbox 170 950 1756 1027; baseline 0.005 -23"><span class='ocrx_word' id='word_1_62' title='bbox 170 950 449 1004; x_wconf 83' lang='lat' dir='ltr'><strong>bonorum</strong></span> <span class='ocrx_word' id='word_1_63' title='bbox 482 954 971 1008; x_wconf 83' lang='lat' dir='ltr'><strong>remunerationem</strong></span> <span class='ocrx_word' id='word_1_64' title='bbox 1005 955 1245 1010; x_wconf 83' lang='lat' dir='ltr'><strong>futurum</strong></span> <span class='ocrx_word' id='word_1_65' title='bbox 1267 957 1525 1011; x_wconf 69' lang='lat' dir='ltr'><strong>sarculum</strong></span> <span class='ocrx_word' id='word_1_66' title='bbox 1547 959 1756 1027; x_wconf 82' lang='lat' dir='ltr'><strong>promi-</strong></span> 
     </span>
    </p>
   </div>
   <div class='ocr_carea' id='block_1_9' title="bbox 170 1043 1756 1118">
    <p class='ocr_par' dir='ltr' id='par_1_9' title="bbox 170 1043 1756 1118">
     <span class='ocr_line' id='line_1_9' title="bbox 170 1043 1756 1118; baseline 0.005 -21"><span class='ocrx_word' id='word_1_67' title='bbox 170 1043 315 1097; x_wconf 83' lang='lat' dir='ltr'><strong>serit</strong></span> <span class='ocrx_word' id='word_1_68' title='bbox 338 1083 351 1105; x_wconf 92' lang='lat'><strong>,</strong></span> <span class='ocrx_word' id='word_1_69' title='bbox 384 1044 605 1112; x_wconf 90' lang='lat' dir='ltr'><strong>injustis</strong></span> <span class='ocrx_word' id='word_1_70' title='bbox 636 1060 825 1115; x_wconf 75' lang='lat' dir='ltr'><strong>pcenas</strong></span> <span class='ocrx_word' id='word_1_71' title='bbox 852 1062 919 1101; x_wconf 89' lang='lat' dir='ltr'><strong>ex</strong></span> <span class='ocrx_word' id='word_1_72' title='bbox 947 1048 1137 1116; x_wconf 91' lang='lat' dir='ltr'><strong>judicii</strong></span> <span class='ocrx_word' id='word_1_73' title='bbox 1168 1049 1438 1104; x_wconf 85' lang='lat' dir='ltr'><strong>sententia</strong></span> <span class='ocrx_word' id='word_1_74' title='bbox 1469 1051 1756 1118; x_wconf 91' lang='lat' dir='ltr'><strong>statuerit;</strong></span> 
     </span>
    </p>
   </div>
   <div class='ocr_carea' id='block_1_10' title="bbox 172 1134 1759 1206">
    <p class='ocr_par' dir='ltr' id='par_1_10' title="bbox 172 1134 1759 1206">
     <span class='ocr_line' id='line_1_10' title="bbox 172 1134 1759 1206; baseline 0.006 -17"><span class='ocrx_word' id='word_1_75' title='bbox 172 1134 284 1190; x_wconf 86' lang='lat' dir='ltr'><strong>hoc</strong></span> <span class='ocrx_word' id='word_1_76' title='bbox 308 1151 409 1206; x_wconf 88' lang='lat' dir='ltr'><strong>ego</strong></span> <span class='ocrx_word' id='word_1_77' title='bbox 435 1137 544 1190; x_wconf 87' lang='lat' dir='ltr'><strong>dixi</strong></span> <span class='ocrx_word' id='word_1_78' title='bbox 573 1139 864 1193; x_wconf 89' lang='lat' dir='ltr'><strong>consilium</strong></span> <span class='ocrx_word' id='word_1_79' title='bbox 884 1179 898 1202; x_wconf 91' lang='lat'><strong>,</strong></span> <span class='ocrx_word' id='word_1_80' title='bbox 931 1147 984 1194; x_wconf 90' lang='lat' dir='ltr'><strong>et</strong></span> <span class='ocrx_word' id='word_1_81' title='bbox 1015 1140 1154 1195; x_wconf 89' lang='lat' dir='ltr'><strong>banc</strong></span> <span class='ocrx_word' id='word_1_82' title='bbox 1198 1136 1534 1197; x_wconf 76' lang='lat' dir='ltr'><strong>voluntatem</strong></span> <span class='ocrx_word' id='word_1_83' title='bbox 1565 1141 1658 1197; x_wconf 88' lang='lat' dir='ltr'><strong>Dei</strong></span> <span class='ocrx_word' id='word_1_84' title='bbox 1690 1144 1759 1199; x_wconf 90' lang='lat' dir='ltr'><strong>ab</strong></span> 
     </span>
    </p>
   </div>
   <div class='ocr_carea' id='block_1_11' title="bbox 173 1228 1758 1303">
    <p class='ocr_par' dir='ltr' id='par_1_11' title="bbox 173 1228 1758 1303">
     <span class='ocr_line' id='line_1_11' title="bbox 173 1228 1758 1303; baseline 0.006 -21"><span class='ocrx_word' id='word_1_85' title='bbox 173 1228 492 1284; x_wconf 86' lang='lat' dir='ltr'><strong>hominibus</strong></span> <span class='ocrx_word' id='word_1_86' title='bbox 514 1231 744 1284; x_wconf 82' lang='lat' dir='ltr'><strong>inveniri</strong></span> <span class='ocrx_word' id='word_1_87' title='bbox 778 1246 886 1285; x_wconf 92' lang='lat' dir='ltr'><strong>non</strong></span> <span class='ocrx_word' id='word_1_88' title='bbox 909 1246 1092 1302; x_wconf 86' lang='lat' dir='ltr'><strong>posse,</strong></span> <span class='ocrx_word' id='word_1_89' title='bbox 1119 1234 1248 1303; x_wconf 90' lang='lat' dir='ltr'><strong>quia</strong></span> <span class='ocrx_word' id='word_1_90' title='bbox 1281 1248 1444 1289; x_wconf 90' lang='lat' dir='ltr'><strong>nemo</strong></span> <span class='ocrx_word' id='word_1_91' title='bbox 1471 1234 1758 1290; x_wconf 87' lang='lat' dir='ltr'><strong>hominum</strong></span> 
     </span>
    </p>
   </div>
   <div class='ocr_carea' id='block_1_12' title="bbox 172 1322 1762 1391">
    <p class='ocr_par' dir='ltr' id='par_1_12' title="bbox 172 1322 1762 1391">
     <span class='ocr_line' id='line_1_12' title="bbox 172 1322 1762 1391; baseline 0.004 -18"><span class='ocrx_word' id='word_1_92' title='bbox 172 1329 362 1389; x_wconf 87' lang='lat' dir='ltr'><strong>potest</strong></span> <span class='ocrx_word' id='word_1_93' title='bbox 411 1336 632 1376; x_wconf 85' lang='lat' dir='ltr'><strong>sensum</strong></span> <span class='ocrx_word' id='word_1_94' title='bbox 661 1322 756 1378; x_wconf 84' lang='lat' dir='ltr'><strong>Dei</strong></span> <span class='ocrx_word' id='word_1_95' title='bbox 807 1324 1144 1391; x_wconf 89' lang='lat' dir='ltr'><strong>conjecturis</strong></span> <span class='ocrx_word' id='word_1_96' title='bbox 1171 1333 1226 1379; x_wconf 93' lang='lat' dir='ltr'><strong>et</strong></span> <span class='ocrx_word' id='word_1_97' title='bbox 1253 1326 1616 1381; x_wconf 66' lang='lat' dir='ltr'><strong>aestimatione</strong></span> <span class='ocrx_word' id='word_1_98' title='bbox 1645 1327 1762 1380; x_wconf 89' lang='lat' dir='ltr'><strong>col-</strong></span> 
     </span>
    </p>
   </div>
   <div class='ocr_carea' id='block_1_13' title="bbox 173 1413 1761 1485">
    <p class='ocr_par' dir='ltr' id='par_1_13' title="bbox 173 1413 1761 1485">
     <span class='ocr_line' id='line_1_13' title="bbox 173 1413 1761 1485; baseline 0.004 -19"><span class='ocrx_word' id='word_1_99' title='bbox 173 1413 383 1484; x_wconf 90' lang='lat' dir='ltr'><strong>ligere,</strong></span> <span class='ocrx_word' id='word_1_100' title='bbox 417 1414 522 1468; x_wconf 87' lang='lat' dir='ltr'><strong>nisi</strong></span> <span class='ocrx_word' id='word_1_101' title='bbox 565 1417 828 1485; x_wconf 81' lang='lat' dir='ltr'><strong>propheta</strong></span> <span class='ocrx_word' id='word_1_102' title='bbox 864 1416 932 1469; x_wconf 94' lang='lat' dir='ltr'><strong>ab</strong></span> <span class='ocrx_word' id='word_1_103' title='bbox 961 1431 1027 1470; x_wconf 90' lang='lat' dir='ltr'><strong>eo</strong></span> <span class='ocrx_word' id='word_1_104' title='bbox 1083 1416 1288 1473; x_wconf 88' lang='lat' dir='ltr'><strong>missus</strong></span> <span class='ocrx_word' id='word_1_105' title='bbox 1342 1418 1607 1474; x_wconf 89' lang='lat' dir='ltr'><strong>enuntiet.</strong></span> <span class='ocrx_word' id='word_1_106' title='bbox 1641 1416 1761 1472; x_wconf 86' lang='lat' dir='ltr'><strong>Non</strong></span> 
     </span>
    </p>
   </div>
   <div class='ocr_carea' id='block_1_14' title="bbox 171 1506 1758 1579">
    <p class='ocr_par' dir='ltr' id='par_1_14' title="bbox 171 1506 1758 1579">
     <span class='ocr_line' id='line_1_14' title="bbox 171 1506 1758 1579; baseline 0.004 -21"><span class='ocrx_word' id='word_1_107' title='bbox 171 1521 308 1576; x_wconf 86' lang='lat' dir='ltr'><strong>ergo</strong></span> <span class='ocrx_word' id='word_1_108' title='bbox 334 1506 404 1561; x_wconf 92' lang='lat' dir='ltr'><strong>de</strong></span> <span class='ocrx_word' id='word_1_109' title='bbox 433 1507 851 1579; x_wconf 82' lang='lat' dir='ltr'><strong>quibuscunque</strong></span> <span class='ocrx_word' id='word_1_110' title='bbox 895 1509 1202 1579; x_wconf 81' lang='lat' dir='ltr'><strong>disciplinis</strong></span> <span class='ocrx_word' id='word_1_111' title='bbox 1233 1517 1328 1564; x_wconf 91' lang='lat' dir='ltr'><strong>aut</strong></span> <span class='ocrx_word' id='word_1_112' title='bbox 1358 1511 1558 1565; x_wconf 90' lang='lat' dir='ltr'><strong>studiis</strong></span> <span class='ocrx_word' id='word_1_113' title='bbox 1608 1511 1758 1576; x_wconf 93' lang='lat' dir='ltr'><strong>dixi,</strong></span> 
     </span>
    </p>
   </div>
   <div class='ocr_carea' id='block_1_15' title="bbox 171 1594 1756 1670">
    <p class='ocr_par' dir='ltr' id='par_1_15' title="bbox 171 1594 1756 1670">
     <span class='ocr_line' id='line_1_15' title="bbox 171 1594 1756 1670; baseline 0.003 -20"><span class='ocrx_word' id='word_1_114' title='bbox 171 1599 306 1666; x_wconf 86' lang='lat' dir='ltr'><strong>quia</strong></span> <span class='ocrx_word' id='word_1_115' title='bbox 357 1597 588 1653; x_wconf 79' lang='lat' dir='ltr'><strong>inveniri</strong></span> <span class='ocrx_word' id='word_1_116' title='bbox 619 1599 738 1653; x_wconf 86' lang='lat' dir='ltr'><strong>sine</strong></span> <span class='ocrx_word' id='word_1_117' title='bbox 781 1594 1045 1670; x_wconf 82' lang='lat' dir='ltr'><strong>propheta</strong></span> <span class='ocrx_word' id='word_1_118' title='bbox 1073 1609 1165 1654; x_wconf 89' lang='lat' dir='ltr'><strong>aut</strong></span> <span class='ocrx_word' id='word_1_119' title='bbox 1194 1599 1323 1655; x_wconf 87' lang='lat' dir='ltr'><strong>sciri</strong></span> <span class='ocrx_word' id='word_1_120' title='bbox 1356 1615 1464 1655; x_wconf 92' lang='lat' dir='ltr'><strong>non</strong></span> <span class='ocrx_word' id='word_1_121' title='bbox 1507 1601 1756 1670; x_wconf 84' lang='lat' dir='ltr'><strong>possint;</strong></span> 
     </span>
    </p>
   </div>
   <div class='ocr_carea' id='block_1_16' title="bbox 172 1690 1762 1764">
    <p class='ocr_par' dir='ltr' id='par_1_16' title="bbox 172 1690 1762 1764">
     <span class='ocr_line' id='line_1_16' title="bbox 172 1690 1762 1764; baseline 0.003 -22"><span class='ocrx_word' id='word_1_122' title='bbox 172 1690 381 1760; x_wconf 85' lang='lat' dir='ltr'><strong>quippe</strong></span> <span class='ocrx_word' id='word_1_123' title='bbox 412 1692 505 1760; x_wconf 88' lang='lat' dir='ltr'><strong>qui</strong></span> <span class='ocrx_word' id='word_1_124' title='bbox 537 1691 706 1744; x_wconf 82' lang='lat' dir='ltr'><strong>sciam</strong></span> <span class='ocrx_word' id='word_1_125' title='bbox 749 1700 804 1745; x_wconf 91' lang='lat' dir='ltr'><strong>et</strong></span> <span class='ocrx_word' id='word_1_126' title='bbox 839 1692 1072 1746; x_wconf 85' lang='lat' dir='ltr'><strong>artiilcia</strong></span> <span class='ocrx_word' id='word_1_127' title='bbox 1103 1700 1156 1746; x_wconf 91' lang='lat' dir='ltr'><strong>et</strong></span> <span class='ocrx_word' id='word_1_128' title='bbox 1186 1693 1508 1764; x_wconf 82' lang='lat' dir='ltr'><strong>disciplinas</strong></span> <span class='ocrx_word' id='word_1_129' title='bbox 1544 1694 1676 1749; x_wconf 87' lang='lat' dir='ltr'><strong>sciri</strong></span> <span class='ocrx_word' id='word_1_130' title='bbox 1707 1701 1762 1748; x_wconf 92' lang='lat' dir='ltr'><strong>et</strong></span> 
     </span>
    </p>
   </div>
   <div class='ocr_carea' id='block_1_17' title="bbox 183 1779 1760 1857">
    <p class='ocr_par' dir='ltr' id='par_1_17' title="bbox 183 1779 1760 1857">
     <span class='ocr_line' id='line_1_17' title="bbox 183 1779 1760 1857; baseline 0.003 -22"><span class='ocrx_word' id='word_1_131' title='bbox 183 1785 432 1836; x_wconf 88' lang='lat' dir='ltr'><strong>exerceri</strong></span> <span class='ocrx_word' id='word_1_132' title='bbox 466 1782 534 1836; x_wconf 85' lang='lat' dir='ltr'><strong>ab</strong></span> <span class='ocrx_word' id='word_1_133' title='bbox 565 1779 906 1845; x_wconf 73' lang='lat' dir='ltr'><strong>hominibus,</strong></span> <span class='ocrx_word' id='word_1_134' title='bbox 940 1797 1078 1853; x_wconf 88' lang='lat' dir='ltr'><strong>quas</strong></span> <span class='ocrx_word' id='word_1_135' title='bbox 1098 1790 1215 1838; x_wconf 81' lang='lat' dir='ltr'><strong>hon</strong></span> <span class='ocrx_word' id='word_1_136' title='bbox 1247 1798 1278 1837; x_wconf 89' lang='lat' dir='ltr'><strong>a</strong></span> <span class='ocrx_word' id='word_1_137' title='bbox 1307 1799 1434 1840; x_wconf 89' lang='lat' dir='ltr'><strong>vero</strong></span> <span class='ocrx_word' id='word_1_138' title='bbox 1465 1786 1760 1857; x_wconf 89' lang='lat' dir='ltr'><strong>propheta,</strong></span> 
     </span>
    </p>
   </div>
   <div class='ocr_carea' id='block_1_18' title="bbox 171 1871 1333 1944">
    <p class='ocr_par' dir='ltr' id='par_1_18' title="bbox 171 1871 1333 1944">
     <span class='ocr_line' id='line_1_18' title="bbox 171 1871 1333 1944; baseline 0.003 -16"><span class='ocrx_word' id='word_1_139' title='bbox 171 1871 274 1928; x_wconf 85' lang='lat' dir='ltr'><strong>sed</strong></span> <span class='ocrx_word' id='word_1_140' title='bbox 305 1889 334 1926; x_wconf 90' lang='lat' dir='ltr'><strong>a</strong></span> <span class='ocrx_word' id='word_1_141' title='bbox 365 1875 645 1944; x_wconf 74' lang='lat' dir='ltr'><strong>magistris</strong></span> <span class='ocrx_word' id='word_1_142' title='bbox 679 1875 990 1930; x_wconf 86' lang='lat' dir='ltr'><strong>hominibus</strong></span> <span class='ocrx_word' id='word_1_143' title='bbox 1019 1875 1333 1932; x_wconf 88' lang='lat' dir='ltr'><strong>didicerint.</strong></span> 
     </span>
    </p>
   </div>
   <div class='ocr_carea' id='block_1_19' title="bbox 249 1966 1757 2040">
    <p class='ocr_par' dir='ltr' id='par_1_19' title="bbox 249 1966 1757 2040">
     <span class='ocr_line' id='line_1_19' title="bbox 249 1966 1757 2040; baseline 0.003 -20"><span class='ocrx_word' id='word_1_144' title='bbox 249 1966 313 2021; x_wconf 91' lang='lat' dir='ltr'><strong>ll.</strong></span> <span class='ocrx_word' id='word_1_145' title='bbox 355 1966 622 2033; x_wconf 80' lang='lat' dir='ltr'><strong>Quoniam</strong></span> <span class='ocrx_word' id='word_1_146' title='bbox 655 1982 787 2038; x_wconf 92' lang='lat' dir='ltr'><strong>ergo</strong></span> <span class='ocrx_word' id='word_1_147' title='bbox 825 1975 879 2021; x_wconf 91' lang='lat' dir='ltr'><strong>te</strong></span> <span class='ocrx_word' id='word_1_148' title='bbox 920 1967 1201 2036; x_wconf 86' lang='lat' dir='ltr'><strong>professus</strong></span> <span class='ocrx_word' id='word_1_149' title='bbox 1248 1983 1308 2024; x_wconf 90' lang='lat' dir='ltr'><strong>es</strong></span> <span class='ocrx_word' id='word_1_150' title='bbox 1363 1984 1593 2040; x_wconf 91' lang='lat' dir='ltr'><strong>gnarum</strong></span> <span class='ocrx_word' id='word_1_151' title='bbox 1630 1983 1757 2025; x_wconf 85' lang='lat' dir='ltr'><strong>esse</strong></span> 
     </span>
    </p>
   </div>
   <div class='ocr_carea' id='block_1_20' title="bbox 170 2058 1756 2131">
    <p class='ocr_par' dir='ltr' id='par_1_20' title="bbox 170 2058 1756 2131">
     <span class='ocr_line' id='line_1_20' title="bbox 170 2058 1756 2131; baseline 0.001 -15"><span class='ocrx_word' id='word_1_152' title='bbox 170 2059 465 2129; x_wconf 85' lang='lat' dir='ltr'><strong>positionis</strong></span> <span class='ocrx_word' id='word_1_153' title='bbox 500 2058 741 2114; x_wconf 86' lang='lat' dir='ltr'><strong>siderum</strong></span> <span class='ocrx_word' id='word_1_154' title='bbox 779 2067 834 2116; x_wconf 92' lang='lat' dir='ltr'><strong>et</strong></span> <span class='ocrx_word' id='word_1_155' title='bbox 883 2060 1164 2116; x_wconf 84' lang='lat' dir='ltr'><strong>stellarum</strong></span> <span class='ocrx_word' id='word_1_156' title='bbox 1203 2075 1426 2125; x_wconf 87' lang='lat' dir='ltr'><strong>cursus,</strong></span> <span class='ocrx_word' id='word_1_157' title='bbox 1453 2076 1518 2116; x_wconf 88' lang='lat' dir='ltr'><strong>ex</strong></span> <span class='ocrx_word' id='word_1_158' title='bbox 1551 2061 1756 2131; x_wconf 86' lang='lat' dir='ltr'><strong>quibus</strong></span> 
     </span>
    </p>
   </div>
   <div class='ocr_carea' id='block_1_21' title="bbox 169 2150 1747 2222">
    <p class='ocr_par' dir='ltr' id='par_1_21' title="bbox 169 2150 1747 2222">
     <span class='ocr_line' id='line_1_21' title="bbox 169 2150 1747 2222; baseline 0.001 -18"><span class='ocrx_word' id='word_1_159' title='bbox 169 2151 535 2204; x_wconf 85' lang='lat' dir='ltr'><strong>convinceres</strong></span> <span class='ocrx_word' id='word_1_160' title='bbox 565 2150 899 2206; x_wconf 89' lang='lat' dir='ltr'><strong>Clementem</strong></span> <span class='ocrx_word' id='word_1_161' title='bbox 931 2151 1076 2222; x_wconf 90' lang='lat' dir='ltr'><strong>quod</strong></span> <span class='ocrx_word' id='word_1_162' title='bbox 1107 2151 1295 2220; x_wconf 76' lang='lat' dir='ltr'><strong>genesi</strong></span> <span class='ocrx_word' id='word_1_163' title='bbox 1340 2152 1523 2207; x_wconf 84' lang='lat' dir='ltr'><strong>omnia</strong></span> <span class='ocrx_word' id='word_1_164' title='bbox 1563 2153 1747 2222; x_wconf 84' lang='lat' dir='ltr'><strong>subja-</strong></span> 
     </span>
    </p>
   </div>
   <div class='ocr_carea' id='block_1_22' title="bbox 169 2240 1755 2314">
    <p class='ocr_par' dir='ltr' id='par_1_22' title="bbox 169 2240 1755 2314">
     <span class='ocr_line' id='line_1_22' title="bbox 169 2240 1755 2314; baseline 0.001 -18"><span class='ocrx_word' id='word_1_165' title='bbox 169 2247 351 2302; x_wconf 82' lang='lat' dir='ltr'><strong>ceant,</strong></span> <span class='ocrx_word' id='word_1_166' title='bbox 389 2251 480 2294; x_wconf 92' lang='lat' dir='ltr'><strong>aut</strong></span> <span class='ocrx_word' id='word_1_167' title='bbox 507 2240 577 2294; x_wconf 90' lang='lat' dir='ltr'><strong>ab</strong></span> <span class='ocrx_word' id='word_1_168' title='bbox 607 2240 726 2311; x_wconf 90' lang='lat' dir='ltr'><strong>ipso</strong></span> <span class='ocrx_word' id='word_1_169' title='bbox 752 2241 999 2298; x_wconf 87' lang='lat' dir='ltr'><strong>disceres</strong></span> <span class='ocrx_word' id='word_1_170' title='bbox 1052 2242 1196 2314; x_wconf 93' lang='lat' dir='ltr'><strong>quod</strong></span> <span class='ocrx_word' id='word_1_171' title='bbox 1231 2258 1328 2313; x_wconf 90' lang='lat' dir='ltr'><strong>per</strong></span> <span class='ocrx_word' id='word_1_172' title='bbox 1350 2240 1755 2297; x_wconf 78' lang='lat' dir='ltr'><strong>Providentiam</strong></span> 
     </span>
    </p>
   </div>
   <div class='ocr_carea' id='block_1_23' title="bbox 172 2333 1755 2404">
    <p class='ocr_par' dir='ltr' id='par_1_23' title="bbox 172 2333 1755 2404">
     <span class='ocr_line' id='line_1_23' title="bbox 172 2333 1755 2404; baseline 0.003 -19"><span class='ocrx_word' id='word_1_173' title='bbox 172 2340 440 2401; x_wconf 82' lang='lat' dir='ltr'><strong>reguntur</strong></span> <span class='ocrx_word' id='word_1_174' title='bbox 465 2333 740 2396; x_wconf 77' lang='lat' dir='ltr'><strong>universa,</strong></span> <span class='ocrx_word' id='word_1_175' title='bbox 766 2342 820 2388; x_wconf 92' lang='lat' dir='ltr'><strong>et</strong></span> <span class='ocrx_word' id='word_1_176' title='bbox 840 2341 924 2389; x_wconf 86' lang='lat' dir='ltr'><strong>est</strong></span> <span class='ocrx_word' id='word_1_177' title='bbox 948 2335 1111 2389; x_wconf 84' lang='lat' dir='ltr'><strong>etiam</strong></span> <span class='ocrx_word' id='word_1_178' title='bbox 1133 2335 1335 2404; x_wconf 89' lang='lat' dir='ltr'><strong>aliquid</strong></span> <span class='ocrx_word' id='word_1_179' title='bbox 1368 2335 1421 2388; x_wconf 91' lang='lat' dir='ltr'><strong>in</strong></span> <span class='ocrx_word' id='word_1_180' title='bbox 1453 2334 1634 2401; x_wconf 89' lang='lat' dir='ltr'><strong>nobis,</strong></span> <span class='ocrx_word' id='word_1_181' title='bbox 1653 2335 1755 2389; x_wconf 92' lang='lat' dir='ltr'><strong>hoc</strong></span> 
     </span>
    </p>
   </div>
   <div class='ocr_carea' id='block_1_24' title="bbox 169 2423 1752 2498">
    <p class='ocr_par' dir='ltr' id='par_1_24' title="bbox 169 2423 1752 2498">
     <span class='ocr_line' id='line_1_24' title="bbox 169 2423 1752 2498; baseline 0.003 -20"><span class='ocrx_word' id='word_1_182' title='bbox 169 2423 430 2493; x_wconf 72' lang='lat' dir='ltr'><strong>expedire</strong></span> <span class='ocrx_word' id='word_1_183' title='bbox 473 2441 570 2480; x_wconf 87' lang='lat' dir='ltr'><strong>vos</strong></span> <span class='ocrx_word' id='word_1_184' title='bbox 617 2425 892 2479; x_wconf 84' lang='lat' dir='ltr'><strong>convenit.</strong></span> <span class='ocrx_word' id='word_1_185' title='bbox 925 2425 1006 2479; x_wconf 82' lang='lat' dir='ltr'><strong>Ad</strong></span> <span class='ocrx_word' id='word_1_186' title='bbox 1055 2425 1169 2480; x_wconf 61' lang='lat' dir='ltr'><strong>haec</strong></span> <span class='ocrx_word' id='word_1_187' title='bbox 1216 2441 1380 2482; x_wconf 86' lang='lat' dir='ltr'><strong>senex</strong></span> <span class='ocrx_word' id='word_1_188' title='bbox 1420 2426 1702 2498; x_wconf 88' lang='lat' dir='ltr'><strong>respondit</strong></span> <span class='ocrx_word' id='word_1_189' title='bbox 1737 2445 1752 2483; x_wconf 87' lang='lat'><strong>:</strong></span> 
     </span>
    </p>
   </div>
   <div class='ocr_carea' id='block_1_25' title="bbox 169 2519 1758 2590">
    <p class='ocr_par' dir='ltr' id='par_1_25' title="bbox 169 2519 1758 2590">
     <span class='ocr_line' id='line_1_25' title="bbox 169 2519 1758 2590; baseline 0.002 -17"><span class='ocrx_word' id='word_1_190' title='bbox 169 2520 293 2574; x_wconf 81' lang='lat' dir='ltr'><strong>Jam</strong></span> <span class='ocrx_word' id='word_1_191' title='bbox 323 2519 542 2589; x_wconf 91' lang='lat' dir='ltr'><strong>quidem</strong></span> <span class='ocrx_word' id='word_1_192' title='bbox 584 2520 1094 2575; x_wconf 57' lang='lat' dir='ltr'><strong>necessarium&#39;non</strong></span> <span class='ocrx_word' id='word_1_193' title='bbox 1131 2532 1246 2574; x_wconf 85' lang='lat' dir='ltr'><strong>erat</strong></span> <span class='ocrx_word' id='word_1_194' title='bbox 1279 2520 1591 2590; x_wconf 88' lang='lat' dir='ltr'><strong>lmjusmodi</strong></span> <span class='ocrx_word' id='word_1_195' title='bbox 1637 2537 1758 2576; x_wconf 85' lang='lat' dir='ltr'><strong>mo-</strong></span> 
     </span>
    </p>
   </div>
   <div class='ocr_carea' id='block_1_26' title="bbox 172 2613 1758 2684">
    <p class='ocr_par' dir='ltr' id='par_1_26' title="bbox 172 2613 1758 2684">
     <span class='ocr_line' id='line_1_26' title="bbox 172 2613 1758 2684; baseline 0.003 -21"><span class='ocrx_word' id='word_1_196' title='bbox 172 2627 301 2666; x_wconf 86' lang='lat' dir='ltr'><strong>vere</strong></span> <span class='ocrx_word' id='word_1_197' title='bbox 331 2613 680 2682; x_wconf 68' lang='lat' dir='ltr'><strong>quaestiones,</strong></span> <span class='ocrx_word' id='word_1_198' title='bbox 706 2613 752 2666; x_wconf 90' lang='lat' dir='ltr'><strong>si</strong></span> <span class='ocrx_word' id='word_1_199' title='bbox 787 2613 1048 2682; x_wconf 80' lang='lat' dir='ltr'><strong>possibile</strong></span> <span class='ocrx_word' id='word_1_200' title='bbox 1076 2620 1224 2667; x_wconf 89' lang='lat' dir='ltr'><strong>esset</strong></span> <span class='ocrx_word' id='word_1_201' title='bbox 1241 2613 1398 2668; x_wconf 89' lang='lat' dir='ltr'><strong>nobis</strong></span> <span class='ocrx_word' id='word_1_202' title='bbox 1422 2627 1454 2666; x_wconf 94' lang='lat' dir='ltr'><strong>a</strong></span> <span class='ocrx_word' id='word_1_203' title='bbox 1483 2627 1614 2666; x_wconf 90' lang='lat' dir='ltr'><strong>vero</strong></span> <span class='ocrx_word' id='word_1_204' title='bbox 1637 2628 1758 2684; x_wconf 88' lang='lat' dir='ltr'><strong>pro—</strong></span> 
     </span>
    </p>
   </div>
   <div class='ocr_carea' id='block_1_27' title="bbox 175 2703 1756 2775">
    <p class='ocr_par' dir='ltr' id='par_1_27' title="bbox 175 2703 1756 2775">
     <span class='ocr_line' id='line_1_27' title="bbox 175 2703 1756 2775; baseline 0.001 -17"><span class='ocrx_word' id='word_1_205' title='bbox 175 2704 338 2774; x_wconf 83' lang='lat' dir='ltr'><strong>pheta</strong></span> <span class='ocrx_word' id='word_1_206' title='bbox 368 2705 580 2759; x_wconf 87' lang='lat' dir='ltr'><strong>discere</strong></span> <span class='ocrx_word' id='word_1_207' title='bbox 611 2711 665 2758; x_wconf 93' lang='lat' dir='ltr'><strong>et</strong></span> <span class='ocrx_word' id='word_1_208' title='bbox 694 2705 884 2758; x_wconf 87' lang='lat' dir='ltr'><strong>audire</strong></span> <span class='ocrx_word' id='word_1_209' title='bbox 933 2703 1154 2759; x_wconf 87' lang='lat' dir='ltr'><strong>definita</strong></span> <span class='ocrx_word' id='word_1_210' title='bbox 1192 2704 1488 2770; x_wconf 85' lang='lat' dir='ltr'><strong>sententia,</strong></span> <span class='ocrx_word' id='word_1_211' title='bbox 1519 2705 1649 2775; x_wconf 88' lang='lat' dir='ltr'><strong>quia</strong></span> <span class='ocrx_word' id='word_1_212' title='bbox 1683 2705 1756 2760; x_wconf 88' lang='lat' dir='ltr'><strong>sit</strong></span> 
     </span>
    </p>
   </div>
   <div class='ocr_carea' id='block_1_28' title="bbox 173 2796 1756 2866">
    <p class='ocr_par' dir='ltr' id='par_1_28' title="bbox 173 2796 1756 2866">
     <span class='ocr_line' id='line_1_28' title="bbox 173 2796 1756 2866; baseline 0.004 -18"><span class='ocrx_word' id='word_1_213' title='bbox 173 2796 378 2865; x_wconf 89' lang='lat' dir='ltr'><strong>aliquid</strong></span> <span class='ocrx_word' id='word_1_214' title='bbox 399 2797 452 2849; x_wconf 90' lang='lat' dir='ltr'><strong>in</strong></span> <span class='ocrx_word' id='word_1_215' title='bbox 473 2797 628 2852; x_wconf 88' lang='lat' dir='ltr'><strong>nobis</strong></span> <span class='ocrx_word' id='word_1_216' title='bbox 650 2805 704 2851; x_wconf 84' lang='lat' dir='ltr'><strong>et</strong></span> <span class='ocrx_word' id='word_1_217' title='bbox 720 2798 773 2851; x_wconf 90' lang='lat' dir='ltr'><strong>in</strong></span> <span class='ocrx_word' id='word_1_218' title='bbox 792 2797 1005 2851; x_wconf 86' lang='lat' dir='ltr'><strong>arbitrii</strong></span> <span class='ocrx_word' id='word_1_219' title='bbox 1030 2797 1269 2866; x_wconf 86' lang='lat' dir='ltr'><strong>positum</strong></span> <span class='ocrx_word' id='word_1_220' title='bbox 1287 2797 1572 2865; x_wconf 84' lang='lat' dir='ltr'><strong>libertate;</strong></span> <span class='ocrx_word' id='word_1_221' title='bbox 1598 2798 1756 2854; x_wconf 80' lang='lat' dir='ltr'><strong>valde</strong></span> 
     </span>
    </p>
   </div>
   <div class='ocr_carea' id='block_1_29' title="bbox 172 2887 1756 2960">
    <p class='ocr_par' dir='ltr' id='par_1_29' title="bbox 172 2887 1756 2960">
     <span class='ocr_line' id='line_1_29' title="bbox 172 2887 1756 2960; baseline 0.003 -18"><span class='ocrx_word' id='word_1_222' title='bbox 172 2888 319 2942; x_wconf 89' lang='lat' dir='ltr'><strong>enim</strong></span> <span class='ocrx_word' id='word_1_223' title='bbox 373 2903 458 2942; x_wconf 90' lang='lat' dir='ltr'><strong>me</strong></span> <span class='ocrx_word' id='word_1_224' title='bbox 497 2903 679 2943; x_wconf 89' lang='lat' dir='ltr'><strong>sermo</strong></span> <span class='ocrx_word' id='word_1_225' title='bbox 718 2897 847 2943; x_wconf 92' lang='lat' dir='ltr'><strong>tuus</strong></span> <span class='ocrx_word' id='word_1_226' title='bbox 886 2887 1054 2942; x_wconf 90' lang='lat' dir='ltr'><strong>movit</strong></span> <span class='ocrx_word' id='word_1_227' title='bbox 1089 2887 1404 2955; x_wconf 82' lang='lat' dir='ltr'><strong>hesternus,</strong></span> <span class='ocrx_word' id='word_1_228' title='bbox 1451 2891 1504 2944; x_wconf 94' lang='lat' dir='ltr'><strong>in</strong></span> <span class='ocrx_word' id='word_1_229' title='bbox 1537 2904 1646 2960; x_wconf 91' lang='lat' dir='ltr'><strong>quo</strong></span> <span class='ocrx_word' id='word_1_230' title='bbox 1687 2890 1756 2946; x_wconf 87' lang='lat' dir='ltr'><strong>de</strong></span> 
     </span>
    </p>
   </div>
   <div class='ocr_carea' id='block_1_30' title="bbox 174 2963 1755 3048">
    <p class='ocr_par' dir='ltr' id='par_1_30' title="bbox 174 2963 1755 3048">
     <span class='ocr_line' id='line_1_30' title="bbox 174 2963 1755 3048; baseline 0.003 -18"><span class='ocrx_word' id='word_1_231' title='bbox 174 2979 378 3032; x_wconf 83' lang='lat' dir='ltr'><strong>virtute</strong></span> <span class='ocrx_word' id='word_1_232' title='bbox 419 2978 735 3048; x_wconf 84' lang='lat' dir='ltr'><strong>prophetica</strong></span> <span class='ocrx_word' id='word_1_233' title='bbox 762 2963 1078 3047; x_wconf 80' lang='lat' dir='ltr'><strong>disputasti.</strong></span> <span class='ocrx_word' id='word_1_234' title='bbox 1114 2976 1270 3032; x_wconf 86' lang='lat' dir='ltr'><strong>Unde</strong></span> <span class='ocrx_word' id='word_1_235' title='bbox 1297 2986 1352 3032; x_wconf 91' lang='lat' dir='ltr'><strong>et</strong></span> <span class='ocrx_word' id='word_1_236' title='bbox 1380 2994 1481 3048; x_wconf 88' lang='lat' dir='ltr'><strong>ego</strong></span> <span class='ocrx_word' id='word_1_237' title='bbox 1513 2979 1755 3036; x_wconf 81' lang='lat' dir='ltr'><strong>assentio</strong></span> 
     </span>
    </p>
   </div>
   <div class='ocr_carea' id='block_1_31' title="bbox 173 3070 1756 3141">
    <p class='ocr_par' dir='ltr' id='par_1_31' title="bbox 173 3070 1756 3141">
     <span class='ocr_line' id='line_1_31' title="bbox 173 3070 1756 3141; baseline 0.001 -17"><span class='ocrx_word' id='word_1_238' title='bbox 173 3081 228 3124; x_wconf 89' lang='lat' dir='ltr'><strong>et</strong></span> <span class='ocrx_word' id='word_1_239' title='bbox 274 3072 539 3124; x_wconf 88' lang='lat' dir='ltr'><strong>conlirmo</strong></span> <span class='ocrx_word' id='word_1_240' title='bbox 571 3070 900 3125; x_wconf 87' lang='lat' dir='ltr'><strong>sententiam</strong></span> <span class='ocrx_word' id='word_1_241' title='bbox 946 3080 1119 3133; x_wconf 89' lang='lat' dir='ltr'><strong>tuam,</strong></span> <span class='ocrx_word' id='word_1_242' title='bbox 1154 3072 1282 3140; x_wconf 90' lang='lat' dir='ltr'><strong>quia</strong></span> <span class='ocrx_word' id='word_1_243' title='bbox 1313 3071 1450 3126; x_wconf 89' lang='lat' dir='ltr'><strong>nihil</strong></span> <span class='ocrx_word' id='word_1_244' title='bbox 1473 3077 1656 3141; x_wconf 88' lang='lat' dir='ltr'><strong>potest</strong></span> <span class='ocrx_word' id='word_1_245' title='bbox 1686 3071 1756 3125; x_wconf 88' lang='lat' dir='ltr'><strong>ab</strong></span> 
     </span>
    </p>
   </div>
   <div class='ocr_carea' id='block_1_32' title="bbox 171 3161 1756 3232">
    <p class='ocr_par' dir='ltr' id='par_1_32' title="bbox 171 3161 1756 3232">
     <span class='ocr_line' id='line_1_32' title="bbox 171 3161 1756 3232; baseline 0.002 -17"><span class='ocrx_word' id='word_1_246' title='bbox 171 3161 395 3217; x_wconf 86' lang='lat' dir='ltr'><strong>homine</strong></span> <span class='ocrx_word' id='word_1_247' title='bbox 444 3169 653 3214; x_wconf 90' lang='lat' dir='ltr'><strong>certum</strong></span> <span class='ocrx_word' id='word_1_248' title='bbox 695 3161 1174 3232; x_wconf 87' lang='lat' dir='ltr'><strong>indubitatumque</strong></span> <span class='ocrx_word' id='word_1_249' title='bbox 1217 3161 1498 3232; x_wconf 82' lang='lat' dir='ltr'><strong>cognosci,</strong></span> <span class='ocrx_word' id='word_1_250' title='bbox 1551 3161 1640 3215; x_wconf 94' lang='lat' dir='ltr'><strong>cui</strong></span> <span class='ocrx_word' id='word_1_251' title='bbox 1699 3171 1756 3218; x_wconf 85' lang='lat' dir='ltr'><strong>et</strong></span> 
     </span>
    </p>
   </div>
   <div class='ocr_carea' id='block_1_33' title="bbox 171 3253 1753 3325">
    <p class='ocr_par' dir='ltr' id='par_1_33' title="bbox 171 3253 1753 3325">
     <span class='ocr_line' id='line_1_33' title="bbox 171 3253 1753 3325; baseline -0.002 -14"><span class='ocrx_word' id='word_1_252' title='bbox 171 3257 432 3325; x_wconf 85' lang='lat' dir='ltr'><strong>exiguum</strong></span> <span class='ocrx_word' id='word_1_253' title='bbox 464 3256 591 3310; x_wconf 74' lang='lat' dir='ltr'><strong>vita:</strong></span> <span class='ocrx_word' id='word_1_254' title='bbox 636 3263 853 3325; x_wconf 89' lang='lat' dir='ltr'><strong>tempus</strong></span> <span class='ocrx_word' id='word_1_255' title='bbox 884 3262 968 3310; x_wconf 89' lang='lat' dir='ltr'><strong>est</strong></span> <span class='ocrx_word' id='word_1_256' title='bbox 997 3262 1051 3310; x_wconf 90' lang='lat' dir='ltr'><strong>et</strong></span> <span class='ocrx_word' id='word_1_257' title='bbox 1096 3257 1262 3310; x_wconf 89' lang='lat' dir='ltr'><strong>breve</strong></span> <span class='ocrx_word' id='word_1_258' title='bbox 1291 3269 1355 3309; x_wconf 91' lang='lat' dir='ltr'><strong>ac</strong></span> <span class='ocrx_word' id='word_1_259' title='bbox 1386 3262 1548 3310; x_wconf 87' lang='lat' dir='ltr'><strong>tenue</strong></span> <span class='ocrx_word' id='word_1_260' title='bbox 1577 3253 1753 3325; x_wconf 87' lang='lat' dir='ltr'><strong>spira-</strong></span> 
     </span>
    </p>
   </div>
   <div class='ocr_carea' id='block_1_34' title="bbox 173 3340 1758 3415">
    <p class='ocr_par' dir='ltr' id='par_1_34' title="bbox 173 3340 1758 3415">
     <span class='ocr_line' id='line_1_34' title="bbox 173 3340 1758 3415; baseline 0.001 -16"><span class='ocrx_word' id='word_1_261' title='bbox 173 3363 321 3408; x_wconf 91' lang='lat' dir='ltr'><strong>men,</strong></span> <span class='ocrx_word' id='word_1_262' title='bbox 349 3362 457 3415; x_wconf 90' lang='lat' dir='ltr'><strong>quo</strong></span> <span class='ocrx_word' id='word_1_263' title='bbox 487 3340 709 3401; x_wconf 83' lang='lat' dir='ltr'><strong>retineri</strong></span> <span class='ocrx_word' id='word_1_264' title='bbox 730 3347 948 3401; x_wconf 69' lang='lat' dir='ltr'><strong>videtur</strong></span> <span class='ocrx_word' id='word_1_265' title='bbox 969 3347 1023 3400; x_wconf 88' lang='lat' dir='ltr'><strong>in</strong></span> <span class='ocrx_word' id='word_1_266' title='bbox 1054 3347 1184 3400; x_wconf 89' lang='lat' dir='ltr'><strong>vita.</strong></span> <span class='ocrx_word' id='word_1_267' title='bbox 1211 3344 1595 3401; x_wconf 81' lang='lat' dir='ltr'><strong>Verumtamen</strong></span> <span class='ocrx_word' id='word_1_268' title='bbox 1627 3360 1758 3415; x_wconf 89' lang='lat' dir='ltr'><strong>quo-</strong></span> 
     </span>
    </p>
   </div>
   <div class='ocr_carea' id='block_1_35' title="bbox 176 3435 1757 3509">
    <p class='ocr_par' dir='ltr' id='par_1_35' title="bbox 176 3435 1757 3509">
     <span class='ocr_line' id='line_1_35' title="bbox 176 3435 1757 3509; baseline 0 -17"><span class='ocrx_word' id='word_1_269' title='bbox 176 3437 323 3492; x_wconf 89' lang='lat' dir='ltr'><strong>niam</strong></span> <span class='ocrx_word' id='word_1_270' title='bbox 365 3438 688 3507; x_wconf 87' lang='lat' dir='ltr'><strong>priusquam</strong></span> <span class='ocrx_word' id='word_1_271' title='bbox 731 3436 800 3493; x_wconf 90' lang='lat' dir='ltr'><strong>de</strong></span> <span class='ocrx_word' id='word_1_272' title='bbox 833 3437 1153 3509; x_wconf 88' lang='lat' dir='ltr'><strong>pr0phetica</strong></span> <span class='ocrx_word' id='word_1_273' title='bbox 1183 3437 1384 3491; x_wconf 88' lang='lat' dir='ltr'><strong>virtute</strong></span> <span class='ocrx_word' id='word_1_274' title='bbox 1415 3435 1622 3506; x_wconf 88' lang='lat' dir='ltr'><strong>aliquid</strong></span> <span class='ocrx_word' id='word_1_275' title='bbox 1652 3451 1757 3492; x_wconf 84' lang='lat' dir='ltr'><strong>au-</strong></span> 
     </span>
    </p>
   </div>
   <div class='ocr_carea' id='block_1_36' title="bbox 175 3524 1753 3595">
    <p class='ocr_par' dir='ltr' id='par_1_36' title="bbox 175 3524 1753 3595">
     <span class='ocr_line' id='line_1_36' title="bbox 175 3524 1753 3595; baseline 0.001 -16"><span class='ocrx_word' id='word_1_276' title='bbox 175 3525 375 3590; x_wconf 89' lang='lat' dir='ltr'><strong>direm,</strong></span> <span class='ocrx_word' id='word_1_277' title='bbox 429 3526 706 3595; x_wconf 89' lang='lat' dir='ltr'><strong>pollicitus</strong></span> <span class='ocrx_word' id='word_1_278' title='bbox 751 3528 940 3582; x_wconf 88' lang='lat' dir='ltr'><strong>videor</strong></span> <span class='ocrx_word' id='word_1_279' title='bbox 969 3527 1259 3591; x_wconf 88' lang='lat' dir='ltr'><strong>Clementi,</strong></span> <span class='ocrx_word' id='word_1_280' title='bbox 1293 3535 1353 3580; x_wconf 92' lang='lat' dir='ltr'><strong>ut</strong></span> <span class='ocrx_word' id='word_1_281' title='bbox 1383 3524 1753 3592; x_wconf 85' lang='lat' dir='ltr'><strong>ostenderem,</strong></span> 
     </span>
    </p>
   </div>
   <div class='ocr_carea' id='block_1_37' title="bbox 176 3617 1759 3690">
    <p class='ocr_par' dir='ltr' id='par_1_37' title="bbox 176 3617 1759 3690">
     <span class='ocr_line' id='line_1_37' title="bbox 176 3617 1759 3690; baseline 0.002 -19"><span class='ocrx_word' id='word_1_282' title='bbox 176 3617 306 3687; x_wconf 90' lang='lat' dir='ltr'><strong>quia</strong></span> <span class='ocrx_word' id='word_1_283' title='bbox 335 3619 518 3672; x_wconf 84' lang='lat' dir='ltr'><strong>omnia</strong></span> <span class='ocrx_word' id='word_1_284' title='bbox 543 3619 789 3688; x_wconf 74' lang='lat' dir='ltr'><strong>subjecta</strong></span> <span class='ocrx_word' id='word_1_285' title='bbox 815 3627 944 3674; x_wconf 90' lang='lat' dir='ltr'><strong>sunt</strong></span> <span class='ocrx_word' id='word_1_286' title='bbox 978 3621 1186 3690; x_wconf 86' lang='lat' dir='ltr'><strong>genesi,</strong></span> <span class='ocrx_word' id='word_1_287' title='bbox 1213 3627 1305 3673; x_wconf 91' lang='lat' dir='ltr'><strong>aut</strong></span> <span class='ocrx_word' id='word_1_288' title='bbox 1329 3620 1398 3674; x_wconf 89' lang='lat' dir='ltr'><strong>ab</strong></span> <span class='ocrx_word' id='word_1_289' title='bbox 1428 3621 1546 3688; x_wconf 88' lang='lat' dir='ltr'><strong>ipso</strong></span> <span class='ocrx_word' id='word_1_290' title='bbox 1579 3619 1759 3674; x_wconf 84' lang='lat' dir='ltr'><strong>disce-</strong></span> 
     </span>
    </p>
   </div>
   <div class='ocr_carea' id='block_1_38' title="bbox 179 3707 1760 3779">
    <p class='ocr_par' dir='ltr' id='par_1_38' title="bbox 179 3707 1760 3779">
     <span class='ocr_line' id='line_1_38' title="bbox 179 3707 1760 3779; baseline 0.001 -18"><span class='ocrx_word' id='word_1_291' title='bbox 179 3722 315 3770; x_wconf 89' lang='lat' dir='ltr'><strong>rem,</strong></span> <span class='ocrx_word' id='word_1_292' title='bbox 347 3709 476 3778; x_wconf 91' lang='lat' dir='ltr'><strong>quia</strong></span> <span class='ocrx_word' id='word_1_293' title='bbox 504 3717 589 3764; x_wconf 90' lang='lat' dir='ltr'><strong>est</strong></span> <span class='ocrx_word' id='word_1_294' title='bbox 623 3711 828 3779; x_wconf 87' lang='lat' dir='ltr'><strong>aliquid</strong></span> <span class='ocrx_word' id='word_1_295' title='bbox 849 3717 903 3764; x_wconf 86' lang='lat' dir='ltr'><strong>et</strong></span> <span class='ocrx_word' id='word_1_296' title='bbox 936 3710 990 3764; x_wconf 91' lang='lat' dir='ltr'><strong>in</strong></span> <span class='ocrx_word' id='word_1_297' title='bbox 1015 3710 1196 3774; x_wconf 87' lang='lat' dir='ltr'><strong>nobis,</strong></span> <span class='ocrx_word' id='word_1_298' title='bbox 1231 3716 1448 3779; x_wconf 62' lang='lat' dir='ltr'><strong>praestet</strong></span> <span class='ocrx_word' id='word_1_299' title='bbox 1484 3707 1616 3762; x_wconf 89' lang='lat' dir='ltr'><strong>mihi</strong></span> <span class='ocrx_word' id='word_1_300' title='bbox 1642 3709 1760 3779; x_wconf 87' lang='lat' dir='ltr'><strong>ipse</strong></span> 
     </span>
    </p>
   </div>
   <div class='ocr_carea' id='block_1_39' title="bbox 179 3799 1758 3874">
    <p class='ocr_par' dir='ltr' id='par_1_39' title="bbox 179 3799 1758 3874">
     <span class='ocr_line' id='line_1_39' title="bbox 179 3799 1758 3874; baseline 0 -20"><span class='ocrx_word' id='word_1_301' title='bbox 179 3801 238 3854; x_wconf 91' lang='lat' dir='ltr'><strong>in</strong></span> <span class='ocrx_word' id='word_1_302' title='bbox 266 3799 368 3855; x_wconf 92' lang='lat' dir='ltr'><strong>hoc</strong></span> <span class='ocrx_word' id='word_1_303' title='bbox 385 3803 616 3870; x_wconf 83' lang='lat' dir='ltr'><strong>gratiam</strong></span> <span class='ocrx_word' id='word_1_304' title='bbox 646 3811 703 3856; x_wconf 93' lang='lat' dir='ltr'><strong>ut</strong></span> <span class='ocrx_word' id='word_1_305' title='bbox 726 3804 934 3874; x_wconf 91' lang='lat' dir='ltr'><strong>primus</strong></span> <span class='ocrx_word' id='word_1_306' title='bbox 964 3803 1188 3872; x_wconf 90' lang='lat' dir='ltr'><strong>incipiat</strong></span> <span class='ocrx_word' id='word_1_307' title='bbox 1215 3810 1268 3856; x_wconf 92' lang='lat' dir='ltr'><strong>et</strong></span> <span class='ocrx_word' id='word_1_308' title='bbox 1295 3815 1418 3871; x_wconf 69' lang='lat' dir='ltr'><strong>qua:</strong></span> <span class='ocrx_word' id='word_1_309' title='bbox 1437 3799 1602 3869; x_wconf 88' lang='lat' dir='ltr'><strong>objici</strong></span> <span class='ocrx_word' id='word_1_310' title='bbox 1632 3815 1758 3869; x_wconf 88' lang='lat' dir='ltr'><strong>pos-</strong></span> 
     </span>
    </p>
   </div>
   <div class='ocr_carea' id='block_1_40' title="bbox 179 3892 1729 3962">
    <p class='ocr_par' dir='ltr' id='par_1_40' title="bbox 179 3892 1729 3962">
     <span class='ocr_line' id='line_1_40' title="bbox 179 3892 1729 3962; baseline -0.002 -17"><span class='ocrx_word' id='word_1_311' title='bbox 179 3899 330 3956; x_wconf 90' lang='lat' dir='ltr'><strong>sunt,</strong></span> <span class='ocrx_word' id='word_1_312' title='bbox 362 3901 633 3962; x_wconf 89' lang='lat' dir='ltr'><strong>proponat</strong></span> <span class='ocrx_word' id='word_1_313' title='bbox 663 3904 716 3947; x_wconf 91' lang='lat' dir='ltr'><strong>et</strong></span> <span class='ocrx_word' id='word_1_314' title='bbox 754 3893 1033 3960; x_wconf 86' lang='lat' dir='ltr'><strong>absolvat;</strong></span> <span class='ocrx_word' id='word_1_315' title='bbox 1065 3907 1166 3962; x_wconf 90' lang='lat' dir='ltr'><strong>ego</strong></span> <span class='ocrx_word' id='word_1_316' title='bbox 1197 3892 1368 3957; x_wconf 88' lang='lat' dir='ltr'><strong>enim,</strong></span> <span class='ocrx_word' id='word_1_317' title='bbox 1398 3906 1464 3945; x_wconf 89' lang='lat' dir='ltr'><strong>ex</strong></span> <span class='ocrx_word' id='word_1_318' title='bbox 1495 3905 1604 3960; x_wconf 91' lang='lat' dir='ltr'><strong>quo</strong></span> <span class='ocrx_word' id='word_1_319' title='bbox 1626 3905 1729 3959; x_wconf 90' lang='lat' dir='ltr'><strong>pau</strong></span> 
     </span>
    </p>
   </div>
   <div class='ocr_carea' id='block_1_41' title="bbox 179 3984 1761 4056">
    <p class='ocr_par' dir='ltr' id='par_1_41' title="bbox 179 3984 1761 4056">
     <span class='ocr_line' id='line_1_41' title="bbox 179 3984 1761 4056; baseline 0 -19"><span class='ocrx_word' id='word_1_320' title='bbox 179 3985 265 4038; x_wconf 77' lang='lat' dir='ltr'><strong>eis</strong></span> <span class='ocrx_word' id='word_1_321' title='bbox 294 3998 324 4037; x_wconf 84' lang='lat' dir='ltr'><strong>a</strong></span> <span class='ocrx_word' id='word_1_322' title='bbox 353 3992 408 4040; x_wconf 91' lang='lat' dir='ltr'><strong>te</strong></span> <span class='ocrx_word' id='word_1_323' title='bbox 437 3985 621 4039; x_wconf 86' lang='lat' dir='ltr'><strong>audivi</strong></span> <span class='ocrx_word' id='word_1_324' title='bbox 650 3984 719 4040; x_wconf 92' lang='lat' dir='ltr'><strong>de</strong></span> <span class='ocrx_word' id='word_1_325' title='bbox 746 3987 950 4040; x_wconf 86' lang='lat' dir='ltr'><strong>virtute</strong></span> <span class='ocrx_word' id='word_1_326' title='bbox 977 3985 1295 4055; x_wconf 64' lang='lat' dir='ltr'><strong>prophetia.</strong></span> <span class='ocrx_word' id='word_1_327' title='bbox 1327 3984 1761 4056; x_wconf 84' lang='lat' dir='ltr'><strong>magnitudinem</strong></span> 
     </span>
    </p>
   </div>
   <div class='ocr_carea' id='block_1_42' title="bbox 181 4076 1762 4148">
    <p class='ocr_par' dir='ltr' id='par_1_42' title="bbox 181 4076 1762 4148">
     <span class='ocr_line' id='line_1_42' title="bbox 181 4076 1762 4148; baseline -0.003 -16"><span class='ocrx_word' id='word_1_328' title='bbox 181 4077 538 4148; x_wconf 69' lang='lat' dir='ltr'><strong>praescientize</strong></span> <span class='ocrx_word' id='word_1_329' title='bbox 576 4077 934 4132; x_wconf 85' lang='lat' dir='ltr'><strong>considerans</strong></span> <span class='ocrx_word' id='word_1_330' title='bbox 971 4078 1248 4147; x_wconf 88' lang='lat' dir='ltr'><strong>obstupui,</strong></span> <span class='ocrx_word' id='word_1_331' title='bbox 1277 4076 1473 4139; x_wconf 91' lang='lat' dir='ltr'><strong>fateor,</strong></span> <span class='ocrx_word' id='word_1_332' title='bbox 1514 4091 1614 4131; x_wconf 91' lang='lat' dir='ltr'><strong>nec</strong></span> <span class='ocrx_word' id='word_1_333' title='bbox 1643 4091 1762 4130; x_wconf 82' lang='lat' dir='ltr'><strong>om—</strong></span> 
     </span>
    </p>
   </div>
   <div class='ocr_carea' id='block_1_43' title="bbox 183 4167 1763 4240">
    <p class='ocr_par' dir='ltr' id='par_1_43' title="bbox 183 4167 1763 4240">
     <span class='ocr_line' id='line_1_43' title="bbox 183 4167 1763 4240; baseline -0.001 -16"><span class='ocrx_word' id='word_1_334' title='bbox 183 4170 314 4224; x_wconf 91' lang='lat' dir='ltr'><strong>nino</strong></span> <span class='ocrx_word' id='word_1_335' title='bbox 360 4169 736 4240; x_wconf 88' lang='lat' dir='ltr'><strong>recipiendum</strong></span> <span class='ocrx_word' id='word_1_336' title='bbox 769 4169 1069 4240; x_wconf 90' lang='lat' dir='ltr'><strong>quidquam</strong></span> <span class='ocrx_word' id='word_1_337' title='bbox 1099 4184 1322 4234; x_wconf 85' lang='lat' dir='ltr'><strong>censeo,</strong></span> <span class='ocrx_word' id='word_1_338' title='bbox 1367 4168 1513 4240; x_wconf 90' lang='lat' dir='ltr'><strong>quod</strong></span> <span class='ocrx_word' id='word_1_339' title='bbox 1571 4167 1763 4237; x_wconf 83' lang='lat' dir='ltr'><strong>conje-</strong></span> 
     </span>
    </p>
   </div>
   <div class='ocr_carea' id='block_1_44' title="bbox 183 4260 1160 4329">
    <p class='ocr_par' dir='ltr' id='par_1_44' title="bbox 183 4260 1160 4329">
     <span class='ocr_line' id='line_1_44' title="bbox 183 4260 1160 4329; baseline 0 -15"><span class='ocrx_word' id='word_1_340' title='bbox 183 4260 357 4315; x_wconf 88' lang='lat' dir='ltr'><strong>cturis</strong></span> <span class='ocrx_word' id='word_1_341' title='bbox 381 4268 436 4314; x_wconf 91' lang='lat' dir='ltr'><strong>et</strong></span> <span class='ocrx_word' id='word_1_342' title='bbox 461 4260 827 4315; x_wconf 68' lang='lat' dir='ltr'><strong>aestimatione</strong></span> <span class='ocrx_word' id='word_1_343' title='bbox 862 4260 1160 4329; x_wconf 87' lang='lat' dir='ltr'><strong>colligitur.</strong></span> 
     </span>
    </p>
   </div>
   <div class='ocr_carea' id='block_1_45' title="bbox 255 4348 1762 4422">
    <p class='ocr_par' dir='ltr' id='par_1_45' title="bbox 255 4348 1762 4422">
     <span class='ocr_line' id='line_1_45' title="bbox 255 4348 1762 4422; baseline -0.001 -18"><span class='ocrx_word' id='word_1_344' title='bbox 255 4348 339 4412; x_wconf 86' lang='lat' dir='ltr'><strong>lll.</strong></span> <span class='ocrx_word' id='word_1_345' title='bbox 383 4349 450 4404; x_wconf 82' lang='lat' dir='ltr'><strong>Et</strong></span> <span class='ocrx_word' id='word_1_346' title='bbox 487 4366 612 4404; x_wconf 92' lang='lat' dir='ltr'><strong>cum</strong></span> <span class='ocrx_word' id='word_1_347' title='bbox 640 4351 754 4406; x_wconf 69' lang='lat' dir='ltr'><strong>haec</strong></span> <span class='ocrx_word' id='word_1_348' title='bbox 787 4367 949 4406; x_wconf 85' lang='lat' dir='ltr'><strong>senex</strong></span> <span class='ocrx_word' id='word_1_349' title='bbox 983 4351 1235 4414; x_wconf 87' lang='lat' dir='ltr'><strong>dixisset,</strong></span> <span class='ocrx_word' id='word_1_350' title='bbox 1259 4365 1361 4422; x_wconf 89' lang='lat' dir='ltr'><strong>ego</strong></span> <span class='ocrx_word' id='word_1_351' title='bbox 1388 4349 1646 4405; x_wconf 87' lang='lat' dir='ltr'><strong>Clemens</strong></span> <span class='ocrx_word' id='word_1_352' title='bbox 1673 4349 1762 4404; x_wconf 80' lang='lat' dir='ltr'><strong>di-</strong></span> 
     </span>
    </p>
   </div>
   <div class='ocr_carea' id='block_1_46' title="bbox 186 4441 1766 4513">
    <p class='ocr_par' dir='ltr' id='par_1_46' title="bbox 186 4441 1766 4513">
     <span class='ocr_line' id='line_1_46' title="bbox 186 4441 1766 4513; baseline -0.003 -16"><span class='ocrx_word' id='word_1_353' title='bbox 186 4457 312 4497; x_wconf 88' lang='lat' dir='ltr'><strong>cere</strong></span> <span class='ocrx_word' id='word_1_354' title='bbox 341 4444 414 4497; x_wconf 90' lang='lat' dir='ltr'><strong>ita</strong></span> <span class='ocrx_word' id='word_1_355' title='bbox 446 4444 584 4511; x_wconf 71' lang='lat' dir='ltr'><strong>ccepi</strong></span> <span class='ocrx_word' id='word_1_356' title='bbox 620 4462 632 4497; x_wconf 91' lang='lat'>:</span> <span class='ocrx_word' id='word_1_357' title='bbox 665 4442 810 4497; x_wconf 89' lang='lat' dir='ltr'><strong>Deus</strong></span> <span class='ocrx_word' id='word_1_358' title='bbox 831 4459 928 4513; x_wconf 84' lang='lat' dir='ltr'><strong>per</strong></span> <span class='ocrx_word' id='word_1_359' title='bbox 959 4441 1154 4496; x_wconf 87' lang='lat' dir='ltr'><strong>Filium</strong></span> <span class='ocrx_word' id='word_1_360' title='bbox 1184 4458 1345 4498; x_wconf 90' lang='lat' dir='ltr'><strong>suum</strong></span> <span class='ocrx_word' id='word_1_361' title='bbox 1375 4443 1582 4496; x_wconf 87' lang='lat' dir='ltr'><strong>creavit</strong></span> <span class='ocrx_word' id='word_1_362' title='bbox 1613 4457 1766 4494; x_wconf 87' lang='lat' dir='ltr'><strong>mun-</strong></span> 
     </span>
    </p>
   </div>
   <div class='ocr_carea' id='block_1_47' title="bbox 1926 681 3439 759">
    <p class='ocr_par' dir='ltr' id='par_1_47' title="bbox 1926 681 3439 759">
     <span class='ocr_line' id='line_1_47' title="bbox 1926 681 3439 759; baseline 0.008 -23"><span class='ocrx_word' id='word_1_363' title='bbox 1926 681 2016 739; x_wconf 84' lang='lat' dir='ltr'><strong>lV.</strong></span> <span class='ocrx_word' id='word_1_364' title='bbox 2058 682 2164 738; x_wconf 89' lang='lat' dir='ltr'><strong>Sed</strong></span> <span class='ocrx_word' id='word_1_365' title='bbox 2223 685 2369 740; x_wconf 90' lang='lat' dir='ltr'><strong>dicet</strong></span> <span class='ocrx_word' id='word_1_366' title='bbox 2407 686 2607 756; x_wconf 87' lang='lat' dir='ltr'><strong>aliquis</strong></span> <span class='ocrx_word' id='word_1_367' title='bbox 2643 701 2657 738; x_wconf 87' lang='lat'><strong>:</strong></span> <span class='ocrx_word' id='word_1_368' title='bbox 2695 687 2838 754; x_wconf 85' lang='lat' dir='ltr'><strong>Quid</strong></span> <span class='ocrx_word' id='word_1_369' title='bbox 2875 691 3010 759; x_wconf 73' lang='lat' dir='ltr'><strong>ergo</strong></span> <span class='ocrx_word' id='word_1_370' title='bbox 3043 706 3270 747; x_wconf 88' lang='lat' dir='ltr'><strong>necesse</strong></span> <span class='ocrx_word' id='word_1_371' title='bbox 3318 703 3439 749; x_wconf 82' lang='lat' dir='ltr'><strong>erat</strong></span> 
     </span>
    </p>
   </div>
   <div class='ocr_carea' id='block_1_48' title="bbox 1857 770 3440 852">
    <p class='ocr_par' dir='ltr' id='par_1_48' title="bbox 1857 770 3440 852">
     <span class='ocr_line' id='line_1_48' title="bbox 1857 770 3440 852; baseline 0.011 -27"><span class='ocrx_word' id='word_1_372' title='bbox 1857 770 2022 827; x_wconf 83' lang='lat' dir='ltr'><strong>istum</strong></span> <span class='ocrx_word' id='word_1_373' title='bbox 2060 774 2358 844; x_wconf 83' lang='lat' dir='ltr'><strong>principem</strong></span> <span class='ocrx_word' id='word_1_374' title='bbox 2416 775 2554 840; x_wconf 83' lang='lat' dir='ltr'><strong>fleri,</strong></span> <span class='ocrx_word' id='word_1_375' title='bbox 2607 779 2700 847; x_wconf 92' lang='lat' dir='ltr'><strong>qui</strong></span> <span class='ocrx_word' id='word_1_376' title='bbox 2733 793 2762 832; x_wconf 88' lang='lat' dir='ltr'><strong>a</strong></span> <span class='ocrx_word' id='word_1_377' title='bbox 2795 796 2924 834; x_wconf 91' lang='lat' dir='ltr'><strong>vero</strong></span> <span class='ocrx_word' id='word_1_378' title='bbox 2951 781 3197 852; x_wconf 85' lang='lat' dir='ltr'><strong>principe</strong></span> <span class='ocrx_word' id='word_1_379' title='bbox 3229 794 3440 842; x_wconf 88' lang='lat' dir='ltr'><strong>mentes</strong></span> 
     </span>
    </p>
   </div>
   <div class='ocr_carea' id='block_1_49' title="bbox 1857 865 3438 942">
    <p class='ocr_par' dir='ltr' id='par_1_49' title="bbox 1857 865 3438 942">
     <span class='ocr_line' id='line_1_49' title="bbox 1857 865 3438 942; baseline 0.009 -25"><span class='ocrx_word' id='word_1_380' title='bbox 1857 865 2142 920; x_wconf 85' lang='lat' dir='ltr'><strong>hominum</strong></span> <span class='ocrx_word' id='word_1_381' title='bbox 2171 867 2515 923; x_wconf 85' lang='lat' dir='ltr'><strong>declinaret?</strong></span> <span class='ocrx_word' id='word_1_382' title='bbox 2545 869 2812 935; x_wconf 85' lang='lat' dir='ltr'><strong>Quoniam</strong></span> <span class='ocrx_word' id='word_1_383' title='bbox 2845 871 2987 929; x_wconf 86' lang='lat' dir='ltr'><strong>Deus</strong></span> <span class='ocrx_word' id='word_1_384' title='bbox 3026 876 3142 942; x_wconf 89' lang='lat' dir='ltr'><strong>qui,</strong></span> <span class='ocrx_word' id='word_1_385' title='bbox 3178 885 3237 930; x_wconf 88' lang='lat' dir='ltr'><strong>ut</strong></span> <span class='ocrx_word' id='word_1_386' title='bbox 3286 877 3438 941; x_wconf 89' lang='lat' dir='ltr'><strong>dixi,</strong></span> 
     </span>
    </p>
   </div>
   <div class='ocr_carea' id='block_1_50' title="bbox 1858 953 3440 1030">
    <p class='ocr_par' dir='ltr' id='par_1_50' title="bbox 1858 953 3440 1030">
     <span class='ocr_line' id='line_1_50' title="bbox 1858 953 3440 1030; baseline 0.008 -23"><span class='ocrx_word' id='word_1_387' title='bbox 1858 953 1998 1010; x_wconf 87' lang='lat' dir='ltr'><strong>Filio</strong></span> <span class='ocrx_word' id='word_1_388' title='bbox 2026 971 2128 1011; x_wconf 92' lang='lat' dir='ltr'><strong>suo</strong></span> <span class='ocrx_word' id='word_1_389' title='bbox 2178 957 2388 1013; x_wconf 89' lang='lat' dir='ltr'><strong>amicos</strong></span> <span class='ocrx_word' id='word_1_390' title='bbox 2418 960 2590 1012; x_wconf 88' lang='lat' dir='ltr'><strong>voluit</strong></span> <span class='ocrx_word' id='word_1_391' title='bbox 2620 975 2949 1030; x_wconf 66' lang='lat' dir='ltr'><strong>praeparare,</strong></span> <span class='ocrx_word' id='word_1_392' title='bbox 2997 977 3105 1016; x_wconf 94' lang='lat' dir='ltr'><strong>non</strong></span> <span class='ocrx_word' id='word_1_393' title='bbox 3159 977 3256 1018; x_wconf 87' lang='lat' dir='ltr'><strong>eos</strong></span> <span class='ocrx_word' id='word_1_394' title='bbox 3304 969 3440 1020; x_wconf 88' lang='lat' dir='ltr'><strong>tales</strong></span> 
     </span>
    </p>
   </div>
   <div class='ocr_carea' id='block_1_51' title="bbox 1857 1048 3439 1128">
    <p class='ocr_par' dir='ltr' id='par_1_51' title="bbox 1857 1048 3439 1128">
     <span class='ocr_line' id='line_1_51' title="bbox 1857 1048 3439 1128; baseline 0.006 -27"><span class='ocrx_word' id='word_1_395' title='bbox 1857 1062 1984 1104; x_wconf 90' lang='lat' dir='ltr'><strong>esse</strong></span> <span class='ocrx_word' id='word_1_396' title='bbox 2008 1048 2201 1113; x_wconf 89' lang='lat' dir='ltr'><strong>voluit,</strong></span> <span class='ocrx_word' id='word_1_397' title='bbox 2229 1050 2326 1120; x_wconf 89' lang='lat' dir='ltr'><strong>qui</strong></span> <span class='ocrx_word' id='word_1_398' title='bbox 2353 1052 2678 1106; x_wconf 89' lang='lat' dir='ltr'><strong>necessitate</strong></span> <span class='ocrx_word' id='word_1_399' title='bbox 2723 1059 2934 1108; x_wconf 67' lang='lat' dir='ltr'><strong>natura</strong></span> <span class='ocrx_word' id='word_1_400' title='bbox 2968 1053 3114 1108; x_wconf 84' lang='lat' dir='ltr'><strong>aliud</strong></span> <span class='ocrx_word' id='word_1_401' title='bbox 3145 1053 3280 1128; x_wconf 84' lang='lat' dir='ltr'><strong>quid</strong></span> <span class='ocrx_word' id='word_1_402' title='bbox 3317 1069 3439 1110; x_wconf 86' lang='lat' dir='ltr'><strong>esse</strong></span> 
     </span>
    </p>
   </div>
   <div class='ocr_carea' id='block_1_52' title="bbox 1859 1140 3435 1210">
    <p class='ocr_par' dir='ltr' id='par_1_52' title="bbox 1859 1140 3435 1210">
     <span class='ocr_line' id='line_1_52' title="bbox 1859 1140 3435 1210; baseline 0.004 -17"><span class='ocrx_word' id='word_1_403' title='bbox 1859 1153 1970 1194; x_wconf 93' lang='lat' dir='ltr'><strong>non</strong></span> <span class='ocrx_word' id='word_1_404' title='bbox 1993 1148 2240 1210; x_wconf 82' lang='lat' dir='ltr'><strong>possent,</strong></span> <span class='ocrx_word' id='word_1_405' title='bbox 2272 1140 2367 1196; x_wconf 90' lang='lat' dir='ltr'><strong>sed</strong></span> <span class='ocrx_word' id='word_1_406' title='bbox 2393 1141 2486 1210; x_wconf 91' lang='lat' dir='ltr'><strong>qui</strong></span> <span class='ocrx_word' id='word_1_407' title='bbox 2520 1141 2748 1196; x_wconf 89' lang='lat' dir='ltr'><strong>arbitrio</strong></span> <span class='ocrx_word' id='word_1_408' title='bbox 2778 1157 2879 1196; x_wconf 91' lang='lat' dir='ltr'><strong>suo</strong></span> <span class='ocrx_word' id='word_1_409' title='bbox 2911 1152 2965 1198; x_wconf 90' lang='lat' dir='ltr'><strong>et</strong></span> <span class='ocrx_word' id='word_1_410' title='bbox 2999 1144 3281 1201; x_wconf 86' lang='lat' dir='ltr'><strong>voluntate</strong></span> <span class='ocrx_word' id='word_1_411' title='bbox 3314 1145 3435 1200; x_wconf 78' lang='lat' dir='ltr'><strong>boni</strong></span> 
     </span>
    </p>
   </div>
   <div class='ocr_carea' id='block_1_53' title="bbox 1859 1231 3437 1308">
    <p class='ocr_par' dir='ltr' id='par_1_53' title="bbox 1859 1231 3437 1308">
     <span class='ocr_line' id='line_1_53' title="bbox 1859 1231 3437 1308; baseline 0.004 -22"><span class='ocrx_word' id='word_1_412' title='bbox 1859 1245 1984 1287; x_wconf 89' lang='lat' dir='ltr'><strong>esse</strong></span> <span class='ocrx_word' id='word_1_413' title='bbox 1999 1231 2379 1287; x_wconf 90' lang='lat' dir='ltr'><strong>desiderarent</strong></span> <span class='ocrx_word' id='word_1_414' title='bbox 2399 1251 2414 1300; x_wconf 89' lang='lat'><strong>;</strong></span> <span class='ocrx_word' id='word_1_415' title='bbox 2434 1235 2565 1304; x_wconf 85' lang='lat' dir='ltr'><strong>quia</strong></span> <span class='ocrx_word' id='word_1_416' title='bbox 2596 1250 2697 1290; x_wconf 90' lang='lat' dir='ltr'><strong>nec</strong></span> <span class='ocrx_word' id='word_1_417' title='bbox 2713 1235 2986 1291; x_wconf 87' lang='lat' dir='ltr'><strong>laudabile</strong></span> <span class='ocrx_word' id='word_1_418' title='bbox 3013 1238 3295 1308; x_wconf 80' lang='lat' dir='ltr'><strong>est,.quod</strong></span> <span class='ocrx_word' id='word_1_419' title='bbox 3328 1254 3437 1292; x_wconf 90' lang='lat' dir='ltr'><strong>non</strong></span> 
     </span>
    </p>
   </div>
   <div class='ocr_carea' id='block_1_54' title="bbox 1861 1322 3441 1398">
    <p class='ocr_par' dir='ltr' id='par_1_54' title="bbox 1861 1322 3441 1398">
     <span class='ocr_line' id='line_1_54' title="bbox 1861 1322 3441 1398; baseline 0.006 -21"><span class='ocrx_word' id='word_1_420' title='bbox 1861 1330 1946 1378; x_wconf 91' lang='lat' dir='ltr'><strong>est</strong></span> <span class='ocrx_word' id='word_1_421' title='bbox 1989 1322 2375 1388; x_wconf 89' lang='lat' dir='ltr'><strong>desiderabile,</strong></span> <span class='ocrx_word' id='word_1_422' title='bbox 2429 1339 2553 1380; x_wconf 85' lang='lat' dir='ltr'><strong>nec.</strong></span> <span class='ocrx_word' id='word_1_423' title='bbox 2580 1326 2783 1381; x_wconf 90' lang='lat' dir='ltr'><strong>bonum</strong></span> <span class='ocrx_word' id='word_1_424' title='bbox 2815 1327 3118 1395; x_wconf 87' lang='lat' dir='ltr'><strong>judicatur,</strong></span> <span class='ocrx_word' id='word_1_425' title='bbox 3151 1330 3294 1398; x_wconf 91' lang='lat' dir='ltr'><strong>quod</strong></span> <span class='ocrx_word' id='word_1_426' title='bbox 3331 1345 3441 1386; x_wconf 80' lang='lat' dir='ltr'><strong>non</strong></span> 
     </span>
    </p>
   </div>
   <div class='ocr_carea' id='block_1_55' title="bbox 1861 1416 3439 1489">
    <p class='ocr_par' dir='ltr' id='par_1_55' title="bbox 1861 1416 3439 1489">
     <span class='ocr_line' id='line_1_55' title="bbox 1861 1416 3439 1489; baseline 0.006 -22"><span class='ocrx_word' id='word_1_427' title='bbox 1861 1417 2147 1485; x_wconf 89' lang='lat' dir='ltr'><strong>proposito</strong></span> <span class='ocrx_word' id='word_1_428' title='bbox 2175 1417 2450 1487; x_wconf 88' lang='lat' dir='ltr'><strong>expetitur</strong></span> <span class='ocrx_word' id='word_1_429' title='bbox 2481 1432 2497 1471; x_wconf 88' lang='lat'><strong>:</strong></span> <span class='ocrx_word' id='word_1_430' title='bbox 2532 1416 2668 1471; x_wconf 90' lang='lat' dir='ltr'><strong>nihil</strong></span> <span class='ocrx_word' id='word_1_431' title='bbox 2694 1418 2840 1472; x_wconf 90' lang='lat' dir='ltr'><strong>enim</strong></span> <span class='ocrx_word' id='word_1_432' title='bbox 2870 1419 3050 1474; x_wconf 89' lang='lat' dir='ltr'><strong>laudis</strong></span> <span class='ocrx_word' id='word_1_433' title='bbox 3079 1428 3163 1474; x_wconf 90' lang='lat' dir='ltr'><strong>est</strong></span> <span class='ocrx_word' id='word_1_434' title='bbox 3194 1421 3246 1475; x_wconf 83' lang='lat' dir='ltr'><strong>id</strong></span> <span class='ocrx_word' id='word_1_435' title='bbox 3296 1437 3439 1489; x_wconf 89' lang='lat' dir='ltr'><strong>esse,</strong></span> 
     </span>
    </p>
   </div>
   <div class='ocr_carea' id='block_1_56' title="bbox 1863 1509 3431 1577">
    <p class='ocr_par' dir='ltr' id='par_1_56' title="bbox 1863 1509 3431 1577">
     <span class='ocr_line' id='line_1_56' title="bbox 1863 1509 3431 1577; baseline 0.006 -17"><span class='ocrx_word' id='word_1_436' title='bbox 1863 1522 1894 1560; x_wconf 91' lang='lat' dir='ltr'><strong>a</strong></span> <span class='ocrx_word' id='word_1_437' title='bbox 1924 1522 2033 1577; x_wconf 89' lang='lat' dir='ltr'><strong>quo</strong></span> <span class='ocrx_word' id='word_1_438' title='bbox 2072 1515 2128 1562; x_wconf 90' lang='lat' dir='ltr'><strong>te</strong></span> <span class='ocrx_word' id='word_1_439' title='bbox 2153 1509 2355 1562; x_wconf 83' lang='lat' dir='ltr'><strong>mutari</strong></span> <span class='ocrx_word' id='word_1_440' title='bbox 2386 1518 2598 1564; x_wconf 73' lang='lat' dir='ltr'><strong>naturae</strong></span> <span class='ocrx_word' id='word_1_441' title='bbox 2631 1511 2938 1565; x_wconf 84' lang='lat' dir='ltr'><strong>necessitas</strong></span> <span class='ocrx_word' id='word_1_442' title='bbox 2969 1527 3078 1566; x_wconf 93' lang='lat' dir='ltr'><strong>non</strong></span> <span class='ocrx_word' id='word_1_443' title='bbox 3113 1513 3276 1568; x_wconf 85' lang='lat' dir='ltr'><strong>sinat.</strong></span> <span class='ocrx_word' id='word_1_444' title='bbox 3306 1512 3431 1569; x_wconf 84' lang='lat' dir='ltr'><strong>Pro-</strong></span> 
     </span>
    </p>
   </div>
   <div class='ocr_carea' id='block_1_57' title="bbox 1863 1598 3438 1671">
    <p class='ocr_par' dir='ltr' id='par_1_57' title="bbox 1863 1598 3438 1671">
     <span class='ocr_line' id='line_1_57' title="bbox 1863 1598 3438 1671; baseline 0.004 -18"><span class='ocrx_word' id='word_1_445' title='bbox 1863 1598 2104 1654; x_wconf 86' lang='lat' dir='ltr'><strong>videntia</strong></span> <span class='ocrx_word' id='word_1_446' title='bbox 2130 1614 2261 1671; x_wconf 87' lang='lat' dir='ltr'><strong>ergo</strong></span> <span class='ocrx_word' id='word_1_447' title='bbox 2293 1598 2387 1656; x_wconf 90' lang='lat' dir='ltr'><strong>Dei</strong></span> <span class='ocrx_word' id='word_1_448' title='bbox 2428 1600 2710 1655; x_wconf 91' lang='lat' dir='ltr'><strong>hominum</strong></span> <span class='ocrx_word' id='word_1_449' title='bbox 2752 1603 3156 1658; x_wconf 86' lang='lat' dir='ltr'><strong>multitudinem</strong></span> <span class='ocrx_word' id='word_1_450' title='bbox 3191 1607 3344 1660; x_wconf 87' lang='lat' dir='ltr'><strong>nasci</strong></span> <span class='ocrx_word' id='word_1_451' title='bbox 3384 1609 3438 1661; x_wconf 91' lang='lat' dir='ltr'><strong>iu</strong></span> 
     </span>
    </p>
   </div>
   <div class='ocr_carea' id='block_1_58' title="bbox 1863 1690 3441 1765">
    <p class='ocr_par' dir='ltr' id='par_1_58' title="bbox 1863 1690 3441 1765">
     <span class='ocr_line' id='line_1_58' title="bbox 1863 1690 3441 1765; baseline 0.003 -20"><span class='ocrx_word' id='word_1_452' title='bbox 1863 1690 1970 1745; x_wconf 87' lang='lat' dir='ltr'><strong>hoc</strong></span> <span class='ocrx_word' id='word_1_453' title='bbox 1999 1690 2204 1746; x_wconf 92' lang='lat' dir='ltr'><strong>mundo</strong></span> <span class='ocrx_word' id='word_1_454' title='bbox 2235 1691 2428 1757; x_wconf 88' lang='lat' dir='ltr'><strong>voluit,</strong></span> <span class='ocrx_word' id='word_1_455' title='bbox 2462 1700 2522 1747; x_wconf 91' lang='lat' dir='ltr'><strong>ut</strong></span> <span class='ocrx_word' id='word_1_456' title='bbox 2563 1707 2636 1746; x_wconf 77' lang='lat' dir='ltr'><strong>ex</strong></span> <span class='ocrx_word' id='word_1_457' title='bbox 2681 1693 2932 1762; x_wconf 89' lang='lat' dir='ltr'><strong>pluribus</strong></span> <span class='ocrx_word' id='word_1_458' title='bbox 2982 1693 3317 1764; x_wconf 86' lang='lat' dir='ltr'><strong>eligerentur</strong></span> <span class='ocrx_word' id='word_1_459' title='bbox 3345 1697 3441 1765; x_wconf 87' lang='lat' dir='ltr'><strong>qui</strong></span> 
     </span>
    </p>
   </div>
   <div class='ocr_carea' id='block_1_59' title="bbox 1860 1782 3438 1854">
    <p class='ocr_par' dir='ltr' id='par_1_59' title="bbox 1860 1782 3438 1854">
     <span class='ocr_line' id='line_1_59' title="bbox 1860 1782 3438 1854; baseline 0.003 -18"><span class='ocrx_word' id='word_1_460' title='bbox 1860 1782 2066 1853; x_wconf 87' lang='lat' dir='ltr'><strong>justam</strong></span> <span class='ocrx_word' id='word_1_461' title='bbox 2109 1783 2397 1853; x_wconf 90' lang='lat' dir='ltr'><strong>diligerent</strong></span> <span class='ocrx_word' id='word_1_462' title='bbox 2436 1783 2626 1839; x_wconf 87' lang='lat' dir='ltr'><strong>vitam.</strong></span> <span class='ocrx_word' id='word_1_463' title='bbox 2659 1782 2724 1839; x_wconf 87' lang='lat' dir='ltr'><strong>Et</strong></span> <span class='ocrx_word' id='word_1_464' title='bbox 2755 1784 2884 1854; x_wconf 87' lang='lat' dir='ltr'><strong>quia</strong></span> <span class='ocrx_word' id='word_1_465' title='bbox 2918 1793 3239 1854; x_wconf 61' lang='lat' dir='ltr'><strong>praesentem</strong></span> <span class='ocrx_word' id='word_1_466' title='bbox 3281 1802 3438 1840; x_wconf 55' lang='lat' dir='ltr'><strong>mune</strong></span> 
     </span>
    </p>
   </div>
   <div class='ocr_carea' id='block_1_60' title="bbox 1789 1855 3441 1949">
    <p class='ocr_par' dir='ltr' id='par_1_60' title="bbox 1789 1855 3441 1949">
     <span class='ocr_line' id='line_1_60' title="bbox 1789 1855 3441 1949; baseline 0.001 -20"><span class='ocrx_word' id='word_1_467' title='bbox 1789 1855 1833 1909; x_wconf 78' lang='grc' dir='ltr'><strong>Β</strong></span> <span class='ocrx_word' id='word_1_468' title='bbox 1862 1876 1991 1949; x_wconf 89' lang='lat' dir='ltr'><strong>dum</strong></span> <span class='ocrx_word' id='word_1_469' title='bbox 2023 1876 2270 1946; x_wconf 68' lang='lat' dir='ltr'><strong>praevidit</strong></span> <span class='ocrx_word' id='word_1_470' title='bbox 2300 1891 2410 1931; x_wconf 92' lang='lat' dir='ltr'><strong>non</strong></span> <span class='ocrx_word' id='word_1_471' title='bbox 2457 1875 2620 1930; x_wconf 88' lang='lat' dir='ltr'><strong>aliter</strong></span> <span class='ocrx_word' id='word_1_472' title='bbox 2661 1891 2820 1944; x_wconf 91' lang='lat' dir='ltr'><strong>posse</strong></span> <span class='ocrx_word' id='word_1_473' title='bbox 2865 1877 2970 1930; x_wconf 87' lang='lat' dir='ltr'><strong>nisi</strong></span> <span class='ocrx_word' id='word_1_474' title='bbox 3021 1875 3338 1949; x_wconf 71' lang='lat' dir='ltr'><strong>diversitate</strong></span> <span class='ocrx_word' id='word_1_475' title='bbox 3388 1885 3441 1932; x_wconf 92' lang='lat' dir='ltr'><strong>et</strong></span> 
     </span>
    </p>
   </div>
   <div class='ocr_carea' id='block_1_61' title="bbox 1858 1968 3438 2038">
    <p class='ocr_par' dir='ltr' id='par_1_61' title="bbox 1858 1968 3438 2038">
     <span class='ocr_line' id='line_1_61' title="bbox 1858 1968 3438 2038; baseline -0.002 -15"><span class='ocrx_word' id='word_1_476' title='bbox 1858 1968 2227 2038; x_wconf 65' lang='lat' dir='ltr'><strong>inaequalitate</strong></span> <span class='ocrx_word' id='word_1_477' title='bbox 2260 1975 2534 2030; x_wconf 85' lang='lat' dir='ltr'><strong>constare,</strong></span> <span class='ocrx_word' id='word_1_478' title='bbox 2554 1968 2852 2023; x_wconf 85' lang='lat' dir='ltr'><strong>secundum</strong></span> <span class='ocrx_word' id='word_1_479' title='bbox 2881 1968 3232 2037; x_wconf 64' lang='lat' dir='ltr'><strong>praesentium</strong></span> <span class='ocrx_word' id='word_1_480' title='bbox 3258 1983 3438 2022; x_wconf 90' lang='lat' dir='ltr'><strong>rerum</strong></span> 
     </span>
    </p>
   </div>
   <div class='ocr_carea' id='block_1_62' title="bbox 1858 2058 3438 2128">
    <p class='ocr_par' dir='ltr' id='par_1_62' title="bbox 1858 2058 3438 2128">
     <span class='ocr_line' id='line_1_62' title="bbox 1858 2058 3438 2128; baseline -0.001 -15"><span class='ocrx_word' id='word_1_481' title='bbox 1858 2059 2206 2115; x_wconf 88' lang='lat' dir='ltr'><strong>diversitates</strong></span> <span class='ocrx_word' id='word_1_482' title='bbox 2257 2058 2553 2128; x_wconf 89' lang='lat' dir='ltr'><strong>unicuique</strong></span> <span class='ocrx_word' id='word_1_483' title='bbox 2607 2060 2777 2114; x_wconf 91' lang='lat' dir='ltr'><strong>menti</strong></span> <span class='ocrx_word' id='word_1_484' title='bbox 2828 2058 3133 2114; x_wconf 88' lang='lat' dir='ltr'><strong>libertatem</strong></span> <span class='ocrx_word' id='word_1_485' title='bbox 3189 2068 3438 2112; x_wconf 88' lang='lat' dir='ltr'><strong>motuum</strong></span> 
     </span>
    </p>
   </div>
   <div class='ocr_carea' id='block_1_63' title="bbox 1859 2150 3439 2222">
    <p class='ocr_par' dir='ltr' id='par_1_63' title="bbox 1859 2150 3439 2222">
     <span class='ocr_line' id='line_1_63' title="bbox 1859 2150 3439 2222; baseline 0 -17"><span class='ocrx_word' id='word_1_486' title='bbox 1859 2151 2031 2216; x_wconf 89' lang='lat' dir='ltr'><strong>dedit,</strong></span> <span class='ocrx_word' id='word_1_487' title='bbox 2057 2159 2112 2205; x_wconf 87' lang='lat' dir='ltr'><strong>et</strong></span> <span class='ocrx_word' id='word_1_488' title='bbox 2142 2150 2291 2206; x_wconf 91' lang='lat' dir='ltr'><strong>hunc</strong></span> <span class='ocrx_word' id='word_1_489' title='bbox 2319 2152 2624 2222; x_wconf 87' lang='lat' dir='ltr'><strong>principem</strong></span> <span class='ocrx_word' id='word_1_490' title='bbox 2657 2151 2862 2221; x_wconf 87' lang='lat' dir='ltr'><strong>posuit,</strong></span> <span class='ocrx_word' id='word_1_491' title='bbox 2895 2167 3005 2222; x_wconf 93' lang='lat' dir='ltr'><strong>quo</strong></span> <span class='ocrx_word' id='word_1_492' title='bbox 3043 2165 3106 2205; x_wconf 90' lang='lat' dir='ltr'><strong>ea</strong></span> <span class='ocrx_word' id='word_1_493' title='bbox 3137 2165 3258 2220; x_wconf 68' lang='lat' dir='ltr'><strong>quae</strong></span> <span class='ocrx_word' id='word_1_494' title='bbox 3302 2165 3439 2205; x_wconf 84' lang='lat' dir='ltr'><strong>con-</strong></span> 
     </span>
    </p>
   </div>
   <div class='ocr_carea' id='block_1_64' title="bbox 1860 2243 3442 2315">
    <p class='ocr_par' dir='ltr' id='par_1_64' title="bbox 1860 2243 3442 2315">
     <span class='ocr_line' id='line_1_64' title="bbox 1860 2243 3442 2315; baseline 0.003 -20"><span class='ocrx_word' id='word_1_495' title='bbox 1860 2243 2030 2296; x_wconf 90' lang='lat' dir='ltr'><strong>traria</strong></span> <span class='ocrx_word' id='word_1_496' title='bbox 2077 2243 2334 2297; x_wconf 82' lang='lat' dir='ltr'><strong>videntur</strong></span> <span class='ocrx_word' id='word_1_497' title='bbox 2365 2244 2632 2315; x_wconf 84' lang='lat' dir='ltr'><strong>agitante,</strong></span> <span class='ocrx_word' id='word_1_498' title='bbox 2673 2243 2871 2299; x_wconf 88' lang='lat' dir='ltr'><strong>electio</strong></span> <span class='ocrx_word' id='word_1_499' title='bbox 2899 2243 3190 2298; x_wconf 87' lang='lat' dir='ltr'><strong>meliorum</strong></span> <span class='ocrx_word' id='word_1_500' title='bbox 3225 2244 3442 2299; x_wconf 91' lang='lat' dir='ltr'><strong>virtutis</strong></span> 
     </span>
    </p>
   </div>
   <div class='ocr_carea' id='block_1_65' title="bbox 1856 2333 3224 2403">
    <p class='ocr_par' dir='ltr' id='par_1_65' title="bbox 1856 2333 3224 2403">
     <span class='ocr_line' id='line_1_65' title="bbox 1856 2333 3224 2403; baseline 0.001 -15"><span class='ocrx_word' id='word_1_501' title='bbox 1856 2347 2021 2403; x_wconf 90' lang='lat' dir='ltr'><strong>opere</strong></span> <span class='ocrx_word' id='word_1_502' title='bbox 2061 2339 2360 2388; x_wconf 87' lang='lat' dir='ltr'><strong>constaret.</strong></span> <span class='ocrx_word' id='word_1_503' title='bbox 3221 2333 3224 2336; x_wconf 78' lang='grc'><strong>’</strong></span> 
     </span>
    </p>
   </div>
   <div class='ocr_carea' id='block_1_66' title="bbox 1931 2422 3441 2496">
    <p class='ocr_par' dir='ltr' id='par_1_66' title="bbox 1931 2422 3441 2496">
     <span class='ocr_line' id='line_1_66' title="bbox 1931 2422 3441 2496; baseline 0 -18"><span class='ocrx_word' id='word_1_504' title='bbox 1931 2422 1995 2479; x_wconf 82' lang='lat' dir='ltr'><strong>V.</strong></span> <span class='ocrx_word' id='word_1_505' title='bbox 2013 2423 2118 2480; x_wconf 88' lang='lat' dir='ltr'><strong>Sed</strong></span> <span class='ocrx_word' id='word_1_506' title='bbox 2144 2432 2203 2478; x_wconf 90' lang='lat' dir='ltr'><strong>ut</strong></span> <span class='ocrx_word' id='word_1_507' title='bbox 2221 2425 2434 2495; x_wconf 90' lang='lat' dir='ltr'><strong>planius</strong></span> <span class='ocrx_word' id='word_1_508' title='bbox 2459 2423 2704 2496; x_wconf 81' lang='lat' dir='ltr'><strong>fiatquod</strong></span> <span class='ocrx_word' id='word_1_509' title='bbox 2724 2424 2977 2486; x_wconf 88' lang='lat' dir='ltr'><strong>dicimus.</strong></span> <span class='ocrx_word' id='word_1_510' title='bbox 2998 2439 3094 2494; x_wconf 92' lang='lat' dir='ltr'><strong>per</strong></span> <span class='ocrx_word' id='word_1_511' title='bbox 3109 2423 3322 2495; x_wconf 89' lang='lat' dir='ltr'><strong>singula</strong></span> <span class='ocrx_word' id='word_1_512' title='bbox 3343 2441 3441 2478; x_wconf 86' lang='lat' dir='ltr'><strong>ex-</strong></span> 
     </span>
    </p>
   </div>
   <div class='ocr_carea' id='block_1_67' title="bbox 1856 2512 3444 2588">
    <p class='ocr_par' dir='ltr' id='par_1_67' title="bbox 1856 2512 3444 2588">
     <span class='ocr_line' id='line_1_67' title="bbox 1856 2512 3444 2588; baseline 0 -15"><span class='ocrx_word' id='word_1_513' title='bbox 1856 2512 2409 2588; x_wconf 85' lang='lat' dir='ltr'><strong>ponemus.Nunquid</strong></span> <span class='ocrx_word' id='word_1_514' title='bbox 2421 2534 2635 2585; x_wconf 90' lang='lat' dir='ltr'><strong>omnes,</strong></span> <span class='ocrx_word' id='word_1_515' title='bbox 2649 2519 2798 2573; x_wconf 85' lang='lat' dir='ltr'><strong>verbi</strong></span> <span class='ocrx_word' id='word_1_516' title='bbox 2815 2518 3009 2588; x_wconf 89' lang='lat' dir='ltr'><strong>gratia,</strong></span> <span class='ocrx_word' id='word_1_517' title='bbox 3027 2519 3308 2587; x_wconf 90' lang='lat' dir='ltr'><strong>oportebat</strong></span> <span class='ocrx_word' id='word_1_518' title='bbox 3323 2533 3444 2574; x_wconf 88' lang='lat' dir='ltr'><strong>esse</strong></span> 
     </span>
    </p>
   </div>
   <div class='ocr_carea' id='block_1_68' title="bbox 1858 2610 3442 2682">
    <p class='ocr_par' dir='ltr' id='par_1_68' title="bbox 1858 2610 3442 2682">
     <span class='ocr_line' id='line_1_68' title="bbox 1858 2610 3442 2682; baseline 0.003 -18"><span class='ocrx_word' id='word_1_519' title='bbox 1858 2611 1916 2664; x_wconf 92' lang='lat' dir='ltr'><strong>in</strong></span> <span class='ocrx_word' id='word_1_520' title='bbox 1943 2610 2049 2664; x_wconf 90' lang='lat' dir='ltr'><strong>hoc</strong></span> <span class='ocrx_word' id='word_1_521' title='bbox 2099 2612 2304 2666; x_wconf 90' lang='lat' dir='ltr'><strong>mundo</strong></span> <span class='ocrx_word' id='word_1_522' title='bbox 2337 2626 2512 2682; x_wconf 90' lang='lat' dir='ltr'><strong>reges,</strong></span> <span class='ocrx_word' id='word_1_523' title='bbox 2565 2624 2658 2665; x_wconf 90' lang='lat' dir='ltr'><strong>aut</strong></span> <span class='ocrx_word' id='word_1_524' title='bbox 2696 2612 2998 2682; x_wconf 84' lang='lat' dir='ltr'><strong>principes,</strong></span> <span class='ocrx_word' id='word_1_525' title='bbox 3033 2624 3124 2667; x_wconf 92' lang='lat' dir='ltr'><strong>aut</strong></span> <span class='ocrx_word' id='word_1_526' title='bbox 3166 2612 3442 2674; x_wconf 87' lang='lat' dir='ltr'><strong>dominos.</strong></span> 
     </span>
    </p>
   </div>
   <div class='ocr_carea' id='block_1_69' title="bbox 1858 2701 3446 2772">
    <p class='ocr_par' dir='ltr' id='par_1_69' title="bbox 1858 2701 3446 2772">
     <span class='ocr_line' id='line_1_69' title="bbox 1858 2701 3446 2772; baseline 0.004 -19"><span class='ocrx_word' id='word_1_527' title='bbox 1858 2707 1954 2754; x_wconf 82' lang='lat' dir='ltr'><strong>aut</strong></span> <span class='ocrx_word' id='word_1_528' title='bbox 1996 2701 2341 2771; x_wconf 57' lang='lat' dir='ltr'><strong>paedagogos,</strong></span> <span class='ocrx_word' id='word_1_529' title='bbox 2363 2710 2457 2756; x_wconf 91' lang='lat' dir='ltr'><strong>aut</strong></span> <span class='ocrx_word' id='word_1_530' title='bbox 2485 2702 2853 2772; x_wconf 89' lang='lat' dir='ltr'><strong>legisperitos,</strong></span> <span class='ocrx_word' id='word_1_531' title='bbox 2879 2711 2973 2756; x_wconf 90' lang='lat' dir='ltr'><strong>aut</strong></span> <span class='ocrx_word' id='word_1_532' title='bbox 3001 2713 3332 2772; x_wconf 86' lang='lat' dir='ltr'><strong>geometras,</strong></span> <span class='ocrx_word' id='word_1_533' title='bbox 3352 2715 3446 2760; x_wconf 91' lang='lat' dir='ltr'><strong>aut</strong></span> 
     </span>
    </p>
   </div>
   <div class='ocr_carea' id='block_1_70' title="bbox 1858 2783 3444 2865">
    <p class='ocr_par' dir='ltr' id='par_1_70' title="bbox 1858 2783 3444 2865">
     <span class='ocr_line' id='line_1_70' title="bbox 1858 2783 3444 2865; baseline 0.004 -20"><span class='ocrx_word' id='word_1_534' title='bbox 1858 2783 2139 2855; x_wconf 80' lang='lat' dir='ltr'><strong>auritices,</strong></span> <span class='ocrx_word' id='word_1_535' title='bbox 2170 2801 2263 2846; x_wconf 90' lang='lat' dir='ltr'><strong>aut</strong></span> <span class='ocrx_word' id='word_1_536' title='bbox 2286 2793 2545 2862; x_wconf 79' lang='lat' dir='ltr'><strong>pistores,</strong></span> <span class='ocrx_word' id='word_1_537' title='bbox 2576 2793 2888 2856; x_wconf 89' lang='lat' dir='ltr'><strong>autfabros,</strong></span> <span class='ocrx_word' id='word_1_538' title='bbox 2916 2803 3009 2848; x_wconf 91' lang='lat' dir='ltr'><strong>aut</strong></span> <span class='ocrx_word' id='word_1_539' title='bbox 3032 2800 3444 2865; x_wconf 84' lang='lat' dir='ltr'><strong>grammaticos,</strong></span> 
     </span>
    </p>
   </div>
   <div class='ocr_carea' id='block_1_71' title="bbox 1859 2883 3447 2958">
    <p class='ocr_par' dir='ltr' id='par_1_71' title="bbox 1859 2883 3447 2958">
     <span class='ocr_line' id='line_1_71' title="bbox 1859 2883 3447 2958; baseline 0.005 -21"><span class='ocrx_word' id='word_1_540' title='bbox 1859 2891 1955 2937; x_wconf 92' lang='lat' dir='ltr'><strong>aut</strong></span> <span class='ocrx_word' id='word_1_541' title='bbox 1971 2883 2193 2946; x_wconf 83' lang='lat' dir='ltr'><strong>divites,</strong></span> <span class='ocrx_word' id='word_1_542' title='bbox 2219 2893 2311 2938; x_wconf 90' lang='lat' dir='ltr'><strong>aut</strong></span> <span class='ocrx_word' id='word_1_543' title='bbox 2329 2885 2620 2956; x_wconf 82' lang='lat' dir='ltr'><strong>agricolas,</strong></span> <span class='ocrx_word' id='word_1_544' title='bbox 2647 2893 2740 2938; x_wconf 91' lang='lat' dir='ltr'><strong>aut</strong></span> <span class='ocrx_word' id='word_1_545' title='bbox 2764 2887 3008 2949; x_wconf 81' lang='lat' dir='ltr'><strong>olitores,</strong></span> <span class='ocrx_word' id='word_1_546' title='bbox 3026 2895 3120 2940; x_wconf 91' lang='lat' dir='ltr'><strong>aut</strong></span> <span class='ocrx_word' id='word_1_547' title='bbox 3143 2890 3447 2958; x_wconf 87' lang='lat' dir='ltr'><strong>piscatores</strong></span> 
     </span>
    </p>
   </div>
   <div class='ocr_carea' id='block_1_72' title="bbox 1861 2975 3445 3046">
    <p class='ocr_par' dir='ltr' id='par_1_72' title="bbox 1861 2975 3445 3046">
     <span class='ocr_line' id='line_1_72' title="bbox 1861 2975 3445 3046; baseline 0.001 -18"><span class='ocrx_word' id='word_1_548' title='bbox 1861 2983 1957 3028; x_wconf 84' lang='lat' dir='ltr'><strong>aut</strong></span> <span class='ocrx_word' id='word_1_549' title='bbox 1979 2975 2416 3046; x_wconf 70' lang='lat' dir='ltr'><strong>pauperesihaec</strong></span> <span class='ocrx_word' id='word_1_550' title='bbox 2432 2984 2640 3030; x_wconf 89' lang='lat' dir='ltr'><strong>certum</strong></span> <span class='ocrx_word' id='word_1_551' title='bbox 2661 2985 2745 3030; x_wconf 90' lang='lat' dir='ltr'><strong>est</strong></span> <span class='ocrx_word' id='word_1_552' title='bbox 2787 2979 2914 3045; x_wconf 88' lang='lat' dir='ltr'><strong>quia</strong></span> <span class='ocrx_word' id='word_1_553' title='bbox 2962 2992 3153 3033; x_wconf 91' lang='lat' dir='ltr'><strong>omnes</strong></span> <span class='ocrx_word' id='word_1_554' title='bbox 3181 2993 3303 3032; x_wconf 88' lang='lat' dir='ltr'><strong>esse</strong></span> <span class='ocrx_word' id='word_1_555' title='bbox 3336 2993 3445 3031; x_wconf 91' lang='lat' dir='ltr'><strong>non</strong></span> 
     </span>
    </p>
   </div>
   <div class='ocr_carea' id='block_1_73' title="bbox 1859 3063 3447 3138">
    <p class='ocr_par' dir='ltr' id='par_1_73' title="bbox 1859 3063 3447 3138">
     <span class='ocr_line' id='line_1_73' title="bbox 1859 3063 3447 3138; baseline 0.002 -19"><span class='ocrx_word' id='word_1_556' title='bbox 1859 3072 2132 3134; x_wconf 86' lang='lat' dir='ltr'><strong>poterant.</strong></span> <span class='ocrx_word' id='word_1_557' title='bbox 2165 3063 2361 3121; x_wconf 88' lang='lat' dir='ltr'><strong>Omnia</strong></span> <span class='ocrx_word' id='word_1_558' title='bbox 2404 3075 2587 3120; x_wconf 84' lang='lat' dir='ltr'><strong>tamen</strong></span> <span class='ocrx_word' id='word_1_559' title='bbox 2624 3067 2739 3122; x_wconf 68' lang='lat' dir='ltr'><strong>haec</strong></span> <span class='ocrx_word' id='word_1_560' title='bbox 2770 3067 2944 3121; x_wconf 83' lang='lat' dir='ltr'><strong>oﬂicia</strong></span> <span class='ocrx_word' id='word_1_561' title='bbox 2983 3075 3037 3123; x_wconf 91' lang='lat' dir='ltr'><strong>et</strong></span> <span class='ocrx_word' id='word_1_562' title='bbox 3079 3070 3250 3123; x_wconf 88' lang='lat' dir='ltr'><strong>multo</strong></span> <span class='ocrx_word' id='word_1_563' title='bbox 3289 3069 3447 3138; x_wconf 89' lang='lat' dir='ltr'><strong>plura</strong></span> 
     </span>
    </p>
   </div>
   <div class='ocr_carea' id='block_1_74' title="bbox 1864 3157 3448 3231">
    <p class='ocr_par' dir='ltr' id='par_1_74' title="bbox 1864 3157 3448 3231">
     <span class='ocr_line' id='line_1_74' title="bbox 1864 3157 3448 3231; baseline 0.003 -21"><span class='ocrx_word' id='word_1_564' title='bbox 1864 3171 2108 3226; x_wconf 62' lang='lat' dir='ltr'><strong>praesens</strong></span> <span class='ocrx_word' id='word_1_565' title='bbox 2137 3157 2247 3213; x_wconf 87' lang='lat' dir='ltr'><strong>vita</strong></span> <span class='ocrx_word' id='word_1_566' title='bbox 2285 3157 2567 3212; x_wconf 89' lang='lat' dir='ltr'><strong>hominum</strong></span> <span class='ocrx_word' id='word_1_567' title='bbox 2598 3160 2852 3228; x_wconf 86' lang='lat' dir='ltr'><strong>requirit,</strong></span> <span class='ocrx_word' id='word_1_568' title='bbox 2874 3167 2928 3214; x_wconf 91' lang='lat' dir='ltr'><strong>et</strong></span> <span class='ocrx_word' id='word_1_569' title='bbox 2956 3160 3075 3215; x_wconf 90' lang='lat' dir='ltr'><strong>sine</strong></span> <span class='ocrx_word' id='word_1_570' title='bbox 3103 3161 3188 3216; x_wconf 86' lang='lat' dir='ltr'><strong>his</strong></span> <span class='ocrx_word' id='word_1_571' title='bbox 3217 3161 3448 3231; x_wconf 87' lang='lat' dir='ltr'><strong>transigi</strong></span> 
     </span>
    </p>
   </div>
   <div class='ocr_carea' id='block_1_75' title="bbox 1863 3239 3449 3320">
    <p class='ocr_par' dir='ltr' id='par_1_75' title="bbox 1863 3239 3449 3320">
     <span class='ocr_line' id='line_1_75' title="bbox 1863 3239 3449 3320; baseline 0.004 -18"><span class='ocrx_word' id='word_1_572' title='bbox 1863 3262 1974 3302; x_wconf 92' lang='lat' dir='ltr'><strong>non</strong></span> <span class='ocrx_word' id='word_1_573' title='bbox 2004 3256 2212 3317; x_wconf 85' lang='lat' dir='ltr'><strong>potest;</strong></span> <span class='ocrx_word' id='word_1_574' title='bbox 2236 3259 2319 3304; x_wconf 88' lang='lat' dir='ltr'><strong>est</strong></span> <span class='ocrx_word' id='word_1_575' title='bbox 2341 3265 2473 3320; x_wconf 87' lang='lat' dir='ltr'><strong>ergo</strong></span> <span class='ocrx_word' id='word_1_576' title='bbox 2504 3252 2817 3306; x_wconf 87' lang='lat' dir='ltr'><strong>necessaria</strong></span> <span class='ocrx_word' id='word_1_577' title='bbox 2852 3253 2908 3306; x_wconf 91' lang='lat' dir='ltr'><strong>in</strong></span> <span class='ocrx_word' id='word_1_578' title='bbox 2939 3253 3041 3308; x_wconf 85' lang='lat' dir='ltr'><strong>hoe</strong></span> <span class='ocrx_word' id='word_1_579' title='bbox 3086 3239 3289 3309; x_wconf 89' lang='lat' dir='ltr'><strong>mundo</strong></span> <span class='ocrx_word' id='word_1_580' title='bbox 3315 3253 3449 3310; x_wconf 64' lang='lat' dir='ltr'><strong>inat-</strong></span> 
     </span>
    </p>
   </div>
   <div class='ocr_carea' id='block_1_76' title="bbox 1863 3339 3449 3416">
    <p class='ocr_par' dir='ltr' id='par_1_76' title="bbox 1863 3339 3449 3416">
     <span class='ocr_line' id='line_1_76' title="bbox 1863 3339 3449 3416; baseline 0.004 -21"><span class='ocrx_word' id='word_1_581' title='bbox 1863 3339 2125 3412; x_wconf 84' lang='lat' dir='ltr'><strong>qualitas.</strong></span> <span class='ocrx_word' id='word_1_582' title='bbox 2145 3339 2264 3396; x_wconf 86' lang='lat' dir='ltr'><strong>Non</strong></span> <span class='ocrx_word' id='word_1_583' title='bbox 2283 3343 2427 3397; x_wconf 84' lang='lat' dir='ltr'><strong>enim</strong></span> <span class='ocrx_word' id='word_1_584' title='bbox 2461 3351 2640 3413; x_wconf 90' lang='lat' dir='ltr'><strong>potest</strong></span> <span class='ocrx_word' id='word_1_585' title='bbox 2669 3359 2792 3398; x_wconf 87' lang='lat' dir='ltr'><strong>esse</strong></span> <span class='ocrx_word' id='word_1_586' title='bbox 2818 3359 2934 3407; x_wconf 89' lang='lat' dir='ltr'><strong>rex,</strong></span> <span class='ocrx_word' id='word_1_587' title='bbox 2963 3346 3068 3400; x_wconf 90' lang='lat' dir='ltr'><strong>nisi</strong></span> <span class='ocrx_word' id='word_1_588' title='bbox 3096 3345 3292 3400; x_wconf 88' lang='lat' dir='ltr'><strong>habeat</strong></span> <span class='ocrx_word' id='word_1_589' title='bbox 3308 3361 3449 3416; x_wconf 86' lang='lat' dir='ltr'><strong>quos</strong></span> 
     </span>
    </p>
   </div>
   <div class='ocr_carea' id='block_1_77' title="bbox 1863 3435 3449 3507">
    <p class='ocr_par' dir='ltr' id='par_1_77' title="bbox 1863 3435 3449 3507">
     <span class='ocr_line' id='line_1_77' title="bbox 1863 3435 3449 3507; baseline 0.002 -20"><span class='ocrx_word' id='word_1_590' title='bbox 1863 3440 2018 3504; x_wconf 81' lang='lat' dir='ltr'><strong>regat</strong></span> <span class='ocrx_word' id='word_1_591' title='bbox 2046 3444 2101 3488; x_wconf 92' lang='lat' dir='ltr'><strong>et</strong></span> <span class='ocrx_word' id='word_1_592' title='bbox 2132 3435 2335 3504; x_wconf 91' lang='lat' dir='ltr'><strong>quibus</strong></span> <span class='ocrx_word' id='word_1_593' title='bbox 2367 3436 2620 3506; x_wconf 91' lang='lat' dir='ltr'><strong>imperet,</strong></span> <span class='ocrx_word' id='word_1_594' title='bbox 2665 3451 2842 3505; x_wconf 79' lang='lat' dir='ltr'><strong>neque</strong></span> <span class='ocrx_word' id='word_1_595' title='bbox 2877 3445 3058 3507; x_wconf 89' lang='lat' dir='ltr'><strong>potest</strong></span> <span class='ocrx_word' id='word_1_596' title='bbox 3106 3453 3228 3493; x_wconf 88' lang='lat' dir='ltr'><strong>esse</strong></span> <span class='ocrx_word' id='word_1_597' title='bbox 3270 3437 3449 3492; x_wconf 79' lang='lat' dir='ltr'><strong>domi-</strong></span> 
     </span>
    </p>
   </div>
   <div class='ocr_carea' id='block_1_78' title="bbox 1866 3525 3446 3594">
    <p class='ocr_par' dir='ltr' id='par_1_78' title="bbox 1866 3525 3446 3594">
     <span class='ocr_line' id='line_1_78' title="bbox 1866 3525 3446 3594; baseline 0.003 -16"><span class='ocrx_word' id='word_1_598' title='bbox 1866 3539 1994 3588; x_wconf 89' lang='lat' dir='ltr'><strong>nus,</strong></span> <span class='ocrx_word' id='word_1_599' title='bbox 2019 3525 2128 3579; x_wconf 91' lang='lat' dir='ltr'><strong>nisi</strong></span> <span class='ocrx_word' id='word_1_600' title='bbox 2161 3525 2360 3581; x_wconf 88' lang='lat' dir='ltr'><strong>habeat</strong></span> <span class='ocrx_word' id='word_1_601' title='bbox 2395 3525 2484 3579; x_wconf 91' lang='lat' dir='ltr'><strong>cui</strong></span> <span class='ocrx_word' id='word_1_602' title='bbox 2509 3527 2844 3594; x_wconf 91' lang='lat' dir='ltr'><strong>dominetur,</strong></span> <span class='ocrx_word' id='word_1_603' title='bbox 2868 3535 2920 3582; x_wconf 93' lang='lat' dir='ltr'><strong>et</strong></span> <span class='ocrx_word' id='word_1_604' title='bbox 2943 3536 3143 3582; x_wconf 66' lang='lat' dir='ltr'><strong>caetera</strong></span> <span class='ocrx_word' id='word_1_605' title='bbox 3171 3527 3446 3583; x_wconf 87' lang='lat' dir='ltr'><strong>similiter.</strong></span> 
     </span>
    </p>
   </div>
   <div class='ocr_carea' id='block_1_79' title="bbox 1937 3615 3448 3689">
    <p class='ocr_par' dir='ltr' id='par_1_79' title="bbox 1937 3615 3448 3689">
     <span class='ocr_line' id='line_1_79' title="bbox 1937 3615 3448 3689; baseline 0 -18"><span class='ocrx_word' id='word_1_606' title='bbox 1937 3615 2026 3672; x_wconf 72' lang='grc' dir='ltr'><strong>Ἦ.</strong></span> <span class='ocrx_word' id='word_1_607' title='bbox 2054 3615 2248 3673; x_wconf 88' lang='lat' dir='ltr'><strong>Sciens</strong></span> <span class='ocrx_word' id='word_1_608' title='bbox 2277 3633 2410 3689; x_wconf 84' lang='lat' dir='ltr'><strong>ergo</strong></span> <span class='ocrx_word' id='word_1_609' title='bbox 2438 3618 2704 3673; x_wconf 90' lang='lat' dir='ltr'><strong>Conditor</strong></span> <span class='ocrx_word' id='word_1_610' title='bbox 2732 3635 2760 3672; x_wconf 91' lang='lat' dir='ltr'><strong>a</strong></span> <span class='ocrx_word' id='word_1_611' title='bbox 2786 3621 2935 3674; x_wconf 94' lang='lat' dir='ltr'><strong>nullo</strong></span> <span class='ocrx_word' id='word_1_612' title='bbox 2965 3628 3158 3689; x_wconf 86' lang='lat' dir='ltr'><strong>sponte</strong></span> <span class='ocrx_word' id='word_1_613' title='bbox 3188 3619 3358 3674; x_wconf 87' lang='lat' dir='ltr'><strong>veniri</strong></span> <span class='ocrx_word' id='word_1_614' title='bbox 3380 3617 3448 3672; x_wconf 89' lang='lat' dir='ltr'><strong>ad</strong></span> 
     </span>
    </p>
   </div>
   <div class='ocr_carea' id='block_1_80' title="bbox 1867 3707 3445 3779">
    <p class='ocr_par' dir='ltr' id='par_1_80' title="bbox 1867 3707 3445 3779">
     <span class='ocr_line' id='line_1_80' title="bbox 1867 3707 3445 3779; baseline 0.001 -18"><span class='ocrx_word' id='word_1_615' title='bbox 1867 3721 2122 3778; x_wconf 90' lang='lat' dir='ltr'><strong>agonem,</strong></span> <span class='ocrx_word' id='word_1_616' title='bbox 2166 3709 2297 3769; x_wconf 91' lang='lat' dir='ltr'><strong>dum</strong></span> <span class='ocrx_word' id='word_1_617' title='bbox 2329 3707 2600 3779; x_wconf 86' lang='lat' dir='ltr'><strong>refugitur</strong></span> <span class='ocrx_word' id='word_1_618' title='bbox 2624 3709 2799 3772; x_wconf 87' lang='lat' dir='ltr'><strong>labor,</strong></span> <span class='ocrx_word' id='word_1_619' title='bbox 2833 3709 2935 3764; x_wconf 90' lang='lat' dir='ltr'><strong>hoc</strong></span> <span class='ocrx_word' id='word_1_620' title='bbox 2968 3718 3052 3764; x_wconf 91' lang='lat' dir='ltr'><strong>est</strong></span> <span class='ocrx_word' id='word_1_621' title='bbox 3085 3708 3152 3763; x_wconf 90' lang='lat' dir='ltr'><strong>ad</strong></span> <span class='ocrx_word' id='word_1_622' title='bbox 3182 3724 3445 3764; x_wconf 83' lang='lat' dir='ltr'><strong>exercen-</strong></span> 
     </span>
    </p>
   </div>
   <div class='ocr_carea' id='block_1_81' title="bbox 1860 3799 3447 3870">
    <p class='ocr_par' dir='ltr' id='par_1_81' title="bbox 1860 3799 3447 3870">
     <span class='ocr_line' id='line_1_81' title="bbox 1860 3799 3447 3870; baseline 0.001 -16"><span class='ocrx_word' id='word_1_623' title='bbox 1860 3801 1960 3856; x_wconf 88' lang='lat' dir='ltr'><strong>das</strong></span> <span class='ocrx_word' id='word_1_624' title='bbox 1992 3809 2140 3855; x_wconf 89' lang='lat' dir='ltr'><strong>artes</strong></span> <span class='ocrx_word' id='word_1_625' title='bbox 2173 3799 2308 3855; x_wconf 86' lang='lat' dir='ltr'><strong>istas</strong></span> <span class='ocrx_word' id='word_1_626' title='bbox 2338 3815 2475 3870; x_wconf 92' lang='lat' dir='ltr'><strong>quas</strong></span> <span class='ocrx_word' id='word_1_627' title='bbox 2508 3815 2674 3870; x_wconf 84' lang='lat' dir='ltr'><strong>supra</strong></span> <span class='ocrx_word' id='word_1_628' title='bbox 2724 3799 2985 3862; x_wconf 80' lang='lat' dir='ltr'><strong>diximus,</strong></span> <span class='ocrx_word' id='word_1_629' title='bbox 3036 3815 3131 3870; x_wconf 91' lang='lat' dir='ltr'><strong>per</strong></span> <span class='ocrx_word' id='word_1_630' title='bbox 3181 3815 3320 3869; x_wconf 89' lang='lat' dir='ltr'><strong>quas</strong></span> <span class='ocrx_word' id='word_1_631' title='bbox 3362 3802 3447 3856; x_wconf 89' lang='lat' dir='ltr'><strong>vel</strong></span> 
     </span>
    </p>
   </div>
   <div class='ocr_carea' id='block_1_82' title="bbox 1856 3889 3447 3962">
    <p class='ocr_par' dir='ltr' id='par_1_82' title="bbox 1856 3889 3447 3962">
     <span class='ocr_line' id='line_1_82' title="bbox 1856 3889 3447 3962; baseline 0 -17"><span class='ocrx_word' id='word_1_632' title='bbox 1856 3891 2074 3962; x_wconf 89' lang='lat' dir='ltr'><strong>justitia</strong></span> <span class='ocrx_word' id='word_1_633' title='bbox 2106 3892 2542 3962; x_wconf 85' lang='lat' dir='ltr'><strong>uniuscujusque</strong></span> <span class='ocrx_word' id='word_1_634' title='bbox 2568 3892 2648 3946; x_wconf 88' lang='lat' dir='ltr'><strong>vel</strong></span> <span class='ocrx_word' id='word_1_635' title='bbox 2679 3891 3057 3945; x_wconf 85' lang='lat' dir='ltr'><strong>misericordia</strong></span> <span class='ocrx_word' id='word_1_636' title='bbox 3107 3889 3447 3948; x_wconf 87' lang='lat' dir='ltr'><strong>manifestari</strong></span> 
     </span>
    </p>
   </div>
   <div class='ocr_carea' id='block_1_83' title="bbox 1861 3979 3446 4054">
    <p class='ocr_par' dir='ltr' id='par_1_83' title="bbox 1861 3979 3446 4054">
     <span class='ocr_line' id='line_1_83' title="bbox 1861 3979 3446 4054; baseline -0.003 -17"><span class='ocrx_word' id='word_1_637' title='bbox 1861 3992 2065 4053; x_wconf 85' lang='lat' dir='ltr'><strong>potest,</strong></span> <span class='ocrx_word' id='word_1_638' title='bbox 2099 3995 2314 4054; x_wconf 76' lang='lat' dir='ltr'><strong>corpus“</strong></span> <span class='ocrx_word' id='word_1_639' title='bbox 2352 3983 2559 4037; x_wconf 91' lang='lat' dir='ltr'><strong>homini</strong></span> <span class='ocrx_word' id='word_1_640' title='bbox 2588 3982 2739 4043; x_wconf 86' lang='lat' dir='ltr'><strong>fecit,</strong></span> <span class='ocrx_word' id='word_1_641' title='bbox 2775 3979 2920 4050; x_wconf 92' lang='lat' dir='ltr'><strong>quod</strong></span> <span class='ocrx_word' id='word_1_642' title='bbox 2963 3981 3159 4034; x_wconf 87' lang='lat' dir='ltr'><strong>famem</strong></span> <span class='ocrx_word' id='word_1_643' title='bbox 3191 3988 3246 4035; x_wconf 93' lang='lat' dir='ltr'><strong>et</strong></span> <span class='ocrx_word' id='word_1_644' title='bbox 3299 3981 3446 4035; x_wconf 89' lang='lat' dir='ltr'><strong>sitim</strong></span> 
     </span>
    </p>
   </div>
   <div class='ocr_carea' id='block_1_84' title="bbox 1862 4071 3445 4148">
    <p class='ocr_par' dir='ltr' id='par_1_84' title="bbox 1862 4071 3445 4148">
     <span class='ocr_line' id='line_1_84' title="bbox 1862 4071 3445 4148; baseline -0.006 -16"><span class='ocrx_word' id='word_1_645' title='bbox 1862 4086 1916 4132; x_wconf 92' lang='lat' dir='ltr'><strong>et</strong></span> <span class='ocrx_word' id='word_1_646' title='bbox 1950 4077 2125 4148; x_wconf 84' lang='lat' dir='ltr'><strong>frigus</strong></span> <span class='ocrx_word' id='word_1_647' title='bbox 2149 4077 2438 4146; x_wconf 90' lang='lat' dir='ltr'><strong>reciperet,</strong></span> <span class='ocrx_word' id='word_1_648' title='bbox 2457 4082 2515 4128; x_wconf 93' lang='lat' dir='ltr'><strong>ut</strong></span> <span class='ocrx_word' id='word_1_649' title='bbox 2539 4072 2818 4128; x_wconf 84' lang='lat' dir='ltr'><strong>reficiendi</strong></span> <span class='ocrx_word' id='word_1_650' title='bbox 2846 4071 3094 4140; x_wconf 89' lang='lat' dir='ltr'><strong>corporis</strong></span> <span class='ocrx_word' id='word_1_651' title='bbox 3111 4085 3277 4125; x_wconf 91' lang='lat' dir='ltr'><strong>causa</strong></span> <span class='ocrx_word' id='word_1_652' title='bbox 3297 4085 3445 4124; x_wconf 83' lang='lat' dir='ltr'><strong>com-</strong></span> 
     </span>
    </p>
   </div>
   <div class='ocr_carea' id='block_1_85' title="bbox 1863 4160 3450 4238">
    <p class='ocr_par' dir='ltr' id='par_1_85' title="bbox 1863 4160 3450 4238">
     <span class='ocr_line' id='line_1_85' title="bbox 1863 4160 3450 4238; baseline -0.005 -17"><span class='ocrx_word' id='word_1_653' title='bbox 1863 4168 2006 4238; x_wconf 91' lang='lat' dir='ltr'><strong>pulsi</strong></span> <span class='ocrx_word' id='word_1_654' title='bbox 2036 4168 2308 4230; x_wconf 88' lang='lat' dir='ltr'><strong>homines,</strong></span> <span class='ocrx_word' id='word_1_655' title='bbox 2341 4165 2408 4219; x_wconf 90' lang='lat' dir='ltr'><strong>ad</strong></span> <span class='ocrx_word' id='word_1_656' title='bbox 2455 4179 2646 4219; x_wconf 88' lang='lat' dir='ltr'><strong>omnes</strong></span> <span class='ocrx_word' id='word_1_657' title='bbox 2699 4178 2836 4232; x_wconf 89' lang='lat' dir='ltr'><strong>quas</strong></span> <span class='ocrx_word' id='word_1_658' title='bbox 2884 4177 3048 4231; x_wconf 88' lang='lat' dir='ltr'><strong>supra</strong></span> <span class='ocrx_word' id='word_1_659' title='bbox 3095 4160 3450 4229; x_wconf 78' lang='lat' dir='ltr'><strong>exposuimus</strong></span> 
     </span>
    </p>
   </div>
   <div class='ocr_carea' id='block_1_86' title="bbox 1868 4249 3451 4312">
    <p class='ocr_par' dir='ltr' id='par_1_86' title="bbox 1868 4249 3451 4312">
     <span class='ocr_line' id='line_1_86' title="bbox 1868 4249 3451 4312; baseline -0.004 -3"><span class='ocrx_word' id='word_1_660' title='bbox 1868 4265 2016 4312; x_wconf 88' lang='lat' dir='ltr'><strong>artes</strong></span> <span class='ocrx_word' id='word_1_661' title='bbox 2054 4257 2234 4311; x_wconf 87' lang='lat' dir='ltr'><strong>victus</strong></span> <span class='ocrx_word' id='word_1_662' title='bbox 2261 4253 2592 4310; x_wconf 89' lang='lat' dir='ltr'><strong>necessitate</strong></span> <span class='ocrx_word' id='word_1_663' title='bbox 2625 4250 3042 4307; x_wconf 79' lang='lat' dir='ltr'><strong>descenderent.</strong></span> <span class='ocrx_word' id='word_1_664' title='bbox 3074 4249 3193 4304; x_wconf 91' lang='lat' dir='ltr'><strong>Cibi</strong></span> <span class='ocrx_word' id='word_1_665' title='bbox 3227 4249 3372 4304; x_wconf 89' lang='lat' dir='ltr'><strong>enim</strong></span> <span class='ocrx_word' id='word_1_666' title='bbox 3397 4255 3451 4302; x_wconf 92' lang='lat' dir='ltr'><strong>et</strong></span> 
     </span>
    </p>
   </div>
   <div class='ocr_carea' id='block_1_87' title="bbox 1868 4345 3450 4417">
    <p class='ocr_par' dir='ltr' id='par_1_87' title="bbox 1868 4345 3450 4417">
     <span class='ocr_line' id='line_1_87' title="bbox 1868 4345 3450 4417; baseline -0.004 -15"><span class='ocrx_word' id='word_1_667' title='bbox 1868 4357 2031 4417; x_wconf 92' lang='lat' dir='ltr'><strong>potus</strong></span> <span class='ocrx_word' id='word_1_668' title='bbox 2047 4357 2212 4417; x_wconf 85' lang='lat' dir='ltr'><strong>atque</strong></span> <span class='ocrx_word' id='word_1_669' title='bbox 2234 4346 2534 4400; x_wconf 91' lang='lat' dir='ltr'><strong>indumenti</strong></span> <span class='ocrx_word' id='word_1_670' title='bbox 2559 4345 3015 4415; x_wconf 87' lang='lat' dir='ltr'><strong>gratia,singulas</strong></span> <span class='ocrx_word' id='word_1_671' title='bbox 3036 4356 3280 4412; x_wconf 89' lang='lat' dir='ltr'><strong>quasque</strong></span> <span class='ocrx_word' id='word_1_672' title='bbox 3302 4348 3450 4395; x_wconf 84' lang='lat' dir='ltr'><strong>artes</strong></span> 
     </span>
    </p>
   </div>
   <div class='ocr_carea' id='block_1_88' title="bbox 1866 4433 3451 4509">
    <p class='ocr_par' dir='ltr' id='par_1_88' title="bbox 1866 4433 3451 4509">
     <span class='ocr_line' id='line_1_88' title="bbox 1866 4433 3451 4509; baseline -0.008 -14"><span class='ocrx_word' id='word_1_673' title='bbox 1866 4447 2119 4509; x_wconf 81' lang='lat' dir='ltr'><strong>expetere</strong></span> <span class='ocrx_word' id='word_1_674' title='bbox 2144 4438 2453 4492; x_wconf 86' lang='lat' dir='ltr'><strong>edocemu&#39;r.</strong></span> <span class='ocrx_word' id='word_1_675' title='bbox 2485 4435 2550 4489; x_wconf 85' lang='lat' dir='ltr'><strong>Et</strong></span> <span class='ocrx_word' id='word_1_676' title='bbox 2575 4437 2662 4490; x_wconf 92' lang='lat' dir='ltr'><strong>hic</strong></span> <span class='ocrx_word' id='word_1_677' title='bbox 2688 4436 2799 4504; x_wconf 90' lang='lat' dir='ltr'><strong>jam</strong></span> <span class='ocrx_word' id='word_1_678' title='bbox 2833 4433 3268 4501; x_wconf 86' lang='lat' dir='ltr'><strong>uniuscujusque</strong></span> <span class='ocrx_word' id='word_1_679' title='bbox 3298 4445 3451 4485; x_wconf 83' lang='lat' dir='ltr'><strong>men-</strong></span> 
     </span>
    </p>
   </div>
   <div class='ocr_carea' id='block_1_89' title="bbox 187 4519 3445 4620">
    <p class='ocr_par' dir='ltr' id='par_1_89' title="bbox 187 4519 3445 4620">
     <span class='ocr_line' id='line_1_89' title="bbox 187 4519 3445 4620; baseline -0.005 -31"><span class='ocrx_word' id='word_1_680' title='bbox 187 4537 316 4589; x_wconf 89' lang='lat' dir='ltr'><strong>dum</strong></span> <span class='ocrx_word' id='word_1_681' title='bbox 357 4542 616 4606; x_wconf 81' lang='lat' dir='ltr'><strong>tauquam</strong></span> <span class='ocrx_word' id='word_1_682' title='bbox 645 4535 918 4605; x_wconf 90' lang='lat' dir='ltr'><strong>duplicem</strong></span> <span class='ocrx_word' id='word_1_683' title='bbox 951 4536 1198 4600; x_wconf 88' lang='lat' dir='ltr'><strong>domum,</strong></span> <span class='ocrx_word' id='word_1_684' title='bbox 1247 4535 1541 4604; x_wconf 86' lang='lat' dir='ltr'><strong>interjectu</strong></span> <span class='ocrx_word' id='word_1_685' title='bbox 1575 4535 1762 4588; x_wconf 84' lang='lat' dir='ltr'><strong>ﬂrma-</strong></span> <span class='ocrx_word' id='word_1_686' title='bbox 1799 4565 1841 4620; x_wconf 65' lang='grc' dir='ltr'><strong>Β</strong></span> <span class='ocrx_word' id='word_1_687' title='bbox 1871 4535 1942 4586; x_wconf 88' lang='lat' dir='ltr'><strong>tis</strong></span> <span class='ocrx_word' id='word_1_688' title='bbox 1975 4531 2315 4601; x_wconf 90' lang='lat' dir='ltr'><strong>propositum</strong></span> <span class='ocrx_word' id='word_1_689' title='bbox 2368 4527 2703 4590; x_wconf 90' lang='lat' dir='ltr'><strong>declaratur,</strong></span> <span class='ocrx_word' id='word_1_690' title='bbox 2741 4535 2918 4580; x_wconf 87' lang='lat' dir='ltr'><strong>uirum</strong></span> <span class='ocrx_word' id='word_1_691' title='bbox 2953 4523 3335 4620; x_wconf 82' lang='lat' dir='ltr'><strong>necessitatem</strong></span> <span class='ocrx_word' id='word_1_692' title='bbox 3362 4519 3445 4620; x_wconf 60' lang='lat' dir='ltr'><strong>fa-</strong></span> 
     </span>
    </p>
   </div>
   <div class='ocr_carea' id='block_1_90' title="bbox 191 4627 1766 4698">
    <p class='ocr_par' dir='ltr' id='par_1_90' title="bbox 191 4627 1766 4698">
     <span class='ocr_line' id='line_1_90' title="bbox 191 4627 1766 4698; baseline 0 -18"><span class='ocrx_word' id='word_1_693' title='bbox 191 4627 357 4680; x_wconf 87' lang='lat' dir='ltr'><strong>menti</strong></span> <span class='ocrx_word' id='word_1_694' title='bbox 386 4627 549 4697; x_wconf 88' lang='lat' dir='ltr'><strong>hujus</strong></span> <span class='ocrx_word' id='word_1_695' title='bbox 579 4627 725 4698; x_wconf 91' lang='lat' dir='ltr'><strong>quod</strong></span> <span class='ocrx_word' id='word_1_696' title='bbox 765 4629 962 4682; x_wconf 63' lang='lat' dir='ltr'><strong>caelum</strong></span> <span class='ocrx_word' id='word_1_697' title='bbox 996 4629 1302 4698; x_wconf 87' lang='lat' dir='ltr'><strong>appellatur</strong></span> <span class='ocrx_word' id='word_1_698' title='bbox 1334 4627 1676 4691; x_wconf 87' lang='lat' dir='ltr'><strong>distinctam,</strong></span> <span class='ocrx_word' id='word_1_699' title='bbox 1711 4635 1766 4682; x_wconf 91' lang='lat' dir='ltr'><strong>et</strong></span> 
     </span>
    </p>
   </div>
   <div class='ocr_carea' id='block_1_91' title="bbox 192 4721 1766 4795">
    <p class='ocr_par' dir='ltr' id='par_1_91' title="bbox 192 4721 1766 4795">
     <span class='ocr_line' id='line_1_91' title="bbox 192 4721 1766 4795; baseline 0.002 -22"><span class='ocrx_word' id='word_1_700' title='bbox 192 4721 247 4773; x_wconf 93' lang='lat' dir='ltr'><strong>in</strong></span> <span class='ocrx_word' id='word_1_701' title='bbox 273 4723 542 4792; x_wconf 84' lang='lat' dir='ltr'><strong>superiori</strong></span> <span class='ocrx_word' id='word_1_702' title='bbox 575 4722 796 4793; x_wconf 89' lang='lat' dir='ltr'><strong>quidem</strong></span> <span class='ocrx_word' id='word_1_703' title='bbox 827 4725 1100 4795; x_wconf 85' lang='lat' dir='ltr'><strong>angelicas</strong></span> <span class='ocrx_word' id='word_1_704' title='bbox 1149 4723 1399 4777; x_wconf 85' lang='lat' dir='ltr'><strong>habitare</strong></span> <span class='ocrx_word' id='word_1_705' title='bbox 1429 4724 1682 4784; x_wconf 90' lang='lat' dir='ltr'><strong>virtutes,</strong></span> <span class='ocrx_word' id='word_1_706' title='bbox 1711 4722 1766 4776; x_wconf 90' lang='lat' dir='ltr'><strong>in</strong></span> 
     </span>
    </p>
   </div>
   <div class='ocr_carea' id='block_1_92' title="bbox 195 4814 1769 4872">
    <p class='ocr_par' dir='ltr' id='par_1_92' title="bbox 195 4814 1769 4872">
     <span class='ocr_line' id='line_1_92' title="bbox 195 4814 1769 4872; baseline -0.001 -2"><span class='ocrx_word' id='word_1_707' title='bbox 195 4817 302 4871; x_wconf 78' lang='lat' dir='ltr'><strong>isto</strong></span> <span class='ocrx_word' id='word_1_708' title='bbox 325 4820 504 4870; x_wconf 88' lang='lat' dir='ltr'><strong>autem</strong></span> <span class='ocrx_word' id='word_1_709' title='bbox 531 4814 734 4870; x_wconf 89' lang='lat' dir='ltr'><strong>visibili</strong></span> <span class='ocrx_word' id='word_1_710' title='bbox 764 4817 967 4870; x_wconf 89' lang='lat' dir='ltr'><strong>mundo</strong></span> <span class='ocrx_word' id='word_1_711' title='bbox 1003 4817 1159 4870; x_wconf 89' lang='lat' dir='ltr'><strong>nasci</strong></span> <span class='ocrx_word' id='word_1_712' title='bbox 1201 4817 1484 4872; x_wconf 87' lang='lat' dir='ltr'><strong>hominum</strong></span> <span class='ocrx_word' id='word_1_713' title='bbox 1517 4817 1769 4870; x_wconf 79' lang='lat' dir='ltr'><strong>multitu-</strong></span> 
     </span>
    </p>
   </div>
   <div class='ocr_carea' id='block_1_93' title="bbox 194 4898 1765 4978">
    <p class='ocr_par' dir='ltr' id='par_1_93' title="bbox 194 4898 1765 4978">
     <span class='ocr_line' id='line_1_93' title="bbox 194 4898 1765 4978; baseline -0.001 -15"><span class='ocrx_word' id='word_1_714' title='bbox 194 4908 376 4963; x_wconf 89' lang='lat' dir='ltr'><strong>dinem</strong></span> <span class='ocrx_word' id='word_1_715' title='bbox 419 4906 591 4976; x_wconf 78' lang='lat' dir='ltr'><strong>dedit,</strong></span> <span class='ocrx_word' id='word_1_716' title='bbox 625 4898 705 4962; x_wconf 23' lang='lat' dir='ltr'><strong>ex.</strong></span> <span class='ocrx_word' id='word_1_717' title='bbox 736 4909 937 4978; x_wconf 90' lang='lat' dir='ltr'><strong>quibus</strong></span> <span class='ocrx_word' id='word_1_718' title='bbox 966 4908 1186 4978; x_wconf 88' lang='lat' dir='ltr'><strong>eligeret</strong></span> <span class='ocrx_word' id='word_1_719' title='bbox 1209 4910 1416 4964; x_wconf 91' lang='lat' dir='ltr'><strong>amicos</strong></span> <span class='ocrx_word' id='word_1_720' title='bbox 1459 4907 1597 4963; x_wconf 81' lang='lat' dir='ltr'><strong>Filio</strong></span> <span class='ocrx_word' id='word_1_721' title='bbox 1631 4923 1765 4971; x_wconf 90' lang='lat' dir='ltr'><strong>suo,</strong></span> 
     </span>
    </p>
   </div>
   <div class='ocr_carea' id='block_1_94' title="bbox 195 5000 1772 5070">
    <p class='ocr_par' dir='ltr' id='par_1_94' title="bbox 195 5000 1772 5070">
     <span class='ocr_line' id='line_1_94' title="bbox 195 5000 1772 5070; baseline -0.001 -17"><span class='ocrx_word' id='word_1_722' title='bbox 195 5014 318 5053; x_wconf 90' lang='lat' dir='ltr'><strong>cum</strong></span> <span class='ocrx_word' id='word_1_723' title='bbox 349 5000 550 5068; x_wconf 85' lang='lat' dir='ltr'><strong>quibus</strong></span> <span class='ocrx_word' id='word_1_724' title='bbox 581 5000 874 5061; x_wconf 73' lang='lat' dir='ltr'><strong>laetaretur,</strong></span> <span class='ocrx_word' id='word_1_725' title='bbox 898 5006 952 5054; x_wconf 92' lang='lat' dir='ltr'><strong>et</strong></span> <span class='ocrx_word' id='word_1_726' title='bbox 981 5001 1072 5070; x_wconf 89' lang='lat' dir='ltr'><strong>qui</strong></span> <span class='ocrx_word' id='word_1_727' title='bbox 1104 5001 1152 5054; x_wconf 93' lang='lat' dir='ltr'><strong>ei</strong></span> <span class='ocrx_word' id='word_1_728' title='bbox 1187 5008 1444 5070; x_wconf 89' lang='lat' dir='ltr'><strong>tanquam</strong></span> <span class='ocrx_word' id='word_1_729' title='bbox 1477 5015 1680 5070; x_wconf 92' lang='lat' dir='ltr'><strong>sponso</strong></span> <span class='ocrx_word' id='word_1_730' title='bbox 1712 5005 1772 5053; x_wconf 91' lang='lat' dir='ltr'><strong>ut</strong></span> 
     </span>
    </p>
   </div>
   <div class='ocr_carea' id='block_1_95' title="bbox 195 5090 1762 5162">
    <p class='ocr_par' dir='ltr' id='par_1_95' title="bbox 195 5090 1762 5162">
     <span class='ocr_line' id='line_1_95' title="bbox 195 5090 1762 5162; baseline 0 -16"><span class='ocrx_word' id='word_1_731' title='bbox 195 5093 390 5146; x_wconf 85' lang='lat' dir='ltr'><strong>dilecta</strong></span> <span class='ocrx_word' id='word_1_732' title='bbox 420 5107 620 5162; x_wconf 85' lang='lat' dir='ltr'><strong>sponsa</strong></span> <span class='ocrx_word' id='word_1_733' title='bbox 652 5101 996 5161; x_wconf 89' lang='lat' dir='ltr'><strong>pararentur.</strong></span> <span class='ocrx_word' id='word_1_734' title='bbox 1028 5090 1228 5146; x_wconf 86' lang='lat' dir='ltr'><strong>Verum</strong></span> <span class='ocrx_word' id='word_1_735' title='bbox 1261 5108 1434 5162; x_wconf 86' lang='lat' dir='ltr'><strong>usque</strong></span> <span class='ocrx_word' id='word_1_736' title='bbox 1461 5093 1526 5146; x_wconf 90' lang='lat' dir='ltr'><strong>ad</strong></span> <span class='ocrx_word' id='word_1_737' title='bbox 1559 5095 1762 5161; x_wconf 83' lang='lat' dir='ltr'><strong>nuptia-</strong></span> 
     </span>
    </p>
   </div>
   <div class='ocr_carea' id='block_1_96' title="bbox 197 5184 1771 5254">
    <p class='ocr_par' dir='ltr' id='par_1_96' title="bbox 197 5184 1771 5254">
     <span class='ocr_line' id='line_1_96' title="bbox 197 5184 1771 5254; baseline -0.001 -14"><span class='ocrx_word' id='word_1_738' title='bbox 197 5200 317 5240; x_wconf 88' lang='lat' dir='ltr'><strong>rum</strong></span> <span class='ocrx_word' id='word_1_739' title='bbox 359 5193 596 5253; x_wconf 86' lang='lat' dir='ltr'><strong>tempus,</strong></span> <span class='ocrx_word' id='word_1_740' title='bbox 630 5184 774 5254; x_wconf 90' lang='lat' dir='ltr'><strong>quod</strong></span> <span class='ocrx_word' id='word_1_741' title='bbox 810 5191 895 5239; x_wconf 87' lang='lat' dir='ltr'><strong>est</strong></span> <span class='ocrx_word' id='word_1_742' title='bbox 939 5185 1230 5253; x_wconf 65' lang='lat' dir='ltr'><strong>praesentia</strong></span> <span class='ocrx_word' id='word_1_743' title='bbox 1281 5185 1466 5240; x_wconf 76' lang='lat' dir='ltr'><strong>saeculi</strong></span> <span class='ocrx_word' id='word_1_744' title='bbox 1515 5187 1771 5251; x_wconf 89' lang='lat' dir='ltr'><strong>venturi,</strong></span> 
     </span>
    </p>
   </div>
   <div class='ocr_carea' id='block_1_97' title="bbox 200 5274 1772 5345">
    <p class='ocr_par' dir='ltr' id='par_1_97' title="bbox 200 5274 1772 5345">
     <span class='ocr_line' id='line_1_97' title="bbox 200 5274 1772 5345; baseline 0.001 -14"><span class='ocrx_word' id='word_1_745' title='bbox 200 5275 389 5332; x_wconf 86' lang='lat' dir='ltr'><strong>statuit</strong></span> <span class='ocrx_word' id='word_1_746' title='bbox 421 5280 674 5329; x_wconf 90' lang='lat' dir='ltr'><strong>virtutem</strong></span> <span class='ocrx_word' id='word_1_747' title='bbox 703 5274 1016 5344; x_wconf 90' lang='lat' dir='ltr'><strong>quamdam,</strong></span> <span class='ocrx_word' id='word_1_748' title='bbox 1048 5292 1170 5345; x_wconf 74' lang='lat' dir='ltr'><strong>quze</strong></span> <span class='ocrx_word' id='word_1_749' title='bbox 1197 5291 1263 5329; x_wconf 87' lang='lat' dir='ltr'><strong>ex</strong></span> <span class='ocrx_word' id='word_1_750' title='bbox 1311 5276 1399 5331; x_wconf 91' lang='lat' dir='ltr'><strong>his</strong></span> <span class='ocrx_word' id='word_1_751' title='bbox 1427 5292 1550 5345; x_wconf 67' lang='lat' dir='ltr'><strong>quae</strong></span> <span class='ocrx_word' id='word_1_752' title='bbox 1585 5277 1640 5329; x_wconf 92' lang='lat' dir='ltr'><strong>in</strong></span> <span class='ocrx_word' id='word_1_753' title='bbox 1671 5277 1772 5332; x_wconf 91' lang='lat' dir='ltr'><strong>hoc</strong></span> 
     </span>
    </p>
   </div>
   <div class='ocr_carea' id='block_1_98' title="bbox 201 5365 1777 5435">
    <p class='ocr_par' dir='ltr' id='par_1_98' title="bbox 201 5365 1777 5435">
     <span class='ocr_line' id='line_1_98' title="bbox 201 5365 1777 5435; baseline 0.001 -14"><span class='ocrx_word' id='word_1_754' title='bbox 201 5366 402 5422; x_wconf 91' lang='lat' dir='ltr'><strong>mundo</strong></span> <span class='ocrx_word' id='word_1_755' title='bbox 428 5373 752 5432; x_wconf 90' lang='lat' dir='ltr'><strong>nascuntur,</strong></span> <span class='ocrx_word' id='word_1_756' title='bbox 783 5367 947 5435; x_wconf 87' lang='lat' dir='ltr'><strong>eligat</strong></span> <span class='ocrx_word' id='word_1_757' title='bbox 977 5375 1029 5420; x_wconf 89' lang='lat' dir='ltr'><strong>et</strong></span> <span class='ocrx_word' id='word_1_758' title='bbox 1079 5365 1355 5421; x_wconf 89' lang='lat' dir='ltr'><strong>custodiat</strong></span> <span class='ocrx_word' id='word_1_759' title='bbox 1400 5369 1674 5431; x_wconf 91' lang='lat' dir='ltr'><strong>meliores,</strong></span> <span class='ocrx_word' id='word_1_760' title='bbox 1713 5383 1777 5423; x_wconf 92' lang='lat' dir='ltr'><strong>ac</strong></span> 
     </span>
    </p>
   </div>
   <div class='ocr_carea' id='block_1_99' title="bbox 200 5457 1777 5528">
    <p class='ocr_par' dir='ltr' id='par_1_99' title="bbox 200 5457 1777 5528">
     <span class='ocr_line' id='line_1_99' title="bbox 200 5457 1777 5528; baseline 0 -14"><span class='ocrx_word' id='word_1_761' title='bbox 200 5465 378 5514; x_wconf 81' lang='lat' dir='ltr'><strong>servet</strong></span> <span class='ocrx_word' id='word_1_762' title='bbox 405 5457 539 5512; x_wconf 85' lang='lat' dir='ltr'><strong>Filio</strong></span> <span class='ocrx_word' id='word_1_763' title='bbox 563 5461 670 5513; x_wconf 90' lang='lat' dir='ltr'><strong>&#39;suo</strong></span> <span class='ocrx_word' id='word_1_764' title='bbox 701 5466 1074 5527; x_wconf 87' lang='lat' dir='ltr'><strong>sequestratos</strong></span> <span class='ocrx_word' id='word_1_765' title='bbox 1107 5459 1158 5512; x_wconf 90' lang='lat' dir='ltr'><strong>in</strong></span> <span class='ocrx_word' id='word_1_766' title='bbox 1182 5458 1300 5512; x_wconf 87' lang='lat' dir='ltr'><strong>loco</strong></span> <span class='ocrx_word' id='word_1_767' title='bbox 1323 5459 1558 5528; x_wconf 90' lang='lat' dir='ltr'><strong>quodam</strong></span> <span class='ocrx_word' id='word_1_768' title='bbox 1588 5459 1777 5514; x_wconf 86' lang='lat' dir='ltr'><strong>mundi</strong></span> 
     </span>
    </p>
   </div>
   <div class='ocr_carea' id='block_1_100' title="bbox 203 5550 1775 5627">
    <p class='ocr_par' dir='ltr' id='par_1_100' title="bbox 203 5550 1775 5627">
     <span class='ocr_line' id='line_1_100' title="bbox 203 5550 1775 5627; baseline 0 -23"><span class='ocrx_word' id='word_1_769' title='bbox 203 5551 292 5620; x_wconf 63' lang='lat' dir='ltr'><strong>cui</strong></span> <span class='ocrx_word' id='word_1_770' title='bbox 321 5559 473 5604; x_wconf 79' lang='lat' dir='ltr'><strong>extra</strong></span> <span class='ocrx_word' id='word_1_771' title='bbox 505 5559 788 5627; x_wconf 81' lang='lat' dir='ltr'><strong>peccatum</strong></span> <span class='ocrx_word' id='word_1_772' title='bbox 817 5561 922 5616; x_wconf 91' lang='lat' dir='ltr'><strong>est,</strong></span> <span class='ocrx_word' id='word_1_773' title='bbox 957 5550 1011 5603; x_wconf 89' lang='lat' dir='ltr'><strong>in</strong></span> <span class='ocrx_word' id='word_1_774' title='bbox 1041 5566 1148 5620; x_wconf 93' lang='lat' dir='ltr'><strong>quo</strong></span> <span class='ocrx_word' id='word_1_775' title='bbox 1173 5550 1284 5618; x_wconf 85' lang='lat' dir='ltr'><strong>jam</strong></span> <span class='ocrx_word' id='word_1_776' title='bbox 1319 5558 1447 5604; x_wconf 91' lang='lat' dir='ltr'><strong>sunt</strong></span> <span class='ocrx_word' id='word_1_777' title='bbox 1483 5552 1775 5622; x_wconf 90' lang='lat' dir='ltr'><strong>aliquanti,</strong></span> 
     </span>
    </p>
   </div>
   <div class='ocr_carea' id='block_1_101' title="bbox 205 5641 1781 5715">
    <p class='ocr_par' dir='ltr' id='par_1_101' title="bbox 205 5641 1781 5715">
     <span class='ocr_line' id='line_1_101' title="bbox 205 5641 1781 5715; baseline 0.001 -19"><span class='ocrx_word' id='word_1_778' title='bbox 205 5644 295 5715; x_wconf 79' lang='lat' dir='ltr'><strong>qui</strong></span> <span class='ocrx_word' id='word_1_779' title='bbox 330 5643 402 5696; x_wconf 89' lang='lat' dir='ltr'><strong>ibi</strong></span> <span class='ocrx_word' id='word_1_780' title='bbox 426 5644 569 5696; x_wconf 87' lang='lat' dir='ltr'><strong>velut</strong></span> <span class='ocrx_word' id='word_1_781' title='bbox 597 5657 818 5712; x_wconf 81' lang='lat' dir='ltr'><strong>sponsa,</strong></span> <span class='ocrx_word' id='word_1_782' title='bbox 851 5653 904 5696; x_wconf 91' lang='lat' dir='ltr'><strong>ul</strong></span> <span class='ocrx_word' id='word_1_783' title='bbox 933 5642 1066 5705; x_wconf 87' lang='lat' dir='ltr'><strong>dixi,</strong></span> <span class='ocrx_word' id='word_1_784' title='bbox 1091 5642 1289 5695; x_wconf 89' lang='lat' dir='ltr'><strong>decora</strong></span> <span class='ocrx_word' id='word_1_785' title='bbox 1319 5641 1388 5694; x_wconf 91' lang='lat' dir='ltr'><strong>ad</strong></span> <span class='ocrx_word' id='word_1_786' title='bbox 1419 5644 1605 5712; x_wconf 86' lang='lat' dir='ltr'><strong>sponsi</strong></span> <span class='ocrx_word' id='word_1_787' title='bbox 1643 5658 1781 5712; x_wconf 70' lang='lat' dir='ltr'><strong>prte-</strong></span> 
     </span>
    </p>
   </div>
   <div class='ocr_carea' id='block_1_102' title="bbox 208 5737 1781 5809">
    <p class='ocr_par' dir='ltr' id='par_1_102' title="bbox 208 5737 1781 5809">
     <span class='ocr_line' id='line_1_102' title="bbox 208 5737 1781 5809; baseline -0.004 -12"><span class='ocrx_word' id='word_1_788' title='bbox 208 5739 435 5797; x_wconf 76' lang='lat' dir='ltr'><strong>sentiam</strong></span> <span class='ocrx_word' id='word_1_789' title='bbox 469 5746 859 5809; x_wconf 64' lang='lat' dir='ltr'><strong>prmparantur.</strong></span> <span class='ocrx_word' id='word_1_790' title='bbox 884 5737 1018 5792; x_wconf 83' lang='lat' dir='ltr'><strong>Nam</strong></span> <span class='ocrx_word' id='word_1_791' title='bbox 1046 5738 1232 5792; x_wconf 89' lang='lat' dir='ltr'><strong>mundi</strong></span> <span class='ocrx_word' id='word_1_792' title='bbox 1265 5739 1428 5807; x_wconf 86' lang='lat' dir='ltr'><strong>hujus</strong></span> <span class='ocrx_word' id='word_1_793' title='bbox 1458 5745 1510 5792; x_wconf 90' lang='lat' dir='ltr'><strong>ct</strong></span> <span class='ocrx_word' id='word_1_794' title='bbox 1541 5752 1781 5808; x_wconf 74' lang='lat' dir='ltr'><strong>praesen-</strong></span> 
     </span>
    </p>
   </div>
   <div class='ocr_carea' id='block_1_103' title="bbox 209 5827 1777 5903">
    <p class='ocr_par' dir='ltr' id='par_1_103' title="bbox 209 5827 1777 5903">
     <span class='ocr_line' id='line_1_103' title="bbox 209 5827 1777 5903; baseline 0.001 -21"><span class='ocrx_word' id='word_1_795' title='bbox 209 5827 278 5884; x_wconf 85' lang='lat' dir='ltr'><strong>tis</strong></span> <span class='ocrx_word' id='word_1_796' title='bbox 337 5827 596 5902; x_wconf 80' lang='lat' dir='ltr'><strong>temporis</strong></span> <span class='ocrx_word' id='word_1_797' title='bbox 651 5832 904 5903; x_wconf 73' lang='lat' dir='ltr'><strong>princeps</strong></span> <span class='ocrx_word' id='word_1_798' title='bbox 963 5830 1209 5886; x_wconf 82' lang='lat' dir='ltr'><strong>adultero</strong></span> <span class='ocrx_word' id='word_1_799' title='bbox 1260 5831 1456 5886; x_wconf 84' lang='lat' dir='ltr'><strong>similis</strong></span> <span class='ocrx_word' id='word_1_800' title='bbox 1507 5841 1617 5895; x_wconf 86' lang='lat' dir='ltr'><strong>cst,</strong></span> <span class='ocrx_word' id='word_1_801' title='bbox 1687 5828 1777 5902; x_wconf 88' lang='lat' dir='ltr'><strong>qui</strong></span> 
     </span>
    </p>
   </div>
   <div class='ocr_carea' id='block_1_104' title="bbox 1873 4611 3451 4692">
    <p class='ocr_par' dir='ltr' id='par_1_104' title="bbox 1873 4611 3451 4692">
     <span class='ocr_line' id='line_1_104' title="bbox 1873 4611 3451 4692; baseline -0.008 -14"><span class='ocrx_word' id='word_1_802' title='bbox 1873 4625 1977 4678; x_wconf 88' lang='lat' dir='ltr'><strong>mis</strong></span> <span class='ocrx_word' id='word_1_803' title='bbox 2003 4632 2056 4679; x_wconf 89' lang='lat' dir='ltr'><strong>et</strong></span> <span class='ocrx_word' id='word_1_804' title='bbox 2099 4621 2321 4692; x_wconf 85' lang='lat' dir='ltr'><strong>frigoris</strong></span> <span class='ocrx_word' id='word_1_805' title='bbox 2365 4635 2463 4690; x_wconf 88' lang='lat' dir='ltr'><strong>per</strong></span> <span class='ocrx_word' id='word_1_806' title='bbox 2513 4619 2659 4672; x_wconf 88' lang='lat' dir='ltr'><strong>furta</strong></span> <span class='ocrx_word' id='word_1_807' title='bbox 2690 4624 2744 4672; x_wconf 91' lang='lat' dir='ltr'><strong>et</strong></span> <span class='ocrx_word' id='word_1_808' title='bbox 2777 4613 3069 4670; x_wconf 89' lang='lat' dir='ltr'><strong>homicidia</strong></span> <span class='ocrx_word' id='word_1_809' title='bbox 3101 4628 3165 4668; x_wconf 92' lang='lat' dir='ltr'><strong>ac</strong></span> <span class='ocrx_word' id='word_1_810' title='bbox 3209 4611 3451 4682; x_wconf 88' lang='lat' dir='ltr'><strong>perjuria</strong></span> 
     </span>
    </p>
   </div>
   <div class='ocr_carea' id='block_1_105' title="bbox 1873 4703 3446 4785">
    <p class='ocr_par' dir='ltr' id='par_1_105' title="bbox 1873 4703 3446 4785">
     <span class='ocr_line' id='line_1_105' title="bbox 1873 4703 3446 4785; baseline -0.008 -15"><span class='ocrx_word' id='word_1_811' title='bbox 1873 4717 2099 4782; x_wconf 89' lang='lat' dir='ltr'><strong>sarciat,</strong></span> <span class='ocrx_word' id='word_1_812' title='bbox 2137 4704 2358 4785; x_wconf 59' lang='lat' dir='ltr'><strong>perque&#39;</strong></span> <span class='ocrx_word' id='word_1_813' title='bbox 2385 4711 2491 4766; x_wconf 91' lang='lat' dir='ltr'><strong>alia</strong></span> <span class='ocrx_word' id='word_1_814' title='bbox 2525 4707 2842 4780; x_wconf 83' lang='lat' dir='ltr'><strong>hujusmodi</strong></span> <span class='ocrx_word' id='word_1_815' title='bbox 2887 4707 3117 4769; x_wconf 88' lang='lat' dir='ltr'><strong>scelera,</strong></span> <span class='ocrx_word' id='word_1_816' title='bbox 3171 4719 3240 4758; x_wconf 90' lang='lat' dir='ltr'><strong>an</strong></span> <span class='ocrx_word' id='word_1_817' title='bbox 3278 4703 3446 4772; x_wconf 87' lang='lat' dir='ltr'><strong>justi-</strong></span> 
     </span>
    </p>
   </div>
   <div class='ocr_carea' id='block_1_106' title="bbox 1873 4796 3448 4874">
    <p class='ocr_par' dir='ltr' id='par_1_106' title="bbox 1873 4796 3448 4874">
     <span class='ocr_line' id='line_1_106' title="bbox 1873 4796 3448 4874; baseline -0.009 -10"><span class='ocrx_word' id='word_1_818' title='bbox 1873 4811 2024 4874; x_wconf 90' lang='lat' dir='ltr'><strong>tiam,</strong></span> <span class='ocrx_word' id='word_1_819' title='bbox 2055 4806 2512 4869; x_wconf 89' lang='lat' dir='ltr'><strong>misericordiam,</strong></span> <span class='ocrx_word' id='word_1_820' title='bbox 2549 4801 3057 4870; x_wconf 81' lang='lat' dir='ltr'><strong>continentiamque</strong></span> <span class='ocrx_word' id='word_1_821' title='bbox 3107 4796 3448 4859; x_wconf 91' lang='lat' dir='ltr'><strong>custodiens,</strong></span> 
     </span>
    </p>
   </div>
   <div class='ocr_carea' id='block_1_107' title="bbox 1873 4877 3452 4955">
    <p class='ocr_par' dir='ltr' id='par_1_107' title="bbox 1873 4877 3452 4955">
     <span class='ocr_line' id='line_1_107' title="bbox 1873 4877 3452 4955; baseline -0.007 -2"><span class='ocrx_word' id='word_1_822' title='bbox 1873 4901 2011 4955; x_wconf 88' lang='lat' dir='ltr'><strong>artis</strong></span> <span class='ocrx_word' id='word_1_823' title='bbox 2049 4877 2234 4954; x_wconf 89' lang='lat' dir='ltr'><strong>studio</strong></span> <span class='ocrx_word' id='word_1_824' title='bbox 2263 4906 2318 4954; x_wconf 91' lang='lat' dir='ltr'><strong>et</strong></span> <span class='ocrx_word' id='word_1_825' title='bbox 2345 4910 2605 4950; x_wconf 91' lang='lat' dir='ltr'><strong>manuum</strong></span> <span class='ocrx_word' id='word_1_826' title='bbox 2637 4893 2823 4948; x_wconf 88' lang='lat' dir='ltr'><strong>labore</strong></span> <span class='ocrx_word' id='word_1_827' title='bbox 2871 4888 3208 4946; x_wconf 90' lang='lat' dir='ltr'><strong>imminentis</strong></span> <span class='ocrx_word' id='word_1_828' title='bbox 3262 4903 3452 4942; x_wconf 85' lang='lat' dir='ltr'><strong>neces-</strong></span> 
     </span>
    </p>
   </div>
   <div class='ocr_carea' id='block_1_108' title="bbox 1876 4979 3455 5064">
    <p class='ocr_par' dir='ltr' id='par_1_108' title="bbox 1876 4979 3455 5064">
     <span class='ocr_line' id='line_1_108' title="bbox 1876 4979 3455 5064; baseline -0.01 -16"><span class='ocrx_word' id='word_1_829' title='bbox 1876 4994 2056 5048; x_wconf 85' lang='lat' dir='ltr'><strong>sitatis</strong></span> <span class='ocrx_word' id='word_1_830' title='bbox 2085 4993 2299 5064; x_wconf 85' lang='lat' dir='ltr'><strong>expleat</strong></span> <span class='ocrx_word' id='word_1_831' title='bbox 2321 4989 2708 5046; x_wconf 89' lang='lat' dir='ltr'><strong>ministerium.</strong></span> <span class='ocrx_word' id='word_1_832' title='bbox 2742 4985 2799 5041; x_wconf 92' lang='lat' dir='ltr'><strong>Si</strong></span> <span class='ocrx_word' id='word_1_833' title='bbox 2831 4983 2977 5040; x_wconf 90' lang='lat' dir='ltr'><strong>enim</strong></span> <span class='ocrx_word' id='word_1_834' title='bbox 3009 4996 3132 5035; x_wconf 89' lang='lat' dir='ltr'><strong>cum</strong></span> <span class='ocrx_word' id='word_1_835' title='bbox 3160 4979 3376 5050; x_wconf 88' lang='lat' dir='ltr'><strong>justitia</strong></span> <span class='ocrx_word' id='word_1_836' title='bbox 3400 4986 3455 5034; x_wconf 90' lang='lat' dir='ltr'><strong>et</strong></span> 
     </span>
    </p>
   </div>
   <div class='ocr_carea' id='block_1_109' title="bbox 1879 5075 3455 5159">
    <p class='ocr_par' dir='ltr' id='par_1_109' title="bbox 1879 5075 3455 5159">
     <span class='ocr_line' id='line_1_109' title="bbox 1879 5075 3455 5159; baseline -0.01 -16"><span class='ocrx_word' id='word_1_837' title='bbox 1879 5091 2080 5159; x_wconf 78' lang='lat' dir='ltr'><strong>pietate</strong></span> <span class='ocrx_word' id='word_1_838' title='bbox 2109 5105 2171 5143; x_wconf 85' lang='lat' dir='ltr'><strong>ac</strong></span> <span class='ocrx_word' id='word_1_839' title='bbox 2199 5085 2572 5142; x_wconf 88' lang='lat' dir='ltr'><strong>misericordia</strong></span> <span class='ocrx_word' id='word_1_840' title='bbox 2592 5080 2972 5138; x_wconf 88' lang='lat' dir='ltr'><strong>necessitatem</strong></span> <span class='ocrx_word' id='word_1_841' title='bbox 2995 5075 3240 5145; x_wconf 90' lang='lat' dir='ltr'><strong>corporis</strong></span> <span class='ocrx_word' id='word_1_842' title='bbox 3277 5083 3455 5127; x_wconf 86' lang='lat' dir='ltr'><strong>trans-</strong></span> 
     </span>
    </p>
   </div>
   <div class='ocr_carea' id='block_1_110' title="bbox 1878 5163 3452 5252">
    <p class='ocr_par' dir='ltr' id='par_1_110' title="bbox 1878 5163 3452 5252">
     <span class='ocr_line' id='line_1_110' title="bbox 1878 5163 3452 5252; baseline -0.011 -17"><span class='ocrx_word' id='word_1_843' title='bbox 1878 5183 2010 5252; x_wconf 83' lang='lat' dir='ltr'><strong>igat,</strong></span> <span class='ocrx_word' id='word_1_844' title='bbox 2034 5182 2182 5236; x_wconf 88' lang='lat' dir='ltr'><strong>velut</strong></span> <span class='ocrx_word' id='word_1_845' title='bbox 2209 5179 2472 5250; x_wconf 89' lang='lat' dir='ltr'><strong>propositi</strong></span> <span class='ocrx_word' id='word_1_846' title='bbox 2504 5177 2696 5244; x_wconf 76' lang='lat' dir='ltr'><strong>agonis</strong></span> <span class='ocrx_word' id='word_1_847' title='bbox 2726 5174 2918 5233; x_wconf 86' lang='lat' dir='ltr'><strong>victor,</strong></span> <span class='ocrx_word' id='word_1_848' title='bbox 2945 5169 3152 5223; x_wconf 88' lang='lat' dir='ltr'><strong>amicus</strong></span> <span class='ocrx_word' id='word_1_849' title='bbox 3185 5165 3306 5219; x_wconf 83' lang='lat' dir='ltr'><strong>Filii</strong></span> <span class='ocrx_word' id='word_1_850' title='bbox 3357 5163 3452 5220; x_wconf 88' lang='lat' dir='ltr'><strong>Dei</strong></span> 
     </span>
    </p>
   </div>
   <div class='ocr_carea' id='block_1_111' title="bbox 1877 5255 3461 5335">
    <p class='ocr_par' dir='ltr' id='par_1_111' title="bbox 1877 5255 3461 5335">
     <span class='ocr_line' id='line_1_111' title="bbox 1877 5255 3461 5335; baseline -0.013 -9"><span class='ocrx_word' id='word_1_851' title='bbox 1877 5280 1930 5326; x_wconf 90' lang='lat' dir='ltr'><strong>et</strong></span> <span class='ocrx_word' id='word_1_852' title='bbox 1959 5271 2167 5326; x_wconf 89' lang='lat' dir='ltr'><strong>electus</strong></span> <span class='ocrx_word' id='word_1_853' title='bbox 2198 5269 2472 5335; x_wconf 89' lang='lat' dir='ltr'><strong>abscedit;</strong></span> <span class='ocrx_word' id='word_1_854' title='bbox 2505 5269 2548 5321; x_wconf 90' lang='lat' dir='ltr'><strong>si</strong></span> <span class='ocrx_word' id='word_1_855' title='bbox 2581 5281 2706 5320; x_wconf 89' lang='lat' dir='ltr'><strong>vero</strong></span> <span class='ocrx_word' id='word_1_856' title='bbox 2735 5277 2828 5334; x_wconf 90' lang='lat' dir='ltr'><strong>per</strong></span> <span class='ocrx_word' id='word_1_857' title='bbox 2859 5260 3096 5321; x_wconf 90' lang='lat' dir='ltr'><strong>fraudes,</strong></span> <span class='ocrx_word' id='word_1_858' title='bbox 3135 5272 3228 5327; x_wconf 77' lang='lat' dir='ltr'><strong>per</strong></span> <span class='ocrx_word' id='word_1_859' title='bbox 3256 5255 3461 5324; x_wconf 85' lang='lat' dir='ltr'><strong>iniqui-</strong></span> 
     </span>
    </p>
   </div>
   <div class='ocr_carea' id='block_1_112' title="bbox 1881 5346 3454 5427">
    <p class='ocr_par' dir='ltr' id='par_1_112' title="bbox 1881 5346 3454 5427">
     <span class='ocr_line' id='line_1_112' title="bbox 1881 5346 3454 5427; baseline -0.012 -11"><span class='ocrx_word' id='word_1_860' title='bbox 1881 5371 2021 5418; x_wconf 79' lang='lat' dir='ltr'><strong>tates</strong></span> <span class='ocrx_word' id='word_1_861' title='bbox 2049 5372 2103 5416; x_wconf 91' lang='lat' dir='ltr'><strong>et</strong></span> <span class='ocrx_word' id='word_1_862' title='bbox 2141 5361 2350 5416; x_wconf 90' lang='lat' dir='ltr'><strong>scelera</strong></span> <span class='ocrx_word' id='word_1_863' title='bbox 2377 5355 2838 5427; x_wconf 87' lang='lat' dir='ltr'><strong>concupiscentiis</strong></span> <span class='ocrx_word' id='word_1_864' title='bbox 2871 5351 3108 5407; x_wconf 90' lang='lat' dir='ltr'><strong>deservit</strong></span> <span class='ocrx_word' id='word_1_865' title='bbox 3151 5346 3454 5417; x_wconf 76' lang='lat' dir='ltr'><strong>corporali-</strong></span> 
     </span>
    </p>
   </div>
   <div class='ocr_carea' id='block_1_113' title="bbox 1883 5439 3458 5526">
    <p class='ocr_par' dir='ltr' id='par_1_113' title="bbox 1883 5439 3458 5526">
     <span class='ocr_line' id='line_1_113' title="bbox 1883 5439 3458 5526; baseline -0.015 -13"><span class='ocrx_word' id='word_1_866' title='bbox 1883 5458 2010 5521; x_wconf 85' lang='lat' dir='ltr'><strong>bus,</strong></span> <span class='ocrx_word' id='word_1_867' title='bbox 2033 5454 2295 5526; x_wconf 89' lang='lat' dir='ltr'><strong>principis</strong></span> <span class='ocrx_word' id='word_1_868' title='bbox 2318 5453 2482 5522; x_wconf 89' lang='lat' dir='ltr'><strong>hujus</strong></span> <span class='ocrx_word' id='word_1_869' title='bbox 2507 5450 2693 5505; x_wconf 88' lang='lat' dir='ltr'><strong>m‘undi</strong></span> <span class='ocrx_word' id='word_1_870' title='bbox 2715 5457 2876 5516; x_wconf 87' lang='lat' dir='ltr'><strong>atque</strong></span> <span class='ocrx_word' id='word_1_871' title='bbox 2889 5444 3130 5499; x_wconf 90' lang='lat' dir='ltr'><strong>omnium</strong></span> <span class='ocrx_word' id='word_1_872' title='bbox 3149 5439 3458 5494; x_wconf 75' lang='lat' dir='ltr'><strong>daemonum</strong></span> 
     </span>
    </p>
   </div>
   <div class='ocr_carea' id='block_1_114' title="bbox 1884 5534 3458 5613">
    <p class='ocr_par' dir='ltr' id='par_1_114' title="bbox 1884 5534 3458 5613">
     <span class='ocr_line' id='line_1_114' title="bbox 1884 5534 3458 5613; baseline -0.016 -8"><span class='ocrx_word' id='word_1_873' title='bbox 1884 5553 2095 5605; x_wconf 89' lang='lat' dir='ltr'><strong>amicus</strong></span> <span class='ocrx_word' id='word_1_874' title='bbox 2125 5547 2378 5609; x_wconf 81' lang='lat' dir='ltr'><strong>efﬁcitur,</strong></span> <span class='ocrx_word' id='word_1_875' title='bbox 2425 5561 2454 5599; x_wconf 89' lang='lat' dir='ltr'><strong>a</strong></span> <span class='ocrx_word' id='word_1_876' title='bbox 2505 5543 2704 5613; x_wconf 89' lang='lat' dir='ltr'><strong>quibus</strong></span> <span class='ocrx_word' id='word_1_877' title='bbox 2739 5541 2905 5595; x_wconf 91' lang='lat' dir='ltr'><strong>etiam</strong></span> <span class='ocrx_word' id='word_1_878' title='bbox 2948 5537 3052 5590; x_wconf 92' lang='lat' dir='ltr'><strong>hoc</strong></span> <span class='ocrx_word' id='word_1_879' title='bbox 3086 5534 3366 5591; x_wconf 87' lang='lat' dir='ltr'><strong>edocetur,</strong></span> <span class='ocrx_word' id='word_1_880' title='bbox 3400 5537 3458 5581; x_wconf 92' lang='lat' dir='ltr'><strong>ut</strong></span> 
     </span>
    </p>
   </div>
   <div class='ocr_carea' id='block_1_115' title="bbox 1884 5625 3462 5700">
    <p class='ocr_par' dir='ltr' id='par_1_115' title="bbox 1884 5625 3462 5700">
     <span class='ocr_line' id='line_1_115' title="bbox 1884 5625 3462 5700; baseline -0.018 0"><span class='ocrx_word' id='word_1_881' title='bbox 1884 5644 2165 5700; x_wconf 89' lang='lat' dir='ltr'><strong>stellarum</strong></span> <span class='ocrx_word' id='word_1_882' title='bbox 2195 5639 2450 5694; x_wconf 85' lang='lat' dir='ltr'><strong>cursibus</strong></span> <span class='ocrx_word' id='word_1_883' title='bbox 2479 5639 2742 5689; x_wconf 87' lang='lat' dir='ltr'><strong>malorum</strong></span> <span class='ocrx_word' id='word_1_884' title='bbox 2767 5644 2989 5686; x_wconf 91' lang='lat' dir='ltr'><strong>suorum</strong></span> <span class='ocrx_word' id='word_1_885' title='bbox 3022 5625 3258 5681; x_wconf 75' lang='lat' dir='ltr'><strong>ascribat</strong></span> <span class='ocrx_word' id='word_1_886' title='bbox 3308 5635 3462 5676; x_wconf 82' lang='lat' dir='ltr'><strong>erro-</strong></span> 
     </span>
    </p>
   </div>
   <div class='ocr_carea' id='block_1_116' title="bbox 1886 5713 3458 5805">
    <p class='ocr_par' dir='ltr' id='par_1_116' title="bbox 1886 5713 3458 5805">
     <span class='ocr_line' id='line_1_116' title="bbox 1886 5713 3458 5805; baseline -0.017 -13"><span class='ocrx_word' id='word_1_887' title='bbox 1886 5752 1998 5799; x_wconf 80' lang='lat' dir='ltr'><strong>res,</strong></span> <span class='ocrx_word' id='word_1_888' title='bbox 2034 5749 2172 5805; x_wconf 89' lang='lat' dir='ltr'><strong>quos</strong></span> <span class='ocrx_word' id='word_1_889' title='bbox 2204 5732 2424 5786; x_wconf 90' lang='lat' dir='ltr'><strong>nonnisi</strong></span> <span class='ocrx_word' id='word_1_890' title='bbox 2465 5726 2748 5798; x_wconf 88' lang='lat' dir='ltr'><strong>proposito</strong></span> <span class='ocrx_word' id='word_1_891' title='bbox 2796 5737 2860 5777; x_wconf 90' lang='lat' dir='ltr'><strong>ac</strong></span> <span class='ocrx_word' id='word_1_892' title='bbox 2901 5722 3184 5776; x_wconf 89' lang='lat' dir='ltr'><strong>voluntate</strong></span> <span class='ocrx_word' id='word_1_893' title='bbox 3235 5713 3458 5783; x_wconf 87' lang='lat' dir='ltr'><strong>delegit.</strong></span> 
     </span>
    </p>
   </div>
   <div class='ocr_carea' id='block_1_117' title="bbox 1889 5807 3459 5891">
    <p class='ocr_par' dir='ltr' id='par_1_117' title="bbox 1889 5807 3459 5891">
     <span class='ocr_line' id='line_1_117' title="bbox 1889 5807 3459 5891; baseline -0.015 -10"><span class='ocrx_word' id='word_1_894' title='bbox 1889 5826 2100 5883; x_wconf 73' lang='lat' dir='ltr'><strong>Etenim</strong></span> <span class='ocrx_word' id='word_1_895' title='bbox 2136 5835 2302 5887; x_wconf 85' lang='lat' dir='ltr'><strong>artes,</strong></span> <span class='ocrx_word' id='word_1_896' title='bbox 2339 5826 2590 5891; x_wconf 75' lang='lat' dir='ltr'><strong>cogente,</strong></span> <span class='ocrx_word' id='word_1_897' title='bbox 2645 5823 2701 5872; x_wconf 87' lang='lat' dir='ltr'><strong>ut</strong></span> <span class='ocrx_word' id='word_1_898' title='bbox 2739 5811 2997 5876; x_wconf 85' lang='lat' dir='ltr'><strong>diximus,</strong></span> <span class='ocrx_word' id='word_1_899' title='bbox 3047 5807 3153 5864; x_wconf 88' lang='lat' dir='ltr'><strong>cibi</strong></span> <span class='ocrx_word' id='word_1_900' title='bbox 3188 5821 3251 5860; x_wconf 87' lang='lat' dir='ltr'><strong>ac</strong></span> <span class='ocrx_word' id='word_1_901' title='bbox 3297 5808 3459 5874; x_wconf 76' lang='lat' dir='ltr'><strong>potus</strong></span> 
     </span>
    </p>
   </div>
  </div>
