4048 6342
644 375 780 429 ηοε

1553 373 1612 428 S.
1652 371 2043 428 CLEMENTIS
2073 375 2092 428 ι
2127 372 2293 429 ROM.
2334 371 2534 428 PONT.
2570 368 2801 425 OPERA
2835 365 3060 424 DUBIA.

3754 367 3891 424 μοι

642 490 941 558 voluptate,
975 486 1264 544 discuntur
1285 497 1338 544 ct
1364 499 1718 560 exercentur;
1751 509 1871 563 qua:
1920 493 2166 562 voluptas
2187 534 2201 556 ,
2235 503 2278 559 Α
2309 498 2468 556 sunt,
2500 497 2559 544 ut
2586 505 2652 544 ex
2684 503 2871 544 earum
2911 484 3210 542 certamine
3248 484 3458 538 oriatur
3491 481 3670 552 justis
3707 487 3890 552 palilia

639 594 764 634 cum
793 580 1085 634 accesserit
1105 581 1397 654 unicuique
1422 584 1670 640 veritatis
1687 585 1912 655 agnitio,
1938 584 2205 638 infirmior

638 669 873 725 efficitur
947 672 1272 729 succedente
1332 675 1687 744 parcinionia.
1742 673 1990 740 Quantus
2057 675 2202 730 enim

636 771 888 832 sumptus
917 772 1022 826 est,
1053 780 1192 836 aqua
1222 776 1274 821 et
1299 782 1436 837 pane
1467 767 1747 823 utentibus
1767 777 1823 823 et
1851 768 1996 822 hunc
2029 781 2059 820 a
2091 765 2201 820 Deo

632 852 1017 920 sperantibus?

707 941 816 998 Vll.
851 943 945 998 Est
973 959 1122 1014 ergo,
1157 955 1216 998 ut
1238 945 1498 1010 diximus,
1521 946 1832 1002 necessaria
1863 947 2110 1017 quaedam
2145 946 2199 999 in

635 1031 1042 1103 dispensatione
1072 1033 1258 1088 mundi
1289 1036 1654 1104 inaequalitas,
1685 1038 1812 1092 dum
1854 1052 2044 1092 omnes
2074 1037 2199 1105 qui-

636 1123 758 1178 dem
783 1122 1027 1178 homines
1064 1139 1172 1177 non
1219 1126 1399 1179 omnia
1426 1134 1658 1195 possunt
1683 1127 1826 1182 scire
1855 1127 1940 1182 vel
1971 1127 2198 1197 implere

635 1212 886 1275 artificia,
921 1227 1023 1268 usu
1068 1220 1252 1268 tamen
1297 1222 1352 1268 et
1400 1214 1709 1270 ministerio
1766 1216 2009 1270 omnium
2061 1229 2199 1285 pene

630 1319 822 1360 omnes
872 1304 1136 1375 indigent.
1163 1314 1217 1358 et
1243 1305 1312 1358 ob
1343 1305 1447 1359 hoc
1479 1321 1702 1361 necesse
1733 1314 1817 1362 est
1861 1308 2027 1360 alium
2069 1321 2200 1376 ope-

628 1394 762 1462 rari,
796 1394 959 1448 alium
989 1396 1238 1466 operanti
1263 1395 1504 1465 praebere
1534 1396 1864 1462 mercedem,
1893 1397 2060 1450 alium
2090 1413 2199 1452 ser-

626 1490 763 1553 vire,
787 1490 953 1543 alium
977 1489 1268 1555 dominari,
1304 1491 1468 1544 alium
1501 1491 1638 1562 regi,
1670 1492 1836 1545 alium
1861 1507 2070 1562 regere.
2092 1491 2198 1548 Sed

629 1578 772 1634 hanc
805 1580 1224 1649 inaequalitatem
1248 1592 1368 1650 qna:
1397 1583 1712 1635 mortalium
1745 1583 1912 1637 vitam
1944 1597 2199 1638 necessa-

626 1669 711 1724 rio
741 1671 1031 1724 subsecuta
1060 1680 1163 1734 est,
1190 1670 1373 1725 divina
1391 1669 1736 1726 Providentia
1763 1672 1818 1726 in
1850 1673 2196 1728 occasionem

622 1757 884 1828 justitiae,
928 1760 1313 1816 misericordia
1371 1761 1834 1831 humanitatisque
1885 1762 2193 1826 convertit,

2305 581 2546 636 victoriae
2573 588 2627 635 et
2655 579 2911 634 meritum
2944 577 3312 646 praemiorum.

2372 668 2464 726 IX.
2503 669 2577 723 Ex
2603 669 2730 723 istis
2759 683 2889 736 ergo
2918 665 3119 720 accidit
3149 665 3418 719 interdum
3439 704 3454 728 ,
3497 673 3555 716 ut
3588 664 3640 719 si
3676 665 3775 733 qui
3811 664 3894 715 in-

2301 762 2647 814 continenter
2673 760 2919 830 egerint,
2950 767 3003 812 et
3034 772 3142 810 non
3174 766 3381 811 tantum
3409 757 3690 811 obsistere
3718 772 3890 825 quam

2300 851 2494 907 cedere
2531 858 2694 920 atque
2734 852 2789 904 in
2829 849 3139 919 semetipsis
3177 847 3316 903 dare
3347 850 3427 904 eis
3477 849 3768 902 voluerint
3809 849 3892 901 lo-

2309 960 2465 1007 cum,
2497 942 2662 997 noxia
2691 957 2881 997 earum
2913 941 3248 1012 aspiratione
3277 948 3569 1009 generetur
3601 941 3886 1010 intempe-

2308 1043 2424 1089 rata
2453 1042 2507 1087 et
2534 1033 2733 1087 vitiosa
2763 1033 3072 1103 progenies.
3105 1030 3242 1085 Dum
3275 1032 3417 1086 enim
3447 1040 3629 1086 totum
3670 1032 3890 1086 libidini

2299 1125 2611 1195 indulgetur
2656 1131 2710 1179 et
2762 1123 3070 1178 observatio
3117 1123 3264 1177 nulla
3304 1124 3537 1177 coeundi
3579 1131 3710 1187 est,
3759 1125 3890 1178 illo-

2302 1231 2424 1271 rum
2457 1218 2575 1270 sine
2600 1214 2765 1270 dubio
2793 1215 3102 1269 daemonum
3124 1256 3138 1278 ,
3172 1215 3374 1284 quibus
3414 1216 3530 1268 haec
3566 1231 3886 1286 perurgen—

2297 1309 2444 1361 tibus
2476 1307 2641 1372 fiunt,
2673 1307 2804 1360 vitia
2835 1316 2889 1361 et
2923 1307 3247 1376 fragilitates
3278 1305 3511 1375 suscipit
3554 1307 3884 1376 importuna

2297 1399 2598 1468 generatio.
2654 1397 2719 1451 Et
2767 1397 2888 1452 ideo
2936 1413 3043 1467 pro
3080 1397 3394 1464 hujusmodi
3429 1397 3577 1452 vitiis
3621 1409 3882 1452 natorum

2298 1488 2519 1542 obnoxii
2555 1498 2717 1542 erunt
2753 1495 3007 1557 parentes
3033 1527 3047 1552 ,
3081 1489 3176 1557 qui
3206 1488 3376 1557 legem
3409 1503 3638 1543 servare
3674 1503 3884 1542 concu-

2295 1580 2442 1634 bitus
2470 1580 2785 1642 noluerunt,
2809 1579 2937 1633 licet
2959 1580 3069 1632 sint
3088 1585 3143 1633 et
3168 1580 3288 1633 alia:
3310 1595 3488 1635 causae
3517 1584 3881 1642 secretiores,

2297 1670 2496 1741 quibus
2527 1671 2612 1723 his
2652 1669 2810 1725 malis
2847 1669 3095 1724 obnoxia:
3123 1668 3437 1724 efficiuntur
3465 1671 3669 1724 anima:
3689 1710 3705 1732 ,
3739 1687 3880 1740 quas

2297 1777 2443 1814 nunc
2492 1759 2749 1831 proferre
2780 1760 3042 1830 temporis
3088 1775 3198 1814 non
3245 1769 3347 1816 est.
3398 1759 3608 1816 Tamen
3661 1771 3882 1830 oportet

631 1857 691 1905 ut
733 1851 863 1905 dum
893 1849 1006 1905 haec
1057 1852 1198 1906 inter
1220 1853 1469 1909 homines
1495 1862 1752 1924 aguntur,
1795 1853 1866 1908 sit
1897 1853 2193 1922 unicuique
2224 1870 2266 1930 Β
2295 1868 2738 1923 unumquemque
2785 1867 3082 1923 agnoscere
3117 1854 3287 1924 legem
3320 1854 3449 1918 Dei,
3487 1863 3546 1908 ut
3575 1870 3647 1909 ex
3681 1871 3746 1910 ea
3787 1872 3879 1926 ge-

627 1961 794 2001 causa
817 1945 963 2014 juste
995 1945 1187 2016 agendi
1241 1960 1368 2000 eum
1396 1960 1484 2007 eo,
1535 1946 1623 2000 cui
1649 1959 1860 2000 merces
1891 1945 2074 2015 operis
2099 1961 2194 2000 ex-

626 2036 886 2094 solvenda
915 2043 1085 2099 est,et
1102 2035 1334 2092 faciendi
1369 2037 1800 2092 misericordiam
1818 2052 1943 2091 cum
1969 2051 2055 2102 eo,
2073 2037 2191 2108 qui.

627 2129 1181 2186 debilitaterfortassis
1212 2136 1304 2182 aut
1344 2129 1570 2198 penuria
1601 2128 1992 2193 intercedente,
2041 2127 2196 2182 debl-

626 2228 741 2275 tum
769 2219 978 2274 solvere
1008 2233 1115 2274 non
1137 2226 1335 2288 potest,
1373 2219 1468 2274 sed
1500 2226 1553 2274 et
1582 2219 1818 2274 humane
1847 2219 2038 2290 agendi
2069 2235 2193 2273 cum

627 2310 715 2365 his
751 2311 843 2380 qui
890 2310 1205 2364 conditione
1242 2309 1495 2363 videntur
1536 2309 1780 2372 obnoxii,
1821 2309 2195 2362 mansuetudi-

629 2416 752 2456 nem
784 2415 1001 2470 quoque
1031 2398 1390 2454 conservandi
1417 2413 1546 2468 erga
1589 2399 1887 2466 subjectos,
1917 2407 1972 2451 et
2011 2398 2192 2450 omnia

629 2503 856 2560 prorsus
900 2486 1116 2557 gerendi
1163 2486 1467 2540 secundum
1513 2487 1682 2556 legem
1715 2485 1829 2539 Dei.
1864 2484 2018 2539 Dedit
2049 2487 2192 2538 enim

632 2580 826 2650 legem,
853 2579 1052 2646 juvans
1085 2592 1178 2646 per
1202 2577 1307 2630 hoc
1338 2576 1607 2631 humanas
1633 2585 1863 2638 mentes,
1895 2583 1952 2628 ut
1975 2574 2192 2630 facilius

626 2686 756 2740 erga
803 2670 1224 2737 unumquodque
1256 2667 1490 2736 qualiter
1527 2665 1610 2728 agi
1653 2665 1895 2730 deberet,
1944 2665 2192 2718 adverte-

628 2775 771 2826 rent,
814 2781 918 2833 qua
959 2764 1043 2816 via
1077 2761 1376 2830 effugerent
1419 2760 1616 2813 malum
1662 2767 1713 2814 et
1753 2773 1857 2828 qua
1895 2757 1961 2810 ad
2008 2755 2189 2833 futura

626 2856 910 2910 tenderent
945 2855 1106 2915 bona,
1150 2861 1199 2906 et
1226 2861 1284 2903 ut
1319 2855 1372 2904 in
1415 2865 1552 2920 aqua
1575 2849 1872 2919 regenerati
1902 2864 1998 2917 per
2026 2863 2189 2917 opera

625 2944 787 3005 bona,
806 2946 977 3011 ignem
998 2951 1220 2995 vetusta:
1240 2941 1538 2994 nativitatis
1560 2940 1986 3008 exstinguerent.
2007 2937 2188 2990 Prima

624 3034 768 3088 enim
824 3039 1009 3085 nostra
1059 3031 1316 3085 nativitas
1375 3045 1468 3098 per
1507 3031 1680 3098 ignem
1730 3029 2188 3098 concupiscentia:

624 3121 923 3185 descendit,
957 3129 1009 3175 et
1035 3121 1153 3175 ideo
1174 3120 1582 3191 dispensatione
1598 3121 1780 3174 divina
1813 3120 2048 3173 secunda
2074 3119 2187 3173 hate

2295 1943 2524 1999 nerandi
2552 1944 2955 1998 observantiam
2987 1956 3168 2000 sumat
3194 1952 3248 1999 et
3275 1944 3641 2000 immunditiae
3665 1961 3869 2000 causas

2293 2035 2562 2098 declinet,
2614 2044 2674 2089 ut
2722 2035 2894 2106 possit
2951 2035 3218 2090 mundum
3257 2052 3377 2092 esse
3411 2038 3558 2107 quod
3605 2038 3875 2108 gignitur.

2293 2123 2479 2192 Neque
2536 2125 2681 2179 enim
2737 2123 2819 2178 fas
2869 2132 2992 2192 est,
3057 2134 3118 2179 ut
3195 2126 3250 2180 in
3285 2127 3598 2195 plantandis
3652 2128 3872 2197 quidem

2294 2212 2544 2281 virgultis
2593 2213 2677 2267 vel
2714 2212 2768 2268 in
2806 2213 3141 2269 seminandis
3202 2214 3451 2284 frugibus
3498 2226 3874 2285 opportunum

2294 2308 2510 2370 tempus
2561 2296 2838 2371 quaeratur
2870 2341 2885 2366 ,
2939 2311 3087 2357 terra
3165 2314 3428 2374 purgetur
3476 2313 3644 2375 atque
3692 2309 3874 2360 omnia

2293 2406 2413 2460 qua:
2441 2395 2696 2446 convenit
2727 2401 3124 2464 prmparentur,
3158 2410 3226 2448 ne
3255 2397 3395 2450 forte
3426 2379 3614 2451 semen
3655 2397 3866 2466 jactum

2295 2482 2523 2536 laedatur
2555 2491 2609 2536 et
2637 2490 2861 2552 pereat,
2895 2493 2950 2536 et
2981 2485 3038 2538 in
3070 2485 3187 2540 solo
3222 2486 3476 2551 homine,
3520 2489 3614 2558 qui
3659 2498 3743 2543 est
3775 2505 3872 2542 su-

2294 2589 2394 2643 per
2426 2572 2540 2626 haec
2573 2573 2782 2638 omnia,
2813 2573 3026 2629 serendi
3058 2576 3368 2635 observatio
3396 2579 3544 2632 nulla
3577 2579 3871 2645 habeatur,

2292 2665 2439 2718 nulla
2471 2664 2703 2720 cautela.

2362 2752 2427 2808 X.
2469 2752 2574 2808 Sed
2623 2754 2785 2824 quid,
2831 2757 2976 2826 quod
3025 2760 3311 2824 nonnulli,
3366 2761 3582 2830 inquit,
3637 2778 3764 2816 cum
3815 2766 3872 2820 in

2291 2845 2467 2913 prima
2509 2853 2666 2899 aetate
2710 2846 2916 2915 absque
2958 2849 3093 2901 vitio
3136 2848 3338 2903 fuerint
3375 2853 3693 2920 corporali,
3739 2869 3868 2923 pro-

2291 2951 2448 2989 cessu
2503 2938 2762 3006 temporis
2811 2937 3103 2992 incurrunt
3153 2941 3266 2994 haec
3310 2943 3484 3006 mala,
3537 2944 3612 2997 ita
3665 2955 3723 2997 ut
3765 2947 3867 2998 ali-

2290 3029 2481 3096 quanti
2517 3030 2682 3082 etiam
2726 3029 2993 3083 violenter
3036 3032 3451 3102 praecipitentur
3492 3034 3548 3088 in
3587 3049 3822 3090 mortem
3846 3038 3867 3087 Ῥ

2291 3117 2464 3171 Etiam
2499 3119 2567 3174 de
2597 3120 2683 3175 his
2717 3122 2899 3174 vicina
2931 3131 2984 3176 et
3014 3137 3150 3190 pene
3180 3123 3368 3178 eadem
3413 3126 3554 3180 ratio
3599 3135 3724 3193 est;
3761 3129 3865 3181 illa:

623 3231 720 3288 per
757 3230 950 3284 aquam
990 3214 1373 3277 introducitur,
1414 3230 1533 3284 quae
1570 3215 1871 3284 restinguat
1911 3214 2050 3280 ignis
2090 3227 2184 3265 na-
2213 3241 2253 3296 ο
2291 3210 2436 3263 enim
2459 3249 2474 3273 ,
2505 3227 2642 3280 quas
2673 3211 2913 3266 diximus
2945 3213 3250 3268 contrarias
3278 3215 3520 3268 humano
3548 3220 3736 3286 generi
3768 3234 3867 3286 po-

626 3312 840 3366 turam,
879 3309 930 3357 et
969 3302 1180 3356 cmlesti
1223 3304 1417 3373 spiritu
1458 3304 1638 3355 anima
1677 3303 1980 3355 illuminata
2030 3300 2183 3370 (80),

622 3402 822 3449 metum
843 3394 1027 3463 prima:
1048 3395 1346 3448 nativitatis
1364 3394 1602 3462 abjiciat,
1625 3393 1670 3446 si
1696 3401 1876 3446 tamen
1895 3393 1966 3444 ita
1985 3392 2051 3444 de
2069 3392 2188 3444 reli-

621 3499 737 3554 quo
761 3485 936 3550 vivat,
965 3486 1212 3538 utnullas
1231 3483 1452 3536 omnino
1472 3483 1657 3536 mundi
1701 3482 1860 3550 hujus
1879 3482 2184 3549 voluptates

625 3577 899 3646 requirat,
934 3574 1027 3629 sed
1058 3575 1129 3629 sit
1159 3584 1411 3643 tanquam
1449 3574 1766 3644 peregrinus
1796 3579 1848 3626 et
1883 3572 2088 3626 advena
2117 3571 2182 3636 °',

623 3676 786 3738 atque
819 3668 1042 3722 alterius
1077 3665 1314 3720 civitatis
1346 3664 1501 3719 civis.

695 3758 828 3812 Vlll.
870 3756 975 3812 Sed
1009 3757 1238 3810 fortasse
1272 3755 1423 3809 dicas
1447 3795 1460 3819 ,
1487 3757 1613 3824 quia
1646 3755 1699 3808 in
1730 3755 1816 3809 his
1846 3754 2093 3826 quidem,
2128 3757 2182 3811 in

622 3849 820 3919 quibus
852 3846 1114 3901 naturalis
1153 3846 1451 3900 necessitas
1489 3844 1657 3914 exigit
1695 3846 1890 3897 artium
1929 3859 2182 3912 operum-

620 3956 726 4011 que
781 3939 1177 4002 ministerium,
1233 3942 1410 4004 potest
1455 3933 1830 4003 unusquisque
1877 3933 2076 3988 habere
2128 3935 2182 3988 in

619 4039 913 4104 potestate,
941 4043 1158 4085 servare
1177 4027 1443 4098 justitiam
1469 4035 1521 4082 et
1544 4026 1762 4080 modum
1788 4026 1870 4080 vel
1894 4025 2182 4080 desideriis

621 4124 703 4179 vel
733 4123 944 4177 actibus
971 4135 1132 4190 quem
1172 4117 1301 4173 velit
1340 4117 1654 4186 imponere;
1693 4115 1822 4186 quid
1858 4115 1926 4169 de
1962 4116 2184 4186 aegritu-

617 4213 836 4270 dinibus
883 4212 1126 4266 dicemus
1174 4217 1229 4264 et
1273 4207 1708 4272 infirmitatibus,
1762 4221 1883 4277 qua:
1929 4205 2181 4260 accidunt

618 4304 958 4366 hominibus,
989 4311 1042 4357 et
1069 4300 1210 4372 quod
1240 4299 1576 4354 daemonibus
1615 4298 1860 4353 nonnulli
1919 4305 2182 4368 urgentur

617 4404 670 4450 et
719 4394 964 4449 febribus
1013 4399 1067 4447 et
1112 4391 1440 4462 frigoribus,
1492 4389 1741 4444 nonnulli
1789 4388 1951 4443 etiam
1996 4387 2179 4442 furore

616 4494 851 4556 aguntur
880 4492 934 4539 et
961 4491 1141 4537 mente
1167 4481 1461 4547 excidunt;
1494 4489 1547 4534 et
1574 4481 1756 4535 omnia
1788 4479 1877 4534 illa
1900 4519 1914 4544 ,
1945 4494 2065 4549 quae
2096 4479 2180 4532 in-

2291 3307 2545 3365 testates,
2579 3301 2646 3353 ad
2680 3301 3111 3371 uniuscujusque
3157 3318 3254 3356 cor
3295 3319 3391 3372 per
3432 3309 3630 3359 multas
3683 3320 3735 3361 et
3779 3309 3865 3361 di-

2286 3404 2475 3443 versas
2505 3391 2983 3460 concupiscentias
3026 3392 3326 3447 invitantur
3370 3397 3778 3463 quodammodo
3809 3408 3861 3451 et

2289 3478 2628 3548 ingrediendi
2665 3480 2942 3549 accipiunt
2987 3481 3206 3547 locum,
3253 3494 3444 3554 estque
3490 3485 3605 3540 haec
3653 3487 3709 3540 in
3755 3490 3861 3543 illis

2287 3569 2369 3624 vis
2417 3577 2470 3623 et
2517 3578 2792 3640 potestas,
2843 3586 2966 3638 qua:
3010 3572 3258 3628 hortetur
3285 3584 3338 3629 et
3381 3577 3572 3631 incitet
3610 3589 3859 3643 tantum.

2285 3673 2398 3712 non
2425 3674 2545 3728 quae
2574 3669 2729 3729 cogat
2757 3667 2811 3715 et
2841 3662 3104 3731 perficiat.
3140 3663 3196 3717 Si
3225 3680 3354 3735 ergo
3386 3667 3510 3736 quis
3541 3671 3860 3738 acquiescat

2285 3751 2395 3816 eis,
2422 3759 2477 3804 ut
2501 3751 2664 3804 etiam
2691 3761 2814 3821 agat
2839 3768 2900 3806 ea
2926 3769 3047 3823 qua:
3072 3756 3211 3809 male
3231 3755 3524 3822 desiderat,
3553 3776 3859 3818 consensus

2285 3841 2368 3894 sui
2398 3848 2451 3894 et
2479 3849 2633 3895 actus
2661 3841 2965 3897 mercedem
2997 3843 3317 3912 perditionis
3349 3855 3400 3900 et
3432 3850 3688 3916 pessima:
3715 3868 3861 3906 mor-

2284 3930 2355 3986 tis
2385 3931 2643 3986 inveniet.
2690 3930 2747 3985 Si
2793 3933 3215 3989 ver0°futurum
3259 3935 3526 4005 judicium
3569 3942 3852 4011 cogitans,

2285 4031 2430 4076 metu
2476 4022 2595 4092 ipso
2641 4023 2806 4080 fuerit
2849 4033 3135 4096 repressus
3176 4035 3229 4082 et
3269 4032 3607 4085 revocaverit
3648 4049 3741 4096 se,
3790 4051 3854 4090 ne

2283 4122 2408 4166 actu
2439 4113 2658 4182 impleat
2687 4115 2833 4184 quod
2861 4118 3003 4171 mala
3034 4119 3368 4188 cogitatione
3399 4123 3655 4193 concepit
3676 4166 3690 4188 ,
3722 4125 3853 4179 εσυ-

2283 4203 2390 4272 giet
2416 4218 2524 4256 non
2554 4204 2730 4259 solum
2739 4208 3042 4278 perniciem
3072 4221 3424 4282 praesentem,
3457 4215 3554 4269 sed
3583 4227 3638 4271 et
3668 4217 3849 4271 futura

2282 4294 2568 4364 supplicia.
2598 4293 2788 4352 Omnis
2813 4299 2960 4354 enim
2986 4315 3151 4356 causa
3177 4305 3381 4372 peccati
3412 4305 3608 4362 similis
3636 4308 3851 4363 videtur

2279 4401 2403 4440 esse
2433 4395 2641 4458 stuppas
2691 4389 2814 4458 pice
2854 4390 3069 4456 oblitae,
3122 4408 3243 4462 qua:
3285 4394 3378 4449 ubi
3423 4397 3662 4453 calorem
3711 4401 3849 4471 ignis

2282 4478 2555 4546 acceperit
2579 4482 2764 4535 statim
2790 4479 3156 4539 inﬂammatur
3187 4504 3200 4540 :
3233 4485 3399 4555 hujus
3431 4503 3563 4543 vero
3592 4490 3739 4561 ignis
3773 4494 3849 4549 iu-

614 4577 858 4632 numeris
892 4575 1112 4630 casibus
1162 4567 1416 4643 premunt
1463 4572 1773 4626 mortalium
1827 4570 2046 4640 genus?
2093 4569 2174 4625 Ad
2209 4572 2253 4627 D
2283 4568 2533 4622 cendium
2583 4585 2748 4639 opera
2794 4587 2917 4628 esse
2965 4573 3274 4630 daemonum
3324 4577 3731 4650 inlelliguntur.
3787 4583 3842 4638 Si

617 4671 731 4724 hac
773 4667 1055 4728 dicemus,
1101 4665 1144 4721 si
1197 4663 1506 4719 consideret
1550 4662 1674 4733 quis
1719 4661 1886 4717 totius
1929 4661 2176 4732 mysterii

615 4761 911 4821 rationem,
939 4756 1053 4810 haec
1079 4755 1186 4810 illis
1213 4769 1333 4824 quae
1361 4767 1525 4822 supra
1549 4752 1924 4822 exposuimus,
1943 4753 2176 4821 justiora

613 4864 738 4904 esse
777 4845 1170 4919 pronuntiabit.
1217 4845 1358 4899 Deus
1395 4843 1892 4917 enim'hominibus
1923 4851 2171 4896 naturam

612 4942 795 5008 dedit,
837 4955 932 5010 per
962 4954 1122 5009 quam
1155 4945 1208 4992 et
1235 4938 1418 4993 doceri
1456 4937 1669 5008 possint
1704 4938 1770 4992 de
1805 4939 1950 4992 bono
1986 4946 2041 4991 et
2078 4937 2174 4992 ob-

613 5035 809 5088 sistere
845 5030 1012 5096 ma‘lo,
1045 5028 1098 5083 id
1135 5034 1238 5090 est,
1277 5035 1335 5080 ut
1371 5035 1424 5080 et
1463 5034 1608 5080 artes
1636 5026 1846 5096 possint
1874 5026 2084 5080 discere
2121 5033 2174 5080 et

614 5124 886 5180 obsistere
911 5119 1278 5190 voluptatibus
1297 5158 1310 5182 ,
1346 5133 1410 5172 ac
1439 5117 1696 5187 praeferre
1727 5119 1781 5172 in
1813 5118 2069 5172 omnibus
2096 5117 2172 5171 le-

613 5228 733 5284 gem
772 5212 904 5276 Dei,
945 5217 998 5265 et
1039 5211 1110 5264 ob
1147 5209 1250 5263 hoc
1288 5208 1522 5262 virtutes
1559 5209 1822 5278 quasdam
1865 5209 2172 5262 contrarias

613 5306 870 5362 aberrare
894 5301 1155 5357 mundum
1181 5300 1330 5354 hunc
1356 5307 1410 5354 et
1437 5299 1702 5353 obluctari
1732 5299 2016 5352 nobiscum
2051 5313 2173 5367 per-

613 5393 804 5458 misit,
856 5399 1074 5463 propter
1126 5404 1327 5445 causas
1379 5405 1501 5461 quae
1545 5391 1658 5461 jam
1707 5391 1958 5459 superius
2017 5390 2175 5444 dictae

685 5513 728 5541 “
758 5509 901 5565 Psal.
933 5524 1162 5572 xxxvm,
1199 5508 1286 5562 15.

2279 4673 2408 4730 ergo
2459 4660 2767 4716 inveniatur
2811 4665 2937 4735 quis
2984 4668 3226 4737 peccatis
3272 4675 3326 4724 et
3376 4675 3842 4743 concupiscentiis

2276 4757 2536 4820 tanquam
2579 4752 2699 4822 pice
2742 4755 2978 4822 oblitus,
3026 4757 3168 4828 ignis
3198 4758 3250 4814 ei
3291 4758 3550 4818 facillime
3599 4764 3841 4820 domina~

2276 4849 2385 4898 tur.
2419 4842 2477 4897 Si
2509 4860 2638 4899 vero
2672 4862 2777 4901 non
2805 4850 3014 4917 peccati
3042 4850 3182 4920 pice,
3214 4851 3307 4906 sed
3339 4869 3480 4923 aqua
3505 4856 3840 4925 purificatio-

2274 4934 2362 4988 nis
2390 4942 2442 4988 et
2477 4937 2908 5008 regenerationis
2935 4937 3122 4996 infusa
3147 4939 3219 4994 sit
3252 4948 3450 5011 stuppa
3473 4984 3486 5007 ,
3521 4946 3660 5014 ignis
3693 4949 3746 5001 in
3777 4966 3835 5003 ea

2270 5022 2576 5082 daemonum
2608 5045 2718 5083 non
2750 5029 2950 5083 valebit
2976 5031 3222 5086 accendi.

2345 5118 2434 5175 XI.
2474 5118 2579 5179 Sed
2608 5121 2751 5174 dicet
2779 5120 2976 5190 aliquis
3005 5140 3018 5176 :
3053 5121 3118 5175 Et
3145 5124 3274 5192 quid
3308 5123 3573 5180 faciemus
3597 5128 3710 5195 jam
3741 5146 3834 5186 nos

2274 5226 2412 5280 quos
2440 5211 2671 5280 contigit
2702 5214 2940 5279 peccatis
2970 5213 3115 5266 sicut
3159 5215 3278 5283 pice
3317 5215 3516 5273 oblitos
3543 5218 3566 5270 ?
3597 5217 3832 5290 Respon-

2275 5301 2414 5356 debo
2447 5320 2459 5355 :
2492 5299 2636 5356 Nihil
2669 5302 2816 5356 aliud
2843 5302 2948 5357 nisi
2981 5311 3039 5355 ut
3066 5303 3334 5360 festinetis
3365 5308 3544 5376 ablui,
3595 5325 3704 5378 quo
3744 5325 3832 5364 ex-

2275 5398 2536 5462 purgetur
2571 5408 2604 5446 a
2640 5393 2795 5448 vobis
2839 5393 2982 5464 ignis
3027 5397 3254 5451 materia
3294 5413 3392 5467 per
3435 5400 3828 5456 invocationem

1888 5602 2252 5660 COTELERII
2299 5602 2529 5660 NOTIE.

689 5733 798 5810 (80)
842 5732 1126 5810 Eleates“
1152 5735 1341 5810 spiritu
1369 5737 1546 5792 anima
1575 5733 2072 5794 illuminata.Fortc
2089 5745 2164 5805 ut,
2197 5736 2652 5808 quemadmodum
2675 5745 2978 5794 correctum
3007 5737 3250 5795 cernitur
3280 5738 3332 5792 in
3371 5754 3475 5796 ms.
3499 5736 3656 5810 Regis
3683 5749 3830 5807 atque

614 5803 776 5860 habet
806 5803 968 5862 editio
999 5806 1356 5862 (loloniensis.
