4048 6342
140 367 278 423 M05

1343 360 1906 418 RECOGNITIONUM
1932 360 2058 417 LlB.
2099 360 2193 420 IX.

3231 360 3368 414 “06

137 483 315 537 saticti
347 479 620 544 nominis,
658 487 713 536 et
749 477 816 535 de
859 478 1076 548 reliquo
1116 475 1285 533 futuri
1319 477 1514 546 judicii
1554 485 1702 532 metu
1730 485 1777 538 Α
1810 475 1915 528 scit
1943 474 2220 544 quomodo
2249 477 2302 528 et
2331 485 2502 542 quare
2531 479 2720 542 peccet
2774 472 2865 542 qui
2898 479 3121 542 pec.at,
3177 479 3228 526 et
3254 487 3374 540 qua:

135 572 609 644 concupiscentiae
631 570 946 636 refrenetis,
973 577 1136 639 atque
1161 569 1500 644 adversarias
1541 576 1694 638 pote«

135 669 325 723 states,
347 673 471 713 cum
495 657 636 713 forte
658 657 726 712 ad
749 673 942 713 sensus
964 665 1176 713 vestros
1200 657 1554 724 accesserint,
1581 665 1694 711 tota

132 747 505 803 obstinatione
534 747 771 818 petlatis.
802 743 908 803 Sed
931 747 1068 803 dicis
1096 766 1109 802 :
1141 745 1198 801 Si
1224 747 1278 801 in
1305 748 1542 802 a'morem
1570 748 1694 817 quis

133 837 406 903 inciderit,
427 838 697 908 quomodo
717 853 774 893 se
793 838 990 908 poterit
1011 837 1311 903 continere,
1333 838 1547 894 etiamsi
1565 845 1694 893 ante

130 928 324 984 oculos
351 944 482 984 suos
511 930 688 999 ipsum
721 929 860 999 ignis
887 928 1112 983 ﬂuvium
1143 945 1305 999 quem
1337 928 1694 1001 Pyriphlege-

130 1019 323 1073 thonta
348 1019 631 1074 nominant
654 1059 667 1084 ,
695 1021 911 1076 videat?
936 1019 1066 1075 Haec
1087 1020 1372 1076 excusatio
1394 1031 1476 1077 est
1501 1036 1690 1075 eorum

126 1110 226 1178 qui
256 1111 496 1163 converti
523 1109 588 1164 ad
615 1110 988 1179 paenitentiam
1023 1111 1237 1166 nolunt.
1272 1109 1513 1181 Denique
1545 1125 1693 1166 nunc

125 1202 258 1255 nolo
285 1198 791 1272 Pyriphlegethonta
823 1200 1062 1256 adducas
1105 1201 1160 1254 in
1203 1199 1440 1259 medium
1473 1218 1488 1266 ;
1517 1199 1694 1253 homi-

124 1307 257 1346 num
287 1291 383 1346 tibi
414 1307 654 1362 propone
686 1306 910 1362 pmnas,
953 1301 1005 1346 et
1043 1291 1166 1346 vide
1210 1298 1474 1361 quantum
1517 1291 1694 1346 valeat

125 1386 344 1445 metus;
377 1387 626 1449 potestne
654 1381 946 1449 quisquam
969 1419 982 1443 ,
1017 1394 1143 1440 cum
1188 1394 1286 1449 pro
1331 1379 1535 1434 amoris
1583 1379 1693 1434 cri-

125 1468 275 1524 mine
304 1469 370 1524 ad
406 1470 736 1540 supplicium
769 1469 985 1525 ducitur
1013 1477 1068 1525 et
1103 1471 1169 1525 ad
1201 1470 1440 1543 stipitem
1470 1467 1693 1542 colliga-

125 1565 218 1609 tur
250 1558 488 1616 urendus
518 1559 664 1629 (8i),
697 1557 756 1624 in
803 1558 896 1613 illo
924 1565 1168 1629 tempore
1199 1560 1320 1630 ejus
1349 1575 1509 1630 quam
1536 1574 1691 1614 ama-

125 1648 204 1701 vit
234 1647 689 1722 veldesiderium
711 1662 904 1718 capere
935 1650 1018 1704 vel
1051 1650 1286 1719 speciem
1333 1659 1459 1706 ante
1501 1652 1691 1708 oculos

125 1753 431 1808 proponere
451 1739 477 1793 Ῥ
496 1738 846 1810 Nequaquam
868 1781 883 1804 ,
915 1741 1151 1810 inquies.
1181 1740 1345 1797 Vides
1371 1757 1500 1814 ergo
1519 1785 1533 1810 ,
1563 1743 1691 1814 quia

1800 578 2242 634 unumquemque
2269 577 2434 618 causa
2461 562 2627 617 ducat
2649 563 2716 615 ad
2731 571 3034 634 peccatum.
3056 559 3167 614 Hoc
3190 569 3372 614 tamen

1795 652 2120 722 generaliter
2150 650 2555 722 agnoscendum
2606 660 2690 706 est
2713 637 2743 717 ;'
2784 651 2929 720 quod
2958 650 3004 704 si
3036 649 3128 720 qui
3155 663 3266 703 non
3295 649 3373 703 ita

1793 751 1994 809 mente,
2013 750 2072 797 ut
2092 743 2304 799 actibus
2331 741 2458 797 mali
2488 748 2749 804 sunt,nec
2777 740 3057 819 proposito
3083 740 3290 794 incitati
3303 738 3375 794 ad

1793 835 2126 913 peccandum
2141 834 2524 898 devolvuntur,
2540 833 2624 886 his
2651 831 2890 886 velocior
2906 838 2958 886 et
2973 832 3144 901 magis
3165 832 3218 884 in
3232 845 3376 902 pra:-

1795 927 1938 982 senti
1968 927 2076 982 vita
2109 926 2356 983 redditur
2388 940 2589 1000 paena;
2628 925 2830 994 ubique
2873 926 3019 990 enim
3058 931 3114 979 et
3156 939 3373 993 semper

1796 1016 1942 1075 Deus
1972 1026 2134 1088 prout
2162 1025 2472 1088 competere
2497 1016 2739 1086 judicat,
2772 1015 3067 1086 unicuique
3107 1031 3206 1085 pro
3232 1016 3371 1068 acti-

1795 1109 1899 1165 bus
1931 1111 2046 1165 suis
2073 1107 2275 1164 reddit.
2304 1106 2505 1162 Eorum
2529 1121 2657 1161 vero
2683 1106 2777 1177 qui
2807 1107 3088 1178 proposito
3113 1114 3371 1160 exercent

1794 1201 2096 1264 malitiam,
2129 1201 2206 1254 ita
2247 1210 2307 1254 ut
2354 1201 2625 1256 interdum
2669 1203 2831 1255 etiam
2875 1200 2930 1254 in
2971 1214 3066 1254 eos
3105 1198 3367 1263 saeviant,

1795 1307 1826 1346 a
1858 1293 2059 1364 quibus
2086 1293 2227 1348 bona
2259 1292 2543 1348 consecuti
2584 1300 2742 1356 sunt,
2780 1299 2833 1346 et
2877 1290 3081 1354 nullam
3113 1291 3372 1344 recorda-

1798 1385 2003 1438 tionem
2033 1386 2256 1454 capiunt
2288 1382 2358 1438 ad
2402 1383 2778 1454 pmnitentiam
2802 1421 2817 1446 ,
2863 1381 3044 1436 differt
3082 1395 3270 1458 poenas
3311 1381 3366 1433 in

1795 1473 2039 1530 futurum
2067 1491 2084 1542 ;
2113 1489 2222 1529 non
2251 1474 2397 1529 enim
2427 1481 2706 1530 merentur
2732 1472 2845 1538 isti,
2877 1474 3017 1528 sicut
3041 1472 3116 1526 illi
3147 1471 3214 1526 de
3241 1471 3365 1541 qui-

1793 1567 1898 1622 bus
1929 1581 2096 1636 supra
2124 1567 2362 1622 diximus
2383 1607 2398 1631 ,
2431 1566 2489 1620 in
2523 1565 2777 1637 praesenti
2807 1566 2916 1619 vita
2943 1565 3210 1620 scelerum
3237 1577 3368 1618 sun-

1792 1672 1915 1712 rum
1961 1657 2118 1713 finire
2151 1657 2450 1713 vindictam
2472 1697 2487 1721 ,
2523 1657 2618 1714 sed
2651 1656 2987 1728 permittitur
3014 1656 3094 1710 eis
3124 1669 3363 1726 praesens

1796 1759 2007 1819 tempus
2041 1749 2266 1819 implere
2298 1757 2356 1803 ut
2389 1745 2610 1813 volunt,
2652 1749 2779 1818 quia
2823 1747 3131 1802 emendatio
3172 1762 3361 1801 eorum

121 1845 368 1902 praesens
407 1839 585 1888 metus
626 1840 836 1887 resecat
878 1833 1064 1904 iniqua
1105 1833 1395 1889 desideria.
1449 1834 1604 1900 Quod
1642 1837 1685 1891 si
1721 1844 1762 1903 Β
1792 1854 1905 1894 non
1930 1847 2013 1894 est
2036 1839 2146 1910 jam
2178 1839 2342 1908 talis,
2371 1855 2493 1909 qua:
2535 1837 2934 1908 temporalibus
2984 1836 3223 1906 indigeat
3269 1850 3364 1889 ca-

116 1921 412 1977 credentes
459 1920 605 1986 Deo,
657 1929 711 1977 et
761 1921 1002 1976 futurum
1046 1922 1313 1992 judicium
1363 1919 1689 1996 ptenamque

113 2012 266 2083 ignis
297 2012 486 2068 aeterni
516 2013 839 2069 confitentes
876 2029 982 2068 non
1015 2029 1074 2070 se
1102 2017 1381 2069 continent
1420 2030 1450 2069 a
1494 2032 1689 2087 pecca-

114 2115 198 2170 to,
227 2113 436 2161 certum
461 2112 544 2162 est
571 2107 714 2176 quod
743 2122 849 2160 non
875 2107 1031 2176 plena
1054 2106 1158 2162 fide
1180 2108 1444 2164 credunt:
1474 2109 1519 2164 si
1543 2109 1688 2164 enim

110 2205 272 2253 certa
303 2197 372 2251 sit
402 2196 534 2252 fides
555 2236 570 2260 ,
603 2208 786 2253 certus
817 2199 874 2252 fit
907 2207 960 2254 et
1004 2200 1207 2266 timor;
1240 2200 1287 2254 si
1332 2216 1460 2255 vero
1505 2201 1687 2258 minus

111 2287 324 2357 aliquid
355 2297 438 2342 est
468 2286 523 2342 in
556 2287 661 2343 flde
682 2327 696 2352 ,
733 2290 1012 2343 relaxatur
1038 2299 1091 2345 et
1120 2298 1297 2345 metus
1317 2330 1332 2356 ,
1363 2299 1416 2347 et
1446 2299 1576 2346 tunc
1607 2293 1687 2348 lo-

110 2390 242 2433 cum
304 2378 586 2433 inveniunt
638 2380 951 2434 introeundi
1009 2381 1296 2436 contraria
1350 2390 1683 2452 potestates,

109 2480 350 2536 quarum
381 2468 826 2542 persuasionibus
857 2484 979 2522 cum
1023 2470 1424 2539 acquieverint,
1460 2489 1687 2530 necesse

107 2566 199 2612 est
230 2566 288 2611 ut
318 2567 371 2613 et
401 2559 653 2628 potestati
683 2574 868 2614 earum
901 2560 1123 2615 obnoxii
1158 2561 1287 2618 ﬂant
1318 2574 1370 2618 et
1405 2564 1536 2635 ipsis
1562 2582 1686 2636 per-

108 2647 474 2705 suadentibus
504 2657 734 2720 agantur
758 2651 825 2705 ad
857 2653 1153 2721 praecipitia
1185 2655 1413 2722 peccati.

185 2738 301 2794 Xll.
341 2741 506 2812 lgitur
547 2743 830 2814 astrologi,
872 2744 1186 2813 ignorantes
1220 2745 1533 2815 hujusmodi
1568 2758 1681 2815 my-

109 2835 284 2888 steria
307 2873 320 2896 ,
352 2843 544 2904 putant
575 2836 854 2890 stellarum
887 2836 1144 2891 cursibus
1174 2836 1278 2892 ista
1320 2837 1640 2907 contingere
1663 2875 1680 2901 ,

107 2926 262 2981 unde
288 2935 338 2980 et
369 2927 455 2980 his
487 2927 578 2997 qui
610 2928 877 2982 accedunt
906 2928 972 2982 ad
1003 2943 1099 2983 eos
1123 2968 1138 2992 ,
1168 2938 1229 2982 ut
1256 2928 1322 2984 de
1354 2928 1687 2986 futuris'ali-

103 3020 248 3094 quid
279 3019 595 3082 consulant,
645 3020 1040 3092 respondentes
1090 3022 1353 3076 falluntur
1403 3022 1459 3076 in
1510 3022 1685 3093 pluri-

107 3114 264 3180 mis;
299 3129 397 3168 nec
427 3114 660 3182 mirum,
704 3127 814 3167 non
856 3113 999 3168 enim
1051 3121 1183 3168 sunt
1224 3111 1531 3182 prephetat,
1586 3110 1681 3167 sed

106 3219 216 3259 usu
278 3204 434 3258 multi
491 3202 767 3272 temporis,
807 3211 1059 3257 auctores
1093 3214 1342 3256 errorum
1375 3200 1679 3272 perfugium

105 3294 389 3365 quoddam
423 3294 478 3347 in
509 3293 593 3348 his
620 3293 823 3362 quibus
853 3291 1262 3362 decipiebantur
1291 3292 1596 3357 inveniunt,
1626 3299 1681 3347 et

105 3383 458 3440 climacteras
489 3380 755 3450 quosdam
788 3379 1177 3444 introducunt,
1210 3387 1270 3435 ut
1298 3381 1363 3435 de
1392 3381 1555 3436 rebus
1598 3381 1681 3435 in-

105 3475 284 3532 certis
312 3473 596 3535 scientiam
629 3472 854 3542 fingant.
900 3472 1256 3527 Climacteras
1296 3471 1438 3527 enim
1489 3472 1682 3526 dicunt

103 3565 273 3638 quasi
317 3563 542 3635 periculi
576 3569 792 3634 tempus
824 3561 935 3633 (83)
960 3600 976 3627 ,
1009 3563 1064 3618 in
1095 3577 1202 3632 quo
1233 3562 1501 3616 interdum
1534 3563 1682 3633 peri-

104 3666 299 3714 matur
332 3656 494 3727 quis,
528 3653 797 3710 interdum
826 3668 934 3708 non
977 3653 1317 3724 perimatur;
1368 3653 1682 3724 ignorantes

107 3747 261 3819 quod
295 3763 403 3801 non
431 3744 709 3802 stellarum
739 3758 936 3799 cursus
960 3743 1075 3798 haec
1093 3783 1108 3811 ,
1135 3741 1230 3799 sed
1256 3743 1559 3799 daemonum
1589 3760 1682 3815 ge-

106 3844 186 3901 rit
214 3839 462 3910 operatio
483 3876 498 3901 ,
529 3836 624 3909 qui
657 3835 725 3891 ad
753 3835 1062 3920 astrologia:
1087 3849 1327 3894 errorem
1356 3833 1684 3892 conﬁrman-

107 3938 245 3993 dum
279 3931 684 3995 deservientes,
719 3929 948 3984 calculis
975 3927 1240 3982 mathesis
1267 3927 1554 3998 decipiunt
1583 3928 1682 3984 ho-

107 4029 291 4085 mines
319 4026 384 4080 ad
407 4022 740 4095 peccandum
762 4060 776 4086 ,
809 4027 871 4074 ut
897 4035 1018 4075 cum
1040 4061 1054 4086 ,
1080 4020 1162 4074 vel
1199 4018 1309 4074 Deo
1337 4020 1682 4088 permittente

108 4120 199 4181 vel
233 4117 443 4188 legibus
485 4106 828 4185 exigentibus
853 4149 869 4177 ,
911 4110 1119 4180 peccati
1162 4109 1409 4165 dederint
1453 4127 1677 4182 poenas,

107 4225 303 4268 verum
349 4207 555 4263 dixisse
596 4204 840 4262 videatur
879 4202 1208 4272 astrologus.
1256 4199 1323 4257 Et
1359 4209 1540 4258 tamen
1581 4203 1681 4258 fal—

106 4292 304 4360 luntur
335 4302 500 4357 etiam
536 4299 590 4352 in
619 4297 722 4352 hoc
749 4314 763 4362 ;
796 4296 843 4352 si
874 4296 1019 4350 enim
1051 4297 1158 4350 cito
1191 4295 1438 4362 conversi
1480 4296 1683 4354 fuerint

108 4397 182 4452 ad
233 4392 609 4465 paenitentiam
632 4429 648 4453 ,
691 4395 752 4444 et.
787 4388 984 4444 futurae
1021 4401 1197 4456 pmnae
1249 4386 1678 4442 recordationem

109 4486 465 4556 conceperint
513 4498 576 4537 ac
624 4488 859 4543 metum,
911 4479 1197 4535 conversis
1249 4477 1316 4532 ad
1365 4477 1534 4533 Deum
1586 4495 1681 4550 per

109 4579 344 4652 gratiam
375 4574 626 4645 baptismi
660 4571 949 4630 resolvitur
975 4583 1136 4641 poena
1167 4570 1379 4625 mortis.

185 4667 323 4731 Χιιι.
368 4666 475 4723 Sed
519 4665 662 4722 dicet
703 4661 868 4732 quis;
917 4659 1069 4714 Multi
1114 4667 1168 4716 et
1219 4659 1570 4715 homicidium
1622 4668 1675 4715 et

110 4760 442 4819 adulterium
478 4766 532 4812 et
555 4755 666 4809 alia
709 4753 914 4808 scelera
961 4751 1390 4812 commiserunt,
1434 4758 1489 4806 et
1537 4751 1674 4805 nihil

109 4853 241 4909 mali
275 4851 421 4922 passi
455 4854 602 4903 sunt.
636 4844 748 4898 Hoc
779 4842 1001 4914 quidem
1032 4857 1160 4896 raro
1193 4841 1392 4897 accidit
1439 4843 1672 4896 homini-

107 4949 216 5002 bus
237 4983 251 5006 ,
284 4951 465 4997 tamen
498 4937 869 4994 nescientibus
899 4935 1187 4991 consilium
1224 4933 1312 4990 Dei
1361 4933 1674 5003 frequenter

107 5036 326 5105 videtur
355 5030 640 5095 accidere;
672 5027 814 5090 Deus
845 5034 1028 5084 autem
1060 5026 1155 5098 qui
1188 5026 1338 5086 novit
1368 5021 1627 5084 universa
1651 5066 1666 5091 ,

1791 1928 2174 2000 stigationibus
2194 1970 2210 1995 ,
2247 1929 2341 1984 sed
2371 1945 2492 2001 qua:
2520 1928 2708 1984 aeterni
2742 1927 2883 1998 ignis
2914 1927 2968 1980 in
2998 1925 3213 1980 inferno
3244 1925 3364 1980 exi-

1765 2029 1879 2093 ‘gat
1910 2036 2133 2092 pcnnas,
2168 2037 2400 2091 quorum
2439 2019 2632 2075 animae
2678 2017 2753 2072 ibi
2795 2017 3170 2087 paenitentiam
3214 2031 3363 2087 que-

1789 2120 1945 2176 rent,
1979 2111 2069 2168 ubi
2104 2112 2347 2168 invenire
2378 2127 2487 2166 non
2517 2117 2793 2182 poterunt.

1860 2202 1998 2259 XIV.
2039 2203 2196 2268 Quod
2226 2204 2272 2259 si
2303 2204 2358 2258 in
2390 2204 2493 2258 hac
2518 2204 2628 2258 vita
2661 2202 2822 2274 positi
2857 2201 2979 2257 illas
3003 2191 3140 2272 quas
3166 2200 3237 2256 ibi
3262 2217 3360 2271 pa-

1790 2297 1998 2352 tientur
2031 2311 2253 2366 poenas,
2288 2303 2414 2351 ante
2453 2295 2642 2349 oculos
2683 2294 3034 2364 posuissent,
3083 2292 3359 2346 refrenas-

1787 2397 1912 2444 sent
1945 2388 2136 2459 utique
2164 2387 2434 2442 desideria
2468 2395 2521 2442 et
2552 2387 2702 2441 nullo
2733 2393 2893 2455 pacto
2941 2384 3270 2439 decidissent
3302 2385 3356 2437 in

1785 2489 2087 2550 peccatum.
2127 2478 2349 2532 Multum
2385 2479 2526 2532 enim
2561 2483 2738 2548 potest
2770 2487 2966 2531 sensus
2996 2475 3048 2527 in
3080 2474 3256 2527 anima
3290 2474 3358 2527 ad

1786 2568 2116 2624 resecandas
2145 2582 2337 2622 omnes
2383 2567 2500 2636 ejus
2543 2565 2900 2636 cupiditates,
2949 2564 3183 2618 maxime
3231 2578 3353 2615 cum

1785 2658 2092 2714 cmlestium
2162 2657 2448 2714 scientiam
2505 2643 2745 2728 ceperit,
2799 2672 2894 2726 per
2940 2671 3103 2725 quam
3152 2653 3356 2707 lumine

1783 2750 2030 2805 veritatis
2061 2759 2324 2819 accepto,
2381 2748 2450 2802 ab
2497 2747 2649 2802 omni
2701 2746 3034 2802 obscuritate
3084 2745 3353 2796 malorum

1784 2849 2004 2895 actuum
2045 2839 2358 2894 declinabit.
2399 2837 2552 2892 Sicut
2601 2837 2745 2893 enim
2797 2836 2879 2892 sol
2929 2850 3118 2889 omnes
3167 2833 3354 2887 stellas

1784 2931 2076 3001 splendore
2118 2931 2203 2986 sui
2248 2930 2477 3000 fulgoris
2522 2927 2778 2983 obtundit
2808 2934 2861 2982 et
2890 2924 3167 2994 contegit,
3202 2923 3274 2976 ita
3301 2933 3355 2977 et

1785 3038 1938 3078 mens
1984 3038 2078 3092 per
2126 3023 2367 3078 scientiae
2412 3022 2588 3077 lucem
2636 3035 2827 3076 omnes
2873 3017 3351 3086 concupiscentiae

1785 3115 1978 3170 animae
2012 3114 2312 3170 ineliicaces
2342 3115 2518 3170 reddit
2560 3102 2630 3168 et
2656 3113 2896 3175 otiosas,
2947 3109 3113 3163 futuri
3157 3108 3351 3178 judicii

1783 3207 2098 3261 memoriam
2144 3221 2308 3278 super
2351 3221 2446 3262 eas
2489 3212 2749 3274 tanquam
2794 3202 2978 3256 radios
3023 3215 3152 3256 suos
3194 3199 3350 3254 emit-

1783 3303 1938 3362 tens,
1983 3297 2057 3350 ita
2101 3303 2160 3351 ut
2200 3279 2268 3352 ne
2305 3311 2568 3367 apparere
2609 3294 2830 3365 quidem
2879 3293 3022 3347 ultra
3067 3291 3119 3344 in
3167 3288 3351 3344 anima

1781 3397 2004 3456 queant.

1819 3478 1968 3534 vXV.
2011 3477 2167 3544 Quod
2211 3483 2391 3532 autem
2439 3477 2604 3531 timor
2645 3474 2738 3530 Dei
2784 3474 3014 3530 multum
3059 3471 3238 3526 valeat
3280 3469 3349 3533 ad

1781 3568 2154 3639 reprimendas
2182 3569 2655 3636 concupiscentias
2675 3607 2688 3630 ,
2715 3581 2849 3635 cape
2879 3564 3102 3619 humani
3137 3562 3348 3616 timoris

1781 3660 2108 3729 exemplum.
2144 3658 2591 3728 Quotusquisque
2619 3665 2736 3720 cst,
2769 3657 2862 3726 qui
2909 3671 3015 3709 non
3058 3655 3201 3707 inter
3249 3654 3348 3706 ho-

1781 3752 1960 3806 mines
2006 3751 2357 3821 concupiscat
2403 3751 2609 3806 aliena?
2663 3756 2717 3804 et
2753 3755 2933 3803 tamen
2979 3755 3124 3801 metu
3172 3759 3346 3815 prensa

1781 3855 1900 3910 quae
1931 3839 2370 3909 legibus-statuta
2398 3847 2483 3894 est
2502 3881 2517 3906 ,
2549 3838 2859 3894 refrenatur
2886 3846 2940 3893 et
2978 3835 3347 3891 continentius

1782 3920 1937 4018 agit.
1969 3931 2104 4003 Regi
2153 3941 2375 4004 propter
2405 3940 2610 3988 metum
2640 3939 2830 4002 gentes
2861 3929 3148 3998 subjacent
3176 3937 3230 3981 et
3259 3941 3348 3980 ar-

1783 4017 1967 4078 matus
2007 4031 2162 4092 paret
2201 4024 2498 4080 exercitus.
2543 4020 2697 4076 Servi
2742 4035 2864 4074 cum
2903 4019 3014 4088 sint
3054 4017 3345 4072 validiores

1780 4113 2017 4168 dominis
2048 4115 2198 4179 suis,
2231 4121 2453 4185 propter
2483 4121 2684 4168 metum
2722 4120 2903 4166 tamen
2946 4107 3174 4179 imperia
3215 4121 3341 4177 per-

1781 4205 1961 4260 ferunt
1990 4207 2359 4262 dominorum.
2405 4205 2602 4260 Bestiae
2640 4206 2774 4274 ipsa:
2821 4203 2958 4261 ferae.
2994 4210 3139 4255 metu
3184 4199 3344 4253 mite-

1779 4303 1978 4350 scunt:
2015 4295 2158 4349 tauri
2192 4295 2516 4349 validissimi
2544 4294 2676 4364 jugo
2705 4294 2843 4346 colla
2874 4292 3240 4353 submittunt,
3285 4299 3340 4344 et

1781 4386 2046 4442 immanes
2090 4385 2361 4456 elephanti
2410 4383 2688 4455 magistris
2732 4383 3108 4452 obtemperant
3149 4396 3243 4451 per
3273 4381 3342 4434 ti-

1781 4492 2010 4539 morem.
2049 4474 2153 4533 Sed
2184 4492 2282 4532 cur
2323 4475 2576 4531 humanis
2617 4482 2833 4529 utamur
2873 4473 3172 4542 exemplis,
3215 4463 3340 4526 eum

1689 4550 1750 4607 ’1)
1780 4573 1944 4625 etiam
1990 4571 2172 4626 divina
2216 4585 2325 4624 non
2371 4568 2587 4624 desint?
2635 4565 2826 4622 Nonne
2873 4574 3020 4620 terra
3070 4566 3185 4635 ipsa
3237 4566 3339 4618 sub

1777 4663 2028 4733 praecepti
2087 4671 2233 4716 metu
2298 4668 2611 4733 permanet,
2665 4657 2810 4729 quod
2852 4658 3015 4712 etiam
3061 4664 3225 4711 ntotn'
3251 4658 3336 4711 sui

1777 4765 1830 4810 et
1867 4763 2101 4810 tremore
2161 4754 2425 4810 testatur?
2478 4751 2624 4807 Mare
2710 4759 2972 4806 statutum
3047 4753 3334 4804 terminum

1777 4854 1992 4910 servat,
2077 4843 2252 4913 angeli
2323 4858 2510 4913 pacem
2580 4843 2930 4905 custodiunt,
3022 4843 3189 4896 stella:
3243 4856 3336 4894 or-

1777 4935 1956 4988 dinem
2015 4941 2213 4989 tenent'
2257 4942 2310 4988 et
2351 4931 2498 4986 fluvii
2557 4939 2802 4997 meatus,
2869 4932 3141 4986 daemones
3201 4947 3339 5000 quo-

1776 5042 1882 5096 que
1933 5034 2140 5082 certum
2190 5033 2272 5082 est
2317 5025 2509 5080 timore
2560 5025 2613 5078 in
2667 5023 2845 5095 fugam
2873 5020 3116 5079 verti.Et
3147 5039 3213 5077 ne
3243 5022 3337 5093 per

1395 5236 1762 5299 COTELERII
1800 5239 2032 5298 ΝΟΤΕ.

184 5421 294 5492 (8i)
334 5422 588 5500 C_um_pro
615 5429 812 5500 amoris
837 5429 1051 5484 crimine
1086 5431 1154 5483 ad
1173 5433 1486 5500 supplicium
1514 5432 1665 5484 duci-

114 5500 221 5576 tur,
244 5495 642 5576 et_ad_-_stipitem
667 5497 950 5576 coliigntur
983 5495 1431 5576 urendum'lulius
1450 5503 1668 5576 Capitof

113 5562 257 5640 linus
285 5563 351 5640 de
381 5562 619 5640 Macrino
649 5583 661 5620 :
688 5562 949 5640 Adulterii
976 5586 1089 5640 {eos
1123 5587 1320 5640 semper
1347 5574 1482 5631 vivos
1511 5562 1668 5626 simul

113 5630 362 5711 incendit.
384 5633 584 5711 junctis
613 5639 933 5711 corporibus.
971 5638 1109 5711 Nota
1139 5630 1335 5710 postea
1359 5643 1562 5696 variam
1593 5642 1672 5695 le-
1773 5630 1890 5711 pus.

114 5701 354 5792 959199
370 5701 575 5792 ‘3‘???
603 5701 804 5792 ςοάῖοίξ
853 5707 1025 5792 “es”:
1055 5701 1226 5792 συέιῖιν
1266 5711 1332 5792 ad
1361 5726 1668 5792 Ριξςιρτυπι

118 5779 358 5845 stuprum
382 5782 732 5844 spectantem,
759 5777 827 5834 de
853 5777 960 5849 quo
991 5777 1221 5838 flammis
1253 5777 1555 5842 vindicibus
1577 5797 1672 5838 ex-

1769 5431 1970 5512 piando
2005 5429 2371 5486 Valentiniani
2403 5430 2487 5484 lex
2531 5435 2710 5483 exstat
2756 5427 2812 5480 in
2860 5426 3047 5481 codice
3075 5422 3329 5480 Theodo-

1770 5517 1946 5556 813110.

1842 5570 1953 5640 (82)
1990 5569 2334 5625 Climacteras
2357 5570 2493 5623 enim
2522 5567 2725 5630 dicunt,
2756 5567 2909 5640 quasi
2951 5565 3170 5640 periculi
3201 5574 3328 5617 tem-

1976 5641 2060 5696 ide
2105 5657 2242 5710 quos
2289 5641 2390 5694 hac
2421 5639 2472 5692 in
2502 5654 2559 5694 re
2586 5641 2715 5693 citat
2745 5637 3095 5710 doctissimus
3126 5636 3328 5710 Savaro

1776 5707 1843 5765 ad
1898 5707 2305 5780 Sidonii'epist.
2333 5710 2415 5768 ll,
2451 5709 2543 5765 lib.
2567 5725 2685 5775 vm,
2718 5723 2817 5764 nec
2846 5724 2953 5762 non
2985 5707 3082 5762 Nili
3117 5707 3329 5760 abbatis

1777 5782 2058 5855 epistolam
2085 5780 2212 5846 ἣδε.
2241 5780 2334 5837 lib.
2370 5795 2430 5836 ιι.
