4078 6336
616 436 743 491 NII

1474 431 1530 485 S.
1572 428 2005 484 CLEMENTISI
2038 424 2204 482 ROM.
2245 421 2443 478 PONT.
2491 418 2720 477 OPERA
2759 418 2985 475 DUBIA.

3708 416 3841 473 μη

612 566 698 603 res
733 546 1117 617 agricolentur,
1143 542 1407 598 aediﬁcent
1437 548 1489 596 et
1520 555 1678 593 (mne
1702 555 1839 609 opus
1866 540 2019 594 virile
2050 552 2167 607 per-
2200 540 2243 597 Α
2277 549 2378 587 nec
2411 532 2762 603 approbrium
2793 548 2857 587 ex
2889 533 2993 587 hoc
3026 532 3245 601 aliquod
3288 528 3414 584 duci
3442 547 3455 595 ;
3495 537 3550 585 et
3590 529 3839 599 nunquid

613 640 817 705 ficiant,
842 638 935 692 sed
965 644 1017 690 et
1060 636 1271 689 misceri
1320 634 1517 703 quibus
1556 633 1745 685 volunt
1788 633 1932 697 licet,
1955 646 2058 686 nec
2087 631 2169 683 in-

610 732 873 779 cusantur
900 740 928 777 a
958 724 1087 779 viris
1118 732 1209 776 aut
1254 722 1514 776 adulteraa
1557 723 1915 791 appellantur,
1968 721 2170 790 passim

610 818 755 869 enim
784 814 1105 869 concubitus
1130 814 1361 868 miscent
1386 822 1438 866 et
1480 814 1747 881 praecipue
1786 812 1908 864 c'um
1946 808 2175 877 hospiti-

612 907 737 967 bus,
774 913 1046 976 unguenta
1092 904 1362 965 nesciunt,
1407 918 1515 957 non
1560 902 1861 956 induuntur
1892 906 2041 953 veste
2092 896 2174 951 fu-

613 1004 757 1058 cata,
792 1010 898 1048 non
928 994 1159 1059 calceis;
1202 1000 1423 1047 econtra
1455 992 1556 1046 viri
1598 990 1858 1045 Gelonum
1888 997 2175 1051 ornantur,

616 1092 925 1155 pectuntur,
962 1084 1294 1138 indumentis
1318 1082 1571 1137 mollibus
1594 1090 1645 1135 et
1666 1081 1831 1134 variis
1859 1078 2175 1151 induuntur,

614 1191 749 1229 auro
782 1174 1067 1243 compositi
1096 1174 1497 1243 unguentisque
1543 1172 1800 1235 delibuti,
1830 1178 1883 1225 et
1922 1171 2036 1225 ba‘c
2068 1184 2177 1223 non

619 1280 719 1335 pro
763 1264 1123 1319 dissolutione
1152 1265 1349 1317 virium
1374 1302 1388 1325 ,
1424 1271 1550 1317 sunt
1590 1262 1733 1317 enim
1778 1259 2178 1316 bellicosissimi

620 1363 674 1410 et
708 1362 993 1410 venatores
1031 1354 1277 1409 acerrimi
1305 1371 1319 1418 ;
1354 1353 1400 1384 “
1428 1367 1529 1407 nec
1561 1359 1744 1406 tamen
1787 1351 2053 1405 universae
2075 1348 2181 1403 Ge-

621 1445 803 1499 lonum
831 1444 1103 1506 mulieres,
1135 1442 1190 1496 in
1232 1442 1592 1513 Caprascornu
1633 1448 1725 1493 aut
1755 1441 1993 1512 Aquario
2022 1454 2182 1493 caco-

619 1534 916 1589 dnmonem
963 1524 1226 1589 Venerem
1270 1540 1561 1588 nascentes
1589 1532 1843 1600 habuere,
1875 1547 2051 1601 neque
2079 1532 2182 1587 viri

620 1644 806 1684 eorum
840 1629 895 1682 in
919 1628 1099 1683 Ariete
1139 1643 1264 1682 cum
1293 1625 1466 1682 Marte
1497 1625 1760 1681 Venerem
1797 1626 2047 1695 positam,
2088 1639 2185 1693 per

623 1718 768 1789 quod
803 1719 1022 1773 schema
1058 1716 1395 1772 effeminatos
1442 1724 1496 1771 et
1525 1716 1824 1772 dissolutos
1852 1716 2003 1771 nasci
2034 1730 2186 1771 asse-

624 1808 697 1861 rit
721 1809 866 1862 viros
890 1806 1181 1863 Cbaldaica
1212 1805 1521 1876 disciplina.

695 1894 885 1951 XXIII.
916 1895 1084 1952 Porro
1121 1912 1251 1952 vero
1293 1897 1347 1951 in
1384 1894 1541 1951 Susis
1589 1894 1846 1951 mulieres
1895 1895 2187 1965 unguentis

629 1996 685 2044 et
719 1989 937 2059 quidem
977 1990 1197 2059 optimis
1228 1996 1472 2053 utuntur,
1504 1982 1841 2045 Ornamentlb
1866 1996 2095 2057 compta:
2122 2002 2187 2042 ex

629 2078 900 2149 lapidibus
934 2079 1220 2150 pretiosis,
1252 2080 1573 2135 ministeriis
1609 2094 1829 2149 quoque
1868 2079 2189 2133 ancillarum

633 2170 778 2225 fultae
831 2173 1129 2241 procedunt
1184 2173 1355 2227 multo
1410 2173 1621 2242 majore
1673 2172 1969 2228 ambitione
2026 2187 2189 2242 quam

631 2261 733 2315 viri
754 2301 769 2325 ,
802 2278 901 2316 nec
932 2272 1110 2318 tamen
1141 2263 1460 2333 pudicitiam
1493 2265 1679 2319 colunt
1699 2303 1714 2328 ,
1751 2263 1847 2319 sed
1878 2263 2191 2319 indifferens

632 2352 714 2407 eis
742 2368 865 2408 cum
901 2355 1322 2425 quibuscunque
1352 2356 1625 2411 voluerint
1657 2371 1792 2411 usus
1823 2365 1907 2411 est
1937 2364 1989 2412 et
2020 2357 2191 2413 servis

634 2455 689 2500 et
729 2446 1070 2517 hospitibus,
1123 2447 1217 2501 tali
1258 2448 1479 2502 licentia
1531 2462 1560 2502 a
1608 2447 1743 2502 viris
1786 2448 2093 2517 permissa;
2138 2456 2192 2503 et

640 2556 745 2599 son
778 2540 951 2595 solum
984 2555 1094 2594 non
1136 2541 1427 2611 culpantur
1464 2554 1562 2610 pro
1603 2540 1738 2603 hoc,
1788 2540 1880 2595 sed
1924 2548 1977 2595 et
2018 2540 2193 2595 domi-

637 2639 835 2687 nantur
866 2632 919 2685 in
947 2632 1115 2687 viros.
1144 2632 1186 2663 "
1217 2630 1326 2687 Nec
1356 2642 1534 2687 tamen
1560 2633 1799 2685 omnium
1832 2632 2045 2702 genesis
2076 2648 2195 2686 mu-

638 2724 829 2777 Ierum
862 2722 1181 2778 Susidarum
1212 2723 1268 2777 in
1303 2724 1594 2778 medietate
1624 2724 1782 2787 cmli,
1816 2739 1937 2777 cum
1980 2720 2109 2779 Jove
2140 2732 2194 2778 et

642 2811 811 2867 Marte
843 2811 1104 2869 Venerem
1140 2815 1197 2868 in
1226 2814 1376 2870 Jovis
1405 2814 1657 2869 domibus
1686 2814 1910 2871 habent.
1954 2813 2013 2869 lu
2056 2815 2196 2870 ulte-

639 2905 877 2961 rioribus
906 2904 1143 2962 Orientis
1169 2906 1442 2975 partibus,
1472 2905 1517 2960 si
1545 2920 1679 2974 puer
1704 2906 1950 2960 muliebri
1982 2922 2040 2961 se
2070 2906 2199 2960 sub—

640 3006 851 3053 sternat
889 2999 1136 3069 injuriae,
1176 3014 1299 3053 cum
1336 2999 1580 3067 agnitum
1620 2997 1781 3053 fuerit
1808 3038 1821 3058 .
1861 3013 1890 3051 a
1934 2996 2196 3053 fratribus

641 3098 734 3145 aut
764 3092 1079 3161 parentibus
1102 3092 1185 3146 vel
1211 3090 1541 3161 quibuslibet
1565 3091 1825 3160 proximis
1852 3090 2194 3155 interficitur,

2275 624 2536 695 possibile
2566 630 2683 689 est,
2715 631 2773 676 ut
2804 638 2995 689 omnes
3024 624 3117 693 qui
3150 632 3259 677 tam
3303 622 3539 691 turpiter
3583 635 3841 676 succum-

2274 716 2410 769 bunt
2441 714 2582 782 apud
2612 713 2797 768 Gallos
2818 753 2830 776 ,
2862 714 3175 769 Luciferum
3204 730 3324 767 cum
3354 712 3628 766 Mercurio
3660 714 3714 766 in
3747 711 3842 765 do-

2276 809 2458 861 mibus
2492 806 2709 860 Saturni
2743 814 2795 861 et
2828 808 3026 861 finibus
3058 806 3244 861 Martis
3279 804 3613 859 habuerint?

2346 897 2535 952 XXIV.
2572 898 2628 951 In
2654 899 2947 952 Britannia:
2970 898 3337 969 partibus(96)
3357 899 3535 967 plures
3552 894 3653 947 viri
3681 909 3845 948 unam

2279 992 2485 1046 habent
2525 1006 2749 1045 uxorem
2773 1030 2787 1054 ,
2823 992 2876 1044 in
2918 990 3134 1044 Parthia
3167 990 3351 1043 multa:
3383 988 3643 1041 mulieres
3674 1002 3843 1039 unum

2278 1083 2482 1138 habent
2513 1084 2720 1146 virum,
2753 1092 2805 1137 et
2839 1090 3069 1151 utraque
3103 1082 3251 1135 orbis
3281 1096 3407 1151 pars
3439 1081 3685 1135 moribus
3726 1078 3844 1133 suis

2279 1184 2442 1245 atque
2480 1176 2744 1231 institutis
2784 1176 3127 1244 obsequitur.
3168 1175 3472 1227 Amazones
3510 1186 3702 1226 omnes
3737 1186 3843 1223 non

2280 1266 2484 1321 habent
2519 1268 2703 1328 viros,
2752 1265 2849 1319 sed
2900 1266 3042 1318 sicut
3088 1262 3344 1316 animalia
3394 1260 3561 1316 semel
3604 1262 3658 1314 in
3701 1274 3848 1313 anno

2278 1358 2423 1412 circa
2454 1358 2673 1413 vernale
2702 1355 3084 1425 mquinoctium
3116 1353 3366 1423 proprios
3390 1366 3623 1420 egressa:
3654 1349 3849 1403 termi-

2282 1462 2381 1503 nos
2400 1448 2688 1509 .‘Iinitima:
2727 1446 2903 1518 gentis
2927 1445 3061 1498 viris
3084 1444 3406 1505 miscentur,
3438 1442 3849 1497 solemnitatem

2284 1540 2571 1610 quamdam
2604 1554 2699 1609 per
2724 1538 2830 1592 hoc
2855 1536 3225 1597 observantes,
3252 1549 3314 1588 ex
3345 1533 3543 1603 quibus
3565 1548 3689 1586 cum
3719 1547 3853 1585 con-

2284 1632 2529 1702 ceperint
2561 1628 2821 1690 redeunt,
2844 1634 2898 1681 et
2921 1626 2965 1678 si
2989 1638 3191 1677 marem
3217 1622 3523 1691 pepererint
3546 1620 3815 1688 abjiciunt
3833 1657 3849 1681 ,

2286 1724 2520 1780 feminas
2568 1721 2837 1776 nutriunt.
2876 1718 2919 1749 ⁸⁸
2967 1715 3212 1783 Cumque
3258 1714 3421 1767 unius
3468 1712 3734 1780 temporis
3782 1711 3853 1763 sit

2288 1816 2529 1870 omnium
2563 1819 2780 1883 partus,
2817 1808 3110 1864 absurdum
3145 1814 3263 1867 est,
3298 1813 3357 1857 ut
3383 1804 3436 1857 in
3466 1804 3710 1857 maribus
3739 1803 3855 1870 qui-

2289 1912 2409 1966 dem
2439 1916 2661 1979 putetur
2690 1905 2833 1961 Mars
2864 1919 2986 1959 cum
3021 1902 3257 1955 Saturno
3299 1900 3355 1954 in
3395 1908 3639 1969 tempore
3679 1898 3853 1968 equis

2290 2018 2413 2058 esse.
2443 1998 2810 2071 portionibus,
2856 1999 2910 2051 in
2962 1994 3284 2049 feminarum
3321 2008 3449 2047 vero
3487 1993 3675 2062 genesi
3710 2007 3854 2045 nun-

2291 2110 2473 2166 quam.
2508 2091 2611 2147 Sed
2646 2105 2817 2161 neque
2849 2086 3172 2141 Mercurium
3207 2083 3317 2152 (97)
3349 2098 3470 2137 cum
3506 2080 3718 2137 Venere
3758 2082 3857 2136 ba-

2292 2184 2476 2238 buisse
2508 2183 2563 2235 in
2595 2180 2847 2234 domibus
2877 2176 3115 2247 prOpriis
3150 2174 3387 2244 positum
3414 2213 3428 2234 ,
3464 2180 3521 2227 ut
3561 2174 3643 2227 vel
3681 2172 3857 2241 picto—

2292 2287 2379 2326 res
2426 2270 2498 2323 ibi
2546 2273 2627 2323 vel
2674 2268 2980 2335 sculptores
3026 2263 3109 2317 vel
3148 2261 3443 2332 trapezitas
3486 2260 3723 2324 elliciat,
3762 2269 3857 2313 aut

2293 2364 2346 2417 in
2400 2361 2654 2415 domibus
2686 2356 2918 2412 Veneris
2940 2396 2954 2421 ,
2988 2362 3045 2407 ut
3076 2352 3466 2423 unguentarios
3514 2353 3596 2406 vel
3616 2352 3859 2407 'vocales

2292 2455 2375 2511 vel
2406 2463 2593 2533 poetas
2619 2452 2904 2523 producat.
2954 2447 3111 2518 Apud
3137 2444 3438 2502 Saracenos
3464 2453 3516 2499 et
3541 2446 3859 2513 superiores

2294 2548 2463 2604 Lihes
2497 2554 2551 2601 et
2587 2545 2806 2599 Mauros
2851 2550 2906 2597 et
2942 2542 3089 2596 circa
3133 2555 3226 2595 ora
3260 2540 3429 2593 maris
3461 2535 3667 2593 Oceani
3700 2536 3861 2589 habi-

2292 2648 2503 2702 tantes,
2546 2637 2640 2694 sed
2679 2644 2733 2691 et
2771 2636 2825 2690 in
2872 2634 3135 2694 extremis
3174 2630 3476 2685 Germaniae
3517 2628 3764 2699 partibus
3804 2634 3863 2683 et

2295 2731 2438 2803 apud
2488 2727 2766 2808 Sarmatas
2816 2735 2870 2781 et
2905 2722 3135 2794 Scythas
3181 2730 3341 2791 atque
3382 2736 3571 2775 omnes
3608 2735 3730 2789 qum
3758 2718 3891 2771 sub-

2296 2839 2395 2877 axe
2441 2818 2828 2891 septentrionis
2867 2816 3050 2885 jacent
3078 2812 3288 2867 Pontici
3325 2812 3522 2865 littoris
3552 2819 3775 2882 gentes,
3806 2817 3864 2862 et

2298 2916 2351 2969 in
2386 2914 2623 2984 Chrysea
2655 2909 2767 2980 (98)
2804 2906 3012 2964 insula.
3047 2917 3319 2973 nunquam
3359 2902 3631 2956 invenitur
3673 2909 3857 2970 trape-

2297 3008 2401 3063 zita
2434 3020 2531 3060 nec
2563 3002 2825 3072 sculptor,
2876 3007 2967 3053 aut
2998 2998 3195 3067 pictor,
3230 3001 3323 3048 aut
3368 2993 3726 3055 architectus,
3770 3001 3865 3046 aut

2299 3104 2636 3173 geometres,
2666 3099 2757 3147 aut
2787 3088 3063 3162 tragmdus
3084 3128 3097 3151 ,
3132 3094 3225 3139 aut
3272 3094 3429 3155 poeta
3459 3102 3473 3150 ;
3512 3100 3640 3154 ergo
3682 3083 3885 3163 deﬁcit,

643 3196 744 3235 nec
782 3183 1061 3253 sepultura
1092 3182 1344 3237 donatur.
1383 3180 1447 3235 Et
1474 3197 1667 3236 rursus
1701 3182 1841 3252 apud
1872 3180 2055 3237 Gallos
2085 3182 2195 3253 (95)
2225 3202 2265 3260 ρ
2303 3189 2443 3262 apud
2472 3202 2567 3243 eos
2597 3183 2852 3240 Mercurii
2888 3179 3220 3246 Venerisque
3249 3175 3619 3262 constellatio.

642 3270 730 3326 lex
766 3273 943 3342 prisca
975 3274 1259 3328 constituit
1288 3282 1517 3343 nuptum
1551 3272 1689 3326 tradi
1723 3273 1937 3342 publice
1966 3288 2191 3343 pueros,

2373 3273 2541 3328 XXV.
2584 3270 2660 3325 Ex
2688 3270 2833 3325 omni
2860 3268 2990 3323 orbe
3015 3273 3286 3319 terrarum
3318 3262 3455 3316 Medi
3482 3260 3595 3332 (99)
3626 3269 3872 3315 tantum-

716 3382 760 3455 ‘_‘
800 3378 909 3455 Nec
933 3382 1480 3455 tamen..._disciplina
1509 3381 1705 3437 desunt
1734 3381 1785 3435 in
1818 3381 1977 3455 codd.
2010 3383 2188 3455 Lipss.
2270 3388 2312 3419 "
2342 3384 2451 3440 Nec
2482 3393 2725 3437 tamen...
2755 3380 2979 3455 habent,
3009 3380 3073 3442 etl
3091 3378 3253 3455 p_aul_o
3277 3376 3451 3455 infra:
3481 3386 3529 3431 et
3561 3376 3867 3444 nunquid...

645 3449 1149 3526 habuerintpariter
1170 3452 1365 3506 desunt
1392 3451 1446 3526 i_n
1485 3452 1905 3526 utroqu_e_codd.
1924 3447 2102 3524 Lipss'.
2174 3456 2218 3489 "
2236 3454 2533 3526 Cumque...
2566 3463 2743 3522 poetas
2762 3454 3018 3521 producat
3041 3457 3094 3504 et
3121 3449 3176 3503 iu
3204 3447 3307 3503 ﬁne
3334 3447 3498 3517 hujus
3530 3463 3647 3518 cap.
3671 3463 3869 3516 ergo...

644 3520 972 3578 consultatio
996 3521 1375 3575 desiderantur
1404 3520 1457 3574 in
1489 3520 1645 3576 codd.
1677 3520 1825 3592 Lips.

1976 3634 2343 3693 CDTELEBII
2378 3636 2611 3695 NOTE.

644 3746 759 3822 bus
774 3746 969 3822 ‘Begiis
1001 3751 1367 3822 emendandus
1406 3752 1552 3807 venit
1596 3756 1949 3815 baruesanes.
1978 3754 2197 3822 ibidem,

645 3834 699 3941 Γ.
732 3818 856 3900 ξξῦ,
888 3819 953 3881 Α,
988 3820 1135 3889 παρὰ
1164 3821 1423 3890 Βάκτροις
1457 3824 1546 3875 καὶ
1578 3822 1784 3893 Γηλοις,
1818 3838 1924 3903 non
1954 3818 2198 3905 Idume.

673 3888 993 3941 ndihuenler
1022 3897 1198 3941 autem
1229 3890 1589 3941 Bardesanem
1620 3907 1681 3941 ac
1704 3891 2088 3941 Recoamtmnes
2114 3896 2198 3941 hic

673 3888 996 3961 ndiligenler
1022 3888 1198 3961 autem
1229 3888 1589 3946 Bardesanem
1620 3888 1681 3945 ac
1704 3891 2088 3961 Recognitiones
2114 3896 2203 3949 hic.

648 3958 776 4027 legit
806 3956 1091 4013 Caesarius.
1124 3956 1353 4015 Rullous
1377 3975 1503 4015 vero
1546 3960 1775 4017 habebat
1804 3956 1857 4014 in
1890 3962 2074 4017 codice
2104 3980 2203 4017 suo

646 4027 1004 4104 ἔναγδριίους,
1035 4044 1140 4104 non
1173 4030 1463 4104 ᾁνρρξίουςτ
1493 4030 1715 4104 conﬁge
1759 4031 1932 4085 obiter
1962 4031 2203 4104 Scylacis

645 4094 919 4173 Periplum
958 4098 1131 4173 capite
1159 4100 1223 4173 de
1243 4094 1495 4173 Liburnis
1513 4094 1702 4173 {OL-tot
1726 4094 2207 4173 yovatxoxparoﬁv-

644 4182 767 4219 ut“
802 4167 1083 4243 xuiuslotu
1119 4170 1175 4243 ai
1220 4172 1490 4243 γυναῖκες
1512 4167 2041 4243 ἀνδρῶνςὲλευθὲρὼν
2064 4190 2076 4202 ·
2118 4174 2204 4243 μί-

648 4237 957 4323 σγοντξιχδξ
999 4242 1112 4323 τοξς
1153 4237 1357 4323 ιαυιξῶν
1388 4237 1619 4323 δουλοιςζ
1644 4240 1739 4293 καὶ⁵
1762 4243 1878 4323 Eoi;
1910 4237 2206 4323 τέληισιρχιῖμ

650 4323 760 4382 ροις
789 4307 1034 4382 ἁνδρᾴσιῖ
1064 4307 1393 4379 chcndum,
1420 4309 1725 4382 ἐλεύθεραι.Δ
1755 4308 1825 4382 Hi
1847 4307 2085 4382 muliebri
2103 4307 2205 4364 im-

644 4378 787 4445 perio
818 4378 1035 4446 subjecti
1065 4378 1185 4431 sunt
1217 4394 1235 4432 :
1265 4390 1315 4433 et
1342 4380 1583 4434 mulieres
1610 4378 1653 4433 ἀ
1679 4380 1805 4434 viris
1833 4391 1953 4432 sunt
1989 4380 2202 4445 liberm;

646 4448 928 4501 miscentur
949 4460 1121 4502 autem
1150 4466 1267 4502 cum
1298 4451 1406 4503 suis
1431 4452 1610 4516 servis,
1636 4452 2022 4512 vicinarumque
2037 4452 2205 4512 reqio-

646 4534 769 4571 trum
802 4518 951 4571 viris.

716 4587 826 4657 (95)
862 4586 1013 4656 Apud
1063 4584 1265 4643 Gallos.
1310 4586 1369 4643 Id
1419 4590 1581 4644 etiam
1633 4597 1898 4645 testantur
1934 4588 2201 4647 Diodorus

648 4656 885 4716 SiCulus.
919 4659 1010 4711 lib.
1036 4674 1088 4719 ν.
1116 4667 1169 4712 et
1196 4659 1507 4722 Athenaeus,
1534 4660 1625 4714 lib.
1654 4676 1770 4715 xm.

718 4726 831 4799 (96)
872 4726 935 4779 In
956 4726 1259 4799 Britannia:
1280 4728 1553 4799 partibus,
1581 4736 1688 4783 etc.
1725 4730 1796 4784 De
1825 4728 2063 4799 antiquis
2094 4727 2211 4783 Bri-

644 4796 827 4852 tannis
856 4796 1020 4850 verba
1068 4805 1195 4853 sunt
1226 4796 1457 4851 Caesaris
1502 4797 1597 4853 lib.
1631 4816 1663 4851 v
1704 4799 1780 4853 De
1829 4796 1973 4853 bello
2008 4796 2209 4855 Gallico

646 4882 767 4935 cap.
788 4868 822 4923 5
855 4885 867 4919 :
903 4865 1101 4919 Uxores
1125 4866 1313 4919 habent
1341 4866 1459 4920 deni
1485 4867 1807 4937 duodenique
1832 4870 1966 4922 inter
1991 4885 2045 4923 se
2068 4886 2211 4922 com-

647 4953 847 4994 munes.
880 4946 942 5008 et
964 4938 1191 5008 maxime
1223 4937 1414 5004 fratres
1443 4953 1559 5008 cum
1590 4939 1864 5005 fratribus,
1894 4948 1944 4992 et
1970 4950 2210 5008 parentes

648 5022 767 5059 cum
797 5007 992 5059 liberis.
1028 5004 1102 5061 De
1129 5008 1298 5059 multo
1327 5004 1717 5062 recentioribus
1740 5015 1918 5063 autem
1965 5004 2047 5063 sui
2079 5017 2211 5063 tem-

649 5077 802 5145 poris
848 5076 922 5129 ait
960 5074 1167 5137 Gildas,
1201 5076 1254 5129 in
1283 5075 1526 5145 Epistola
1550 5078 1613 5132 de
1641 5080 1844 5133 excidio
1871 5077 2165 5132 Britannic
2190 5094 2209 5133 :

650 5145 810 5218 Reges
851 5145 1003 5218 habet
1036 5146 1339 5218 Britannia,
1365 5147 1452 5201 sed
1490 5158 1775 5218 tyrannos;
1798 5146 2002 5216 judi‘ces
2034 5147 2208 5211 habet,

650 5217 741 5269 sed
769 5217 976 5282 impios,
1009 5232 1142 5285 sirpe
1170 5217 1483 5285 prcrdantes,
1508 5217 1554 5271 et
1584 5219 1930 5273 concutientes
1970 5219 2213 5272 innocen-

654 5295 759 5349 tes;
797 5285 1137 5357 vindicantes,
1163 5297 1211 5339 et
1234 5298 1571 5357 protegentes,
1605 5289 1693 5343 sed
1726 5305 1839 5343 reos
1860 5297 1911 5342 et
1940 5288 2167 5341 latrones
2192 5304 2210 5351 ;

652 5356 1069 5479 guamplurimas
1092 5357 1332 5426 conjuges
1352 5356 1614 5441 (tabentes,
1633 5357 1720 5411 sed
1740 5357 2211 5426 scortantes.Apud

699 5434 851 5479 cotos
882 5440 1007 5479 vero
1031 5434 1241 5479 stentem
1286 5427 1669 5479 Britannicam.
1702 5442 2018 5479 communes
2040 5428 2211 5479 exsti-

699 5434 851 5479 cotos
882 5440 1007 5479 vero
1031 5434 1241 5494 gentem
1286 5427 1669 5489 Britannicam,
1702 5442 2018 5482 communes
2040 5428 2212 5483 exsti-

652 5497 790 5569 tisse
819 5509 1021 5569 uxores
1048 5497 1307 5569 discimus
1350 5496 1858 5569 agHieronymolib.
1894 5514 1935 5569 ur
1966 5497 2211 5569 adversus

654 5564 993 5619 Iovinianum
1023 5580 1071 5620 c.
1102 5565 1155 5621 6.
1187 5565 1298 5621 Nec
1346 5564 1683 5622 dissnniiliter
1722 5566 1943 5622 Hiberni
1974 5568 2029 5622 in
2061 5566 2215 5621 Stra-

656 5636 798 5707 bone
822 5633 913 5689 lib.
948 5652 1017 5691 iv.
1053 5635 1207 5702 Quod
1238 5646 1443 5707 spectat
1470 5639 1534 5692 ad
1566 5637 1794 5693 Parthos
1816 5676 1831 5707 ,
1864 5653 2060 5692 uxores
2092 5637 2213 5691 dul-

659 5705 850 5778 cedine
868 5707 1063 5778 _var_ig
1085 5705 1348 5778 _l_ibidiuis
1379 5709 1579 5778 singuli
1610 5710 1791 5777 plures
1817 5705 2123 5778 habebant;
2157 5716 2215 5761 ut

658 5774 839 5831 verbis
860 5773 1056 5847 Justini
1083 5775 1340 5847 Historici
1374 5773 1775 5847 lib.'xt.t,'utar.
1806 5775 1927 5847 Hoc
1962 5790 2126 5847 porro
2156 5778 2213 5831 in

660 5849 797 5901 ioco.
846 5854 897 5899 et
932 5845 1126 5901 Noster
1168 5846 1443 5913 paululum
1492 5846 1704 5904 deﬂexit
1746 5862 1775 5903 a
1804 5845 2127 5913 Bardesane,
2160 5854 2213 5903 et

660 5860 797 5901 ioco.
846 5860 897 5899 et
933 5860 1126 5901 noster
1205 5860 1414 5899 autulur

660 5915 935 5981 diligentia
964 5915 1136 5971 defuit
1163 5860 1414 5973 Etesario.

2376 3755 2487 3826 (97)
2528 3755 2632 3811 Sed
2660 3771 2819 3825 neque
2835 3752 3176 3826 Mercurium,
3199 3759 3304 3807 etc.
3324 3748 3447 3804 Haec
3469 3758 3658 3804 carent
3680 3765 3870 3826 sensu,

2308 3821 2407 3881 nec
2447 3821 2675 3896 possunt
2709 3821 2971 3881 construi.
3005 3821 3270 3896 Equidem
3298 3836 3356 3875 re
3389 3822 3876 3896 attenteconside-

2305 3890 2904 3980 rata,'coniparatisque
2934 3890 3079 3954 inter
3102 3892 3358 3980 se‘trli‘bus
3381 3890 3719 3980 auctoribus.
3752 3892 3875 3973 Bar-

2307 3966 2527 4031 desane,
2572 3962 3075 4035 pseudo-Clemente
3126 3964 3489 4035 (ξι-(ξιξεεξιι-ίοὲ
3530 3962 3771 4035 arbitror
3818 3964 3871 4019 in

2306 4036 2494 4089 Graeco
2521 4031 2607 4090 hic
2634 4037 2895 4106 scriptum
2940 4033 3111 4106 fuisse
3136 4032 3267 4085 ἀλλὰ
3296 4032 3421 4106 μήν,
3458 4031 3711 4106 Bulinum
3747 4050 3874 4088 vero

2307 4107 2656 4161 transtulisse
2701 4101 2789 4159 sed
2832 4113 3027 4173 ettaut
3072 4101 3506 4173 simtran‘stulerit
3549 4103 3639 4155 sed
3689 4120 3870 4173 neque,

2312 4190 2591 4245 perperam
2613 4175 2819 4246 legisse
2842 4170 2977 4227 ἀλκὰ
3010 4174 3105 4244 μή.
3135 4171 3265 4227 Dein
3304 4182 3361 4225 ut
3402 4173 3725 4242 particulam
3751 4170 3876 4230 esse

2310 4244 2657 4299 concedentis
2685 4244 2953 4299 existimo.

2382 4314 2495 4394 (θῇ)
2521 4315 2785 4394 μήτρως.
2806 4313 2880 4368 De
2897 4313 3105 4394 Gbryse
3126 4311 3348 4394 consule
3372 4310 3733 4382 geograpbos,
3754 4326 3877 4367 neo-

2312 4380 2420 4439 non
2445 4380 2697 4439 Salmasit
2730 4380 3159 4438 Exercitationes
3185 4380 3479 4435 Plinianas.

2382 4454 2509 4525 (99),
2534 4453 2697 4525 Medi.
2729 4454 2923 4525 Narrat
2968 4450 3504 4525 hoc_deABactrianis
3532 4448 3877 4525 pnesicritus

2310 4563 2327 4577 .
2347 4520 2451 4591 ,iud
2479 4520 2804 4578 Strabonem
2831 4523 2924 4578 lib.
2958 4538 3045 4591 χιζ
3059 4520 3131 4576 De
3158 4520 3343 4576 iisdem
3372 4520 3600 4591 Bactr_iis
3644 4538 3738 4577 seu
3775 4522 3878 4576 Ba-

2310 4586 2463 4665 ctris,
2492 4604 2545 4649 et
2592 4593 2659 4648 de
2706 4592 2972 4665 Hyrcanis
3020 4590 3373 4665 Porphyrius;
3416 4586 3879 4665 IV_[_1ept_&rrox-i;;

2309 4663 2563 4734 ἐμψύχων
2591 4659 2770 4734 Vnum.
2805 4662 2868 4716 21
2897 4677 2969 4734 ac
3002 4659 3291 4734 postiequ
3334 4659 3598 4734 Eusebius
3632 4659 3875 4734 qva-sar.

2336 4729 2515 4803 evang.
2548 4733 2640 4803 lib.
2676 4750 2712 4795 I,
2739 4748 2858 4801 cap.
2890 4733 2974 4794 14,
3002 4729 3069 4786 οι
3098 4729 3454 4803 Hieronymus
3482 4746 3518 4784 II
3550 4731 3604 4782 in
3633 4730 3881 4785 Iovinia-

2314 4801 2537 4869 num,‘6.
2565 4802 2666 4869 Qui
2696 4813 3027 4873 postremus,
3060 4809 3119 4853 ut
3160 4801 3210 4854 id
3235 4802 3419 4873 obiter
3437 4814 3686 4854 moneam
3708 4841 3723 4864 ,
3773 4804 3880 4854 mi-

2312 4888 2417 4928 nus
2440 4868 2720 4927 Commode
2749 4871 3030 4942 Porphyrii
3056 4868 3583 4941 κατακρημνίζουσιν
3610 4874 3882 4942 cgnvertit

2314 4942 2635 5012 suspendunt
2660 4945 2713 4996 in
2748 4938 3018 5011 patibulis,
3046 4942 3121 4995 uti
3146 4938 3597 5012 e‘tiam'patetuex
3627 4938 3882 4994 Theodo-

2313 5009 2415 5067 riti'
2447 5028 2695 5068 sermone
2717 5009 2792 5066 De
2819 5012 3038 5081 legibus.
3077 5028 3130 5081 p.
3157 5010 3280 5065 6I5.
3322 5010 3405 5065 Ab
3439 5009 3557 5064 aliis
3574 5020 3769 5081 autem
3796 5027 3883 5064 re-

2315 5082 2484 5151 fertur
2509 5083 2768 5137 usitatum
2813 5078 2981 5137 fuisse
3011 5078 3150 5151 apud
3196 5081 3529 5151 Bactrianos,
3573 5078 3879 5151 Hyrcanos,

2314 5150 2529 5225 Persas,
2552 5153 2827 5225 Assyrios.
2849 5148 3092 5221 Caspios,
3115 5149 3365 5225 ludorum
3392 5148 3629 5225 aliquos,
3646 5148 3883 5225 Parthos

2314 5222 2577 5292 aliosque,
2626 5220 2970 5278 mortuorum
3030 5223 3319 5292 cadavera
3354 5220 3601 5292 canibus,
3661 5220 3880 5292 bestiis,

2314 5287 2642 5355 vulturibus.
2693 5293 3006 5348 volucribus
3053 5290 3357 5346 devoranda
3406 5291 3689 5358 projicere.
3728 5287 3883 5344 Unde

2314 5361 2516 5433 dictum
2564 5362 2813 5433 Diogenis
2862 5363 2915 5417 in
2967 5359 3603 5433 Stobtelgsermouedlﬁ
3635 5360 3781 5433 (ot;
3816 5359 3883 5411 ἂν

2387 5450 2413 5485 ν
2431 5432 2588 5504 κύνες
2608 5430 3155 5504 αὺῖτὸνσπαράξωσιν,
3190 5430 3449 5504 Ὑρκανία
3470 5430 3671 5504 ἐστ-α.
3697 5430 3844 5498 tigni;
3864 5445 3877 5458 ο

2351 5520 2381 5573 ν
2427 5504 2482 5557 δὲ
2513 5502 2719 5572 γῦπες,
2756 5498 3033 5573 Βάκτρων.
3087 5499 3160 5554 Ita
3209 5498 3349 5573 enim
3380 5498 3606 5573 eluendo
3646 5499 3709 5573 in
3746 5513 3884 5573 voce

2313 5572 2469 5643 nihili
2495 5567 2751 5643 -ᾇιιλνιεπεέον,Δ
2773 5567 3392 5643 adductus‘auctoritate
3438 5567 3736 5643 Plutarchi,
3758 5568 3881 5643 _qui

2307 5640 2363 5695 in
2389 5635 2567 5692 libello
2599 5644 2679 5691 An
2705 5633 2963 5692 vithsitas
2996 5637 3065 5689 ad
3091 5636 3453 5705 infelicitatem
3474 5634 3728 5705 sufﬁciat,
3758 5633 3881 5705 hinc

2307 5708 2467 5763 habet
2497 5726 2511 5761 :
2559 5708 2837 5775 ’ἴῖρκάνων
2883 5707 2937 5760 δὲ
2970 5702 3159 5771 xum-:4,
3187 5703 3535 5775 Βακτριανῶν
3662 5702 3882 5775 ὄρνιθες

2303 5778 2530 5846 νεκροὺς
2554 5772 2818 5831 ἐσθίουσιν
2840 5775 2979 5831 κατὰ
3005 5776 3221 5848 νόμους,
3243 5772 3367 5830 ὅταν
3392 5772 3658 5846 μακαρίου
3685 5772 3880 5836 τέλους

2304 5847 2659 5918 τυγχάνωσιν.
