4078 6336
193 352 336 406 ιιιδ

1356 340 1578 399 BECOG
1588 338 1919 396 NITIONUM
1961 335 2088 390 LIB.
2131 335 2223 394 IX.

3286 335 3428 393 HM

188 468 358 522 modo
386 479 596 521 summa
626 462 976 520 observantia
1004 460 1181 516 adhuc
1208 468 1478 530 spirantes
1504 459 1754 512 homines
1784 466 1829 519 Α
1866 453 2145 521 signorum
2166 492 2181 518 ,
2217 465 2392 520 neque
2424 450 2642 520 triginta
2670 458 2725 505 et
2760 464 2853 505 sex
2884 447 3185 505 secundum
3224 463 3424 504 nume-

187 558 423 611 canibus
474 556 820 611 devorandos
870 554 1171 622 abjiciunt,
1204 552 1248 582 "
1281 558 1332 605 et
1380 566 1488 604 non
1539 549 1609 602 ob
1654 549 1757 601 hoc

189 645 419 700 Martem
450 662 571 700 cum
601 645 750 700 Luna
781 662 877 716 per
906 646 1156 699 diurnam
1191 642 1431 712 genesim
1462 640 1515 694 in
1546 640 1758 693 Cancro

188 735 405 804 positos
438 736 656 790 habent.
688 734 801 789 Indi
833 744 1076 789 mortuos
1104 747 1233 787 suos
1267 731 1598 793 incendunt,
1631 743 1756 782 cum

188 826 394 893 quibus
426 834 478 880 et
510 841 707 881 uxores
738 825 1117 881 defunctorum
1157 830 1351 894 sponte
1380 836 1437 875 se
1466 820 1757 875 offerentes

188 923 521 970 exuruntur.
556 914 661 970 Sed
699 931 806 969 non
844 916 965 970 ideo
1004 930 1193 969 omnes
1231 928 1351 980 qua:
1394 912 1528 965 vivae
1570 910 1757 963 incen-

187 1003 399 1058 duntur
428 1004 681 1059 Indorum
712 1008 971 1060 mulieres
991 1046 1005 1070 ,
1040 1004 1093 1058 in
1137 1012 1403 1056 nocturna
1435 1002 1618 1071 genesi
1652 1000 1757 1054 sub

186 1106 332 1149 terra
362 1096 565 1150 habent
594 1093 774 1151 Solem
803 1112 927 1149 cum
958 1095 1127 1149 Marte
1165 1096 1218 1149 in
1259 1093 1503 1165 partibus
1543 1090 1753 1145 Martis.

184 1184 586 1239 Germanorum
638 1185 862 1256 plurimi
904 1187 1097 1255 laqueo
1146 1186 1309 1240 vitam
1360 1184 1596 1245 finiunt,
1650 1195 1755 1235 nec

187 1276 403 1330 idcirco
429 1293 618 1333 omnes
647 1276 855 1330 Lunam
888 1293 1012 1331 cum
1044 1278 1208 1341 hora,
1240 1273 1478 1331 Saturno
1505 1282 1558 1329 et
1584 1272 1756 1327 Marte

186 1368 614 1423 circumcinctas
642 1362 859 1423 habent.
880 1368 987 1423 Sed
1013 1384 1119 1423 non
1149 1369 1203 1422 in
1233 1368 1378 1422 omni
1410 1374 1589 1437 gente,
1620 1372 1673 1419 et
1701 1364 1757 1418 in

186 1458 338 1512 omni
371 1460 457 1513 die
486 1475 584 1529 per
609 1475 824 1529 omnem
853 1460 1223 1515 diversitatem
1269 1460 1484 1529 genesis
1518 1473 1757 1513 nascun-

181 1557 277 1601 tur
323 1549 616 1604 homines?
655 1549 734 1605 Ex
774 1550 974 1621 quibus
1012 1551 1269 1605 omnibus
1308 1556 1573 1619 apparet,
1624 1548 1756 1618 quia

186 1648 368 1694 metus
406 1642 580 1710 legum
613 1640 668 1694 in
700 1656 1027 1711 unaquaque
1066 1643 1285 1712 regione
1329 1642 1661 1703 dominatur,
1702 1647 1756 1695 et

183 1736 405 1788 arbitrii
437 1736 661 1789 libertas
688 1751 809 1805 quae
840 1744 925 1790 est
952 1736 1267 1790 hominibus
1297 1736 1462 1791 insita
1503 1750 1599 1805 per
1638 1734 1755 1805 spi-

1860 561 1978 599 rum
2010 545 2341 598 decanorum
2362 582 2376 607 ,
2412 542 2506 597 sed
2537 550 2663 597 sunt
2694 544 3011 598 innumerae.

1929 632 2142 688 XXVII.
2184 632 2497 687 Meminisse
2540 641 2719 687 autem
2767 633 3029 688 debemus
3079 648 3268 688 eorum
3301 646 3425 701 qua

1860 740 2025 794 supra
2067 730 2382 799 enumerata
2423 731 2571 788 sunt,
2610 724 2753 794 quod
2788 725 2840 777 in
2868 738 2975 778 una
3008 722 3174 778 India:
3198 723 3425 793 regione

1860 824 1985 869 sunt
2014 827 2067 871 et
2112 817 2205 886 qui
2249 816 2529 870 hominum
2564 816 2823 869 carnibus
2858 825 3170 878 vescantur,
3204 822 3255 868 ct
3296 821 3427 869 sunt

1860 907 1951 975 qui
1983 907 2146 961 etiam
2193 922 2222 959 a
2254 905 2554 977 pecudibus
2589 907 2671 961 vel
2705 908 2897 962 avibus
2928 907 3292 977 omnibusque
3312 906 3422 960 ani-

1860 1000 2135 1053 mantibus
2166 1000 2498 1065 abstineant,
2530 1006 2583 1053 et
2624 998 2751 1069 quia
2795 997 3050 1069 Magusaei
3100 1014 3209 1054 non
3246 999 3424 1054 solum

1859 1089 1913 1143 in
1943 1088 2165 1144 Perside
2202 1097 2405 1144 matres
2440 1106 2504 1160 ac
2554 1090 2692 1145 filias
2742 1090 3018 1159 accipiunt
3070 1090 3124 1145 in
3154 1092 3427 1146 matrimo—

1858 1179 2031 1242 nium,
2069 1178 2164 1233 sed
2188 1179 2311 1234 etin
2340 1178 2487 1233 omni
2517 1187 2677 1249 gente
2696 1179 3007 1249 ubicunque
3036 1178 3424 1246 habitaverint,

1857 1270 2123 1324 malorum
2155 1286 2378 1326 suorum
2408 1271 2615 1325 incesta
2648 1270 2898 1325 instituta
2919 1270 3258 1326 custodiunt.
3285 1270 3424 1326 Tum

1856 1373 2123 1432 praeterea
2163 1372 2219 1417 et
2275 1364 2593 1417 innumeras
2616 1370 2805 1431 gentes
2834 1365 3276 1427 memoravimus,
3302 1381 3426 1435 quas

1858 1454 2075 1523 penitus
2107 1453 2287 1509 studia
2316 1454 2568 1508 nesciunt
2601 1452 2931 1507 litterarum.
2958 1451 3067 1508 Sed
3083 1460 3137 1509 et
3160 1455 3425 1526 aliquanti

1858 1544 2135 1614 sapientes
2163 1544 2267 1599 viri
2299 1545 2449 1615 ipsas
2489 1545 2636 1616 leges
2660 1544 2713 1599 in
2745 1545 3026 1600 nonnullis
3056 1558 3427 1604 commutave-

1857 1641 1986 1689 runt
2013 1635 2170 1698 locis,
2204 1634 2322 1688 alia:
2345 1649 2475 1689 vero
2510 1635 2672 1690 etiam
2700 1643 2899 1708 sponte
2933 1650 3031 1705 pro
3072 1636 3156 1690 sui
3209 1638 3291 1691 vel
3321 1637 3425 1693 im-

1857 1725 2220 1798 possibilitate
2255 1727 2335 1782 vel
2372 1727 2714 1783 inbonestate
2742 1727 3013 1783 derelictae
3059 1735 3205 1783 sunt.
3238 1730 3420 1794 Certe,

184 1826 353 1879 ritum
379 1869 392 1889 ,
424 1828 760 1896 obtemperat
794 1828 1007 1897 legibus
1028 1868 1042 1892 ,
1081 1843 1181 1882 nec
1220 1843 1414 1898 cogere
1451 1834 1630 1897 potest
1662 1842 1751 1896 ge.
1782 1815 1828 1874 Β
1856 1820 2000 1889 quod
2048 1820 2105 1875 in
2157 1826 2407 1889 promptu
2442 1826 2525 1873 est
2556 1833 2802 1882 noscere,
2838 1820 3025 1888 quanti
3068 1820 3425 1891 imperatores

184 1919 340 1971 nesis
370 1926 463 1971 aut
493 1917 652 1972 Seres
679 1919 1037 1972 homicidium
1068 1918 1431 1983 committere,
1464 1926 1556 1973 aut
1587 1916 1755 1985 Brag-

185 2022 386 2061 manos
422 2009 676 2063 carnibus
713 2008 892 2073 vesci,
934 2017 1026 2062 aut
1061 2007 1257 2063 Persas
1297 2010 1503 2063 incesta
1543 2009 1750 2072 vitare,

184 2098 269 2150 vel
300 2096 467 2152 Indos
494 2113 601 2151 non
630 2099 817 2161 exuri,
845 2106 939 2153 aut
970 2098 1154 2155 Medos
1188 2116 1296 2153 non
1330 2115 1359 2153 a
1392 2100 1622 2156 canibus
1656 2100 1753 2155 de—

184 2186 405 2247 vorari,
454 2184 683 2241 Parthos
725 2204 836 2243 non
881 2190 1081 2245 habere
1129 2191 1313 2259 plures
1368 2205 1601 2253 uxores,
1652 2199 1747 2244 aut

185 2273 450 2329 mulieres
510 2274 909 2347 Mesopotamiae
940 2292 1065 2333 'non
1116 2294 1335 2333 servare
1389 2279 1706 2348 pudicitiam
1735 2317 1751 2345 ,

190 2361 417 2420 Graecos
456 2382 562 2420 non
601 2369 845 2423 exerceri
874 2370 1175 2439 palmstris,
1219 2369 1496 2423 Gallorum
1549 2383 1746 2438 pueros

186 2468 297 2505 non
333 2454 443 2523 pati
477 2455 791 2519 muliebria,
826 2458 907 2511 vel
936 2464 1121 2526 gentes
1149 2456 1411 2511 barbaras
1441 2454 1753 2508 Graecorum

186 2546 393 2599 studiis
421 2545 667 2613 institui,
700 2546 816 2611 sed,
847 2557 907 2601 ut
931 2548 1202 2611 diximus,
1246 2560 1584 2616 unaquaeque
1619 2559 1752 2614 gens

187 2637 306 2690 suis
344 2638 557 2707 legibus
602 2640 774 2691 utitur
814 2654 913 2707 pro
952 2640 1220 2693 libertatis
1260 2639 1519 2702 arbitrio,
1564 2644 1619 2691 et
1660 2635 1754 2691 de-

187 2739 340 2782 creta
373 2732 587 2799 genesis
616 2731 793 2800 legum
826 2732 1115 2787 severitate
1146 2731 1387 2801 depellit.

256 2813 453 2871 XXVI.
489 2818 535 2847 "
572 2816 678 2871 Sed
716 2817 859 2872 dicet
898 2820 1094 2888 aliquis
1129 2834 1319 2874 eorum
1358 2820 1449 2889 qui
1491 2820 1545 2874 in
1584 2818 1751 2874 disci-

186 2908 338 2976 plina
389 2909 651 2964 mathesis
698 2910 893 2964 eruditi
945 2918 1105 2974 sunt,
1159 2913 1400 2982 genesim
1451 2913 1504 2965 in
1543 2924 1751 2983 septem

185 3008 375 3070 partes
416 3001 633 3063 dirimi,
679 3017 800 3071 qua
840 3002 918 3057 illi
982 3003 1201 3058 climata
1246 3005 1521 3075 appellant
1564 3006 1749 3077 (l00),

184 3090 462 3146 dominari
492 3109 619 3148 vero
648 3094 944 3165 unicuique
973 3095 1179 3149 elimati
1223 3112 1385 3150 unam
1432 3112 1499 3151 ex
1536 3107 1745 3167 septem

186 3182 394 3246 stellis,
444 3190 498 3238 et
552 3184 685 3239 istas
734 3200 871 3255 quas
907 3187 1259 3256 exposuimus
1305 3189 1550 3244 diversas
1602 3192 1747 3261 leges

186 3288 296 3328 non
345 3276 413 3329 ab
462 3275 772 3331 hominibus
814 3279 1051 3347 positas,
1092 3281 1184 3335 sed
1223 3280 1291 3335 ab
1329 3281 1450 3335 istis
1485 3283 1748 3352 principi-

185 3362 289 3417 bus
322 3365 619 3419 secundum
665 3367 1099 3439 uniuscujusque
1138 3370 1510 3437 voluntatem;
1552 3380 1606 3426 et
1642 3373 1747 3428 hoc

185 3456 332 3523 quod
365 3458 533 3512 stella:
561 3459 737 3512 visum
766 3466 850 3514 est
872 3502 885 3525 ,
918 3460 1088 3530 legem
1121 3460 1191 3515 ab
1221 3461 1531 3517 hominibus
1559 3463 1746 3517 obser-

187 3556 391 3604 vatam.
430 3549 507 3602 Ad
549 3549 663 3603 haec
697 3565 826 3620 ergo
862 3551 1346 3621 respondebimus,
1388 3552 1533 3622 quod
1574 3556 1749 3624 primo

186 3637 409 3704 quidem
438 3654 546 3693 non
574 3646 658 3693 est
686 3639 741 3694 in
771 3648 975 3709 septem
1006 3648 1187 3710 partes
1220 3642 1371 3696 orbis
1409 3650 1566 3697 terrae
1603 3642 1744 3697 divi-

185 3744 279 3782 sus
301 3767 317 3791 ,
354 3738 466 3782 tum
495 3730 691 3785 deinde
718 3737 773 3786 et
801 3732 847 3785 si
878 3732 951 3784 ita
981 3742 1166 3796 esset,
1200 3732 1253 3785 in
1286 3748 1391 3787 una
1420 3740 1576 3803 parte
1607 3740 1661 3789 et
1688 3732 1743 3787 in

186 3835 291 3872 una
330 3816 548 3889 regione
585 3821 892 3875 invenimus
925 3822 1124 3876 multas
1154 3822 1487 3879 diﬂ'erentias
1524 3823 1702 3891 legum
1724 3861 1741 3888 ,

183 3917 237 3961 et
288 3909 416 3964 ideo
466 3926 641 3980 neque
694 3920 897 3981 septem
945 3920 1073 3967 sunt
1110 3914 1408 3969 secundum
1456 3930 1742 3969 numerum

186 4001 509 4069 stellarum,
552 4017 731 4072 neque
767 4002 1055 4058 duodecim
1103 4006 1405 4059 secundum
1457 4021 1746 4060 numerum

1857 1912 2101 1983 gentium
2133 1926 2270 1981 quas
2296 1912 2540 1965 vicerant
2570 1911 2717 1982 leges
2745 1918 2799 1966 et
2832 1910 3081 1966 instituta
3119 1923 3422 1979 mutarunt,

1856 2011 1909 2055 et
1939 2003 2055 2059 suis
2092 2018 2187 2057 eas
2236 2002 2449 2073 legibus
2482 2002 2855 2071 subiecerunt!
2881 2002 3036 2069 Quod
3086 2005 3364 2061 evidenter
3391 2022 3424 2060 a

1856 2094 2118 2150 Romanis
2170 2093 2372 2147 factum
2403 2094 2648 2157 docetur,
2678 2092 2770 2163 qui
2803 2109 3015 2149 omnem
3050 2110 3188 2169 pene
3233 2098 3419 2152 orbem

1854 2200 2156 2255 omnesque
2183 2186 2433 2241 nationes
2465 2187 2698 2255 propriis
2728 2185 2903 2255 primo
2929 2192 2983 2239 et
3012 2188 3179 2249 variis
3211 2188 3422 2257 legibus

1855 2277 2230 2347 institutisque
2260 2278 2521 2341 viventes,
2556 2278 2609 2331 in
2636 2276 3007 2332 Romanorum
3026 2278 3119 2348 jus
3153 2288 3207 2334 et
3240 2281 3421 2337 civilia

1856 2371 1992 2424 scita
2018 2376 2321 2424 verterunt.
2358 2369 2403 2400 “
2432 2365 2693 2440 Superest
2736 2383 2867 2438 ergo
2907 2376 2965 2422 ut
2997 2379 3051 2424 et
3085 2371 3257 2426 stella:
3288 2388 3422 2442 gen-

1855 2462 2011 2523 tium,
2049 2476 2167 2531 quae
2198 2474 2227 2513 a
2260 2458 2522 2515 Romanis
2546 2460 2709 2515 victa:
2737 2466 2886 2524 sunt,
2919 2460 3137 2515 climata
3165 2478 3264 2518 sua
3299 2479 3423 2533 par-

1854 2561 2045 2621 tesque
2076 2552 2433 2621 perdiderint.

1923 2640 2160 2697 XXVIII.
2202 2640 2411 2695 Addam
2464 2639 2642 2695 adhuc
2693 2653 2832 2706 rem,
2864 2656 2984 2713 quae
3035 2649 3209 2711 possrt
3254 2644 3417 2698 etiam

1853 2732 2011 2789 valde
2061 2731 2359 2787 incredulis
2395 2730 2728 2787 satisfacere.
2773 2728 2943 2786 Judaei
3001 2746 3188 2787 omnes
3216 2732 3290 2804 (I)
3324 2734 3419 2803 qui

1853 2825 1957 2880 sub
1983 2826 2099 2896 lege
2127 2824 2297 2895 Moysi
2328 2824 2536 2886 vivunt,
2557 2822 2697 2877 filios
2727 2838 2858 2879 suos
2884 2833 3075 2879 octava
3103 2825 3189 2879 die
3211 2827 3419 2896 absque

1852 2916 1960 2969 ulla
1986 2916 2247 2969 dilatione
2274 2912 2693 2975 circumcidunt,
2734 2919 2787 2967 ct
2818 2912 3044 2969 infantis
3083 2916 3253 2970 teneri
3290 2931 3420 2971 san-

1852 3006 2071 3074 guinem
2115 3004 2381 3070 fundunt;
2415 3018 2443 3057 a
2492 3003 2691 3057 saeculo
2721 3013 2899 3058 autem
2932 3005 3115 3060 nullus
3143 3020 3207 3059 ex
3239 3008 3417 3077 genti-

1854 3095 1955 3151 bus
1983 3096 2086 3151 hoc
2115 3096 2203 3150 die
2228 3102 2418 3149 octava
2442 3104 2731 3163 perpessus
2760 3100 2862 3157 est,
2880 3103 2933 3147 et
2960 3102 3182 3149 econtra
3202 3094 3418 3151 Iudaeo-

1852 3203 1973 3242 rum
2002 3187 2183 3241 nullus
2212 3186 2413 3240 omisit.
2447 3183 2729 3250 Quomodo
2757 3199 2885 3254 ergo
2929 3186 2983 3239 in
3033 3186 3135 3241 hoc
3162 3188 3299 3241 ratio
3324 3203 3417 3257 ge-

1852 3278 2001 3332 nesis
2036 3276 2240 3332 stabit?
2270 3290 2390 3330 cum
2425 3288 2521 3343 per
2560 3280 2787 3327 cunctas
2837 3275 2989 3329 orbis
3036 3284 3194 3331 terra:
3232 3288 3416 3348 partes

1852 3383 2043 3423 omnes
2093 3366 2263 3421 Judaei
2318 3365 2532 3420 admisti
2580 3364 2828 3434 gentibus
2877 3365 3081 3431 vivant,
3114 3375 3168 3422 et
3222 3377 3414 3423 octava

1852 3459 2053 3515 ferrum
2074 3457 2349 3529 perferant
2377 3457 2464 3511 die
2492 3456 2654 3511 unius
2678 3458 2733 3511 in
2763 3459 2991 3513 membri
3020 3460 3161 3522 loco,
3180 3469 3233 3514 et
3254 3476 3415 3514 nemo

1852 3551 2156 3623 gentilium,
2182 3549 2275 3605 sed
2303 3550 2406 3619 ipsi
2444 3550 2567 3612 soli,
2601 3560 2660 3604 ut
2690 3549 2824 3611 dixi,
2852 3550 2956 3603 hoc
2989 3550 3216 3615 faciunt,
3235 3551 3280 3583 ⁷¹
3304 3566 3414 3605 ιιοιι

1850 3645 2009 3699 stella
2034 3649 2261 3714 cogente
2290 3656 2391 3697 nec
2413 3640 2729 3711 perfusione
2758 3643 3045 3711 sanguinis
3064 3652 3408 3714 perurgente,

1850 3735 1945 3790 sed
1976 3735 2094 3805 lege
2136 3733 2416 3803 religionis
2464 3732 2707 3795 adducti,
2740 3739 2793 3787 et
2824 3732 2878 3787 in
2903 3748 3228 3804 quocunque
3261 3735 3410 3789 orbis

1851 3824 1971 3878 loco
2003 3824 2201 3877 fuerint
2230 3820 2333 3876 hoc
2360 3828 2443 3876 est
2473 3821 2553 3878 eis
2576 3822 2789 3891 insigne
2811 3823 3187 3879 vernaculum.
3217 3821 3321 3878 Sed
3352 3832 3409 3878 ct

1851 3915 1995 3985 quod
2045 3930 2212 3968 unum
2246 3918 2457 3966 ‘nomen
2489 3913 2745 3967 omnibus
2775 3912 2915 3966 inest
2962 3913 3270 3983 ubicunque
3295 3914 3409 3969 fue-

1853 4007 1983 4066 rint,
2018 4001 2262 4071 nunquid
2323 4008 2376 4055 et
2418 4001 2521 4055 hoc
2572 4010 2667 4071 per
2701 4002 2939 4071 genesim
2969 4003 3156 4056 venit?
3179 4012 3234 4057 et
3260 4004 3405 4075 quod

252 4185 297 4216 ⁸ο
319 4180 779 4255 Ειηοηηιιαῡειιε
826 4186 985 4255 atque
1026 4180 1117 4255 illa
1167 4198 1286 4251 qua:
1336 4183 1389 4255 in
1424 4185 1777 4255 sequentibus
1828 4183 1895 4238 ad
1926 4183 2271 4255 astrologiam
2331 4188 2578 4255 spectant
2622 4195 2802 4235 omnia
2849 4180 2942 4255 sed
2986 4181 3405 4255 nonnugfartis

183 4265 229 4307 et
279 4271 371 4307 nec
420 4255 683 4323 idcirco...
720 4250 919 4323 Martis
938 4265 1045 4323 non
1095 4250 1346 4321 leguntur
1376 4254 1432 4307 in
1491 4250 1650 4308 codd.
1677 4252 1853 4323 Lipss.
1933 4254 1978 4285 "
2018 4250 2294 4323 Sed'dicet
2397 4252 2643 4323 instituta
2675 4251 2973 4323 custodiunt
3004 4259 3147 4321 (cap.
3174 4250 3265 4322 27)
3307 4252 3406 4306 de-

184 4333 308 4377 sunt
339 4326 394 4376 in
431 4324 591 4379 codd.
624 4322 801 4391 Lipss.
877 4319 922 4351 "
959 4318 1270 4389 Superest...
1310 4323 1629 4391 perdiderint
1648 4318 1848 4378 des—unt
1878 4324 1932 4377 in
1963 4322 2121 4377 codd.
2156 4321 2334 4390 Lipss.
2408 4322 2454 4353 "
2474 4318 2597 4373 Non
2628 4320 2852 4377 stella...
2872 4332 2964 4375 aut
2994 4318 3160 4375 emere
3187 4318 3297 4376 nun
3327 4324 3410 4377 le-

182 4401 381 4463 guntur
407 4394 461 4448 in
480 4393 640 4449 codd.
656 4390 833 4462 Lipss.

1502 4482 1863 4540 COTELERII
1896 4480 2126 4537 ΝΟΤᾸΞ.

252 4614 399 4684 (I00)
440 4611 677 4668 Genesim
725 4614 779 4684 in
810 4623 1015 4684 septem

181 4682 397 4764 elimata
426 4684 711 4764 appellant.
738 4682 959 4764 Qillicile
981 4682 1071 4764 est
1094 4684 1161 4739 de
1189 4686 1443 4764 hoe__loco
1474 4682 1730 4764 statuere.

180 4753 312 4826 Nam
342 4754 397 4808 ἐἰ
417 4753 664 4826 exigatur
704 4753 770 4805 ad
810 4753 1126 4826 Caesarium,
1168 4754 1391 4826 mutilus
1421 4756 1733 4826 apparebit;

182 4825 225 4879 si
249 4839 381 4877 vero
403 4823 467 4876 ad
493 4822 875 4891 Bartlesanem,
901 4822 1166 4879 videbitur
1187 4823 1414 4879 Rufinus
1440 4822 1630 4891 legisse
1652 4842 1738 4891 γε·

181 4894 320 4947 νὲσιν
343 4907 441 4963 pro
462 4894 582 4963 γῆν.
603 4890 784 4963 _Verba
814 4894 1009 4963 prioris
1039 4901 1165 4947 sunt
1200 4894 1368 4948 εἈλλ⁹
1393 4890 1531 4947 ἑπτᾶ
1569 4890 1735 4947 ὅντων

178 4966 243 5034 τῇ
270 4960 480 5035 γεῦέᾳελι
512 4960 1065 5035 ἠῲν-ἀναῄιιιένων
1096 4963 1356 5035 ἁᾳτέρῳν,
1388 4967 1467 5027 εις
1495 4963 1635 5035 ἑπτὰ
1660 4963 1739 5015 λέ·

179 5031 341 5102 γόμεν
377 5032 613 5103 aligera
643 5032 759 5103 vlqu
782 5031 1246 5103 γῆνδιαιρεῖσθαιξ
1287 5033 1609 5087 Posterioris
1641 5048 1739 5103 au-

179 5110 281 5173 tem
308 5120 321 5155 :
354 5103 417 5153 Ol
451 5102 505 5153 δὲ
538 5102 859 5173 ᾲστρονόμοι
885 5102 1019 5173 φασὶ
1042 5102 1137 5171 τὴν
1160 5103 1261 5172 γῆν
1280 5104 1481 5173 ταύτην
1514 5102 1739 5173 μεμερί-

181 5172 298 5224 σθαι
318 5174 399 5233 εἰς
426 5170 850 5243 ἑτιτὰᾼκλῑμαῒσ..
870 5170 1137 5243 Caeterum
1170 5170 1371 5243 septem
1402 5170 1616 5243 quoque
1645 5170 1739 5225 cli-

180 5250 319 5310 mata
366 5241 516 5309 ponit
572 5238 794 5294 Servius
839 5242 904 5294 ad
951 5256 964 5293 ι
1008 5238 1309 5310 Georgicon,
1349 5238 1737 5310 enumeratque

178 5309 414 5365 Isidorus
443 5310 719 5376 Originum
750 5311 842 5365 lib.
873 5327 950 5373 Ill,
980 5325 1101 5379 cap.
1124 5309 1185 5364 41
1224 5325 1237 5361 :
1273 5324 1391 5379 qua:
1414 5320 1590 5367 tamen
1614 5309 1737 5365 octo

178 5381 317 5449 leges
345 5382 485 5449 apud
509 5380 835 5449 Martianum
862 5380 1135 5449 Capellain
1168 5381 1263 5435 lib.
1294 5399 1407 5447 νιιι,
1432 5397 1486 5449 p.
1519 5382 1647 5437 296.

246 5397 317 5447 ges
345 5397 374 5433 a
419 5397 485 5433 ua
509 5397 835 5433 uaruanum
862 5397 1135 5449 uapenain
1168 5397 1263 5435 nn.
1294 5399 1407 5447 νιιι,
1474 5423 1486 5435 .
1519 5397 1647 5437 suo.

246 5451 323 5521 (l)
361 5397 539 5521 ,διάωὶ
560 5465 764 5521 omnes.
792 5448 935 5505 Idem
960 5459 1332 5521 argumentum
1362 5397 1522 5520 vurgo
1545 5458 1737 5521 urgent

177 5518 348 5591 sancti
382 5518 587 5575 Patres.
615 5518 767 5591 Quod
798 5529 977 5591 autem
1020 5519 1108 5573 hic
1136 5521 1333 5575 dicitur
1356 5518 1562 5575 nullum
1604 5518 1734 5591 gen-

179 5590 346 5661 tilium
386 5605 625 5661 unquam
654 5590 1120 5661 circumcisionem
1162 5592 1355 5645 octavo
1392 5592 1479 5646 die
1511 5590 1731 5661 passum

178 5655 360 5720 fuisse.
392 5655 664 5729 confutari
685 5674 843 5729 posse
857 5659 1071 5714 videtur
1101 5674 1197 5728 per
1226 5655 1586 5715 narrationem
1609 5660 1732 5714 Phi-

179 5732 415 5789 rosroraii
456 5732 531 5787 de
574 5728 861 5785 llomeritis
903 5745 965 5786 ea
998 5732 1085 5787 die
1148 5731 1463 5788 circumcidi
1512 5730 1685 5787 solitis
1712 5771 1728 5798 ,

1064 4624 1238 4683 partes
1266 4616 1446 4669 dirimi
1467 4655 1480 4680 ,
1512 4632 1628 4685 quae
1655 4615 1737 4668 illi
1769 4620 1811 4675 D
1841 4616 1933 4669 lib.
1960 4630 2040 4677 ιιι.
2060 4628 2121 4685 γε.
2151 4614 2205 4668 ι.
2248 4612 2445 4685 Verum
2477 4612 2661 4668 forsan
2692 4612 2979 4667 Homeritze
3006 4620 3129 4685 post
3160 4621 3402 4685 tempora

1840 4685 2014 4739 nostri
2041 4684 2292 4737 Auctoris
2320 4684 2485 4737 ritum
2510 4699 2666 4738 suum
2696 4689 2991 4745 mutavere,
3032 4683 3209 4736 edocti
3247 4682 3400 4737 aviu-

1842 4754 1973 4808 daeis
2014 4753 2311 4823 inquilinis.
2347 4752 2554 4823 Etenim
2583 4752 2791 4808 Arabes
2820 4760 2975 4805 erant
2999 4770 3021 4823 ε
3044 4752 3404 4823 (ξίιοιιιῐιοίιιθ-

1841 4824 2039 4879 bantur
2077 4818 2240 4891 porro
2284 4822 2490 4876 Arabes
2522 4836 2664 4875 anno
2696 4824 2784 4883 l3.-
2812 4828 2949 4876 teste
2987 4818 3217 4892 Origene
3243 4824 3401 4892 'apnd

1842 4893 2131 4946 Eusebium
2163 4892 2257 4945 Pr.
2301 4908 2483 4961 evang.
2514 4892 2608 4947 lib.
2640 4908 2716 4951 v1,
2748 4906 2866 4959 cap.
2902 4892 2988 4957 II,
3024 4906 3075 4961 p.
3107 4891 3234 4954 295,
3266 4891 3320 4947 et
3345 4894 3400 4947 in

1839 4962 2148 5016 Philocalice
2185 4977 2305 5031 cap.
2329 4962 2419 5028 22,
2461 4962 2738 5032 ρτικηὸδὸ,
2783 4975 2993 5032 necnon
3021 4962 3308 5032 Eustatbio
3344 4964 3401 5017 in

1840 5034 2201 5086 Hexaemeron
2225 5030 2317 5087 ubi
2352 5032 2417 5086 de
2446 5030 2770 5085 Abrahamo.
2812 5031 2966 5084 Μετὰ
3004 5031 3121 5095 ἔτος
3151 5046 3402 5102 aptamu-

1836 5102 2077 5166 δέκατον,
2120 5111 2235 5170 που
2262 5102 2519 5155 decimum
2563 5103 2771 5155 tertium
2795 5117 3011 5164 annum,
3043 5100 3218 5171 inquit
3246 5100 3401 5158 Iose-

1837 5173 1977 5241 phus
2006 5173 2394 5241 Antiquitatum
2420 5172 2514 5225 lib.
2546 5185 2584 5233 ι.
2633 5186 2754 5241 cap.
2785 5171 2873 5234 I5,
2905 5171 3049 5241 quod
3089 5171 3275 5241 eodem
3313 5187 3399 5227 ne-

1838 5240 1988 5303 cidit,
2022 5252 2082 5295 ut
2115 5240 2327 5296 cunstat
2350 5257 2415 5296 ex
2440 5241 2682 5309 ejusdem
2704 5240 2838 5295 libri
2872 5255 2993 5365 cap.
3032 5241 3113 5305 II,
3148 5240 3249 5294 hoc
3290 5250 3395 5307 est,

1838 5326 1981 5365 anno
2016 5313 2080 5365 l5
2100 5313 2386 5365 completo.
2407 5311 2565 5365 Certe
2581 5310 2920 5365 Ambrosius.
2965 5312 3035 5365 'b.
3064 5328 3100 5365 ιι
3124 5310 3201 5365 De
3224 5311 3395 5365 Abra-

1838 5326 1981 5383 anno
2016 5313 2080 5366 l5
2100 5313 2386 5383 completo.
2407 5311 2565 5383 Certe
2567 5310 2920 5383 Ambrosius.
2941 5310 3035 5367 lib.
3064 5328 3100 5365 ιι
3124 5310 3201 5365 De
3224 5311 3401 5383 Abra-

1834 5380 2093 5440 haman
2129 5380 2420 5441 “(refert
2452 5382 2520 5435 ab
2543 5380 2810 5452 Egyptiis
2837 5382 3187 5452 circumcisos
3228 5382 3398 5438 fuisse

1834 5466 2032 5520 pueros
2057 5466 2255 5505 annum
2289 5460 2510 5521 agentes
2536 5450 3079 5521 quartumdecimum.
3116 5450 3290 5521 Atque
3331 5468 3392 5507 ex

1834 5519 1919 5578 his
1960 5530 2269 5592 suspectum
2294 5519 2661 5592 habeoloéum
2694 5520 2941 5592 Procopii
2970 5519 3142 5577 Gazaei
3168 5519 3233 5575 ait
3257 5520 3391 5575 Gen.

1831 5605 1871 5655 ι,
1924 5592 1990 5645 Η
2018 5610 2031 5647 :
2060 5591 2236 5656 Quare
2286 5594 2426 5660 apud
2451 5590 2749 5647 Ismaelitas
2800 5590 3097 5646 sacerdotes
3144 5592 3233 5646 ubi
3282 5602 3396 5647 nats

1831 5662 2026 5734 fuerint
2052 5678 2216 5715 annos
2238 5662 2431 5723 decem,
2458 5663 2855 5719 circumcisione
2876 5664 3193 5733 signantur?
3218 5676 3287 5717 ne
3318 5678 3393 5734 ιγ,

1832 5732 2048 5797 detrito,
2083 5750 2137 5801 γ,
2172 5734 2449 5789 transierit
2484 5736 2538 5787 in
2571 5752 2610 5790 ι.
