4078 6336
247 372 377 428 ΝΠ

1429 360 1990 417 RECOGNITIONUM
2043 357 2171 414 LIB.
2211 358 2299 414 IX.

3319 362 3460 417 NII

242 486 472 558 singulis
498 485 766 539 obsistere
800 495 852 538 et
885 494 1187 552 repugnare
1209 479 1372 532 habet
1401 478 1454 530 in
1487 482 1684 530 natura
1715 492 1811 529 sua
1842 511 1886 564 Α
1917 473 2017 528 tibi
2054 474 2216 528 hodie
2265 473 2552 542 conjugem
2597 483 2744 528 tuam
2795 489 2917 529 cum
2965 476 3140 532 tribus
3189 478 3388 531 vestris
3418 478 3484 552 Ιὶτ

243 596 418 640 mens,
447 593 571 631 cum
594 577 640 631 ei
665 575 953 630 obfulserit
981 571 1230 626 veritatis
1260 569 1486 638 agnitio,
1519 583 1616 636 per
1648 582 1811 635 quam

243 671 524 728 scientiam
561 670 724 721 timor
757 666 922 720 futuri
946 665 1132 733 judicii
1165 664 1346 724 datur,
1378 661 1468 729 qui
1493 661 1563 711 sit
1586 659 1810 712 idoneus

243 763 435 816 anima:
465 763 794 831 gubernator
823 766 877 809 et
905 761 996 825 qui
1056 771 1174 809 eam
1220 754 1393 822 possit
1449 768 1476 805 a
1527 750 1813 818 concupis-

241 855 542 909 centiarum
573 849 887 921 prmcipitiis
919 861 1194 902 revocare.
1229 845 1366 912 Quia
1399 859 1528 913 ergo
1559 844 1669 897 sint
1695 843 1811 894 haec

240 949 293 1002 in
325 957 513 1002 nostra
544 953 831 1014 potestate,
864 942 1196 997 sufﬁcienter
1219 940 1424 992 dictum
1456 945 1556 990 est.

304 1038 522 1093 XXXII.
565 1036 720 1090 Nunc
758 1046 808 1091 et
849 1044 906 1088 tu
947 1050 1110 1088 senex
1136 1072 1150 1096 ,
1194 1033 1237 1084 si
1277 1029 1405 1100 quid
1445 1028 1613 1081 habes
1661 1025 1807 1095 quod

242 1118 305 1188 ad
349 1133 463 1187 haec
509 1129 876 1200 respondeas,
924 1126 1124 1196 Incipe.
1169 1120 1346 1176 Senex
1388 1121 1454 1174 ad
1490 1120 1647 1174 hrec:
1689 1118 1812 1172 Ple-

237 1225 493 1286 nissime,
521 1223 628 1286 ait,
656 1219 974 1280 ostendisti,
1002 1218 1074 1270 ﬁli
1102 1234 1117 1282 ;
1152 1214 1246 1269 sed
1273 1229 1402 1284 ego,
1432 1213 1573 1268 sicut
1601 1210 1711 1264 dixi
1744 1227 1810 1263 ex

236 1316 424 1379 initio,
456 1316 604 1369 omni
634 1313 759 1367 huic
803 1308 1213 1378 incomparabili
1259 1306 1554 1361 assertioni
1603 1311 1744 1366 tum,
1780 1315 1809 1353 a

236 1408 456 1478 propria
500 1404 841 1458 conscientia
890 1401 1189 1471 prohibeor
1229 1395 1643 1452 accommodare
1676 1410 1809 1448 con—

235 1515 481 1556 sensum.
527 1497 660 1550 Novi
692 1497 837 1550 enim
868 1502 922 1548 et
954 1507 1128 1547 meam
1172 1490 1416 1561 genesim
1461 1497 1514 1542 et
1557 1485 1809 1556 conjugis

234 1607 398 1658 meae,
435 1597 489 1643 et
518 1589 631 1643 scio
664 1603 724 1641 ea
771 1601 891 1656 qua:
933 1585 1230 1653 unicuique
1275 1587 1524 1635 nostrum
1568 1577 1808 1631 dictabat

231 1683 453 1753 genesis
504 1681 809 1744 accidisse,
854 1687 910 1731 et
952 1676 1021 1730 ab
1065 1675 1148 1728 bis
1196 1688 1315 1742 qua:
1357 1673 1522 1725 rebus
1546 1678 1599 1724 et
1631 1670 1811 1739 operi-

231 1773 334 1828 bus
365 1781 646 1842 comperta
676 1777 803 1825 sunt
827 1770 957 1822 mihi
975 1808 987 1832 ,
1014 1782 1160 1820 nunc
1182 1767 1364 1820 verbis
1389 1763 1674 1818 transferri
1699 1779 1808 1816 non

1915 567 2062 621 beris
2115 568 2386 621 viventem
2437 567 2792 636 pudicissime
2837 567 3210 636 traditurum;
3262 579 3315 626 et
3372 571 3478 641 jam

1913 674 2059 712 nunc
2089 659 2276 727 accipe
2304 657 2460 712 fidem
2491 674 2671 713 rerum
2696 675 2762 712 ex
2794 674 2859 712 eo
2879 699 2892 723 ,
2926 661 3070 728 quod
3103 677 3316 717 onmem
3351 680 3480 720 cau-

1913 766 2028 805 sam
2080 750 2251 804 niulto
2300 751 2615 821 diligentius
2663 751 2777 804 scio
2825 767 2988 822 quam
3033 761 3126 815 tu,
3173 766 3483 825 cunctaque

1911 844 2006 900 tibi
2039 859 2136 913 per
2164 844 2411 898 ordinem
2447 858 2568 912 quae
2608 851 2758 913 gesta
2803 852 2931 898 sunt
2974 848 3281 911 cnarrabo,
3330 857 3388 900 ut
3427 855 3481 901 et

1911 942 1966 988 tu
2001 950 2300 1002 cognoscas
2327 943 2379 990 et
2410 937 2500 1006 qui
2534 944 2830 1006 praesentes
2858 945 2984 990 sunt
3014 938 3248 993 discant.

1979 1024 2194 1088 XXXV.
2237 1028 2300 1081 Et
2329 1042 2454 1082 cum
2489 1029 2602 1083 haec
2634 1030 2896 1093 dixisset,
2928 1024 3228 1086 conversus
3263 1032 3325 1086 ad
3359 1041 3478 1087 tur-

1910 1119 2007 1173 bas
2052 1119 2127 1172 ita
2169 1121 2373 1189 coepit:
2419 1119 2516 1174 IIic
2560 1137 2722 1188 quem
2765 1121 3002 1187 videtis,
3031 1137 3062 1176 ο
3092 1125 3224 1184 viri,
3279 1125 3334 1179 in
3376 1126 3479 1180 hac

1908 1222 2057 1266 veste
2086 1213 2428 1283 pauperrima
2450 1253 2464 1276 ,
2499 1212 2755 1269 Romana:
2789 1216 2938 1270 urbis
2971 1225 3053 1270 est
3087 1219 3255 1282 civis,
3289 1236 3354 1273 ex
3386 1236 3482 1290 geu

1908 1317 2039 1357 nere
2073 1305 2245 1374 ipsius
2273 1304 2509 1359 Caesaris
2542 1306 2882 1361 descendens
2911 1326 2925 1374 ;
2960 1323 3156 1363 nomen
3187 1309 3234 1362 ei
3267 1309 3479 1364 Fausti-

1909 1395 2143 1459 nianus,
2176 1412 2401 1450 uxorem
2438 1412 2654 1467 quoque
2693 1398 3089 1453 nobilissimam
3135 1399 3470 1456 Matthidiam

1906 1487 2128 1541 nomine
2172 1487 2397 1541 sortitus
2439 1496 2556 1551 est,
2607 1504 2668 1542 ex
2721 1505 2826 1559 qua
2871 1498 2980 1545 tres
3023 1491 3164 1547 ﬁlios
3205 1496 3474 1564 suscepit,

1907 1592 2141 1646 quorum
2173 1579 2282 1633 duo
2312 1579 2545 1648 gemini,
2576 1596 2721 1634 unus
2753 1589 2931 1635 autem
2976 1582 3068 1652 qui
3110 1593 3225 1637 erat
3268 1585 3473 1654 junior,

1908 1671 1996 1723 cui
2029 1685 2228 1724 nomen
2246 1670 2544 1734 Clemens,
2577 1671 2666 1726 hic
2694 1676 2798 1727 est.
2830 1672 2896 1729 Et
2926 1689 3048 1727 cum
3083 1675 3184 1729 hoc
3211 1675 3472 1744 dixisset,

1909 1763 2079 1832 digito
2127 1779 2212 1818 me
2255 1763 2516 1818 ostendit.
2557 1762 2770 1818 Gemini
2825 1775 3003 1834 autem
3048 1766 3140 1820 ﬁlii
3185 1768 3303 1835 ejus
3346 1780 3474 1823 sunt

228 1853 476 1934 possum.
509 1863 753 1932 Denique
777 1860 1038 1930 quoniam
1070 1867 1123 1914 te
1156 1858 1398 1928 apprime
1429 1857 1698 1910 imbutum
1730 1855 1810 1908 vi-
1841 1862 1883 1916 Β
1912 1855 2037 1916 isti,
2068 1854 2255 1908 Niceta
2285 1862 2338 1909 et
2366 1855 2592 1925 Aquila,
2628 1872 2856 1930 quorum
2887 1858 3027 1914 alius
3057 1856 3349 1915 Faustinus
3380 1879 3476 1918 vo-

229 1952 332 2005 deo
363 1951 420 2005 in
453 1949 827 2018 hujuscemodi
858 1947 1202 2016 disciplinis,
1236 1946 1361 2000 audi
1394 1946 1645 2015 conjugis
1677 1961 1808 1999 mea:

231 2035 456 2100 thema,
503 2044 557 2091 et
597 2037 844 2091 invenies
888 2035 1112 2091 schema
1156 2036 1318 2103 cujus
1360 2035 1542 2090 exitus
1584 2035 1804 2089 accidit.

231 2125 439 2182 Habuit
468 2127 612 2181 enim
647 2127 872 2182 Martem
921 2142 1045 2181 cum
1076 2124 1290 2180 Venere
1330 2141 1495 2195 super
1535 2136 1804 2189 centrum,

225 2216 442 2275 Lunam
489 2234 619 2273 vero
663 2220 717 2273 in
757 2233 960 2274 occasu
1008 2219 1064 2274 in
1096 2220 1348 2274 domibus
1379 2219 1567 2274 Martis
1596 2227 1650 2274 et
1680 2219 1804 2272 ﬁni-

229 2311 335 2364 bus
376 2308 637 2374 Saturni,
671 2311 815 2380 quod
846 2312 1067 2366 schema
1097 2312 1376 2365 adulteras
1420 2310 1550 2364 facit
1595 2318 1648 2365 et
1689 2325 1805 2365 ser-

225 2417 327 2457 vos
359 2403 618 2473 proprios
648 2418 832 2457 amare
853 2442 869 2468 ,
902 2404 955 2456 in
988 2403 1427 2473 peregrinatione
1473 2411 1527 2456 et
1563 2402 1618 2456 in
1650 2403 1806 2471 aquis

224 2495 493 2564 defungi,
527 2495 670 2566 quod
705 2495 760 2549 et
805 2495 879 2548 ita
924 2495 1125 2547 factum
1171 2503 1294 2560 est;
1338 2494 1527 2548 incidit
1570 2509 1805 2562 namque

223 2589 280 2642 in
311 2603 554 2641 amorem
588 2588 770 2652 servi,
802 2595 856 2641 et
889 2587 1191 2657 periculum
1222 2587 1386 2640 simul
1419 2594 1578 2655 atque
1605 2600 1804 2655 oppro-

222 2677 409 2735 brium
441 2688 689 2751 metuens
718 2677 852 2749 fugit
893 2694 1018 2731 cum
1063 2677 1217 2747 ipso,
1262 2686 1316 2732 et
1355 2693 1580 2746 peregre
1622 2677 1804 2746 profe.

222 2777 312 2824 cta
350 2769 442 2824 ubi
475 2768 651 2822 amori
683 2783 786 2824 suo
818 2767 1120 2830 satisfecit,
1153 2767 1314 2836 periit
1345 2767 1399 2819 in
1429 2767 1587 2820 mari.

296 2858 541 2916 XXXIII.
580 2860 646 2914 Et
678 2876 779 2930 ego
810 2859 1105 2928 respondi:
1149 2857 1300 2912 Unde
1333 2859 1442 2912 scis
1473 2858 1599 2926 quia
1645 2873 1797 2927 pere-

223 2965 321 3022 gre
351 2966 510 3006 servo
542 2967 643 3006 suo
675 2951 882 3014 sociata
911 2955 1078 3005 estet
1117 2949 1172 3003 in
1220 2948 1338 3017 ejus
1379 2950 1659 3003 consortio
1703 2965 1799 3018 po-

223 3043 334 3102 sita
386 3042 744 3114 defungitur?
791 3042 857 3097 Et
910 3058 1118 3098 senex:
1170 3041 1529 3104 Certissime,
1580 3043 1795 3111 inquit,

222 3139 381 3200 scio,
415 3151 603 3190 revera
635 3151 740 3189 non
772 3136 898 3204 quia
942 3134 1192 3204 nupserit
1235 3149 1424 3197 servo,
1458 3134 1660 3203 quippe
1702 3135 1791 3204 qui

221 3241 406 3297 neque
437 3226 540 3280 hoc
568 3225 788 3296 quidem
820 3225 966 3295 quod
1012 3241 1134 3279 eum
1182 3232 1390 3278 amaret
1433 3240 1791 3295 agnoveram,

221 3314 322 3369 sed
353 3326 640 3384 postquam
673 3314 916 3384 profecta
948 3321 1031 3369 est
1051 3353 1066 3378 ,
1099 3313 1269 3369 frater
1296 3329 1449 3367 meus
1480 3314 1608 3367 mihi
1641 3329 1800 3367 enar-

222 3409 407 3471 ravit,
436 3408 626 3461 dicens
650 3449 662 3472 ,
698 3402 842 3476 quod
873 3407 1048 3476 primo
1078 3405 1294 3474 quidem
1327 3406 1503 3473 ipsum
1549 3404 1799 3459 adamas-

219 3505 349 3563 set;
410 3499 503 3552 sed
557 3499 644 3552 ille
686 3498 813 3566 quia
859 3503 978 3552 erat
1020 3497 1318 3560 honestus,
1373 3503 1561 3565 utpote
1611 3495 1798 3557 frater,

217 3589 402 3647 uoluit
447 3597 622 3643 torum
673 3588 858 3644 fratris
905 3590 1098 3645 incesti
1140 3589 1352 3642 macula
1383 3589 1644 3659 polluere.
1687 3586 1794 3642 Sed

217 3681 314 3738 illa
348 3687 402 3734 ct
431 3695 517 3734 me
551 3695 768 3746 verens,
798 3691 849 3735 et
877 3680 1229 3752 cpprobrium
1263 3696 1368 3734 non
1399 3679 1580 3734 ferens
1610 3679 1796 3735 infelix

216 3772 436 3845 (neque
474 3773 617 3826 enim
657 3773 1034 3843 imputandum
1073 3773 1120 3827 ei
1157 3781 1273 3836 est,
1308 3773 1454 3844 quod
1486 3788 1604 3827 eam
1633 3788 1797 3843 gene-

213 3866 298 3920 sis
329 3865 867 3936 lfacere'compulit),
901 3865 1051 3927 ﬁnxit
1085 3864 1358 3919 «omnium
1389 3871 1443 3919 et
1470 3866 1546 3918 ait
1573 3865 1640 3918 ad
1671 3880 1789 3919 me:

212 3955 411 4011 Astitit
439 3956 571 4010 mihi
604 3957 830 4033 quidam
863 3972 958 4026 per
986 3959 1163 4011 visum
1184 3997 1200 4023 ,
1236 3958 1328 4029 qui
1353 3957 1518 4027 jussit
1549 3974 1633 4014 me
1668 3973 1793 4013 cum

208 4045 438 4100 duobus
466 4043 700 4116 geminis
728 4047 862 4103 meis
892 4048 1011 4103 sine
1039 4062 1190 4102 mora
1222 4063 1288 4102 ex
1318 4047 1463 4103 Urbe
1494 4048 1795 4123 proﬁcisci.

212 4136 352 4194 Bac
380 4154 510 4209 ergo
537 4144 660 4194 cum
691 4141 966 4212 audissem
985 4180 1000 4207 ,
1032 4153 1133 4210 pro
1163 4140 1338 4194 salute
1364 4139 1484 4209 ejus
1530 4140 1793 4194 filiorum-

207 4246 323 4300 que
352 4230 642 4297 sollicitus,
670 4230 959 4286 confestim
980 4232 1155 4301 ipsam
1178 4240 1230 4286 et
1259 4231 1462 4286 liberos
1486 4232 1632 4284 exire
1649 4231 1788 4295 feci;

209 4332 388 4378 unum
418 4323 511 4393 qui
542 4331 660 4400 erat
686 4319 894 4393 junior,
928 4323 1058 4376 mihi
1089 4322 1289 4377 retinui
1318 4339 1334 4389 ;
1371 4323 1476 4376 hoc
1502 4322 1644 4377 enim
1665 4337 1788 4376 eum

204 4414 305 4485 qui
333 4428 597 4483 reSponsa
627 4414 682 4468 in
714 4408 921 4470 soinnis
945 4413 1187 4478 dederat,
1211 4414 1526 4483 permisisse
1552 4413 1784 4470 dicebat.

1908 1943 2136 1998 cabatur
2163 1947 2357 2016 prius,
2389 1953 2444 2000 et
2487 1947 2626 2002 alius
2671 1946 2926 2003 Faustus.
2974 1948 3148 2004 Simul
3189 1960 3368 2006 autem
3416 1961 3487 2007 ut

1908 2037 2134 2091 nomina
2175 2045 2365 2092 nostra
2405 2040 2708 2093 enuntiavit
2748 2038 2976 2106 Petrus,
3015 2057 3179 2097 senex
3216 2045 3473 2100 resolutis

1907 2127 2170 2181 membris
2199 2123 2488 2194 omnibus,
2518 2144 2675 2198 quasu
2711 2130 3044 2201 interceptus
3073 2134 3332 2189 concidit.
3361 2135 3472 2191 Nos

1907 2225 2088 2271 autem
2128 2218 2221 2272 ﬁlii
2262 2219 2531 2275 irruentes
2576 2237 2741 2290 super
2777 2237 2934 2285 eum,
2979 2226 3472 2295 complectebamur

1905 2319 1958 2363 et
1991 2313 2394 2376 osculabamur,
2429 2324 2680 2370 verentes
2719 2317 2882 2370 simul
2920 2332 2986 2371 ne
3022 2319 3273 2386 spiritum
3313 2336 3471 2377 revo-

1905 2417 2031 2456 care
2060 2419 2166 2456 non
2201 2415 2404 2473 posset.
2437 2405 2502 2458 Et
2531 2421 2653 2460 cum
2687 2408 2801 2461 hzec
2830 2408 3052 2473 ﬁerent,
3089 2411 3320 2480 populus
3351 2414 3469 2479 qui.

1905 2493 2024 2546 dem
2057 2494 2416 2567 admiratione
2452 2497 2571 2567 ipsa
2600 2499 3013 2569 obstupefactus
3044 2510 3150 2556 est.

1976 2581 2212 2638 XXXVI.
2256 2583 2448 2640 Petrus
2479 2597 2656 2643 autem
2693 2605 2916 2658 surgere
2948 2605 3048 2646 nos
3094 2607 3125 2645 a
3165 2593 3467 2663 complexi-

1904 2671 2006 2724 bus
2037 2670 2208 2739 patris
2230 2713 2244 2736 ,
2283 2689 2351 2727 ne
2386 2691 2508 2730 eum
2542 2692 2864 2733 necaremus
2889 2679 3077 2747 jubet,
3126 2689 3180 2735 et
3218 2682 3333 2751 ipse
3374 2699 3469 2754 ap-

1903 2761 2168 2828 prehensa
2200 2779 2360 2816 manu
2387 2767 2540 2830 ejus,
2571 2768 2729 2836 quasi
2761 2767 2827 2820 de
2853 2784 3046 2822 somno
3074 2771 3309 2839 quodam
3340 2788 3470 2842 pro-

1902 2849 2070 2904 fundo
2094 2853 2312 2907 elevans
2335 2870 2459 2907 eum
2481 2863 2534 2907 et
2551 2858 2827 2924 paululum
2849 2873 3123 2923 recreans,
3143 2861 3326 2914 omnia
3349 2877 3468 2931 qua

1901 2950 2056 3010 gesta
2084 2942 2298 2997 fuerant
2321 2945 2621 2998 secundum
2650 2949 2933 3001 veritatem
2966 2951 3132 3018 cmpit
3156 2967 3458 3020 exponere:

1896 3036 2168 3102 quomodo
2192 3035 2357 3089 frater
2377 3037 2496 3105 ejus
2520 3038 2573 3090 in
2597 3053 2832 3093 amorem
2860 3039 3108 3095 inciderit
3130 3041 3426 3098 Matthidia:
3447 3087 3460 3108 ,

1899 3131 1951 3177 et
1979 3126 2068 3178 Illa
2097 3141 2219 3181 cum
2245 3135 2388 3183 esset
2413 3128 2798 3197 pudicissima,
2830 3131 3077 3185 illicitum
3107 3133 3289 3188 fratris
3315 3149 3465 3188 amo-

1897 3232 2008 3271 rem
2043 3218 2162 3272 viro
2196 3220 2437 3274 indicare
2464 3222 2731 3284 noluerit,
2764 3238 2832 3277 ne
2860 3224 2942 3277 vel
2974 3206 3170 3278 bellum
3205 3225 3460 3280 fratribus

1897 3307 1982 3360 vel
2028 3310 2379 3378 opprobrium
2434 3313 2620 3382 generi
2678 3313 2986 3380 indiceret,
3042 3318 3134 3372 sed
3187 3319 3463 3389 sapienter

1898 3401 2167 3454 somnium
2201 3401 2452 3467 ﬁnxerit,
2474 3419 2584 3473 quo
2615 3420 2679 3458 ex
2711 3403 2858 3460 Urbe
2894 3407 3174 3475 juberetur
3203 3414 3462 3469 excedere

1895 3507 2020 3546 cum
2053 3491 2285 3562 geminis
2314 3493 2478 3559 ﬁliis,
2522 3496 2740 3565 juniore
2781 3497 2925 3567 apud
2971 3510 3177 3570 patrem
3224 3504 3458 3574 relicto;

1897 3591 2066 3653 utque
2097 3585 2419 3654 navigantes
2447 3586 2794 3658 naufragium
2819 3590 2872 3643 vi
2901 3594 3242 3660 tempestatis
3274 3595 3462 3649 incur-

1894 3677 2102 3742 rerint,
2131 3686 2196 3732 er
2213 3678 2280 3730 ad
2313 3678 2548 3732 insulam
2581 3681 2919 3736 Antaradum
2950 3685 3168 3739 nomine
3210 3688 3418 3756 expulsi
3441 3731 3455 3749 ,

1895 3767 2175 3824 Matthidia
2232 3772 2447 3841 quidem
2507 3789 2673 3844 supra
2727 3791 2917 3830 saxum
2973 3779 3242 3848 quoddam
3291 3781 3457 3836 fluctu

1889 3857 2135 3925 jactante
2186 3861 2428 3929 projecta
2471 3863 2577 3930 sit,
2632 3863 2830 3932 gemini
2872 3881 3012 3919 vero
3049 3866 3206 3922 liberi
3251 3871 3390 3940 rapti
3428 3887 3457 3923 a

1891 3947 2086 4017 piratis
2113 3956 2165 4004 et
2184 3952 2486 4007 Cassaream
2514 3953 2782 4023 perducti,
2821 3955 3088 4027 religiosa
3123 3959 3337 4014 cuidam
3379 3962 3458 4016 fe-

1892 4041 2053 4095 mina
2107 4045 2400 4104 venundati
2446 4045 2593 4109 sint,
2643 4062 2763 4115 quae
2805 4061 2901 4104 eos
2951 4048 3010 4104 in
3049 4043 3283 4107 filiorum
3336 4055 3457 4110 loco

1889 4135 2098 4192 habens
2144 4137 2450 4192 liberaliter
2496 4136 2812 4195 educaverit
2865 4149 2919 4196 et
2970 4131 3173 4198 erudiri
3229 4143 3452 4212 fecerit,

1889 4227 2188 4295 eorumque
2215 4226 2440 4281 nomina
2474 4228 2662 4296 piratae
2694 4229 3102 4286 immutaverint
3127 4242 3182 4288 et
3212 4234 3453 4290 Nicetam

1890 4317 2093 4391 alium,
2149 4318 2316 4399 alium
2366 4316 2620 4388 Aquilam
2676 4321 3074 4390 vocitaverint;
3123 4334 3304 4394 utque.
3335 4340 3455 4397 post

1891 4409 2005 4463 haec
2038 4405 2347 4466 studiorum
2379 4420 2432 4466 et
2461 4413 2880 4469 consuetudinis
2905 4429 3075 4471 causa
3108 4414 3318 4472 Simoni
3358 4421 3454 4476 ad-

280 4502 818 4574 XXXIVJum'ego
848 4502 1122 4567 Clemens,
1155 4502 1463 4579 intelligens
1494 4501 1638 4571 quod
1668 4504 1786 4571 ipse
1815 4521 1860 4576 ι)
1887 4505 2164 4572 hzeserint,
2183 4512 2344 4576 atque
2366 4506 2434 4560 ab
2458 4522 2546 4574 eo,
2572 4509 2665 4562 ubi
2693 4525 2909 4578 magum
2937 4495 2990 4564 et
3015 4496 3351 4582 deceptorem
3374 4517 3453 4568 vi-

203 4598 469 4655 fortassis
492 4604 640 4654 esset
660 4604 816 4666 pater
840 4611 997 4651 meus
1013 4635 1028 4660 ,
1059 4594 1318 4665 Iacrymis
1343 4587 1598 4663 oppletus
1625 4605 1780 4661 sum;

199 4689 660 4760 fratres:q“uoque
699 4701 854 4743 meos
893 4687 1136 4758 volentes
1182 4686 1442 4756 prosilire.
1475 4693 1532 4741 et
1561 4685 1784 4755 bperire

199 4796 328 4837 rem
353 4820 370 4846 ,
399 4776 677 4850 prohibuit
705 4776 900 4833 Petrus
933 4775 1126 4831 dicens
1155 4793 1169 4831 :
1201 4774 1477 4842 Quiescite
1501 4774 1782 4845 quoadus-

197 4890 318 4947 que
353 4872 494 4949 imibi
541 4855 828 4942 placuerit.
881 4869 1235 4940 Respondeas
1283 4881 1412 4937 ergo
1463 4865 1659 4921 Petrus
1706 4865 1782 4918 ait

196 4965 272 5019 ad
303 4971 495 5019 senem
520 4960 723 5027 {Quod
755 4972 950 5040 nomen
987 4954 1108 5040 erat
1147 4958 1352 5034 juniori
1393 4956 1504 5013 filio
1547 4957 1685 5012 tuo?
1711 4957 1780 5011 At

195 5059 296 5134 ille
331 5058 411 5110 ait
437 5043 759 5133 z'CEmens.
800 5049 871 5107 Et'
896 5032 1125 5135 βου-ῥεῖ
1164 5032 1222 5110 Si
1255 5053 1392 5116 tibi,
1427 5053 1644 5123 inquit,
1676 5052 1778 5105 ho-

193 5134 292 5208 die
321 5134 615 5220 conjugem
659 5159 804 5204 tuam
833 5133 1198 5225 castissimam
1226 5147 1781 5216 consignavero-cum

192 5232 408 5300 tribus
433 5241 558 5298 ﬁliis
599 5241 740 5305 tuis,
785 5240 963 5296 credis
1004 5239 1132 5311 quia
1172 5246 1352 5309 potest
1393 5238 1588 5308 pudica
1621 5246 1777 5293 mens

194 5317 391 5393 motus
422 5320 825 5409 irrationabiles
843 5316 1114 5402 superare
1139 5370 1154 5396 ,
1183 5336 1237 5385 et
1265 5329 1410 5400 quod
1439 5330 1622 5383 omnia
1654 5343 1776 5398 quae

191 5444 227 5490 λ
260 5407 971 5501 nobisdietasuntfvera
992 5407 1112 5476 sint
1139 5427 1194 5476 et
1220 5421 1438 5492 genesis
1480 5421 1616 5474 nihil
1661 5420 1776 5476 sit?

194 5515 282 5574 ει
311 5518 482 5575 senex
508 5536 524 5573 :
561 5505 716 5572 Sicut
759 5512 1100 5584 impossibile
1133 5520 1258 5587 est,
1289 5512 1505 5583 inquit,
1534 5516 1587 5593 te
1618 5510 1775 5566 exhi-

193 5609 339 5661 bere
361 5603 510 5674 quod
539 5601 841 5674 prdmisisti
861 5641 879 5669 ,
911 5599 984 5658 ita
1011 5593 1353 5670 impossibile
1378 5608 1470 5657 est
1491 5607 1647 5656 extra
1676 5612 1773 5672 σοι

192 5695 382 5768 nesitn
412 5694 529 5751 ﬁeri
555 5691 957 5765 aliquid.'-'I'um
1000 5691 1242 5750 Petrus:
1281 5691 1511 5758 Testes,
1555 5684 1766 5765 inquiti,

189 5788 409 5844 habere
452 5787 580 5842 volo
617 5799 814 5841 omnes
851 5785 956 5841 bos
989 5784 1084 5856 qui
1123 5792 1420 5857 pra-sentes
1463 5795 1592 5841 sunt
1619 5823 1635 5850 ,
1683 5799 1770 5841 me

488 5867 762 5939 Panos.
809 5877 925 5939 GI.
977 5878 1028 5940 Ι.
1560 5869 1564 5889 ί

1887 4598 2116 4662 derunt,
2141 4603 2317 4656 aversi
2341 4600 2675 4654 accesserint
2698 4599 2765 4654 ad
2794 4599 3142 4668 Zacchazum,
3161 4611 3220 4670 et
3241 4612 3298 4657 ut
3327 4617 3451 4674 post

1885 4688 2000 4743 haec
2032 4690 2226 4745 sociati
2258 4697 2384 4744 sunt
2413 4691 2555 4757 sibi;
2593 4691 2687 4746 sed
2716 4699 2771 4747 et
2799 4684 3052 4748 Clemens
3085 4697 3354 4763 quomodo
3381 4713 3448 4751 ex

1883 4781 2030 4837 Urbe
2052 4782 2411 4851 agnoscenda;
2430 4784 2676 4840 veritatis
2699 4799 2866 4839 causa
2891 4771 3188 4856 profectus,
3211 4803 3305 4858 per
3328 4784 3452 4842 Bar-

1881 4876 2037 4931 nabas
2066 4877 2311 4929 notitiam
2338 4876 2648 4954 CaeSaream
2670 4878 2881 4933 venerit
2909 4879 3120 4950 sibique
3150 4881 3450 4954 innotuerit

1880 4973 1931 5020 et
1957 4967 2281 5032 'adhaaserit,
2309 4972 2477 5038 utque
2505 4953 2574 5020 ab
2599 4957 2664 5022 eo
2689 4966 2760 5022 sit
2786 4967 2853 5022 de
2881 4965 2985 5022 ﬁde
3012 4969 3292 5038 religionis
3319 4971 3451 5025 edo-

1877 5066 2034 5138 ctus;
2062 5059 2157 5113 sed
2179 5067 2235 5114 et
2255 5060 2492 5130 qualiter
2512 5060 2654 5130 apud
2679 5059 3018 5115 Antaradum
3042 5061 3446 5120 mendicantem

1877 5151 2138 5221 repererit
2168 5158 2222 5205 et
2250 5152 2630 5221 recogn0verit
2654 5161 2890 5206 matrem
2908 5195 2924 5220 ,
2947 5157 3126 5224 'utque
3154 5152 3335 5228 omnis
3365 5153 3450 5223 in-

1875 5237 2080 5298 sula’in
2104 5243 2624 5314 ejusxecognitione
2653 5242 2838 5313 gavisa
2862 5243 2963 5312 sit,
2987 5254 3040 5298 et
3068 5245 3135 5299 de
3165 5243 3449 5315 pudicissio

1876 5345 1976 5398 ma;
2003 5329 2233 5400 hospita:
2258 5332 2620 5386 contubernio
2647 5342 2809 5409 atque
2829 5332 2948 5401 ejus
2974 5349 3074 5411 per
3092 5336 3446 5404 semetipsum

1861 5423 2076 5476 collata
2097 5424 2341 5497 sanitate
2366 5463 2382 5488 ,
2414 5430 2472 5479 et
2500 5411 2923 5497 deliberalitate
2945 5425 3237 5482 Clementis
3265 5425 3319 5480 in
3349 5440 3446 5481 eos

1871 5511 1966 5582 qui
2009 5494 2137 5583 erga
2186 5509 2417 5570 matrem
2444 5494 2675 5571 beneﬁci
2717 5506 3075 5583 exstiterant;
3105 5525 3276 5588 utque
3319 5526 3445 5589 post

1870 5603 1987 5659 hac
2009 5603 2202 5686 Ilieeta
2227 5615 2280 5662 et
2300 5604 2497 5677 Aquila
2526 5610 2868 5678 requirentes
2899 5623 3144 5680 quanam
3175 5616 3322 5666 esset
3349 5625 3443 5680 pe-

1871 5693 2092 5764 regrina
2135 5694 2351 5760 mulier,
2397 5704 2528 5751 enm‘
2569 5694 2853 5756 audissent
2891 5711 2924 5755 a
2961 5696 3242 5754 Clemente
3282 5708 3446 5755 omne

1878 5785 2154 5857 negotium
2175 5825 2192 5855 ,
2226 5801 2286 5842 se
2316 5785 2440 5851 esse
2469 5789 2718 5867 geminos
2760 5788 2882 5860 ejus
2929 5778 3068 5846 ﬁlios
3114 5787 3441 5850 Faustinum
