4078 6336
631 419 766 476 “l0

1475 413 1532 468 S.
1572 412 1963 470 CLEMENTIS
1997 413 2017 466 ι
2049 413 2214 469 80M.
2251 413 2450 470 PONT.
2487 410 2714 468 OPERA
2747 409 2971 468 DUBIA.

3739 413 3877 473 ιω

627 529 1077 586 exclamaverunt
1103 535 1158 584 et
1199 527 1498 593 Faustum,
1543 540 1870 596 omnemque
1915 526 2199 581 historiam
2229 531 2277 590 Α
2307 525 2568 580 conclave
2617 525 2835 588 clausa,
2877 524 3118 604 effugato
3165 541 3196 580 a
3241 541 3301 582 se
3336 525 3579 583 demque
3619 537 3676 583 et
3719 531 3875 588 ostiis

627 636 750 692 qua:
776 636 873 677 eos
903 621 1081 691 egerit
1109 619 1510 691 patefecerint;
1541 628 1707 688 utque
1737 625 1864 688 post
1896 616 2011 672 haec
2041 617 2200 670 matri

628 714 870 780 cautius,
887 728 953 768 ne
987 713 1175 769 subito
1202 712 1404 783 gaudio
1435 710 1876 781 interciperetur,
1910 710 2031 779 ipso
2062 708 2203 762 insi-

628 813 836 860 nuante
859 844 875 870 ,
901 804 1073 859 oblati
1104 802 1426 864 sint,Petro.

700 894 962 950 XXXVII.
995 894 1100 949 Sed
1128 910 1252 950 cum
1280 895 1394 949 haec
1420 895 1474 948 in
1500 894 1688 948 auditu
1715 895 1864 950 senis
1888 903 2203 950 narratione

629 990 943 1060 gratissima
975 989 1154 1044 turbis
1185 996 1484 1055 exponeret
1513 987 1707 1042 Petrus
1728 1028 1742 1052 ,
1777 988 1852 1043 ita
1885 997 1946 1043 ut
1975 988 2202 1042 audien-

631 1087 715 1138 tes
743 1090 1021 1153 gestorum
1049 1081 1330 1136 miraculis
1359 1087 1414 1135 et
1444 1080 1803 1136 humanitatis
1849 1080 2202 1136 miseratione

630 1173 1027 1244 lacrymarent,
1065 1174 1252 1227 nescio
1283 1170 1426 1227 unde
1454 1172 1682 1228 audiens
1717 1170 1891 1228 mater
1935 1172 2002 1226 de
2043 1187 2201 1228 reco-

631 1266 875 1336 gnitione
921 1265 1124 1336 patris,
1173 1279 1341 1319 cursu
1388 1265 1609 1319 concito
1652 1266 1815 1319 irruit
1859 1265 1917 1319 in
1959 1265 2201 1319 medium

631 1358 842 1420 nostri,
879 1373 1001 1412 cum
1036 1358 1276 1412 clamore
1322 1357 1559 1412 dicens:
1614 1355 1718 1411 Ubi
1760 1366 1845 1412 est
1889 1373 2046 1412 meus
2092 1358 2198 1423 vir,

631 1464 786 1504 meus
810 1448 1063 1502 dominus
1087 1447 1504 1512 Faustinianus,
1531 1448 1624 1518 qui
1658 1457 1765 1502 tam
1787 1450 1971 1503 multis
1994 1457 2203 1519 tempo-

630 1542 785 1596 ribus
817 1541 1091 1610 affligitur,
1124 1541 1410 1596 ambulans
1444 1557 1539 1611 per
1569 1541 1735 1596 urbes
1763 1543 2006 1613 singulas
2035 1549 2088 1597 et
2118 1558 2202 1597 me

634 1639 930 1709 quaerens?
977 1635 1102 1691 Haec
1139 1653 1262 1692 cum
1296 1637 1387 1691 illa
1411 1638 1566 1708 quasi
1615 1653 1802 1694 amens
1845 1640 2107 1692 clamaret
2149 1645 2202 1693 et

631 1729 1081 1800 circumspiceret
1100 1769 1115 1792 ,
1147 1746 1311 1785 senex
1340 1746 1636 1786 accurrens
1663 1747 1786 1786 cum
1814 1732 1999 1787 multis
2025 1732 2202 1803 lacry-

631 1823 737 1876 mis
769 1820 1024 1891 amplecti
1053 1828 1107 1875 et
1154 1823 1534 1892 conslringere
1574 1836 1694 1876 eam
1739 1819 1922 1891 coepit.
1973 1820 2039 1874 Et
2075 1835 2200 1875 cum

634 1915 749 1969 haec
779 1922 1122 1984 gererentur,
1157 1911 1356 1968 Petrus
1399 1914 1610 1984 rogavit
1642 1915 1832 1968 turbas
1862 1921 1922 1967 ut
1952 1909 2202 1968 discede-
2233 1895 2275 1949 Β

628 2013 784 2067 rent,
824 2005 1012 2060 dicens
1054 2005 1487 2059 inverecundum
1527 2020 1649 2060 esse
1696 2007 1841 2059 ultra
1875 2006 2198 2075 persistere,

633 2096 728 2150 sed
760 2095 998 2150 dandum
1031 2096 1110 2150 cis
1147 2096 1326 2151 locum
1371 2096 1696 2152 familiarius
1740 2097 1972 2151 invicem
2022 2111 2081 2152 se
2120 2097 2203 2150 vi-

631 2187 797 2240 dendi
823 2204 837 2252 ;
867 2188 1111 2248 crastino
1147 2197 1325 2243 autem
1358 2189 1447 2242 hic
1468 2230 1483 2253 ,
1517 2188 1729 2258 inquit,
1765 2189 1811 2244 si
1837 2189 1930 2258 qui
1958 2194 2201 2243 vestrum

635 2281 827 2335 volunt
849 2320 863 2341 ,
897 2280 1226 2335 conveniant
1258 2280 1326 2334 ad
1357 2281 1689 2336 audiendum
1723 2283 1968 2336 verbum.

706 2370 994 2427 XXXVIII.
1037 2371 1133 2428 His
1165 2388 1196 2426 a
1225 2372 1386 2428 Petro
1412 2374 1577 2428 dictis
1610 2383 1960 2429 secesserunt
1992 2376 2198 2440 turbte,

635 2473 688 2519 et
713 2479 837 2519 cum
864 2465 1123 2520 vellemus
1154 2481 1255 2521 nos
1287 2480 1506 2536 quoque
1535 2467 1614 2520 ire
1643 2467 1709 2521 ad
1739 2466 2032 2535 hospitium
2055 2507 2070 2532 ,
2104 2468 2202 2522 do-

638 2555 820 2611 minus
865 2555 1061 2611 domus
1101 2557 1176 2611 ait
1220 2556 1286 2611 ad
1329 2572 1473 2612 nos:
1522 2555 1702 2628 Turpe
1746 2567 1831 2613 est
1877 2566 1933 2613 et
1975 2560 2200 2630 impium

636 2647 776 2702 tales
807 2662 870 2702 ac
902 2655 1085 2702 tantos
1113 2648 1263 2702 viros
1300 2663 1520 2704 manere
1561 2649 1614 2702 in
1655 2651 1904 2716 stabulo,
1940 2666 2065 2705 cum
2097 2666 2203 2721 ego

642 2752 857 2794 omnem
889 2754 1024 2809 pene
1059 2739 1278 2794 domum
1309 2747 1593 2794 vacantem
1627 2739 1852 2794 habeam
1872 2783 1887 2807 ,
1919 2741 2202 2811 lectosque

640 2839 845 2886 stratos
880 2833 1311 2902 quamplurimos
1348 2841 1403 2889 et
1443 2849 1561 2904 quae
1592 2834 1901 2890 necessaria
1941 2845 2068 2890 sunt
2107 2851 2205 2905 pa-

637 2929 778 2976 rata.
814 2920 917 2976 Sed
950 2921 1113 2978 Petro
1141 2923 1552 2978 contradicente
1573 2963 1588 2988 ,
1622 2940 1760 2978 uxor
1794 2923 2203 2994 patrisfamilias

643 3028 750 3068 una
804 3029 928 3068 cum
979 3014 1168 3069 liberis
1209 3015 1326 3070 suis
1366 3015 1677 3085 prostrabat
1716 3030 1774 3069 se
1819 3023 1942 3069 ante
1984 3031 2106 3069 eum
2151 3022 2203 3070 et

643 3103 903 3158 exorabat
933 3104 1123 3160 dicens
1150 3123 1162 3157 :
1197 3104 1436 3160 Obsecro
1466 3116 1544 3167 te,
1580 3119 1738 3160 mane
1768 3104 1910 3173 apud
1941 3120 2060 3161 nos.
2081 3103 2203 3177 Sed

640 3209 710 3248 ne
737 3193 818 3248 sic
844 3193 1062 3262 quidem
1097 3194 1475 3264 acquiescebat
1504 3193 1729 3258 Petrus,
1760 3193 1935 3249 donec
1966 3194 2072 3249 filia
2105 3211 2200 3252 eo-
2231 3267 2235 3272 ἡ

2305 615 2595 684 patefactis
2643 631 2766 670 cum
2820 617 3032 671 catenis
3076 616 3193 671 suis
3246 617 3472 675 veniens
3521 619 3760 689 procidit
3807 621 3874 677 ad

2302 705 2470 774 pedes
2500 702 2682 768 Petri,
2715 704 2941 759 dicens:
2983 702 3213 759 Rectum
3253 714 3371 770 est,
3413 707 3488 761 mi
3527 709 3780 773 domine,
3819 718 3878 765 ut

2306 811 2434 866 agas
2465 796 2627 851 hodie
2653 796 2742 850 hic
2772 797 3033 852 salutaria
3065 812 3184 852 mea
3215 799 3331 869 (5),
3362 808 3415 854 et
3441 815 3549 854 non
3583 804 3880 858 contristes

2305 911 2483 967 neque
2522 912 2608 951 me
2641 913 2818 968 neque
2850 906 3105 967 parentes
3145 913 3318 953 meos.
3360 898 3521 954 Petro
3555 909 3739 954 autem
3780 915 3872 955 re-

2305 991 2557 1061 quirente
2605 998 2923 1046 catenatum
2973 1005 3399 1060 sermonumque
3447 992 3565 1061 ejus
3617 1007 3875 1056 causam,

2300 1092 2558 1156 parentes
2595 1091 2794 1155 praeter
2828 1099 2980 1153 spem
3012 1084 3117 1138 laeti
3147 1083 3326 1138 effecti
3359 1085 3426 1139 de
3457 1084 3580 1138 filim
3607 1085 3880 1151 sanitate,

2304 1179 2454 1233 velut
2492 1185 2718 1249 stupore
2755 1177 2992 1249 quodam
3034 1179 3253 1232 attoniti
3293 1177 3399 1247 ipsi
3435 1179 3658 1247 quidem
3693 1178 3882 1234 dicere

2303 1277 2610 1338 nequeunt,
2665 1277 2916 1326 astantes
2962 1275 3144 1323 autem
3190 1268 3382 1322 famuli
3428 1268 3626 1322 aiunt:
3676 1267 3807 1325 Haec
3846 1283 3880 1322 a

2304 1363 2533 1434 septimo
2560 1363 2737 1418 aetatis
2780 1377 2926 1416 anno
2970 1377 3000 1415 a
3046 1361 3294 1417 dzemone
3338 1370 3637 1431 occupata,
3687 1376 3884 1418 omnes

2303 1456 2398 1525 qui
2434 1456 2693 1510 accedere
2741 1463 3048 1516 tentassent
3095 1453 3160 1506 ad
3202 1469 3355 1518 eam,
3402 1453 3695 1520 scindere,
3740 1453 3882 1512 dila-

2305 1547 2458 1600 niare
2489 1547 2800 1610 morsibus,
2833 1547 2996 1600 etiam
3029 1545 3408 1614 disrumpere,
3441 1555 3495 1600 et
3527 1545 3628 1598 hoc
3661 1560 3760 1615 per
3799 1544 3886 1598 vi-

2302 1639 2439 1709 ginti
2471 1655 2646 1696 annos
2675 1655 2848 1709 usque
2879 1638 2945 1692 ad
2981 1653 3222 1708 presens
3253 1637 3433 1692 facere
3463 1653 3752 1706 nunquam
3779 1639 3880 1692 de-

2305 1731 2475 1795 stitit,
2525 1747 2626 1786 nec
2678 1733 2745 1786 ab
2796 1731 2978 1800 aliquo
3029 1729 3206 1800 potuit
3257 1730 3478 1794 curari,
3528 1731 3625 1783 sed
3671 1743 3742 1784 ne
3782 1743 3881 1782 ac-

2304 1821 2497 1878 cedere
2544 1821 2612 1874 ad
2658 1838 2777 1877 eam
2834 1823 3124 1892 quisquam
3171 1820 3430 1885 valebat;
3481 1821 3688 1874 multos
3732 1819 3881 1874 enim

2304 1913 2525 1968 inutiles
2556 1914 2821 1978 reddidit,
2856 1915 2993 1968 alios
3037 1921 3090 1967 et
3133 1913 3392 1983 peremit,
3431 1911 3690 1966 omnibus
3731 1912 3883 1966 enim

2303 2007 2436 2062 viris
2464 2006 2694 2061 validior
2717 2013 2854 2072 erat,
2881 2007 2998 2061 sine
3021 2006 3190 2060 dubio
3211 2005 3417 2060 viribus
3441 2005 3709 2059 daemonis
3734 2003 3879 2057 nisa.

2302 2097 2459 2153 Nunc
2511 2105 2712 2161 autem,
2763 2104 2821 2150 ut
2867 2097 3058 2162 vides,
3110 2113 3177 2152 ex
3217 2096 3506 2166 praesentia
3542 2102 3636 2148 tua
3663 2094 3878 2148 dazmon

2303 2189 2523 2261 quidem
2553 2188 2726 2259 fugit,
2760 2188 2904 2242 ostia
2940 2203 3072 2244 vero
3103 2203 3224 2258 quae
3261 2203 3476 2244 summo
3517 2203 3643 2241 cum
3691 2184 3880 2240 muni-

2303 2287 2488 2335 mento
2518 2280 2705 2334 clausa
2750 2276 3001 2339 fuerant,
3044 2286 3232 2347 aperta
3277 2285 3440 2340 sunt,
3488 2283 3542 2330 et
3586 2276 3707 2344 ipsa
3743 2287 3880 2328 sana

2304 2380 2411 2429 stat
2453 2379 2681 2426 ante.te
2721 2386 2954 2441 rogans,
3001 2378 3061 2424 ut
3111 2371 3253 2424 diem
3283 2354 3605 2423 salutarium
3650 2380 3882 2421 suorum

2290 2462 2483 2534 laetum
2517 2470 2568 2515 et
2601 2461 2782 2532 ipsiet
2808 2460 3126 2529 parentibus
3161 2459 3327 2512 facias
3347 2499 3361 2523 ,
3393 2466 3445 2511 et
3476 2443 3698 2509 maneas
3733 2453 3880 2524 apud

2301 2569 2418 2608 eos.
2461 2552 2586 2608 Haec
2620 2568 2744 2608 cum
2783 2554 2854 2605 ita
2885 2568 3029 2606 unus
3067 2567 3130 2605 ex
3172 2551 3392 2604 famulis
3427 2554 3784 2610 enarrasset,
3823 2553 3882 2599 et

2304 2646 2435 2715 ipsae
2477 2651 2685 2698 catenae
2711 2643 2779 2697 de
2819 2642 3074 2696 manibus
3105 2641 3224 2710 ejus
3267 2656 3330 2693 ac
3367 2638 3596 2710 pedibus
3641 2637 3881 2690 fuissent

2306 2745 2500 2807 sponte
2546 2737 2838 2798 resolutae,
2885 2734 3080 2789 Petrus
3130 2741 3314 2788 certus
3360 2732 3504 2801 quod
3546 2745 3646 2799 per
3692 2730 3881 2798 ipsum

2304 2828 2513 2883 sanitas
2555 2829 2669 2882 haec
2710 2827 2921 2882 reddita
2965 2827 3037 2881 sit
3077 2825 3302 2896 puellae,
3342 2821 3616 2892 acquievit
3649 2833 3882 2873 manere

2305 2921 2450 2992 apud
2475 2935 2588 2975 eos.
2628 2918 2734 2974 Sed
2763 2927 2817 2974 et
2846 2919 2969 2972 illos
2999 2917 3092 2987 qui
3123 2922 3500 2971 remanserant
3530 2915 3584 2966 in
3627 2912 3877 2981 hospitio

2304 3031 2411 3069 una
2462 3029 2585 3068 cum
2625 3029 2795 3069 uxore
2834 3027 2933 3068 sua
2974 3009 3212 3066 transire
3243 3009 3412 3079 jussit
3439 3049 3453 3072 ,
3486 3017 3539 3063 et
3569 3008 3883 3076 unusquis-

2302 3120 2409 3175 que
2438 3105 2678 3175 acceptis
2709 3119 2957 3159 seorsum
2999 3101 3271 3156 cubiculis
3317 3101 3660 3164 mansimus_,
3708 3105 3884 3166 atque

2305 3211 2374 3253 ex
2422 3212 2572 3252 more
2623 3196 2746 3251 cibo
2784 3203 3004 3265 sumpto
3046 3197 3383 3267 redditisque
3425 3195 3680 3252 laudibus
3727 3193 3877 3252 Deo.

640 3298 761 3336 rum
794 3283 887 3351 qui
917 3283 1199 3353 rogabant,
1232 3285 1300 3338 ab
1331 3284 1611 3339 immundo
1640 3284 1829 3354 spiritu
1863 3287 2198 3355 temporibus
2225 3299 2268 3356 c
2303 3289 2420 3345 suis
2451 3288 2648 3360 singuli
2686 3288 3056 3358 requievimus
3085 3291 3240 3346 locis.

631 3374 826 3428 multis
863 3383 1054 3429 vexata
1089 3388 1141 3430 et
1179 3376 1387 3431 catenis
1421 3379 1639 3442 vincta,
1674 3391 1795 3446 quae
1832 3375 2008 3432 fuerat
2051 3377 2192 3432 intra

662 3589 3801 3615 ww

1751 3734 2112 3822 LIBER
2192 3733 2746 3826 DECIMUS.

707 3995 747 4048 l.
788 3993 942 4048 Mane
976 4001 1177 4058 autem,
1209 4000 1398 4045 exorto
1428 3991 1572 4057 sole,
1603 4004 1703 4060 ego
1738 3991 1990 4048 Clemens
2021 4001 2077 4048 et
2104 3993 2200 4048 M-

633 4093 755 4147 ecta
783 4095 943 4157 atque
971 4085 1163 4156 Aquila
1193 4098 1298 4136 una
1326 4097 1449 4135 cum
1471 4081 1631 4136 Petro
1652 4083 1903 4138 venimus
1927 4082 1994 4138 ad
2018 4084 2197 4139 locum

635 4185 690 4238 in
737 4199 844 4253 quo
891 4189 1044 4250 pater
1086 4177 1248 4234 simul
1293 4190 1415 4229 cum
1466 4181 1639 4229 matre
1682 4177 2093 4244 requiescebat;
2141 4184 2197 4232 et

631 4291 756 4331 eum
786 4273 962 4328 adhuc
986 4286 1082 4326 eos
1119 4268 1451 4323 dormientes
1483 4258 1898 4336 reperissemus,
1927 4283 2027 4338 pro
2062 4267 2193 4323 fori-

631 4370 734 4422 bus
753 4364 1100 4420 consedimus
1125 4400 1140 4424 ,
1171 4360 1264 4413 ubi
1290 4358 1489 4414 Petrus
1518 4360 1718 4414 talibus
1747 4358 1889 4429 apud
1927 4375 2030 4415 nos
2078 4377 2191 4416 ser-

629 4461 886 4516 monibus
941 4456 1111 4510 utitur
1137 4472 1149 4506 :
1175 4451 1372 4507 Audite
1407 4468 1514 4519 me,
1547 4435 2187 4517 dilectissimi'conservi,

630 4555 745 4607 scio
780 4552 907 4621 quia
949 4545 1208 4618 grandem
1258 4544 1470 4599 habetis
1511 4542 1761 4598 affectum
1803 4559 1932 4613 erga
1983 4555 2192 4614 patrem
2223 4527 2269 4583 Ῐ)

629 4653 869 4707 vestrum
888 4685 903 4709 ,
936 4657 1125 4695 vereor
1154 4653 1282 4709 ergo
1322 4654 1388 4692 ne
1436 4647 1562 4693 ante
1582 4641 1806 4709 tempus
1833 4654 1956 4694 eum
1995 4656 2190 4710 ρει-υτ-

623 4737 797 4806 geatis
843 4734 1031 4801 jugum
1080 4727 1356 4798 religionis
1398 4728 1717 4797 suscipere,
1749 4729 1990 4784 nondum
2027 4731 2095 4784 ad
2138 4731 2192 4786 id

630 4835 880 4894 paratum
904 4861 918 4884 ,
953 4820 1017 4874 ad
1055 4819 1199 4889 quod
1241 4819 1379 4872 forte
1409 4833 1508 4887 pro
1534 4818 1700 4872 vestri
1737 4819 1914 4888 gratia
1937 4819 2194 4874 videatur

628 4919 995 4985 acquiescere.
1032 4909 1136 4965 Sed
1169 4912 1270 4965 hoc
1309 4927 1417 4964 non
1447 4919 1533 4964 est
1578 4909 1822 4977 firmum;
1869 4913 2013 4981 quod
2044 4914 2189 4968 enim

627 5014 846 5076 propter
873 4999 1122 5055 homines
1152 5001 1208 5053 ﬁt
1229 5041 1244 5065 ,
1276 4999 1551 5070 probabile
1581 5015 1691 5055 non
1721 5009 1884 5056 estet
1916 5002 2027 5055 cito
2054 5002 2191 5055 dila-

626 5098 793 5150 bitur.
822 5091 1057 5163 Ideoque
1091 5076 1306 5146 videtur
1336 5091 1466 5144 mihi
1487 5130 1502 5154 ,
1531 5099 1589 5144 ut
1623 5091 1936 5147 concedatis
1964 5093 2014 5147 ei
2047 5109 2190 5148 anno

626 5203 732 5240 uno
760 5187 938 5239 vivere
979 5199 1076 5253 pro
1106 5183 1332 5238 arbitrio
1358 5225 1372 5247 ,
1411 5184 1465 5237 in
1497 5197 1605 5252 quo
1645 5190 1827 5251 potest
1876 5183 1977 5237 iter
2024 5199 2188 5254 agens

623 5280 930 5345 nobiscum,
965 5277 1093 5332 dum
1121 5293 1220 5332 nos
1248 5278 1383 5331 alios
1409 5275 1688 5338 docemus,
1725 5277 1886 5331 etiam
1922 5277 2036 5347 ipse
2059 5279 2190 5332 sim-

623 5372 834 5439 pliciter
863 5372 1086 5436 audire;
1137 5379 1190 5425 et
1217 5369 1472 5431 audiens,
1508 5369 1775 5439 siquidem
1828 5372 2188 5441 agnoscenda:

623 5459 865 5513 veritatis
902 5471 1107 5515 rectum
1157 5457 1490 5530 propositum
1533 5456 1691 5526 gerit,
1733 5456 1850 5524 ipse.
1884 5457 2094 5525 rogabit
2129 5467 2187 5510 ut

625 5549 885 5619 suscipiat
918 5551 1190 5622 religionis
1211 5551 1421 5620 jugum,
1454 5554 1547 5601 aut
1578 5548 1624 5603 si
1651 5562 1762 5602 non
1793 5549 1970 5619 placet
2011 5550 2059 5604 ei
2101 5568 2188 5606 re-

2304 3995 2519 4065 cipere,
2555 4002 2868 4063 permaneat
2901 3994 3130 4051 amicus.
3168 3993 3237 4049 Hi
3272 3998 3414 4052 enim
3445 3997 3538 4068 qui
3589 4015 3701 4055 non
3733 4001 3785 4056 id
3809 4019 3879 4059 ex

2305 4085 2466 4141 corde
2495 4086 2836 4155 suscipiunt,
2871 4102 2993 4140 cum
3034 4089 3300 4158 cmperint
3345 4090 3494 4146 ferre
3526 4108 3635 4146 non
3672 4109 3879 4164 posse,

2303 4193 2411 4231 non
2443 4178 2616 4232 solum
2650 4179 2914 4249 abjiciunt
2957 4181 3100 4250 quod
3144 4192 3530 4251 susceperant,
3574 4186 3669 4240 sed
3720 4191 3883 4258 quasi

2298 4281 2399 4336 pro
2441 4269 2796 4322 excusatione
2843 4267 3176 4325 infirmitatis
3221 4286 3367 4336 suae,
3409 4273 3681 4344 incipiunt
3733 4279 3880 4333 viam

2299 4359 2580 4432 religionis
2612 4362 2991 4432 blasphemare
3015 4403 3031 4427 ,
3063 4370 3117 4416 et
3149 4365 3290 4420 male
3319 4366 3466 4436 loqui
3507 4368 3575 4422 de
3614 4369 3704 4426 his
3738 4387 3883 4440 quos

2298 4473 2638 4530 nequaquam
2667 4457 2820 4527 sequi
2851 4466 2944 4510 aut
2970 4456 3168 4510 imitari
3198 4465 3514 4526 potuerunt.

2369 4550 2435 4605 II.
2476 4549 2557 4603 Ad
2608 4548 2722 4603 haec
2761 4546 2951 4602 Niceta
2983 4549 3264 4619 respondit
3301 4565 3313 4600 :
3346 4548 3463 4606 Non
3510 4554 3880 4617 contradiw,

2285 4641 2515 4704 domine
2556 4640 2628 4693 mi
2665 4638 2853 4700 Petre,
2885 4640 3051 4692 rectis
3079 4647 3132 4692 et
3161 4640 3317 4694 bo'nis
3345 4642 3587 4697 consiliis
3613 4645 3746 4710 tuis,
3780 4647 3884 4700 sed

2298 4732 2478 4786 dicere
2501 4728 2706 4799 aliquid
2736 4730 2879 4793 volo,
2912 4737 2973 4781 ut
2995 4744 3092 4797 per
3117 4728 3220 4784 hoc
3246 4731 3452 4787 discam
3480 4734 3628 4802 quod
3660 4737 3880 4792 nescio.

2297 4822 2435 4889 Quid
2465 4822 2510 4876 si
2537 4821 2677 4874 intra
2710 4835 2912 4874 annum
2944 4820 3089 4873 hunc
3110 4859 3124 4884 ,
3151 4835 3260 4890 quo
3289 4820 3492 4877 differri
3531 4839 3658 4877 eum
3683 4826 3881 4893 jubes,

2297 4916 2562 4968 moriatur
2597 4921 2753 4983 pater
2778 4911 3010 4966 noster?
3047 4912 3341 4968 descendet
3375 4915 3426 4967 in
3460 4913 3741 4971 infernum
3780 4934 3886 4971 va-

2296 5024 2432 5063 cuus
2463 5016 2516 5062 et
2554 5003 2886 5062 cruciandus
2913 5005 2965 5058 in
2990 5014 3273 5061 aeternum.
3309 5005 3443 5061 Tum
3470 5007 3668 5063 Petrus
3697 5028 3710 5064 :
3745 5013 3885 5065 Am~

2296 5099 2524 5168 plector,
2550 5096 2759 5166 inquit,
2800 5094 3096 5165 benignum
3126 5113 3255 5166 erga
3278 5108 3486 5167 patrem
3524 5103 3883 5168 propositum

2292 5199 2467 5257 tuum,
2499 5195 2553 5244 et
2577 5189 2800 5257 ignosco
2823 5187 2920 5239 tibi
2945 5187 3011 5240 de
3037 5188 3122 5242 his
3151 5205 3273 5258 qua:
3304 5190 3542 5258 ignoras.
3562 5190 3704 5257 Quid
3725 5196 3880 5246 enim

2292 5295 2503 5342 censes,
2541 5279 2666 5348 quia
2701 5279 2746 5332 si
2773 5279 2896 5350 quis
2918 5279 3313 5348 putaturjustc
3343 5279 3566 5340 vixisse,
3603 5281 3708 5335 iste
3741 5298 3886 5337 con-

2293 5371 2445 5424 tinuo
2473 5370 2808 5424 salvabitur?
2850 5370 2968 5424 Non
3010 5379 3170 5440 putas
3194 5386 3319 5425 eum
3358 5369 3774 5426 discutiendum
3809 5377 3884 5428 ab

2292 5478 2354 5518 eo
2385 5461 2477 5532 qui
2507 5463 2719 5516 occulta
2752 5463 3034 5518 hominum
3065 5464 3216 5517 novit
3237 5504 3250 5527 ,
3283 5464 3560 5534 quomodo
3597 5465 3748 5532 iuste
3791 5468 3884 5519 vi-

2291 5557 2429 5612 xerit
2453 5595 2464 5618 ,
2492 5571 2558 5610 ne
2593 5555 2731 5610 forte
2771 5556 2878 5612 ritu
2910 5557 3196 5627 gentilium
3228 5556 3330 5629 (6),
3367 5557 3636 5611 institutis
3675 5574 3880 5613 eorum

1931 5687 2288 5747 COTELERII
2322 5693 2552 5750 NOTAE.

806 5827 1080 5909 δαιμξςιχία
1110 5843 1242 5909 m‘ea.
1261 5827 1619 5909 finesﬁnem;
1650 5827 1759 5884 Res
1786 5829 2075 5909 satispota
2095 5833 2177 5886 vel
2213 5832 2564 5887 mediocriter
2594 5828 2840 5909 eruditis.

691 5901 768 5963 (6)
805 5897 1114 5958 Gentilium,
1152 5897 1252 5950 hoc
1277 5907 1361 5950 est
1389 5895 1681 5968 ὁμοεθνῶν,
1708 5912 1816 5952 non
1857 5895 2137 5962 Ἑλλήνων.

2559 5914 2566 5921 σ
