4078 6336
183 461 312 519 καί

1400 453 1962 514 RECOGNITIONUM
1998 452 2124 510 ω.
2161 451 2227 510 Χ.

3286 450 3426 507 ﬂii

179 587 238 634 et
266 578 473 648 legibus
501 590 702 648 parens
719 614 734 639 ,
762 574 847 630 vel
874 588 974 644 pro
1004 573 1261 628 amicitiis
1296 573 1577 628 hominum
1599 613 1614 636 ,
1647 570 1744 626 aut
1769 577 1816 634 Α
1844 570 1988 626 sicut
2011 568 2164 640 prius
2190 565 2340 630 dixi,
2366 564 2662 635 permittite
2685 579 2810 619 eum
2839 564 2942 621 lter
2965 574 3213 637 agentem
3235 567 3426 624 nobis-

180 685 285 742 pro
328 667 442 723 sola
481 667 880 723 consuetudine
917 673 1012 720 aut
1049 665 1294 737 qualibet
1331 666 1438 719 alia
1477 681 1543 720 ex
1583 679 1749 718 causa

179 762 271 816 vel
316 761 670 825 necessitate,
724 767 778 814 et
829 777 941 815 non
991 768 1213 832 prOpter
1262 761 1433 830 ipsam
1479 759 1749 830 justitiam

180 868 363 922 neque
414 859 638 923 propter
689 850 909 906 Deum?
959 853 1062 918 Qui
1111 853 1257 907 enim
1302 860 1525 922 propter
1573 851 1750 906 solum

181 942 357 998 Deum
412 951 467 998 et
512 944 783 1013 justitiam
838 945 957 1013 ejus
1004 944 1150 1014 juste
1200 945 1475 1006 vixerint,
1533 944 1636 1014 ipsi
1685 941 1752 996 ad

183 1043 447 1093 aeternam
494 1038 736 1105 requiem
775 1036 992 1090 venient
1039 1044 1092 1090 et
1136 1037 1546 1107 perpetuitatem
1597 1035 1754 1104 regni

183 1130 428 1185 cmlestis
470 1129 758 1198 accipient.
793 1126 954 1182 Salus
989 1129 1131 1183 enim
1173 1144 1282 1182 non
1319 1129 1372 1182 vi
1422 1128 1748 1198 acquiritur,

185 1221 284 1278 sed
327 1221 608 1285 libertate,
651 1235 751 1275 nec
789 1235 886 1289 per
914 1221 1196 1274 hominum
1229 1221 1481 1290 gratiam,
1528 1220 1621 1275 sed
1658 1234 1754 1288 per

184 1314 283 1369 Dei
314 1312 494 1367 fidem.
521 1311 657 1367 Tum
685 1322 942 1383 praeterea
973 1314 1211 1384 cogitare
1234 1313 1427 1377 debes,
1455 1311 1582 1382 quia
1609 1311 1754 1366 Deus

184 1406 452 1476 prascius
479 1412 562 1462 est
603 1415 657 1462 et
693 1406 843 1460 novit
875 1407 920 1462 si
952 1407 1042 1461 hic
1074 1423 1209 1462 suus
1239 1413 1364 1472 est;
1399 1404 1545 1476 quod
1578 1405 1623 1458 si
1655 1420 1754 1460 no-

184 1499 266 1552 vit
305 1515 432 1554 eum
473 1515 582 1554 non
615 1515 778 1564 esse,
826 1500 957 1571 quid
999 1499 1262 1554 faciemus
1306 1497 1373 1552 ad
1417 1513 1480 1552 ea
1524 1513 1644 1567 qua:
1685 1513 1754 1551 ex

185 1590 349 1646 initio
381 1599 584 1645 statuta
621 1601 748 1646 sunt
775 1592 844 1646 ab
874 1591 982 1646 eo?
1019 1590 1079 1644 In
1124 1606 1232 1660 quo
1273 1597 1455 1644 autem
1493 1604 1754 1658 possum,

186 1685 481 1740 consilium
514 1683 621 1750 do;
653 1699 776 1738 cum
808 1683 1149 1751 evigilaverit
1191 1691 1244 1738 et
1289 1682 1626 1746 sederimus,
1660 1695 1756 1736 vos

185 1777 352 1848 quasi
395 1775 604 1846 aliquid
645 1775 858 1831 discere
895 1777 1176 1838 volentes,
1223 1774 1515 1846 proponite
1558 1790 1624 1828 ex
1667 1772 1756 1828 his

187 1867 456 1924 duntaxat
485 1865 606 1938 quas
636 1867 713 1921 illi
744 1866 964 1937 expedit
994 1865 1234 1925 discere,
1268 1872 1322 1918 et
1351 1865 1480 1920 dum
1525 1878 1626 1918 nos
1675 1863 1757 1916 lo-

1853 677 1977 715 cum
2018 659 2206 714 audire
2244 671 2348 711 nos
2377 655 2582 726 aliquid
2622 654 2999 725 disputantes;
3041 655 3136 710 sed
3165 656 3426 725 quoniam

1852 751 2177 807 festinantes
2221 764 2320 803 vos
2363 747 2509 813 vidi,
2557 746 2764 800 idcirco
2799 745 2912 800 dixi
2960 748 3426 817 Opportunitatem

1854 844 2238 916 quaerendam;
2273 858 2435 912 quam
2465 855 2589 894 cum
2625 838 2838 894 dederit
2867 838 3041 901 Deus,
3073 856 3170 894 vos
3203 855 3428 910 quoque

1854 936 1922 990 ad
1969 952 2032 990 ea
2083 950 2204 1004 quae
2257 933 2452 987 dixero
2491 932 2863 1001 obtemperate
2901 930 3054 984 mihi.
3094 930 3219 986 Haac
3269 932 3430 988 nobis

1856 1027 2375 1089 sermocinantibus,
2407 1025 2551 1079 venit
2577 1039 2712 1094 puer
2737 1023 2926 1078 dicens
2949 1024 3177 1094 vigilare
3199 1026 3309 1095 jam
3342 1041 3431 1094 pa-

1855 1127 1992 1174 trem
2018 1137 2033 1186 ;
2066 1128 2118 1174 et
2149 1133 2271 1173 cum
2300 1116 2562 1170 vellemus
2593 1113 2802 1184 ingredi
2836 1113 2903 1167 ad
2933 1127 3056 1167 eum
3079 1151 3095 1177 ,
3135 1113 3252 1182 ipse
3282 1115 3431 1167 venit

1856 1214 1923 1268 ad
1954 1226 2076 1274 nos,
2108 1218 2161 1264 et
2185 1209 2373 1264 osculo
2396 1222 2498 1262 nos
2529 1210 2804 1271 salutans,
2839 1222 2961 1258 cum
2996 1205 3428 1271 resedissemus,

1857 1306 1967 1360 ait:
2007 1303 2226 1358 Licetne
2269 1299 2664 1370 percunctari,
2711 1299 2757 1353 si
2801 1299 2933 1368 quid
2974 1298 3117 1352 volet
3158 1299 3312 1379 quis,
3359 1314 3431 1353 an

1858 1397 2156 1452 secundum
2197 1392 2591 1464 Pythagoricos
2631 1391 2922 1447 tacendum
2960 1407 3172 1461 semper
3209 1393 3334 1446 est?
3363 1388 3434 1448 Et

1857 1485 2091 1538 Petrus:
2126 1482 2235 1536 Nos
2269 1498 2370 1538 nec
2411 1483 2571 1538 silere
2610 1498 2840 1552 semper,
2877 1498 3052 1552 neque
3084 1483 3430 1552 percunctari

1858 1574 2104 1642 cogimus
2129 1570 2446 1639 accedentes
2463 1572 2528 1625 ad
2548 1586 2669 1635 nos,
2688 1571 2783 1626 sed
2805 1572 3163 1640 relinquimus
3187 1573 3431 1642 ipsorum

1857 1662 2096 1717 libertati
2127 1663 2304 1717 facere
2329 1673 2388 1716 ut
2410 1663 2619 1726 volunt,
2659 1663 2895 1718 scientes
2925 1663 3069 1732 quod
3106 1665 3199 1733 qui
3241 1679 3433 1719 curam

1859 1755 1998 1824 gerit
2026 1754 2219 1809 salutis
2247 1769 2380 1819 suae,
2437 1755 2483 1808 si
2531 1756 2585 1807 in
2625 1762 2778 1823 parte
2822 1754 3004 1823 aliqua
3047 1755 3210 1809 sentit
3237 1756 3434 1810 anima

1863 1861 1975 1900 suae
2009 1845 2285 1910 dolorem,
2317 1854 2499 1900 tacere
2528 1861 2638 1899 non
2669 1846 2892 1915 patitur.
2921 1844 3025 1911 Qui
3057 1862 3183 1901 vero
3208 1847 3435 1918 negligit

185 1962 413 2032 quimur
443 1961 584 2015 inter
606 1975 706 2015 nos
727 2000 741 2023 ,
767 1959 854 2013 ille
883 1959 1205 2013 instruetur.
1245 1955 1346 2010 Sed
1377 1964 1556 2010 tamen
1587 1955 1762 2026 primo

1870 1940 2096 1993 salutem
2127 1953 2304 2003 suam,
2342 1940 2387 1994 si
2433 1939 2770 2008 interrogare
2800 1948 3045 2008 cogatur,
3078 1940 3214 1993 nihil
3240 1956 3304 1994 ex
3331 1941 3432 1994 hoc

187 2052 460 2122 quiescite
481 2062 590 2115 ,,ut
617 2052 664 2106 si
697 2051 834 2107 forte
864 2052 980 2122 ipse
1011 2051 1260 2105 videatur
1288 2050 1494 2120 aliquid
1526 2050 1760 2104 interro-

189 2159 364 2214 gare;
396 2142 543 2213 quod
573 2143 618 2198 si
654 2142 872 2206 fecerit,
923 2143 1101 2212 aptior
1141 2140 1247 2197 erit
1286 2140 1557 2196 sermonis
1596 2155 1760 2194 occa-

189 2236 309 2303 sio;
346 2236 395 2289 si
429 2250 559 2290 vero
598 2234 715 2305 ipse
755 2235 891 2288 nihil
930 2235 1158 2304 quarrit,
1207 2249 1308 2289 nos
1353 2234 1420 2287 ab
1463 2235 1758 2298 alterutro,

189 2329 340 2386 sicut
381 2327 524 2390 dixi,
569 2327 780 2382 discere
830 2327 1034 2397 aliquid
1084 2327 1327 2380 volentes
1382 2339 1636 2394 rogemus
1681 2323 1762 2376 vi-

188 2421 405 2476 cissim.
450 2418 580 2473 Mihi
624 2419 698 2472 ita
734 2419 972 2484 videtur,
999 2418 1165 2472 etiam
1199 2416 1355 2471 vobis
1385 2415 1514 2486 quid
1548 2417 1761 2487 placeat

189 2508 386 2565 dicite.

261 2601 356 2658 Ill.
395 2599 644 2671 Cumque
695 2598 1163 2655 collaudassemus
1203 2599 1322 2668 eius
1369 2606 1576 2654 rectum
1631 2614 1764 2650 con-

193 2693 383 2748 silium
408 2732 422 2754 ,
454 2708 556 2762 ego
589 2691 842 2747 Clemens
880 2692 968 2746 aio
998 2710 1011 2746 :
1055 2690 1113 2745 In
1151 2690 1406 2746 omnibus
1441 2691 1605 2745 rebus
1645 2692 1764 2760 plu-

191 2783 336 2836 rima
369 2799 437 2837 ex
467 2793 620 2854 parte
651 2782 716 2837 ad
749 2784 967 2838 initium
997 2783 1224 2853 respicit
1258 2782 1384 2837 linis
1407 2823 1420 2847 ,
1455 2783 1766 2852 similisque

195 2874 485 2944 principiis
529 2891 710 2930 rerum
763 2877 944 2931 exitus
984 2875 1184 2941 datur;
1241 2891 1402 2944 spero
1444 2891 1575 2944 ergo
1602 2876 1764 2930 etiam

195 2967 351 3020 circa
381 2978 588 3036 patrem
624 2973 873 3020 nostrum
902 3006 915 3029 ,
951 2967 1212 3036 quoniam
1243 2981 1340 3035 per
1372 2975 1421 3020 te
1450 2965 1594 3020 Deus
1624 2967 1765 3020 bona

198 3057 360 3112 initia
399 3058 586 3122 dedit,
619 3057 703 3112 his
735 3072 1033 3128 congruum
1064 3073 1230 3127 seque
1257 3057 1479 3127 dignum
1507 3058 1770 3128 largietur

197 3155 248 3202 et
276 3147 458 3203 ﬁnem.
482 3147 862 3205 Verumtamen
887 3149 1050 3204 etiam
1077 3149 1208 3204 illud
1240 3167 1492 3220 suggero,
1510 3152 1578 3216 si,
1604 3159 1663 3204 ut
1686 3153 1770 3206 di-

197 3238 363 3304 xisti,
395 3239 750 3308 cmperimus,
784 3248 1051 3310 prasente
1087 3248 1274 3309 patre,
1307 3241 1466 3310 quasi
1494 3241 1637 3295 inter
1666 3257 1767 3297 nos

1861 2031 2081 2085 utilitati
2104 2031 2223 2100 ejus
2254 2030 2555 2095 confertur,
2581 2031 2685 2084 nisi
2716 2030 2816 2083 hoc
2843 2030 3126 2100 solum,.ut
3151 2031 3435 2086 studiosus

1860 2139 1984 2179 esse
2034 2123 2287 2178 videatur
2320 2130 2374 2178 et
2426 2123 2677 2194 diligens.
2709 2122 3072 2187 Quamobrem
3112 2131 3170 2177 tu
3216 2123 3262 2180 si
3299 2123 3434 2195 quid

1861 2217 2075 2272 discere
2103 2217 2206 2281 vis,
2239 2216 2475 2286 require.

1932 2308 1997 2364 V.
2033 2308 2098 2362 Et
2123 2324 2288 2363 senex
2325 2309 2398 2362 ait
2432 2325 2442 2359 :
2477 2307 2569 2362 Est
2598 2307 2818 2378 quidam
2847 2325 3027 2364 sermo
3051 2311 3191 2381 apud
3216 2309 3436 2369 Gracc-

1862 2416 1983 2454 rum
2016 2401 2373 2472 philosophos
2398 2401 2475 2471 (7)
2514 2402 2811 2456 vehemens
2850 2403 3028 2466 valde,
3063 2404 3157 2474 qui
3189 2404 3345 2470 dicit,
3379 2407 3434 2461 in

1861 2495 1972 2549 vita
2014 2495 2296 2548 hominum
2346 2511 2404 2549 re
2450 2495 2566 2566 ipsa
2597 2511 2774 2564 neque
2815 2495 3019 2550 bonum
3055 2512 3177 2552 esse
3203 2498 3433 2562 aliquid,

1865 2604 2041 2658 neque
2073 2589 2310 2654 malum;
2342 2587 2435 2643 sed
2468 2603 2590 2658 quae
2625 2589 2880 2642 videntur
2914 2589 3226 2644 hominibus
3252 2605 3356 2644 usu
3385 2598 3439 2646 et

1865 2681 2263 2735 consuetudine
2293 2681 2586 2749 praeventis
2612 2682 2758 2746 vitae,
2794 2682 2906 2736 haec
2949 2690 3043 2736 aut
3075 2683 3216 2737 mala
3248 2683 3441 2739 dicunt

1865 2779 1959 2826 aut
2002 2771 2161 2826 bona.
2203 2771 2340 2825 Nam
2383 2787 2559 2841 neque
2600 2773 2953 2829 homicidium
2997 2790 3187 2830 revera
3233 2778 3438 2833 malum

1865 2868 1968 2925 est,
2001 2861 2128 2931 quia
2152 2862 2388 2914 animam
2412 2863 2645 2918 vinculis
2677 2865 2860 2918 carnis
2890 2864 3158 2932 absolvit;
3183 2867 3439 2936 denique,

1867 2953 2040 3015 aiunt,
2073 2964 2126 3007 et
2164 2952 2298 3020 justi
2330 2952 2532 3023 quique
2567 2953 2782 3022 judices
2821 2963 3113 3024 peccantes
3145 2957 3439 3027 perimunt.

1868 3042 2024 3111 Quod
2057 3044 2102 3097 si
2129 3043 2487 3098 homicidium
2521 3047 2725 3100 scirent
2760 3048 2964 3100 malum
3006 3063 3161 3112 esse,
3191 3063 3303 3103 non
3333 3051 3443 3104 uti-

1868 3149 1972 3203 que
2015 3133 2070 3187 id
2110 3133 2246 3202 justi
2281 3120 2532 3190 homines
2575 3136 2836 3192 facerent.
2877 3137 3062 3208 Neque.
3109 3140 3440 3197 adulterium

1870 3227 2074 3280 malum
2099 3241 2220 3281 esse
2247 3227 2437 3280 dicunt
2463 3246 2474 3281 :
2506 3229 2550 3282 si
2575 3230 2719 3283 enim
2749 3231 3060 3300 ignoretvir
3085 3241 3177 3287 aut
3209 3249 3318 3289 non
3345 3250 3444 3290 cu-

199 3329 409 3399 aliquid
443 3307 710 3384 tractandi
742 3307 826 3384 vel
861 3307 1105 3385 discendi
1143 3307 1338 3402 gratia—
1357 3334 1501 3402 loqui
1528 3373 1544 3396 ,
1595 3342 1651 3387 tu
1692 3336 1765 3389 mi

1873 3325 1978 3380 ret,
2009 3318 2168 3382 nihil,
2204 3319 2376 3383 aiunt,
2411 3320 2540 3372 mali
2574 3331 2678 3375 est.
2719 3318 2823 3375 Sed
2864 3338 3041 3392 neque
3076 3323 3283 3378 furtum
3327 3342 3444 3381 ma-

200 3418 422 3476 domine
455 3421 616 3476 Petre
637 3462 650 3486 ,
684 3437 792 3476 non
832 3423 1001 3478 debes
1025 3439 1148 3479 eum
1178 3426 1355 3479 locum
1387 3441 1546 3496 agere
1566 3468 1580 3490 ,
1609 3431 1770 3496 quasi

202 3511 294 3579 qui
318 3509 529 3566 discere
553 3510 756 3580 aliquid
781 3510 982 3567 debeas
1008 3533 1021 3580 ;
1043 3514 1147 3567 hoc
1168 3514 1313 3568 enim
1340 3515 1383 3568 si
1411 3515 1623 3581 videat,
1658 3515 1771 3571 for-

202 3611 350 3658 tasse
377 3603 553 3673 magis
588 3602 893 3660 offendetur
919 3645 933 3669 ,
978 3614 1162 3661 certus
1198 3615 1283 3661 est
1320 3607 1465 3661 enim
1500 3616 1554 3660 te
1591 3609 1771 3662 omnia

203 3696 347 3751 scire
374 3695 683 3766 diligenter,
717 3692 874 3751 sicut
895 3705 946 3752 et
976 3714 1104 3752 vere
1130 3709 1232 3753 est.
1267 3699 1436 3764 Quale
1470 3715 1600 3769 ergo
1632 3700 1770 3765 erit,

203 3788 249 3842 si
279 3796 334 3844 te
361 3788 545 3843 videat
573 3790 934 3860 ignorantiam
964 3791 1356 3845 simulantem?
1384 3791 1497 3846 Hoc
1526 3808 1648 3846 eum
1671 3831 1685 3855 ,
1715 3802 1774 3846 ut

204 3877 348 3942 dixi,
396 3880 570 3950 magis
618 3880 811 3934 laedere
844 3882 1073 3950 poterit,
1112 3881 1448 3935 nescientem
1485 3882 1773 3935 consilium

203 3977 381 4024 tuum.
412 3967 516 4024 Sed
543 3987 640 4024 nos
670 3971 888 4039 quidem
925 3972 1121 4026 fratres
1152 3973 1292 4026 inter
1329 3988 1431 4027 nos
1462 3987 1771 4028 sermonem

205 4063 505 4122 habentes.
545 4065 588 4116 si
619 4063 672 4116 in
709 4065 890 4134 aliquo
930 4055 1275 4128 dubitemus,
1317 4081 1345 4118 a
1388 4074 1441 4119 te
1486 4066 1774 4135 quarstioni

207 4165 409 4210 nostra!
461 4154 583 4210 ﬁnis
632 4169 906 4223 congruus
954 4156 1156 4222 detur;
1190 4172 1315 4209 nam
1355 4164 1409 4210 et
1456 4157 1502 4209 si
1549 4164 1601 4210 te
1639 4172 1776 4210 cun-

208 4253 446 4299 ctantem
474 4245 652 4299 videat
683 4253 774 4299 aut
802 4245 1136 4301 dubitantem
1163 4287 1178 4312 ,
1213 4256 1342 4303 tunc
1371 4262 1496 4301 vere
1526 4246 1733 4317 putabit
1757 4285 1772 4309 ,

211 4337 356 4406 quod
389 4337 534 4406 apud
567 4339 773 4391 nullum
805 4339 911 4393 erit
944 4339 1170 4393 scientia
1203 4339 1468 4394 veritatis.

280 4428 370 4483 IV.
423 4427 490 4481 Et
540 4428 733 4484 Petrus
782 4429 847 4483 ad
899 4430 1013 4484 haec
1071 4430 1396 4500 respondit:
1445 4429 1775 4485 Omittamus

212 4522 324 4577 hac
346 4561 361 4585 ,
391 4529 446 4577 et
478 4523 524 4576 si
554 4521 770 4593 quidem
803 4521 1027 4591 dignum
1084 4510 1167 4576 est
1206 4530 1266 4575 ut
1305 4522 1641 4591 ingrediatur
1686 4519 1774 4589 ja-

212 4630 373 4669 nuam
407 4617 557 4677 vitae,
595 4613 737 4669 Deus
766 4615 1112 4669 occasionem
1152 4624 1550 4684 competentem
1586 4613 1773 4678 dabit,

1873 3408 1984 3463 lum
2028 3425 2192 3464 esse:
2226 3410 2374 3480 quod
2402 3410 2548 3466 enim
2591 3411 2744 3466 deest
2783 3413 2968 3480 alicui,
3019 3417 3195 3470 aufert
3226 3418 3291 3471 al:
3334 3418 3444 3471 alio

1873 3502 1965 3570 qui
2013 3501 2207 3566 habet,
2243 3502 2386 3572 quod
2431 3502 2648 3572 quidem
2690 3507 2974 3574 oportebat
3011 3508 3181 3563 libere
3213 3511 3352 3563 sumi
3389 3517 3443 3565 et

1871 3595 2121 3668 publice;
2157 3596 2251 3649 sed
2283 3596 2410 3665 quia
2443 3597 2656 3650 occulte
2681 3597 2760 3659 fit,
2794 3599 2848 3652 in
2887 3599 2988 3652 hoc
3030 3601 3203 3671 magis
3236 3602 3382 3656 illius
3412 3617 3442 3656 a

1872 3704 1981 3760 quo
2012 3689 2150 3742 clam
2188 3687 2433 3742 aufertur
2465 3689 2840 3743 inhumanitas
2876 3691 3243 3760 redarguitur.
3280 3693 3443 3747 Com-

1875 3783 2057 3837 munis
2090 3781 2235 3835 enim
2269 3797 2400 3834 usus
2431 3781 2674 3834 omnium
2699 3798 2818 3850 qua:
2846 3792 2973 3837 sunt
2999 3784 3052 3838 in
3082 3785 3186 3839 hoc
3216 3787 3441 3851 mundo,

1874 3873 2127 3927 omnibus
2149 3889 2271 3927 esse
2295 3873 2604 3926 hominibus
2628 3873 2846 3941 debuit;
2870 3875 2962 3929 sed
2987 3892 3081 3944 per
3105 3877 3443 3947 iniquitatem

1874 3965 2014 4019 alius
2043 3965 2144 4017 hoc
2175 3980 2332 4024 suum
2363 3965 2496 4018 dicit
2521 3981 2668 4033 esse,
2692 3976 2743 4018 et
2766 3967 2904 4020 alius
2931 3968 3084 4032 illud,
3112 3977 3165 4024 et
3193 3972 3273 4023 sic
3305 3973 3447 4025 inter

1878 4058 2136 4111 mortales
2166 4057 2368 4111 divisio
2408 4057 2550 4110 facta
2587 4064 2689 4113 est.
2723 4057 2964 4127 Denique
2997 4059 3306 4116 Graecorum
3331 4064 3446 4133 qui-

1880 4151 2003 4206 dam
2059 4150 2500 4221 sapientissimus
2546 4151 2622 4222 (8)
2667 4150 2782 4204 haec
2826 4152 2899 4204 ita
2933 4154 3113 4208 sciens
3153 4170 3309 4218 esse,
3345 4158 3441 4221 ait,

1877 4247 2188 4298 communia
2219 4244 2416 4299 debere
2439 4259 2561 4298 esse
2593 4245 2894 4300 amicorum
2927 4247 3146 4315 omnia;
3183 4250 3234 4303 in
3268 4252 3446 4306 omni-

1877 4341 1983 4396 bus
2022 4349 2202 4404 autem
2241 4349 2369 4396 sunt
2413 4343 2529 4396 sine
2574 4342 2738 4395 dubio
2768 4352 2820 4396 et
2865 4343 3144 4412 conjuges.
3189 4342 3254 4396 Et
3301 4345 3445 4398 sicut

1879 4448 1986 4485 non
2021 4439 2219 4500 potest,
2254 4432 2450 4500 inquit,
2481 4432 2647 4485 dividi
2679 4447 2772 4485 aer
2795 4447 2970 4501 neque
3003 4432 3261 4501 Splendor
3289 4433 3442 4497 solis,

1880 4525 1954 4578 ita
1979 4540 2082 4579 nec
2114 4525 2320 4593 reliqua
2353 4538 2473 4593 quae
2503 4523 2866 4578 communiter
2892 4524 2945 4577 in
2973 4523 3073 4577 hoc
3095 4523 3296 4577 mundo
3319 4525 3446 4578 data

1882 4623 2010 4669 sunt
2063 4614 2320 4688 omnibus
2371 4615 2436 4668 ad
2492 4614 2838 4677 habendum,
2883 4614 3051 4668 dividi
3094 4613 3312 4678 debere,
3349 4615 3444 4669 sed

215 4709 426 4778 eritque
453 4707 670 4761 initium
699 4723 764 4762 ex
794 4707 906 4762 Deo
933 4715 988 4762 et
1018 4724 1126 4761 non
1163 4724 1228 4762 ex
1259 4709 1498 4763 homine.
1537 4707 1600 4759 Et
1634 4708 1774 4770 ideo,
1807 4681 1851 4734 D
1883 4706 2128 4760 habenda
2161 4721 2282 4761 esse
2309 4706 2636 4760 communia.
2674 4705 2796 4760 “(ec
2842 4713 3022 4760 autem
3069 4705 3247 4760 dicere
3274 4705 3441 4769 volui,

1542 4884 1907 4941 COTE‘LERII
1950 4882 2181 4938 NOT/E.

289 5069 363 5138 (7)
410 5067 501 5120 Est
523 5067 733 5138 quidam
765 5082 929 5120 sermo
949 5066 1086 5138 apud
1106 5066 1775 5138 ercorumphilosophos.

219 5135 563 5200 Archelaum,
595 5138 943 5208 Cyrenaicos.
975 5135 1314 5192 Theodorum
1358 5136 1534 5198 ἄθεον,
1566 5145 1618 5189 et
1652 5138 1780 5206 Pyr-

220 5209 443 5262 rhonios
474 5228 487 5261 :
518 5225 746 5278 quorum
774 5207 1036 5278 insaniam
1070 5208 1238 5261 secuti
1272 5215 1397 5261 sunt
1429 5217 1611 5274 postea
1635 5207 1774 5278 (inoo

221 5278 546 5362 stic_i..Atq.ue
564 5278 967 5362 lllleCl‘pllBJlll
994 5277 1210 5362 elegans
1229 5277 1639 5362 Apoplitliegnia
1656 5277 1781 5362 Hie—

222 5349 386 5401 roclis
413 5345 636 5402 relatum
673 5345 724 5400 in
760 5348 944 5415 Agellii
992 5345 1246 5400 Noctibus
1273 5345 1383 5402 ’lib.
1418 5363 1492 5408 Ix,
1526 5365 1572 5398 4'.
1610 5348 1660 5404 5.
1697 5349 1781 5401 his

224 5419 402 5498 verbis
429 5437 444 5498 _:
475 5418 683 5498 Taurus
728 5427 898 5470 autem
945 5418 1357 5498 nostqr,quoties
1382 5416 1553 5498 .{qctla
1589 5420 1780 5498 mentio

223 5486 440 5553 Epicuri
485 5499 636 5554 esset,
667 5488 720 5540 in
767 5504 854 5539 ore
887 5497 1038 5554 atque
1069 5486 1120 5540 in
1150 5487 1329 5557 lingua
1373 5487 1592 5539 habebat
1632 5489 1783 5541 verba

220 5558 331 5611 haec
367 5557 623 5611 Hieroclis
657 5558 840 5621 Stoici,
872 5558 966 5610 viri
1008 5559 1177 5610 sancti
1215 5569 1262 5610 et
1303 5558 1474 5625 gravis
1505 5573 1521 5608 :
1565 5559 1782 5620 Ἡδονῆς

224 5629 370 5698 τέλος
416 5627 615 5698 πρρνης
654 5628 845 5698 δόγμα.
877 5627 988 5680 Οὸκ
1017 5629 1131 5679 ἔστι
1157 5627 1378 5698 πορνεία
1406 5627 1554 5679 οὐδὲν
1583 5629 1785 5698 πόρνης

225 5697 415 5765 δόγμα.
453 5697 761 5751 Dummodo
799 5715 862 5750 ex
915 5711 1032 5749 mea
1091 5697 1344 5765 opinione
1392 5698 1465 5749 ita
1527 5697 1781 5765 legatur:

239 5768 867 5848 :fiaovqtéloqjtdpvqg
891 5766 1230 5848 oévpa._0i_ax
1272 5767 1386 5819 ἔστι
1434 5768 1658 5848 capva-ia
1697 5767 1785 5819 οὺ-

375 5819 792 5908 animum;
817 5819 1060 5904 i’olupt‘as
1091 5819 1209 5904 ﬁnis
1229 5856 1244 5887 :
1264 5819 1544 5890 meretricis
1573 5819 1783 5908 dogma.

232 5905 478 5967 Stuprum
510 5905 637 5962 nihil
669 5905 738 5961 est
769 5929 780 5960 .’
810 5910 1087 5961 meretricis
1118 5909 1326 5976 dogma.
1364 5913 1427 5959 At
1461 5909 1576 5962 viro
1609 5905 1786 5974 magni

1887 5066 2086 5136 ingenii
2119 5081 2430 5135 magnaeque
2452 5063 2709 5117 doctrinae
2731 5063 2923 5118 Joanni
2948 5063 3222 5118 Pearsono
3241 5066 3292 5119 in
3316 5065 3450 5122 Pro—
3477 5092 3486 5097 -

1887 5138 2183 5192 leaomenis
2231 5137 2297 5189 ad
2357 5136 2655 5189 Hieroclem
2693 5135 2906 5188 videtur
2954 5137 3153 5192 corrigi
3203 5137 3285 5190 de.
3309 5154 3446 5192 ere:

1895 5152 1935 5190 le
1973 5152 2183 5189 oments
2231 5152 2297 5189 at)
2357 5152 2655 5189 mercetem
2693 5152 2906 5188 vinctur
2954 5152 3097 5189 corrt
3142 5153 3153 5186 ι
3203 5152 3285 5190 (te.
3309 5154 3445 5192 ere:

1895 5154 2081 5277 'l-fdovij
2107 5206 2255 5269 τέλος
2274 5223 2286 5235 °
2307 5207 2509 5277 πρρνης
2536 5205 2724 5277 δόγμα.
2747 5205 2858 5258 Οὐκ
2887 5206 2999 5258 ἔστι
3022 5152 3244 5276 πρὲνοια
3267 5209 3445 5261 οὐδέν·

1882 5276 2086 5349 πόρνης
2112 5276 2554 5346 δόγμα.Ε]υε‹ιυε
2586 5276 2868 5330 lectionem
2901 5279 3077 5329 lirniat
3109 5280 3277 5332 codex
3310 5279 3447 5332 Tor-

1882 5363 2171 5401 nassranus.

1955 5419 2031 5488 (8)
2072 5416 2370 5471 Gra'corum
2433 5420 2644 5488 quidam
2695 5417 3130 5488 sapientissimus.
3168 5417 3448 5488 iSocrates

1886 5481 2026 5558 apud
2085 5487 2362 5542 Platonem
2414 5481 2469 5542 in
2528 5503 2688 5556 opere
2720 5487 2795 5540 De
2835 5488 3114 5554 republica.
3151 5487 3299 5553 Quos
3329 5481 3452 5542 ideo
3522 5500 3531 5509 '

1886 5567 2121 5627 arguunt
2152 5559 2364 5627 plurimi
2398 5577 2410 5612 :
2446 5558 2734 5612 defendere
2763 5574 2889 5611 vero
2931 5565 3196 5610 conantur
3231 5559 3358 5623 alii;
3391 5568 3450 5611 ut

1888 5630 2100 5683 discere
2122 5637 2206 5682 est
2232 5644 2296 5682 ex
2319 5630 2547 5682 lectione
2563 5628 2857 5682 Clementis
2878 5629 3228 5682 Alexandrini
3247 5627 3450 5683 Strom.

1891 5715 1973 5778 tu.
2009 5714 2126 5778 pag.
2149 5698 2284 5778 .439,
2444 5718 2462 5778 ;_
2489 5699 2713 5778 Arriani
2816 5697 3051 5778 {Epicteto
3077 5699 3168 5752 lib.
3202 5713 3269 5778 t_t_._
3295 5714 3344 5754 c.
3376 5697 3451 5766 4;

1893 5767 2114 5822 Luciani
2149 5770 2199 5820 in
2235 5768 2524 5838 Fugitivis;
2559 5767 2772 5821 Eusebii
2807 5767 3184 5838 Pra’p.evan;.
3218 5771 3452 5833 litum,

1893 5855 1942 5893 c.
1983 5839 2423 5902 19:1heodoriti
2469 5837 2728 5892 Sermone
2771 5839 2842 5891 De
2888 5839 3105 5908 legibus,
3138 5837 3206 5895 ac
3253 5839 3452 5897 Niceti

1893 5910 2169 5964 Choniata!
2197 5911 2284 5963 lib.
2322 5927 2374 5963 iv
2409 5909 2682 5974 Thesauri,
2712 5925 2760 5961 r.
2802 5909 2886 5966 l0.
