4078 6336
588 442 726 498 1415

571 555 828 626 quoniam
854 548 1071 620 quidem
1101 545 1224 612 cupi

569 620 722 711 dum,
750 651 805 698 et
836 657 944 696 non
981 651 1203 710 possum
1237 633 1374 688 bene
1420 645 1599 700 agere,
1648 627 1755 682 nisi
1805 625 1957 695 prius
1989 620 2132 676 didi-

570 749 698 790 cero
732 732 861 803 quid
898 732 969 784 sit
1007 729 1241 789 bonum;
1271 721 1414 792 quod
1460 721 1505 774 si
1552 719 1851 784 intelligere
1885 718 2132 783 potuero,

569 844 637 883 ex
666 827 784 897 ipso
811 824 973 879 etiam
999 818 1128 891 quid
1159 817 1232 872 sit
1262 815 1486 875 malum,
1520 813 1624 864 hoc
1657 818 1740 864 est
1765 808 1891 860 huic
1917 814 2137 863 contra-

572 919 738 980 rium,
765 917 1064 968 advertam.

644 1007 736 1063 Vl.
765 1006 962 1059 Verum
1002 1001 1066 1055 ad
1119 1001 1232 1054 haec
1263 1012 1383 1067 qua:
1412 995 1544 1058 diri,
1593 1006 1759 1046 unum
1788 1004 1818 1042 e
1858 986 2011 1040 vobis
2048 999 2137 1037 re-

576 1097 841 1168 spondere
875 1095 1016 1156 volo,
1042 1105 1149 1145 non
1179 1088 1428 1150 Petrum;
1465 1099 1575 1138 non
1600 1084 1745 1137 enim
1782 1081 2004 1148 dignum
2035 1084 2140 1140 est,

577 1192 648 1245 ab
695 1190 787 1241 illo
834 1185 997 1240 verba
1029 1192 1083 1235 et
1111 1179 1415 1233 doctrinam
1461 1189 1582 1228 cum
1628 1169 2022 1239 quaestionibus
2050 1182 2143 1220 ca-

579 1296 726 1350 pere,
759 1277 855 1332 sed
899 1275 988 1328 ille
1024 1274 1071 1327 si
1114 1269 1247 1341 quid
1299 1264 1763 1338 pronuntiaverit,
1796 1263 1900 1314 hoc
1935 1262 2143 1326 absque

580 1348 758 1439 aliqua
806 1364 1193 1420 retractatione
1237 1366 1506 1412 teneatur.
1543 1355 1606 1406 Et
1656 1352 1776 1406 ideo
1827 1352 1940 1418 ipse
1986 1348 2146 1402 nobis

582 1467 828 1516 servetbr
855 1454 1010 1524 quasi
1051 1451 1276 1515 arbiter,
1307 1456 1367 1501 ut
1405 1445 1581 1501 sicubi
1626 1442 1918 1512 disputatio
1960 1448 2148 1492 nostra

582 1553 786 1608 exitum
821 1563 927 1601 non
963 1543 1260 1603 invenerit,
1295 1540 1411 1609 ipse
1449 1536 1593 1606 quod
1632 1536 1737 1589 sibi
1774 1533 1949 1586 visum
1985 1527 2147 1582 fuerit

586 1640 978 1714 pronuntians,
1026 1635 1391 1688 indubitatum
1432 1630 1595 1683 finem
1624 1626 1788 1681 rebus
1836 1623 2014 1676 dubiis
2045 1621 2148 1673 im-

585 1711 766 1800 ponat.
801 1727 866 1782 Et
913 1739 1061 1780 nunc
1106 1737 1235 1792 ergo
1288 1735 1503 1790 possem
1556 1722 1672 1772 Sola
1722 1716 1841 1784 ejus
1879 1711 2147 1768 sententia

583 1830 872 1879 contentus
907 1818 1148 1880 credere,
1183 1816 1228 1869 si
1257 1811 1386 1884 quid
1427 1813 1476 1866 ei
1507 1810 1800 1872 videretur,
1830 1805 1974 1876 quod
1997 1811 2053 1858 et
2081 1802 2149 1855 ad

585 1916 832 1968 ultimum
881 1910 1112 1974 faciam;
1159 1907 1284 1960 volo
1319 1912 1502 1958 tamen
1537 1903 1690 1972 prius
1736 1899 1938 1961 videre,
1975 1896 2022 1950 si
2069 1904 2152 1949 est
2184 1871 2225 1925 Β

583 2003 843 2073 pOssibile
883 1994 1212 2067 disputando
1246 1994 1489 2047 invenire
1521 1991 1668 2060 quod
1703 1987 1984 2060 quaeritur.
2027 1983 2150 2037 Pla-

583 2104 668 2150 cet
703 2107 832 2162 ergo
866 2100 928 2142 nt
959 2089 1211 2143 Clemens
1255 2085 1462 2156 primus
1491 2082 1747 2150 incipiat,
1776 2088 1830 2133 et
1875 2076 2148 2140 ostendat,

586 2189 632 2241 si
659 2192 743 2240 est
776 2182 981 2252 aliquid
1027 2182 1082 2236 in
1129 2176 1437 2235 substantia
1472 2183 1525 2230 et
1560 2175 1774 2229 actibus
1817 2172 2018 2226 bonum
2068 2170 2154 2224 vel

585 2278 813 2331 malum.

663 2366 767 2420 Vll.
807 2365 885 2418 Ad
924 2366 1036 2419 haec
1076 2378 1180 2432 ego
1218 2359 1472 2431 respondi
1511 2375 1523 2409 :
1555 2356 1821 2423 Quoniam
1865 2353 2085 2425 quidem
2121 2367 2151 2405 ι

593 2478 678 2516 me
711 2460 793 2513 vis
822 2458 1056 2518 discere,
1086 2455 1132 2508 si
1168 2462 1251 2507 est
1295 2449 1502 2520 aliquid
1546 2457 1737 2502 natura
1773 2455 1864 2500 aut
1898 2455 2023 2498 actu
2057 2443 2153 2496 bon

591 2571 716 2609 num
747 2553 828 2607 vel
852 2552 1076 2613 malum,
1104 2563 1172 2601 an
1201 2546 1380 2616 potius
1408 2558 1509 2597 usu
1536 2542 1820 2612 praeventis
1845 2538 2154 2592 hominibus

591 2649 728 2703 bona
752 2642 997 2713 quaedam
1030 2648 1081 2694 et
1126 2639 1230 2692 alia
1277 2637 1530 2690 videntur
1567 2634 1730 2695 mala,
1777 2646 1875 2700 pro
1919 2645 1982 2684 eo
2010 2629 2154 2697 quod

591 2738 909 2793 divisionem
936 2735 1077 2788 inter
1111 2747 1169 2786 se
1201 2745 1385 2785 rerum
1415 2729 1589 2783 fecere
1621 2725 2010 2785 communium,
2037 2738 2155 2792 qua:

593 2830 873 2893 deberent,
927 2833 984 2879 ut
1029 2825 1131 2889 ais,
1179 2825 1253 2877 ita
1300 2836 1422 2876 esse
1464 2819 1799 2878 communia,
1849 2824 1906 2869 ut
1957 2830 2050 2868 aer
2105 2821 2156 2867 et

543 2976 547 2980 .
597 2921 852 2991 splendor
887 2920 1050 2983 solis;
1090 2922 1220 2985 puto
1252 2912 1397 2984 quod
1433 2928 1542 2966 non
1571 2910 1794 2964 debeam
1819 2909 1914 2961 tibi
1941 2907 2158 2960 aliunde

595 3012 927 3067 assertioncs
961 3007 1239 3070 adhibere,
1276 3005 1379 3058 nisi
1407 3018 1472 3056 ex
1514 3002 1598 3054 his
1632 2999 1935 3068 disciplinis
1961 2995 2158 3064 quibus

597 3104 712 3173 ipse
748 3101 920 3155 uteris
955 3107 1006 3153 et
1039 3111 1176 3167 quas
1225 3095 1340 3164 ipse
1396 3090 1806 3152 conﬁrnias,~et
1855 3085 2157 3140 indubitata

600 3193 694 3247 tibi
731 3194 841 3246 sint
885 3203 1006 3259 quae
1053 3187 1331 3241 dicuntur.
1359 3181 1613 3236 Omnium
1659 3180 2052 3234 elementorum
2104 3184 2158 3230 et

597 3283 876 3340 stellarum
915 3285 1092 3333 certos
1128 3273 1331 3346 ponitis
1367 3272 1521 3335 fines,
1566 3283 1811 3340 quasque
1857 3268 2040 3323 stellas
2073 3265 2159 3320 di-

597 3376 719 3430 citis
754 3375 808 3428 in
843 3369 1164 3442 quibusdam
1194 3368 1400 3430 absque
1427 3377 1566 3418 noxa
1589 3361 1736 3414 coire
1764 3361 1904 3414 sicut
1941 3359 1995 3412 in
2030 3374 2152 3413 con-

594 3467 781 3536 iugiis,
813 3465 866 3516 in
888 3457 1011 3516 aliis
1039 3475 1166 3515 vero
1189 3458 1347 3512 noxie
1374 3454 1589 3509 misceri
1616 3455 1754 3506 sicut
1779 3451 1830 3504 in
1859 3451 2159 3508 adulteriis.

576 3549 669 3611 ‘Et
715 3554 898 3610 dicitis
931 3552 1177 3624 quadam
1225 3549 1500 3619 generalia
1535 3561 1655 3600 esse
1699 3546 1938 3598 omnium
1961 3583 1977 3607 ,
2014 3559 2162 3616 quae-

603 3649 727 3703 dam
775 3662 902 3702 vero
946 3661 1051 3699 non
1096 3644 1336 3698 omnium
1391 3656 1563 3710 neque
1609 3641 1897 3710 generalia.
1940 3638 2046 3694 Sed
2093 3656 2162 3694 ne

601 3739 809 3809 prolixa
847 3735 1144 3805 disputatio
1195 3733 1320 3796 fiat,
1371 3732 1610 3786 breviter
1647 3740 1700 3785 et
1749 3732 1815 3785 de
1872 3747 1930 3786 re
1960 3732 2159 3787 dicam.

600 3829 770 3887 Terra
795 3844 919 3900 quae
941 3827 1091 3882 arida
1125 3833 1230 3889 est,
1257 3826 1510 3895 conjugio
1534 3833 1587 3879 et
1610 3824 1932 3880 admistione
1958 3825 2162 3895 indiget

603 3937 774 3992 aquae,
803 3932 858 3974 ut
893 3920 1069 3989 possit
1112 3933 1372 3988 generare
1410 3917 1646 3983 fructus,
1685 3917 1801 3972 sine
1826 3918 2025 3988 quibus
2053 3918 2161 3972 vita

599 4013 914 4068 hominibus
948 4026 1060 4065 non
1091 4017 1210 4075 est;
1238 4017 1323 4065 est
1357 4024 1486 4079 ergo
1511 4009 1627 4064 haec
1664 4009 1897 4081 legitima
1932 4011 2164 4080 conjun-

601 4107 728 4159 ctio.
759 4104 994 4158 Econtra
1029 4104 1077 4158 si
1111 4113 1205 4157 aut
1233 4103 1439 4172 pruinae
1473 4100 1646 4171 frigus
1681 4113 1838 4156 terrae
1871 4102 2164 4157 misceatur

600 4203 695 4252 aut
727 4196 877 4250 calor
913 4197 1089 4265 aquis,
1117 4194 1430 4264 huiusmodi
1458 4195 1770 4263 conjunctio
1797 4193 2161 4263 corruptelam

600 4285 764 4351 facit;
792 4292 846 4339 et
881 4284 982 4339 hoc
1008 4285 1062 4337 in
1094 4284 1292 4339 talibus
1317 4283 1642 4338 adulterium
1671 4291 1775 4338 est.

671 4373 806 4431 VIII.
836 4375 901 4429 Et
936 4386 1087 4447 pater
1112 4375 1390 4447 respondit
1428 4391 1442 4427 :
1472 4375 1577 4430 Sed
1604 4375 1748 4430 sicut
1768 4375 2160 4431 elementarum

600 4469 682 4522 vel
711 4467 989 4522 stellarum
1041 4467 1357 4522 inconsonae
1388 4467 1790 4536 coniunctionis
1825 4466 2008 4521 statim
2037 4481 2163 4536 pro-

599 4559 746 4613 ditur
773 4573 938 4620 noxa,
963 4566 1038 4613 ita
1063 4558 1282 4613 deberet
1305 4568 1359 4614 et
1385 4558 1714 4613 adulterium
1744 4559 1926 4613 statim
1946 4555 2160 4611 ostendi
2193 4536 2236 4591 ἶ)

600 4665 763 4721 quam
799 4650 997 4704 malum
1022 4663 1124 4704 est.
1158 4649 1224 4703 Et
1250 4665 1350 4720 ego
1375 4650 1460 4703 aio
1489 4665 1500 4701 :
1534 4648 1648 4704 Hoc
1679 4650 1810 4704 mihi
1837 4650 2012 4720 primo
2037 4663 2165 4704 con-

605 4740 786 4802 firma,
815 4733 972 4803 si,'ut
995 4742 1157 4794 etiam
1187 4742 1302 4809 ipse
1334 4739 1622 4795 confessus
1657 4754 1739 4802 es,
1771 4755 1836 4793 ex
1863 4739 2161 4809 incongrua

599 4840 653 4885 ct
676 4831 977 4885 inconsona
1019 4829 1348 4885 admistione
1381 4822 1896 4896 efﬁciuntur'mala,
1924 4837 1977 4884 et
2011 4829 2162 4884 istud

601 4922 655 4975 in
689 4921 1152 4991 consequentibus
1186 4923 1512 4991 requiretur.
1539 4921 1603 4976 Et
1656 4927 1808 4991 pater
1853 4920 1928 4974 ait
1958 4939 1971 4974 :
1998 4918 2068 4974 Ut
2103 4935 2160 4974 se

599 5013 762 5069 habet
788 5013 865 5068 rei
912 5020 1128 5076 natura,
1159 5013 1233 5066 ita
1282 5011 1384 5077 ais,
1423 5012 1514 5069 illi.
1545 5012 1682 5067 Tum
1719 5028 1819 5083 ego
1854 5010 2110 5082 respondi
2143 5029 2157 5064 :

602 5103 738 5170 Quia
778 5119 908 5175 ergo
942 5102 1155 5160 discere
1199 5106 1354 5176 cupis
1398 5106 1464 5161 de
1492 5105 1598 5173 his,
1648 5105 1772 5162 vide
1815 5111 2020 5175 quanta
2052 5103 2163 5158 sint

1440 427 1492 481 S.
1530 417 1967 479 CLEMENTIS]
2003 413 2169 467 ROM.
2203 408 2404 468 PONT.
2442 402 2666 458 OPEBA
2705 398 2926 456 DUBIA.

1227 559 1261 598 ο
1284 556 1369 596 me
1406 540 1669 594 inclinare
1697 535 1761 588 ad
1798 535 1936 588 bene
1966 544 2128 598 agen-
2159 531 2204 585 Α
2260 537 2382 590 qua
2415 519 2552 571 maia
2579 531 2699 571 esse
2734 512 2878 583 apud
2901 511 3174 565 neminem
3203 507 3541 561 dubitantur.
3569 503 3691 561 Non
3717 502 3832 559 tibi

2231 611 2456 668 videtur
2482 610 2681 662 malum
2709 620 2830 660 esse
2865 601 3032 657 febris
3051 641 3064 664 ,
3096 599 3430 660 incendium,
3458 597 3678 660 seditio,
3709 595 3831 648 rui-

3687 388 3826 441 1434

2246 719 2339 767 na,
2375 704 2551 756 caades
2573 740 2586 763 ,
2616 697 2830 752 vincula
2855 734 2867 758 ,
2913 692 3200 762 supplicia,
3235 691 3449 746 dolores
3474 729 3487 751 .
3534 690 3738 750 luctus,
3785 694 3840 742 et

2245 797 2333 851 his
2376 794 2612 851 similia?
2658 790 2723 844 Et
2753 802 2906 858 pater
2933 807 2946 842 :
2976 785 3177 840 Verum
3205 798 3322 848 est,
3354 786 3547 854 inquit,
3577 784 3671 845 fili,
3710 784 3832 836 hac

2247 889 2386 941 mala
2417 900 2537 940 esse
2575 892 2630 937 et
2672 883 2828 934 valde
2868 880 3043 945 mala;
3077 885 3171 931 aut
3207 887 3356 932 certe
3391 877 3484 948 qui
3519 886 3681 945 negat
3712 874 3838 926 haec

2246 994 2368 1032 esse
2395 977 2554 1039 inala,
2585 975 2821 1046 patiatur
2848 984 2930 1025 ea.

2316 1073 2406 1128 1X.
2439 1072 2505 1126 Et
2529 1086 2629 1141 ego
2655 1066 2910 1138 respondi
2941 1085 2953 1118 :
2981 1063 3120 1130 Quia
3146 1077 3276 1131 ergo
3298 1076 3421 1113 cum
3459 1073 3522 1113 eo
3555 1053 3686 1110 mihi
3716 1067 3832 1109 sero

2251 1181 2340 1220 mo
2362 1175 2466 1227 est,
2503 1163 2597 1232 qui
2640 1161 2693 1214 in
2732 1157 3061 1226 astrologica
3111 1151 3398 1221 disciplina
3433 1148 3678 1203 eruditus
3715 1152 3828 1205 est,

2249 1259 2554 1314 secundum
2602 1257 2774 1326 ipsam
2808 1260 2988 1306 tecum
3039 1263 3194 1317 again
3216 1287 3229 1309 ,
3257 1255 3314 1298 ut
3348 1244 3414 1297 de
3446 1242 3533 1294 his
3571 1253 3693 1310 qum
3725 1235 3833 1290 tibi

2251 1351 2307 1404 in
2334 1365 2435 1404 usu
2473 1355 2604 1402 sunt
2652 1345 2924 1413 accipiens
2967 1341 3257 1402 rationem,
3293 1336 3457 1389 citius
3484 1333 3831 1401 acquiescas.

2250 1441 2393 1495 Audi
2435 1452 2582 1492 nunc
2624 1452 2774 1506 ergo.
2825 1433 3126 1488 Confessus
3157 1445 3217 1484 es
3260 1428 3399 1481 mala
3445 1439 3566 1479 esse
3601 1439 3664 1478 ea
3708 1435 3834 1491 qua

2252 1545 2419 1600 supra
2453 1528 2717 1588 diximus,
2747 1525 2798 1577 id
2824 1532 2907 1578 est
2942 1522 3141 1583 febres,
3173 1517 3442 1577 incendia,
3471 1523 3523 1568 et
3563 1514 3647 1567 his
3676 1512 3836 1567 simi-

2253 1624 2356 1688 lia;
2389 1623 2502 1678 haec
2549 1619 2850 1677 secundum
2891 1631 2990 1669 vos
3031 1611 3380 1666 amalitiosis
3407 1606 3578 1664 stellis
3603 1604 3721 1658 ﬁeri
3750 1603 3836 1656 di-

2255 1724 2479 1778 cuntur,
2532 1711 2587 1766 id
2633 1720 2717 1766 est
2749 1711 2816 1764 ab
2865 1706 3088 1762 humido
3142 1702 3378 1757 Saturno
3423 1701 3499 1769 (9)
3534 1707 3589 1752 ct
3645 1694 3836 1750 calido

2258 1808 2459 1874 Marte;
2487 1808 2681 1862 horum
2713 1819 2842 1860 vero
2865 1801 3141 1857 contraria
3168 1813 3196 1850 a
3219 1795 3466 1864 benignis
3497 1790 3609 1846 ficri
3632 1790 3837 1854 stellis,

2256 1899 2308 1954 id
2347 1906 2431 1953 est
2458 1912 2488 1950 a
2520 1900 2820 1963 temperato
2846 1889 2979 1944 Jove
2999 1897 3051 1942 et
3081 1885 3302 1941 humida
3327 1883 3568 1945 Venere;
3601 1889 3698 1932 aut
3722 1891 3838 1931 non

2258 1992 2331 2045 ita
2353 1988 2471 2045 est?
2502 1986 2566 2040 Et
2594 1992 2749 2055 pater
2779 1965 3061 2051 respondit
3105 1993 3119 2029 :
3162 1975 3236 2029 ita
3266 1983 3370 2039 est,
3401 1975 3494 2036 lili,
3529 1986 3631 2026 nec
3668 1971 3838 2024 aliter

2255 2077 2375 2131 fieri
2407 2082 2605 2144 potest.
2651 2072 2790 2125 Tum
2829 2084 2929 2139 ego
2964 2086 2976 2120 :
3009 2067 3147 2133 Quia
3186 2079 3316 2134 ergo
3367 2079 3394 2115 a
3443 2064 3601 2116 bonis
3632 2059 3834 2120 stellis.

2255 2168 2386 2224 Jove
2432 2168 2554 2222 dico
2600 2173 2655 2220 et
2685 2164 2927 2226 Venere,
2972 2163 3114 2216 bona
3162 2158 3278 2212 fieri
3315 2156 3517 2215 dicitis,
3552 2154 3840 2208 videamus

2260 2274 2600 2329 unaquaeque
2632 2257 2899 2310 malarum
2933 2254 3214 2308 stellarum
3244 2265 3368 2304 cum
3402 2249 3637 2302 admista
3670 2246 3841 2301 fuerit

2254 2354 2434 2416 bonis,
2462 2351 2593 2421 quid
2621 2358 2704 2404 est
2732 2347 2874 2418 quod
2899 2345 3093 2410 eﬂicit;
3125 2354 3180 2400 et
3214 2343 3346 2396 illud
3391 2357 3512 2396 esse
3559 2339 3840 2408 intelliga-

2261 2462 2384 2500 mus
2415 2444 2640 2498 malurn.
2673 2441 2883 2493 Etenim
2931 2437 3150 2506 nuptias
3195 2435 3375 2489 facere
3425 2432 3687 2486 Venerem
3737 2445 3842 2499 po-

2259 2540 2420 2605 nitis;
2460 2553 2582 2607 quae
2613 2536 2661 2589 si
2705 2533 2894 2587 Jovem
2927 2531 3124 2584 habeat
3168 2529 3223 2582 in
3255 2528 3533 2582 schemate
3574 2539 3696 2586 suo,
3729 2538 3841 2592 pu-

2257 2635 2408 2688 dicas
2433 2631 2659 2693 efficiat,
2693 2626 2828 2680 Jove
2871 2633 3052 2677 autem
3107 2637 3218 2676 non
3263 2619 3620 2689 respiciente,
3663 2617 3707 2670 si
3740 2615 3844 2669 ad-

2259 2727 2421 2781 fuerit
2453 2724 2617 2785 Mars,
2651 2718 2928 2787 corrumpi
2969 2715 3190 2785 nuptias
3224 2730 3319 2782 per
3349 2711 3674 2766 adulterium
3704 2723 3843 2776 pro~

2259 2817 2544 2871 nuntiatis.
2579 2813 2643 2866 Et
2671 2819 2826 2882 pater
2855 2829 2865 2862 :
2895 2807 2971 2860 Ita
3005 2822 3094 2871 se,
3123 2807 3300 2875 inquit
3323 2842 3338 2867 ,
3379 2804 3559 2857 babct.
3605 2799 3716 2870 Ego
3753 2812 3843 2852 re-

2260 2908 2454 2978 spondi
2490 2927 2502 2959 :
2537 2904 2680 2974 Ergo
2723 2901 2928 2954 malum
2963 2908 3046 2953 est
3090 2897 3455 2959 adulterium,
3486 2889 3844 2963 quandoqui-

2259 2999 2379 3051 dem
2405 3013 2469 3051 οι
2495 2997 2758 3049 malarum
2782 2993 3061 3047 stellarum
3092 2989 3417 3044 admistione
3442 2985 3841 3046 committitur;

2261 3099 2313 3145 et
2341 3097 2399 3143 ut
2429 3086 2874 3158 compendiosius
2900 3083 3261 3152 explicemus,
3290 3065 3469 3147 omnia
3494 3093 3615 3149 quae
3651 3075 3842 3129 dicitis

2185 3200 2228 3257 (ζ
2259 3199 2327 3238 ει
2377 3182 2644 3234 malarum
2707 3177 3032 3230 admistione
3073 3173 3351 3228 stellarum
3404 3172 3574 3225 bonas
3625 3166 3840 3237 perpeti

2263 3275 2468 3338 stellas,
2503 3271 2643 3324 mala
2694 3283 2816 3323 esse
2859 3267 2976 3322 sine
3025 3266 3190 3320 dubio
3231 3262 3633 3333 pronuntianda
3684 3269 3839 3314 sunt.

2262 3364 2380 3419 Istae
2408 3377 2536 3430 ergo
2566 3360 2738 3414 stellae
2765 3373 2993 3427 quarum
3022 3354 3346 3409 admistione
3365 3352 3607 3405 diximus
3632 3350 3841 3414 febres,

2263 3457 2533 3521 incendia,
2565 3461 2620 3506 et
2659 3461 2853 3506 extera
2879 3450 2963 3503 his
2998 3448 3204 3502 similia
3237 3445 3372 3500 edici
3400 3444 3563 3508 mala,
3595 3444 3724 3511 ipsae
3751 3456 3843 3495 se—

2264 3548 2498 3604 cundum
2531 3560 2627 3599 vos
2659 3544 2824 3598 etiam
2857 3539 3170 3603 homicidia,
3206 3536 3491 3598 adulteria,
3528 3534 3674 3587 furta
3703 3547 3843 3603 ope-

2265 3648 2474 3702 rantur,
2500 3645 2784 3707 protervos
2812 3635 2976 3688 etiam
2999 3641 3051 3687 et
3083 3629 3314 3686 stolidos
3344 3618 3477 3699 ipsa:
3501 3627 3766 3682 eﬂiciunt.

2333 3729 2398 3785 Χ.
2434 3731 2500 3784 Et
2534 3738 2724 3801 pater:
2757 3726 2895 3781 Vere
2916 3769 2929 3794 ,
2964 3725 3170 3795 inquit,
3205 3725 3442 3779 breviter
3471 3731 3522 3776 et
3553 3722 3842 3788 incompav

2263 3825 2515 3878 rabiliter
2536 3821 2844 3882 ostendisti,
2881 3819 3007 3888 quia
3050 3819 3161 3874 sint
3191 3815 3334 3870 mala
3374 3815 3429 3868 in
3462 3815 3704 3873 actibus.
3741 3812 3842 3866 sed

2263 3918 2367 3971 hoc
2420 3916 2598 3970 adhuc
2642 3914 2802 3968 velim
2850 3911 3080 3975 discere,
3122 3905 3394 3978 quomodo
3439 3905 3588 3974 juste
3624 3902 3843 3970 judicat

2264 4010 2409 4063 Deus
2435 4023 2528 4062 eos
2552 4006 2644 4075 qui
2677 4013 2938 4074 peccant,
2965 4003 3105 4057 sicut
3138 4015 3237 4056 vos
3271 3999 3485 4062 dicitis,
3527 3997 3572 4050 si
3604 4010 3841 4066 peccare

2264 4115 2358 4155 eos
2390 4099 2606 4168 genesis
2653 4095 2833 4165 cogit?
2860 4093 2995 4146 Tum
3027 4107 3127 4160 ego
3167 4089 3420 4160 respondi
3455 4107 3466 4141 :
3505 4087 3708 4142 Vereor
3745 4085 3837 4139 di-

2263 4207 2386 4247 cere
2433 4191 2527 4244 tibi
2565 4188 2993 4259 aliquid,,pater,
3031 4184 3161 4254 quia
3209 4183 3266 4238 in
3313 4181 3464 4236 omni
3525 4188 3578 4234 te
3629 4181 3840 4236 honoro

2263 4283 2448 4338 haberi
2482 4298 2510 4336 a
2551 4297 2636 4335 me
2674 4282 2863 4345 decet,
2895 4280 3136 4347 alioquin
3172 4283 3288 4332 erat
3331 4275 3475 4344 quod
3512 4275 3719 4345 possim
3755 4273 3843 4326 di-

2264 4387 2386 4427 cere
2416 4373 2461 4427 si
2493 4373 2727 4426 deceret.
2763 4370 2829 4424 Et
2856 4378 3009 4442 pater
3038 4369 3113 4422 ait
3158 4387 3170 4422 :
3206 4367 3302 4421 Dic
3332 4365 3474 4436 quod
3509 4366 3607 4419 ti'bi
3641 4378 3840 4418 occur-

2266 4465 2357 4527 rit,
2385 4463 2459 4517 fili
2481 4503 2498 4529 ,
2525 4462 2740 4518 etiamsi
2787 4461 3113 4530 iniuriosum
3143 4459 3392 4525 videtur;
3425 4473 3536 4512 non
3571 4457 3713 4512 enim
3748 4467 3835 4516 tu.

2267 4555 2361 4610 sed
2408 4553 2726 4624 quastionis
2768 4552 2906 4605 ratio
2945 4551 3205 4620 injuriam
3241 4549 3406 4610 facit.
3456 4549 3598 4604 sicut
3639 4546 3837 4617 pudica

2268 4647 2462 4701 mulier
2490 4643 2869 4713 intemperanti
2899 4641 3037 4705 viro,
3069 4642 3113 4696 si
3158 4657 3256 4711 pro
3313 4643 3486 4696 salute
3523 4641 3838 4710 indignetur

2267 4746 2320 4794 et
2343 4737 2644 4792 honestate.
2695 4733 2760 4789 Et
2805 4749 2905 4804 ego
2952 4734 3208 4803 respondi
3245 4752 3256 4787 :
3291 4731 3348 4786 Si
3397 4733 3570 4802 prima
3605 4745 3839 4801 quaeque

2269 4831 2410 4885 inter
2434 4828 2535 4884 nos
2562 4827 2882 4882 conﬁrmata
2906 4833 2959 4880 et
2987 4825 3240 4881 confessa
3283 4841 3395 4879 non
3426 4825 3562 4879 bene
3592 4824 3835 4878 retinea-

2269 4937 2413 4988 mus,
2448 4922 2542 4976 sed
2574 4935 2787 4990 semper
2823 4934 2942 4989 quae
2968 4919 3191 4974 definita
3219 4925 3346 4973 sunt
3373 4918 3714 4973 resolvantur
3739 4932 3840 4987 per

2269 5011 2616 5075 oblivionem,
2651 5009 2954 5064 videbimur
2992 5009 3154 5065 telam
3199 5015 3382 5064 texere
3418 5006 3738 5076 Penelopes,
3773 5023 3840 5060 ea

2265 5115 2386 5172 quae
2412 5100 2682 5155 texuimus
2708 5099 3071 5164 resolventes;
3099 5105 3153 5156 et
3171 5097 3292 5155 ideo
3313 5097 3571 5154 debemus
3599 5103 3692 5151 aut
3725 5111 3837 5154 non

1885 5345 2250 5404 COTELERII
2283 5347 2512 5404 ΝΟΤᾸΞ.

674 5548 745 5631 (εξ)
787 5545 1019 5602 Humido
1049 5546 1474 5631 saturnthldem
1501 5550 2157 5631 de‘Saturno,.hun-iidam

600 5617 808 5676 stellam
835 5633 976 5684 esse,
996 5620 1236 5676 sentiunt
1253 5619 1504 5678 Clemens
1530 5622 1934 5678 Alexandrinus
1957 5617 2155 5675 Strom.

600 5708 652 5747 ν,
695 5707 747 5747 n.
787 5687 920 5747 56L:
963 5687 1189 5746 Nonnus
1217 5692 1576 5746 Διονυσιακῶν
1609 5694 1701 5747 lib.
1731 5709 1886 5747 xviii.
1939 5708 1990 5747 ο.
2021 5691 2150 5747 50ος

600 5708 670 5815 ἒὶ
695 5707 749 5771 ι)ἶ
787 5691 920 5755 ὅόις
963 5691 1189 5776 Nonnus
1217 5692 1576 5746 Διονυσιακῶν
1609 5694 1701 5747 lib.
1731 5709 1886 5753 xvm.
1939 5708 1990 5762 p.
2016 5691 2150 5771 ξ)οοῖ

674 5775 823 5835 rvius
872 5755 1215 5835 adﬁrmare.
1253 5761 1532 5835 |,_12._i5,
1562 5773 1616 5835 et
1644 5761 1906 5835 Platonici
1938 5761 2157 5835 quidam

601 5830 741 5902 apud
772 5829 1226 5885 Macrobium'lib.
1259 5849 1276 5886 ι
1307 5832 1361 5886 in
1395 5829 1665 5888 Somnium
1697 5829 2037 5906 ScipionisC.
2074 5831 2155 5884 il.

2263 5543 2462 5604 Verum
2493 5547 2638 5604 Julio
2666 5548 2903 5606 Flrmico
2949 5549 3043 5605 lib.
3078 5565 3140 5612 ιι.
3185 5567 3235 5606 c.
3269 5551 3357 5616 i0,
3390 5559 3474 5605 est
3508 5569 3521 5606 :
3563 5547 3833 5607 Saturnus

2261 5631 2458 5683 natura
2494 5620 2699 5690 quidem
2725 5619 2948 5690 frigidus
2989 5630 3040 5673 et
3082 5621 3269 5680 siccus.
3302 5637 3365 5674 ea:
3409 5621 3666 5675 accidenti
3709 5636 3832 5690 vero

2258 5689 2564 5762 quandoque
2591 5689 2857 5762 humidus.
2905 5689 3199 5762 lii-demque
3224 5692 3412 5760 Κρόνῳ
3443 5693 3634 5762 tribuit
3649 5689 3832 5762 ξηρὸν

2261 5757 2619 5887 ἐζεέΓΫτζὶρον
2672 5759 2898 5817 Proeliis
2948 5761 3040 5816 lib.
3084 5757 3186 5817 l'in
3241 5757 3595 5820 Tetrdbibluut
3649 5757 3835 5817 Ριῦῑε-
