4048 6342
239 417 377 475 “25

1469 400 2031 461 MCOGNITIONUM
2065 398 2190 454 LIB.
2234 399 2291 453 Ι.

3358 389 3499 445 1ιῆ

236 532 402 588 facile
431 529 801 600 acquiescere,
826 526 1145 598 priusquam
1177 522 1463 593 diligenter
1482 518 1821 572 examinetur
1850 522 1894 578 Α
1924 513 2041 569 sine
2092 514 2277 580 dubio,
2329 513 2455 582 quia
2502 519 2745 582 tempora
2787 517 2879 563 tua
2908 510 3210 565 maluimus
3245 509 3488 578 suscepit

236 635 421 681 sermo
452 619 784 692 propositus,
816 624 909 671 aut
951 618 996 671 si
1022 617 1134 686 jam
1182 612 1553 684 acquievimus
1585 618 1636 664 et
1664 622 1800 662 con-

234 718 452 773 ﬁrmata
501 712 771 768 sententia
820 718 923 775 est,
970 724 1187 765 servare
1219 721 1433 775 semper
1461 703 1606 773 quod
1641 702 1806 757 semel

232 811 520 869 deﬁnitum
563 818 643 864 est
670 849 685 870 ,
732 815 793 861 ut
833 807 1111 877 possimus
1151 810 1204 858 et
1247 802 1314 856 de
1366 801 1487 854 aliis
1540 812 1803 867 quaerere.

232 901 303 957 Et
342 909 493 973 pater
516 900 627 970 (10)
661 898 774 953 ait:
806 897 947 952 Bene
982 897 1142 955 dicis,
1178 895 1271 959 lili,
1316 901 1367 947 et
1401 893 1513 946 scio
1544 906 1703 961 quam
1735 889 1806 943 ob

234 1010 459 1050 causam
491 994 651 1056 dicis,
686 993 811 1061 quia
842 992 1096 1045 hesterno
1124 988 1209 1041 die
1250 985 1315 1039 de
1349 984 1693 1039 naturalibus
1724 980 1806 1034 di-

232 1096 465 1155 sputans
497 1085 699 1146 causis,
728 1080 1012 1136 ostendisti
1045 1080 1168 1149 quia
1202 1078 1375 1131 virtus
1415 1074 1662 1146 quaedam
1690 1090 1804 1126 ma—

232 1176 385 1247 ligna
422 1175 821 1231 transformans
844 1189 900 1227 se
932 1174 983 1226 in
1025 1172 1269 1225 ordinem
1302 1169 1578 1225 stellarum
1615 1168 1805 1220 huma-

230 1286 337 1326 nas
366 1268 841 1338 concupiscentias
880 1266 1137 1334 exagitat,
1186 1262 1417 1316 diversis
1463 1260 1636 1315 modis
1676 1276 1802 1330 pros

230 1375 437 1413 vocans
468 1359 533 1411 ad
549 1361 856 1427 peccatum,
884 1371 991 1409 non
1021 1364 1199 1407 tamen
1222 1367 1421 1421 cogens
1446 1359 1537 1405 aut
1566 1350 1803 1406 elﬁciens

230 1462 535 1520 peccatum.
581 1450 677 1503 Cui
732 1464 831 1519 ego
869 1446 1126 1517 respondi
1162 1465 1173 1499 :
1208 1444 1383 1502 Bene,
1424 1442 1550 1513 quia
1593 1450 1645 1497 et
1688 1458 1803 1495 me-

228 1542 437 1595 ministi
470 1550 522 1595 et
555 1557 676 1595 cum
713 1540 1025 1595 memineris
1056 1536 1273 1592 errasti.
1304 1535 1367 1587 Et
1401 1541 1552 1605 pater
1592 1549 1603 1584 :
1647 1533 1803 1603 Igno-

228 1649 343 1695 sce,
377 1635 570 1703 inquit,
598 1634 668 1685 ﬁli
710 1652 723 1687 :
752 1634 990 1687 nondum
1015 1632 1155 1686 enim
1181 1646 1337 1684 usum
1372 1631 1600 1683 multum
1634 1630 1685 1683 in
1720 1630 1804 1685 his

229 1724 441 1789 habeo;
477 1741 599 1777 nam
642 1733 692 1778 et
727 1723 967 1779 hesterni
1001 1738 1281 1777 sermones
1324 1722 1401 1774 tui
1435 1721 1659 1774 veritate
1687 1720 1801 1791 ipsa

226 1818 618 1873 coneluserunt
645 1836 729 1874 me
767 1827 823 1872 ut
856 1818 947 1871 tibi
980 1818 1401 1888 acquiescerem,
1435 1818 1489 1870 in
1517 1817 1802 1871 conscien-

228 1910 303 1962 tia
331 1917 503 1964 tamen
537 1926 654 1965 mea
686 1920 812 1965 sunt
839 1910 992 1979 quasi
1018 1910 1259 1979 quaedam
1284 1909 1522 1977 reliquire
1547 1907 1798 1973 febrium,

225 2014 352 2067 quce
384 2000 661 2067 paululum
693 2016 777 2055 me
802 2016 828 2054 a
854 1975 956 2056 lide
987 1975 1141 2070 quasi
1174 2015 1202 2052 a
1236 1975 1465 2054 sanitate
1492 1997 1795 2052 retrahunt.
1833 1975 1873 2028 Β

226 2088 542 2144 Discrucior
572 2094 737 2157 enim,
779 2096 905 2163 quia
956 2094 1071 2147 scio
1118 2093 1286 2145 multa
1330 2092 1499 2154 mihi,
1526 2092 1635 2145 imo
1664 2106 1799 2160 pene

222 2182 407 2234 omnia
442 2184 706 2239 accidisse
738 2186 1033 2239 secundum
1058 2184 1315 2255 genesim.

301 2270 385 2325 Xl.
430 2273 493 2327 Et
529 2290 628 2343 ego
673 2278 927 2347 respondi
959 2291 973 2326 :
1016 2276 1154 2329 Audi
1194 2291 1341 2344 ergo,
1376 2282 1547 2344 pater,
1578 2291 1698 2344 quae
1727 2276 1798 2329 sit

224 2365 489 2419 mathesis
533 2372 749 2431 natura,
788 2376 841 2421 et
882 2367 1044 2421 facito
1072 2366 1372 2421 secundum
1411 2380 1472 2419 ea
1517 2366 1797 2435 quze‘dico

222 2456 344 2508 tibi.
379 2454 512 2510 Vide
542 2458 981 2513 mathematicum
1014 2459 1123 2528 (ll)
1150 2467 1197 2515 et
1230 2457 1315 2510 dic
1346 2457 1393 2510 ei
1434 2457 1632 2525 primo,
1669 2457 1793 2523 quia

221 2546 355 2599 talia
396 2549 641 2617 quaedam
688 2550 817 2602 mihi
863 2551 1176 2603 acciderunt
1222 2550 1361 2603 mala
1403 2552 1455 2603 in
1514 2549 1604 2604 illo
1658 2555 1793 2601 tem—A

223 2650 390 2705 pore;
428 2638 573 2692 unde
620 2655 747 2709 ergo
779 2649 871 2693 aut
912 2656 1020 2709 quo
1046 2640 1210 2693 modo
1245 2650 1335 2692 aut
1368 2656 1627 2709 pet-equas
1658 2638 1787 2693 mibi

222 2727 528 2782 acciderint
579 2731 788 2793 stellas,
838 2730 1048 2785 discere
1089 2732 1236 2785 volo.
1282 2730 1651 2802 Respondebit
1692 2730 1788 2784 tibi

1912 605 2054 661 Mars
2086 613 2177 659 aut
2215 604 2515 669 Saturnus,
2548 610 2640 656 aut
2679 601 2877 671 aliquis
2913 616 3101 656 eorum
3140 608 3485 671 apocatasta-

1910 700 2052 753 ticus
2084 698 2183 751 fuit
2216 698 2349 769 (19),
2382 705 2473 751 aut
2498 695 2697 766 aliquis
2731 710 2932 749 annum
2958 704 3108 748 tuum
3142 694 3351 765 aspexit
3374 692 3495 762 (15)

1908 809 1973 848 ex
2005 791 2266 847 diametro
2294 801 2393 845 aut
2416 792 2747 861 eonjunctus
2788 797 2881 843 aut
2931 790 2985 843 in
3017 796 3228 851 centro,
3265 789 3346 844 vel
3381 786 3485 841 alia

1908 883 1993 937 his
2026 884 2227 939 similia
2258 883 2631 953 respondebit,
2672 882 2898 945 addens,
2922 883 3048 951 quia
3092 883 3146 935 in
3194 882 3278 936 his
3306 880 3484 934 amni-

1908 974 2009 1029 bus
2042 974 2242 1043 aliquis
2288 984 2381 1028 aut
2424 975 2720 1046 asyndetus
2750 976 2851 1029 fuit
2884 991 3006 1029 cum
3056 972 3199 1027 malo
3229 972 3361 1043 (l-i),
3390 979 3484 1025 aut

1907 1068 2217 1132 invisibilis,
2245 1076 2336 1122 aut
2370 1069 2425 1123 in
2450 1068 2749 1131 schemate,
2777 1078 2869 1123 aut
2899 1080 3051 1124 extra
3082 1068 3353 1132 haeresim,
3387 1078 3481 1122 aut

1908 1160 2168 1215 deﬁciens
2194 1160 2327 1231 (15),
2366 1172 2456 1216 aut
2480 1177 2590 1216 non
2620 1164 2962 1232 contingens,
2998 1168 3092 1216 aut
3132 1161 3187 1215 in
3230 1162 3481 1217 obscuris

1907 1254 2103 1317 stellis,
2135 1263 2189 1309 et
2224 1254 2393 1307 multa
2424 1256 2529 1309 alia
2564 1255 2648 1310 his
2681 1257 2878 1310 similia
2906 1255 3208 1309 secundum
3238 1255 3479 1308 rationes

1907 1347 2157 1416 proprias
2187 1347 2531 1415 respondebit
2562 1356 2614 1402 et
2648 1349 2713 1403 de
2737 1348 2968 1417 singulis
2995 1347 3317 1416 assignabit.
3348 1345 3478 1401 Past

1906 1439 2050 1493 hunc
2078 1440 2241 1493 alium
2272 1439 2419 1493 adito
2442 1441 2883 1495 mathematicum
2908 1448 2959 1493 et
2982 1440 3148 1494 dicito
3179 1439 3473 1497 contraria.

1906 1531 2035 1601 quia
2071 1532 2201 1585 illud
2227 1534 2359 1586 mihi
2384 1535 2520 1609 boni
2549 1534 2779 1604 contigit
2815 1533 2867 1587 in
2895 1533 2988 1587 illo
3017 1540 3296 1602 tempore;
3341 1540 3476 1585 tem-

1909 1641 2007 1693 pus
2036 1630 2215 1678 autem
2259 1624 2360 1677 hoc
2410 1624 2550 1677 idem
2598 1625 2794 1689 dicito,
2841 1634 2894 1678 et
2929 1624 3144 1694 require
3182 1639 3247 1679 ex
3274 1620 3475 1692 quibus

1906 1716 2150 1784 partibus
2181 1716 2401 1786 genesis
2438 1718 2541 1770 hoc
2568 1716 2667 1770 tibi
2695 1718 2936 1771 evenerit
2969 1716 3116 1779 boni,
3147 1725 3201 1770 et
3231 1724 3474 1783 tempora

1904 1815 1963 1861 ut
1985 1807 2119 1872 dixi,
2150 1807 2337 1863 eadem
2369 1824 2490 1878 quae
2518 1809 2583 1863 de
2609 1808 2769 1863 malis
2798 1809 3254 1876 interrogaveras,
3289 1813 3473 1861 custo-

1904 1901 2037 1955 dito.
2087 1901 2335 1971 Cumque
2392 1910 2449 1955 tu
2494 1901 2752 1963 lelelleris
2804 1903 2871 1957 de
2929 1901 3291 1970 temporibus,
3349 1901 3473 1952 vide

1904 2004 2105 2063 quanta
2154 1996 2250 2049 tibi
2294 1996 2529 2049 inveniet
2579 1996 2877 2059 schemata,
2923 2010 3019 2064 per
3053 2008 3173 2063 quae
3221 1990 3471 2048 ostendat

1906 2089 2047 2156 quod
2082 2088 2177 2141 tibi
2208 2089 2265 2142 in
2296 2089 2403 2144 illis
2438 2090 2572 2159 ipsis
2624 2088 2962 2158 temporibus
3008 2087 3225 2142 evenire
3270 2084 3471 2139 debue-

1905 2180 2014 2232 rint
2049 2182 2209 2235 bona.
2248 2179 2585 2251 lmpossibile
2627 2180 2769 2235 enim
2802 2190 2883 2234 est
2914 2180 3193 2233 hominum
3228 2177 3468 2249 genesim

1905 2274 2289 2335 tractantibus,
2342 2289 2449 2326 non
2493 2274 2547 2327 in
2607 2273 2755 2326 omni
2804 2286 2968 2342 quam
3012 2272 3199 2326 dicunt
3250 2272 3471 2339 regione

1906 2363 2185 2417 stellarum
2218 2361 2331 2433 (l6)
2360 2378 2571 2431 semper
2598 2363 2838 2417 invenire
2884 2361 3149 2433 quasdam
3195 2362 3330 2415 bene
3367 2374 3470 2431 po-

1902 2457 2035 2510 sitas
2084 2458 2291 2521 stellas,
2332 2464 2387 2510 et
2417 2455 2681 2526 quasdam
2730 2458 2905 2521 male;
2935 2456 3176 2511 circulus
3201 2456 3346 2508 enim
3386 2466 3471 2511 est

1901 2548 2180 2617 aqualiter
2224 2563 2285 2601 ex
2330 2550 2479 2603 omni
2524 2556 2675 2618 parte
2721 2549 2982 2604 collectus
3021 2548 3320 2603 secundum
3353 2561 3470 2601 ma-

1892 2640 2124 2704 thesim,
2172 2640 2417 2697 diversas
2460 2650 2514 2697 et
2573 2642 2757 2696 varias
2806 2641 3080 2710 accipiens
3121 2654 3347 2702 causas,
3401 2655 3467 2693 ex

1896 2732 2097 2801 quibus
2126 2733 2469 2787 occasionem
2500 2734 2717 2803 capiant
2754 2732 2971 2786 dicendi
3002 2732 3145 2802 quod
3184 2732 3392 2787 volunt.

1556 2952 1919 3010 COTELEBH
1952 2952 2183 3009 NOTAE.

307 3126 413 3204 (lli)
454 3123 517 3204 Et
547 3138 711 3204 pater.
739 3124 887 3204 “Tota
919 3126 1167 3195 περιοχή,
1200 3127 1507 3204 θιλὶὺηιιν
1539 3126 1791 3204 Perinde-

1911 3142 2021 3183 tum
2061 3132 2208 3204 apud
2229 3131 2537 3204 _S_itlonium
2570 3130 2663 3183 lib.
2695 3145 2791 3204 vin
2814 3171 2828 3193 ,
2864 3130 3020 3204 epist.
3058 3129 3147 3204 ll,
3179 3135 3289 3179 tum
3323 3128 3471 3204 deni.

227 3193 346 3248 rum
387 3193 599 3247 laudata
636 3198 701 3248 ab
732 3194 962 3263 Origene
992 3193 1223 3249 tuon—tit
1259 3193 1707 3263 Egplanationum
1738 3201 1792 3248 in

228 3265 491 3324 Cenesim,
525 3280 585 3317 ac
623 3260 873 3318 Genescos
902 3280 937 3324 ι,
975 3266 1059 3326 id,
1092 3274 1269 3317 exstat
1296 3260 1605 3317 Philocalia:
1628 3281 1677 3318 e.
1700 3265 1789 3319 ‘29..

231 3337 295 3388 Et
326 3337 542 3404 quidem
577 3336 797 3387 citantis
828 3336 987 3386 verba
1021 3336 1216 3403 protuli
1244 3336 1296 3387 in
1320 3334 1672 3388 Testimoniis
1693 3334 1797 3388 Ve-

227 3416 404 3460 terum
443 3424 452 3457 :
486 3404 575 3455 tibi
629 3413 771 3456 recte
826 3404 1085 3473 legebam,
1118 3404 1491 3473 ἐκδεὸηκὲναι,
1524 3405 1669 3473 quod
1711 3420 1798 3459 re-

231 3476 344 3541 peri
382 3483 563 3541 postea
613 3475 663 3525 iu
691 3472 903 3526 (Ιυοιλυὲ
936 3472 1115 3541 Regiis
1145 3472 1445 3527 codicibus.
1485 3474 1639 3526 Nunc
1670 3490 1797 3529 vero

230 3555 288 3605 ut
325 3546 653 3609 intelligatur
683 3544 891 3597 facilius
925 3545 1052 3611 quid
1080 3545 1178 3595 hoc
1212 3546 1456 3596 loeonon
1490 3560 1801 3613 usquequa-

228 3632 336 3683 que
394 3613 583 3666 Graeco
634 3615 982 3681 respondeat,
1041 3622 1206 3681 utque
1255 3616 1397 3665 notis
1442 3617 1799 3682 sequentibus

230 3684 395 3753 ueluti
451 3684 535 3736 fax
582 3686 919 3753 prael'cratur,
954 3684 1125 3751 placet
1158 3686 1317 3736 citata
1371 3683 1436 3735 ab
1484 3683 1715 3753 Origene
1748 3692 1799 3737 et

232 3752 593 3807 Ruﬁnianam
628 3755 929 3806 versionem
982 3760 1227 3806 nostram
1291 3754 1391 3806 sub
1450 3752 1614 3806 unum
1663 3770 1799 3806 cun—

228 3832 476 3893 speetum
508 3824 656 3877 dare.
679 3853 743 3862 -—
788 3822 917 3887 Quae
946 3823 1037 3893 hic
1072 3824 1285 3875 exhibet
1330 3824 1633 3877 (Ion-lerius
1656 3865 1668 3885 ,
1709 3825 1802 3876 ha-

235 3892 329 3948 bes
372 3894 511 4015 instra
548 3896 602 3947 in
654 3894 965 3961 Appendiee
1005 3892 1458 3961 Rccognitionibus
1517 3895 1757 3963 subjecta
1786 3933 1799 3958 ,

235 3980 379 4015 num.
451 4003 461 4014 .

230 3980 379 4017 num.
411 3980 461 4015 ο).

301 4054 412 4122 (ll)
464 4053 589 4107 Vide
616 4057 1061 4115 mathematicum,
1083 4067 1185 4109 etc.
1219 4056 1495 4125 Expressit
1534 4058 1634 4109 ista
1666 4058 1802 4109 scri-

232 4132 356 4195 ptor
387 4126 637 4195 Actorum
680 4125 737 4178 S.
768 4126 1083 4187 Sebastiani,
1122 4142 1236 4177 inea
1279 4127 1493 4194 quidem
1537 4129 1803 4180 Sententia

230 4194 371 4248 alius
423 4211 449 4246 a
499 4194 554 4246 S.
592 4196 897 4249 Ambrosio.
934 4196 1167 4262 I'ra'cipc
1215 4198 1381 4257 hcdic,
1427 4198 1623 4264 inquit,
1656 4198 1722 4248 ad
1758 4209 1805 4249 te

232 4264 487 4317 .llathesis
519 4266 687 4317 rcnire
729 4266 1025 4329 doctorem;
1064 4269 1145 4317 cui
1172 4266 1339 4328 dicas,
1380 4268 1469 4318 illo
1503 4277 1725 4333 tempore
1759 4277 1805 4319 te

226 4337 428 4399 asperis
460 4336 666 4388 casibus
701 4336 1005 4397 laborasse;
1038 4347 1084 4389 et
1120 4338 1321 4404 inquire
1352 4353 1439 4403 per
1460 4354 1588 4405 quas
1622 4338 1803 4389 stellas

226 4406 323 4457 hoc
374 4406 463 4456 tibi
513 4407 730 4457 creuerit
780 4407 925 4459 ntali.
964 4406 1229 4475 Responsa
1273 4408 1384 4474 ejus
1433 4416 1581 4459 erant
1624 4406 1804 4473 procul

1908 3215 2012 3268 que
2061 3193 2177 3253 loco
2221 3201 2537 3253 Philocaliar
2567 3200 2815 3266 superius
2856 3193 3053 3262 allato;
3083 3200 3134 3250 in
3168 3213 3275 3264 quo
3305 3210 3334 3248 e
3368 3193 3468 3248 lle-

1908 3270 2009 3336 giis
2036 3286 2165 3323 mss.
2208 3270 2414 3323 restitui
2448 3268 2948 3330 ἀποκαταστατικός
2977 3282 3071 3335 pro
3102 3268 3472 3318 ἀποκαταστιο

1907 3338 1998 3408 :56;
2026 3340 2261 3408 vulgato.
2293 3340 2394 3391 Sed
2422 3338 2628 3391 Sidonii
2654 3341 2812 3408 verba
2844 3352 2949 3390 non
2979 3337 3147 3408 debeo
3177 3336 3468 3408 praeterire.

1909 3404 2055 3460 Illud
2086 3404 2208 3460 sane
2240 3424 2341 3459 non
2369 3407 2536 3458 solum
2565 3407 2824 3474 culpabile
2858 3409 2911 3457 in
2951 3407 3062 3459 viro
3095 3406 3217 3471 fuit,
3240 3404 3327 3456 sed
3356 3421 3473 3471 per-

1904 3479 2253 3543 emptorium;
2306 3479 2441 3544 quod
2493 3477 2889 3529 mathematicos
2936 3477 3201 3543 quondam
3249 3476 3309 3526 de
3354 3476 3472 3526 vita:

1901 3562 2007 3617 sua:
2043 3548 2146 3612 [ine
2172 3546 2455 3617 consuluit,
2486 3546 2693 3617 urbium
2740 3546 2871 3617 cires
2911 3546 3320 3617 Africanarum;
3356 3553 3469 3617 qui-

1903 3614 1996 3668 bus
2028 3626 2085 3667 ut
2114 3625 2189 3667 est
2222 3617 2381 3684 regio,
2415 3616 2489 3667 sic
2515 3616 2719 3667 animus
2748 3615 3016 3667 ardentior
3046 3631 3063 3666 :
3092 3616 3179 3682 qui
3202 3614 3474 3672 constella-

1905 3687 2039 3739 tione
2059 3686 2443 3752 percunctantis
2472 3686 2721 3751 inspecta,
2744 3687 2942 3752 pariter
2966 3701 3157 3737 annum
3181 3725 3193 3746 ,
3222 3702 3467 3746 mensem,

1903 3754 2139 3824 diemque
2184 3755 2451 3815 dixerunt,
2484 3770 2611 3821 quos
2662 3758 2758 3823 (ut
2805 3754 2953 3807 verbo
2985 3753 3276 3809 Mat/reseas
3310 3767 3422 3809 utar
3454 3762 3469 3823 )

1905 3826 2280 3879 climactericos
2311 3834 2443 3876 esset
2472 3824 2744 3876 habiturus
2776 3839 2793 3875 :
2823 3836 2995 3891 utpote
3030 3825 3213 3893 quibus
3249 3828 3472 3881 themate

1904 3894 2269 3963 oblato,quasi
2298 3895 2653 3961 sanguinaria:
2681 3894 2933 3962 genitura:
2963 3896 3170 3947 schema
3194 3898 3468 3963 patuisset,

1904 3967 2027 4034 quia
2059 3966 2287 4018 videlicet
2314 3966 2472 4016 amici
2505 3965 2764 4016 nascentis
2793 3982 2950 4025 anno,
2980 3981 3328 4033 quemcunque
3370 3968 3472 4020 cle—

1906 4046 2126 4087 mentem
2166 4036 2543 4102 planctiCorum
2582 4034 2812 4087 siderum
2842 4035 3050 4103 globum
3084 4036 3136 4086 in
3162 4036 3472 4090 diastemata

1906 4103 2136 4157 Zodiaco
2159 4121 2372 4173 prosper
2396 4114 2539 4157 ortus
2565 4113 2822 4166 erexerat,
2846 4104 2979 4155 hunc
3006 4105 3057 4155 in
3089 4120 3275 4157 occasu
3300 4123 3473 4160 cruen-

1907 4177 1971 4227 tis
2003 4175 2206 4243 ignibus
2236 4174 2637 4235 inrubescentes,
2677 4191 2763 4227 seu
2802 4190 2955 4241 super
2982 4174 3238 4226 diametro
3264 4174 3474 4229 Mercu—

1908 4247 2016 4297 rius
2060 4245 2363 4315 asyndetus,
2398 4262 2487 4297 seu
2529 4254 2981 4315 superitetragono
3013 4244 3273 4297 Saturnus
3308 4258 3472 4300 retro-

1906 4313 2138 4436 qradus,
2156 4331 2245 4366 seu
2272 4332 2425 4382 super
2451 4328 2624 4367 centro
2656 4313 2804 4366 Mars
2849 4316 3235 4379 apocatasticus
3263 4330 3473 4369 exacer-

1944 4396 2137 4436 assent.
2174 4385 2247 4436 De
2284 4384 2736 4436 λιποκαταπτάςει.
2772 4385 2871 4436 hoc
2914 4395 2996 4436 est
3044 4386 3217 4436 reditu
3248 4388 3473 4436 planetas

1944 4396 2137 4437 (issent.
2174 4385 2247 4437 De
2284 4384 2736 4446 ‘tzoxarastdsst,
2772 4385 2871 4437 hoc
2914 4395 2996 4436 est
3044 4386 3217 4437 reditu
3248 4388 3476 4453 planetae

225 4475 386 4526 dubio
438 4476 604 4536 talia;
644 4476 779 4543 quod
829 4486 1026 4543 tempus
1064 4454 1223 4527 rtunnt
1253 4454 1579 4529 aJmalitioso
1624 4454 1801 4529 ’Μαι-ιε

2017 4455 2421 4543 id’einrsignum
2470 4456 2905 4543 cu‘lt‘stez‘agunt
2934 4454 3219 4543 Idla'simus
3266 4456 3317 4507 in
3362 4472 3409 4510 c.
3442 4459 3474 4510 3

228 4556 525 4611 susceptum
575 4555 672 4606 cst,
726 4555 816 4596 aut
870 4546 1130 4598 Saturnus
1183 4549 1627 4611 apocatastaticus
1672 4547 1793 4612 fuit,

228 4626 333 4667 aut
356 4632 521 4666 annus
554 4626 670 4667 tuus
701 4632 763 4667 ex
794 4615 1051 4668 diametro
1081 4629 1346 4681 susceptus
1372 4628 1468 4679 cst,
1499 4628 1585 4668 aut
1613 4620 1798 4668 clima—

227 4682 421 4737 cterica
442 4686 532 4736 tibi
565 4686 615 4736 in
646 4696 818 4737 centro
844 4698 963 4738 sunt
994 4698 1138 4747 nata,
1165 4698 1255 4737 aut
1284 4686 1528 4753 syndetus
1562 4687 1659 4752 fuit
1682 4703 1799 4739 cum

230 4756 392 4815 malo,
428 4766 516 4806 aut
558 4756 855 4817 inrisibilis,
886 4767 975 4807 aut
1008 4758 1058 4807 in
1092 4757 1366 4815 schemate,
1401 4766 1489 4807 aut
1520 4757 1800 4809 immobilis

230 4828 371 4878 circa
406 4836 449 4878 te
486 4827 686 4877 exstitit
717 4843 897 4877 cursus
932 4829 983 4877 in
1015 4829 1198 4879 stellis.
1240 4827 1364 4879 lla‘c
1410 4838 1457 4879 ct
1499 4828 1576 4877 Itis
1606 4828 1801 4879 similia

229 4913 347 4948 cum
380 4897 594 4955 dixerit,
629 4898 847 4947 rationis
878 4898 966 4947 tibi
998 4898 1274 4948 verisimile
1304 4899 1576 4966 assignare
1609 4899 1801 4949 nititur

230 4966 431 5034 aliquid
462 4977 506 5017 et
534 4966 772 5031 probare.
816 4969 922 5034 Age
952 4982 1105 5027 nunc,
1140 4969 1401 5034 interroga
1434 4968 1657 5019 alterunt
1690 4986 1802 5019 ina—

232 5038 597 5096 thematicum;
631 5054 710 5086 cui
742 5052 881 5102 ipsas
910 5039 1085 5091 horas.
1113 5038 1378 5101 ipsumque
1411 5048 1606 5104 tempus
1639 5039 1689 5089 in
1723 5038 1803 5089 bo-

232 5109 313 5157 nis
349 5108 437 5158 tibi
468 5106 779 5158 exulu'rasse
814 5106 1017 5157 casibus
1062 5106 1209 5159 dicas
1245 5124 1260 5158 .'
1294 5109 1432 5159 illico
1465 5108 1658 5161 ridebis
1686 5124 1801 5159 eum

232 5177 325 5227 tibi
361 5176 699 5227 rationabilia
729 5177 993 5227 schemata
1024 5177 1231 5243 iii/inita
1260 5179 1467 5242 alferrc,
1501 5178 1686 5247 quibus
1712 5194 1803 5243 ap-

230 5248 431 5311 probet,
462 5248 582 5311 quia
615 5248 665 5298 in
697 5248 821 5311 ipsis
846 5247 939 5297 tibi
966 5247 1277 5311 temporibus
1308 5250 1506 5300 evenire
1534 5248 1803 5300 debuerint

233 5328 388 5370 bona.
412 5317 680 5369 Circulum
711 5318 895 5367 etenim
930 5326 1059 5369 tenet
1084 5332 1146 5367 et:
1167 5318 1305 5368 ontni
1326 5331 1475 5384 parte
1506 5318 1800 5381 collectum,

234 5389 285 5438 in
329 5404 427 5454 quo
478 5387 709 5437 dirersas
761 5395 807 5438 et
848 5392 1017 5438 rarias
1050 5404 1237 5439 causas
1292 5390 1501 5454 accipit,
1532 5389 1803 5455 exquibus

233 5459 555 5521 occasionem
591 5458 762 5521 capiat
789 5456 992 5509 dicendi
1023 5458 1157 5525 quod
1184 5459 1421 5512 coluerit.
1456 5458 1595 5510 Nam
1621 5460 1803 5525 futura

232 5539 437 5594 penitus
472 5526 749 5593 privuidere
787 5545 887 5578 non
920 5538 1152 5594 possunt,
1195 5529 1570 5582 climactericos
1602 5528 1796 5591 dicunt,

236 5598 287 5649 id
319 5608 395 5650 cst
422 5608 625 5649 natura:
665 5599 738 5649 rei
767 5599 964 5649 incerta
996 5600 1257 5667 profugia.
1290 5598 1427 5669 L~ge
1458 5602 1501 5652 si
1537 5602 1682 5652 lubet
1705 5617 1802 5651 no-

237 5681 320 5721 tas
351 5676 663 5737 sequentes.
1681 5715 1688 5721 .

308 5758 417 5819 (lii
460 5759 562 5809 .lut
611 5760 798 5827 aliquis
850 5776 1025 5811 eorum
1056 5763 1500 5828 apocatastaticus
1536 5759 1655 5826 fuit.
1688 5757 1803 5812 Non

237 5828 548 5883 mirandum
583 5831 625 5883 si
656 5830 892 5898 ignotam
944 5846 1126 5883 \‘UCC‘III
1177 5832 1227 5882 in
1272 5848 1335 5897 ap
1360 5833 1590 5883 astaticus
1631 5842 1786 5883 muta-

243 5904 353 5958 rint
383 5900 606 5957 librari,
645 5906 753 5957 tum
788 5900 893 5964 hic,
926 5910 1036 5953 tum
1089 5901 1138 5953 in
1189 5902 1353 5953 δεθείη
1393 5907 1423 5953 ξι
1485 5900 1799 5963 Scbmriani,

1908 4524 2030 4577 libri
2055 4524 2125 4577 De
2154 4524 2341 4578 dirinis
2364 4524 2681 4587 nominibus,
2702 4524 3000 4579 Columella
3032 4524 3124 4578 lib.
3146 4541 3227 4589 ιιι,
3261 4539 3313 4579 c.
3342 4527 3394 4586 6,
3422 4536 3473 4580 et

1905 4594 2018 4647 alii.

1978 4686 2091 4755 (15)
2130 4686 2364 4753 Aspexit.
2394 4688 2578 4740 Grazce
2607 4685 2999 4756 ὲπεθεὼρησεν,
3045 4685 3210 4754 igitur
3244 4686 3297 4739 in
3326 4688 3475 4741 Actis

1909 4756 2237 4820 Sebastiani,
2268 4770 2536 4825 susceptus
2568 4765 2883 4825 corruptum
2908 4765 2990 4809 est
3017 4772 3082 4809 ex
3114 4767 3402 4825 suspectus.

1979 4849 2089 4916 (14)
2136 4848 2198 4903 In
2228 4850 2308 4901 his
2333 4848 2571 4902 omnibus
2600 4849 2790 4917 aliquis
2824 4860 2911 4900 aut
2938 4847 3219 4917 asyndetus
3240 4848 3340 4915 fuit
3360 4866 3476 4901 cum

1896 4921 2070 4989 .malo.
2109 4918 2360 4989 Legebat,
2392 4918 2695 4981 ἀσύνδετος,
2730 4918 2874 4988 quod
2920 4934 3081 4989 sensu
3118 4920 3257 4989 idem
3292 4929 3375 4973 est
3416 4936 3477 4973 ac

1908 4986 2214 5052 ἁσύνῦετοξ.
2248 4991 2349 5055 Qui
2399 4998 2580 5041 autem
2632 4989 2719 5042 hic
2748 4986 2815 5043 'et
2861 4990 2913 5042 in
2959 4986 3136 5043 Gestis
3171 4986 3477 5043 Sebastiani

1908 5060 2158 5127 syndelus
2212 5063 2575 5127 Scripserunt,
2603 5060 2730 5112 dum
2780 5058 3055 5125 corrigere
3085 5069 3373 5120 conantur,
3412 5062 3482 5113 ob

1910 5129 2239 5198 imperitiam
2291 5131 2425 5198 lapsi
2477 5137 2624 5181 sunt.
2657 5128 2841 5198 Neque
2871 5143 2999 5181 vero
3028 5130 3204 5182 omitti
3231 5129 3417 5182 debuit
3454 5148 3480 5181 υ

1909 5198 2103 5254 llulino
2130 5217 2229 5255 vox
2254 5199 2594 5263 ἀγαθοποιός.

1978 5292 2085 5359 (15)
2129 5292 2230 5344 Aut
2260 5292 2524 5357 deﬁciens.
2558 5293 2627 5343 Ἢ
2656 5293 2711 5345 ὲν
2742 5290 2996 5361 ἐκλείψει.
3033 5292 3281 5346 Manilius
3309 5290 3401 5344 lib.
3429 5303 3479 5339 tv

1912 5364 2314 5419 Astronomicbn
2345 5383 2361 5419 :

2018 5455 2227 5521 Percipc
2249 5471 2383 5506 nunc
2404 5457 2587 5520 etiam,
2608 5471 2724 5524 qua:
2750 5455 2855 5507 sint
2881 5453 3137 5523 Ecliptica
3161 5452 3321 5506 Graio

2021 5525 2265 5587 Nomine,
2292 5542 2405 5593 qua:
2430 5536 2596 5579 certos
2620 5526 2769 5593 quasi
2798 5525 3063 5578 delassata
3086 5541 3175 5592 per
3196 5541 3359 5577 annos

2018 5594 2405 5663 Nonnunquam
2427 5608 2629 5649 cessant
2654 5597 2823 5649 sterili
2848 5596 3103 5663 torpentia
3128 5607 3291 5648 motu.

1909 5697 2081 5757 Atque
2113 5690 2237 5742 hinc,
2261 5697 2405 5757 patet
2436 5705 2533 5742 cur
2564 5690 2617 5741 in
2651 5690 2793 5742 Actis
2818 5687 3116 5741 Sebastiani
3156 5686 3419 5741 habeatur
3458 5707 3469 5741 :

1911 5761 2013 5811 .iut
2044 5760 2325 5813 immobilis
2354 5764 2493 5813 circa
2527 5768 2573 5813 te
2601 5761 2803 5813 exstitit
2836 5774 3018 5811 cursus
3050 5759 3103 5810 in
3128 5758 3316 5812 stellis.

1982 5831 2089 5911 (ιο)
2135 5828 2197 5883 In
2220 5834 2358 5883 omni
2380 5847 2531 5896 quam
2556 5831 2734 5884 dicunt
2752 5832 2955 5899 regiona
2973 5830 3266 5883 stellarum.
3285 5828 3472 5896 Xa'ipa.

1911 5918 2051 5953 ηοω-α
