4078 6336
617 323 752 386 ηῗτ

1435 331 1490 384 S.
1533 327 1932 386 CLEMENTIS
1962 327 1985 384 Ι
2019 327 2187 385 ROM.
2223 329 2424 385 PONT.
2461 327 2683 386 OPEBA
2720 327 2920 386 DUBIA

3703 329 3848 386 “28

685 446 797 501 XII.
833 447 986 502 Sicut
1013 448 1157 502 enim
1191 448 1302 502 fieri
1333 447 1470 502 solet
1492 446 1584 501 ubi
1607 445 1820 500 somnia
1849 445 2072 514 obliqua
2104 443 2177 498 vi-
2206 450 2251 506 Α
2279 443 2406 500 fecit
2429 445 2632 498 omnia.
2662 443 2719 498 Si
2735 445 2879 498 enim
2910 443 3165 514 Magister
3185 453 3369 498 noster
3392 443 3534 497 diem
3551 452 3606 500 et
3628 443 3846 511 horam,

611 539 792 595 derint
816 539 1086 601 homines,
1107 548 1160 593 et
1176 537 1463 606 nihiljcerti
1485 537 1814 606 intelligunt,
1835 550 1960 590 cum
1976 534 2173 604 aliquis

610 631 912 684 occurrerit
933 630 1112 684 exitus
1136 645 1335 694 rerum,
1368 637 1498 682 tunc
1527 627 1596 682 ad
1624 642 1687 683 ea
1716 642 1836 696 quae
1874 627 2178 680 acciderint

610 727 800 791 aptant
839 722 1000 776 etiam
1047 721 1243 777 somnii
1292 720 1495 784 visum,
1529 720 1602 772 ita
1641 727 1725 774 est
1765 726 1820 773 et
1867 717 2170 782 mathesis;

606 822 901 883 antequam
950 813 1153 883 aliquid
1206 813 1323 875 (lat,
1380 811 1514 866 certi
1569 811 1706 864 nihil
1763 811 2167 880 pronuntiatur,

607 912 799 974 postea
846 920 973 960 vero
1008 920 1170 974 quam
1202 905 1406 976 aliquid
1446 904 1727 964 acciderit,
1754 903 1832 957 rei
1859 901 1972 971 jam
2006 907 2172 971 gesta:

603 996 872 1065 colligunt
905 1011 1122 1052 causas.
1158 996 1399 1066 Denique
1443 995 1753 1065 frequenter
1787 1008 1910 1046 cum
1947 1007 2170 1046 errave-

608 1087 720 1142 rint
739 1095 792 1142 et
829 1088 985 1143 aliter
1016 1103 1104 1144 res
1122 1087 1415 1152 acciderit,.
1435 1088 1756 1156 semetipsos
1779 1085 2063 1153 increpant
2092 1081 2172 1137 di-

606 1186 794 1235 centes
822 1180 948 1247 quia
991 1179 1081 1233 illa
1108 1179 1210 1234 fuit
1239 1179 1393 1235 stella
1432 1194 1552 1249 qua:
1589 1177 1888 1249 impedivit,
1929 1191 2049 1246 quas
2076 1189 2171 1229 oc-

606 1272 884 1332 Currit,.et
904 1285 1014 1326 non
1041 1270 1625 1341 vidimus,ignorantes
1639 1270 1768 1339 quia
1797 1283 1954 1323 error
1980 1282 2168 1324 eorum

607 1377 716 1417 non
751 1377 818 1417 ex
858 1363 991 1418 artis
1022 1362 1409 1433 imprudentia,
1440 1362 1534 1418 sed
1563 1378 1630 1417 ex
1673 1363 1843 1416 totius
1873 1375 2055 1415 causa:
2085 1359 2170 1413 in-

607 1453 983 1521 convenientia
1024 1453 1346 1525 descendit:
1387 1454 1635 1523 ignorant
1679 1453 1824 1507 enim
1869 1467 1990 1522 quae
2035 1452 2167 1519 sint,

606 1560 731 1615 quae
748 1543 926 1602 facere
953 1547 1170 1615 quidem
1205 1548 1680 1616 concupiscamus,
1710 1561 1822 1600 non
1859 1554 2039 1600 tamen
2067 1547 2170 1599 .in-

609 1637 928 1709 dulgeamus
953 1633 1434 1708 concupiscentiis.
1462 1637 1574 1693 Nos
1599 1646 1779 1693 autem
1811 1637 1901 1707 qui
1926 1637 2168 1708 mysterii

609 1727 772 1797 hujus
807 1727 1096 1783 didicimus
1124 1728 1413 1790 rationem,
1443 1729 1648 1784 scimus
1686 1735 1740 1782 et
1769 1740 2013 1789 causam,
2039 1725 2168 1796 quia

2285 536 2453 605 cujus
2483 537 2646 591 etiam
2662 536 2816 606 signa
2835 535 3105 608 prte‘dixit,
3130 535 3348 591 nescire
3364 551 3420 591 se
3437 536 3845 606 professusest,

2276 633 2335 679 ut
2369 634 2542 680 totum
2579 636 2859 682 revocaret
2887 626 2951 681 ad
2975 625 3211 690 Patrem,
3243 627 3519 696 quomodo
3558 643 3660 684 nos
3682 639 3850 698 turpe

2274 716 2559 781 ducemus,
2584 718 2630 772 si
2655 718 2833 787 aliqua
2863 733 2963 772 nos
2989 717 3238 787 ignorare
3267 717 3553 782 fateamur,
3585 736 3707 773 cum
3729 719 3852 773 Ma-

2273 810 2428 881 gistri
2452 810 2623 864 iuhoc
2647 811 2943 864 habeamus
2971 811 3311 879 exemplum?
3332 810 3445 866 Hoc
3463 822 3638 867 tamen
3672 829 3851 868 unum

2273 903 2590 973 proﬁtemur
2621 917 2684 954 ea
2707 918 2808 956 nos
2833 901 2994 964 scire,
3027 918 3149 972 qua:
3178 917 3208 956 a
3245 919 3376 957 vero
3399 905 3656 975 propheta
3697 905 3852 959 didi-

2272 996 2482 1059 cimus;
2516 1009 2578 1048 ea
2600 1004 2776 1048 autem
2799 1008 2828 1046 a
2849 1010 2978 1049 vero
2999 996 3260 1066 propheta
3289 995 3449 1052 nobis
3473 1013 3594 1053 esse
3617 999 3848 1065 tradita,

2268 1102 2389 1158 quae
2414 1085 2668 1140 sufﬁcere
2694 1085 2944 1141 humana:
2972 1088 3214 1141 scientiae
3236 1088 3519 1157 judicavit.

2343 1177 2458 1232 XV.
2496 1178 2632 1233 Tum
2679 1194 2780 1250 ego
2819 1179 3070 1235 Clemens
3113 1179 3294 1236 dicere
3336 1182 3410 1235 ita
3454 1185 3594 1253 ρωρί
3636 1184 3847 1255 :Apud

2272 1268 2536 1339 Tripolim
2584 1285 2708 1323 cum
2751 1277 2944 1324 contra
2996 1270 3226 1340 gentiles
3255 1271 3586 1341 disputares,
3615 1273 3850 1330 domine

2271 1361 2347 1415 mi
2376 1359 2555 1426 Petre,
2587 1361 2744 1416 valde
2766 1361 2997 1416 miratus
3019 1377 3138 1416 sum
3173 1370 3246 1426 te,
3275 1364 3368 1432 qui
3400 1379 3429 1417 a
3458 1365 3702 1435 patribus
3732 1365 3851 1421 He-

2270 1452 2415 1508 braeo
2462 1453 2570 1506 ritu
2612 1461 2664 1507 et
2709 1455 3073 1510 observantiis
3103 1456 3336 1525 propria:
3381 1457 3512 1525 legis
3563 1458 3846 1522 imbutus,

2269 1542 2473 1598 Graeca:
2503 1545 2832 1600 eruditionis
2871 1546 3068 1600 studiis
3106 1547 3163 1599 in
3202 1547 3354 1600 nullo
3391 1548 3710 1616 inquinatus
3737 1564 3804 1603 es
3827 1587 3846 1615 ,

2269 1635 2544 1707 quomodo
2587 1643 2697 1689 tam
2746 1636 3034 1707 magnifice
3075 1644 3130 1691 et
3179 1645 3290 1690 tam
3341 1639 3852 1707 incomparabiliter

2270 1735 2591 1799 prosecutus
2636 1729 2734 1792 sis,
2783 1728 2858 1782 ita
2900 1735 2960 1782 ut
3004 1729 3169 1784 etiam
3199 1729 3448 1799 quaedam
3480 1730 3546 1784 de
3595 1730 3850 1786 historiis

611 1819 916 1874 libertatem
941 1818 1202 1874 habentes
1224 1819 1437 1874 arbitrii
1469 1819 1742 1874 interdum
1772 1817 2165 1887 concupiscen-
2196 1837 2238 1890 Β
2267 1821 2495 1875 deorum
2526 1824 2648 1891 quae
2677 1821 2732 1874 in
2758 1820 2989 1875 theatris
3021 1819 3302 1875 decantari
3325 1823 3522 1886 solent,
3559 1824 3853 1891 continge-

609 1908 702 1963 tiis
741 1907 1085 1974 obsistimus,
1117 1907 1386 1966 interdum
1415 1909 1692 1964 cedimus:
1730 1915 1784 1964 et
1814 1907 1936 1963 ideo
1975 1908 2169 1964 buma-

609 2012 804 2052 norum
835 2007 1109 2067 gestorum
1146 1997 1254 2070 (I7)
1295 2000 1538 2054 incertus
1574 2005 1660 2053 est
1706 1997 1906 2064 exitus,
1937 1997 2066 2068 quia
2112 1996 2167 2050 in

610 2089 857 2145 libertate
885 2090 1079 2159 pendet
1107 2089 1336 2145 arbitrii.
1365 2089 1499 2143 Nam
1526 2089 2019 2159 concupiscentiam
2048 2089 2166 2158 qui-

607 2182 752 2245 dem,
774 2195 936 2251 quam
963 2189 1218 2251 operatur
1245 2183 1479 2252 maligna
1506 2183 1698 2248 virtus,
1728 2189 1904 2250 potest
1928 2181 2169 2236 indicare

607 2261 1054 2338 mathematicus;
1094 2274 1189 2328 sed
1218 2273 1266 2328 si
1302 2273 1756 2344 concupiscentiae
1799 2272 1962 2342 hujus
2013 2279 2166 2326 actus

606 2364 694 2419 vel
720 2364 899 2419 exitus
930 2364 1143 2434 impleri
1185 2365 1357 2434 possit
1386 2379 1577 2429 necne,
1618 2366 1745 2436 quia
1775 2364 1828 2417 in
1867 2363 2076 2418 arbitrii
2104 2364 2170 2416 li-

607 2454 818 2510 bertate
841 2462 948 2517 est,
971 2446 1102 2510 sciri
1133 2463 1258 2510 ante
1283 2455 1535 2510 effectum
1567 2455 1645 2510 rei
1668 2473 1698 2508 a
1721 2455 1870 2509 nullo
1891 2452 2168 2524 potest.,Et

608 2546 712 2604 hoc
732 2554 817 2602 est
844 2547 988 2617 quod
1007 2546 1320 2618 ignorantes
1349 2547 1608 2616 astrologi
1637 2547 1959 2600 invenerunt
1981 2544 2084 2599 sibi
2111 2551 2170 2597 ut

605 2638 946 2693 climacteras
961 2638 1228 2699 dicerent,
1243 2637 1320 2692 rei
1333 2637 1765 2694 scilicetincerta
1778 2633 2020 2704 perfugia
2034 2633 2165 2705 (I8),

605 2731 748 2786 sicut
777 2731 1032 2785 hesterno
1068 2729 1378 2799 plenissime
1399 2730 1756 2800 ostendimus.

675 2821 811 2877 XIII.
837 2821 915 2876 Ad
937 2823 1051 2875 haec
1070 2822 1114 2875 si
1144 2822 1274 2891 quid
1297 2821 1392 2875 tibi
1414 2820 1698 2874 dicendum
1715 2820 1948 2884 videtur,
1980 2818 2165 2873 dicito.

606 2904 672 2966 Et
700 2920 888 2982 pater:
923 2911 1066 2966 Nihil
1103 2914 1304 2974 verius,
1351 2912 1546 2980 inquit,
1588 2911 1681 2976 fili,
1715 2910 1801 2964 his
1829 2921 1953 2980 quae
1982 2925 2170 2978 prose-

604 3011 764 3060 cutus
811 3019 871 3060 es
902 3004 1031 3075 (I9).
1073 3002 1317 3075 Cumque
1347 3003 1459 3058 haec
1496 3005 1838 3073 loqueremur
1882 3001 2023 3057 inter
2045 3018 2166 3066 nos,

603 3095 876 3151 nuntiavit
904 3096 1123 3166 quidam
1153 3095 1444 3166 plurimum
1463 3104 1609 3150 stare
1635 3096 1893 3165 pepulum
1917 3094 2050 3149 foris
2076 3095 2169 3165 qui

2269 1927 2377 1967 res.
2404 1909 2603 1965 Verum
2628 1912 2883 1985 quoniam
2915 1914 3062 1967 sensi
3087 1913 3186 1968 tibi
3204 1913 3360 1984 ipsas
3377 1914 3590 1970 fabulas
3617 1925 3670 1970 et
3693 1915 3853 1970 blas-

2269 2005 2515 2076 phemias
2544 2021 2731 2060 eorum
2763 2007 2943 2062 minus
2969 2023 3090 2063 esse
3121 2015 3298 2075 notas,
3321 2007 3388 2063 de
3412 2009 3518 2073 bis,
3552 2009 3598 2063 si
3638 2009 3850 2078 placet,

2267 2100 2444 2170 aliqua
2471 2100 2523 2153 in
2548 2102 2733 2154 auditu
2765 2109 2858 2154 tuo
2890 2109 3142 2171 repetens
3171 2102 3238 2155 ab
3274 2102 3390 2172 ipsa
3419 2102 3628 2170 origine
3658 2102 3846 2156 disse-

2269 2202 2405 2240 ram.
2437 2185 2501 2239 Et
2525 2186 2718 2244 Petrus
2753 2204 2766 2239 :
2798 2187 2911 2254 Dic,
2934 2188 3130 2259 inquit,
3156 2189 3292 2243 bene
3325 2189 3460 2244 facis
3487 2191 3680 2257 juvare
3703 2202 3856 2258 pia-

2267 2277 2593 2333 dicationem
2634 2287 2899 2335 nostram.
2933 2280 3071 2336 Tum
3095 2297 3195 2351 ego
3238 2298 3251 2332 :
3301 2280 3488 2335 Dicam
3522 2269 3686 2348 igitur
3713 2279 3854 2347 quia

2263 2367 2455 2437 jubes,
2506 2385 2617 2423 non
2665 2379 2723 2423 ut
2767 2371 2991 2438 docens,
3044 2373 3138 2427 sed
3174 2387 3334 2442 quam
3383 2371 3580 2426 stultas
3621 2370 3685 2424 de
3721 2367 3842 2422 diis

2270 2457 2386 2514 suis
2425 2461 2710 2531 opiniones
2737 2463 2974 2518 habeant
3025 2465 3276 2534 gentiles,
3309 2465 3362 2518 in
3393 2462 3631 2518 medium
3663 2458 3855 2530 profe-

2270 2566 2418 2606 rens.

2341 2642 2478 2700 XVI.
2515 2644 2758 2716 Cumque
2784 2650 2981 2702 vellem'
3002 2648 3202 2712 dicere,
3233 2647 3421 2702 Niceta
3454 2645 3667 2701 labrum
3700 2662 3855 2702 mor-

2271 2733 2427 2790 dicus
2469 2737 2764 2806 stringens,
2811 2737 3071 2792 innuebat
3109 2739 3338 2809 mihi_nt
3365 2745 3636 2803 tacerem;
3674 2753 3854 2808 quem

2270 2843 2395 2882 cum
2428 2827 2650 2882 vidisset
2677 2827 2891 2892 Petrus,
2918 2830 3031 2884 ait:
3063 2827 3173 2882 Cur
3205 2831 3481 2900 ingenium
3531 2830 3756 2885 liberale
3794 2837 3855 2883 et

2272 2933 2588 2989 generosam
2617 2918 2808 2974 laedere
2834 2922 2916 2975 vis
2946 2928 3218 2983 naturam,
3249 2929 3308 2975 ut
3337 2922 3392 2975 in
3415 2921 3674 2976 honorem
3706 2921 3850 2986 mei,

2272 3009 2366 3078 qui
2402 3009 2587 3064 nullus
2617 3018 2731 3073 est,
2777 3019 2955 3065 tacere
2983 3025 3107 3064 eum
3128 3011 3304 3066 velis?
3340 3011 3446 3065 Aut
3476 3015 3677 3073 nescis,
3708 3013 3853 3080 quia

2273 3101 2320 3155 si
2355 3115 2544 3154 omnes
2573 3109 2783 3171 gentes,
2817 3109 3101 3172 postquam
3135 3101 3410 3156 audierint
3445 3118 3475 3156 a
3530 3117 3615 3156 me
3645 3102 3856 3172 praedi-

605 3186 859 3241 Ndieﬂdi
889 3187 1060 3255 8mm
1086 3184 1459 3246 οοηνθηθτίηιο
1488 3190 1542 3237 ει
1571 3181 1944 3250 Ρθῐτυεὶυδείι
1981 3182 2065 3236 his
2086 3182 2167 3234 ίη·
2195 3175 2235 3231 C
2271 3188 2539 3242 cationem
2571 3189 2815 3244 veritatis
2860 3199 2914 3245 et
2960 3189 3312 3258 crediderint,
3355 3192 3524 3247 velint
3553 3207 3611 3246 se
3641 3192 3704 3245 ad
3738 3192 3852 3247 do-

602 3280 881 3350 grediendi
911 3281 1121 3350 copiam
1145 3279 1296 3343 dari;
1326 3287 1443 3333 erat
1470 3279 1614 3333 enim
1646 3278 1799 3334 locus
1829 3285 2168 3347 opportunus

605 3383 660 3426 et
681 3373 914 3444 amplus.
945 3371 1190 3442 Cumque
1215 3371 1448 3440 ingressi
1479 3369 1732 3435 fuissent,
1757 3370 1833 3423 ait
1856 3369 1922 3423 ad
1949 3385 2050 3424 nos
2070 3367 2170 3424 Pe-

606 3475 725 3519 trus
753 3479 768 3516 :
796 3463 852 3518 Si
886 3464 1009 3533 quis
1029 3465 1143 3518 vult
1165 3471 1428 3526 vestrum,
1463 3463 1625 3517 faciat
1665 3462 1731 3516 ad
1767 3462 2023 3532 populum
2055 3475 2171 3516 ser—

606 3569 819 3610 monem
852 3563 905 3610 et
940 3555 1007 3610 de
1039 3554 1346 3609 idololatria
1370 3553 1628 3610 ’disserat.
1660 3551 1762 3608 Cui
1790 3568 1889 3623 ego
1916 3551 2169 3621 Clemens

606 3648 863 3718 respondi
896 3668 907 3702 :
941 3646 1106 3701 Multa
1128 3648 1437 3717 benignitas
1462 3654 1554 3698 tua
1584 3653 1639 3700 et
1664 3661 1792 3716 erga
1815 3659 2004 3699 omnes
2033 3645 2170 3698 leni-

606 3747 693 3793 tas
732 3753 794 3794 ac
826 3739 1083 3809 patientia
1119 3739 1361 3808 indulget
1390 3736 1568 3799 nobis,
1596 3745 1656 3789 ut
1693 3735 1988 3790 audeamus
2021 3734 2168 3804 loqui

605 3844 788 3882 coram
817 3837 870 3883 te
896 3836 950 3884 et
988 3843 1177 3899 rogare
1209 3842 1328 3897 quae
1357 3826 1644 3890 volumus;
1671 3835 1723 3881 et
1755 3825 1900 3890 ideo,
1942 3832 2003 3880 ut
2034 3825 2166 3889 dixi,

607 3937 822 3978 morum
851 3931 1066 3977 tuorum
1092 3919 1454 3977 mansuetudo
1474 3919 1667 3972 invitat
1689 3932 1876 3973 omnes
1893 3925 1947 3972 et
1969 3917 2170 3972 adhor-

606 4023 754 4073 tatur
773 4015 1027 4071 salutaris
1051 4013 1310 4070 doctrinae
1327 4018 1592 4082 praecepta
1620 4009 1916 4076 suscipere.
1936 4006 2050 4063 Hoc
2074 4023 2174 4078 ego

605 4121 778 4178 usque
805 4105 872 4161 ad
892 4121 1131 4175 praesens
1154 4105 1295 4175 apud
1319 4103 1524 4157 nullum
1553 4102 1718 4156 alium
1745 4099 1873 4164 vidi,
1899 4101 2171 4170 nisiaapud

605 4208 660 4257 te
674 4201 868 4266 solum,
881 4199 1027 4272 apud
1049 4214 1209 4269 quem
1237 4195 1434 4251 invidia
1459 4193 1606 4248 nulla
1622 4200 1704 4248 est
1725 4207 1899 4263 neque
1921 4191 2167 4263 indigna-

605 4291 711 4357 tio;
743 4306 834 4346 aut
861 4290 992 4362 quid
1020 4292 1117 4344 tibi
1147 4289 1395 4344 videtur?

675 4384 816 4440 XIV.
851 4384 915 4442 Et
945 4383 1140 4440 Petrus
1174 4399 1187 4434 :
1225 4381 1345 4436 Non
1385 4384 1561 4436 solum
1602 4381 1716 4434 hac
1743 4395 1809 4433 ex
1849 4377 2050 4433 invidia
2078 4383 2170 4432 aut

2271 3281 2504 3335 cendum
2547 3282 2818 3350 conferre,
2851 3285 2985 3338 mihi
3027 3287 3290 3355 majorem
3341 3288 3557 3356 pariunt
3583 3289 3847 3360 gloriam,

2271 3370 2540 3440 siquidem
2571 3373 2756 3442 gloria:
2774 3390 2857 3429 me
2880 3375 3133 3445 cupidum
3167 3378 3361 3446 putas?
3389 3377 3528 3442 Quid
3554 3380 3696 3432 enim
3725 3389 3851 3434 tam

2267 3463 2566 3534 gloriosum
2586 3481 2749 3537 quam
2779 3465 2998 3521 Christo
3026 3467 3324 3537 discipulos
3347 3483 3702 3538 prmparasse,
3726 3485 3852 3524 non

2275 3556 2367 3624 qui
2411 3563 2627 3610 taceant
2661 3564 2716 3610 et
2755 3558 2857 3612 soli
2896 3558 3032 3613 salvi
3085 3558 3237 3626 fiant,
3279 3558 3375 3614 sed
3414 3560 3504 3629 qui
3547 3560 3856 3630 loquantur

2270 3661 2392 3716 qua:
2430 3646 2757 3713 didicerunt,
2790 3659 2844 3705 et
2870 3651 3056 3705 multis
3098 3651 3344 3720 prosint?
3374 3649 3589 3705 Utinam
3615 3652 3854 3722 quidem

2270 3745 2325 3794 et
2345 3738 2647 3804 tu,Niceta,
2683 3740 2777 3796 sed
2804 3753 2856 3796 et
2886 3750 2964 3806 tu,
2991 3744 3304 3799 dulcissime
3335 3743 3551 3814 Aquila,
3579 3745 3855 3812 juvaretis

2272 3843 2358 3884 me
2387 3832 2455 3885 ad
2491 3832 2891 3900 praedicandum
2928 3831 3150 3888 verbum
3186 3832 3302 3900 Dei,
3341 3847 3405 3888 eo
3443 3833 3615 3903 magis
3641 3848 3853 3903 quo,ea

2273 3922 2328 3977 in
2348 3923 2546 3991 quibus
2563 3931 2750 3978 errant
2777 3924 3027 3993 gentiles,
3059 3924 3195 3979 bene
3217 3925 3372 3980 vobis
3389 3932 3664 3995 comperta
3686 3935 3848 3980 sunt:

2273 4023 2327 4071 et
2371 4032 2481 4070 non
2524 4017 2699 4070 solum
2738 4033 2858 4082 vos,
2892 4014 2985 4072 sed
3019 4024 3072 4072 et
3109 4032 3298 4073 omnes
3335 4019 3428 4087 qui
3458 4019 3686 4073 audiunt
3731 4035 3850 4085 me,

2270 4116 2420 4178 opto,
2491 4115 2549 4160 ut
2591 4106 2848 4172 dixi,1ita
2889 4107 3077 4162 audire
3102 4117 3155 4164 et
3192 4108 3426 4173 discere,
3472 4117 3529 4163 ut
3562 4116 3616 4164 et
3645 4110 3856 4166 docere

2271 4199 2513 4271 possint;
2549 4201 2734 4254 multis
2773 4215 3007 4271 namque
3039 4200 3383 4270 adjutoribus
3424 4201 3631 4272 indiget
3675 4219 3847 4257 mun-

2272 4290 2396 4355 dus,
2416 4292 2613 4360 quibus
2630 4291 2878 4345 homines
2901 4291 2968 4344 ab
3000 4306 3187 4346 errore
3213 4299 3553 4347 revocentur.
3596 4293 3852 4364 Cumque

2275 4381 2390 4436 haec
2424 4381 2671 4446 dixisset,
2705 4382 2780 4436 ait
2804 4381 2875 4436 ad
2916 4397 3037 4437 me:
3079 4381 3160 4435 Tu
3191 4397 3342 4452 ergo,
3378 4381 3654 4449 Clemens,
3684 4399 3852 4438 exse-

605 4475 982 4547 indignatione
1021 4474 1269 4538 veniunt,
1302 4473 1396 4528 sed
1419 4471 1692 4527 interdum
1721 4469 1863 4524 inest
1893 4469 2171 4539 aliquibus
2200 4512 2250 4572 ο
2273 4488 2442 4542 quere
2461 4489 2582 4544 quae
2601 4473 2837 4544 cmpisti.

604 4568 955 4632 verecundia,
981 4582 1049 4621 ne
1076 4567 1212 4622 forte
1241 4563 1307 4620 de
1346 4565 1432 4619 his
1453 4579 1575 4635 qua:
1594 4569 1990 4633 proponuntur,
2016 4563 2173 4633 plene

605 4665 937 4736 respondere
963 4678 1073 4718 non
1104 4661 1335 4734 possint,
1350 4667 1404 4714 et
1421 4659 1632 4730 fugiunt
1654 4657 1937 4728 imperitiae
1962 4665 2169 4724 notam.

609 4753 719 4812 Sed
745 4770 852 4813 non
875 4753 1034 4808 debet
1055 4766 1153 4821 pro
1179 4750 1282 4805 hoc
1312 4748 1434 4818 quis
1469 4746 1852 4802 verecundiam
1882 4747 2011 4825 pati,
2045 4749 2171 4816 quia

606 4861 708 4902 nec
733 4854 817 4901 est
848 4843 1048 4914 aliquis
1079 4841 1359 4896 hominum
1380 4841 1474 4908 qui
1501 4836 1744 4908 profiteri
1769 4835 1964 4892 debeat
1988 4839 2170 4892 omnia

610 4951 667 4996 se
691 4941 868 5004 scire;
900 4953 1044 4993 unus
1063 4937 1207 4991 enim
1243 4941 1326 4992 est
1346 4933 1439 5004 qui
1470 4933 1572 4987 scit
1603 4929 1809 4994 omnia,
1835 4929 2082 5000 ipse.qui
2115 4939 2170 4986 et

2345 4565 2510 4623 XVII.
2544 4567 2610 4622 Et
2648 4583 2747 4638 ego
2781 4568 3041 4622 continuo
3079 4567 3337 4638 subjunxi
3379 4584 3393 4618 :
3435 4566 3737 4634 Quoniam,
3787 4577 3853 4622 ut

2274 4659 2408 4724 dixi,
2428 4662 2568 4731 apud
2592 4659 2853 4730 Tripolim
2872 4660 3177 4730 disputans,
3199 4661 3366 4714 multa
3383 4659 3448 4714 de
3470 4660 3576 4714 diis
3597 4662 3852 4730 gentium

2277 4753 2484 4807 utiliter
2518 4765 2566 4808 et
2593 4753 2906 4808 necessario
2935 4750 3267 4817 disseruisti,
3303 4752 3466 4822 cupio
3515 4751 3582 4806 de
3628 4753 3849 4822 origine

2273 4857 2461 4896 eorum
2495 4843 2725 4898 ridicula
2774 4851 2827 4898 te
2879 4858 3062 4897 coram
3101 4857 3391 4912 exponere,
3445 4850 3504 4896 ut
3543 4853 3725 4913 neque
3790 4853 3850 4900 te

2273 4935 2436 4990 lateat
2461 4951 2613 4990 vana:
2633 4935 2795 5006 hujus
2825 4935 3229 5004 superstitionis
3257 4942 3647 4998 commentum,
3669 4945 3724 4990 et
3746 4951 3850 4990 au-

1884 5089 2242 5146 COTELERII
2290 5091 2520 5147 NOTAE.

682 5264 790 5333 (17)
831 5261 900 5316 Et
927 5262 1039 5314 ideo
1068 5262 1419 5333 humanorum
1439 5268 1724 5333 gestorum,
1756 5266 1862 5333 etc.
1895 5257 1996 5312 Hic
2023 5256 2173 5312 Rufi-

610 5331 714 5388 nus
743 5332 995 5387 Rulinum
1027 5334 1155 5399 agit.
1191 5331 1292 5383 hoc
1319 5340 1420 5389 est,
1467 5331 1646 5383 laxum
1697 5331 2007 5400 malumque
2043 5344 2174 5399 prae-

611 5404 800 5459 sertim
832 5404 887 5455 in
917 5401 1328 5456 obscurioribus
1359 5400 1728 5468 interpretem.

682 5473 791 5543 (I8)
836 5470 1274 5543 Ut_climacteros
1292 5469 1567 5543 _dicere_nt,
1603 5471 1676 5524 rei
1693 5539 1703 5543 Δ
1723 5470 1919 5543 scilicet
1940 5469 2172 5543 incerta;

610 5537 878 5613 uerfug'ria.
901 5540 1043 5613 Hinc
1073 5540 1265 5613 scribi“
1287 5539 1424 5594 forte
1452 5540 1663 5613 debeat
1693 5539 1745 5594 in
1778 5538 1834 5594 S.
1867 5537 2171 5613 Sebastiani

614 5609 812 5670 Actis:
843 5612 1187 5668 Climacteriu
1212 5609 1412 5673 dicunt,
1445 5609 1498 5661 id
1529 5620 1604 5664 est
1637 5621 1828 5663 natura
1858 5610 1932 5664 rei
1963 5610 2171 5663 incerta

720 5620 764 5669 is
799 5632 812 5668 ε
843 5620 1187 5668 Cttmacteraa
1212 5620 1412 5732 dicuzt,
1445 5620 1498 5661 id
1529 5620 1604 5664 est
1637 5621 1828 5663 natura
1858 5620 1931 5664 rei
1963 5620 2171 5663 incerta

715 5685 864 5751 Fugio.
897 5681 1057 5737 Aliud
1103 5689 1298 5751 sonant
1387 5694 1521 5734 raeca
1561 5699 1573 5734 :
1621 5682 1758 5742 Τοὺς
1798 5678 2171 5751 κλιμακτῆρᾳς

613 5687 864 5811 Wffin.
897 5687 1057 5737 Aliud
1103 5689 1298 5736 sonant
1337 5687 1548 5763 Graeca,

613 5762 708 5811 tu:
771 5770 929 5811 ησαν.
960 5755 1038 5811 εις
1080 5748 1373 5811 ἀδηλότητα
1403 5766 1548 5802 mm

613 5747 929 5826 ὶπέῦησαν,
960 5755 1038 5815 εις
1080 5748 1373 5822 ἀῦηλότητα
1403 5751 1704 5821 ποιούμενοι
1735 5753 1813 5806 vel
1851 5747 2169 5822 μὲταποὼύ-

2279 5274 2429 5326 μενοι
2455 5257 2553 5328 τὴν
2580 5256 2912 5328 προαίρεσιν.
2933 5253 3166 5328 Nempe:
3187 5252 3535 5328 Climarteraa
3564 5253 3856 5306 commenti

2275 5324 2417 5392 sunt,
2449 5324 2666 5382 liberant
2696 5324 2918 5380 hominis
2945 5325 3260 5378 voluntatem
3279 5324 3332 5377 in
3353 5324 3549 5376 incerto
3570 5333 3851 5390 ponentes,

2274 5406 2369 5451 aut
2396 5398 2587 5463 injem
2618 5398 2870 5449 incertam
2901 5403 3300 5449 committentes.

2344 5468 2456 5539 (19)
2498 5466 2650 5520 Nihil
2679 5466 2869 5529 verius,
2901 5467 3087 5539 inquit,
3131 5463 3351 5539 ρμιὶηὴὶξ
3390 5477 3507 5539 quire
3529 5474 3854 5539 prosecuit”

2272 5531 2626 5608 eszl'icujus
2659 5537 2915 5608 momenti
2943 5531 3027 5608 est
3057 5531 3216 5589 lectio
3239 5531 3424 5608 Graeca
3471 5531 3709 5608 duorum
3742 5531 3850 5608 ιζς.

2272 5623 2482 5678 glorum
2522 5601 3174 5678 _éodic_um,_&1:sxplvaro,
3212 5601 3372 5674 μηδὲν
3413 5601 3620 5657 τούτων
3654 5602 3857 5675 ἀληθει

2281 5671 2466 5750 ἔντερον
2494 5676 2629 5732 εἶναι
2657 5671 2730 5735 ὧν
2762 5674 2929 5731 εἶπεν.
