4078 6336
635 420 765 476 1451

1479 414 1533 468 S.
1570 413 1966 469 CLEMENTIS
1997 411 2017 465 ι
2051 413 2214 468 ROM.
2250 411 2453 467 PONT.
2485 408 2712 465 OPERA
2743 409 2966 464 DUBlA.

3739 411 3876 467 “Si

631 541 975 604 conceptum.
1025 529 1103 586 Ex
1135 532 1254 600 ipso
1284 536 1466 583 autem
1516 528 1649 582 Jove
1697 528 1940 582 Medeam
1988 529 2194 600 genuit,
2227 532 2272 585 Α
2301 526 2474 590 nanti,
2499 540 2566 578 ex
2595 539 2700 592 qua
2730 525 2976 578 nascitur
3003 522 3192 589 Belus;
3227 523 3507 588 Latonam,
3545 540 3610 580 ex
3633 540 3739 596 qua
3770 543 3875 582 na-

632 637 792 692 qnam
824 635 1087 689 responso
1111 628 1356 688 accepto,
1389 618 1535 688 quod
1567 620 1661 688 qui
1693 634 1758 671 ex
1784 634 1847 672 ea
1880 627 2201 672 nasceretur

634 712 826 766 Sortior
857 713 973 780 ipso
1005 717 1151 767 esset
1176 718 1228 763 et
1253 724 1416 778 regno
1433 725 1559 763 eum
1581 710 1895 778 depelleret,
1915 723 2202 765 assumens

631 805 796 857 etiam
832 806 946 872 ipse
976 803 1235 867 devorat;
1272 809 1325 857 et
1355 817 1573 875 rursum
1621 803 1804 871 genuit
1853 803 1921 857 de
1977 804 2203 857 cerebro

632 893 851 961 quidem
908 891 1220 952 Minervam,
1255 889 1322 945 de
1351 891 1554 944 femore
1585 905 1712 944 vero
1763 890 2037 946 Liberum.
2072 890 2202 946 Post

633 983 748 1038 haec
772 984 1052 1038 Thetidem
1092 998 1216 1036 cum
1246 982 1586 1045 adamasset,
1628 985 1781 1036 aiunt
1817 961 2199 1038 Prometheum

635 1075 1102 1143 pronuntiasseei,
1123 1072 1267 1144 quod
1285 1074 1331 1128 si
1363 1074 1749 1127 concubuisset
1767 1089 1888 1126 cum
1911 1089 1995 1136 ea,
2014 1074 2107 1142 qui
2134 1090 2198 1127 ex

632 1180 696 1218 ea
734 1174 1048 1220 nasceretur
1076 1166 1268 1218 lortior
1298 1171 1443 1217 esset
1475 1173 1647 1232 patre,
1673 1172 1726 1219 et
1757 1165 1826 1216 ob
1861 1165 1963 1217 hoc
1996 1166 2200 1217 veritus

633 1256 794 1312 Peleo
815 1258 1029 1311 cuidam
1047 1258 1141 1310 dat
1157 1272 1274 1310 eam
1309 1258 1362 1310 in
1386 1258 1824 1321 matrimonium;
1855 1257 2052 1310 dehinc
2076 1256 2202 1310 Per-

635 1349 910 1416 sephonac,
954 1363 1074 1416 qua:
1127 1347 1174 1400 ei
1220 1363 1285 1400 ex
1318 1347 1515 1401 Cerere
1560 1348 1735 1401 fuerat
1780 1357 2056 1416 suscepta,
2099 1349 2200 1404 mi-

635 1447 839 1503 scetur,
888 1453 953 1492 ex
993 1453 1100 1506 qua
1132 1436 1448 1508 Dionysium
1472 1439 1658 1507 genuit
1679 1439 1772 1508 qui
1802 1455 1831 1492 a
1863 1438 2077 1493 Titanis
2111 1440 2200 1494 di-

637 1538 887 1599 scerptus
919 1540 1021 1584 εει.
1054 1527 1162 1583 Sed
1192 1529 1527 1592 recordatus,
1559 1529 1756 1600 inquit,
1792 1546 1859 1583 no
1893 1531 2028 1584 iorte
2049 1539 2202 1600 pater

639 1642 770 1680 suus
794 1624 1062 1678 Saturnus
1095 1624 1259 1678 alium
1300 1624 1469 1677 lilium
1500 1632 1804 1695 generaret,
1833 1624 1922 1694 qui
1947 1626 2110 1680 etiam
2143 1641 2203 1680 se

637 1720 832 1774 fortior
869 1727 1192 1774 nasceretur
1221 1733 1496 1788 regnoque
1523 1718 1837 1787 depelleret,
1886 1733 2202 1789 oppugnare

638 1813 948 1884 aggreditur
973 1821 1178 1881 patrem
1219 1827 1323 1866 una
1352 1827 1475 1866 cum
1511 1809 1767 1865 fratribus
1805 1812 1925 1879 ejus
1954 1811 2199 1876 Titanis;

2305 620 2476 671 scitur
2498 616 2688 685 Apollo
2716 625 2768 671 et
2799 615 2999 681 Diana;
3025 616 3315 671 Leonidam
3347 616 3784 688 Eurymedontis,
3805 635 3873 676 ex

2303 723 2410 776 qua
2443 708 2695 762 nascitur
2717 707 2897 762 Coron
2922 727 2936 774 ;
2991 707 3299 779 Lysitheam
3329 707 3515 771 Eveni,
3550 725 3614 764 ex
3641 727 3747 779 qua
3775 727 3877 764 na-

2302 801 2475 854 scitur
2505 797 2776 862 Helenus;
2834 797 3249 869 Hippodamiam
3277 799 3385 870 (30)
3418 798 3876 869 Bellerophontis,

2300 906 2366 945 ex
2397 906 2503 961 qua
2534 892 2782 946 nascitur
2813 889 3125 961 Sarpedon;
3161 891 3475 961 Megacliten
3509 891 3763 955 Macarei,
3807 911 3877 948 ex

2299 1000 2408 1054 qua
2449 986 2694 1038 nascitur
2737 983 2922 1040 Thebe
2957 993 3010 1040 et
3045 984 3279 1052 Locrus;
3327 985 3532 1041 Nioben
3576 987 3872 1052 Phoronei,

2300 1092 2362 1129 ex
2385 1090 2490 1144 qua
2531 1075 2781 1129 nascitur
2813 1075 2994 1147 Argus
3011 1078 3738 1149 etPelasgus;Olympiadam
3757 1081 3875 1151 (51)

2300 1165 2660 1236 Neoptolemi,
2712 1183 2778 1222 ex
2811 1184 2914 1238 qua
2946 1170 3194 1224 nascitur
3223 1170 3562 1234 Alexander;
3607 1171 3877 1242 Pyrrham

2299 1256 2605 1312 Promethei
2659 1259 2792 1330 (δε),
2843 1276 2907 1313 ex
2952 1275 3057 1330 qua
3091 1261 3337 1314 nascitur
3367 1260 3874 1335 Hehnetheus(33);

2300 1347 2682 1419 Prothgeniam
2736 1359 2788 1404 et
2849 1349 3154 1405 Pando’ram
3194 1352 3536 1409 Deucalionis
3594 1355 3751 1417 ﬁlias,
3808 1371 3874 1410 ex

2300 1442 2500 1511 quibus
2531 1443 2718 1512 genuit
2753 1441 3050 1500 £thelium
3085 1444 3196 1513 (54)
3219 1451 3272 1497 et
3305 1443 3504 1498 Dorum
3537 1455 3588 1499 et
3622 1445 3877 1501 Meleram

2301 1545 2355 1588 et
2392 1533 2737 1602 Pandorum;
2776 1535 3156 1591 Thaicruciam
3199 1536 3403 1597 Protei.
3453 1555 3517 1592 ex
3545 1556 3651 1607 qua
3691 1541 3880 1593 nasci-

2303 1634 2392 1679 tur
2415 1625 2760 1696 Nympheus;
2799 1625 3128 1681 Salaminam
3162 1628 3325 1698 Asopi
3361 1630 3491 1700 (55),
3532 1647 3594 1685 ex
3633 1648 3738 1700 qua
3780 1649 3880 1685 na-

2302 1716 2476 1772 scitur
2507 1718 2783 1774 Sziracon:
2819 1716 3116 1788 Taygeton,
3147 1716 3438 1782 Electram,
3499 1719 3715 1785 Maiam,
3746 1722 3882 1775 Plu-

2302 1810 2450 1863 tiden
2502 1808 2662 1879 (56),’
2695 1810 3143 1877 Atlantistilias,
3196 1827 3259 1866 ex
3308 1813 3511 1882 quibus
3562 1817 3750 1884 genuit
3811 1832 3881 1870 ex

637 1908 836 1975 quibus
869 1904 1162 1973 oppressis,
1203 1902 1268 1955 ad
1297 1902 1546 1955 ultimum
1569 1902 1730 1955 etiam
1765 1911 1972 1972 patrem
2002 1905 2056 1957 iu
2077 1906 2199 1959 vin-
2234 1904 2274 1957 Β
2305 1898 2544 1970 Taygete
2584 1902 2803 1971 quidem
2836 1901 3300 1965 Lacedaemonem,
3332 1920 3398 1958 cx
3424 1903 3636 1959 Electra
3669 1905 3881 1960 Darda-

637 1998 757 2052 cula
788 1997 1040 2064 conjecit,
1067 1996 1391 2065 desectaque
1413 1997 1530 2063 ejus
1558 1995 1812 2065 genitalia
1837 1997 1890 2050 in
1909 2012 2057 2051 mare
2079 2011 2193 2066 pro-

635 2091 783 2159 jecit.
829 2088 932 2141 Sed
964 2103 1126 2141 cruor
1162 2088 1253 2156 qui
1280 2087 1502 2142 deﬂuxit
1545 2104 1613 2142 ex
1638 2089 1882 2154 vulnere,
1917 2095 2204 2156 susceptus

640 2181 895 2236 ﬂuctibus
930 2188 982 2233 et
1006 2179 1275 2248 frequenti
1302 2179 1587 2233 collisione
1612 2180 1674 2232 in
1713 2193 1960 2248 spumam
1991 2195 2202 2242 versus,

641 2272 947 2341 procreavit
979 2285 1098 2324 eam
1130 2284 1290 2338 quam
1321 2269 1512 2323 dicunt
1531 2268 1902 2338 Aphroditen,
1932 2285 2206 2340 quamque

641 2361 783 2431 apud
814 2376 912 2415 nos
953 2358 1215 2414 Venerem
1248 2361 1538 2431 appellant.
1595 2359 1672 2413 Ex
1707 2361 1869 2430 hujus
1909 2363 2202 2416 concubitu

640 2466 762 2520 quai
789 2460 905 2506 erat
943 2450 1130 2518 utique
1158 2463 1338 2513 soror,
1375 2449 1519 2502 hunc
1573 2448 1752 2520 ipsum
1802 2449 1996 2511 Jovem.
2026 2450 2207 2505 ferunt

642 2542 894 2611 genuisse
911 2543 1135 2610 Cyprin,
1162 2558 1229 2596 ex
1263 2557 1367 2610 qua
1396 2543 1548 2596 aiunt
1585 2542 1970 2610 etCupidinem
1993 2553 2202 2601 natum.

717 2632 853 2687 XXI.
886 2633 1007 2687 Haec
1038 2633 1255 2702 quidem
1285 2634 1350 2688 de
1382 2634 1604 2688 incestis
1634 2634 1784 2702 ejus;
1816 2635 1938 2687 audi
1971 2651 2116 2690 nunc
2155 2642 2208 2689 et

645 2724 712 2777 de
743 2724 1021 2781 adulteriis
1044 2725 1177 2796 (24).
1206 2725 1474 2795 Europam
1500 2724 1699 2780 Oceani
1730 2726 2015 2796 conjugem
2028 2728 2205 2790 vitiat,

645 2832 711 2871 ex
741 2829 843 2884 qua
873 2817 1114 2870 nascitur
1130 2816 1575 2888 Dodonaeus(25);
1609 2817 1865 2873 Helenam
1888 2817 2205 2881 Pandionis,

645 2924 711 2962 ex
729 2924 829 2976 qua
858 2911 1101 2963 nascitur
1127 2909 1390 2976 Musaeus;
1424 2909 1767 2980 Eurynomen
1793 2912 1994 2982 Asopi,
2017 2927 2083 2965 ex
2103 2927 2208 2981 qua

649 3001 893 3051 nascitur
937 2998 1207 3070 Ogygias;
1249 2999 1575 3061 Hermionen
1616 3000 1837 3066 Oceani,
1874 3018 1938 3055 ex
1975 3019 2080 3072 qua
2113 3022 2211 3057 na-

648 3107 762 3148 scut
797 3085 874 3146 'nr
896 3095 1165 3163 Charites,
1191 3094 1400 3160 Thalia,
1432 3095 1804 3166 Euphrosyile,
1822 3097 2040 3166 Aglaia;
2068 3096 2209 3152 The-

647 3185 760 3238 min
784 3202 1026 3241 sororem
1057 3204 1231 3249 suam,
1262 3205 1330 3244 ex
1359 3204 1465 3259 qua
1495 3198 1793 3244 nascuntur
1828 3189 2006 3251 Horas.
2038 3188 2212 3264 Eury-

2307 2007 2457 2053 num,
2502 2006 2567 2046 ex
2607 1991 2740 2045 Maia
2787 1992 3141 2059 Mercurium,
3185 2011 3249 2048 ex
3293 1993 3508 2049 Plutide
3544 1996 3877 2062 Tantalum;

2305 2081 2552 2135 Phthiam
2571 2079 2862 2145 Phoronei,
2883 2098 2949 2136 ex
2966 2098 3070 2151 qua
3087 2083 3273 2152 genuit
3294 2085 3567 2148 Achaeum;
3589 2087 3882 2158 [Choniani

2304 2173 2549 2227 Aramni.
2582 2189 2647 2226 ex
2665 2188 2770 2241 qua
2802 2174 2990 2243 genuit
3021 2173 3349 2247 Laconem;]
3402 2177 3689 2232 Chalceam
3723 2196 3884 2248 nym-

2309 2265 2494 2333 pham,
2520 2279 2583 2317 ex
2618 2278 2723 2332 qua
2759 2265 3003 2318 nascitur
3033 2263 3324 2335 Olympus;
3377 2267 3695 2321 Charidiam
3725 2285 3886 2339 nym-

2307 2356 2466 2424 pham
2491 2371 2556 2408 ex
2581 2371 2687 2424 qua
2712 2358 2956 2410 nascitur
2992 2356 3296 2420 Alchanus;
3339 2359 3576 2419 Clorida‘,
3613 2377 3734 2428 quze
3783 2362 3884 2413 fuit

2306 2445 2561 2514 Ampyci,
2594 2460 2657 2498 ex
2696 2461 2800 2513 qua
2821 2447 3062 2500 nascitur
3087 2446 3342 2516 Mopsus;
3382 2447 3668 2502 Cotoniam
3693 2448 3882 2516 Lesbi,

2305 2551 2369 2590 ex
2401 2552 2506 2604 qua
2537 2537 2781 2590 nascitur
2801 2536 3121 2609 Polymedes
3148 2559 3159 2602 ;
3184 2539 3595 2610 Hippodamiam
3619 2543 3835 2598 Aniceti
3867 2563 3880 2610 ;

2305 2628 2727 2697 Chrysogeniam
2762 2627 2945 2693 Penei,
2977 2646 3041 2685 ex
3072 2647 3178 2701 qua
3209 2633 3453 2686 nascitur
3473 2632 3773 2690 Thissazus.

2378 2719 2537 2773 ΧΧΙΙ.
2571 2721 2675 2776 Sed
2710 2729 2763 2775 et
2793 2723 2895 2776 alia
2928 2733 3055 2778 sunt
3090 2725 3319 2792 plurima
3343 2726 3461 2794 ejus
3499 2726 3792 2790 adulteria,
3819 2743 3888 2782 ex

2307 2813 2506 2882 quibus
2550 2829 2649 2867 nec
2693 2815 3004 2885 progeniem
3061 2817 3327 2886 suscepit,
3382 2805 3502 2887 quae
3557 2835 3890 2874 enumerare

2309 2903 2442 2958 satis
2474 2905 2691 2972 longum
2719 2914 2822 2959 est.
2856 2905 3055 2959 Verum
3084 2922 3150 2961 ex
3183 2908 3266 2963 his
3295 2910 3549 2964 omnibus
3590 2926 3729 2980 quas
3749 2927 3886 2963 enu-

2309 2995 2657 3057 meravimus,
2680 2996 2970 3048 nonnullas
2995 2995 3435 3062 transformatus,
3457 3006 3642 3068 utpote
3668 3016 3884 3070 magus.

2312 3085 2538 3141 vitiavit.
2557 3084 2795 3154 Denique
2815 3086 3082 3155 Antiopen
3112 3086 3299 3158 Nyctei
3327 3105 3513 3144 versus
3537 3092 3594 3145 in
3632 3101 3884 3162 satyrum

2312 3178 2579 3245 corrupit,
2618 3193 2683 3232 ex
2714 3194 2819 3247 qua
2855 3188 3162 3232 nascuntur
3201 3179 3473 3249 Amphion
3531 3190 3585 3235 et
3639 3180 3885 3247 Zethus;

649 3277 830 3333 "mnia
863 3275 996 3347 (26),
1031 3276 1178 3339 Πίου,
1211 3277 1396 3342 "ene;
1441 3265 1720 3331 Τιιειηῖειο
1760 3277 1873 3348 (27)
1906 3279 2111 3342 Inachi,
2147 3261 2210 3334 εχ
2239 3261 2280 3316 C
2314 3269 2628 3323 Alcmenam
2677 3278 2920 3323 mutatus
2947 3271 2999 3323 in
3027 3271 3205 3324 virum
3238 3272 3356 3340 ejus
3387 3271 3842 3344 Amphitryoncm
3869 3318 3882 3338 ,

652 3379 756 3434 qua
795 3366 1037 3419 nascitur
1069 3366 1267 3432 Arcas;
1307 3365 1485 3420 ldeam
1527 3366 1743 3431 Minois,
1784 3386 1849 3425 ex
1889 3372 2212 3440 quanasci-

653 3465 743 3516 tur
766 3457 1017 3512 Asterion
1041 3456 1413 3524 ;Pho:nissam
1434 3459 1737 3529 Alphionis,
1754 3477 1818 3515 ex
1847 3478 1953 3530 qua
1973 3464 2214 3518 nascitur

655 3546 988 3618 Endymion;
1029 3547 1083 3603 lo
1112 3549 1331 3615 Inachi,
1365 3568 1432 3605 ex
1479 3566 1586 3620 qua
1627 3552 1872 3607 nascitur
1918 3553 2214 3625 Epaphus;

655 3636 1063 3708 Hippodamiam
1089 3651 1138 3694 et
1163 3637 1375 3695 lsionen
1398 3640 1569 3693 Danai
1603 3641 1761 3706 tilias,
1791 3658 2020 3712 quarum
2049 3659 2212 3699 unam

657 3728 1064 3799 Hippodamiam
1087 3729 1309 3797 Olenus,
1328 3730 1541 3786 lsionen
1555 3748 1682 3787 vero
1701 3731 2080 3789 Orchomenus
2103 3736 2217 3789 sive

656 3819 892 3890 Chryses
923 3820 1138 3888 habuit;
1161 3821 1387 3876 Carmen
1426 3821 1719 3884 Phoenicis,
1744 3840 1808 3877 ex
1832 3839 1936 3892 qua
1971 3826 2217 3880 nascitur

656 3912 997 3967 Britomartis
1027 3913 1163 3983 (‘28),
1197 3930 1318 3984 qua;
1370 3913 1468 3966 fuit
1505 3915 1708 3967 sodalis
1742 3915 1958 3981 Dianae;
1988 3915 2214 3970 Callisto

657 4001 944 4074 Lycaonis,
973 4020 1039 4059 ex
1072 4019 1179 4074 qua
1209 4005 1456 4059 nascitur
1477 4003 1679 4069 Orcas;
1711 4005 1924 4076 Lybeen
1954 4008 2066 4078 (29)
2099 4008 2213 4062 Mu-

2312 3375 2376 3415 ει
2412 3373 2515 3429 qua
2547 3363 2790 3415 nascitur
2823 3361 3110 3427 Hercules;
3147 3353 3399 3432 ASginam
3439 3364 3604 3434 ASOpi
3641 3375 3887 3421 mutatus

2315 3453 2370 3509 in
2399 3453 2658 3523 aquilam,
2686 3470 2753 3508 ex
2782 3469 2888 3523 qua
2921 3456 3172 3513 nascitur
3201 3455 3426 3511 Aiacus.
3471 3454 3578 3510 Sed
3622 3466 3676 3511 et
3703 3457 3886 3529 Gany-

2316 3544 2527 3599 medem
2574 3543 2831 3610 Dardani,
2876 3555 3121 3601 mutatus
3156 3547 3511 3603 nihilominus
3552 3547 3607 3602 in
3648 3551 3884 3619 aquilam

2317 3645 2572 3707 stuprat;
2622 3637 2923 3692 Mantbeam
2968 3637 3136 3694 Phoci
3173 3649 3415 3695 mutatus
3465 3642 3517 3694 in
3575 3657 3789 3704 ursum,
3821 3656 3885 3694 ex

2316 3744 2421 3800 qua
2447 3730 2690 3782 nascitur
2717 3731 2946 3796 Arctos;
2981 3729 3196 3785 Danaen
3219 3732 3415 3786 Acrisii
3441 3742 3684 3784 mutatus
3709 3733 3764 3784 in
3792 3747 3889 3784 au-

2315 3837 2456 3885 rum,
2489 3836 2552 3874 ex
2605 3836 2708 3889 qua
2749 3822 2989 3876 nascitur
3026 3822 3289 3887 Perseus;
3331 3822 3578 3890 Europen
3611 3821 3887 3875 Phaniicis

2317 3920 2559 3968 mutatus
2591 3914 2642 3965 in
2678 3919 2915 3977 taurum,
2941 3928 3012 3967 ex
3035 3929 3140 3983 qua
3181 3915 3427 3967 nascitur
3464 3913 3642 3967 Minos
3662 3924 3713 3968 et
3742 3912 3886 3966 Rha-

2317 4004 2626 4063 damantus.
2648 4000 3064 4072 Sarpedonque;
3086 4003 3511 4074 Eurymeilusam
3535 4004 3753 4057 Achclai
3777 4004 3883 4077 (57)

1895 4204 2258 4262 COTELERU
2294 4203 2522 4261 NOTAE.

734 4382 841 4455 (24)
881 4383 1020 4436 Audi
1064 4398 1213 4455 nunc
1245 4391 1294 4436 et
1324 4380 1399 4455 de
1427 4381 1805 4455 adulteriis..ln
1843 4382 2102 4455 Catalogo
2131 4399 2216 4438 se-

657 4452 844 4526 quenti
893 4463 1085 4523 prater
1128 4452 1392 4526 vul_garia_.
1426 4453 1591 4526 multa
1643 4460 1769 4526 sunt
1816 4452 2034 4508 nomina
2066 4454 2219 4526 igno-

659 4521 794 4579 liora
826 4544 835 4553 ·
871 4521 977 4578 non
1006 4537 1174 4592 pauca
1207 4521 1390 4592 (quod
1438 4522 1600 4575 etiam
1629 4523 1944 4592 lectionum
1986 4521 2220 4578 varietas

657 4594 900 4663 iudicat)
932 4589 1223 4663 depravata
1264 4589 1578 4663 {quaedam
1622 4589 1805 4648 lorsan

658 4609 900 4663 iudicat)
932 4609 998 4647 ue
1041 4609 1223 4644 ravata
1275 4611 1288 4644 :
1333 4609 1578 4661 quaedam
1622 4609 1805 4648 iorsan
1839 4609 1958 4662 quae
1991 4609 2098 4646 non
2127 4609 2218 4647 ex-

658 4672 806 4719 stant
833 4664 981 4717 alibi.
1003 4609 1118 4731 Ego
1142 4677 1266 4716 vero
1285 4661 1646 4716 dilliciliorum
1677 4665 1952 4718 nonnullis
1979 4663 2218 4717 illustra-

658 4740 727 4789 tis
768 4742 821 4788 et
868 4734 1149 4793 correctis,
1177 4739 1366 4785 cetera
1397 4731 1733 4787 doctioribus
1764 4743 1818 4787 et
1843 4734 2023 4788 minus
2051 4748 2218 4786 occu-

659 4804 799 4875 patis
831 4803 1140 4875 hominibus
1164 4802 1354 4875 reliqui
1384 4801 1734 4875 expendenda
1763 4805 2179 4875 quaerendaque.

729 4874 839 4943 (25)
881 4874 1196 4943 Βοιλοηαηιεζ
1216 4871 1345 4943 Ἀπί)
1372 4871 1752 4943 Δωδώνουλτᾳῦ-
1770 4870 1888 4937 Aio;
1911 4873 2002 4925 καὶ
2037 4870 2217 4943 Εὗρώο

665 4941 1130 5028 πηςςηξιςριηηυε
1161 4941 1234 5028 ρο
1258 4941 1891 5028 νὲίῗίρίέἕνὲίΡέφδώνὶὶλ
2060 4941 2082 5028 .‘

729 5005 839 5084 (ΞΘ)
871 5005 1240 5094 βῶινψποπιὶα.⁸
1279 5011 1461 5094 Cede}
1512 5009 1713 5094 Regius
1759 5005 2011 5068 tat-Petili
2060 5010 2220 5066 Liber

661 5079 949 5143 autem;
981 5079 1044 5137 ex
1080 5097 1186 5151 quo
1217 5080 1354 5135 facio
1390 5079 1673 5151 Eunomia.
2173 5150 2177 5151 ν
2212 5134 2214 5136 τ

731 5153 842 5224 (27)
886 5150 1167 5224 Themisto.
1204 5152 1510 5224 Stephanus
1531 5153 1595 5224 in
1618 5150 1862 5224 'Apxdot'
1912 5150 2215 5221 Ἰστροςδὲ,

659 5220 841 5293 φησὶν)
866 5223 1162 5293 Θεμιστοῦς
1187 5222 1276 5293 x51).
1299 5221 1415 5285 Διὸς
1437 5223 1464 5272 ὸ
1500 5220 1695 5293 Ἀρξὰξ
1721 5222 1950 5293 ἐγένετοἸ

730 5289 840 5362 (28)
882 5289 1170 5347 Carmen...
1206 5289 1573 5360 Britomartis.
1606 5291 1886 5362 Diodorus
1922 5289 2142 5362 Siculus
2165 5300 2220 5344 et

660 5361 960 5418 Pausanias
978 5362 1324 5415 Britomartin
1349 5361 1531 5416 Diana:
1562 5364 1786 5421 SUCialn.
1820 5361 1984 5418 ﬁliam
2016 5361 2220 5414 l‘aciunt

659 5432 810 5488 Jovis
840 5451 871 5488 e
899 5435 1095 5489 Carme
1137 5432 1340 5487 Eubuli
1380 5432 1528 5499 illia;
1578 5429 1788 5503 Virgilii
1834 5445 1963 5485 vero
2009 5432 2065 5485 in
2107 5428 2220 5484 Ciri

660 5518 855 5558 versus
884 5515 963 5558 εει
1000 5523 1010 5557 2

801 5573 975 5643 Quam
992 5574 1154 5628 simul
1177 5572 1645 5643 Ogygiifhamiris
1665 5573 1779 5641 ﬁlia
1797 5567 2003 5624 Carmo.

664 5645 806 5698 Sane
834 5645 887 5696 in
915 5639 1306 5710 Supplementa.
1359 5639 1612 5695 Thesauri
1641 5639 1811 5695 critici
1841 5643 2103 5710 scriptum
2121 5641 2217 5710 Ain-

660 5715 818 5768 venio
849 5729 878 5766 a
903 5707 1108 5766 Iacobo
1133 5713 1354 5766 Nioolao
1382 5710 1574 5765 [mensi
1601 5713 1690 5767 lib.
1722 5727 1838 5772 VIII,
1870 5728 1920 5766 c.
1951 5707 2022 5763 26
2054 5731 2066 5764 ;
2100 5707 2220 5767 Clo-

656 5792 805 5839 rimu
849 5782 1115 5836 Romanus
1145 5781 1768 5838 BrimrmtinC/aarmu
1792 5791 1843 5835 et
1872 5779 2019 5842 lovis
2049 5782 2217 5849 ﬁiiam

665 5856 827 5922 (uim
855 5854 1002 5907 dicit.
1039 5852 1099 5907 Et
1118 5850 1453 5906 Critomartir
1489 5867 1586 5922 pro
1615 5852 1952 5906 Britontartis
1977 5865 2212 5906 errorem

1839 4609 1958 4662 quae
1991 4608 2098 4646 non
2127 4608 2218 4647 ex-
2250 4594 2292 4649 D

2323 4395 2445 4436 esse
2491 4380 2837 4435 librariorum
2887 4382 3027 4437 idem
3065 4389 3254 4434 auctor
3285 4378 3538 4431 observat
3572 4397 3584 4429 :
3624 4376 3884 4448 pejusque

2327 4452 2466 4520 apud
2491 4451 2718 4505 Coelium
2763 4450 3127 4522 Rhodiginum
3159 4452 3251 4504 lib.
3287 4464 3443 4510 xvm,
3474 4464 3525 4501 c.
3553 4448 3624 4500 26
3660 4470 3669 4500 :
3705 4449 3888 4502 Creto-

2327 4522 2960 4592 maﬂiu,_Kpr,répap¢w
2985 4522 3158 4592 legere
3187 4531 3287 4574 cst.

2394 4538 2541 4581 ινιυι,
2579 4538 2960 4642 λὲητομαρτιν
2985 4538 3158 4589 tegere
3187 4538 3244 4574 cs

2394 4591 2504 4662 (29)
2545 4590 2618 4662 Ly
2657 4608 2763 4644 een.
2802 4593 3003 4654 Malim,
3035 4590 3249 4662 Libyen.

2394 4599 2480 4662 (29
2545 4599 2763 4659 Lybeen.
2802 4599 3003 4654 Malim,
3035 4599 3249 4660 Libyen.

2393 4599 2504 4731 (50)
2549 4660 2973 4728 Hippodamiam.
3029 4662 3133 4714 Alii
3187 4660 3560 4714 Laodamiam.
3616 4657 3883 4713 Diodorus

2323 4727 2540 4784 Sietilus
2564 4727 2914 4802 Anioduetav.

2390 4801 2502 4872 (3i)
2543 4799 2936 4872 Olympiadam.
2969 4800 3074 4856 Pro
3107 4799 3489 4872 Olympiadem.
3531 4800 3877 4872 Ὀλυμπιάδα.

2389 4870 2500 4939 (52)
2547 4870 2805 4938 Pyrrham
2837 4871 3153 4926 Promethei.
3197 4875 3281 4925 Al.
3312 4871 3599 4923 Erimetlzci
3632 4887 3729 4938 pro
3759 4872 3884 4936 Epi-

2319 4931 2522 5023 met/rei.
2550 4931 2905 5023 Apollodorus
2938 4943 3031 4998 lib.
3075 4959 3114 5006 ι,
3158 4943 3374 5014 Πύρῤαν
3394 4940 3491 5010 τὴν
3544 4931 3882 5010 Ἐτξιμηθέως

2319 5013 2412 5064 καὶ
2434 5011 2760 5082 Πανᾷῴρας..
2925 5080 2963 5082 ἡ
3005 5024 3010 5028 ‘

2391 5081 2501 5150 (33)
2545 5078 2890 5136 Helmethius.
2923 5080 3150 5136 Videtur
3177 5082 3280 5138 iste
3306 5096 3426 5137 esse
3455 5078 3666 5144 Hellen,
3717 5096 3746 5133 a
3772 5097 3882 5150 quo

2323 5151 2575 5220 Ἕλληνες
2597 5153 2749 5220 dicti.

2319 5290 2368 5344 θ,
2387 5219 2499 5291 (54⁷)
2538 5219 2850 5275 Ait/leuam.
2881 5221 3095 5292 Optima
3120 5223 3415 5292 scriptura,
3446 5219 3730 5286 Etltlium,
3766 5221 3883 5272 'Aé-

2355 5305 2481 5344 Αων.

2355 5305 2481 5346 λων.

2327 5359 2865 5479 Λέὲῗέιδαιαπιίηωη
2913 5364 3093 5432 Asopi.
3145 5361 3435 5433 Σαλαμῖνα.
3484 5359 3783 5418 Pausanias
3822 5363 3879 5414 in

2376 5438 2532 5484 κιαι.

2390 5501 2501 5569 (56)
2545 5501 2807 5556 Plutiden.
2859 5502 3088 5557 Plutide.
3118 5500 3259 5558 infra
3291 5519 3340 5557 c.
3367 5502 3463 5561 25,
3502 5501 3714 5562 Platon.
3738 5503 3880 5554 Τὰνο

2318 5571 2473 5643 τᾳλος
2498 5572 2614 5642 Διός
2633 5589 2689 5626 τε
2713 5574 2806 5626 καὶ
2830 5571 3112 5637 Πλουτοῦς,
3141 5573 3439 5628 Pausanias
3482 5573 3535 5625 in
3578 5571 3886 5628 Corinthia-

2315 5649 2413 5686 σεε.

2389 5711 2496 5781 (57)
2539 5712 2952 5783 Eurymedusam
2970 5713 3206 5770 Achelai.
3225 5711 3301 5768 Et
3321 5712 3698 5774 Clementinis,
3714 5712 3880 5766 Acha-

2320 5781 2411 5834 loi.
2442 5784 2510 5836 At
2551 5781 2816 5846 Clementi
2863 5785 3250 5848 Abxandrino,
3295 5783 3568 5852 Κλήτορος
3600 5803 3610 5836 ;
3647 5783 3881 5852 indeque

2322 5851 2576 5909 Arnohio.
2608 5848 2843 5909 Clitorio.
2955 5859 2960 5862 ’

2367 5855 2578 5921 rnohio,
2608 5855 2843 5909 Ctitoria.
2955 5859 2960 5862 ’
