4048 6342
639 347 783 403 “$5

1490 342 1545 397 s.
1585 318 1980 396 CLEMENTIS
2013 338 2033 393 ι
2067 336 2239 394 non.
2273 333 2475 393 Pon'r.
2509 330 2739 390 orm
2768 328 2987 385 DUBIA.

646 456 772 519 nem
815 459 953 533 (53),
978 460 1290 535 multosque
1318 456 1455 514 alios
1484 472 1580 531 per
1608 456 1822 515 diversa
1853 458 1975 512 loca
2018 454 2218 525 singuli
2251 460 2294 516 Α
2325 452 2542 523 placare
2564 451 2753 511 velint,
2786 462 2886 519 pro
2918 445 3127 499 honore
3165 440 3408 535 omnium
3433 438 3726 535 abstinere
3757 454 3814 494 se
3836 442 3904 493 ab

640 564 701 611 ut
731 556 863 611 deos
897 554 1085 609 colunt
1114 562 1168 609 et
1208 544 1459 615 adorant,
1482 538 1634 620 quos
1665 550 1914 604 homines
1958 554 2207 603 mortuos

634 649 807 704 fuisse
860 662 969 701 non
1019 644 1290 700 dubitant.
1343 641 1495 698 Unde
1550 657 1895 713 consequens
1927 648 2012 695 est
2042 640 2205 695 etiam

632 740 846 810 priores
879 737 1045 792 simili
1101 750 1287 789 errore
1336 735 1643 806 prolapsos,
1698 733 1930 787 mortuis
1972 730 2209 786 homini-

631 832 757 893 bus,
792 831 886 899 qui
912 828 1049 882 forte
1077 828 1335 896 potentiae
1360 826 1562 895 aliquid
1590 826 1675 880 vel
1705 826 1841 878 artis
1876 823 2203 887 habuerant,

630 922 973 990 maximeque
1002 920 1046 974 si
1080 918 1383 989 phantasiis
1402 904 1627 987 magicis
1662 918 1718 971 in
1750 924 2027 986 stuporem
2046 916 2203 970 stoli-

628 1014 729 1068 dos
766 1012 1012 1066 homines
1042 1010 1419 1074 adduxerant,
1463 1008 1726 1063 honorem
1779 1008 2076 1063 contulisse
2117 1007 2203 1062 di—

684 1116 833 1155 num.

684 1119 833 1155 num.

624 1119 883 1243 “XXVI.
917 1188 1035 1243 Jam
1060 1180 1187 1245 hinc
1217 1190 1459 1245 additum
1488 1198 1590 1254 est,
1623 1200 1683 1245 ut
1708 1197 1761 1245 et
1792 1196 1965 1259 poetae
1986 1189 2204 1258 elegan-

625 1284 700 1336 tia
724 1283 1009 1335 verborum
1041 1290 1344 1336 commenta
1370 1283 1575 1337 erroris
1605 1290 1886 1346 ornarent,
1914 1289 1966 1351 et
2016 1280 2201 1336 suavi-

626 1383 736 1429 tate
761 1374 977 1429 dicendi
1014 1375 1347 1430 immortales
1373 1373 1595 1430 eﬂ'ectos
1617 1389 1739 1429 esse
1768 1390 1831 1429 ex
1871 1373 2198 1428 mortalibus

629 1468 1047 1537 persuaderent;
1096 1468 1204 1522 imo
1236 1475 1289 1522 et
1322 1468 1555 1538 amplius
1586 1466 1812 1536 aliquid,
1846 1480 1913 1519 ex
1960 1465 2201 1518 homini-

627 1559 731 1613 bus
764 1559 915 1611 aiunt
947 1558 1133 1625 stellas
1169 1559 1316 1623 Iieri,
1354 1564 1407 1612 et
1440 1558 1683 1633 arbores,
1724 1564 1779 1611 et
1822 1556 2107 1619 animalia,
2144 1562 2201 1609 et

627 1649 808 1712 ﬂores.
840 1660 893 1706 et
924 1666 1053 1706 aves
1083 1650 1370 1721 fontesque
1392 1666 1453 1705 ac
1480 1649 1695 1712 ﬂuvios,
1726 1657 1777 1704 et
1804 1650 1861 1703 ni
1887 1648 2197 1703 verbositas

624 1741 921 1804 videretur,
954 1740 1142 1796 omnes
1174 1756 1310 1810 pene
1348 1741 1534 1795 stellas
1556 1780 1569 1803 ,
1613 1756 1750 1810 quas
1782 1755 1849 1794 ex
1883 1739 2197 1795 hominibus

2315 544 2573 598 omnibus
2604 540 2914 612 oportebat,
2948 544 3007 591 ut
3056 542 3182 589 ante
3232 533 3374 588 diem
3425 530 3620 601 judicii
3664 530 3820 601 just:
3875 546 3903 583 a

2314 634 2629 704 semetipsis
2674 630 2945 687 sententia
2980 625 3349 693 condemnati,
3385 632 3566 678 morte
3593 622 3905 678 miserrima

2316 742 2414 799 per
2440 725 2674 780 inediam
2707 723 3037 791 deperirent.

2391 815 2629 871 XXVIII.
2660 812 2861 868 Verum
2897 811 2962 865 ad
3004 811 3341 881 propositum
3372 814 3743 862 revertamur.
3780 805 3924 871 Qua,

2310 910 2551 965 malum!
2607 907 2747 960 ratio
2803 916 2904 971 est,
2946 905 3057 959 imo
3110 916 3230 972 quae
3290 900 3529 971 amentia
3584 896 3903 952 mortalium

2306 1000 2551 1071 possidet
2598 1004 2829 1063 mentes,
2861 1006 2923 1051 ut
2973 996 3251 1050 hominem
3269 1008 3445 1062 quem
3489 991 3752 1061 impium,
3790 1006 3908 1046 sce-

2306 1092 2525 1155 lestum,
2572 1088 2889 1161 profanum,
2935 1086 3121 1142 Jovem
3160 1086 3301 1149 dico,
3328 1084 3626 1147 incestum,
3666 1083 3907 1154 parrici-

2304 1185 2451 1247 dam,
2484 1182 2794 1236 adulterum
2826 1196 2937 1235 non
2973 1181 3152 1236 solum
3194 1178 3376 1234 sciunt
3403 1192 3551 1240 esse,
3587 1174 3685 1231 sed
3717 1184 3773 1228 et
3806 1189 3906 1245 pu-

2303 1275 2444 1330 blice
2478 1275 2533 1328 in
2588 1273 2820 1329 theatris
2855 1279 3105 1335 cantant,
3136 1271 3283 1324 hunc
3318 1278 3378 1323 ut
3411 1267 3579 1323 deum
3623 1266 3813 1321 colant
3848 1274 3905 1319 et

2304 1365 2571 1421 adorent?
2609 1366 2717 1419 Aut
2749 1365 2796 1419 si
2846 1379 2944 1434 pro
2992 1364 3079 1419 liis
3132 1362 3300 1433 gestis
3344 1351 3481 1415 deus
3507 1372 3634 1413 esse
3671 1356 3899 1417 meruit,

2302 1474 2435 1530 ergo
2466 1467 2520 1515 et
2548 1460 2594 1515 si
2634 1462 2774 1528 ques
2814 1456 3045 1511 audiunt
3075 1453 3402 1516 homicidas,
3426 1450 3738 1509 adulteros.
3778 1463 3903 1519 par-

2301 1549 2525 1615 ricidas,
2546 1550 2795 1605 incestos“
2810 1548 2973 1603 etiam
3001 1560 3147 1601 nunc
3170 1545 3367 1600 debent
3390 1552 3449 1598 ut
3476 1544 3613 1598 deos
3640 1542 3896 1596 adorare.

2301 1640 2411 1695 Sed
2467 1640 2612 1711 quod
2658 1641 2714 1694 in
2759 1639 2882 1693 aliis
2931 1645 3309 1701 exsecrantur,
3344 1637 3488 1690 scire
3516 1635 3754 1688 omnino
3792 1647 3897 1686 non

2298 1747 2524 1802 possum
2554 1747 2654 1787 cur
2682 1732 2737 1785 in
2769 1732 2865 1786 illo
2890 1741 3237 1785 venerentur.
3262 1726 3323 1783 Et
3343 1726 3536 1783 Petrus
3568 1724 3895 1796 respondit:

625 1830 843 1886 eIl‘ectas
861 1840 1111 1886 asserunt
1145 1846 1467 1886 enumerare
1484 1832 1806 1887 velarbores
1822 1829 2099 1885 velfontes
2133 1844 2197 1884 ac
2228 1839 2271 1919 β
2302 1825 2568 1892 Quoniam
2622 1833 2673 1877 te
2713 1822 2928 1877 nescire
2974 1820 3137 1884 dicis,
3188 1819 3338 1873 disce
3380 1833 3407 1871 a
3448 1832 3535 1871 me
3562 1830 3667 1870 cur
3718 1816 3779 1870 in
3808 1816 3899 1871 illo

625 1919 815 1976 ﬂuvios
834 1936 1048 1990 possem
1074 1938 1088 1987 ;
1128 1922 1356 1989 exempli
1379 1920 1555 1974 tamen
1581 1936 1745 1976 causa
1767 1920 1978 1991 singula
2006 1921 2196 1976 saltem

622 2027 686 2066 ex
704 2012 931 2082 singulis
948 2012 1896 2083 memorabo.Andromedamitlephei
1914 2014 1966 2066 in
1986 2014 2197 2067 stellam

623 2102 813 2157 dicunt
846 2118 968 2158 esse
1012 2118 1352 2165 conversam,
1393 2103 1652 2172 Daphnen
1698 2103 1933 2159 Ladonis
1958 2105 2105 2160 Iluvii
2138 2106 2199 2159 Il-

624 2192 752 2246 liam
784 2192 839 2246 in
868 2193 1115 2246 arborem
1147 2200 1529 2246 commutatam
1552 2236 1564 2258 ,
1604 2191 1965 2263 Hyacinthum
1996 2194 2199 2265 Apolli-

624 2280 711 2335 nis
742 2278 997 2334 dilectum
1027 2282 1078 2333 in
1111 2280 1317 2345 ﬂorem,
1352 2282 1578 2336 Callisto
1616 2283 1669 2336 in
1694 2283 1847 2337 sidus
1880 2282 2027 2352 quod
2060 2286 2197 2339 Arc-

624 2378 718 2424 ton
739 2384 957 2434 vocant,
982 2370 1230 2442 Prognen
1261 2380 1313 2427 et
1344 2371 1700 2427 Philomelam
1723 2388 1850 2428 cum
1885 2372 2059 2429 Tereo
2084 2376 2195 2447 (54)

623 2462 677 2514 in
716 2477 860 2528 aves,
907 2460 1156 2533 Thysben
1188 2462 1329 2533 apud
1350 2462 1597 2517 Ciliciam
1630 2465 1683 2517 in
1714 2466 1934 2529 fontem,
1960 2473 2010 2519 et
2036 2464 2193 2537 Pyra-

624 2568 772 2630 mum
804 2555 934 2609 inibi
960 2556 1011 2609 in
1041 2554 1259 2609 ﬂuvium
1289 2555 1587 2619 resolutos,
1614 2570 1913 2626 omnesque
1948 2572 2106 2627 pene,
2139 2566 2196 2612 ut

627 2642 764 2710 dixi‘,
802 2648 883 2701 vel
918 2648 1126 2711 stellas,
1170 2648 1253 2703 vel
1283 2648 1526 2711 arbores,
1568 2648 1852 2719 fontesque
1886 2664 1949 2703 ac
1977 2649 2191 2717 ﬂuvios,

623 2735 891 2809 ﬂoresque
922 2748 973 2794 et
1005 2732 1279 2805 animalia,
1314 2741 1397 2795 vel
1429 2755 1575 2805 aves,
1616 2742 1912 2814 aliquando
1941 2743 2192 2801 homines

624 2827 798 2883 fuisse
830 2830 1176 2885 conﬁrmant.
1960 2885 1969 2891 _

693 2919 902 2976 XXVII.
937 2921 1003 2975 At
1026 2920 1220 2977 Petrus
1250 2922 1364 2978 haec
1397 2923 1625 2980 audiens
1656 2925 1767 2980 ait:
1802 2922 1943 2995 Ergo
1995 2938 2192 2981 secun-

622 3012 750 3067 dum
776 3013 944 3081 ipsos,
962 3021 1249 3083 antequam
1268 3014 1513 3069 homines
1530 3023 1869 3071 mutarentur
1892 3018 1949 3071 in
1980 3017 2187 3080 stellas,

620 3105 704 3160 vel
742 3113 934 3159 caetera
964 3120 1082 3174 quae
1107 3122 1416 3175 enumeras,
1442 3114 1493 3163 et
1512 3108 1709 3161 coelum
1749 3109 1866 3165 sine
1882 3109 2055 3164 stellis
2077 3117 2191 3163 erat

620 3203 674 3250 et
711 3204 853 3250 terra
885 3196 1003 3253 sine
1035 3198 1325 3254 arboribus
1360 3206 1413 3253 et
1436 3198 1799 3261 'animalibus,
1851 3214 1951 3254 nec
1984 3198 2184 3264 I‘ontes,
2220 3240 2223 3241 ν

624 3301 725 3340 nec
758 3286 999 3354 ﬂumina,
1032 3304 1133 3343 nec
1170 3305 1298 3345 aves
1344 3300 1525 3351 erant;
1560 3297 1611 3345 et
1643 3289 1917 3360 quomodo
1950 3290 2053 3360 ipsi
2085 3291 2185 3343 ho-

622 3379 797 3433 mines
820 3380 1072 3434 vixerunt
1103 3382 1219 3436 sine
1240 3382 1344 3447 his,
1380 3382 1471 3453 qui
1495 3382 1550 3436 in
1567 3382 1679 3437 haec
1699 3382 2039 3451 postmodum
2070 3396 2192 3435 mu-

620 3470 881 3536 tatisunt,
913 3485 1035 3525 cum
1073 3481 1283 3529 constet
1318 3490 1418 3529 nec
1442 3475 1684 3543 potuisse
1709 3490 1933 3543 prorsus
1967 3475 2083 3528 sine
2108 3474 2192 3528 his

619 3560 789 3615 vitam
806 3561 1003 3617 ducere
1026 3562 1274 3619 homines
1306 3566 1357 3618 in
1380 3566 1568 3620 terris?
1586 3564 1649 3618 Et
1670 3580 1767 3637 ego
1786 3565 2061 3636 respondi:
2086 3564 2193 3619 Sed

620 3666 690 3705 ne
718 3652 895 3720 ipsum
928 3654 1147 3721 quidem
1171 3656 1375 3709 cultum
1399 3657 1621 3711 deorum
1647 3672 1869 3712 suorum
1901 3656 2192 3717 observare

621 3751 1018 3813 consequenter
1040 3754 1239 3799 norunt
1255 3765 1269 3811 ;
1284 3750 1659 3819 unusquisque
1676 3748 1820 3803 enim
1837 3761 2025 3802 eorum
2051 3758 2189 3817 quos

620 3834 828 3899 colunt,
859 3835 1019 3890 habet
1047 3837 1248 3907 aliquid
1298 3838 1398 3894 sibi
1430 3840 1693 3903 dicatum,
1720 3853 1749 3892 a
1776 3853 1885 3908 quo
1912 3836 2109 3893 debent
2134 3854 2191 3895 se

622 3928 905 3983 continere
962 3931 1223 3997 cultores,
1271 3939 1457 4008 utpote
1500 3931 1755 3986 Minervae
1808 3930 2028 3993 olivam,
2068 3928 2189 3985 Jovi

621 4030 838 4085 capram
884 4017 1066 4074 ferunt
1096 4022 1367 4086 dicatam,
1388 4022 1570 4078 Cereri
1611 4024 1843 4087 semina,
1876 4022 2074 4078 Libero
2116 4022 2191 4075 vi-

621 4123 774 4172 num,
808 4109 951 4165 Osiri
984 4126 1178 4181 aquam
1225 4112 1359 4185 (55),
1405 4113 1693 4168 Hammoni
1723 4118 1969 4181 arietem,
2007 4113 2189 4170 Dianae

620 4216 864 4267 cervum,
917 4202 1179 4275 Syrorum
1222 4207 1454 4261 demoni
1496 4207 1703 4277 piscem
1752 4215 1806 4261 et
1840 4207 2145 4263 columbam
2171 4249 2186 4276 ,

623 4289 863 4347 Vulcano
892 4295 1098 4365 ignem;
1142 4308 1193 4352 et
1218 4298 1531 4369 unicuique,
1566 4306 1625 4353 ut
1676 4298 1811 4366 dixi,
1846 4307 1929 4355 est
1978 4300 2187 4370 aliquid

619 4385 838 4454 proprie
868 4385 1127 4455 dicatum,
1158 4404 1188 4443 a
1222 4404 1330 4459 quo
1356 4392 1940 4460 oportebat'abstiuere
1986 4409 2044 4450 se
2066 4393 2187 4447 cul-

621 4481 769 4530 tores
799 4474 865 4529 ad
902 4476 1161 4534 honorem
1194 4495 1383 4535 eorum
1414 4481 1618 4551 quibus
1640 4482 1816 4537 dicata
1851 4494 1996 4543 sunt.
2032 4483 2187 4565 [fluuc

618 4573 794 4622 autem
815 4568 1011 4641 singuli
1030 4572 1097 4627 ab
1114 4588 1223 4627 uno
1241 4574 1502 4644 aliquo'se
1518 4575 1893 4641 observantes,
1908 4591 2005 4645 pro
2023 4576 2186 4632 unius

2303 1917 2614 1983 facinorosa
2661 1922 2817 1985 gesta
2878 1919 3245 1977 venerentur;
3304 1910 3480 1981 primo
3528 1908 3789 1980 quidem,
3840 1916 3897 1961 ιη

2301 2026 2427 2064 cum
2486 2009 2591 2079 ipsi
2646 2008 2846 2061 similia
2892 2006 3123 2076 egerint,
3156 2010 3408 2074 acceptos
3458 2018 3517 2057 se
3572 2003 3624 2056 ei
3677 2001 3896 2055 futurus

2302 2105 2502 2168 sciant,
2540 2106 2728 2169 utpote
2753 2114 2913 2169 quem
2939 2098 3226 2152 imitantur
3252 2096 3305 2149 in
3336 2094 3587 2165 ﬂagitiis;
3623 2094 3893 2153 secundo.

2300 2193 2445 2263 quod
2481 2193 2593 2245 haec
2624 2192 2821 2245 litteris
2849 2190 2985 2246 scite
3015 2188 3295 2243 recondita
3320 2195 3374 2241 et
3393 2187 3649 2241 versibus
3672 2184 3894 2254 elegan-

2298 2291 2382 2338 ter
2433 2284 2639 2337 inserta
2698 2288 2909 2336 veteres
2956 2280 3322 2350 reliquerunt.
3358 2276 3423 2331 Et
3456 2292 3609 2331 nunc
3662 2276 3892 2346 puerilis

2299 2374 2625 2430 eruditionis
2668 2372 2921 2435 obtentu,
2970 2386 3097 2425 cum
3143 2385 3331 2425 eorum
3372 2368 3571 2422 notitia
3595 2366 3815 2421 teneris
3841 2376 3893 2419 et

2300 2466 2641 2536 simplicibus
2674 2463 2967 2518 adhmserit
2988 2460 3502 2527 mentibus,,revelli
3525 2474 3601 2513 ex
3615 2458 3697 2513 eis
3731 2466 3893 2527 atque

2301 2560 2461 2628 abjici
2496 2557 2789 2611 diﬂiculter
2814 2563 3015 2626 potest.

2369 2649 2559 2705 XXIX.
2597 2648 2719 2701 Haec
2762 2663 2885 2701 cum
2923 2647 3151 2701 dixisset
3184 2645 3403 2709 Petrus,
3437 2642 3628 2698 Niceta
3658 2657 3891 2711 respon-

2297 2742 2377 2797 dit
2408 2762 2420 2796 :
2449 2741 2564 2795 Non
2596 2750 2775 2812 putes,
2810 2739 3031 2793 domine
3070 2740 3139 2790 mi
3177 2737 3353 2799 Petre,
3384 2750 3491 2788 non
3526 2735 3735 2788 habere
3767 2748 3893 2787 eru-

2297 2836 2440 2890 ditos
2467 2830 2715 2904 quosque
2742 2831 3022 2901 gentilium
3048 2825 3560 2883 verisimilitudines
3593 2823 3887 2894 quasdam,

2294 2927 2493 2999 quibus
2552 2931 2803 2979 astruant
2854 2921 2969 2975 haec
3017 2935 3137 2990 qua:
3191 2918 3484 2988 culpabilia
3539 2917 3804 2970 videntur
3839 2925 3890 2969 et

2294 3019 2558 3088 probrosa
2584 3037 2595 3071 :
2620 3031 2740 3087 quae
2765 3015 2982 3084 quidem
3022 3028 3119 3082 ego
3144 3027 3255 3065 non
3287 3020 3344 3064 ut
3374 3008 3712 3064 conﬁrmans
3739 3022 3890 3062 erro-

2294 3127 2382 3167 res
2437 3125 2626 3166 eorum
2672 3110 2795 3164 dico
2847 3107 3011 3177 (absit
3062 3104 3209 3159 enim
3240 3118 3271 3156 a
3307 3118 3393 3157 me
3417 3140 3431 3167 ,
3461 3110 3520 3155 ut
3548 3100 3656 3155 hoc
3696 3102 3785 3154 vel
3822 3101 3891 3153 ad

2294 3204 2677 3275 cogitationem
2711 3216 2885 3255 meam
2941 3198 3175 3266 veniat),
3210 3196 3308 3252 sed
3368 3202 3553 3248 tamen
3607 3194 3725 3248 scio
3765 3207 3889 3248 esse

2299 3296 2443 3367 apud
2497 3295 2879 3366 prudentiores
2912 3293 3157 3363 ipsorum
3188 3287 3537 3353 delensiones
3590 3287 3884 3355 quasdam,

2297 3389 2496 3459 quibus
2526 3394 2776 3441 astruere
2806 3391 2863 3441 et
2880 3384 3129 3438 colorare
3156 3380 3335 3436 solent
3353 3379 3469 3433 hac
3486 3393 3609 3448 quae
3631 3378 3891 3432 videntur

2295 3480 2555 3535 absurda.
2595 3478 2661 3532 Et
2693 3478 2739 3533 si
2771 3477 2871 3531 tibi
2902 3477 3101 3547 placet,
3141 3465 3201 3528 ut
3230 3474 3412 3543 aliqua
3442 3488 3509 3527 ex
3558 3471 3648 3525 his
3696 3469 3889 3539 profe-

2295 3587 2435 3635 ram,
2476 3585 2596 3640 qua:
2626 3586 2690 3623 ex
2722 3574 2875 3640 parte
2910 3568 3090 3637 aliqua
3119 3564 3353 3628 retineo,
3382 3572 3439 3617 ut
3465 3563 3628 3632 jubes
3663 3560 3884 3615 faciam.

2294 3658 2539 3732 Cumque
2559 3661 2753 3716 Petrus
2774 3655 3338 3731 permisisset,Niceta
3359 3655 3464 3709 hoc
3481 3654 3645 3709 modo
3667 3652 3839 3721 cmpit
3866 3668 3881 3703 :

2370 3752 2764 3809 XXX.0mnis
2796 3766 2977 3807 sermo
3007 3748 3149 3821 apud
3165 3747 3405 3810 Graecos,
3428 3745 3523 3815 qui
3545 3744 3614 3799 de
3642 3743 3888 3813 antiqui-

2293 3846 2423 3901 tatis
2474 3846 2685 3916 origine
2732 3842 3123 3908 conscribitur,
3146 3855 3272 3895 cum
3316 3839 3451 3893 alios
3503 3836 3727 3899 multos,
3764 3844 3882 3888 tum

2292 3937 2431 3992 duos
2460 3935 2763 4005 praecipuos
2796 3940 3049 3987 auctores
3079 3928 3263 3992 habet,
3290 3926 3565 3997 Orpheum
3607 3935 3661 3979 et
3685 3922 3884 3978 Hesio-

2272 4027 2441 4083 dum.
2474 4025 2679 4080 Horum
2712 4039 2842 4095 ergo
2876 4024 3079 4092 scripta
3104 4022 3158 4075 in
3184 4021 3319 4075 duas
3347 4025 3539 4089 partes
3568 4016 3885 4085 intelligen—

2291 4120 2377 4175 tiae
2412 4119 2750 4181 dividuntur,
2779 4116 2833 4171 id
2862 4122 2967 4179 est,
3002 4112 3303 4171 secundum
3338 4112 3572 4173 litteram
3600 4117 3655 4163 et
3677 4122 3881 4163 secun-

2289 4210 2420 4265 dum
2478 4210 2826 4280 allegoriam;
2858 4217 2911 4263 et
2959 4206 3027 4263 ad
3072 4220 3137 4261 ea
3170 4202 3389 4276 quidem
3420 4216 3541 4273 quae
3567 4198 3876 4256 secundum

2290 4302 2525 4358 litteram
2580 4311 2729 4365 sunt,
2763 4300 3023 4371 ignobilis
3071 4298 3217 4368 vulgi
3277 4294 3435 4351 turba
3493 4291 3878 4355 conﬂuxit,ea

2290 4409 2422 4449 vero
2475 4409 2596 4463 qua:
2641 4392 2943 4464 secundum
3001 4389 3317 4461 allegoriam
3373 4392 3652 4447 constant,
3690 4383 3877 4439 omnis

2288 4466 2740 4557 philosophorum
2769 4492 2825 4540 et
2855 4482 3197 4540 eruditorum
3245 4480 3551 4551 loquacitas
3600 4476 3875 4531 admirata

2291 4584 2395 4633 “est.
2426 4577 2677 4648 Orpheus
2706 4576 2873 4645 igitur
2897 4574 3009 4650 (ἥδ)
3044 4582 3151 4638 est,
3176 4573 3272 4644 qui
3301 4572 3433 4626 dicit
3470 4570 3649 4641 primo
3699 4566 3876 4623 fuisse

618 4657 824 4716 honore
846 4672 1071 4739 caeteros
1091 4680 1281 4732 omnes
1308 4667 1477 4723 iratos
1512 4667 1713 4722 habent
1734 4686 1747 4736 ;
1771 4684 1909 4740 quos
1927 4668 2115 4741 utique
2139 4669 2183 4723 si
2221 4661 2263 4715 Ι)
2291 4670 2460 4727 chaos
2517 4668 2912 4739 sempiternum
2933 4707 2950 4734 ,
3006 4668 3359 4731 immensum,
3419 4663 3746 4735 ingenitum,
3805 4674 3875 4717 ex

1895 4760 2264 4839 COTELEBII
2298 4782 2530 4839 NOTAE.

615 4891 838 4962 τροκλον
858 4888 1189 4962 ᾁτιεθέωᾳαν.
1218 4886 1320 4962 83d
1353 4890 1560 4962 malim,
1588 4888 1854 4962 Opuntam
1892 4899 1985 4962 aut
2011 4889 2184 4959 Opun-

617 4956 742 5032 tem,
760 4976 827 5015 ex
853 4958 1209 5032 CleAmentinis,
1233 4957 1539 5031 Πάτροκλον
1577 4956 2185 5032 Ὀλπούντίοιιοριιιὶιὶυδ

616 5031 760 5087 enim
791 5039 907 5083 erat
934 5027 1235 5085 Patroclus.

688 5099 799 5171 (55)
836 5098 986 5168 Apud
1026 5089 1268 5171 Rhodum;
1308 5098 1668 5171 Alexandrum
1700 5099 2057 5156 Macedonem.
2091 5101 2185 5157 Jo-

616 5169 875 5241 cul'ariter
902 5170 1041 5237 apud
1074 5169 1394 5241 Caesarium,
1412 5170 1599 5241 Ἱξόδιοι
1632 5172 1724 5226 τὸν
1745 5172 1863 5241 elati}
1875 5189 2043 5241 μαχον
2064 5173 2184 5227 Μα-

615 5240 825 5302 κέδονα,
870 5246 1165 5297 verterunt,
1199 5238 1385 5293 Rhodii
1438 5238 1769 5296 Icemachum
1819 5238 2179 5305 Hacedon'em.

618 5309 891 5383 Tuuserio,
926 5311 1627 5383 temerariumpagna‘torem
1657 5311 1915 5383 intellige.

686 5379 796 5453 _(_54l
836 5378 1092 5453 Prognerg
1128 5388 1177 5453 et
1208 5378 1701 5453 Pliilq’melamrc‘am
1726 5378 1913 5453 ATerEo.
1946 5380 2177 5453 Legalur

615 5447 775 5505 velim
804 5447 1019 5518 elegans
1052 5447 1291 5519 Epistola
1332 5449 1577 5519 Gregorii
1608 5450 1959 5516 Nazianzeni,
1981 5447 2176 5519 prima

618 5528 867 5584 numero,
894 5518 1218 5584 noteturque
1245 5531 1362 5571 eam
1393 5518 1677 5584 epistulam
1702 5519 1753 5572 in
1772 5518 1959 5573 ‘codice
1980 5518 2175 5574 Vindo-

619 5582 866 5663 bouensi,
892 5582 1248 5663 Lambeciano
1276 5587 1361 5650 75,
1394 5582 1817 5657 Theologicorum
1836 5586 2168 5663 prauorum,

618 5652 782 5725 tribui
827 5653 1049 5725 Basilio,
1096 5670 1430 5725 perperam:
1464 5672 1560 5712 ms.
1587 5652 1783 5711 'autem
1833 5657 2003 5725 Regio
2034 5658 2172 5713 ηπ

618 5676 1059 5779 ἷῖι¹ιὶ³ἰέι¹ηι⁰ιῗὲἕὲἳὲ
1096 5676 2170 5799 Ρ⁸ιὶβ¹¹ἓξ³ι¹ξ¹εἱεὲ¹ἒτῗ⁴ον²ἓεξξι¹ἔ¹ντὲθξῗῗκέι⁴ἑξ

616 5792 843 5862 Γλαμίδι
870 5792 932 5863 (1³.
962 5797 1027 5865 τῇ
1056 5792 1243 5866 Δαμίδι
1273 5810 1334 5852 ex
1368 5796 1522 5869 epist.
1553 5794 1642 5870 99)
1675 5792 1962 5868 ἦᾶύχαάινζ

2363 4892 2483 4963 (55)
2519 4889 2666 4947 Osiri
2687 4906 2902 4963 aquam.
2933 4889 3071 4963 Quia
3099 4905 3197 4960 per
3225 4888 3494 4963 osiridem
3520 4906 3745 4963 _aquam
3797 4896 3873 4950 in.

2288 4957 2644 5032 telligebant;
2691 4957 3185 5032 pszalapéavou'at,
3237 4960 3332 5014 τὸν
3386 4960 3486 5030 μὲν
3519 4957 3736 5032 Ὀὐιριν
3792 4971 3870 5032 εις

2294 5031 2459 5103 ὕδωρ,
2484 5032 2582 5103 τὴν
2617 5032 2675 5103 δὲ
2695 5031 2840 5103 Ἶσιν
2880 5034 2961 5094 εἰς
2998 5031 3123 5103 γῇγτ
3152 5031 3415 5103 Origenes
3427 5066 3442 5092 ,
3473 5042 3509 5080 ν
3542 5031 3593 5103 in
3626 5031 3867 5103 celsum,

2294 5050 2402 5086 υοω
2446 5073 2459 5096 ,
2484 5050 2582 5103 την
2617 5050 2672 5086 οε
2705 5050 2840 5085 νισιν
2880 5050 2961 5094 εις
2998 5050 3121 5101 γην.
3152 5050 3442 5099 urigenes,
3475 5050 3509 5080 γ
3542 5050 3593 5083 m
3626 5050 3866 5097 ωιηιυι,

2284 5118 2337 5172 p.
2370 5050 2476 5168 6g;
2509 5116 2603 5181 seu
2631 5102 2693 5181 eo
2714 5102 2986 5181 bypovk'iu
3019 5099 3277 5181 Sallustio
3309 5099 3733 5181 philosopho
3762 5106 3866 5160 diis

2280 5168 2331 5227 et
2362 5171 2554 5225 mundo
2587 5186 2637 5227 c.
2666 5172 2735 5238 ις
2762 5168 2865 5227 seu
2897 5169 3075 5226 Nilum
3107 5210 3121 5235 ,
3158 5168 3621 5225 teste’Heliodoro
3659 5172 3756 5228 lib.
3787 5189 3862 5238 ix,

2321 5250 2405 5296 ost
2435 5239 2709 5295 Elianum
2744 5241 2923 5305 Iib.‘x,
2959 5241 3033 5295 De
3076 5250 3269 5294 natura
3308 5239 3647 5303 animalium,
3674 5256 3723 5294 c.
3765 5245 3859 5309 46,

2330 5313 2633 5366 lutarclium
2684 5310 2761 5363 De
2792 5310 2935 5366 Iside
2970 5327 3033 5364 ac
3060 5310 3323 5379 Otiride,
3346 5318 3508 5379 atque
3564 5309 3860 5368 Eusebium

2281 5381 2585 5450 Pra’parat.
2621 5397 2801 5451 evang.
2834 5382 2932 5437 lib.
2966 5382 3049 5447 nt,
3082 5395 3133 5436 c.
3166 5383 3253 5436 11.
3286 5378 3586 5436 Videantur
3615 5379 3861 5436 Clemen-

2279 5453 2395 5506 tina
2429 5454 2574 5506 hom.
2606 5468 2679 5517 v1,
2712 5468 2768 5506 n.
2802 5451 2855 5508 9.

2350 5520 2463 5593 (56)
2508 5520 2742 5593 Orpheus
2790 5523 2989 5593 igitur-
3033 5519 3110 5576 De
3156 5519 3356 5593 Orphei
3402 5520 3657 5593 doctrina
3711 5522 3859 5578 inter

2276 5590 2382 5664 alia
2404 5592 2524 5664 lege
2553 5590 2799 5664 Grecum
2833 5591 3194 5664 fragmentum
3219 5590 3487 5664 Timothei
3512 5590 3858 5664 Chronogra-

2277 5661 2370 5731 phi
2401 5660 2697 5734 inEusebii
2726 5662 2996 5719 Chronicis
3022 5662 3184 5734 paulo
3201 5660 3585 5734 pastinitium,
3609 5660 3857 5732 atquéex

2275 5730 3275 5873 ξεί-ξῗὲἓίξὲἓέῗὲἓῇωὲξὲ
3288 5730 3857 5875 asserem

3776 322 3993 376 “56‘
