4078 6336
140 331 292 389 1437

1395 313 1956 387 BECOGNITIONUM
1993 325 2116 380 us.
2155 322 2195 378 ι

3281 316 3411 372 1658

147 426 261 512 quo
312 443 494 499 omnia
527 444 668 501 facta
700 449 864 512 sunt;
889 442 994 498 hoc
1034 458 1162 500 sane
1209 447 1390 513 ipsum
1426 441 1597 497 chaos
1627 455 1733 494 non
1767 446 1811 501 Α
1842 438 1992 493 Hanc
2039 450 2169 506 ergo
2209 447 2474 504 aquarmn
2529 431 2857 494 libertatem,
2915 443 3036 499 qua
3072 427 3226 499 prius
3263 427 3409 483 bulla

145 538 410 592 tenebras
439 536 577 591 dixit
605 551 748 600 esse,
780 551 890 591 non
915 535 1116 598 lucem,
1151 551 1258 589 non
1289 533 1594 600 humidum,
1620 548 1729 586 non

145 629 389 692 aridum,
443 641 554 682 non
602 627 863 690 calidum,
918 640 1029 680 non
1073 624 1353 695 frigidum,
1395 623 1491 678 sed
1547 623 1730 677 omnia

148 720 315 774 simul
359 718 543 784 mista,
580 725 633 770 et
682 730 894 784 semper
932 731 1097 769 unum
1131 714 1299 769 fuisse
1339 714 1600 780 informe;
1632 713 1732 768 ali-

145 811 380 880 quando
433 821 615 865 tamen
649 810 804 879 qhasi
847 808 913 862 ad
943 810 1030 862 ovi
1069 807 1328 862 immanis
1361 807 1605 868 modum,
1636 824 1732 877 per

147 903 420 956 immensa
455 911 702 971 tempora
741 899 986 954 effectam
1030 897 1307 967 peperisse
1343 913 1406 950 ac
1439 898 1732 968 protulisse

145 1006 210 1046 ex
242 1008 307 1047 se
345 994 617 1062 duplicem
651 991 944 1062 quamdam
977 990 1237 1058 speciem,
1271 1005 1434 1059 quam
1480 990 1555 1042 illi
1587 1004 1731 1042 mas-

147 1084 534 1138 culofeminam
562 1091 781 1146 vocant,
799 1098 862 1136 ex
889 1082 1165 1135 contraria
1192 1081 1520 1137 admistione
1548 1081 1733 1150 hujus-

145 1176 302 1230 modi
355 1176 692 1231 diversitatis
737 1174 969 1244 speciem
993 1173 1346 1240 'concretam;
1380 1182 1433 1228 et
1465 1175 1567 1228 hoc
1609 1190 1732 1229 esse

145 1267 482 1336 principium
511 1267 778 1328 omnium,
809 1266 954 1335 quod
999 1266 1235 1336 primum
1279 1281 1344 1320 ex
1380 1267 1605 1320 materia
1632 1282 1734 1335 pu-

145 1359 295 1412 riore
335 1359 691 1428 processerit,
718 1357 973 1428 quodque
1005 1355 1307 1426 procedens
1348 1355 1732 1411 discretionem

145 1455 394 1516 quatuor
443 1449 839 1504 elementorum
897 1448 1128 1510 dederit,
1153 1455 1207 1500 et
1248 1461 1314 1500 ex
1357 1446 1572 1502 duobus
1613 1463 1732 1516 qua

145 1539 324 1608 prima
358 1547 487 1594 sunt
520 1539 803 1594 elementis
829 1537 1016 1592 fecerit
1047 1539 1266 1602 calum,
1300 1552 1364 1591 ex
1398 1539 1519 1593 aliis
1550 1547 1730 1592 autem

144 1635 376 1694 terram,
406 1643 473 1682 ex
533 1629 733 1698 quibus
786 1625 896 1696 jam
949 1627 1132 1679 omnia
1181 1626 1601 1697 participatione
1646 1626 1730 1680 sui

144 1718 385 1773 invicem
412 1719 566 1772 nasci
604 1719 738 1772 dicit
767 1727 820 1773 et
843 1717 1013 1789 gigni.
1042 1717 1167 1772 Hac
1204 1716 1423 1787 quidem
1458 1716 1728 1788 Orpheus.

1830 535 2116 602 obtegentc
2148 529 2520 601 premebatur,
2546 535 2836 598 postquam
2875 523 2966 578 illa
2996 522 3190 579 inferni
3216 521 3411 579 sortito

1829 633 1912 681 est
1965 625 2167 687 locum,
2225 621 2540 692 Neptunum
2577 634 2700 674 esse
2741 615 3088 686 appellatam.
3128 613 3259 670 Post
3307 611 3410 667 hoc

1830 731 1953 769 cum
1992 715 2322 768 elementum
2358 711 2616 781 frigidum
2646 723 2743 779 per
2773 706 3178 761 concretionem
3210 705 3413 773 glacia-

1831 811 1897 865 lis
1924 809 2082 864 bulla
2115 808 2178 862 ad
2204 806 2464 860 inferiora
2505 805 2702 859 fuisset
2731 802 3067 870 absorptum,
3097 807 3152 853 ct
3195 800 3409 853 aridum

1832 901 2024 955 fuisset
2078 897 2477 968 humidumque
2515 895 2838 957 discretum,
2880 892 3030 946 nullo
3069 889 3181 957 jam
3239 889 3412 958 impe-

1830 994 2032 1052 diente,
2080 991 2407 1045 elementum
2465 986 2704 1043 calidum
2748 986 2890 1054 ignis
2931 992 3118 1054 utpote
3147 982 3329 1051 vigore
3358 992 3411 1037 et

1828 1081 2044 1136 levitate
2068 1083 2133 1135 ad
2160 1082 2443 1150 superiora
2471 1078 2780 1134 convolavit
2797 1077 2960 1140 aeris,
2983 1076 3176 1146 spiritu
3201 1084 3254 1128 et
3282 1089 3412 1144 pro-

1830 1171 1966 1225 cella
2013 1173 2353 1226 subvectum.
2387 1168 2540 1223 Hanc
2575 1183 2702 1239 ergo
2730 1168 3048 1238 procellam,
3075 1181 3196 1235 qua
3231 1180 3413 1218 καται-

1829 1267 1917 1334 γίς
1937 1265 2123 1322 Gracc
2180 1268 2507 1338 appellatur,
2539 1281 2706 1336 agem
2729 1307 2745 1334 ,
2776 1265 2831 1318 id
2876 1272 2960 1319 est
3005 1278 3227 1332 capram
3258 1263 3413 1317 dixe-

1830 1370 1979 1421 runt,
2011 1365 2064 1413 et
2107 1358 2286 1429 ignem
2321 1361 2415 1428 qui
2448 1353 2516 1412 ad
2549 1372 2786 1427 superna
2819 1355 3158 1418 conscendit,
3189 1353 3408 1422 Jovem;

1830 1458 1884 1504 et
1914 1449 2036 1504 ideo
2065 1464 2190 1504 eum
2229 1465 2394 1519 capra
2441 1451 2762 1506 subvectum
2796 1447 3188 1503 conscendisse
3218 1445 3408 1519 Olym-

1831 1556 1959 1612 pum
1990 1540 2201 1596 dicunt.

1903 1629 2146 1684 XXXIII.
2179 1628 2363 1700 Ipsum
2393 1647 2524 1686 vero
2554 1629 2742 1686 Jovem
2773 1628 2947 1685 Graci
2991 1629 3208 1700 quidem
3255 1644 3286 1682 a
3330 1629 3412 1683 vi-

1832 1721 2007 1775 vendo
2037 1723 2119 1776 vel
2150 1722 2320 1776 vitam
2358 1722 2559 1784 dando,
2594 1723 2768 1776 nostri
2802 1737 2834 1776 a
2870 1721 3116 1790 ju‘vando
3155 1721 3410 1776 nomina-

213 1808 414 1864 XXXI.
447 1809 737 1880 Subjungit
786 1819 968 1864 autem
1027 1809 1114 1864 his
1167 1819 1219 1864 et
1259 1807 1561 1871 Hesiodus,
1606 1814 1730 1878 post
1764 1790 1804 1843 Β
1835 1819 1948 1867 tum
1982 1814 2189 1868 volunt.
2224 1811 2375 1866 Hanc
2413 1827 2543 1882 ergo
2575 1827 2697 1867 esse
2740 1812 3014 1866 viventem
3049 1811 3411 1867 substantiam

142 1902 315 1968 chaos
359 1903 541 1956 statim
577 1903 776 1956 calum
806 1902 998 1956 dicens
1041 1901 1392 1958 factumesse
1422 1909 1475 1956 ct
1505 1909 1728 1965 terram,

140 2007 204 2048 ex
248 1993 457 2062 quibus
495 1993 570 2045 ait
601 1993 914 2063 progenitos
947 1993 1068 2048 illos
1099 1992 1373 2056 undecim,
1394 2007 1532 2062 quos
1561 1993 1729 2047 inter-

142 2081 272 2138 dum
306 2090 365 2136 ct
393 2082 682 2137 duodecim
721 2083 855 2136 dicit
889 2084 1027 2154 (57),
1061 2100 1126 2138 ex
1153 2084 1352 2153 quibus
1399 2100 1493 2139 sex
1529 2099 1727 2150 mares,

141 2173 388 2244 quinque
436 2172 667 2230 feminas
726 2174 908 2244 ponit;
962 2176 1184 2229 nomina
1225 2185 1402 2228 autem
1438 2173 1531 2228 dat
1567 2175 1733 2226 mari—

141 2266 244 2321 bus
289 2283 303 2320 :
343 2263 616 2330 Oceanus,
667 2267 853 2331 Caus,
898 2267 1092 2330 Crius,
1138 2265 1433 2336 Hyperion,
1492 2267 1727 2336 Iapetus,

141 2358 382 2422 Cronus,
405 2361 566 2429 quiet
586 2358 860 2416 Saturnus
883 2379 898 2426 ;
921 2361 1050 2414 item
1081 2358 1338 2416 feminis:
1369 2358 1526 2420 Thia,
1556 2358 1728 2424 Rhea,

143 2447 394 2515 Themis,
421 2450 792 2522 Mnemosyne,
825 2449 1044 2520 Thetys,
1077 2466 1197 2520 qua
1227 2450 1446 2504 nomina
1472 2465 1565 2518 per
1598 2451 1730 2505 alle-

141 2540 356 2611 goriam
377 2541 480 2595 hoc
503 2540 666 2595 modo
700 2542 1129 2611 interpretantur
1159 2561 1171 2595 :
1201 2557 1487 2596 numerum
1509 2541 1729 2610 quidem

146 2631 402 2686 undecim
439 2631 523 2685 vel
555 2631 867 2695 duodecim,
905 2631 1078 2701 ipsam
1124 2631 1313 2685 dicunt
1356 2631 1585 2701 primam
1631 2646 1730 2684 na-

145 2728 347 2788 turam,
380 2737 541 2791 quam
574 2729 627 2776 et
670 2720 876 2777 Rheam
929 2738 959 2775 a
988 2720 1205 2776 fluendo
1242 2722 1447 2776 dictam
1494 2723 1723 2789 volunt;

149 2813 397 2881 reliquos
441 2822 622 2867 autem
651 2813 836 2868 decem
887 2814 1193 2869 accidentia
1222 2814 1342 2885 ejus
1372 2816 1561 2870 dicunt
1593 2830 1729 2885 quas

144 2912 193 2956 et
223 2905 520 2974 qualitates
547 2906 856 2975 appellant;
891 2906 1278 2961 duodecimum
1308 2915 1492 2961 tamen
1517 2907 1727 2962 addunt

143 3003 193 3046 et
219 2994 466 3048 Cronum
499 3012 660 3065 quem
694 2995 837 3066 apud
865 3003 967 3052 n03
1005 2997 1300 3054 Saturnum
1331 2999 1556 3066 dicunt;
1581 3000 1727 3054 hunc

144 3101 239 3155 pro
273 3095 519 3156 tempore
571 3087 869 3158 accipiunt.
923 3085 1222 3144 Saturnum
1280 3104 1408 3160 ergo
1436 3099 1488 3144 et
1517 3087 1723 3145 Rheam
1752 3121 1794 3179 ο

145 3191 360 3246 tempus
387 3183 597 3246 ponunt
623 3185 676 3231 et
707 3178 1016 3241 materiam,
1043 3196 1163 3249 qua
1195 3180 1285 3234 ubi
1325 3195 1449 3234 cum
1502 3180 1726 3236 humido

145 3277 195 3321 et
242 3268 402 3322 arido
431 3276 485 3323 et
516 3269 692 3324 calido
721 3277 775 3324 et
809 3270 1006 3340 frigido
1033 3279 1280 3342 tempore
1322 3272 1526 3326 fuerint
1555 3273 1729 3326 admi-

144 3371 246 3443 sta,
275 3366 458 3419 omnia
497 3373 779 3435 generant.

210 3452 428 3509 XXXII.
457 3454 580 3509 Hac
607 3469 761 3526 ergo,
793 3457 992 3526 inquit,
1018 3459 1192 3529 primo
1216 3460 1458 3514 omnium
1487 3467 1728 3531 tempore

151 3552 326 3605 multo
369 3559 679 3605 concretam
727 3552 913 3621 genuit
957 3554 1248 3623 quamdam
1301 3557 1456 3624 quasi
1501 3556 1724 3621 bullam,

146 3654 262 3708 qua
305 3654 372 3692 ex
403 3639 596 3708 spiritu
627 3641 722 3708 qui
754 3640 810 3693 in
844 3641 1002 3710 aquis
1034 3650 1173 3704 erat,
1211 3644 1469 3710 paulatim
1502 3646 1726 3700 collecta

147 3730 424 3794 intumuit,
440 3740 491 3784 et
511 3731 788 3800 aliquanto
809 3743 1050 3802 tempore
1069 3734 1402 3790 circumacta
1424 3751 1519 3805 per
1547 3753 1728 3808 super-

148 3818 320 3875 ﬂciem
349 3821 610 3886 materia,
637 3837 703 3876 ex
738 3836 844 3891 qua
874 3823 1033 3893 quasi
1071 3839 1137 3878 ex
1163 3825 1329 3878 vulva
1359 3835 1723 3894 processerat,

147 3910 326 3981 rigore
367 3911 588 3982 frigoris
638 3913 906 3967 obdurata
952 3924 1006 3969 et
1057 3915 1377 3985 glacialibus
1420 3921 1726 3988 augmentis

146 4014 366 4071 semper
405 4003 742 4065 increscens,
777 4005 1008 4074 abrupta
1044 4007 1262 4062 tandem
1303 4007 1640 4080 demergitur
1670 4012 1725 4067 in

146 4092 502 4162 profundum,
533 4110 596 4147 ac
628 4093 867 4164 pondere
910 4096 1028 4164 ipso
1058 4104 1332 4166 pertracta
1364 4099 1418 4152 in
1450 4100 1723 4156 infernum

146 4185 448 4249 descendit,
483 4194 538 4240 et
570 4187 699 4256 quia
755 4187 1048 4243 invisibilis
1101 4188 1243 4244 facta
1279 4198 1385 4255 est,
1421 4191 1584 4248 Aides
1624 4211 1723 4265 ap-

147 4275 340 4344 pellata
369 4282 474 4337 est,
497 4277 591 4345 qui
622 4283 674 4331 et
695 4275 870 4332 Orcus
892 4279 975 4333 vel
1005 4277 1163 4333 Pluto
1195 4281 1530 4340 nominatur.
1558 4284 1725 4339 Cum-

152 4385 256 4440 que
301 4372 368 4426 de
414 4373 792 4442 superioribus
835 4385 1170 4447 mergeretur
1193 4379 1251 4432 in
1282 4378 1517 4442 inferna,
1544 4381 1722 4434 locum

1833 1905 2037 1968 ferunt,
2072 1920 2192 1973 qua
2223 1904 2276 1956 in
2307 1903 2687 1973 superioribus
2725 1905 2923 1973 posita,
2956 1903 3006 1954 vi
3044 1903 3243 1956 caloris
3266 1902 3413 1956 velut

1832 1996 2040 2054 cerebri
2096 1995 2303 2048 ambitu
2347 1993 2414 2047 ad
2458 2009 2516 2048 se
2546 1995 2768 2049 trahens
2797 2004 3012 2048 cuncta.
3048 2000 3102 2045 et
3126 1991 3412 2061 cujusdam

1833 2087 2246 2158 temperamenti
2299 2087 2672 2142 moderatione
2735 2099 3090 2156 componens,
3124 2084 3190 2138 de
3235 2083 3412 2152 capite

1833 2183 2032 2238 dicitur
2051 2182 2304 2251 genuisse
2325 2181 2669 2250 sapientiam,
2691 2196 2852 2249 quam
2869 2179 3164 2232 Minervam
3189 2182 3410 2240 vocant,

1832 2291 1954 2346 qua
2002 2289 2034 2328 α
2077 2271 2282 2328 Gracis
2323 2273 2524 2345 Ἀθήνη
2555 2280 2776 2342 pr0pter
2807 2269 3268 2324 immortalitatem
3299 2265 3412 2338 (58)

1832 2366 2112 2422 nominata
2139 2372 2252 2431 est;
2279 2380 2399 2435 qua
2445 2364 2571 2435 quia
2602 2372 2754 2433 pater
2797 2361 3038 2416 omnium
3065 2375 3160 2431 per
3196 2358 3413 2427 sapien-

1833 2458 1960 2512 tiam
2013 2471 2167 2511 suam
2207 2463 2406 2510 cuncta
2450 2454 2716 2515 condidit,
2750 2462 2802 2506 et
2832 2467 2896 2506 ex
2924 2452 3041 2521 ipso
3073 2450 3247 2520 capite
3291 2447 3412 2516 ejus

1831 2553 1884 2599 et
1924 2546 2209 2617 principali
2235 2546 2476 2599 omnium
2508 2546 2690 2614 genita
2719 2543 2922 2596 dicitur
2958 2542 3096 2604 loco,
3120 2548 3174 2594 et
3207 2549 3412 2608 tempe-

1833 2645 1951 2691 rata
1997 2635 2326 2690 admistione
2368 2634 2762 2688 elementorum
2797 2633 3112 2686 universum
3144 2630 3411 2684 formasse

1831 2729 2094 2783 mundum
2144 2736 2198 2782 et
2247 2713 2545 2780 adornasse
2601 2725 2945 2794 perhibetur.
2990 2723 3162 2793 Igitur
3199 2722 3410 2792 species

1830 2837 1953 2891 qua
1997 2821 2242 2874 materia
2290 2819 2477 2872 indita
2523 2825 2674 2879 sunt,
2707 2828 2766 2873 ut
2808 2817 2958 2870 ﬁeret
2985 2815 3244 2875 mundus,
3279 2813 3408 2883 quia

1830 2913 1882 2968 vi
1938 2911 2135 2966 caloris
2188 2909 2662 2978 constringuntur,
2700 2906 2854 2963 Jovis
2899 2906 3108 2960 viribus
3138 2899 3408 2959 Contineri

1830 3005 2106 3060 dicuntur.
2142 3000 2272 3066 Qua
2312 2999 2571 3069 quoniam
2603 2997 2932 3052 sufﬁcienter
2965 3011 3024 3052 se
3060 2995 3281 3060 habent,
3306 3007 3408 3048 nec

1831 3095 1973 3150 ultra
2027 3091 2152 3146 addi
2199 3090 2304 3146 sibi
2340 3090 2585 3160 indigent
2639 3089 2841 3159 aliquid
2895 3085 3172 3156 novi,_scd
3207 3101 3406 3140 unum-

1831 3187 2086 3257 quodque
2132 3183 2358 3239 seminis
2391 3183 2477 3238 sui
2508 3182 2826 3252 posteritate
2869 3190 3173 3251 reparatur,
3208 3181 3405 3236 vincta

1830 3293 1949 3333 esse
1988 3292 2018 3329 a
2045 3274 2177 3330 Jove
2231 3273 2452 3329 Saturni
2494 3289 2688 3328 manus
2746 3271 3005 3326 dicuntur
3042 3290 3056 3326 :
3089 3272 3218 3341 quia
3266 3271 3402 3326 nihil

1829 3370 1954 3424 novi
1995 3368 2131 3438 jam,
2167 3377 2223 3421 ut
2241 3366 2395 3434 Ldixi,
2419 3382 2485 3422 ex
2511 3365 2740 3420 materia
2766 3373 2979 3434 tempus
3009 3363 3278 3434 producit,
3305 3361 3401 3417 sed

1829 3462 1978 3515 calor
2037 3459 2308 3516 seminum
2361 3458 2659 3512 secundum
2742 3457 2826 3512 sui
2891 3455 3130 3527 speciem
3200 3459 3398 3509 cuncta

1831 3550 2091 3614 restituit,
2123 3565 2222 3604 nec
2254 3549 2398 3603 ultra
2448 3546 2613 3602 Rhea
2658 3556 2867 3618 partus,
2895 3548 2996 3602 hoc
3045 3553 3126 3601 est
3158 3557 3399 3616 propago

1821 3642 2068 3695 materia
2113 3639 2352 3703 fluentis,
2389 3639 2654 3701 ascendit,
2704 3646 2755 3692 et
2806 3638 2924 3691 ideo
2961 3638 3130 3706 ipsam
3167 3637 3399 3705 primam

1829 3735 2222 3808 elementorum
2252 3730 2576 3786 divisionem
2628 3728 2992 3783 abscisionem
3030 3725 3248 3781 Saturni
3291 3739 3396 3779 no»

1830 3825 2069 3888 minant,
2120 3823 2278 3894 quasi
2323 3823 2418 3892 qui
2469 3821 2612 3875 ultra
2659 3819 2922 3875 mundum
2982 3832 3241 3889 generare
3285 3831 3395 3870 non

1827 3915 2023 3984 possit.

1899 4005 2134 4062 XXXIV.
2181 4005 2316 4060 Nam
2365 4005 2433 4060 de
2485 4003 2697 4059 Venere
2739 4003 2844 4056 hoc
2881 4001 3044 4055 modo
3084 4000 3393 4072 allegoriam

1827 4088 2051 4159 tradunt
2084 4122 2098 4156 :
2134 4099 2256 4166 Ubi,
2288 4101 2462 4164 aiunt,
2493 4098 2682 4153 atheri
2713 4096 3020 4165 subjectum
3045 4104 3126 4148 est
3147 4095 3393 4164 pelagus,

1827 4211 1950 4251 cum
1975 4209 2333 4264 repercussus
2364 4191 2522 4262 aquis
2559 4189 2818 4260 splendor
2847 4189 2971 4243 cali
3003 4188 3207 4258 gratior
3228 4186 3395 4241 reful-

1828 4288 2270 4349 sisset,venustas
2299 4298 2478 4337 rermn
2505 4296 2626 4352 qua
2646 4295 2709 4333 ex
2743 4281 2898 4349 aquis
2923 4278 3201 4348 pulchrior
3231 4292 3397 4347 appa-

1825 4385 2031 4444 ruerat,
2068 4375 2247 4431 Venus
2287 4373 2566 4429 nominata
2607 4380 2690 4428 est
2721 4372 2856 4442 (59),
2881 4385 3000 4440 qua
3029 4369 3215 4424 atheri
3267 4376 3392 4421 tan-

150 4465 457 4523 connuendi
485 4469 706 4524 humido
732 4471 964 4541 prabuit
990 4473 1280 4538 elemento,
1310 4483 1364 4529 et
1398 4491 1526 4545 pars
1570 4492 1721 4532 cras-
1753 4461 1799 4515 ι)
1827 4486 1989 4544 quam
2020 4469 2173 4523 fratri
2204 4483 2306 4523 suo
2346 4467 2576 4531 sociata,
2601 4463 2747 4536 quod
2781 4463 3203 4533 concupiscibile
3225 4461 3393 4516 decus

149 4559 276 4624 sior,
313 4574 436 4630 qua
457 4567 541 4615 est
563 4567 730 4626 terra,
760 4563 917 4633 aquis
949 4564 1268 4621 cedentibus
1289 4566 1562 4636 patefacta
1613 4579 1718 4624 est.

1827 4564 2088 4627 effecerit,
2128 4560 2455 4632 Cupidinem
2515 4557 2768 4630 genuisse
2808 4562 3106 4612 memorata
3143 4560 3247 4610 est.
3279 4550 3392 4607 Hoc

1443 4699 1812 4756 COTELERII
1845 4699 2076 4758 NOTAE.

209 4855 327 4928 (57)
367 4853 500 4909 Illos
532 4855 794 4920 undecim,
818 4873 950 4928 quos
981 4859 1244 4913 interdum
1265 4871 1313 4914 et
1341 4859 1616 4916 duodecim
1637 4861 1713 4915 di-

144 4932 229 4983 cit.
287 4925 612 4998 Theogonia
655 4942 801 4984 vers.
834 4925 996 4993 133,
1053 4939 1158 4984 etc.
1207 4931 1484 4994 Ὠκεανὸν,
1529 4935 1710 4998 Κοῖον,

145 4998 358 5072 ξςρεϊον,
390 4997 705 5072 ίΥπερέονᾳ,
752 4999 1010 5072 ΊΞπεξτὸν,
1048 5000 1229 5072 Θείαν,
1279 5001 1476 5072 Ῥείαν,
1521 4997 1709 5072 Θέμιν,

146 5067 526 5142 ῌνημοσῷνην,
553 5067 769 5142 Φᾳίϐην,
797 5069 996 5140 Τηθὺν,
1020 5070 1247 5142 Κρόνον.
1280 5070 1454 5142 Supra
1481 5090 1530 5127 c.
1564 5067 1630 5125 l7
1659 5083 1713 5127 et

146 5139 584 5212 glemenlingrum
611 5139 795 5212 homil.
832 5139 903 5201 vi,
927 5155 982 5194 n.
1015 5139 1377 5203 {duodecim
1410 5150 1710 5212 ponuntur.

143 5206 410 5284 I_)i‘odor_us
434 5206 654 5284 Siculus
684 5209 779 5284 lib.
807 5227 838 5262 v
873 5220 1156 5284 enumerat
1186 5206 1458 5284 undecim,
1486 5213 1711 5284 Κρόνον,

153 5277 455 5351 ξΥπεριονᾳ,
489 5279 669 5351 Κοῖον,
702 5279 965 5351 Ἰαπετὸν,
1004 5281 1190 5351 Κριὸν,
1230 5283 1498 5344 Ὠκεανὸν,
1533 5277 1708 5346 Ῥέαν,

141 5347 326 5422 θέμιν,
375 5348 760 5422 Μνημοσύνην,
814 5347 1292 5422 Φρὶϐην,’ΤηΘύν.
1344 5353 1710 5422 Apollodorus

143 5417 230 5507 lib.
273 5433 309 5480 ι,
334 5417 624 5507 tredecim,
663 5417 1491 5507 ’ρκξᾳνὸν’,“ἰξοίονζξ’Υπερξόνα,
1521 5424 1707 5507 Κρῖον,

154 5488 410 5563 autem
437 5490 664 5563 ιςρόνονι
684 5490 885 5563 Inous
915 5489 1088 5563 ἰξέανν
1111 5490 1301 5563 θέμιν,
1320 5488 1708 5562 Μνημοσύνην,

141 5557 353 5633 Φρίὸην,
378 5557 808 5633 Διιῢνλινεμθείᾴν.
840 5558 1088 5633 Orpheus
1118 5557 1352 5632 denique
1378 5557 1711 5633 quatuord'e-

145 5629 473 5703 c_im,8_ép._tv,
497 5629 698 5703 Τηθὺν,
724 5629 1110 5703 Μνημόσύνην,
1144 5629 1323 5696 Θείάν,
1345 5629 1569 5703 Δίώνην,
1592 5633 1710 5686 Φοί-

146 5667 473 5703 .....,v.,...,
507 5667 529 5682 .
550 5667 698 5702 ψη,
724 5667 1041 5700 μυηεινυ...
1072 5667 1110 5695 ν,
1144 5667 1323 5696 Vw",
1345 5667 1569 5703 μιωνιιν,
1593 5667 1707 5686 τυ.-

146 5696 262 5774 σῃν,
286 5699 515 5774 -ᾮειην,
547 5702 728 5774 Κοξον,
768 5701 954 5774 Κριὸν,
991 5667 1218 5773 Φδρκνν,
1259 5703 1483 5774 Κρόνον,
1524 5705 1707 5758 Ὠκεα-

145 5768 249 5838 νδν,
286 5769 416 5824 Tm
425 5768 592 5840 ῥίονα,
624 5768 885 5826 Ἰαπετόν.

1885 4860 1998 4928 (’58)
2047 4858 2267 4930 Ἀθήνη,
2300 4866 2507 4928 propter
2528 4853 3006 4930 immortalitatem.
3035 4851 3382 4930 Fulgentius:

1820 4926 2056 4990 Minerva
2101 4926 2319 5000 denique
2368 4941 2417 4985 et
2473 4929 2667 5000 Ἀθήνη
2719 4926 2896 5000 Gru'ce
2946 4927 3179 5000 dicitur,
3235 4927 3387 4996 quasi

1817 5006 2080 5075 ἀθάνατος
2113 4997 2394 5075 παρθένος,
2427 4999 2480 5054 id
2505 4997 2925 5075 est'immortalis
2954 4997 3116 5075 virgo.

1889 5076 2001 5146 (59)
2037 5066 2291 5146 Venustas
2323 5087 2519 5146 rerum,
2555 5087 2671 5137 quae
2699 5084 2762 5123 ea:
2791 5069 2940 5146 agnis
2975 5066 3247 5146 pulchrior
3293 5081 3360 5132 ap

1855 5136 2090 5210 arderet,
2133 5143 2301 5196 Venus
2352 5136 2624 5210 nominata
2674 5151 2791 5210 e151,,
2825 5138 2999 5210 Ilalies
3050 5136 3136 5190 hic
3163 5149 3387 5210 quoque

1841 5206 2104 5269 {uiittiana
2139 5213 2498 5272 Clemeuu'nt's,
2529 5209 2714 5285 Graca
2751 5207 2958 5285 Latinis
3005 5222 3111 5259 non
3161 5206 3388 5285 inscite,

1820 5287 2010 5340 audaci
2059 5285 2185 5354 licet
2225 5287 2276 5338 in
2314 5279 3060 5354 interpretatione__faciuore,
3107 5279 3384 5354 perinista.

1819 5354 1890 5411 Ut
1935 5356 2078 5409 enim
2141 5353 2305 5407 Venus
2348 5369 2377 5406 a
2423 5347 2704 5404 venustate
2753 5350 2996 5410 dicatur,
3029 5347 3185 5415 quod
3221 5347 3385 5415 etiam

1818 5425 1980 5480 tradit
2013 5423 2300 5487 Firmicus,
2330 5421 2525 5494 refellit
2555 5436 2681 5494 vero
2709 5419 2934 5483 Cicero;
2972 5414 3256 5494 ’ᾼφροδίτη
3305 5414 3385 5466 al-

1818 5497 1987 5549 terius
2013 5495 2236 5564 originis
2250 5503 2351 5555 est,
2370 5493 2439 5545 ab
2458 5489 2622 5565 dupr
2633 5506 2838 5565 spuma,
2856 5496 2922 5565 _u_t
2941 5487 3098 5565 v_ul_g_o
3125 5489 3386 5565 sentiunt,

1819 5575 1984 5633 utque
2007 5555 2365 5634 colligiturex
2395 5555 2631 5631 capI'Q'O
2656 5555 2819 5628 hujus
2853 5557 2998 5614 libri.
3030 5555 3386 5634 Macrobiusi

1821 5625 2096 5689 Saturnal.
2129 5625 2163 5689 ἐξ
2195 5652 2208 5687 :
2252 5625 2522 5699 Venerem,
2567 5647 2683 5701 quae
2712 5625 2743 5683 ά
2766 5644 2954 5701 spuma
2981 5625 3382 5701 audacoalui‘t,
3415 5643 3419 5650 ·

1821 5645 2096 5689 Saturum.
2129 5645 2160 5689 δ
2195 5652 2208 5687 :
2253 5645 2522 5699 Venerem,
2567 5647 2683 5701 quae
2712 5646 2743 5683 α
2765 5645 2954 5754 ἱρωηα
2981 5645 3137 5680 unua:
3162 5645 3382 5687 coatuu,

1819 5705 2114 5827 ﬁphgodite
2145 5720 2329 5758 nomen
2354 5705 2571 5772 accepit.
2607 5699 2738 5756 Vide
2810 5697 3113 5768 lementina,
3141 5695 3290 5752 hom.
3326 5694 3382 5763 6,

1819 5791 1866 5829 ε.
1905 5791 1986 5828 ‘IO.
