4048 6342
669 376 801 435 ιω
1551 377 1603 433 8.
1643 376 2039 435 CLEMENTI!)
2075 379 2091 433 l
2126 378 2267 435 ROM

2360 377 2533 435 ’O‘NT.
2567 376 2794 433 OPERA
2826 376 3053 434 ΒΗΜΛ.
3826 377 3958 434 suo

665 513 794 567 ergo
831 496 995 551 modo
1032 513 1127 567 per
1156 498 1467 569 allegoriam
1495 496 1735 553 Cronum
1774 498 2017 569 quidem,
2050 498 2143 569 qui
2174 504 2257 553 est
2285 502 2333 561 Α
2365 498 2645 563 vorantis,
2706 506 2757 552 et
2806 496 3063 551 occultati
3117 495 3268 565 pueri
3327 508 3427 565 per
3467 492 3849 563 Corybantum
3910 506 3955 547 et

668 587 959 653 Saturnus,
993 598 1206 658 tempus
1227 606 1371 655 esse,
1404 599 1462 643 ut
1483 591 1743 654 diximus,
1768 591 2010 651 tradunt,
2042 590 2249 646 Rheam
2357 591 2602 659 cymbala
2655 599 2708 645 et
2779 599 3157 661 tympanorum
3236 590 3449 643 sonitus
3471 628 3485 652 ,
3568 588 3957 657 exprimuntur

668 680 1189 743 matcriam,Aidcn,
1227 680 1279 733 id
1307 694 1389 735 est
1420 680 1642 744 Orcum,
1672 680 1869 735 inferni
1897 680 2250 750 profundum.
2356 681 2645 751 imagines.
2680 682 2752 736 De
2801 682 3109 735 abscisione
3152 696 3282 734 vero
3326 678 3590 741 Saturni,
3626 694 3754 747 qua
3782 679 3959 747 maio:-

666 768 979 840 Neptunum
1014 788 1232 841 aquam,
1286 773 1475 829 Jovem
1521 777 1805 839 aetherem,
1846 775 1897 829 id
1937 788 2019 830 est
2052 776 2253 829 caloris
2354 774 2457 828 erit
2506 775 2755 845 probatio
2805 776 3073 836 veritatis,
3105 788 3267 844 quam
3324 782 3382 827 ut
3432 774 3486 828 in
3544 779 3817 825 honorem
3873 773 3955 825 dei

664 862 1019 927 elementum,
1056 852 1318 919 Venerem
1376 875 1717 922 venustatem
1780 884 1984 931 rerum,
2029 867 2253 936 Cupidi-
2356 867 2461 928 sui,
2496 866 2663 920 simili
2725 866 3063 921 infelicitatis
3122 874 3267 921 sorte
3329 864 3735 921 abscindantur
3787 868 3955 918 etiam

666 968 788 1008 nem
812 957 1333 1024 concupiscentiam,
1355 974 1473 1027 qute
1502 959 1643 1014 inest
1668 960 1831 1014 rebus
1852 960 2132 1025 omnibus,
2158 974 2254 1029 per
2353 956 2632 1011 cultores?
2660 956 2795 1011 Cum
2828 973 2957 1028 ergo
2993 958 3111 1013 haec
3144 958 3431 1012 manifeste
3464 964 3795 1019 cernantur,
3828 960 3959 1025 quis

666 1063 827 1117 quam
890 1050 1181 1116 posteritas
1229 1059 1537 1118 reparatur,
1572 1054 1653 1106 vel
1700 1054 1860 1107 etiam
1894 1068 2074 1107 rerum
2109 1052 2251 1105 ratio
2354 1056 2464 1101 tam
2520 1050 2701 1119 exigui
2747 1065 2963 1115 sensus,
2998 1051 3108 1104 imo
3140 1059 3247 1103 tam
3283 1048 3469 1105 stolidi
3494 1048 3833 1109 invenietur,
3868 1063 3958 1103 ea;

665 1154 787 1208 qua:
812 1141 1087 1209 sapienter
1132 1141 1377 1209 inspecta
1413 1142 1667 1197 delectat.
1710 1143 1871 1207 llera,
1904 1143 1953 1197 id
1977 1151 2060 1198 est
2086 1142 2247 1206 Juno,
2352 1155 2462 1194 non
2495 1142 2674 1211 palam
2706 1143 2798 1207 sit,
2838 1143 2954 1198 haec
2985 1143 3159 1213 magis
3203 1158 3330 1198 vera
3374 1158 3497 1198 esse
3528 1141 3600 1197 de
3632 1141 3959 1196 infelicibus

668 1247 759 1287 aer
790 1233 891 1288 iste
928 1234 1163 1295 medius,
1203 1235 1293 1303 qui
1334 1236 1400 1289 de
1432 1238 1572 1289 coelo
1603 1253 1776 1306 usque
1809 1238 1874 1290 ad
1899 1244 2100 1291 terram
2125 1235 2252 1289 des-
2352 1233 2479 1299 diis,
2515 1251 2635 1305 qum
2665 1236 2998 1292 infeliciores
3028 1237 3267 1291 cultores
3293 1237 3455 1291 etiam
3481 1250 3789 1305 corporum
3817 1248 3957 1289 suo-

668 1326 871 1391 cendit,
906 1329 1148 1396 ponitur.
1206 1328 1412 1391 Dianae,
1446 1345 1608 1398 quam
1660 1331 1831 1399 ipsam
1865 1328 2250 1397 Proserpinam
2354 1343 2473 1381 rum
2510 1330 2837 1385 vulneribus
2870 1340 2922 1386 et
2951 1332 3265 1387 abscisione
3290 1328 3605 1384 testantur?

664 1417 887 1482 dicunt,
937 1435 1115 1472 aerem
1174 1419 1387 1475 inferne
1428 1421 1671 1475 tradunt.
1705 1421 2007 1492 Apollinem
2072 1420 2248 1488 ipsum
2425 1420 2711 1477 XXXVI".
2742 1424 2893 1490 Quod
2930 1426 2996 1491 si,
3042 1433 3099 1478 ut
3127 1424 3339 1483 dicunt.
3369 1423 3485 1476 haec
3517 1422 3598 1475 ita
3635 1421 3873 1475 honeste
3905 1428 3961 1473 at

664 1510 828 1563 etiam
861 1512 1029 1564 solem
1066 1510 1273 1571 dicunt,
1307 1513 1739 1565 circumeuntem
1780 1514 2000 1579 polum;
2029 1510 2244 1565 Mercu-
2352 1514 2438 1584 pie
2476 1524 2628 1585 gesta
2666 1524 2774 1569 tam
2810 1517 3098 1571 inhonesto
3127 1517 3233 1571 ritu
3265 1516 3655 1570 ministrantur
3677 1522 3735 1569 et
3761 1514 3951 1584 impio.

665 1606 804 1658 rium
860 1606 1109 1665 verbum,
1170 1620 1277 1673 quo
1331 1606 1471 1657 ratio
1517 1606 1583 1659 de
1642 1606 1876 1674 singulis
1935 1604 2249 1673 quibusque
2351 1607 2654 1677 sacrilegus
2696 1607 2941 1677 profecto
2995 1616 3100 1672 est,
3136 1608 3385 1678 quisquis
3428 1606 3521 1661 ille
3552 1605 3641 1660 vel
3672 1620 3742 1660 ex
3797 1606 3955 1658 initio

665 1695 959 1761 reddatur;
998 1696 1224 1750 Martem
1254 1698 1672 1764 intemperatum
1708 1698 2022 1767 ignem,qui
2050 1703 2248 1750 cuncta
2354 1697 2469 1752 haec
2524 1700 2768 1763 tradidit,
2810 1700 2893 1754 vel
2940 1715 3087 1753 nunc
3140 1701 3283 1753 male
3333 1700 3531 1752 tradita
3565 1699 3947 1768 persistitim-

664 1796 973 1843 consumat.
1022 1788 1127 1841 Sed
1172 1803 1240 1840 ne
1287 1789 1503 1857 singula
1559 1789 1934 1844 enumerando
1988 1791 2245 1847 immore-
2278 1848 2315 1860 η
2351 1790 2518 1857 plere.
2557 1791 2697 1857 Quid
2754 1800 2935 1847 autem
2966 1802 3018 1846 et
3058 1791 3125 1848 de
3173 1792 3328 1847 libris
3360 1792 3600 1845 dicimus
3630 1792 3953 1860 poetarum?

664 1895 806 1939 mur,
839 1879 904 1932 ad
962 1880 1101 1932 hanc
1163 1880 1437 1950 allegoriae
1495 1884 1731 1951 speciem
1783 1883 1849 1937 de
1915 1898 2245 1953 unoquoque
2278 1848 2538 1939 BNonne
2590 1895 2910 1955 Oportuerat
2968 1902 3083 1951 eos,
3118 1886 3163 1940 si
3227 1884 3458 1938 honesta
3499 1892 3555 1938 et
3602 1884 3693 1953 pia
3722 1882 3949 1938 deorum

662 1986 852 2025 eorum
900 1986 1039 2040 quos
1094 1971 1303 2034 colunt,
1342 1972 1397 2025 bi
1432 1974 1631 2041 quibus
1663 1976 1926 2029 secretior
1953 1974 2018 2029 de
2046 1976 2244 2031 talibus
2349 1990 2498 2049 gesta
2549 1980 2803 2049 turpibus
2858 1978 3059 2033 fabulis
3098 1977 3455 2040 infamarunt,
3487 1975 3659 2045 abjici
3697 1975 3952 2045 protinus

662 2062 804 2115 inest
854 2062 1065 2130 peritia,
1109 2062 1370 2117 honestas
1408 2064 1510 2119 sibi
1546 2065 1801 2119 videntur
1840 2066 2089 2135 etjustas
2119 2068 2245 2120 red-
2349 2081 2511 2143 atque
2544 2073 2597 2127 in
2624 2074 2801 2143 ignem
2832 2074 2972 2135 dari,
3005 2087 3072 2127 ne
3099 2072 3493 2141 persuaderent
3535 2080 3747 2124 tenera
3778 2067 3949 2121 adhuc

661 2154 793 2210 dere
828 2158 1093 2211 rationes.
2348 2166 2490 2221 aetati
2544 2183 2875 2237 puerorum,
2906 2165 3091 2221 Jovem
3130 2165 3307 2235 ipsum
3341 2162 3572 2217 deorum
3621 2163 3947 2233 principem.

734 2246 949 2303 XXXV.
983 2249 1109 2304 Haec
1134 2266 1257 2305 cum
1282 2252 1469 2307 Niceta
1501 2252 1751 2317 dixisset,
1783 2255 1980 2326 Aquila
2011 2270 2244 2326 respon-
2349 2260 2679 2329 parricidam
2723 2274 2851 2328 erga
2906 2266 3179 2328 parentes,
3225 2258 3499 2311 incestum
3540 2271 3678 2327 erga
3730 2270 3947 2311 sorores

662 2337 777 2392 dit:
810 2338 975 2395 Valde
1008 2342 1140 2396 mihi
1176 2343 1409 2409 videtur,
1435 2346 1687 2416 quisquis
1727 2348 1816 2402 ille
1842 2357 1925 2402 est
1959 2358 2154 2404 auctor
2193 2361 2247 2405 et
2348 2360 2401 2407 et
2431 2352 2588 2416 tilias,
2621 2352 2894 2422 impurum
2916 2352 3078 2405 etiam
3111 2351 3164 2404 in
3198 2366 3396 2419 pueros
3422 2350 3715 2403 exstitisse
3738 2388 3753 2411 ,
3782 2346 3947 2402 Vene-

661 2431 913 2489 inventor
962 2435 1181 2501 borum,
1245 2438 1445 2508 impius
1502 2443 1802 2506 exstitisse,
1859 2445 1904 2498 si
1958 2445 2073 2499 hazc
2126 2461 2247 2515 quae
2349 2462 2464 2501 rem
2516 2458 2641 2499 cum
2698 2444 2870 2499 Marte
2919 2444 3218 2505 adulteros,
3248 2450 3301 2496 et
3331 2442 3515 2495 omnia
3548 2443 3646 2495 illa
3678 2444 3939 2512 quzjam

662 2533 817 2593 grata
845 2534 896 2580 et
927 2528 1154 2585 honesta
1178 2534 1436 2588 videntur
1460 2537 1771 2602 abscondit,
1807 2547 1861 2591 et
1898 2541 2249 2609 superstitio-
2350 2541 2603 2611 simerius
2631 2542 2779 2595 dicta
2818 2538 2981 2594 sunt?
3003 2539 3106 2591 Aut
3152 2535 3282 2607 quid
3316 2536 3411 2589 tibi
3440 2534 3699 2602 videtur,
3730 2535 3945 2588 domine

665 2618 749 2672 nis
781 2634 892 2676 suae
919 2624 1085 2678 ritum
1123 2624 1176 2679 in
1214 2626 1566 2684 dedecorosis
1596 2639 1649 2685 et
1672 2631 1923 2701 turpibus
1948 2634 2245 2687 observan-
2350 2636 2421 2687 mi
2448 2632 2643 2688 Petre?

664 2711 756 2767 tiis
814 2714 1125 2781 collocavit,
1183 2735 1308 2773 cum
1364 2736 1426 2774 ea
1470 2738 1591 2791 qua:
1643 2722 1946 2777 secundum
2002 2723 2243 2777 litteram
2421 2724 2663 2779 XXXIX.
2691 2723 2845 2779 Tunc
2874 2724 2964 2779 ille
2991 2722 3531 2794 respondit:Certus
3558 2730 3707 2785 esto,
3740 2722 3945 2775 dulcia-

664 2806 867 2874 scripta
900 2815 1049 2872 sunt,
1079 2810 1370 2866 manifeste
1407 2814 1696 2869 inhonesta
1726 2816 1837 2870 sint
1867 2830 1921 2870 et
1959 2818 2161 2887 turpia,
2194 2824 2246 2871 et
2351 2818 2489 2873 sime
2530 2819 2749 2888 Aquila,
2780 2819 2906 2887 quia
2955 2818 3140 2882 omnia
3167 2831 3263 2885 per
3286 2816 3481 2869 bonam
3516 2814 3614 2869 Dei
3648 2812 3943 2885 providen-

662 2902 774 2949 tota
814 2898 1095 2965 religionis
1133 2917 1325 2954 eorum
1359 2904 1711 2959 observantia
1743 2908 1797 2960 in
1837 2908 1977 2977 ipsrs
2010 2915 2244 2972 constet,
2351 2910 2484 2963 tiam
2533 2918 2684 2979 gesta
2732 2918 2881 2973 sunt,
2926 2917 2984 2963 ut
3015 2924 3125 2962 non
3157 2909 3333 2963 solum
3370 2907 3590 2961 infirma
3619 2914 3675 2961 et
3712 2907 3941 2977 fragilis,

663 2996 723 3041 ut
763 3005 859 3059 per
906 2990 1223 3059 hujusmodi
1266 2998 1476 3051 scelera
1505 3009 1557 3053 et
1587 3002 1893 3069 impietates
1938 3001 2071 3057 deos
2114 3018 2246 3058 suos
2351 3017 2538 3057 verum
2584 3012 2637 3057 et
2683 3004 2857 3073 turpis
2892 3010 3038 3058 esset
3071 3017 3237 3059 causa
3275 3016 3395 3071 qua:
3430 2999 3617 3053 futura
3652 3010 3781 3054 erat
3819 3015 3945 3053 con-

663 3095 801 3149 quos
838 3083 1047 3150 colunt,
1083 3082 1317 3142 doceant
1360 3090 1588 3147 imitari.
1630 3092 1765 3148 Nam
1801 3095 1855 3148 in
1892 3095 2014 3152 istis
2046 3097 2247 3169 allego-
2350 3099 2518 3151 traria
2572 3096 2807 3151 veritati.
2865 3095 2924 3149 Si
2986 3096 3136 3149 enim
3190 3095 3422 3149 validior
3470 3102 3525 3149 et
3584 3094 3945 3148 verisimilier

664 3173 763 3227 riis
806 3190 925 3243 qua:
965 3178 1043 3232 eis
1089 3181 1299 3236 utilitas
1342 3185 1485 3237 erit?
1524 3200 1645 3253 qua}
1696 3188 1945 3257 quamvis
2003 3188 2245 3243 honesta;
2273 3190 2314 3246 C
2353 3188 2545 3241 fuisset
2596 3188 2801 3243 erroris
2854 3188 3112 3249 assertio,
3143 3186 3290 3240 haud
3333 3185 3491 3239 facile
3518 3185 3826 3255 quisquam
3858 3188 3945 3255 qui

664 3264 958 3335 finguntur,
1005 3271 1190 3327 nullus
1227 3280 1406 3328 tamen
1435 3292 1501 3345 ex
1534 3280 1613 3331 eis
1645 3288 1741 3331 aut
1776 3296 1908 3335 usus
1937 3280 2001 3334 ad
2029 3281 2239 3335 cultum
2346 3282 2402 3332 in
2450 3294 2515 3333 eo
2570 3280 2829 3349 deceptus
2890 3288 3061 3344 esset,
3102 3279 3171 3333 ad
3219 3279 3322 3332 iter
3345 3278 3593 3333 veritatis
3624 3278 3859 3333 rediret.
3893 3276 3945 3331 Si

662 3360 910 3425 pervenit
955 3371 1047 3413 aut
1079 3364 1143 3414 ad
1178 3380 1357 3420 mores
1384 3368 1697 3425 emendatio
2343 3372 2491 3426 enim
2539 3387 2853 3433 nunc,cum
2901 3378 3011 3424 tam
3062 3372 3231 3424 multa
3262 3371 3462 3440 probra
3488 3379 3543 3424 et
3572 3371 3854 3425 dedecora
3884 3374 3946 3427 de

731 3446 971 3508 XXXVI.
1026 3453 1180 3509 Unde
1234 3460 1412 3529 magis
1462 3470 1697 3527 constat,
1758 3466 1902 3535 quod
1948 3468 2242 3538 prudentes
2345 3464 2452 3518 diis
2493 3464 2735 3533 gentium
2778 3463 3151 3534 proferuntur,
3185 3465 3275 3518 vix
3306 3464 3505 3532 aliquis
3536 3472 3758 3531 turpem
3790 3466 3945 3518 dere-

661 3539 913 3631 vi‘ricum
950 3546 1193 3601 viderent
1222 3566 1568 3607 communem
1620 3558 2065 3625 superstitionem
2132 3570 2241 3616 tam

2348 3556 2547 3620 linquit
2578 3572 2841 3617 errorem,
2878 3565 3087 3625 quanto
3126 3557 3299 3625 magis
3346 3555 3395 3610 si
3427 3562 3573 3609 esset
3622 3555 3693 3608 ibi
3734 3554 3944 3623 aliquid

664 3637 985 3705 probrosam
1016 3657 1160 3706 esse,
1186 3652 1294 3698 tam
1323 3654 1560 3716 turpem,
1596 3667 1695 3709 nee
1725 3661 1907 3707 tamen
1937 3657 2243 3727 corrigendi
2346 3648 2637 3704 honestum
2687 3657 2740 3703 et
2774 3649 3109 3703 verisimile?
3142 3648 3438 3703 Difﬁculter
3474 3662 3713 3718 namque
3752 3658 3934 3703 trans-

664 3729 884 3782 modum
922 3733 1157 3802 aliquem
1217 3739 1302 3791 vel
1348 3740 1631 3795 scientiam
1676 3743 2018 3809 didicissent,
2043 3749 2247 3818 quibus
2348 3740 2521 3795 fertur
2555 3742 2773 3796 animus
2826 3741 2895 3793 ab
2952 3741 3058 3804 his,
3118 3743 3173 3795 in
3224 3742 3426 3811 quibus
3466 3756 3499 3794 a
3548 3740 3724 3809 prima
3784 3750 3944 3795 aetate

662 3828 968 3888 potuerunt
1011 3831 1440 3896 argumentiset
1473 3833 2016 3904 interpretationibus
2062 3842 2243 3895 conati
2348 3843 2655 3905 DI‘RVCIHUS
2674 3842 2790 3899 est;
2824 3842 2877 3887 ει
2913 3836 2983 3887 οἱ)
3022 3835 3148 3898 hoc.
3181 3843 3239 3887 ιιι
3266 3834 3401 3896 dm.
3428 3832 3617 3887 diVina
3635 3832 3943 3887 Ρΐονίάεη⁶

662 3917 792 3963 sunt
815 3926 903 3967 res
934 3914 1249 3996 inhonestas
1274 3920 1504 3977 honesto
1531 3939 1785 3982 sermone
1812 3930 2013 3995 velare,
2037 3939 2243 3998 etnon,
2348 3927 2421 3978 lia
2448 3926 2650 3979 “Clum
2685 3934 2768 3979 εει
2793 3931 2851 3977 Ui
2880 3926 3086 3978 θΐιότίε
3116 3922 3423 3978 summm“
3452 3930 3507 3975 εί
3540 3919 3765 3973 illam“
3796 3934 3941 3975 9559‘

662 4006 723 4053 ut
764 4000 976 4063 dicunt.
1009 4006 1271 4063 honestas
1309 4013 1550 4069 rationes
1588 4010 1892 4074 inhonestis
1921 4019 2121 4076 fabulis
2152 4038 2246 4077 oc-
2347 4026 2401 4072 et
2430 4018 2628 4087 turpis.
2676 4016 2781 4071 Sed
2810 4026 2864 4071 et
2897 4028 3089 4072 caetera
3119 4016 3299 4069 omnia
3324 4014 3489 4069 simili
3517 4014 3679 4067 modo
3708 4030 3936 4083 compr.~

662 4091 902 4160 cultare;
954 4098 1099 4166 quod
1150 4100 1196 4155 si
1252 4112 1417 4168 esset,
1466 4122 1744 4178 nunquam
1791 4113 1975 4181 utique
2006 4115 2123 4184 ipsa
2151 4132 2239 4171 eo.
2349 4119 2527 4169 tenter
2572 4119 2627 4164 et
2676 4111 2962 4165 conuuode
2997 4110 3279 4178 dispensat
3328 4108 3515 4162 divina
3556 4106 3933 4167 Providentia,

661 4193 783 4233 rum
812 4184 1107 4240 simulacra
1144 4200 1306 4259 atque
1347 4194 1478 4262 ipsa;
1504 4196 1571 4251 de
1608 4199 1688 4253 eis
1720 4200 1944 4268 picturae
1971 4221 2095 4258 cum
2129 4209 2245 4263 sui;
2350 4200 2477 4253 licet
2507 4200 2667 4254 nobis
2701 4198 3082 4269 ignorantibus
3119 4212 3302 4252 rerum
3346 4212 3547 4251 causas
3572 4197 3733 4249 bona:
3760 4204 3817 4249 et
3840 4213 3933 4265 op-

660 4271 808 4365 vitiis
842 4282 895 4365 et
924 4277 1250 4335 criminibus
1284 4282 1671 4345 formarentur.
1701 4290 1821 4346 Non
1853 4309 2060 4365 cycnus
2090 4298 2246 4353 adul-
2349 4293 2495 4347 limae
2525 4293 2956 4363 dispensationis
2990 4290 3187 4346 divine
3216 4306 3325 4345 non
3358 4290 3563 4359 liqueat
3592 4292 3756 4343 ratio.

660 4369 744 4416 ter
785 4363 963 4430 Ledae,
1026 4385 1125 4424 nec
1170 4380 1360 4431 taurus
1404 4377 1736 4437 formaretur
1784 4363 2036 4456 Europae,
2083 4398 2138 4445 et
2189 4392 2245 4447 in
2419 4383 2530 4440 XL.
2577 4386 2714 4439 tium
2766 4384 2881 4438 haec
2944 4382 3139 4439 Petrus
3194 4382 3442 4447 dixisset,
3512 4398 3614 4452 ego
3676 4382 3933 4437 Clemens

662 4457 810 4549 mille
865 4471 1110 4516 monstra
1163 4481 1310 4531 ρυηι,
1340 4486 1500 4538 quem
1532 4482 1724 4541 putant
1772 4479 2048 4534 meliorem
2074 4485 2247 4537 omni-
2275 4538 2314 4549 __
2348 4477 2587 4532 Nicctam
2620 4477 2899 4549 rogabam,
2938 4488 2997 4532 ut
3030 4477 3208 4546 aliqua
3238 4476 3304 4531 de
3334 4476 3608 4546 allegoriis
3645 4477 3929 4545 gentilium

660 4546 786 4645 δυξν
822 4560 1114 4607 νθῖῑθτθιιί·
1149 4555 1304 4622 Ωιιοά
1354 4562 1541 4631 utique
1572 4566 1618 4618 si
1659 4569 1838 4637 magni
1876 4578 1929 4624 et
1965 4574 2239 4642 sapientes
2275 4538 2322 4597 υ
2348 4589 2487 4643 quas
2521 4538 2805 4645 diligenter
2828 4572 3103 4642 attigerat,
3137 4570 3468 4641 agnoscendi
3492 4572 3667 4640 gratia
3691 4585 3925 4640 expone»

663 4642 756 4710 qui
802 4654 930 4697 sunt
975 4648 1117 4715 apud
1164 4665 1258 4705 eos
1315 4655 1437 4719 viri,
1473 4656 1655 4712 ﬁctum
1708 4663 1911 4717 scirent
1943 4681 2089 4730 esse,
2128 4686 2237 4724 non
2342 4642 2455 4731 ret;
2486 4642 2797 4721 utileﬁenim
2827 4672 2933 4730 est,
2963 4673 3023 4718 ut
3050 4664 3407 4734 quandocum
3428 4660 3931 4732 gentilibusdispu-

662 4746 1074 4828 verum,nonne
1102 4740 1399 4811 impietatis
1431 4762 1795 4817 arguerentet
1824 4758 2094 4828 sacrilegii
2118 4776 2236 4827 eos,
2342 4766 2544 4825 tamus,
2578 4760 2742 4813 etiam
2783 4760 2889 4814 ista
2936 4773 3036 4812 nos
3070 4755 3297 4810 minime
3326 4756 3551 4808 lateant.
3586 4752 3653 4806 Et
3682 4752 3873 4807 Niceta
3912 4774 3925 4807 :

662 4826 753 4893 qui
799 4827 866 4880 ad
927 4829 1181 4898 iujuriam
1236 4836 1461 4893 deorum
1493 4842 1805 4911 huiusmodi
1839 4859 1931 4903 aut
1970 4826 2237 4921 picturam
2342 4852 2423 4916 Si,
2458 4854 2659 4923 inquit,
2694 4851 2957 4923 permittit
2986 4850 3243 4904 dominus
3270 4863 3421 4902 meus
3450 4845 3666 4905 Petrus.
3696 4862 3925 4915 possum

661 4929 928 5017 ponerent
961 4932 1053 5017 aut
1086 4927 1398 4997 sculperent
1428 4936 2025 5014 simulacra'lDenique
2054 4962 2237 5017 regem
2340 4948 2543 5002 dicere.
2580 4945 2717 5000 Tum
2756 4944 2953 4999 Petrus
2986 4963 2999 4997 :
3032 4942 3238 5010 Hodie,
3261 4941 3482 5009 linquit,
3509 4942 3733 5009 permisi
3771 4941 3923 4993 vobis

664 5013 925 5108 ίθΨΡοτίδ
954 5016 1038 5069 δυί
1061 5017 1358 5091 depingant
1387 5025 1440 5079 in
1474 5028 1629 5082 bovis
1662 5029 1857 5097 forma,
1884 5037 1969 5090 vel
2000 5041 2237 5108 anseris,
2340 5037 2524 5092 dicere
2556 5038 2845 5092 adversum
2871 5038 3125 5107 gentiles,
3158 5044 3218 5090 ut
3248 5035 3441 5088 nostis.
3476 5032 3542 5085 Et
3574 5031 3767 5086 Niceta
3800 5034 3875 5086 ait
3905 5056 3917 5087 ;

662 5103 745 5157 vel
776 5102 1035 5172 formicze,
1072 5114 1151 5167 vel
1177 5117 1432 5182 vulturis,
1454 5128 1507 5174 et
1531 5124 1773 5179 scribant
1798 5143 1960 5197 super
1984 5132 2126 5201 regis
2152 5102 2238 5187 sui
2342 5129 2436 5184 Dic
2463 5145 2614 5199 ergo,
2640 5102 2915 5194 Clemens,
2947 5129 3015 5183 de
3059 5128 3259 5198 quibus
3286 5123 3476 5179 audire
3504 5124 3659 5178 velis.
3691 5122 3797 5177 Cui
3825 5140 3922 5193 ego

659 5207 1067 5293 ηοξξιθηυειίιιιε
1086 5204 1397 5273 huiusmodi
1428 5213 1511 5265 vel
1542 5221 1779 5270 statuam
1827 5220 1911 5273 vel
1942 5220 2236 5293 imaginem
2342 5224 2428 5276 aio
2463 5238 2473 5271 :
2515 5220 2799 5285 Quomodo
2846 5219 3068 5273 tradunt
3107 5218 3177 5273 de
3218 5217 3442 5270 deorum
3471 5228 3631 5269 coena
3666 5216 3917 5285 gentiles.

658 5288 959 5385 collucent;
995 5305 1047 5349 et
1114 5298 1372 5369 iniuriam
1415 5301 1540 5359 facti
1596 5309 1832 5364 sentient
1884 5320 1939 5368 et
1983 5288 2238 5373 vindictae
2340 5329 2502 5385 quam
2537 5316 2590 5367 in
2621 5312 2765 5368 Pelei
2802 5313 3008 5381 nuptiis
3041 5312 3349 5365 habuerunt
3377 5317 3431 5363 et
3460 5306 3730 5369 Thetidis,
3759 5324 3915 5378 quem

2340 5380 2533 5463 dicunt
2562 5425 2682 5466 esse
2715 5380 2962 5463 Paridem
2995 5416 3294 5477 pastorem,
3320 5414 3375 5459 et
3403 5418 3540 5474 quas
3578 5414 3795 5473 ponunt
3820 5401 3915 5456 Ju-

733 5470 996 5531 XXXVII.
1028 5479 1135 5536 Sed
1187 5488 1447 5554 quoniam
1501 5506 1628 5546 vera
1688 5496 1804 5550 iure
1854 5500 2031 5570 magis
2086 5511 2235 5567 sunt,
2339 5516 2560 5566 nonem,
2616 5500 2913 5553 Minervam
2969 5470 3023 5552 et
3080 5496 3367 5561 Venerem,
3414 5470 3537 5565 qua:
3579 5470 3737 5564 apud
3796 5509 3913 5549 eum

662 5571 1025 5668 q"m_P"blica
1057 5581 1340 5663 tul'Piludo
1371 5595 1621 5655 testatur,
1642 5600 1694 5647 et
1731 5593 1797 5646 ad
1829 5597 2235 5652 excusationem
2335 5598 2672 5668 judicantur,
2698 5611 2926 5667 quemve
2947 5593 3295 5658 Mercurium,
3330 5590 3414 5644 vel
3437 5588 3581 5659 quod
3616 5588 3844 5651 malum,
3868 5596 3915 5641 et

663 5677 694 5715 a
749 5665 881 5721 viris
929 5670 1291 5737 prudentibus
1340 5683 1686 5739 sermonibus
1719 5685 1965 5744 honestis
2011 5691 2235 5760 qumsita
2338 5665 2531 5743 caetera
2579 5665 2732 5761 qum
2763 5703 2858 5759 per
2917 5686 3164 5740 ordinem
3222 5689 3663 5751 consequuntur.
3720 5694 3913 5733 enim

663 5764 791 5810 sunt
816 5768 870 5814 et
890 5765 1217 5820 concinnata
1236 5769 1526 5837 velamina,
1546 5774 1751 5831 ideirco
1782 5794 1890 5833 non
1923 5782 2097 5836 solum
2128 5798 2234 5837 non
2342 5784 2519 5838 nobis.

667 5854 1040 5928 Prohibentur,
1066 5861 1157 5917 sed
1177 5871 1229 5918 et
1263 5858 1394 5933 ipsis
1431 5870 1703 5938 mysteriis
1728 5870 1947 5930 Saturni
1978 5876 2116 5933 tilio:
2145 5876 2237 5932 de-
2421 5874 2554 5931 XLI.
2590 5874 2724 5931 Tum
2778 5874 2963 5931 Niceta
3022 5894 3032 5929 :
3078 5872 3261 5929 Cana
3307 5868 3536 5924 deorum
3592 5880 3764 5922 28‘!!!
3820 5864 3913 5919 Ῐῑικ
