4048 6342
71 363 97 416 1
125 364 165 417 ι
179 365 252 422 Η
1368 360 1718 420 RECOGNIT

1819 361 1936 418 fUM
1969 360 2097 426 UB.
2156 360 2217 415 Χ.
3256 357 3394 413 μω

69 477 276 531 modo
314 491 376 531 se
427 474 609 529 habet.
635 471 960 530 Convivium
999 470 1267 526 mundum
1299 471 1547 536 tradunt,
1580 471 1698 525 dis~
1730 480 1772 534 Α
1807 471 1882 524 tia
1930 471 2131 541 attigit,
2174 469 2239 524 ad
2273 469 2634 525 assertionem
2676 469 2788 523 veri
2835 469 3106 539 dogmatis
3129 471 3396 534 conferat,

66 565 409 622 cumbendi
455 564 704 619 ordinem
735 564 962 619 deorum
1019 564 1300 617 stellarum
1337 562 1701 633 positionem;
1808 564 1882 616 ita
1929 571 2108 618 tamen
2167 572 2222 616 ut
2271 564 2364 618 ubi
2414 578 2542 617 vera
2588 561 2820 626 didicit,
2860 561 2995 617 falsa
3049 571 3101 617 et
3147 565 3402 620 simulata

72 673 252 726 quos
288 656 558 713 Hesiodus
590 657 716 711 coeli
747 664 800 723 et
838 667 994 711 terra:
1027 656 1233 725 primos
1266 653 1405 708 ﬁlios
1435 655 1702 719 nominat,
1807 655 2062 711 declinet.

74 752 142 802 in
221 749 428 820 quibus
473 765 568 804 sex
617 764 797 804 mares
838 757 893 804 et
937 764 1032 804 sex
1059 748 1291 802 feminas
1316 750 1383 802 ad
1412 747 1704 801 duodecim

71 838 395 908 signorum
428 854 715 892 numerum
765 839 1030 901 referunt,
1064 855 1185 908 quae
1230 839 1545 892 universum
1598 837 1706 893 cir—

77 940 377 986 cumeunt
426 931 710 986 mundum.
747 929 922 1000 Dapes
955 937 1135 984 autem
1184 931 1418 984 convivii
1463 932 1707 986 rationes

79 1035 236 1075 esse
287 1029 340 1075 et
375 1035 573 1074 causas
617 1034 800 1073 rerum
855 1021 1079 1073 tradunt
1112 1021 1302 1075 dulces
1337 1030 1390 1074 et
1414 1024 1707 1092 concupis-

83 1114 333 1174 cibiles,
388 1126 509 1180 quae
566 1111 804 1180 qualiter
855 1119 1079 1180 regatur
1124 1121 1175 1166 et
1233 1113 1569 1178 gubernetur
1618 1113 1708 1166 hic

88 1197 380 1265 mundus,
411 1215 476 1255 ex
520 1201 801 1271 signorum
845 1201 1114 1269 positione
1143 1209 1197 1255 et
1219 1208 1493 1255 astrorum
1528 1203 1708 1256 cursi-

1879 764 2066 821 XLIII.
2098 765 2163 819 Et
2194 781 2318 820 eum
2360 766 2474 821 haec
2499 766 2748 831 dixisset,
2794 767 2861 820 ad
2896 774 3104 836 patrem
3147 775 3399 822 nostrum

1822 858 2142 927 respiciens,
2176 859 2251 911 ait
2300 877 2311 911 :
2366 856 2447 911 Tu
2479 873 2636 927 ergo,
2685 873 2873 923 senex,
2910 859 2954 914 si
2984 858 3200 928 quidem
3235 857 3400 913 saluti

1809 953 2001 1006 anima:
2020 959 2125 1006 tua:
2154 952 2421 1011 consulis,
2447 958 2506 1003 ut
2535 966 2658 1004 cum
2689 965 2915 1020 corpore
2945 950 3110 1004 fuerit
3136 953 3398 1013 resoluta,

1810 1060 1909 1116 pro
1962 1046 2110 1099 brevi
2158 1046 2258 1099 hac
2312 1045 2672 1100 conversione
2699 1045 2940 1113 requiem
2985 1045 3228 1097 inveniat
3260 1059 3402 1099 sem-

1811 1226 1888 1279 sis
1915 1227 1960 1280 si
2001 1227 2132 1297 quid
2165 1229 2219 1280 in
2251 1235 2302 1282 te
2325 1237 2409 1282 est
2433 1227 2794 1281 dubitationis
2835 1227 3092 1293 abjicere.
3129 1226 3401 1282 incertum

1811 1137 2080 1206 piternam
2104 1176 2117 1198 ,
2152 1138 2368 1205 require
2394 1136 2459 1190 de
2489 1135 2774 1206 quibusvis
2809 1143 2860 1188 et
2894 1135 3153 1198 consule,
3187 1142 3246 1188 ut
3277 1150 3399 1204 pos-
3479 1179 3492 1193 .

89 1297 217 1348 bus
237 1294 590 1363 colliguntur.
619 1293 701 1345 Ad
731 1291 1001 1346 libertatis
1019 1300 1201 1344 tamen
1229 1294 1463 1346 convivii
1487 1294 1706 1349 modum

81 1385 310 1438 dicunt
343 1385 447 1438 ista
474 1391 751 1444 constare,
773 1397 871 1451 pro
899 1397 965 1437 eo
988 1383 1134 1451 quod
1165 1390 1490 1452 potestatem
1513 1383 1708 1436 habeat

95 1477 557 1545 uniuscujusque
589 1489 803 1538 sensus,
840 1474 898 1540 si
922 1474 1051 1526 velit
1077 1475 1370 1544 degustare
1403 1475 1608 1543 aliquid
1639 1488 1707 1529 ex

97 1568 442 1638 huiusmodi
473 1567 706 1622 scientia
739 1574 831 1620 aut
863 1565 910 1619 si
936 1565 1100 1630 nolit;
1127 1573 1179 1619 et
1205 1567 1350 1620 sicut
1382 1567 1436 1618 in
1459 1566 1708 1621 convivio

100 1677 286 1716 nemo
339 1661 577 1730 cegitur,
609 1658 704 1714 sed
755 1658 1012 1712 vescendi
1049 1658 1271 1712 libertas
1311 1673 1477 1727 penes
1508 1673 1707 1712 unum-

100 1769 396 1823 quemque
421 1761 524 1816 est,
563 1753 639 1805 ita
666 1757 719 1805 et
745 1749 1168 1830 philosophandi
1221 1751 1363 1803 ratio
1411 1750 1610 1820 pendet
1650 1750 1707 1804 in

101 1845 424 1899 voluntatis
495 1844 742 1898 arbitrio.
776 1819 1141 1898 'Discordiam
1206 1844 1710 1912 concupiscentiam
1744 1819 1784 1873 Β

103 1935 311 1989 carnis
366 1935 577 1998 dicunt,
611 1951 730 2005 quae
773 1935 1008 2005 insurgit
1050 1936 1336 1990 adversum
1375 1934 1715 2005 propositum

106 2028 327 2079 mentis
380 2031 432 2077 et
490 2025 914 2096 phil050phandi
973 2024 1202 2093 impedit
1253 2026 1535 2090 studium;
1594 2025 1716 2079 ideo

106 2115 360 2184 denique
391 2122 444 2168 et
494 2121 706 2183 tempus
739 2114 872 2168 illud
899 2128 1021 2168 esse
1053 2113 1230 2176 aiunt,
1270 2115 1324 2167 in
1360 2129 1468 2184 quo
1501 2114 1567 2167 de
1615 2130 1716 2167 nu-

110 2207 260 2276 ptiis
314 2207 508 2277 agitur.
560 2205 781 2261 Peleum
835 2222 964 2261 vero
996 2214 1048 2260 et
1080 2205 1363 2260 Thetidem
1397 2206 1713 2276 nympham,

113 2296 349 2349 aridum
380 2305 432 2349 et
461 2295 742 2349 humidum
769 2305 973 2366 ponunt
1006 2297 1357 2358 elementum,
1387 2313 1452 2352 ex
1485 2313 1717 2366 quorum

115 2387 458 2442 admistione
520 2388 828 2442 substantia
883 2403 1177 2458 corporum
1239 2395 1473 2442 constat.
1505 2388 1716 2444 Mercu—

119 2479 273 2532 rium
325 2478 550 2533 verbum
605 2494 728 2534 esse
766 2481 1028 2544 tradunt,
1061 2496 1156 2549 per
1187 2483 1330 2549 quod
1367 2481 1554 2535 sensui
1588 2481 1719 2534 doc-

117 2572 280 2624 trina
337 2569 636 2633 confertur,
691 2569 955 2625 Junonem
1009 2570 1363 2640 pudicitiam,
1420 2570 1717 2625 Minervam

123 2664 511 2719 fortitudinem
540 2703 554 2728 ,
610 2663 877 2718 Venerem
908 2663 1185 2717 libidinem
1231 2663 1438 2724 dicunt,
1465 2661 1719 2715 Paridem

124 2772 379 2813 sensum.
418 2754 474 2808 Si
509 2771 659 2826 ergo,
694 2755 868 2818 aiunt,
903 2754 1116 2807 accidat
1165 2753 1220 2805 in
1264 2753 1484 2808 homine
1524 2753 1720 2805 barba-

125 2864 260 2902 rum
290 2864 412 2903 esse
440 2855 493 2902 et
521 2847 830 2917 imperitum
857 2861 1103 2907 sensum,
1129 2854 1182 2899 et
1216 2852 1422 2897 rectum
1450 2844 1719 2912 judicium

129 2941 492 3000 nescientem,
518 2945 699 3007 spreta
730 2937 989 3006 pudicitia
1022 2943 1074 2990 et
1106 2936 1326 2998 virtute,
1361 2936 1573 2990 libidini
1605 2937 1719 3006 pal-

130 3048 309 3091 mam,
342 3031 484 3101 quod
518 3039 599 3084 est
632 3030 856 3092 malum,
893 3027 1063 3090 dabit,
1098 3043 1192 3096 per
1218 3026 1361 3097 quod
1399 3042 1507 3080 non
1542 3027 1718 3080 solum

131 3125 269 3191 sibi,
295 3123 388 3177 sed
418 3130 472 3178 et
507 3110 722 3176 civibus
751 3129 801 3175 et
839 3119 1108 3173 universa:
1137 3120 1284 3190 genti
1335 3120 1622 3174 subversio
1663 3126 1717 3173 et

132 3215 409 3288 pernicies
448 3214 640 3268 aderit.
669 3211 792 3266 Hmc
824 3227 951 3282 ergo
990 3214 1115 3266 licet
1150 3213 1256 3265 illis
1289 3227 1614 3281 componere
1652 3229 1718 3267 ex

134 3310 387 3381 qualibet
416 3308 642 3362 materia
686 3307 863 3362 visum
888 3305 980 3368 sit,
1014 3313 1194 3358 tamen
1221 3305 1394 3374 aptari
1419 3304 1485 3357 ad
1511 3320 1725 3359 omnem

137 3403 412 3459 hominem
427 3399 814 3470 possunt,quia
837 3398 880 3454 si
894 3398 1016 3468 quis
1036 3397 1362 3466 pastoralem
1381 3404 1433 3448 et
1454 3395 1720 3470 rusticum

138 3501 305 3560 atque
322 3469 629 3559 imperitum
654 3487 848 3541 habeat
870 3501 1091 3540 sensum
1112 3500 1213 3539 nec
1234 3485 1363 3538 velit
1378 3483 1606 3548 erudiri,
1631 3469 1724 3539 ubi

138 3581 390 3651 corporis
436 3581 585 3634 calor
619 3578 685 3633 de
733 3577 971 3631 libidinis
1031 3577 1299 3631 suavitate
1360 3577 1714 3653 suggesserit,

140 3674 432 3733 continuo,
475 3669 675 3741 spretis
705 3669 1007 3724 studiorum
1059 3669 1355 3725 virtutibus
1386 3679 1439 3721 et
1486 3669 1726 3723 scientia:

142 3766 326 3825 bonis,
356 3762 424 3816 ad
469 3761 774 3830 voluptates
816 3761 1064 3832 corporis
1108 3761 1349 3814 animum
1395 3758 1625 3815 confert.
1660 3757 1725 3812 Et

146 3858 277 3910 hinc
323 3861 407 3909 est
441 3852 585 3908 unde
637 3852 910 3922 impacata
971 3851 1112 3906 bella
1172 3859 1526 3920 consurgunt,
1563 3849 1723 3902 urbes

147 3955 337 4010 ruunt,
371 3946 558 4015 patria:
603 3942 923 4009 concidunt,
957 3941 1101 3998 sicut
1129 3951 1182 3995 et
1209 3939 1388 4001 Paris,
1420 3948 1571 4008 rapta
1619 3937 1723 3993 lle-

149 4040 306 4102 lena,
360 4036 428 4090 ad
477 4043 726 4090 mutuum
775 4033 996 4090 Graecos
1050 4040 1106 4088 et
1163 4033 1424 4087 barbaros
1491 4031 1723 4085 armavit

147 4129 398 4184 exitium.

221 4217 376 4276 XLII.
422 4219 487 4274 Et
505 4217 723 4282 Petrus,
744 4217 1064 4273 collaudans
1113 4215 1548 4287 prosecutionem
1573 4214 1718 4283 ejus,

152 4311 265 4366 ait:
297 4310 512 4375 Multas,
546 4319 605 4365 ut
634 4311 813 4375 video,
836 4311 1102 4383 ingeniosi
1129 4309 1378 4364 homines
1401 4322 1467 4362 ex
1495 4307 1579 4362 his
1601 4321 1722 4376 quae

150 4403 336 4475 legunt
377 4403 881 4459 verisimilitudines
932 4405 1178 4472 capiunt,
1207 4410 1259 4456 et
1281 4401 1404 4455 ideo
1431 4398 1717 4468 diligenter

151 4494 551 4550 observandum
593 4502 698 4558 est,
729 4502 789 4548 ut
839 4495 925 4549 lex
949 4492 1044 4548 Dei
1078 4507 1204 4558 cum
1229 4492 1446 4562 legitur,
1479 4506 1586 4544 non
1636 4504 1722 4544 se-

153 4587 392 4642 cundum
422 4586 624 4657 proprii
660 4586 861 4656 ingenii
892 4583 1303 4654 intelligentiam
1333 4583 1562 4651 legatur.
1585 4578 1722 4637 Sunt

151 4678 297 4734 enim
327 4680 495 4732 multa
522 4677 760 4734 verbain
785 4677 1084 4748 Seripturis
1110 4676 1331 4739 divinis,
1354 4690 1474 4745 quae
1495 4681 1724 4744 possunt

153 4768 298 4822 trahi
320 4767 387 4822 ad
413 4785 537 4823 eum
562 4784 805 4832 sensum,
823 4783 981 4838 quem
1012 4766 1115 4822 sibi
1133 4767 1508 4836 unusquisque
1531 4772 1724 4835 sponte

156 4862 533 4932 praesumpsit;
580 4863 725 4932 quod
784 4861 904 4916 ﬁeri
959 4875 1069 4914 non
1117 4866 1354 4930 oportet.
1407 4856 1527 4913 Non
1577 4857 1724 4918 enim

155 4967 377 5008 sensum
403 4967 565 5024 quem
590 4951 931 5008 extrinsecus
953 4951 1200 5009 attuleris
1223 4949 1458 5004 alienum
1481 4955 1534 5003 et
1553 4955 1727 5003 extra-

157 5059 318 5099 neum
346 5045 512 5101 debes
539 5059 782 5114 quazrere
805 5082 822 5108 ,
853 5058 1014 5114 quem
1060 5057 1127 5107 ex
1175 5040 1582 5112 Scripturarum
1627 5053 1726 5093 au-

158 5136 408 5193 ctoritate
436 5136 745 5202 conﬁrmes,
773 5135 883 5194 sed,
913 5149 979 5191 ex
1006 5134 1139 5203 ipsis
1169 5131 1468 5204 Seripturis
1502 5143 1724 5187 sensum

160 5244 354 5300 capere
398 5228 676 5296 veritatis;
709 5236 764 5283 et
794 5227 1178 5297 ideooportet
1215 5226 1284 5280 ab
1323 5239 1388 5281 eo
1418 5223 1725 5294 intelligen-

161 5323 292 5377 tiam
331 5320 547 5378 discere
591 5319 1025 5392 Scripturarum,
1079 5317 1174 5389 qui
1204 5332 1326 5375 eam
1350 5330 1387 5371 a
1422 5317 1724 5387 majoribus

161 5413 459 5469 secundum
510 5413 796 5468 veritatem
853 5410 961 5467 sibi
1009 5408 1267 5465 traditam
1326 5414 1528 5471 servat,
1558 5413 1619 5462 ut
1670 5412 1726 5462 et

165 5509 277 5577 ipse
304 5505 478 5575 possit
513 5519 578 5560 ea
614 5519 734 5575 qua:
760 5511 910 5559 recte
938 5500 1203 5571 suscepit,
1235 5506 1606 5570 competenter
1634 5515 1726 5556 asc

166 5613 362 5654 serere.
408 5595 545 5652 Cum
587 5597 732 5652 enim
785 5611 852 5651 ex
891 5595 1092 5650 divinis
1123 5591 1420 5663 Seripturis
1458 5592 1723 5662 integram

164 5690 284 5760 quis
307 5688 608 5760 susceperit
642 5697 699 5741 et
726 5687 934 5741 ﬁrmam
963 5685 1206 5759 regulam
1230 5685 1496 5746 veritatis,
1529 5683 1726 5738 absur-

167 5783 290 5836 dum
332 5797 443 5838 non
483 5781 608 5845 erit,
637 5779 683 5835 si
713 5777 916 5851 aliquid
949 5776 1110 5833 etiam
1141 5791 1206 5833 ex
1237 5777 1546 5832 eruditione
1572 5789 1726 5851 com-

170 5873 311 5929 muni
339 5887 404 5929 ac
442 5871 510 5930 de
535 5869 848 5928 liberalibus
884 5866 1102 5935 studiis,
1132 5881 1254 5939 qua
1282 5865 1424 5923 forte
1446 5867 1504 5923 in
1527 5864 1721 5936 pueri-

1809 1317 1952 1371 enim
1991 1327 2074 1373 est
2131 1319 2295 1373 etiam
2333 1320 2629 1389 juvenibus
2679 1322 2803 1372 vit-.e
2860 1327 3096 1388 tempus,
3174 1320 3401 1375 senibus

1811 1420 1989 1464 autem
2031 1411 2142 1481 jam
2185 1427 2286 1466 nec
2314 1412 2585 1468 incertum
2614 1415 2733 1478 est;
2767 1428 2875 1465 non
2906 1414 3051 1465 enim
3084 1412 3398 1483 dubitatur,

1811 1505 1942 1573 quin
1979 1514 2463 1576 quantumcunque
2502 1513 2587 1562 est
2615 1505 2760 1577 quod
2793 1513 3018 1575 putatur
3075 1520 3361 1574 superesse
3383 1549 3396 1570 ,

1809 1598 1975 1654 breve
2023 1599 2112 1653 sit.
2157 1597 2224 1651 Et
2273 1599 2394 1653 ideo
2427 1607 2534 1652 tam
2557 1599 2788 1668 juvenes
2812 1614 2973 1668 quam
3005 1612 3162 1651 senes
3185 1606 3400 1666 oportet

1812 1689 1878 1744 de
1908 1690 2267 1744 conversione
2314 1697 2368 1744 et
2406 1691 2729 1760 pmnitentia
2772 1689 2929 1744 valde
2957 1704 3078 1744 esse
3114 1689 3397 1755 sollicitos,

1813 1792 1884 1838 et-
1904 1791 2151 1853 satagere
2189 1791 2246 1837 ut
2278 1783 2344 1838 de
2372 1784 2586 1854 reliquo
2616 1794 2812 1839 ornent
2849 1785 3084 1838 ani‘mam
3123 1798 3275 1838 suam
3310 1800 3399 1837 or-

1819 1877 2087 1929 namentis
2135 1875 2492 1945 dignissimis,
2531 1875 2583 1928 id
2619 1884 2703 1930 est
2736 1877 3082 1946 dogmatibus
3131 1879 3396 1942 veritatis,

1817 1965 2012 2019 decore
2051 1964 2346 2034 pudicitiae,
2402 1965 2694 2034 splendore
2734 1966 2981 2034 justitiae.
3012 1963 3250 2026 candore
3281 1971 3396 2040 pie-

1817 2057 1968 2118 tatis,
2007 2057 2238 2126 aliisque
2268 2058 2524 2113 omnibus
2559 2058 2760 2127 quibus
2794 2072 3064 2130 comptam
3099 2064 3252 2118 decet
3279 2077 3402 2117 esse

1817 2148 2195 2202 rationabilem
2261 2156 2530 2217 mentem;
2580 2157 2695 2204 tum
2764 2159 3026 2221 praetcrea
3062 2153 3336 2208 declinare
3371 2167 3398 2205 a

1818 2239 2110 2292 consortiis
2164 2239 2483 2318 inhonestis.
2516 2247 2568 2293 et
2617 2240 2951 2305 inﬁdelibus,
2990 2250 3044 2296 et
3109 2244 3402 2298 societates

1818 2329 2020 2382 habere
2057 2329 2294 2382 ﬁdelium
2330 2339 2491 2398 atque
2532 2330 2657 2384 illos
2694 2328 3040 2399 frequentare
3075 2342 3398 2398 conventus,

1819 2417 1871 2469 in
1908 2416 2104 2485 quibus
2140 2416 2205 2470 de
2241 2418 2532 2487 pudicitia,
2562 2419 2629 2472 de
2659 2419 2896 2487 justitia,
2935 2421 3001 2473 de
3036 2421 3236 2490 pietate
3289 2431 3403 2476 tra-

1819 2519 2041 2575 ctatur;
2084 2526 2242 2565 orare
2277 2527 2492 2581 semper
2535 2511 2704 2566 Deum
2745 2530 2809 2567 ex
2856 2513 3019 2568 corde
3052 2523 3105 2568 et
3168 2517 3233 2568 ab
3284 2516 3403 2586 ipso

1818 2606 2002 2668 petere
2051 2616 2170 2669 qua:
2204 2601 2357 2678 decet
2389 2617 2417 2654 a
2452 2601 2561 2656 Deo
2595 2605 2783 2673 posci;
2822 2605 2926 2674 ipsi
2979 2606 3184 2674 gratias
3219 2622 3398 2676 agere,

1819 2707 2000 2745 veram
2033 2693 2422 2762 pmnitudinem
2449 2709 2636 2762 gerere
2667 2696 3062 2764 praeteritorum
3085 2707 3401 2765 gestorum;

1820 2783 2218 2854 aliquantulum
2276 2785 2460 2848 etiam,
2499 2786 2544 2840 si
2595 2787 2856 2856 possibile
2889 2797 2995 2847 est.
3043 2804 3142 2858 per
3189 2789 3403 2844 miseri-

1819 2875 2036 2946 cordias
2092 2889 2388 2944 pauperum
2448 2877 2645 2945 juvare
2696 2879 3108 2946 paenitentiam;
3147 2895 3243 2949 per
3285 2881 3401 2936 haec

1819 2967 1962 3021 enim
2027 2967 2229 3021 facilior
2301 2969 2457 3022 venia
2501 2970 2725 3024 dabitur
2782 2977 2837 3025 et
2885 2971 3190 3041 indulgenti
3239 2973 3402 3029 citius

1820 3057 2214 3128 indulgebitur.

1746 3152 1791 3214 ο
1891 3165 2077 3224 XLIV.
2112 3167 2268 3234 Quod
2319 3169 2364 3224 si
2399 3169 2759 3239 provectioris
2803 3171 2980 3226 :etatis
3020 3173 3092 3227 sit
3130 3171 3175 3227 is
3209 3173 3303 3241 qui
3333 3170 3399 3227 ad

1831 3260 2207 3329 paenitentiam
2255 3261 2421 3326 venit,
2459 3276 2524 3314 eo
2555 3261 2727 3329 magis
2778 3263 2981 3332 gratias
3038 3278 3198 3332 agere
3245 3261 3405 3318 debet

1831 3349 1958 3413 Deo,
1995 3347 2138 3417 quod
2187 3357 2477 3419 postquam
2525 3348 2734 3404 fractus
2789 3360 2874 3405 est
2926 3352 3106 3405 omnis
3170 3352 3404 3421 impetus

1828 3442 2285 3519 concupiscentia:
2317 3442 2576 3503 carnalis,
2611 3442 2839 3497 scientia
2871 3443 3119 3497 veritatis
3153 3451 3401 3512 accepta,

1826 3533 1973 3585 nulla
2011 3534 2058 3587 ei
2106 3534 2353 3588 imminet
2393 3549 2569 3604 pugna
2605 3533 2945 3599 certaminis,
2991 3551 3085 3604 per
3121 3551 3280 3605 quam
3318 3536 3404 3590 iu-

1827 3636 2111 3695 surgentes
2177 3627 2440 3695 adversus
2506 3628 2745 3682 animum
2816 3629 3083 3698 reprimat
3151 3630 3400 3697 corporis

1827 3719 2155 3786 voluptates.
2206 3715 2462 3788 Superest
2503 3734 2633 3789 ergo
2667 3719 2720 3772 in
2755 3719 3029 3789 agnitione
3054 3702 3316 3773 veritatis
3346 3726 3401 3772 et

1826 3808 2215 3864 misericordize
2248 3809 2505 3878 operibus
2563 3809 2830 3871 exerceri,
2865 3817 2922 3862 ut
2967 3807 3154 3861 afferat
3189 3806 3398 3863 fructus

1824 3901 2019 3972 dignos
2049 3902 2400 3972 pmnitentiae,
2435 3916 2535 3955 nec
2565 3907 2715 3971 putet
2744 3901 2871 3970 quia
2904 3901 2956 3953 in
2990 3899 3251 3969 temporis
3282 3900 3401 3954 lon-

1824 3993 2066 4062 gitudine
2113 3993 2497 4048 documentum
2548 3990 2926 4046 conversionis
2977 3991 3305 4053 ostenditur,
3347 3999 3402 4046 et

1823 4101 1930 4143 non
1965 4086 2016 4139 in
2049 4086 2356 4140 devotionis
2401 4100 2463 4139 ac
2504 4083 2768 4154 propositi
2798 4081 3075 4138 ﬁrmitate.
3111 4083 3219 4136 Deo
3252 4083 3398 4137 enim

1823 4176 2126 4232 manifestae
2169 4184 2297 4232 sunt
2329 4183 2560 4238 mentes,
2598 4175 2689 4244 qui
2735 4189 2842 4227 non
2889 4181 3193 4250 temporum
3233 4173 3400 4228 ratio-

1823 4268 1946 4324 n'em
1980 4269 2212 4338 colligit,
2248 4266 2341 4322 sed
2386 4267 2728 4322 animorum:
2773 4264 2889 4334 ipse
2935 4264 3079 4318 enim
3117 4265 3325 4332 probat,
3355 4263 3400 4319 si

1823 4361 1946 4431 quis
1969 4361 2149 4431 agnita
2171 4359 2417 4415 veritatis
2437 4358 2822 4428 praedicatione
2848 4372 2957 4410 non
2982 4354 3195 4409 distulit
3225 4370 3400 4425 neque

1822 4463 2037 4524 tempus
2069 4454 2390 4524 negligenda
2420 4450 2782 4519 consumpsit,
2815 4448 2909 4504 sed
2940 4449 3122 4503 statim
3153 4455 3206 4502 et
3239 4448 3283 4502 si
3316 4446 3401 4501 di-

1753 4555 1797 4608 D
1825 4546 1873 4599 ci
1907 4554 2083 4616 potest
2107 4545 2297 4599 eodem
2328 4551 2620 4614 momento,
2651 4541 2922 4610 praeterita
2951 4539 3397 4609 perhorrescens,

1827 4637 2132 4692 futurorum
2185 4633 2516 4690 desiderium
2567 4633 2734 4701 coepit
2781 4637 2835 4685 et
2880 4629 2935 4683 in
2976 4645 3216 4684 amorem
3244 4630 3398 4701 regni

1825 4729 2066 4784 cmlestis
2096 4727 2322 4782 exarsit.

1892 4841 2054 4898 XLV.
2095 4841 2323 4912 Propter
2347 4839 2491 4911 quod
2522 4855 2683 4895 nemo
2709 4847 2951 4895 vestrum
2975 4840 3118 4892 ultra
3137 4838 3404 4894 dissimu-

1825 4935 1899 4990 let
1946 4949 2047 4988 nec
2096 4941 2245 4988 retro
2290 4932 2566 5002 respiciat,
2599 4929 2696 4986 sed
2746 4929 2810 4983 ad
2843 4929 3194 4998 Evangelium
3245 4929 3400 4999 regni

1825 5024 1922 5082 Dei
1952 5025 2182 5080 libenter
2211 5023 2454 5078 accedat.
2483 5019 2603 5075 Non
2649 5020 2797 5074 dicat
2846 5028 3071 5089 pauper,
3101 5018 3230 5088 quia
3276 5033 3400 5073 cum

1825 5118 1978 5174 dives
2008 5115 2186 5171 factus
2218 5115 2390 5179 fuero,
2421 5125 2553 5168 tunc
2582 5119 2908 5178 convertar;
2958 5124 3067 5165 non
3103 5108 3339 5180 requirit
3368 5123 3397 5163 a

1826 5221 1881 5270 te
1925 5214 2070 5271 Deus
2113 5213 2422 5284 pecuniam,
2453 5211 2548 5267 sed
2595 5211 2836 5264 animum
2889 5205 3300 5263 misericordem
3344 5211 3400 5259 et

1826 5307 1974 5379 piam
2002 5313 2256 5363 mentem.
2281 5302 2468 5376 Neque
2492 5303 2644 5359 dives
2671 5301 3080 5358 conversionem
3106 5311 3261 5354 suam
3290 5291 3398 5349 dif-

1828 5397 1968 5454 ferat
2013 5412 2111 5470 pro
2155 5396 2521 5453 sollicitudine
2556 5393 2825 5457 saeculari,
2857 5391 2985 5446 dum
3030 5389 3230 5460 cogitat
3261 5400 3398 5457 quo-

1827 5489 1992 5544 modo
2021 5487 2302 5559 dispenset
2329 5483 2720 5540 abundantiam
2765 5486 2979 5553 frugum
3003 5497 3018 5547 ;
3043 5492 3220 5548 neque
3250 5475 3396 5540 dicat

1830 5581 1974 5635 intra
2003 5579 2354 5649 semetipsum
2380 5619 2394 5643 ,
2427 5575 2570 5644 Quid
2593 5575 2790 5645 [udam
2812 5615 2828 5640 ,
2852 5572 2942 5626 ubi
2971 5566 3399 5637 ret-eademin-

1828 5681 1944 5725 ctus
1978 5670 2158 5724 meos?
2191 5666 2375 5739 Neque
2402 5665 2552 5721 dicat
2582 5664 2776 5719 animae
2821 5676 2934 5716 sua:
2956 5702 2972 5728 ,
3013 5657 3190 5714 Habes
3224 5654 3396 5709 multa

1829 5763 1968 5818 bona
2010 5763 2240 5833 reposita
2291 5761 2346 5815 in
2390 5773 2558 5814 auitas
2600 5757 2792 5814 multos
2817 5795 2832 5820 ,
2876 5753 3122 5823 epulare,
3174 5749 3392 5812 ιωωηι

1830 5873 1957 5914 nam
1987 5856 2199 5918 dicetur
2215 5852 2267 5910 ei
2301 5872 2316 5909 :
2348 5851 2521 5910 Stulte
2541 5891 2556 5919 ,
2583 5849 2681 5906 hac
2719 5857 2868 5904 nocte
2905 5845 3174 5917 auferetur
3210 5841 3311 5897 abs
3335 5851 3388 5897 κ
