4078 6336
646 333 779 391 ὶμδ
1407 323 1423 338 ’
1450 331 1505 386 S.
1546 329 1932 387 CLEMENTIS
1966 329 1984 382 Ι
2014 328 2178 386 ROM.

2310 329 2412 387 ΝΤ.
2440 329 2667 385 OPEBA
2723 331 2957 387 llUBlA.‘
3750 337 3889 393 ιω

643 468 823 507 amma
863 459 976 516 tua,
1006 458 1058 506 et
1078 465 1193 520 qua
1219 452 1540 520 praeparasti
1565 452 1717 520 cujus
1752 458 1902 502 erunt
1936 446 2213 515 "?Itaque
2239 449 2286 506 Α
2315 453 2522 500 rectum
2548 447 2838 503 consilium
2871 448 3089 518 perdat;
3131 449 3222 504 illa
3258 464 3390 505 vero
3426 466 3549 521 qua:
3576 450 3756 505 malos
3785 467 3889 520 pu-

641 540 862 598 festinct
892 543 956 596 ad
993 542 1367 611 pcenitentiam
1411 543 1600 596 omnis
1627 549 1782 601 atas,
1816 541 1994 594 omnis
2025 554 2206 602 sexus,
2314 538 2411 600 nit,
2437 540 2909 608 perturbationem
2932 542 3107 594 menti
3137 557 3246 596 non
3275 540 3465 606 infert,
3502 542 3596 597 sed
3624 557 3792 606 unus,
3814 547 3886 594 "ut

642 636 930 704 omnisque
956 634 1215 698 conditio,
1251 640 1309 686 ut
1339 635 1501 688 vitam
1530 640 1899 703 consequatur
1929 640 2205 686 :eternam.
2312 631 2386 683 ita
2410 629 2659 694 dixerim,
2698 631 2950 702 idemque
2976 632 3201 689 aﬂ‘ectus
3224 641 3328 697 est,
3367 635 3457 704 qui
3489 643 3541 690 et
3574 634 3736 688 bonis
3753 647 3890 703 pra:-

640 721 875 779 Juvenes
906 724 1121 793 quidem
1153 724 1207 776 in
1234 739 1299 778 eo
1329 723 1468 793 grati
1501 723 1633 786 sint,
1665 724 1809 792 'quod
1855 723 1908 776 in
1958 724 2077 791 ipso
2109 722 2210 776 im-

641 825 768 886 petu
816 817 1212 872 desideriorum
1258 817 1501 872 cervices
1553 832 1689 873 suas
1729 817 1862 887 jugo
1912 818 2209 887 subjiciunt

641 907 962 978 disciplinae.
992 905 1161 960 Senes
1189 914 1244 961 et
1271 907 1372 977 ipsi
1399 906 1719 970 laudabiles,
1746 910 1874 978 quia
1895 909 2048 962 multi
2067 917 2206 963 tem-

609 1001 792 1070 .poris
822 995 1295 1062 consuetudinem,
1332 1001 1384 1051 in
1433 1013 1540 1068 qua
1583 998 1724 1053 male
1770 1001 2026 1070 pmventi
2057 1007 2206 1064 sunt,

641 1107 740 1163 pro
767 1090 860 1144 Dei
892 1090 1086 1144 timore
1116 1099 1471 1144 commutant.

711 1179 892 1236 XLVI.
925 1179 1093 1235 Nemo
1122 1195 1252 1250 ergo
1279 1181 1514 1245 differat,
1547 1197 1709 1237 nemo
1740 1191 2056 1252 cunctetur;
2086 1199 2207 1256 quae

639 1270 784 1325 enim
814 1284 980 1324 causa
1010 1271 1302 1324 cunctandi
1332 1279 1416 1326 est
1433 1273 1500 1325 ad
1523 1272 1659 1328 bene
1686 1275 1992 1342 agendum?
2017 1285 2108 1330 aut
2137 1277 2206 1329 ti-

639 1375 775 1422 mes,
803 1375 870 1413 ne
894 1374 1016 1413 cum
1045 1358 1182 1413 bene
1211 1361 1427 1423 feceris,
1458 1361 1531 1415 ibi
1568 1364 2063 1419 remunerationem
2093 1381 2202 1420 non

642 1448 884 1503 invenias
938 1456 995 1501 ut
1038 1449 1278 1518 putasti?
1319 1449 1381 1501 Et
1415 1451 1547 1519 quid
1576 1453 1781 1506 senties
1810 1452 2121 1508 detrimenti
2155 1456 2201 1509 si

640 1539 778 1594 bene
809 1538 1002 1593 feceris
1028 1538 1219 1607 gratis,
1247 1553 1426 1592 nonne
1448 1544 1610 1594 etiam
1638 1542 1753 1595 sola
1779 1542 1834 1596 in
1872 1543 1958 1598 his
1982 1545 2201 1599 suflice-

639 1637 722 1683 ret
779 1628 1150 1683 conscientia?
1190 1627 1345 1693 Quod
1379 1630 1424 1682 si
1471 1631 1744 1685 inveneris
1786 1638 1846 1685 ut
1894 1635 2196 1701 pmsumis,

639 1733 822 1773 nonne
849 1735 948 1788 pro
959 1720 1139 1789 parvis
1160 1735 1372 1789 magna,
1391 1727 1444 1774 et
1467 1736 1566 1790 pro
1590 1724 1974 1791 temporalibus
1999 1731 2199 1779 aeterna

639 1812 908 1881 recipies?
941 1827 1128 1866 verum
1162 1829 1259 1883 ego
1307 1815 1421 1868 haec
1457 1822 1681 1883 pr0pter
1717 1815 2027 1872 incredulos
2067 1817 2198 1872 dixi.

639 1901 750 1958 Nos
783 1912 959 1957 autem
1004 1918 1123 1972 quae
1167 1905 1549 1972 pradicamus,
1592 1907 1666 1960 ita
1710 1921 1768 1961 se
1807 1907 2026 1972 habent,
2076 1910 2202 1979 quia

638 2007 742 2048 nec
771 1993 929 2048 aliter
958 2008 1079 2048 esse
1113 2002 1362 2063 possunt,
1409 2011 1529 2065 qua:
1564 1997 1882 2066 prephetica
1918 2015 2049 2054 voce
2078 2016 2204 2070 pro-

639 2084 808 2139 missa
837 2091 984 2140 sunt.

713 2175 919 2232 XLVII.
947 2176 1003 2231 Si
1028 2176 1151 2245 quis
1179 2192 1308 2232 vero
1353 2179 1507 2250 cupit
1547 2181 1877 2236 examussim
1921 2182 2204 2236 veritatem

641 2263 846 2322 nostra:
892 2268 1301 2339 pmdicationis
1332 2284 1646 2340 agnoscere,
1683 2273 1970 2326 conveniat
2002 2272 2067 2325 ad
2108 2288 2204 2325 au-

643 2358 924 2424 diendum,
955 2369 1008 2415 et
1041 2361 1172 2430 quid
1205 2363 1276 2416 sit
1305 2377 1466 2417 verus
1505 2365 1765 2433 prepheta
1803 2373 2120 2433 cognoscat,
2152 2373 2204 2418 et

643 2453 776 2502 tunc
798 2449 1012 2502 demum
1041 2451 1218 2505 omnis
1249 2451 1302 2504 in
1326 2467 1391 2506 eo
1419 2446 1660 2507 cessabit
1687 2452 2104 2522 ambiguitas;si
2127 2461 2208 2505 ta-

643 2554 770 2596 men
817 2556 927 2595 non
969 2539 1260 2595 obstinatis
1291 2543 1495 2597 animis
1527 2543 1746 2598 resistat
1777 2544 1882 2606 his,
1915 2559 2034 2612 quae
2078 2561 2206 2598 vera

643 2647 766 2688 esse
777 2635 1115 2702 compererit.
1135 2631 1272 2687 Sunt
1286 2636 1429 2688 enim
1450 2635 1668 2703 quidam
1687 2636 1778 2704 qui
1796 2636 2034 2704 quolibet
2048 2638 2207 2691 modo

646 2722 716 2777 ad
745 2723 844 2777 hoc
875 2731 1083 2777 tantum
1114 2726 1412 2794 respiciunt
1438 2733 1496 2779 ut
1525 2726 1766 2789 vincant,
1790 2735 1844 2780 et
1866 2726 2078 2781 laudem
2112 2743 2208 2797 pro

647 2815 751 2870 hoc
773 2817 945 2887 magis
968 2833 1130 2887 quam
1157 2818 1385 2870 salutem
1408 2827 1674 2887 quaerant,
1707 2818 1906 2887 quibus
1940 2833 2046 2871 non
2086 2834 2209 2873 eve-

647 2895 764 2961 niat
793 2909 875 2960 vel
905 2906 1013 2960 dici
1055 2906 1281 2975 aliquid,
1331 2922 1398 2961 ne
1441 2913 1496 2960 et
1527 2922 1704 2961 sermo
1743 2907 1941 2960 nobilis
1976 2908 2209 2976 patiatur

651 2996 926 3064 injuriam,
959 3004 1010 3050 et
1043 2997 1252 3064 injuriae
1293 3013 1403 3050 suae
1437 3013 1590 3051 reum
1633 3007 1832 3051 :elerna
1863 3007 2035 3051 morte
2072 3012 2204 3051 con-

2310 722 2416 775 mia
2443 731 2496 776 et
2517 706 2673 777 malis
2706 723 2958 778 retribuit
2987 740 3200 794 pinnam
3226 744 3239 791 ;
3271 741 3394 780 nam
3419 725 3462 795 si
3493 727 3654 780 bonis
3685 734 3739 779 et
3769 741 3886 779 ma-

2309 811 2376 865 lis
2401 812 2539 865 bona
2566 814 2838 880 restituat,
2872 823 2926 870 et
2943 816 3124 869 simili
3149 817 3587 872 remuneratione
3611 832 3742 887 erga
3763 818 3885 886 pios

2310 913 2493 959 utatur
2518 913 2571 959 et
2601 905 2819 976 impios,
2847 907 3086 977 injustus
3116 909 3298 980 potius
3326 926 3486 980 quam
3520 911 3700 965 bonus
3731 909 3887 965 vide-

2309 995 2476 1049 bitur.

2377 1084 2558 1140 XLIX.
2595 1085 2701 1141 Sed
2724 1087 2808 1143 ais
2833 1107 2846 1144 :
2875 1105 2979 1145 nec
3018 1089 3162 1145 Deus
3203 1089 3393 1144 debuit
3426 1089 3607 1145 facere
3648 1088 3882 1143 malum.

2307 1178 2508 1234 Verum
2546 1177 2721 1246 dicis;
2770 1195 2947 1251 neque
3004 1180 3150 1235 fecit.
3197 1179 3300 1249 Sed
3328 1181 3420 1250 qui
3471 1181 3540 1236 ab
3588 1195 3656 1235 eo
3709 1165 3884 1233 creati

2306 1280 2453 1335 sunt,
2493 1273 2621 1328 dum
2664 1272 2990 1344 judicandos
3029 1289 3088 1328 se
3128 1286 3251 1328 esse
3281 1286 3388 1326 non
3419 1272 3672 1335 credunt,
3699 1270 3885 1324 indul-

2306 1371 2489 1432 gentes
2514 1363 2879 1434 voluptatibus
2905 1363 3050 1428 suis,
3074 1378 3103 1415 a
3126 1364 3324 1432 pietate
3368 1369 3421 1416 et
3458 1362 3671 1430 iustitia
3715 1359 3885 1414 devo-

2303 1452 2401 1507 luti
2437 1461 2582 1508 sunt.
2628 1453 2734 1508 Sed
2763 1453 2946 1507 dices:
2986 1452 3039 1509 Si
3078 1451 3286 1522 justum
3318 1460 3400 1507 est
3443 1453 3636 1520 punire
3679 1450 3876 1512 malos,

2303 1546 2494 1598 statim
2509 1554 2564 1599 ut
2588 1545 2730 1600 male
2759 1553 2922 1614 agunt
2951 1544 3135 1612 puniri
3157 1544 3374 1598 debent.
3395 1542 3474 1597 Tu
3492 1543 3714 1612 quidem
3741 1544 3879 1598 bene

2303 1635 2567 1704 festinas;
2599 1637 2695 1692 sed
2718 1637 2807 1692 ille
2829 1637 2922 1706 qui
2951 1643 3188 1691 aeternus
3228 1644 3312 1690 est
3341 1642 3395 1690 et
3422 1650 3584 1705 quem
3617 1635 3755 1688 nihil
3793 1637 3876 1688 la-

2303 1736 2401 1793 tet,
2441 1736 2645 1799 quanto
2673 1729 2857 1782 nullus
2885 1728 2932 1781 ei
2966 1727 3112 1791 finis,
3143 1734 3297 1783 tanto
3331 1733 3386 1780 et
3421 1727 3630 1795 prolixa
3661 1728 3876 1794 patien-

2305 1821 2378 1874 tia
2413 1828 2514 1884 est,
2545 1830 2598 1874 et
2629 1836 2735 1874 non
2767 1818 2830 1872 ad
2862 1819 3207 1874 velocitatem
3248 1819 3520 1881 vindictae,
3557 1817 3654 1872 sed
3693 1818 3760 1871 ad
3793 1832 3878 1871 sa-

2303 1912 2431 1965 lutis
2487 1912 2709 1980 respicit
2755 1925 2983 1975 causas;
3051 1909 3352 1964 delectatur
3412 1909 3558 1962 enim
3603 1923 3718 1962 non
3769 1915 3879 1962 tam

2305 2006 2498 2061 morte,
2526 2014 2684 2066 quam
2715 1998 3074 2052 conversione
3095 1999 3371 2067 peccantis
3390 1997 3457 2052 ".
3493 1997 3618 2051 Ideo
3643 1996 3882 2066 denique

2305 2092 2358 2138 et
2415 2093 2664 2139 sanctum
2712 2085 2983 2154 baptisma
3027 2086 3258 2155 largitus
3303 2094 3386 2141 est
3427 2086 3773 2150 hominibus,
3813 2087 3875 2140 ad

2307 2173 2452 2242 quod
2493 2176 2539 2227 si
2569 2175 2691 2244 quis
2721 2176 2904 2230 venire
2931 2174 3169 2238 festinet,
3200 2183 3253 2229 et
3282 2175 3349 2230 de
3396 2176 3605 2246 reliquo
3661 2184 3879 2231 maneat

2305 2265 2648 2328 emendatus,
2678 2266 2929 2320 delentur
2961 2282 3028 2320 ex
3055 2280 3118 2320 eo
3149 2267 3330 2320 omnia
3362 2274 3604 2336 peccata,
3636 2283 3762 2337 qua
3786 2281 3879 2338 per

2307 2356 2666 2425 ignorantiam
2697 2358 2991 2412 commissa
3023 2367 3167 2412 sunt.

2377 2445 2437 2500 L.
2463 2445 2596 2499 Nam
2618 2447 2926 2517 philosophi
2957 2447 3086 2516 quid
3111 2449 3458 2505 contulerunt
3503 2448 3632 2502 vita:
3679 2454 3875 2500 morta-

2321 2538 2476 2602 lium,
2511 2540 2746 2595 dicendo
2776 2541 3089 2596 hominibus
3129 2558 3235 2597 non
3266 2543 3427 2597 irasci
3454 2541 3661 2596 Deum?
3684 2556 3880 2610 nempe

2310 2642 2368 2684 ut
2421 2631 2678 2686 doecrent
2720 2625 2817 2687 eos
2853 2635 3061 2687 nullum
3103 2635 3305 2689 habere
3341 2635 3592 2689 vindicta:
3641 2633 3879 2700 alicujus

2307 2723 2392 2775 vel
2431 2722 2622 2791 judicii
2668 2732 2892 2786 metum,
2945 2733 2997 2777 et
3046 2741 3140 2794 per
3183 2725 3286 2779 hoc
3342 2735 3452 2778 tota
3514 2723 3879 2793 peccantibus

2311 2811 2461 2865 frena
2483 2813 2753 2868 laxarent.
2785 2813 2892 2865 Aut
2920 2813 3048 2882 quid
3079 2815 3154 2868 illi
3187 2815 3483 2867 humanum
3511 2829 3684 2882 genus
3722 2813 3879 2878 iuva-

2311 2911 2460 2963 runt,
2494 2903 2585 2971 qui
2626 2902 2886 2956 dixerunt
2916 2920 3025 2956 nor.
3053 2920 3173 2958 esse
3197 2903 3386 2971 Deum,
3411 2905 3503 2959 sed
3530 2921 3662 2959 casu
3696 2906 3879 2958 omnia

2311 3000 2362 3046 ct
2393 2993 2615 3046 fortuito
2649 2995 2768 3062 agi?
2797 3011 2976 3049 nonne
3008 3003 3066 3048 ut
3096 2995 3210 3048 haec
3246 2998 3527 3050 audientes
3550 2997 3804 3052 homines
3829 3006 3883 3050 et

650 3089 886 3144 demnet.
923 3087 1061 3153 Quid
1094 3089 1236 3141 enim
1274 3091 1356 3142 e‘st
1389 3088 1442 3141 in
1482 3102 1589 3157 quo
1634 3087 1910 3142 adversari
1951 3089 2211 3157 praadica-
2237 3103 2279 3159 ρ
2314 3085 2637 3140 arbitrantes
2681 3086 2887 3139 nullum
2920 3103 3040 3142 esse
3066 3087 3329 3156 judiccm,
3383 3088 3587 3140 nullum
3630 3087 3882 3156 proviso-

651 3180 784 3233 tioni
816 3186 1016 3232 nostrae
1058 3180 1179 3247 quis
1217 3177 1440 3231 debeat?
1485 3185 1580 3230 aut
1619 3177 1676 3230 in
1717 3178 1831 3247 'quo
1881 3185 2066 3230 contra
2100 3178 2210 3230 veri

652 3272 977 3338 honestique
1024 3267 1181 3322 fidem
1226 3283 1404 3323 sermo
1440 3267 1845 3338 prtedicationis
1884 3277 2083 3321 nostra:
2116 3267 2210 3321 de-

653 3357 1052 3430 prehenditur?
1081 3358 1174 3426 qui
1223 3358 1352 3411 dicit
1395 3358 1770 3411 lionorandum
1803 3373 1924 3411 esse
1957 3357 2126 3411 Deum
2158 3364 2211 3409 et

655 3447 869 3501 Patrem
911 3449 1151 3502 omnium
1193 3449 1547 3510 conditorem,
1584 3448 1810 3516 ejusque
1851 3446 2066 3512 Filium,
2119 3449 2211 3517 qui

656 3540 809 3594 solus
840 3555 961 3592 eum
991 3549 1045 3594 et
1072 3539 1401 3593 voluntatem
1436 3539 1555 3607 ejus
1589 3540 1760 3601 novit,
1787 3540 1983 3608 cuique
2012 3539 2113 3592 soli
2147 3539 2213 3591 de

654 3627 908 3681 omnibus
942 3625 1273 3681 credendum
1303 3636 1387 3681 est
1417 3644 1535 3696 quae
1568 3627 1855 3699 praecepit;
1890 3628 2039 3682 solus
2068 3629 2212 3681 enim

654 3726 741 3773 est
767 3721 852 3772 lex
880 3725 934 3772 et
955 3719 1228 3788 legislator
1251 3728 1304 3775 et
1330 3721 1494 3788 judex
1515 3720 1718 3788 justus.
1744 3720 1898 3787 cujus
1926 3721 2005 3772 lex-
2027 3718 2213 3772 decer-

655 3809 739 3862 nit
766 3808 938 3862 honor
979 3809 1143 3862 udum
1174 3824 1294 3864 esse
1325 3810 1492 3863 Deum
1532 3809 1813 3863 DOminum
1843 3810 2080 3862 omnium
2117 3823 2214 3877 per

656 3899 820 3952 vitam
854 3897 1089 3953 sobriam
1114 3936 1128 3959 ,
1169 3907 1404 3960 castam,
1441 3899 1661 3965 justam,
1698 3900 2122 3966 misericordem,
2159 3906 2236 3962 et_

657 3987 712 4042 in
746 3990 863 4058 ipso
899 3989 1013 4044 solo
1041 4003 1252 4042 onmem
1283 3990 1646 4043 collocaudam
1683 4005 1850 4058 spem.

730 4074 957 4130 XLVIII.
1013 4075 1116 4130 Sed
1163 4077 1305 4129 dicet
1354 4078 1571 4144 aliquis,
1604 4080 1764 4130 etiam
1812 4096 1840 4130 a
1879 4079 2213 4149 phi1050phis

659 4165 968 4235 hujusmodi
996 4173 1265 4235 praecepta
1295 4167 1435 4221 dari.
1469 4167 1614 4222 [Nihil
1644 4177 1727 4222 est
1761 4171 1967 4236 simile;
1994 4186 2116 4224 nam
2148 4172 2216 4224 de

658 4262 864 4316 iustitia
896 4261 1112 4328 quidem
1160 4261 1227 4314 ab
1259 4264 1340 4316 eis
1367 4269 1420 4316 et
1450 4265 1746 4319 sobrietate
1777 4267 2084 4332 mandatur,
2119 4268 2213 4322 sed

655 4359 1114 4406 remuneratorem
1138 4353 1303 4407 Deum
1330 4363 1604 4426 gestorum
1628 4358 1890 4412 bonorum
1921 4361 2214 4414 malorum-

2310 3191 2422 3231 rem
2445 3191 2667 3259 ‘rerum,
2709 3175 2774 3228 ad
2811 3191 2971 3229 omne
3013 3177 3248 3239 facinus,
3292 3177 3446 3245 quod.
3465 3176 3546 3230 vel
3591 3176 3746 3229 furor
3796 3175 3881 3230 vel

2311 3266 2537 3320 avaritia
2585 3268 2668 3320 vel
2713 3267 2877 3319 libido
2945 3266 3243 3329 dictasset,
3307 3271 3573 3321 neminem
3643 3269 3884 3322 verendo

2310 3359 2614 3427 praecipites
2645 3361 3121 3428 agercntur?Nam
3153 3363 3228 3414 illi
3263 3361 3488 3413 multum
3515 3361 3884 3429 rcverajuve-

2311 3460 2439 3502 runt
2501 3451 2813 3503 mortalium
2863 3452 3052 3516 vitam,
3085 3452 3176 3520 qui
3240 3451 3495 3505 dixerunt
3536 3450 3672 3503 nihil
3719 3466 3883 3520 posse

2313 3540 2426 3593 sine
2451 3541 2632 3609 genesi
2666 3541 2800 3606 fieri,
2833 3542 3039 3596 scilicet
3071 3551 3129 3596 ut
3157 3541 3532 3610 unusquisque
3562 3543 3774 3609 peccati
3796 3541 3882 3596 sui

2312 3647 2530 3685 causam
2562 3633 2745 3700 genesi
2771 3634 3070 3696 ascribens,
3101 3633 3449 3702 semetipsum
3485 3632 3539 3683 in
3576 3631 3884 3687 sceleribus

2312 3723 2426 3778 suis
2454 3723 2830 3790 pronuntiaret
2866 3721 3167 3782 innoxium,
3199 3721 3325 3774 dum
3350 3719 3553 3772 crimen
3583 3733 3746 3772 suum
3772 3735 3882 3776 non

2311 3813 2625 3881 ptenitendo
2656 3812 2838 3877 diluit,
2874 3813 2966 3866 sed
2999 3812 3167 3865 fatum
3199 3809 3468 3879 culpando
3507 3811 3881 3878 congeminat.

2310 3904 2444 3959 Nam
2476 3906 2542 3959 de
2575 3906 2680 3958 illis
2710 3905 2839 3975 quid
2864 3892 3040 3958 dicam
3082 3902 3445 3972 philosophis,
3475 3902 3567 3971 qui
3603 3901 3736 3957 deos
3787 3918 3883 3957 co-

2313 3995 2505 4051 lendos
2557 4011 2678 4050 esse
2729 3996 3170 4050 introduxerunt.
3219 4004 3270 4048 ct
3312 3994 3450 4047 tales
3491 3993 3646 4056 deos,
3691 3995 3880 4063 quales

2314 4086 2473 4153 paulo
2500 4095 2624 4139 ante
2654 4087 2923 4140 audistis?
2948 4084 3088 4150 Quid
3119 4083 3220 4137 fuit
3243 4083 3388 4136 aliud
3423 4082 3740 4149 decernere,
3772 4086 3879 4140 nisi

2312 4184 2371 4228 ut
2404 4176 2550 4241 vitia,
2574 4177 2678 4231 nisi
2713 4187 2771 4230 nt
2799 4179 3047 4243 crimina,
3084 4179 3189 4232 nisi
3221 4187 3280 4231 ut
3311 4176 3510 4246 ﬂagitia
3537 4173 3887 4229 colerentur?

2311 4263 2480 4320 Pudet
2508 4267 2832 4336 miseretque
2871 4282 2955 4320 me
2987 4268 3172 4331 vestri,
3203 4267 3248 4322 si
3289 4267 3509 4321 creditis
3537 4265 3684 4334 quod
3735 4263 3878 4318 indi-

2310 4371 2412 4426 gna
2460 4356 2570 4409 hrec
2611 4367 2793 4410 essent
2838 4367 2888 4410 et
2937 4358 3101 4427 impia
3152 4367 3315 4425 atque
3361 4357 3753 4418 exsecrabilia,
3791 4343 3886 4408 aut

657 4455 764 4511 que
801 4457 908 4495 non
951 4453 1170 4510 norunt,
1208 4451 1263 4498 et
1302 4445 1424 4500 ideo
1453 4447 1596 4517 leges
1625 4459 1676 4503 et
1711 4460 1973 4518 praecepta
2027 4466 2211 4506 eorum
2245 4431 2287 4485 D
2311 4461 2418 4501 non
2466 4447 2891 4516 deprehendistis
2941 4449 3238 4513 hactenus,
3296 4458 3392 4503 aut
3442 4448 3783 4517 deprehensa
3829 4455 3881 4499 et

657 4543 1030 4585 accusatorem
1049 4534 1422 4589 tantummodo
1439 4537 1711 4604 publicum
1726 4541 1914 4602 vitant,
1930 4545 2212 4599 conscien-

656 4623 786 4677 tiam
818 4640 944 4680 vero
973 4625 1262 4694 purificare
1289 4641 1392 4679 non
1421 4638 1667 4696 possunt.
1693 4629 1830 4694 Quid
1855 4633 1998 4684 enim
2031 4635 2215 4688 timeat

658 4714 715 4770 in
745 4719 958 4802 occulto
988 4732 1235 4785 peccare,
1273 4719 1364 4788 qui
1414 4721 1750 4776 occultorum
1799 4739 1917 4778 esse
1953 4724 2214 4780 arbitrum

654 4813 711 4861 et
730 4806 969 4875 judicem
1006 4808 1221 4863 nescit?
1266 4809 1486 4863 Addunt
1522 4820 1777 4878 praeterea
1807 4815 2110 4885 phil050phi
2159 4819 2212 4872 in

655 4898 943 4968 praeceptis
973 4897 1110 4960 suis,
1137 4899 1299 4952 etiam
1331 4899 1462 4954 deos
1485 4903 1577 4969 qui
1605 4911 1731 4956 sunt
1756 4905 2025 4960 daemones
2045 4907 2214 4961 hono-

655 4987 882 5051 randos,
913 4987 1056 5057 quod
1089 4989 1288 5055 solum,
1317 4991 1530 5043 etiamsi
1564 4993 1617 5044 in
1648 4993 1770 5047 aliis
1799 4996 2105 5062 probabiles
2137 4998 2213 5051 vi-

658 5075 942 5140 derentur,
974 5078 1308 5147 gravissima:
1337 5095 1432 5134 eos
1460 5088 1638 5149 potest
1667 5083 1958 5152 impietatis
1988 5101 2214 5156 arguere

657 5181 712 5229 et
734 5173 969 5244 propriis
986 5174 1350 5228 condemnare
1371 5177 1677 5240 sententiis,
1703 5179 1792 5246 qui
1809 5194 1973 5232 unum
1997 5180 2213 5248 quidem

657 5281 780 5322 esse
807 5269 1158 5335 pronuntiant
1186 5265 1372 5329 Deum,
1405 5283 1503 5336 pro
1535 5271 1898 5324 assentatione
1931 5281 2107 5328 tamen
2131 5288 2215 5326 er—

658 5361 801 5414 roris
828 5360 1050 5413 humani
1074 5360 1256 5429 plures
1280 5361 1537 5414 mandent
1563 5363 1836 5417 colendos.
1857 5363 2017 5419 Aiunt
2036 5373 2210 5419 autem

657 5461 713 5507 et
763 5452 894 5507 illud
943 5453 1271 5522 pbiIOSOpbi,
1319 5453 1486 5507 Deum
1532 5471 1639 5509 non
1682 5457 1863 5521 irasci,
1912 5459 2211 5513 nescientes

660 5542 788 5614 quid
807 5541 1010 5600 dicant.
1034 5544 1117 5599 Ira
1138 5549 1282 5603 enim
1300 5550 1441 5603 mala
1458 5557 1559 5612 est,
1578 5549 1668 5603 ubi
1684 5559 1912 5606 mentem
1936 5553 2134 5614 turbat.
2155 5561 2214 5606 ut

728 5731 772 5764 "
800 5729 932 5787 Luc.
972 5746 1068 5801 xu,
1111 5733 1196 5796 Π,
1235 5734 1318 5796 I9,
1351 5733 1438 5786 10.
1518 5732 1562 5761 ⁷⁸
1592 5731 1781 5786 Ezech.
1819 5750 1970 5788 xvm.
2002 5736 2064 5788 33

2313 4539 2576 4593 intellecta
2608 4540 2744 4592 mala
2781 4555 2877 4608 pro
2913 4541 3072 4594 bonis
3098 4549 3150 4593 et
3180 4541 3401 4608 optimis
3427 4538 3693 4593 coluistis.

2389 4627 2473 4682 Ll.
2502 4625 2640 4680 Tum
2672 4636 2930 4696 praeterea
2965 4633 3019 4678 et
3049 4623 3182 4678 illud
3211 4624 3371 4692 quale
3417 4631 3520 4684 est,
3565 4621 3709 4690 quod
3741 4636 3876 4691 prae-

2319 4729 2669 4788 sumpserunt
2699 4718 2946 4772 nonnulli
2978 4715 3427 4785 philosophorum
3455 4713 3540 4765 vel
3570 4713 3638 4767 de
3668 4712 3779 4765 Deo
3801 4713 3875 4764 lo—

2319 4816 2434 4885 qui,
2467 4829 2590 4868 cum
2622 4813 2731 4866 sint
2758 4810 3035 4872 mortales,
3069 4817 3122 4862 ct
3150 4808 3404 4877 opinione
3439 4807 3554 4858 sola
3584 4805 3652 4858 de
3690 4803 3876 4857 invisi-

2319 4907 2522 4960 bilibus
2562 4904 2742 4957 dicere
2771 4901 2856 4954 vel
2886 4900 2953 4954 de
2991 4899 3180 4952 mundi
3210 4897 3437 4965 origine,
3471 4896 3563 4949 ubi
3597 4910 3707 4948 non
3754 4895 3878 4949 ade-

2314 5005 2438 5053 rant
2470 5013 2592 5052 cum
2635 4997 2809 5057 Iieret,
2847 4993 2930 5046 vel
2969 4992 3035 5046 de
3072 4991 3180 5044 fine
3209 4990 3330 5059 ejus
3364 4991 3448 5042 vel
3479 4987 3546 5041 de
3571 4989 3876 5041 animarum

2316 5091 2372 5144 in
2393 5088 2621 5143 infernis
2650 5086 3057 5154 dispensatione
3082 5081 3381 5151 ctjudicio,
3418 5080 3730 5134 nescientes
3755 5081 3874 5148 quia

2317 5181 2601 5252 praesentia
2630 5179 2844 5248 quidem
2871 5184 2922 5231 et
2965 5174 3200 5231 visibilia
3233 5188 3395 5228 nosse
3421 5173 3661 5227 hominis
3689 5181 3772 5226 est
3803 5186 3877 5224 ra-

2319 5272 2614 5333 tionabilis,
2664 5269 2933 5340 praeterita
2970 5280 3098 5321 vero
3153 5271 3207 5319 et
3247 5263 3428 5318 futura
3482 5274 3533 5317 et
3585 5263 3875 5317 invisibilia

2320 5366 2482 5428 scire,
2515 5364 2685 5418 solius
2725 5360 3054 5431 prepheticas
3081 5357 3432 5428 praescientim
3458 5364 3560 5412 est.
3597 5355 3718 5408 Non
3751 5368 3877 5424 ergo

2319 5461 2433 5513 haec
2475 5457 2804 5526 conjecturis
2831 5463 2885 5510 et
2916 5452 3268 5523 Opinionibus
3303 5445 3606 5518 colligenda
3641 5458 3794 5510 sunt,
3825 5447 3874 5499 in

2320 5553 2514 5622 quibus
2541 5552 2692 5606 valde
2715 5549 2974 5604 falluntur
2999 5545 3267 5610 homines,
3300 5542 3394 5598 sed
3418 5542 3518 5597 fide
3551 5539 3876 5613 praphetic:
