4078 6336
204 333 352 393 ms
1450 336 2020 397 nscocmrtouuu
2053 339 2180 428 Lis.
2232 339 2296 396 χ.
3332 331 3465 389 κω

195 445 481 513 veritatis.
515 448 660 505 sicut
697 466 760 508 se
795 450 961 508 habet
988 450 1105 508 hac
1137 457 1327 507 nostra
1356 450 1629 509 doctrina.
1668 452 1777 510 Nos
1808 459 1856 517 Α
1884 455 2176 511 lectatione
2203 455 2321 527 ipsa
2351 454 2617 510 doctrinae
2637 461 2692 511 et
2723 453 2991 511 suavitate
3019 450 3311 505 verborum
3340 464 3463 519 per-

193 541 353 595 enim
389 541 526 596 nihil
553 557 620 599 cx
649 543 808 600 nobis
829 544 1126 621 loquimur,
1156 559 1257 601 nec
1287 543 1525 600 humana
1553 546 1785 601 aestima-
1885 546 2075 617 vigiles
2109 547 2429 602 mansimus.
2454 544 2521 601 Et
2546 560 2671 603 cum
2697 544 3237 615 jam’auroresceret,
3259 538 3461 596 Petrus

193 626 356 687 tione
391 633 620 689 collecta
648 637 1064 701 annuntiamus,
1097 636 1201 692 hoc
1230 638 1380 692 enim
1419 637 1668 709 decipere
1697 648 1781 695 est
1883 639 2107 694 intuens
2140 654 2226 695 me
2256 654 2322 693 ac
2356 638 2554 693 fratres
2576 652 2748 702 meos,
2779 637 2855 691 ait
2880 654 2893 690 :
2924 633 3092 690 Miror
3121 632 3251 704 quid
3278 633 3457 688 visum

192 722 522 792 auditores;
551 727 646 781 sed
672 725 785 782 veri
818 727 1097 798 prophetae
1131 729 1455 783 auctoritate
1470 730 1637 786 nobis
1666 738 1781 785 tra-
1882 730 1955 784 sit
1988 730 2127 801 patri
2164 738 2371 803 vestro.
2412 712 2663 801 Ciumque
2705 729 2821 784 haec
2859 729 3086 793 diceret,
3140 726 3459 798 supervenit

190 813 744 873 ditaetmanifestata
764 817 1144 889 praedicamus.
1170 817 1421 890 Decujus
1438 807 1777 890 praescientia
1879 830 2035 892 pater
2088 822 2398 896 et~.invenit
2442 819 2664 876 Petrum
2707 818 2867 896 nobis
2906 819 2973 875 de
3012 834 3071 873 se
3119 817 3465 887 loquentem;

195 913 258 960 et
286 906 495 965 virtute
523 910 863 980 pr0phetica,
895 912 940 968 si
966 914 1114 983 quis,
1147 921 1209 968 ut
1243 913 1377 978 dixi,
1409 912 1476 967 ad
1506 913 1775 982 liquidum
1878 912 2127 984 Cumque
2177 915 2497 979 salutasset,
2546 911 2867 970 satisfacere
2912 911 3081 981 erepit
3123 917 3178 965 et
3231 924 3454 964 causam

188 998 315 1052 vult
360 1000 691 1056 documenta
730 1003 1037 1075 suscipere.
1063 1004 1334 1063 sollicitus
1373 1005 1683 1069 conveniat,
1720 1014 1777 1061 et

187 1086 432 1158 impiger
469 1090 540 1145 sit
591 1090 660 1144 ad
702 1093 1059 1159 audiendum,
1099 1103 1156 1152 et
1191 1096 1469 1151 evidentes
1519 1095 1773 1151 dabimus

185 1180 571 1251 probationes,
621 1184 824 1254 quibus
871 1186 1001 1241 vim.
1033 1187 1364 1259 prOpheticte
1416 1187 1773 1257 pmscientia:

183 1285 302 1325 non
351 1272 529 1328 solum
556 1276 784 1332 auribus
824 1278 1038 1350 audire,
1072 1280 1168 1335 sed
1197 1287 1259 1336 et
1286 1282 1461 1337 oculis
1495 1282 1658 1337 etiam
1676 1276 1772 1337 vi-

178 1362 322 1419 dere
366 1378 433 1420 ac
473 1382 640 1422 manu
675 1376 1021 1428 contrectare
1064 1388 1126 1429 se
1157 1373 1364 1430 credat.
1398 1373 1473 1431 De
1502 1390 1613 1446 quo
1643 1390 1769 1431 cum

182 1462 401 1510 certam
437 1457 598 1515 fidem
627 1464 962 1534 conceperit,
988 1465 1178 1538 jugum
1219 1468 1448 1537 justitia:
1476 1478 1529 1525 et
1550 1470 1768 1541 pietatis

180 1545 401 1617 absque
452 1550 563 1604 ullo
602 1551 789 1608 labore
829 1556 1093 1627 suscipiet
1130 1559 1197 1623 ⁷⁷,
1239 1568 1557 1633 tantamque
1598 1564 1655 1618 in
1698 1580 1766 1620 eo

153 1639 392 1695 ssentiet
420 1642 763 1711 suavitatem,
792 1653 852 1701 ut
878 1662 986 1703 non
1015 1650 1192 1705 solum
1225 1652 1359 1707 nihil
1385 1653 1437 1709 ei
1460 1655 1663 1710 laboris
1684 1657 1768 1710 in-

178 1744 311 1787 esse
347 1742 627 1799 causetur,
660 1752 849 1794 verum
897 1747 954 1797 et
983 1743 1220 1813 amplius
1258 1744 1467 1817 aliquid
1506 1746 1632 1802 addi
1658 1749 1762 1803 sibi

174 1821 459 1881 desideret
478 1834 534 1882 et
556 1827 781 1901 imponi.
1781 1824 1786 1831 ’

250 1913 369 1973 LII.
402 1916 649 1991 Cumque
689 1922 805 1978 haec
831 1931 886 1981 et
912 1925 1022 1980 alia
1063 1926 1150 1984 bis
1187 1928 1389 1984 similia
1420 1929 1669 1995 dixisset,
1710 1940 1765 1989 et

174 2009 481 2065 nonnullos
512 2026 580 2067 ex
615 2011 701 2068 bis
736 2017 830 2085 qui
864 2016 1089 2073 aderant
1132 2018 1382 2076 infirmos
1418 2029 1474 2077 et
1503 2021 1766 2077 daemoni~~

173 2098 288 2154 bus
318 2101 578 2159 obsessos
607 2116 875 2172 curasset,
906 2111 1247 2179 gratulantes
1269 2118 1323 2167 et
1352 2111 1521 2168 Deum
1556 2116 1763 2171 collau-

173 2189 379 2248 dantes
418 2195 607 2251 turbas
634 2197 859 2265 dimisit,
881 2188 1203 2271 praecipiens
1232 2205 1313 2261 eis
1337 2214 1395 2260 ut
1424 2205 1490 2261 ad
1514 2208 1761 2264 eumdem

174 2281 364 2338 locum
395 2286 557 2339 etiam
593 2291 1055 2359 consequentibus
1080 2293 1274 2350 diebus
1303 2295 1556 2351 audiendi
1587 2298 1762 2369 gratia

171 2377 562 2433 convenirent.
588 2378 834 2451 Cumque
874 2382 1025 2437 domi
1063 2384 1179 2454 jam
1209 2386 1353 2441 inter
1379 2404 1495 2463 nos.
1512 2404 1760 2447 essemus

174 2481 729 2543 ac.pra3pararemus
774 2474 840 2528 ad
877 2474 1170 2540 edendum,
1214 2478 1496 2548 ingressus
1537 2482 1757 2551 quidam

174 2560 401 2613 nuntiat
448 2560 746 2632 Appionem
796 2564 1251 2624 Plistonicensem
1286 2568 1401 2642 (60)
1436 2588 1561 2627 eum
1604 2574 1758 2627 Anu-

178 2648 350 2707 bione
382 2669 560 2724 nuper
589 2655 803 2712 venisse
833 2657 901 2715 ab
928 2646 1244 2729 Antiochia,
1267 2669 1320 2717 et
1344 2662 1608 2735 hOSpitari
1633 2680 1756 2719 cum

176 2740 439 2800 Simone.
463 2746 599 2801 Tum
619 2757 773 2818 pater
802 2751 1034 2807 audiens
1065 2753 1287 2823 gavisus
1339 2763 1444 2823 est,
1475 2763 1529 2811 et
1559 2756 1634 2810 ait
1658 2756 1759 2813 Pe-

172 2842 265 2888 tro
292 2855 305 2888 :
344 2833 400 2889 Si
426 2838 720 2906 permittis,
752 2841 877 2894 volo
913 2841 993 2896 ire
1028 2849 1081 2896 ct
1120 2843 1360 2899 salutare
1379 2845 1676 2915 Appionem
1703 2855 1758 2903 et

170 2921 549 2992 Anubionem,
578 2928 710 2997 quia
746 2929 903 2985 valde
932 2930 1097 2985 amici
1135 2931 1267 2985 mihi
1293 2939 1452 2999 sunt;
1505 2932 1756 2990 fortassis

168 3025 360 3069 autem
394 3018 737 3074 Anubionem
776 3020 941 3075 etiam
990 3021 1221 3077 suadere
1262 3029 1453 3091 potero
1475 3023 1756 3093 disputare

1875 1020 2167 1076 exponere,
2199 1007 2271 1061 ob
2300 1022 2468 1078 quam
2499 1003 2634 1060 foris
2667 1003 2980 1060 mansisset.
3007 1000 3117 1071 Nos
3158 1011 3337 1055 autem
3367 1016 3454 1054 re-

1876 1097 2171 1168 spicientes
2192 1098 2257 1151 ad
2279 1113 2403 1153 eum
2434 1092 2773 1166 expavimus,
2791 1094 3002 1148 vultum
3028 1094 3083 1148 in
3110 1108 3175 1148 eo
3210 1092 3454 1149 Simonis

1873 1190 2123 1250 videntes
2158 1186 2291 1263 (61),
2322 1202 2511 1243 vocem
2546 1194 2729 1241 tamen
2760 1185 2931 1256 patris
2975 1183 3146 1239 nostri
3191 1184 3455 1239 audieba-

1873 1296 2017 1337 mus.
2070 1280 2319 1351 Cumque
2360 1280 2738 1351 refugeremus
2767 1294 2891 1333 eum
2923 1283 2976 1331 et
3008 1291 3449 1340 exsecraremur,

1873 1376 2124 1447 stupebat
2157 1384 2312 1445 pater
2341 1372 2487 1443 quod
2519 1378 2629 1425 tam
2660 1377 2879 1425 austere
2913 1383 3039 1423 cum
3068 1382 3134 1439 eo
3161 1382 3451 1437 ageremus

1870 1476 1923 1525 et
1964 1470 2217 1524 barbare.
2273 1467 2436 1522 Solus
2480 1471 2664 1520 tamen
2700 1463 2896 1520 Petrus
2923 1474 3064 1527 erat,
3112 1462 3207 1532 qui
3237 1462 3450 1516 vultum

1868 1560 1992 1631 ejus
2022 1558 2327 1614 naturalem
2380 1557 2599 1613 videbat
2630 1576 2643 1611 :
2681 1555 2776 1629 qui
2808 1562 2865 1610 et
2914 1554 2992 1609 ait
3042 1553 3110 1608 ad
3142 1569 3267 1609 ,nos
3297 1574 3308 1609 :
3337 1553 3451 1609 Cur

1868 1651 2232 1709 exsecramini
2286 1657 2497 1721 patrem
2550 1648 2835 1705 vestrum?
2872 1647 2973 1703 Cui
3014 1663 3117 1703 nos
3164 1663 3273 1702 una
3320 1663 3446 1703 cum

1867 1749 2041 1797 matre
2069 1741 2453 1811 respondimus
2489 1758 2501 1794 :
2542 1737 2642 1793 Hic
2672 1737 2832 1793 nobis
2870 1736 3059 1813 Simon
3080 1736 3318 1800 videtur,
3349 1752 3448 1792 voc

1867 1851 1982 1892 cem
2016 1834 2222 1889 habens
2252 1833 2421 1904 patris
2457 1830 2651 1887 nostri.
2688 1829 2753 1883 Et
2777 1828 2971 1886 Petrus
2996 1848 3009 1885 :
3034 1828 3203 1885 Vobis
3226 1829 3447 1900 quidem

1866 1942 1972 1982 vox
2001 1926 2121 1997 ejus
2150 1942 2273 1998 quae
2301 1925 2590 1981 maleficiis
2630 1929 2840 1977 mutata
2889 1937 2998 1977 non
3028 1929 3132 1986 est,
3168 1923 3283 1977 sola
3314 1931 3445 1977 nota

1864 2028 1981 2086 est;
2016 2018 2149 2073 mihi
2184 2025 2365 2077 autem
2407 2018 2572 2085 etiam
2613 2015 2805 2092 vultus
2836 2013 2978 2089 ejus,
3021 2013 3116 2083 qui
3157 2013 3281 2068 aliis
3326 2020 3452 2069 arte

1867 2111 2107 2185 Simonis
2129 2117 2375 2164 mutatus
2408 2114 2655 2179 apparet.
2690 2103 3032 2161 Faustiniani
3067 2105 3242 2183 patris
3270 2104 3444 2159 vestri

1862 2209 2026 2257 notus
2050 2208 2153 2257 est.
2190 2199 2256 2254 Et
2279 2200 2496 2253 intuens
2524 2205 2730 2266 patrem
2753 2194 2831 2248 ait
2866 2213 2879 2248 :
2907 2194 3085 2250 Causa
3110 2210 3230 2264 quae
3250 2194 3443 2262 conju-

1862 2310 1983 2365 gem
2016 2301 2165 2348 tuam
2195 2291 2488 2348 conturbat
2512 2304 2576 2343 ac
2614 2286 2779 2351 filios,
2815 2286 2931 2341 haec
2954 2295 3058 2347 est.
3085 2272 3297 2357 species
3321 2287 3442 2341 vul-

1861 2396 1953 2442 tus
1983 2387 2039 2442 in
2066 2394 2120 2442 te
2149 2401 2262 2441 non
2290 2384 2508 2440 videtur
2532 2382 2624 2437 illa
2650 2398 2770 2453 qua
2795 2378 2919 2445 fuit,
2956 2380 3051 2437 sed
3084 2380 3255 2436 facies
3281 2396 3441 2436 exse-

1860 2478 2050 2539 crandi
2094 2476 2333 2532 Simonis
2364 2477 2498 2531 inte
2533 2481 2778 2544 apparet.

1930 2566 2066 2622 LlV.
2101 2566 2169 2620 Et
2207 2582 2331 2621 cum
2366 2565 2482 2619 haec
2509 2564 2748 2631 ,diceret,
2781 2576 3066 2643 regressus
3102 2562 3327 2632 quidam
3368 2576 3439 2617 ex

1858 2659 1944 2713 his
1973 2658 2066 2729 qui
2100 2656 2441 2711 Antiochiam
2492 2660 2913 2726 praecesserunt,
2955 2652 3173 2707 dicebat
3212 2653 3283 2707 ad
3330 2651 3436 2708 Pe-

1857 2756 2003 2805 trum
2034 2769 2047 2805 :
2085 2747 2237 2803 Scire
2266 2756 2319 2801 te
2344 2747 2488 2811 volo,
2519 2746 2739 2800 domine
2763 2743 2837 2797 mi
2872 2742 3052 2809 Petre,
3085 2743 3213 2814 quia
3246 2744 3437 2799 Simon

1857 2841 1999 2912 apud
2022 2840 2362 2893 Antiochiam
2393 2839 2609 2909 publice
2641 2837 2809 2891 multa
2833 2835 3039 2891 faciens
3060 2837 3213 2905 signa
3238 2844 3290 2890 et
3308 2851 3429 2907 pro-

1855 2935 2023 3007 digia,
2064 2934 2202 2989 nihil
2232 2934 2381 2989 aliud
2413 2934 2611 3004 populo
2645 2932 2931 3002 persuasit
2966 2932 3074 2986 nisi
3105 2946 3225 3001 qua:
3251 2932 3319 2987 ad
3352 2932 3433 2986 tui

1856 3012 2369 3103 odiump’ertinent,
2405 3041 2621 3096 magum
2654 3032 2709 3080 te
2747 3025 3062 3085 nominans,
3098 3022 3427 3086 maleficum,

168 3119 302 3160 cum
337 3106 613 3165 Clemente
638 3111 704 3166 de
731 3114 938 3181 genesi.
971 3112 1038 3168 Et
1071 3114 1268 3173 Petrus
1304 3135 1317 3173 :
1351 3117 1634 3184 Permitto,
1667 3122 1753 3175 in—
1779 3128 1827 3190 ο
1857 3119 2209 3183 homicidam,
2240 3127 2293 3174 et
2322 3119 2377 3172 in
2420 3125 2635 3171 tantum
2667 3133 2762 3172 eos
2813 3117 3099 3172 adversum
3142 3124 3196 3170 te
3244 3115 3447 3179 odium‘

172 3200 319 3268 quit,
346 3207 400 3255 et
431 3194 593 3263 laudo
622 3205 766 3271 quod
799 3206 1008 3262 amicos
1031 3208 1196 3274 colis;
1218 3218 1597 3265 verumtamen
1614 3227 1747 3267 con-

170 3289 381 3355 sidera,
414 3282 686 3362 quomodo
717 3311 813 3365 per
850 3297 1249 3367 providentiam
1290 3299 1387 3355 Dei
1417 3302 1600 3356 omnia
1648 3304 1749 3358 tibi

170 3398 239 3439 ex
271 3387 544 3441 sententia
571 3398 938 3457 concurrant;
968 3406 1101 3447 ecce
1126 3393 1272 3448 enim
1306 3410 1419 3455 non
1447 3396 1621 3451 solum
1662 3396 1748 3452 af-

170 3473 344 3531 fectio
371 3477 468 3531 tibi
500 3479 742 3549 propria,
774 3480 884 3537 Deo
912 3492 1228 3553 prestante,
1244 3497 1493 3557 reparata
1516 3496 1618 3553 est,
1652 3490 1745 3545 sed

163 3573 227 3623 et
259 3567 564 3623 amicorum
595 3573 884 3639 praesentia
914 3586 1262 3642 procuratur.
1292 3576 1360 3630 Et
1384 3585 1534 3648 pater
1564 3596 1576 3633 :
1614 3577 1769 3645 Vere.

166 3659 373 3730 inquit.
405 3659 627 3718 adverto
655 3664 729 3717 ita
749 3679 890 3731 esse,
924 3673 985 3721 ut
1012 3668 1171 3723 dicis.
1205 3667 1416 3723 Etcum
1442 3668 1557 3725 haec
1578 3670 1744 3727 dixis-

167 3759 275 3814 set,
310 3751 446 3805 abiit
472 3752 540 3807 ad
570 3752 932 3811 Anubionem.

239 3842 378 3899 LIll.
409 3842 518 3900 Nos
536 3852 729 3901 autem
758 3825 881 3901 eum
905 3846 1068 3903 Petro
1096 3848 1261 3919 positi
1299 3864 1397 3921 per
1447 3858 1612 3905 totam
1642 3866 1745 3907 no-

161 3943 316 3992 ctem
339 3936 725 4008 interrogando
748 3938 815 3995 de
836 3938 1069 3997 diversis
1091 3946 1145 3995 et
1164 3939 1426 3995 discendo
1444 3940 1515 3996 ab
1533 3956 1620 4007 eo,
1643 3940 1738 3995 de-

278 4114 322 4144 "
346 4112 535 4168 Matth.
565 4128 644 4180 ιι,
672 4114 761 4169 50.

1854 3208 2177 3272 concitavit,
2205 3215 2268 3263 ut
2322 3222 2652 3279 magnopere
2677 3206 3010 3269 desiderent,
3046 3205 3092 3261 si
3116 3214 3167 3259 te
3194 3218 3429 3273 usquam

1854 3300 2096 3355 invenire
2127 3306 2349 3369 queant,
2374 3299 2538 3353 etiam
2571 3311 2767 3351 carnes
2798 3304 2919 3349 tuas
2947 3296 3245 3361 devorare;
3274 3302 3329 3349 et
3356 3295 3429 3357 ob

1852 3390 1955 3445 hoc
1983 3404 2085 3444 nos
2114 3389 2209 3459 qui
2240 3387 2508 3459 praemissi
2539 3401 2731 3442 sumus
2751 3426 2766 3449 ,
2803 3376 3049 3439 videntes
3087 3385 3246 3439 valde
3276 3400 3428 3439 com-

1848 3488 2054 3537 motam
2083 3488 2277 3535 contra
2307 3487 2358 3534 te
2388 3480 2689 3543 civitatem,
2722 3477 2938 3532 occulte
2981 3477 3037 3530 in
3079 3492 3250 3531 unum
3292 3492 3426 3532 con-

1850 3565 2130 3628 venientes
2159 3571 2643 3627 considerabamus
2675 3568 2804 3639 quid
2842 3568 2958 3622 fieri
2986 3574 3282 3637 Oporteret.

1922 3662 2033 3719 LV.
2064 3665 2313 3734 Cumque
2348 3663 2558 3717 nullum
2596 3661 2908 3716 videremus
2946 3660 3152 3715 exitum
3199 3659 3298 3724 rei,
3330 3675 3425 3714 su-

1848 3756 2094 3828 pervenit
2146 3755 2437 3810 Cornelius
2483 3752 2754 3819 centurio,
2803 3753 3005 3806 missus
3040 3765 3069 3804 a
3112 3750 3327 3805 Caesare
3355 3750 3424 3805 ad

1847 3847 2132 3918 praesidem
2157 3845 2419 3902 Caesareae
2450 3845 2653 3915 publici
2676 3843 2876 3915 negotii
2906 3842 3119 3913 gratia;
3153 3841 3300 3896 hunc
3328 3856 3424 3895 ac—

1847 3940 2118 3996 cersimus
2152 3928 2220 3993 ad
2249 3952 2351 3993 nos
2394 3936 2593 4000 solum,
2628 3948 2959 4003 causamque
2998 3932 3048 3987 ei
3096 3946 3205 4002 qua
3238 3935 3420 3988 mcesti

1427 4259 1791 4317 COTELERII
1858 4256 2083 4315 NO'UE.

235 4445 347 4524 (60)
367 4444 653 4524 Appioiiem
680 4441 1121 4524 Plistonicgnsem.
1146 4523 1149 4524 ν
1179 4441 1455 4511 Epitomes
1488 4454 1545 4524 ε.
1581 4442 1685 4524 1ξὸ
1721 4460 1733 4496 :
1769 4469 1813 4524 υ
1842 4440 1909 4497 de
1938 4453 2320 4524 cognomento.
2344 4442 2732 4524 metaeolenv
2752 4455 2861 4524 inpii
2884 4441 3135 4524 verterim
3169 4441 3411 4501 Plistoni-

168 4510 423 4570 ’Δᾶτπεωύ
439 4510 467 4569 ὁ
486 4514 894 4584 Πλειστονικης;
920 4510 1360 4584 Clementtnorum
1384 4528 1459 4584 iv,
1487 4510 1523 4564 6
1553 4530 1566 4565 :
1608 4512 1733 4565 Ἀπο

165 4588 343 4641 πίωνα
362 4587 453 4640 τὸν
478 4582 861 4653 animum
879 4584 1103 4654 .lnsigni
1126 4593 1307 4638 tamen
1337 4582 1428 4654 isti
1460 4596 1729 4651 gramma-

161 4660 295 4717 tico,
321 4658 413 4726 qui
438 4672 469 4709 a
492 4653 1043 4726 Tiberioicymhalum
1074 4654 1264 4726 mundi
1292 4653 1593 4726 dicebatur.
1614 4667 1735 4726 pro-

161 4723 445 4803 culdubio
473 4740 669 4803 nomen
703 4723 804 4777 fuit
837 4724 1055 4803 Ἀτξξων,
1102 4724 1298 4803 Apion,
1354 4728 1413 4775 ut
1458 4723 1731 4803 interdum

161 4796 421 4851 exhibent
443 4794 663 4850 codices
692 4810 823 4850 mss.
850 4796 1051 4863 quibus
1081 4791 1165 4848 usi
1196 4799 1601 4863 sumus,utque
1620 4791 1733 4847 fere

160 4881 380 4935 semper
411 4868 464 4919 in
486 4864 686 4935 Graecis
717 4862 883 4935 libris
908 4866 1173 4935 scriptum
1203 4862 1607 4935 invenies.__Sed
1640 4876 1730 4935 er-

159 4931 356 5005 rarunt
390 4934 684 5005 aliquando
711 4932 883 5005 Graeci
915 4931 1076 5005 etiam
1125 4932 1440 5005 antiquarii.
1476 4931 1630 5005 Unde
1673 4933 1729 4987 in

160 5003 394 5059 Tatiano
441 5003 587 5059 recte
633 5004 854 5073 quidem
901 5021 953 5074 p.
990 5004 1093 5058 164
1136 5004 1333 5073 legitur
1368 5003 1646 5066 Ἀπίωνος,
1676 5011 1731 5055 at

196 5089 447 5144 erperam
480 5090 534 5145 p7.
577 5074 680 5128 ne
721 5090 979 5130 excusum
1014 5084 1095 5129 est
1112 5074 1373 5145 ’Annlmv,
1412 5088 1535 5145 cum
1586 5074 1728 5142 apud

178 5142 460 5198 Eusebium
482 5142 735 5211 'Prmpar.
768 5161 971 5213 evang..
1004 5145 1098 5199 lib.
1134 5160 1188 5207 Χ,
1231 5158 1281 5197 c.
1317 5143 1403 5213 Ii,
1455 5142 1511 5213 in
1541 5149 1729 5198 eodem

162 5212 377 5267 Tatiaui
410 5216 527 5267 loco
552 5214 748 5266 Ἀπίων
769 5212 1041 5268 cernatur.
1074 5214 1227 5280 Quod
1258 5221 1324 5265 ad
1351 5212 1575 5266 Latinos
1605 5229 1729 5282 spe-

157 5291 294 5347 ctat,
324 5286 527 5353 Appian
552 5292 728 5354 potest
750 5292 1175 5354 esseiauctornm
1206 5291 1729 5354 error._potest_esse

160 5350 723 5423 librarioruiiiq—Certe
775 5355 825 5406 in
880 5353 1053 5407 Plinio
1088 5356 1253 5423 Apion
1285 5350 1725 5423 scribitur.rltem

159 5423 447 5493 inAAdonis
472 5419 751 5484 Chronico,
776 5424 829 5476 in
852 5423 1075 5478 Honorii
1101 5419 1615 5493 Augustodunensis
1631 5424 1737 5478 Ca-

150 5490 354 5559 tulogo,
390 5502 444 5547 et
475 5496 525 5545 in
558 5494 883 5561 quibusdam
925 5510 1057 5549 mss.
1092 5510 1153 5548 ac
1184 5490 1518 5547 editionibus
1546 5492 1727 5543 [listo-

158 5563 255 5614 ricc
287 5564 603 5617 l‘lusehiauae
647 5578 677 5615 a
728 5564 921 5616 llulino
971 5565 1265 5625 translatae,
1312 5564 1405 5617 lib.
1434 5577 1516 5624 ιιι,
1556 5577 1604 5615 c.
1636 5563 1722 5616 38.

156 5633 313 5689 ADud
348 5632 607 5687 Senecam
651 5650 798 5697 vero,
832 5633 1116 5701 Agellium.
1151 5633 1567 5693 Tertullianum,
1598 5631 1724 5684 Ilie-

159 5715 468 5772 ronymum,
514 5704 810 5771 Josepbum
842 5702 1043 5774 Rufini,
1090 5703 1421 5774 llaynmnem
1448 5703 1721 5774 aliosque,

158 5771 281 5830 eum
310 5775 510 5843 duplici
530 5790 562 5842 ρ
584 5775 887 5829 ediderunt.
914 5771 1188 5830 Hactenus
1219 5775 1284 5829 de
1315 5773 1552 5827 nomine.
1572 5771 1723 5827 Nunc

1840 4511 2063 4585 censen},
2092 4515 2251 4583 quasi
2285 4531 2348 4570 ex
2387 4515 2593 4585 patria;
2641 4513 2734 4567 sed
2775 4511 3133 4585 Plistonicem,
3188 4524 3411 4573 secutus

1834 4581 2072 4636 Plinium
2102 4581 2156 4638 et
2183 4581 2469 4654 Agelliu’m.
2506 4583 2797 4655 Sicautem
2834 4583 3096 4655 Apionem
3126 4589 3411 4655 cognomi-

1834 4663 2034 4706 narunt
2090 4652 2242 4722 quod
2282 4657 2336 4708 in
2386 4654 2685 4709 certamine
2733 4652 2998 4706 litterario
3047 4652 3410 4721 saepe'victor

1833 4724 2131 4795 exstitisset
2158 4740 2170 4789 ;
2204 4740 2327 4795 quae
2356 4732 2440 4779 est
2465 4726 2759 4795 multorum
2792 4722 3094 4795 sententia:
3131 4725 3213 4795 vel
3244 4739 3272 4778 a
3310 4742 3407 4795 pa-

1832 4798 1914 4863 t_re
1963 4790 2281 4863 Plistonice;
2329 4795 2482 4863 juxta
2531 4793 2911 4848 doctissimum
2968 4790 3404 4852 Salmasium'ad

1832 4861 2238 4931 Inscriptionem
2262 4861 2496 4931 Re‘qillce,
2527 4879 2579 4931 p.
2612 4864 2681 4917 90
2705 4872 2758 4916 et
2782 4863 3098 4930 praefatione
3122 4864 3177 4917 in
3208 4866 3404 4920 librum

1838 4931 1911 5005 ρο
1946 4932 2275 5005 [tomonymis
2309 4934 2473 5005 Hyles
2507 4931 2745 5005 laniare,
2781 4934 2929 5005 p_._40
2948 4949 3013 4987 ex
3043 4933 3150 4995 his.
3183 4937 3403 5003 Opinor,

1835 4999 2271 5067 Suidm,’A7€fwv,
2315 5006 2343 5056 ὁ
2366 4999 2798 5057 ’Πλειστονίκουξ
2814 5002 3011 5056 Verum
3065 5018 3189 5057 cum
3220 4999 3430 5060 Suida-

1832 5072 2159 5127 Salmasium
2212 5074 2467 5129 refellunt
2519 5073 2771 5127 Justinus
2810 5073 3011 5142 Martyr
3034 5073 3407 5130 Cohortatione

1830 5142 1899 5194 ad
1928 5142 2161 5204 Cra-cos,
2196 5160 2251 5212 p.
2280 5145 2334 5206 9,
2372 5152 2424 5198 et
2456 5145 2748 5197 Africanus
2785 5144 2923 5210 apud
2956 5143 3247 5197 Eusebium
3280 5160 3405 5198 cum

1830 5214 1936 5285 lib._
1957 5231 1990 5268 x
2022 5211 2321 5285 Prwparat.
2347 5231 2561 5285 evang.,
2588 5230 2637 5269 c.
2672 5214 2761 5285 I0,
2799 5221 2913 5265 tum
2944 5211 3226 5285 Χρρνικῶλν
3262 5213 3406 5284 λόγῳ

1830 5283 2047 5356 πρώτῳ,
2087 5300 2209 5356 pag.
2244 5283 2334 5349 26,
2368 5282 2497 5339 dum
2539 5284 2730 5353 Aploni
2762 5291 2971 5353 patrem
3004 5282 3143 5335 dant
3178 5282 3405 5337 Posido—

1828 5368 1999 5407 ιιιιιιιι.

1902 5424 2012 5493 (6i)
2064 5424 2281 5479 Vultum
2332 5429 2385 5479 in
2432 5442 2490 5479 eo
2534 5424 2766 5479 Simonis
2796 5426 3046 5487 videntes,
3080 5431 3185 5476 etc.
3222 5422 3400 5476 lndili-

1829 5509 1960 5561 gens
2002 5504 2083 5550 est
2133 5498 2183 5549 in
2220 5498 2384 5564 hujus
2425 5497 2526 5549 loci
2560 5505 2609 5547 et
2644 5495 2851 5549 fabellae
2882 5498 3402 5564 commemoratione

1829 5565 2173 5629 Hincmarus,
2209 5561 2413 5622 relatus
2460 5568 2511 5618 in
2548 5564 2898 5619 Testimoniis
2934 5561 3207 5617 Veterum.
3264 5562 3401 5629 Lege

1829 5580 2173 5629 mncmarus,
2209 5580 2413 5622 relatus
2460 5583 2511 5618 In
2548 5580 2898 5619 ιεειιιιιοιιιις
2943 5580 3207 5617 veterum.
3264 5580 3334 5615 LP
3371 5580 3398 5617 e

1825 5635 2317 5758 ctiugn'igCedrcnum
2350 5657 2405 5711 p.
2440 5637 2561 5696 I75.
2590 5644 2643 5689 et
2678 5634 3046 5699 Anastasium,
3082 5639 3274 5703 quaest.
3305 5580 3398 5697 εἷ),

1828 5721 1880 5758 n.
1954 5726 1983 5757 ιι
2029 5720 2039 5758 ;

1828 5721 1880 5775 p.
1916 5706 2039 5763 24‘2;
