4048 6342
685 362 705 415 i
720 357 820 416 ατ

1530 351 1565 403 S
1621 348 2010 405 CLEMENTIS
2044 349 2060 402 I
2097 349 2262 408 ΗΘΜ.
2299 349 2498 404 ΡΟΝτ.
2532 348 2761 404 ΟΡΕΒΑ
2797 348 3018 403 DUBIA.

3795 351 3921 405 μη

654 485 901 530 “scmus
929 484 1283 540 exponimus,
1320 482 1381 521 ac
1433 481 1478 520 si
1511 464 1640 534 quid
1685 473 1906 534 posset,
1935 469 1994 516 ut
2019 462 2236 530 juvaret
2264 472 2307 526 Α
2339 457 2436 510 tibi
2466 458 2688 527 .amicos
2729 471 2756 510 a
2800 472 2967 526 puero
3011 457 3177 511 fuisse
3214 458 3456 522 dixeras,
3496 475 3607 514 non
3638 468 3828 513 tamen
3868 471 3923 514 ut

655 564 958 619 hortamur.
1007 560 1145 614 Tum
1199 561 1287 614 ille
1343 557 1746 627 promptissime
1796 554 2123 623 repromittit
2172 569 2231 607 se

652 672 776 712 eum
826 659 1074 726 protinus
1121 653 1454 720 fugaturum,
1508 650 1555 703 si
1591 657 1774 701 tamen
1822 645 2056 702 c0nsilio
2111 645 2232 712 ejus

653 745 819 799 etiam
854 757 954 796 nos
994 742 1388 794 adniteremur.
1424 735 1670 803 Cumque
1705 747 1804 786 nos
1847 732 2232 801 polliceremur

654 833 882 904 impigre
913 843 1107 887 cuncta
1142 840 1414 902 gesturos,
1449 831 1524 883 ait
1551 848 1561 882 :
1586 827 1771 881 Ctesar
1803 827 1854 879 in
1897 825 2030 878 urbe
2059 822 2230 875 Roma

652 935 706 979 et
735 941 827 994 per
852 925 1158 993 provincias
1185 923 1460 977 maleficos
1492 919 1694 988 inquiri
1723 918 1888 987 jussit
1912 931 1975 969 ac
2015 914 2227 984 perimi,

652 1032 717 1071 ex
747 1017 943 1084 quibus
975 1015 1192 1084 plurimi
1214 1016 1324 1081 jam
1355 1013 1617 1082 perempti
1648 1017 1795 1064 sunt.
1830 1008 1942 1078 Ego
1969 1008 2134 1076 igitur
2155 1006 2233 1060 di-

654 1108 888 1175 vulgabo
917 1123 1009 1175 per
1048 1107 1276 1168 amicos,
1312 1120 1396 1157 me
1437 1115 1494 1156 ut
1518 1105 1680 1158 istum
1735 1115 1948 1169 magum
1981 1113 2229 1167 caperem

657 1200 894 1256 venisse.
936 1205 987 1250 et
1015 1198 1084 1249 ob
1113 1197 1213 1248 hoc
1246 1195 1470 1248 missum
1508 1210 1538 1246 a
1562 1193 1794 1253 Caesare,
1828 1206 1935 1260 quo
1956 1191 2117 1243 etiam
2142 1190 2230 1244 hic

653 1304 775 1340 cum
811 1289 1022 1340 caeteris
1061 1288 1175 1340 suis
1209 1287 1374 1340 sociis
1421 1287 1700 1355 puniatur.
1737 1283 1920 1336 Vestri
1963 1297 2092 1349 ergo
2135 1282 2229 1349 qui

656 1393 780 1431 cum
817 1379 935 1445 ipso
965 1385 1090 1432 sunt
1119 1377 1330 1429 occulte
1356 1378 1508 1445 quasi
1543 1374 1904 1440 undecunque
1936 1370 2226 1432 audierint,

663 1468 902 1521 indicent
934 1467 982 1521 ei
1009 1466 1154 1536 quod
1184 1482 1284 1534 ego
1318 1465 1382 1519 ad
1433 1467 1632 1543 ipsum
1667 1464 1992 1531 capiendum
2030 1462 2228 1515 missus

655 1558 783 1620 sim,
813 1567 868 1612 et
897 1568 1102 1613 certum
1135 1566 1236 1619 est,
1268 1559 1412 1626 quod
1441 1573 1563 1611 cum
1600 1556 1850 1620 audierit,
1887 1555 2058 1623 fugiat
2091 1573 2102 1606 :
2137 1561 2228 1608 aut

651 1649 697 1702 si
728 1665 822 1703 vos
852 1649 1055 1719 aliquid
1085 1635 1280 1704 melius
1303 1649 1522 1710 videtis,
1549 1648 1734 1702 dicite.
1767 1647 1906 1713 Quid
1939 1647 2131 1715 plura?
2153 1646 2227 1698 ita

653 1739 853 1793 factum
884 1749 1013 1795 esta
1050 1742 1254 1796 nostris
1285 1742 1523 1810 quicum
1554 1740 1673 1808 ipso
1699 1747 1874 1800 erant,
1908 1738 2226 1806 explorandi

2334 563 2458 602 cum
2495 548 2715 602 Simone
2753 549 3076 615 loquereris.
3118 547 3180 601 Et
3206 559 3358 618 pater
3385 568 3400 606 :
3430 549 3686 615 Peccavi,
3725 553 3922 620 inquit,

2333 639 2527 693 fateor.
2587 639 2723 694 Tum
2765 639 3016 693 Anubion
3047 660 3059 694 :
3094 639 3158 692 Et
3203 656 3321 711 ego,
3371 643 3573 711 inquit,
3627 660 3756 697 cum
3808 647 3924 712 ipso

2333 747 2462 799 rogo
2495 738 2547 784 et
2576 731 2837 799 deprecor
2866 738 2938 795 te,
2976 739 3035 784 ut
3068 731 3321 801 ignoscas
3356 735 3496 795 seni,
3525 737 3648 788 viro
3676 736 3828 789 bono
3871 748 3923 792 et

2332 837 2630 891 generoso;
2663 821 2922 876 seductus
2950 834 3032 877 est
3072 822 3253 877 infelix
3300 833 3355 879 et
3388 827 3630 881 ludibrio
3666 827 3856 883 factus
3897 843 3925 881 a

2331 916 2610 967 nominato
2642 929 2827 983 mago;
2853 914 3030 968 dicam
3053 917 3195 968 enim
3215 919 3488 985 quomodo
3511 934 3600 973 res
3622 927 3782 987 gesta
3808 929 3892 973 est
3913 939 3923 970 ;

2332 1002 2436 1057 Ubi
2487 1005 2633 1057 venit
2690 1003 2757 1057 ad
2807 1005 3127 1060 salutandos
3167 1022 3288 1071 nos,
3335 1008 3568 1079 contigit
3609 1018 3668 1062 ut
3715 1012 3777 1062 in
3812 1011 3928 1079 ipsa

2332 1093 2464 1146 hora
2491 1093 2977 1148 circumstaremus
3014 1094 3317 1160 Simonem,
3356 1097 3646 1152 audientes
3680 1114 3814 1152 eum
3844 1100 3927 1151 di-

2331 1189 2543 1236 centem
2585 1181 2730 1250 quod
2788 1180 2973 1251 fugere
3018 1183 3149 1236 velit
3195 1184 3250 1237 in
3299 1186 3416 1254 ipsa
3462 1195 3662 1253 nocte;
3696 1188 3927 1242 audisse

2329 1271 2474 1324 enim
2511 1287 2588 1334 se,
2618 1271 2762 1340 quod
2786 1273 3032 1327 venerint
3066 1274 3287 1342 quidam
3319 1278 3482 1330 etiam
3510 1278 3578 1331 ad
3613 1279 3764 1333 hanc
3787 1279 3925 1333 Lao-

2328 1362 2485 1416 diciaa
2515 1365 2811 1430 civitatem,
2853 1366 2948 1433 qui
2977 1381 3100 1418 eum
3141 1382 3207 1419 ex
3256 1377 3526 1438 praecepto
3556 1369 3924 1440 imperatoris

2330 1454 2883 1523 comprehenderent;
2907 1457 3046 1510 velle
3070 1464 3250 1511 autem
3277 1473 3334 1513 se
3364 1459 3418 1512 in
3452 1460 3603 1514 hunc
3632 1463 3730 1530 qui
3752 1477 3926 1531 nuper

2331 1547 2614 1615 ingressus
2645 1557 2727 1602 est
2753 1547 3168 1609 Faustinianum
3208 1566 3423 1605 omnem
3458 1561 3799 1608 convertere
3842 1555 3924 1609 fu-

2329 1654 2530 1693 rorem.
2578 1637 2644 1691 Et
2680 1641 2758 1692 ait
2792 1639 2860 1692 ad
2901 1656 3045 1695 nos:
3078 1640 3336 1704 Tantum,
3380 1643 3581 1713 inquit,
3625 1662 3727 1700 vos
3763 1646 3923 1701 facite

2329 1743 2451 1782 eum
2481 1744 2702 1784 caenare
2726 1732 3034 1796 nobiscum,
3071 1741 3124 1787 et
3153 1749 3252 1804 ego
3283 1738 3622 1804 unguentum
3644 1737 3922 1807 quoddam

651 1833 823 1900 gratia
854 1833 1117 1886 simulati.
1163 1830 1262 1885 Ubi
1292 1831 1482 1884 didicit
1516 1829 1701 1884 Simon
1741 1840 1958 1883 ventum
2003 1843 2124 1883 esse
2155 1828 2221 1881 ad
2255 1818 2297 1876 Β
2327 1836 2668 1890 componam,
2704 1838 2812 1892 quo
2836 1833 3087 1880 coenatus
3120 1839 3385 1898 pcrungat
3416 1828 3614 1883 faciem
3649 1844 3835 1893 suam,
3865 1841 3921 1887 nt

651 1937 730 1983 se,
766 1931 1018 1986 tanquam
1051 1920 1240 1988 ingens
1271 1919 1373 1973 sibi
1406 1919 1726 1972 beneficium
1758 1917 2019 1998 collatum
2052 1916 2121 1969 ab
2143 1917 2222 1969 eis

651 2010 942 2077 accipiens,
974 2010 1025 2062 in
1062 2009 1240 2079 fugam
1264 2024 1456 2063 versus
1485 2017 1586 2063 est.
1632 2001 1927 2062 Discedﬁns
1960 2006 2127 2074 igitur
2155 2020 2219 2060 ex

649 2101 958 2163 Antiochia,
1001 2115 1124 2154 cum
1159 2100 1513 2156 Athenodoro
1546 2101 1653 2154 huc
1695 2098 1844 2152 venit
1888 2098 2031 2153 siuut
2063 2088 2223 2150 audi?

650 2206 847 2244 Vinius.

719 2277 849 2333 LVI.
886 2277 998 2332 IIoc
1027 2292 1161 2348 ergo
1184 2279 1360 2332 visum
1394 2287 1478 2333 est
1504 2278 1657 2332 nobis
1686 2277 1942 2332 omnibus
1972 2276 2064 2344 qui
2086 2291 2222 2346 prae-

651 2372 938 2432 cessimus,
974 2378 1030 2422 ut
1054 2371 1270 2424 interim
1286 2386 1433 2423 nunc
1447 2384 1553 2426 non
1571 2368 1836 2424 ascendas
1853 2366 2219 2430 Antiochiam,

651 2477 936 2532 usquequo
963 2462 1244 2515 videamus
1280 2461 1324 2515 si
1379 2461 1471 2514 illo
1521 2459 1832 2514 discedente
1861 2458 2044 2512 odium
2077 2455 2227 2525 quod.

651 2551 722 2607 de
746 2561 798 2608 te
839 2555 1040 2624 populo
1069 2553 1381 2615 seminavit,
1416 2552 1595 2622 aliqua
1629 2567 1693 2604 ex
1739 2558 1895 2620 parte
1935 2557 2217 2605 vacuetur.

649 2633 786 2699 Cum
818 2645 930 2699 tunc
955 2645 1284 2699 insinuasset
1315 2644 1361 2698 is
1406 2643 1498 2712 qui
1526 2642 1602 2696 de
1644 2641 1936 2694 Antiochia
1972 2647 2219 2704 venerat,

653 2730 850 2788 Petrus
891 2734 1192 2802 respiciens
1219 2732 1286 2786 ad
1318 2739 1526 2801 patrem
1559 2739 1807 2785 nostrum
1840 2732 1916 2783 ait
1953 2749 1967 2784 :
2000 2727 2215 2782 Fausti-

651 2823 836 2887 niane,
888 2841 918 2878 a
978 2825 1200 2877 Simone
1244 2820 1402 2892 Mago
1431 2821 1855 2878 transformatus
1904 2827 1991 2874 est
2040 2820 2223 2876 vultus

651 2920 807 2976 tuus,
843 2915 986 2968 sicut
1025 2921 1282 2984 apparet;
1342 2921 1538 2980 putans
1568 2914 1712 2966 enim
1762 2912 1910 2981 quod
1951 2926 1979 2963 a
2009 2911 2222 2964 Caesare

655 3014 988 3073 quaereretur
1015 3005 1077 3056 ad
1109 3017 1345 3071 poenam,
1376 3003 1600 3058 territus
1633 3003 1768 3070 fugit
1810 3009 1864 3057 et
1905 3015 2066 3057 suum
2105 2999 2224 3053 vul-

654 3100 767 3145 tum
792 3093 889 3145 tibi
933 3093 1210 3160 imposuit,
1243 3092 1290 3146 si
1317 3091 1454 3146 forte
1478 3102 1534 3146 tu
1568 3107 1666 3162 pro
1696 3093 1815 3162 ipso
1849 3090 2124 3160 capereris
2164 3093 2223 3166 et

2322 1927 2388 1966 ex
2415 1926 2481 1967 eo
2509 1927 2688 1968 meum
2720 1914 2930 1969 vultum
2961 1916 3221 1972 omnibus
3254 1918 3458 1974 habere
3493 1921 3794 1988 videatur;
3830 1941 3920 1980 vos

2323 1990 2502 2056 autem
2549 2002 2733 2058 herba:
2778 2004 3066 2072 cujusdam
3103 2022 3270 2062 succo
3319 2009 3490 2064 facies
3535 2015 3920 2082 perungemni

2323 2091 2500 2161 prius,
2535 2103 2592 2147 ut
2618 2109 2726 2147 non
2758 2093 3022 2148 fallamini
3055 2097 3122 2151 de
3154 2097 3534 2156 immutatione
3563 2103 3758 2158 vultus
3779 2105 3916 2172 ejus,

2323 2184 2397 2236 ita
2430 2192 2506 2246 ut,
2544 2184 2788 2256 exceptis
2812 2185 2986 2248 vobis,
3024 2186 3146 2242 aliis
3183 2189 3440 2244 omnibus
3467 2188 3664 2246 Simon
3691 2207 3820 2247 esse
3843 2194 3919 2244 vi-

2320 2274 2534 2330 deatur.

2391 2363 2526 2421 LIX.
2566 2367 2797 2447 ~Etcum
2844 2369 2932 2424 ille
2992 2371 3105 2425 haec
3151 2371 3361 2427 diceret
3400 2372 3488 2425 aio
3533 2374 3602 2427 ad
3650 2390 3780 2429 eum
3813 2392 3828 2429 :
3857 2372 3916 2430 Et

2323 2458 2452 2527 quid
2490 2459 2586 2514 tibi
2609 2475 2672 2514 ex
2697 2460 2800 2514 hoc
2826 2459 2969 2517 facto
3001 2462 3284 2517 confertur
3310 2465 3483 2519 lucri?
3505 2464 3650 2518 Tum
3684 2467 3913 2538 Simon:

2322 2548 2528 2613 Primo,
2579 2552 2777 2620 inquit,
2832 2562 2888 2606 ut
2941 2553 3121 2622 ipsum
3175 2556 3651 2624 comprehendant
3691 2558 3792 2626 qui
3827 2571 3908 2612 me

2322 2650 2596 2711 quaerunt,
2624 2650 2678 2696 et
2713 2658 2797 2697 me
2826 2643 3081 2696 desinant
3113 2660 3373 2714 quaerere.
3419 2644 3475 2699 Si
3514 2661 3644 2701 vero
3689 2649 3914 2716 punitus

2323 2731 2490 2786 fuerit
2516 2747 2545 2786 a
2576 2732 2813 2797 Casare,
2847 2744 2905 2787 ut
2948 2735 3156 2788 luctum
3191 2736 3488 2789 maximum
3533 2738 3778 2792 habeant
3823 2741 3911 2792 filii

2323 2814 2428 2886 sui,
2460 2824 2576 2893 qui,
2614 2826 3012 2892 tne-derelicto,
3047 2825 3419 2896 confugerunt
3467 2827 3535 2881 ad
3581 2827 3814 2883 Petrum
3863 2840 3914 2883 et

2321 2923 2450 2968 sunt
2481 2915 2640 2968 modo
2680 2915 2960 2983 adjutores
3001 2918 3196 2986 ipsius.
3245 2917 3356 2989 Ego
3401 2929 3583 2974 autem
3612 2957 3614 2959 ›
3647 2922 3916 2976 conﬁteor

2322 3004 2655 3071 tibi,'Petre,
2686 3008 2831 3077 quod
2849 3025 3034 3063 verum
3064 3018 3180 3075 est;
3203 3011 3358 3065 timui
3392 3020 3519 3065 tunc
3548 3009 3915 3068 Faustinianu

2331 3095 2580 3152 indicare
2607 3097 2744 3161 haec,
2779 3100 2870 3154 sed
2910 3115 3086 3169 neque
3121 3094 3357 3171 spatium
3389 3104 3548 3156 nobis
3571 3104 3688 3173 ipse
3723 3099 3930 3176 Simon~

655 3183 723 3237 ad
749 3191 977 3238 mortem
1009 3157 1131 3237 duci
1165 3198 1376 3253 posses,
1411 3191 1468 3237 ut
1499 3157 1622 3237 filiis
1648 3157 1755 3236 tuis
1795 3157 2072 3236 tristitiam
2100 3159 2218 3233 mo-
2241 3157 2285 3215 ο
2316 3185 2486 3253 dedit,
2521 3196 2580 3242 ut
2609 3203 2894 3257 possemus
2924 3157 3191 3246 εεέτεῃιίε
3217 3193 3359 3262 loqui
3383 3201 3436 3248 et
3456 3157 3672 3264 pleni-us
3701 3199 3755 3250 ei
3782 3212 3912 3252 oon.

651 3283 823 3328 veret.
875 3273 1034 3328 Pater
1067 3275 1318 3329 vero-ubi
1354 3275 1465 3328 haec
1507 3273 1735 3339 audivit,
1781 3288 1904 3327 cum
1958 3272 2215 3342 lacrymis
2317 3279 2504 3334 silium
2547 3278 2790 3336 Simonis
2818 3285 3052 3352 aperire.
3083 3284 3292 3339 Interea
3316 3286 3463 3340 circa
3507 3288 3744 3342 mediam
3781 3306 3915 3344 noc-

654 3365 965 3419 exclamans
991 3382 1004 3416 :
1030 3364 1215 3428 Recte,
1248 3365 1446 3434 inquit,
1478 3364 1780 3429 aestimasti,
1805 3362 1979 3426 Petre,
2013 3379 2135 3418 nam
2164 3371 2216 3416 et
2317 3380 2451 3435 tem,
2482 3371 2668 3427 Simon
2699 3373 2940 3429 Judmam
2976 3385 3170 3447 petens
3211 3377 3442 3449 aufugit.
3469 3378 3699 3435 Deduxi;
3725 3389 3909 3438 autem

654 3456 907 3510 Anubion
931 3458 1057 3524 quia
1091 3456 1218 3509 mihi
1243 3457 1395 3510 valde
1419 3457 1797 3518 amicuserat,
1827 3458 1928 3512 sub
1958 3457 2215 3526 mysterio
2325 3477 2453 3516 eum
2494 3463 2881 3520 Athenodorus
2909 3476 2962 3522 et
2999 3468 3232 3538 Appion,
3280 3485 3378 3540 ego
3425 3478 3606 3525 autem
3654 3472 3909 3526 simulavi

653 3542 888 3612 quodam
917 3544 1047 3618 mihi
1072 3543 1312 3597 indicare
1342 3554 1580 3613 (imperat
1612 3544 1677 3597 de
1699 3544 1911 3596 inSidiiS
1933 3543 2074 3611 eius.
2119 3542 2212 3596 58d
2314 3551 2736 3622 inaequalitatem
2764 3560 3034 3626 corporis,
3068 3568 3126 3612 ut
3154 3561 3299 3614 domi
3346 3577 3644 3617 remanens
3667 3563 3908 3618 facerem

653 3635 839 3690 infelix
873 3651 980 3690 non
1000 3636 1318 3705 credebam,
1345 3637 1476 3705 quia
1507 3636 1645 3690 nihil
1684 3637 1739 3690 in
1767 3651 1891 3689 eum
1926 3635 2214 3690 commise-
2314 3644 2461 3702 hunc
2490 3647 2730 3702 velocius
2769 3648 2840 3703 ad
2863 3665 2959 3704 vos
3000 3650 3200 3719 redire,
3232 3652 3280 3707 si
3321 3651 3464 3726 forte
3506 3654 3683 3722 possit
3713 3655 3908 3726 aliqua

653 3741 768 3779 ram
801 3727 947 3780 mali.

722 3815 878 3870 LVII.
903 3818 1149 3888 Cumque
1181 3833 1368 3874 omnes
1405 3833 1512 3872 una
1553 3833 1674 3873 cum
1722 3825 1874 3887 patre
1903 3817 2123 3874 tristitia
2161 3827 2216 3882 et

650 3906 902 3979 hcrymis
925 3924 1228 3978 ageremur,
1255 3911 1459 3963 interea
1484 3916 1535 3960 et
1560 3909 1810 3963 Anubion
1835 3909 1978 3962 venit
2006 3910 2072 3963 ad
2090 3910 2211 3972 nos,

651 3996 898 4052 indicans
951 3999 1108 4054 nobis
1140 3997 1414 4072 Simonem
1460 4001 1664 4068 fugisse
1716 4015 1812 4067 per
1861 4007 2093 4063 noctem,
2125 3998 2213 4052 Ju-

648 4087 820 4141 dcam
869 4097 1165 4157 petentem.
1211 4088 1415 4145 Videtis
1459 4097 1643 4145 autem
1701 4100 1905 4159 patrem
1964 4100 2210 4146 nostrum

647 4175 987 4246 plangentem
1017 4185 1070 4232 et
1108 4179 1490 4233 lamentantem
1523 4193 1582 4232 se
1604 4194 1668 4233 ac
1688 4168 1956 4234 dicentem
1991 4199 2004 4233 :
2034 4178 2214 4235 Infeli-

645 4280 763 4319 rem
795 4282 900 4327 me.
939 4269 1031 4338 qui
1063 4283 1187 4321 eum
1213 4283 1426 4339 magum
1461 4270 1689 4325 audiens
1739 4285 1848 4323 non
1890 4257 2209 4339 credebam;

643 4356 775 4427 quid
803 4359 933 4437 mihi
971 4360 1170 4428 misero
1195 4363 1411 4425 accidit,
1443 4371 1503 4417 ut
1542 4378 1647 4418 una
1680 4364 1768 4418 die
1801 4366 2112 4437 recognitus
2136 4366 2209 4420 ab

645 4436 886 4523 uxore'et
916 4451 1066 4517 filiis,
1093 4453 1264 4510 laetari
1296 4471 1401 4510 non
1443 4455 1712 4526 potuerim
1739 4457 1986 4535 cumeis,
2019 4456 2114 4513 sed
2141 4457 2207 4512 ad
2240 4487 2284 4542 Β

641 4541 852 4610 priores
888 4543 1138 4598 miserias
1181 4560 1320 4614 quas
1359 4545 1414 4599 in
1445 4555 1644 4601 errore
1668 4547 1891 4616 pertuli,
1932 4549 2207 4604 revolutus

641 4631 782 4686 sim?
810 4630 981 4686 Mater
1009 4640 1190 4688 autem
1221 4635 1392 4690 multo
1416 4637 1637 4707 gravius
1679 4640 1979 4707 sparsis‘et
2000 4639 2208 4694 lacera-

637 4728 710 4781 tis
740 4727 985 4796 crinibus
1019 4728 1340 4800 plangebat;
1370 4747 1471 4787 nos
1489 4748 1708 4804 quoque
1732 4734 1787 4787 in
1809 4727 2207 4804 permutatione

635 4819 819 4906 v’ultus
873 4820 1041 4889 patris
1092 4828 1375 4892 stupentes
1421 4824 1579 4894 quasi
1621 4825 1837 4878 attoniti
1883 4840 2103 4883 eramus
2153 4835 2206 4884 et

635 4918 899 4976 amentes,
942 4927 1042 4967 nec
1069 4914 1199 4983 quid
1243 4914 1327 4970 rei
1364 4921 1508 4972 esset
1538 4916 1839 4987 intelligere
1866 4924 2199 4988 poteramus.

631 4998 742 5082 Sed
761 5010 827 5059 .et
853 5000 1104 5060 Anubion
1135 5020 1326 5061 omnes
1361 5022 1463 5063 nos
1492 5008 1571 5076 ita
1608 5008 1799 5066 videns
1830 4997 2022 5082 afﬂigi,
2052 5010 2204 5075 velut

630 5095 1047 5151 mutusstabat.
1081 5092 1462 5166 TuaePetms
1491 5099 1857 5156 nos-intuens
1900 5100 2041 5156 filios
2077 5102 2199 5170 ejus

629 5182 706 5235 ait
728 5201 751 5237 ς
785 5183 914 5238 libi
943 5185 1171 5251 credite,
1210 5186 1357 5257 quod
1389 5187 1479 5244 hic
1516 5191 1633 5260 ipse
1672 5199 1759 5246 est
1792 5198 1948 5262 pater
1983 5181 2196 5258 vester;

627 5279 849 5344 promer
876 5273 1020 5344 quod
1049 5282 1104 5330 et
1131 5265 1468 5352 moneo‘vos,
1504 5287 1564 5335 ut
1594 5283 1750 5351 quasi
1774 5289 1982 5357 patrem
2011 5291 2196 5340 served

2314 3737 2477 3792 modo
2519 3740 2785 3794 occultari
2823 3741 2966 3810 apud
2998 3756 3096 3796 vos
3117 3782 3133 3806 ,
3171 3759 3242 3798 ne
3270 3734 3341 3798 ab
3369 3743 3459 3798 his
3487 3747 3579 3817 qui
3622 3745 3906 3802 Simonem

2310 3837 2562 3898 quaerunt
2585 3831 3033 3915 comprehensus,
3066 3836 3136 3889 ad
3165 3835 3436 3891 Caesarem
3473 3839 3810 3908 perducatur
3845 3851 3912 3895 et,

2311 3929 2496 3988 pereat
2519 3921 2716 3990 gratis,
2741 3932 2794 3978 et
2821 3939 2969 3978 nunc
2996 3925 3265 3982 sollicitus
3290 3942 3391 3997 pro
3420 3928 3542 3997 ipso
3570 3932 3695 3985 veni
3716 3932 3902 3989 videre

2297 4010 2435 4063 'eum
2458 4018 2511 4064 et
2540 4011 2718 4067 redire
2746 4022 3035 4084 antequam
3064 4019 3450 4087 supervenient
3469 4021 3545 4074 illi
3565 4061 3582 4084 ,
3607 4023 3714 4092 qui
3730 4023 3920 4080 dede:

2312 4119 2510 4164 xerunt
2542 4109 2840 4167 Simonem.
2864 4111 2930 4167 Et
2960 4128 3261 4172 conversus
3287 4118 3354 4172 ad
3377 4135 3478 4174 nos
3503 4121 3767 4177 Anubion
3790 4125 3896 4180 ait:

2310 4197 2423 4270 Ego
2436 4199 2688 4256 Anubion
2706 4203 2872 4273 patris
2890 4205 3057 4260 vestri
3076 4223 3262 4263 verum
3280 4210 3485 4264 vultum
3508 4211 3670 4285 video
3685 4229 3890 4278 revera,

2308 4291 2435 4358 quia
2458 4299 2759 4361 perunctus
2781 4308 2900 4347 sum
2941 4297 3095 4365 prius
3124 4297 3194 4352 ab
3213 4299 3330 4368 ipso
3353 4298 3576 4356 Simone
3598 4303 3745 4357 sicut
3775 4320 3895 4360 nar-

2308 4383 2424 4436 ravi
2443 4383 2615 4446 vobis,
2635 4390 2693 4436 ut
2708 4387 2881 4440 oculis
2898 4387 3035 4442 meis
3051 4404 3175 4443 vera
3190 4388 3531 4448 Faustiniani
3551 4394 3724 4452 facies
3739 4413 3895 4468 appa-

2311 4482 2476 4538 reret,
2501 4476 2644 4530 unde
2675 4477 2811 4534 satis
2833 4485 3028 4549 stupeo
3056 4488 3111 4536 et
3149 4480 3394 4538 admiror
3434 4494 3613 4542 artem
3652 4484 3892 4546 Simonis

2311 4561 2475 4632 Magi,
2509 4564 2654 4633 quod
2681 4580 2778 4620 vos
2798 4574 3010 4622 stantes
3035 4569 3198 4624 modo
3221 4587 3329 4628 non
3352 4576 3656 4644 agnoscitis
3684 4588 3889 4649 patrem

2308 4660 2575 4710 vestrum.
2609 4653 2890 4713 Flentibus
2917 4665 3099 4714 autem
3130 4671 3283 4730 patre
3311 4675 3364 4719 et
3403 4674 3578 4724 matre
3635 4683 3700 4724 ac
3732 4670 3889 4733 nobis

2307 4745 2561 4801 omnibus
2583 4762 2683 4817 pro
2707 4749 2790 4804 his
2821 4755 2942 4820 quae
2970 4748 3310 4823 acciderant,
3327 4767 3512 4815 motus
3535 4756 3890 4820 miseratione

2302 4837 2468 4889 etiam
2498 4836 2754 4894 Anubion
2782 4838 2967 4898 ﬂebat.
3440 4845 3445 4849 ’

2372 4925 2484 4984 LX.
2506 4926 2646 4982 Tum
2677 4927 2895 4997 Petrus,
2917 4936 3294 4994 misericordia
3315 4934 3628 5009 permotus,
3655 4946 3885 5002 restitn-

2299 5025 2483 5074 turum
2514 5031 2572 5075 se
2602 5021 2871 5092 promittit
2902 5023 3093 5083 faciem
3133 5013 3308 5100 patris
3344 5034 3542 5097 nostri,
3600 5036 3793 5094 dicens
3821 5039 3883 5093 ad

2298 5123 2424 5164 eum
2453 5127 2467 5163 :
2495 5109 3066 5194 Au_di,_Fatistiniane,
3088 5125 3216 5176 cum
3259 5107 3418 5177 nobis
3447 5125 3604 5194 prius
3629 5127 3882 5185 utilitatis

2296 5189 2820 5269 aliquid‘coatule'rit
2843 5219 2998 5261 error
3034 5203 3137 5264 iste
3167 5189 3545 5277 transformati
3587 5218 3779 5281 vultu
3807 5221 3883 5275 ω

2295 5282 2351 5346 et
2381 5290 2892 5363 ministraverit.“
2919 5310 2981 5366 ea
3014 5313 3138 5374 quae
3166 5300 3442 5368 volumus,
3483 5315 3616 5364 tunc
3643 5322 3745 5381 ego
3795 5307 3884 5364 ve-

625 5365 698 5472 tis
719 5380 862 5467 eum.
895 5364 1223 5472 [labitenim
1252 5367 1395 5429 Deus
1420 5375 1764 5430 occasionem
1791 5376 2053 5446 aliquam,
2083 5392 2192 5447 qua
2289 5396 2410 5437 ram
2429 5381 2530 5438 tibi
2548 5385 2732 5441 vultus
2760 5385 2838 5442 tui
2861 5364 3146 5468 imaginem
3161 5364 3487 5461 ntidamai
3515 5364 3708 5472 tame;
3728 5402 3878 5471 prius

623 5453 885 5526 deposito.
909 5455 1151 5552 Simonis
1173 5461 1326 5516 vultu
1353 5463 1658 5534 evidentem
1691 5468 1864 5537 patris
1907 5469 2113 5533 vestri,,
2133 5469 2190 5526 id
2292 5466 2415 5542 qua
2435 5487 2470 5528 a
2498 5488 2584 5529 me
2601 5476 2718 5531 tibi»
2733 5466 2935 5533 fuerint
2957 5453 3245 5550 imperata,

622 5550 708 5625 est
735 5560 890 5625 suam
909 5587 924 5612 ,
957 5549 1479 5623 recuperareposslt
1506 5553 1754 5625 efﬁgiem:

675 5622 867 5690 LVIII.
896 5632 1056 5693 Et‘ad
1087 5636 1294 5709 patrem
1307 5622 1623 5714 conversus
1653 5644 1727 5699 ait
1761 5664 1775 5700 :
1811 5625 1920 5717 Ego
1942 5647 2040 5702 tibi
2066 5662 2192 5719 per-

2294 5578 2403 5634 que
2420 5571 2582 5636 pater
2607 5561 2766 5626 mens
2806 5567 3165 5640 impleturum:
3191 5561 3258 5631 se
3278 5585 3480 5632 uincta
3508 5588 3638 5652 qua!
3661 5582 3876 5653 iuberi

2293 5654 2446 5711 omni
2473 5657 2820 5748 promitteret
2847 5659 2997 5726 nisu,
3026 5660 3237 5739 autem
3264 5671 3327 5724 ut
3649 5690 3875 5748 recepe-

621 5727 874 5803 niiseram
912 5728 1150 5788 salutare
1187 5731 1488 5803 Appionem
1532 5741 1587 5789 et
1631 5735 1996 5802 Anubionem,
2046 5752 2186 5808 quos
2288 5751 2436 5802 reret
2465 5744 2965 5824 diiqiernLPetr'as'
3001 5753 3078 5810 ita
3299 5776 3319 5814 ι
