4078 6336
204 372 344 429 m9
1399 358 1961 419 RECOGNITIONUM
2013 357 2139 416 LIB.
2174 358 2238 415 χ.
3318 372 3458 431 μω

200 484 407 542 “dist;
437 482 583 554 quod
613 496 757 537 unus
794 496 859 536 ex
882 478 971 535 his
994 479 1087 549 qui
1127 476 1394 549 pramissi
1426 478 1664 545 fuerant,
1698 492 1781 533 re-
1805 482 1853 540 Α
1882 484 1991 529 tres
2022 488 2171 530 meos
2202 474 2479 545 proﬁcisci
2513 490 2638 531 cum
2672 478 2792 549 ipso
2815 481 2991 553 jubet,
3017 502 3081 542 ac
3112 488 3452 547 Matthidiam

196 592 423 651 gressus
446 590 515 631 ex
541 574 853 637 Antiochia,
884 572 1243 634 nuntiaverit,
1274 569 1549 641 quomodo
1587 569 1776 626 Simon
1882 573 2111 621 matrem
2147 577 2392 622 nostram
2421 575 2475 624 et
2497 570 2765 639 quosdam
2790 590 2855 629 ex
2880 575 3243 639 familiaribus
3264 585 3449 639 είωυι,

199 655 753 741 ibi.posims’mrbas
784 669 1073 722 adversum
1098 680 1184 719 me
1213 664 1594 725 αθηνίιθνθτίι,
1616 672 1779 734 atque
1883 652 1990 713 Sed
2032 664 2206 711 mater
2258 659 2551 741 recusabat
2602 662 2881 731 proﬁcisci
2920 670 3086 725 simul
3133 681 3189 728 et
3227 675 3447 731 aiebat:

194 762 253 817 in
271 762 456 817 odium
481 761 587 817 mei
609 767 775 815 totam
798 757 1212 814 inﬂammaverit
1226 756 1534 826 civitatem};
1560 766 1763 826 magum

1879 747 2049 815 Quasi
2078 749 2326 805 adultera
2357 750 2490 805 mihi
2527 751 2713 809 futura
2744 757 2955 825 videor,
2991 762 3038 816 si
3068 764 3239 820 vultui
3271 767 3455 821 Simo-

195 871 287 911 me
312 862 368 911 et
391 852 719 910 homicidam
743 867 808 906 ac
831 850 1177 920 deceptorem
1205 848 1557 912 confirmans,
1580 849 1635 903 in
1659 856 1779 903 tan-
1877 837 1966 894 Itis
2003 839 2299 911 conjuncta
2336 844 2478 911 sim;
2503 847 2649 921 quod
2679 848 2782 903 etsi
2810 864 2977 922 cogar
3018 856 3181 909 simul
3216 857 3317 924 ire,
3350 860 3454 912 im-

196 955 315 1003 tum
349 957 409 1002 ut
427 946 757 1009 desiderent,
782 945 829 1000 si
857 960 944 999 me
966 943 1207 1007 videant,
1226 942 1388 997 etiam
1412 956 1606 998 carnes
1628 958 1763 999 mea!

1875 935 2138 1025 possibile
2167 944 2349 993 tamen
2379 948 2465 995 est
2492 949 2551 995 ut
2594 943 2649 997 in
2691 946 2880 1001 eodem
2914 948 3116 1004 lectulo
3159 966 3286 1007 cum
3330 957 3451 1025 ipso

194 1038 482 1095 devorare.
509 1036 617 1094 Fac
639 1052 769 1108 ergo
791 1036 935 1107 quod
963 1035 1087 1090 dico
1118 1034 1247 1089 tibi:
1279 1035 1595 1105 relinquens
1627 1035 1773 1105 apud
1870 1024 2106 1095 iaceam.
2138 1028 2232 1085 sed
2264 1032 2454 1086 neseio
2486 1034 2532 1086 si
2564 1034 2646 1088 vel
2683 1037 2955 1105 proﬁcisci
3004 1040 3169 1096 simul
3200 1024 3453 1114 acquieg-

196 1147 284 1189 me
304 1132 662 1194 Clementem,
689 1130 937 1201 praecede
961 1143 1063 1183 nos
1094 1126 1439 1185 Antiochiam
1478 1142 1602 1181 cum
1637 1142 1773 1181 con-

189 1224 321 1297 juge
357 1232 451 1279 tua
489 1234 543 1281 et
573 1223 776 1280 Fausto
832 1238 896 1278 ac
941 1222 1202 1277 Faustino
1238 1223 1365 1277 ﬁliis
1406 1224 1538 1278 tuis.
1572 1220 1677 1277 Sed
1720 1230 1774 1275 et

194 1319 335 1374 alios
381 1320 591 1373 mittam
632 1325 835 1381 tecum,
866 1331 1007 1386 quos
1050 1316 1183 1370 mihi
1211 1314 1508 1379 videbitur,
1550 1314 1643 1385 qui
1672 1313 1771 1367 ob-

191 1417 497 1480 temperent
529 1409 614 1463 his
644 1423 764 1478 qua:
794 1422 1125 1478 prmcepero.

264 1500 401 1556 LXI.
428 1502 566 1555 Cum
592 1515 726 1571 ergo
760 1516 868 1554 una
899 1515 1022 1555 cum
1056 1498 1193 1570 ipsis
1226 1497 1571 1552 Antiochiam
1604 1513 1769 1553 vene-

190 1594 291 1658 ris,
341 1592 783 1664 quandoquidem
835 1590 1023 1646 Simon
1072 1591 1298 1653 videris,
1348 1589 1565 1661 publice
1613 1596 1766 1645 stans

189 1686 427 1748 praedica
461 1683 844 1756 pmnitentiam
870 1691 1020 1737 tuam
1049 1692 1103 1737 et
1133 1681 1260 1737 dic:
1288 1680 1399 1751 Ego
1432 1678 1620 1733 Simon
1670 1680 1765 1735 de-

188 1776 386 1836 nuntio
439 1776 595 1830 vobis
648 1783 703 1830 et
743 1774 1009 1829 confiteor
1064 1789 1151 1829 me
1181 1774 1365 1828 omnia
1405 1773 1660 1829 fefellisse
1698 1772 1765 1827 de

1875 1132 2016 1175 cam.
2050 1118 2117 1173 Et
2144 1136 2268 1175 cum
2297 1123 2455 1179 valde
2496 1134 2771 1189 renueret.
2799 1131 3055 1187 Anubion
3092 1132 3297 1191 hortari
3329 1153 3449 1194 eam

1873 1212 2062 1282 coepit,
2086 1214 2276 1270 dicens
2300 1234 2313 1271 :
2348 1216 2524 1273 Crede
2547 1220 2679 1273 mihi
2713 1230 2768 1274 et
2796 1220 2981 1288 Petro,
3009 1225 3101 1280 sed
3130 1234 3185 1281 et
3209 1226 3327 1297 ipsa
3350 1243 3454 1283 vox

1874 1317 1982 1356 non
2037 1305 2134 1359 tibi
2181 1302 2598 1364 Faustinianum
2656 1326 2780 1367 esse
2824 1315 3117 1383 persuadet
3160 1319 3453 1390 conjugem

1874 1401 2067 1455 tuum?
2096 1414 2259 1471 quem
2288 1417 2416 1457 vere
2443 1418 2554 1458 non
2603 1404 2788 1463 minus
2826 1424 2928 1480 ego
2977 1410 3143 1482 diligo
3173 1428 3338 1483 quam
3372 1422 3451 1470 tu.

1871 1494 2116 1563 Denique
2145 1492 2309 1548 etiam
2354 1509 2456 1565 ego
2488 1497 2605 1565 ipse
2635 1498 2919 1555 vobiscum
2954 1503 3191 1559 veniam.
3236 1504 3300 1560 Et
3328 1522 3453 1561 cum

1868 1582 1987 1638 haec
2014 1583 2243 1638 dixisset
2265 1583 2541 1651 Anubion,
2575 1590 2825 1657 promisit
2851 1600 3023 1647 mater
3044 1593 3208 1649 simul
3238 1611 3299 1652 se
3328 1613 3457 1668 pro-

1868 1674 2009 1729 fectu
2016 1690 2131 1728 ram
2142 1714 2155 1729 .

1937 1766 2121 1823 LXIII.
2154 1766 2294 1823 Tum
2322 1784 2443 1841 ego,
2475 1769 2884 1842 Competcnter,
2921 1776 3031 1842 aio,
3061 1776 3204 1835 Deus
3236 1782 3452 1852 negotia

185 1866 381 1935 Petro;
415 1868 506 1921 ille
531 1867 677 1943 enim
702 1881 881 1937 neque
903 1866 1161 1921 seductor
1190 1876 1291 1929 est,
1322 1862 1500 1935 neque
1548 1880 1763 1935 magus,
1800 1858 1841 1919 Β
1870 1867 2058 1914 nostra
2089 1862 2396 1929 componit;
2420 1862 2698 1936 habemus
2724 1864 2869 1919 enim
2896 1867 3182 1923 nobiscum
3214 1878 3269 1925 et
3300 1871 3455 1924 Anu-

187 1971 368 2027 neque
395 1955 688 2016 homicida,
723 1970 899 2025 neque
924 1954 1120 2009 horum
1169 1951 1378 2023 aliquid
1425 1965 1771 2022 quaecunque
1804 1990 1807 1991 ν

187 2061 379 2106 contra
410 2063 535 2103 eum
570 2048 782 2102 locutus
809 2062 953 2110 sum,
988 2045 1083 2101 sed
1113 2045 1229 2100 dixi
1258 2044 1349 2098 illa
1372 2045 1554 2098 omnia
1586 2042 1771 2098 furore

186 2148 523 2197 commotus.
571 2139 813 2193 Obsecro
841 2152 973 2208 ergo
1000 2153 1101 2193 vos
1141 2137 1259 2207 ipse
1284 2150 1404 2206 ego,
1436 2134 1530 2203 qui
1562 2131 1770 2186 dudum

183 2248 385 2289 causas
414 2232 527 2287 odii
558 2230 709 2285 vobis
735 2237 928 2284 contra
956 2244 1079 2284 eum
1112 2226 1389 2291 dederam,
1419 2231 1480 2279 ut
1504 2225 1636 2279 nihil
1663 2220 1770 2280 tale

181 2324 251 2381 de
279 2340 349 2381 eo
378 2324 661 2391 sentiatis;
695 2323 791 2379 sed
822 2322 1081 2394 deponite
1111 2321 1320 2383 odium,
1344 2327 1557 2376 cessate
1576 2319 1645 2373 ab
1684 2320 1769 2373 in-

184 2415 527 2487 dignatione,
553 2416 682 2485 quia
713 2428 839 2471 vere
862 2428 893 2467 a
927 2412 1035 2468 Deo
1068 2410 1135 2466 ad
1166 2410 1399 2467 salutem
1423 2408 1614 2463 mundi
1644 2406 1767 2463 mis-

183 2524 282 2565 sus
296 2515 385 2564 est
396 2508 703 2578 discipulus
721 2507 834 2563 veri
853 2505 1137 2576 Propheta:
1148 2510 1202 2557 et
1220 2502 1518 2573 apostolus.
1538 2500 1767 2572 Propter

182 2598 332 2669 quod
379 2600 606 2665 suadeo,
641 2600 832 2653 hortor
860 2604 917 2652 et
957 2610 1153 2651 moneo
1183 2602 1243 2649 ut
1268 2596 1451 2665 ipsum
1502 2592 1762 2655 audiatis,

185 2687 289 2757 ipsi
332 2687 570 2743 credatis
612 2687 928 2758 praedicanti
969 2686 1123 2740 vobis
1159 2685 1467 2748 veritatem,
1516 2698 1585 2738 ne
1625 2684 1766 2737 forte

182 2779 232 2833 si
254 2780 577 2849 spreveritis
611 2794 758 2843 eum,
788 2780 908 2849 ipsa
939 2777 1104 2832 etiam
1137 2777 1322 2832 subito
1349 2776 1543 2831 civitas
1582 2784 1763 2831 vestra

183 2878 393 2939 pereat.
423 2868 597 2935 Quam
625 2885 757 2924 vero
785 2868 857 2924 ob
894 2882 1117 2923 causam
1150 2866 1267 2920 haec
1293 2882 1440 2921 nunc
1460 2867 1614 2922 vobis
1631 2882 1764 2922 con-

185 2959 360 3027 ﬁtear,
398 2960 671 3014 indicabo.
697 2958 808 3013 Hac
831 2965 991 3014 nocte
1012 2958 1239 3027 angelus
1266 2956 1359 3012 Dei
1390 2958 1657 3028 corripuit
1676 2973 1762 3013 me

183 3052 439 3122 impium,
467 3061 520 3107 et
563 3067 662 3105 cur
703 3050 959 3105 inimicus
996 3065 1176 3104 essem
1214 3049 1459 3105 veritatis
1497 3051 1759 3119 praeconi,

181 3145 664 3201 vehementissime
681 3142 970 3213 ﬂagellavit
986 3142 1399 3223 (62).Deprecor
1415 3158 1546 3211 ergo
1562 3158 1680 3204 vos,
1702 3149 1762 3197 ut

182 3238 399 3294 etiamsi
431 3252 530 3307 ego
562 3236 678 3306 ipse
708 3202 831 3305 post
878 3202 1003 3289 haec‘
1038 3202 1263 3291 veniens
1298 3236 1366 3290 ad
1411 3202 1509 3290 vos
1549 3202 1758 3306 aliquid
1788 3202 1830 3261 ο

183 3338 463 3385 tentavero
494 3330 783 3385 adversum
814 3327 1036 3383 Petrum
1082 3328 1285 3392 dicere,
1319 3343 1387 3382 ne
1418 3329 1755 3398 suscipiatis,

182 3436 285 3480 nec
334 3420 591 3475 credatis.
645 3419 921 3474 Confiteor
953 3420 1097 3473 enim
1149 3419 1341 3484 vobis,
1396 3434 1496 3490 ego
1544 3435 1756 3489 magus,

182 3529 286 3583 ego
333 3514 611 3575 seductor,
662 3528 762 3583 ego
790 3513 1045 3581 deceptor
1092 3510 1192 3575 fui,
1239 3512 1333 3567 sed
1382 3513 1759 3582 pmpitentiam

181 3620 319 3676 ago;
349 3605 474 3660 licet
502 3605 646 3660 enim
683 3619 781 3675 per
819 3604 1195 3674 pcenitentiam
1226 3604 1406 3674 priora
1436 3605 1576 3659 male
1607 3612 1758 3675 gesta

183 3699 393 3757 delere.

250 3791 410 3848 LXII.
432 3791 566 3848 Cum
587 3792 701 3845 haec
722 3790 917 3846 Petrus
939 3790 1214 3845 intimaret
1236 3789 1399 3859 patri,
1418 3788 1505 3843 ille
1532 3803 1760 3858 respon-

180 3887 259 3939 dit
288 3928 301 3940 .
329 3884 457 3939 Scio
481 3884 610 3954 quid
639 3885 795 3951 velis,
827 3899 895 3937 ne
913 3883 1125 3939 labores
1152 3883 1329 3945 ultra;
1357 3882 1595 3937 intellexi
1614 3883 1759 3937 enim

179 3986 233 4033 et
252 3979 402 4041 novi,
433 3977 562 4044 quid
587 3984 834 4047 oporteat
866 3991 989 4031 cum
1020 3976 1087 4029 ad
1120 3976 1300 4029 locum
1327 3989 1549 4037 venero,
1572 3990 1760 4046 prose-

179 4069 296 4141 qui.
323 4068 390 4123 Et
418 4067 614 4123 Petrus
641 4069 840 4124 iterum
892 4067 1216 4137 suggerebat
1246 4066 1319 4131 ei,
1364 4066 1552 4122 dicens
1579 4086 1591 4121 :
1620 4068 1758 4122 Cum

180 4174 311 4231 ergo
334 4159 551 4214 veneris
572 4158 641 4212 ad
678 4158 857 4212 locum
899 4165 954 4213 et
984 4156 1189 4211 videris
1230 4157 1486 4227 p0pulum
1531 4173 1597 4212 ex
1644 4173 1760 4213 ser-

180 4266 344 4307 mone
388 4259 484 4305 tuo
514 4250 781 4314 converti,
822 4258 876 4305 et
917 4249 1180 4320 depositis
1225 4250 1367 4312 odiis
1399 4250 1645 4319 recipere
1670 4250 1760 4306 de-

181 4342 447 4397 siderium
498 4343 695 4408 nostri,
746 4342 899 4397 mitte
954 4350 1008 4397 et
1054 4342 1252 4396 manda
1295 4340 1447 4405 mihi,
1482 4348 1536 4396 et
1571 4342 1757 4396 statim

180 4434 417 4490 veniam.
459 4434 597 4491 Cum
640 4443 821 4490 autem
873 4450 1095 4498 venero,
1149 4434 1269 4489 sine
1314 4449 1464 4487 mora
1517 4434 1755 4488 alienum

1872 1951 2091 2006 hionem
2123 1952 2485 2025 astrologum,
2522 1950 2645 2008 cum
2675 1972 2785 2025 quo
2815 1958 2862 2011 si
2901 1958 3249 2015 Antiochiam
3288 1978 3455 2018 vene-

1873 2040 2070 2107 rimus,
2102 2040 2170 2095 de
2200 2042 2389 2112 genesi
2425 2044 2690 2098 attentius
2732 2044 3159 2115 disputabimus.
3202 2048 3454 2119 Cumque

1872 2141 1997 2202 post
2023 2132 2262 2187 medium
2293 2135 2474 2189 noctis
2499 2144 2654 2205 pater
2686 2144 2875 2192 noster
2900 2152 3026 2191 cum
3060 2138 3147 2195 his
3173 2156 3313 2210 quos
3332 2141 3455 2209 jus-

1872 2229 2018 2276 serat
2067 2220 2287 2288 Petrus,
2316 2230 2371 2278 et
2421 2224 2710 2280 Anubione
2752 2226 3032 2296 profectus
3071 2238 3253 2297 esset;
3293 2246 3454 2287 mane

1870 2313 2191 2386 priusquam
2218 2315 2537 2387 procederet
2568 2318 2636 2372 ad
2668 2319 3063 2389 disputandum
3106 2320 3325 2385 Petrus,
3364 2338 3452 2379 re-

1870 2409 2047 2475 gressi
2076 2416 2205 2469 sunt
2254 2408 2331 2461 illi
2388 2408 2482 2479 qui
2532 2408 2878 2465 deduxerunt
2910 2410 3189 2468 Simonem
3214 2455 3229 2479 ,
3266 2414 3319 2467 id
3367 2420 3452 2470 est

1867 2498 2081 2568 Appion
2115 2507 2169 2555 et
2198 2500 2607 2566 Athenodorus,
2639 2510 2692 2557 et
2724 2513 2995 2559 venerunt
3022 2505 3089 2559 ad
3127 2521 3227 2562 nos
3274 2507 3453 2577 requi-

1867 2596 2053 2644 rentes
2103 2598 2313 2659 patrem
2364 2607 2564 2647 meum.
2621 2578 2817 2650 Pctrus
2857 2611 2992 2651 vero
3030 2596 3123 2651 ubi
3173 2600 3448 2668 cognovit,

1862 2680 2029 2749 jussit
2074 2695 2170 2736 eos
2201 2682 2449 2737 introire.
2491 2683 2558 2737 Et
2588 2700 2713 2739 cum
2748 2687 3152 2754 consedissent,
3188 2686 3289 2745 Ubi
3339 2698 3447 2755 est,

1865 2773 2042 2837 aiunt,
2074 2771 2507 2831 Faustinianus?
2534 2775 2732 2833 Petrus
2764 2764 3079 2848 respondit:
3115 2778 3446 2837 Nescimus:

1864 2878 2092 2931 veSpere
2138 2865 2282 2917 enim
2330 2874 2623 2936 postquam
2683 2866 2750 2921 ad
2795 2884 2894 2924 vos
2926 2870 3095 2937 venit,
3134 2871 3278 2925 ultra
3311 2874 3449 2928 nulli

1865 2968 2094 3009 suorum
2137 2957 2289 3010 visus
2324 2965 2450 3023 est;
2497 2957 2757 3013 hesterno
2796 2968 2976 3014 tamen
3016 2961 3103 3014 die
3152 2977 3313 3018 mane
3361 2963 3452 3018 Si-

1864 3060 1993 3099 mon
2016 3046 2164 3101 venit
2187 3062 2439 3119 quzerens
2467 3060 2689 3116 eum,et
2720 3053 2851 3121 quia
2882 3053 3019 3106 nihil
3048 3054 3125 3107 illi
3156 3056 3448 3125 reSpondi-

1865 3155 2009 3201 mus.
2042 3141 2231 3196 nescio
2255 3141 2385 3211 quid
2411 3142 2459 3196 ei
2487 3142 2665 3197 visum
2693 3144 2784 3208 sit,
2813 3142 3230 3199 Faustinianum
3255 3161 3313 3201 se
3329 3162 3451 3203 esse

1863 3232 2269 3299 dicebat.Quod
2295 3250 2419 3289 cum
2450 3236 2501 3289 ei
2524 3252 2684 3291 nemo
2709 3238 2978 3301 crederet,
3014 3237 3149 3292 ﬂens
3179 3246 3231 3293 et
3256 3240 3449 3295 dolens

1863 3324 2303 3379 comminabatur
2349 3336 2759 3395 perempturum
2810 3328 3190 3398 semetipsum,
3225 3339 3280 3383 et
3322 3340 3448 3401 post

1862 3416 1977 3471 hazc
2005 3416 2139 3469 abiit
2173 3417 2240 3471 ad
2272 3432 2422 3473 mare
2450 3433 2661 3473 versus.

1932 3506 2120 3563 LXIV.
2155 3507 2281 3562 Haec
2309 3524 2433 3563 cum
2464 3511 2705 3567 audisset
2732 3510 2942 3581 Appion
2968 3522 3020 3566 et
3050 3513 3142 3582 qui
3169 3528 3293 3567 cum
3328 3514 3448 3583 ipso

1861 3607 2039 3663 erant.
2066 3601 2334 3656 ululatum
2364 3604 2635 3658 dederunt
2664 3605 2949 3673 grandem,
2980 3606 3228 3663 dicentes
3253 3624 3265 3659 :
3305 3604 3447 3672 Quid

1863 3693 1966 3746 hoc
2004 3692 2235 3757 fecistis,
2263 3708 2367 3748 cur
2395 3710 2506 3749 non
2536 3698 2824 3766 recepistis
2845 3698 3009 3752 eum?
3040 3696 3103 3753 Et
3132 3715 3256 3753 cum
3286 3701 3448 3755 vellet

1861 3784 2248 3842 Athenodorus
2290 3786 2473 3842 dicere
2514 3789 2648 3843 mihi
2704 3789 2834 3859 quia
2886 3792 3005 3857 ipse
3052 3799 3171 3845 erat
3230 3791 3446 3846 Fausti-

1864 3877 2065 3932 nianus
2095 3886 2249 3948 pater
2288 3886 2438 3944 tuus,
2470 3879 2683 3950 Appion
2722 3884 3059 3952 przevenicns
3088 3900 3211 3940 eum
3239 3906 3251 3939 :
3284 3886 3445 3941 Com-

1864 3971 2128 4039 perimus,
2170 3970 2367 4041 inquit,
2408 3985 2439 4024 a
2468 3974 2704 4041 quodam
2743 3975 2834 4045 qui
2880 3992 3005 4030 cum
3054 3976 3275 4032 Simone
3311 3994 3443 4045 pro-

1866 4063 2042 4118 fectus
2087 4074 2192 4131 est,
2228 4064 2346 4135 ipso
2378 4063 2735 4141 Faustiniano
2782 4068 3114 4137 deprecante
3155 4086 3303 4133 eum,
3337 4086 3439 4141 pro

1862 4168 1928 4209 eo
1986 4156 2133 4226 quod
2190 4158 2357 4212 nollet
2412 4158 2553 4213 filios
2617 4173 2749 4214 suos
2816 4160 3029 4224 videre,
3084 4165 3210 4231 quia
3269 4160 3442 4217 Judaei

1862 4254 2020 4301 erant
2038 4248 2262 4321 (63-64).
2276 4250 2386 4307 Nos
2400 4266 2529 4322 ergo
2539 4267 2661 4307 cum
2676 4251 3017 4309 audissemus
3030 4253 3165 4319 haec,
3190 4253 3443 4310 venimus

1862 4354 1987 4393 eum
2021 4338 2112 4393 hic
2149 4339 2448 4409 requirere,
2479 4338 2571 4395 sed
2618 4340 2745 4410 quia
2781 4342 2869 4397 hic
2910 4358 3021 4397 non
3066 4355 3181 4405 est.
3216 4354 3443 4414 apparet

1863 4431 1993 4502 quia
2035 4446 2164 4486 vere
2212 4432 2350 4486 dixit
2378 4432 2472 4502 qui
2514 4433 2792 4488 nuntiavit
2838 4450 2961 4491 cum
2997 4436 3218 4491 Simone
3260 4438 3442 4507 profe-

152 4517 326 4582 hunc
358 4543 388 4581 a
416 4535 472 4580 te
505 4528 707 4582 vultum
739 4527 1007 4598 ell‘ugabo,
1047 4534 1103 4582 et
1144 4536 1294 4583 tuum
1335 4530 1617 4596 proprium
1658 4526 1751 4596 qui
1786 4543 1829 4597 ι)
1863 4530 2043 4590 ctum;
2083 4524 2185 4579 hoc
2213 4540 2343 4595 ergo
2374 4528 2695 4581 nuntiamus
2724 4528 2901 4585 vobis.
2944 4528 3059 4595 Ego
3090 4540 3269 4585 autem
3315 4530 3443 4587 Cle-

181 4616 290 4673 tuis
318 4616 574 4673 omnibus
624 4625 788 4672 notus
831 4625 915 4672 est
949 4618 1195 4673 reddam.
1231 4616 1296 4669 Et
1326 4618 1412 4671 his
1454 4617 1619 4672 dictis
1652 4615 1754 4671 fra-

1863 4635 2019 4677 mens
2065 4622 2159 4676 ubi
2206 4622 2449 4677 intellexi
2484 4624 2777 4679 consilium
2830 4624 3000 4690 Petri,
3044 4627 3172 4697 quia
3206 4627 3441 4681 voluerit

1490 4838 1852 4893 COTELERII
1892 4839 2125 4897 NOTAE.

249 4996 363 5121 (623
412 4995 870 5080 Vehementissinte

180 5065 296 5125 hac
365 5069 618 5125 agellatto
645 5084 770 5122 cum
800 5070 870 5121 ill:

266 5085 296 5121 (ἱ

236 5132 448 5212 (63-64)
470 5132 610 5200 Quia
630 5132 988 5212 Judwierant.
1006 5134 1076 5191 Ut
1090 5136 1318 5209 benigne
1342 5132 1537 5212 exponi
1572 5150 1752 5212 potest

181 5224 278 5281 per
331 5207 465 5282 satis
523 5209 801 5282 cognitum
849 5223 1112 5282 errorem,
1153 5207 1498 5282 quohethiiici
1560 5207 1751 5282 primis

179 5277 519 5348 temporibus
542 5279 601 5351 in
632 5278 852 5351 nomine
883 5277 1193 5351 Iudaeorum
1239 5277 1581 5337 Christianos
1621 5299 1752 5351 quo-

218 5362 287 5421 ue
316 5348 853 5421 comprehendebant
879 5369 891 5402 :
922 5350 994 5402 ita
1021 5359 1074 5403 et
1102 5360 1413 5419 suspectum
1436 5366 1558 5407 esse
1588 5348 1749 5421 queat

225 5420 496 5492 hionitica:
532 5420 670 5476 labis
707 5421 1035 5492 apocryphis
1067 5421 1430 5492 Clementinis
1464 5420 1743 5492 inspersa.

178 5490 601 5545 Contundebant
644 5490 788 5545 enim
841 5490 1079 5543 Ebionaei
1124 5490 1599 5547 Christianismum
1624 5509 1746 5548 cum

178 5558 478 5616 Judaismo.
504 5559 772 5627 Quocirca
820 5561 1115 5630 prudenter
1167 5560 1367 5630 factum
1411 5578 1441 5616 a
1490 5562 1748 5617 Simeone

182 5630 550 5701 Metapliraste
601 5632 658 5685 in
700 5628 832 5688 Vita
856 5631 1154 5686 Clementis
1186 5628 1437 5698 Romani,
1488 5650 1583 5689 seu
1632 5634 1751 5689 Cle-

179 5699 418 5774 mentina
454 5699 711 5771 Epitome,
745 5716 871 5755 cum
900 5710 1137 5774 quatuor
1168 5703 1285 5757 loca
1326 5704 1560 5774 homilia:
1591 5721 1753 5774 quar-

181 5779 250 5828 ta!
308 5769 753 5828 Clementinorum
802 5769 1032 5826 mutavit
1058 5780 1112 5828 et
1140 5775 1396 5829 correxit.
1420 5769 1639 5833 Primus
1669 5776 1749 5830 lo-

464 5872 735 5927 Pnnoc.
795 5868 912 5927 Gn.
962 5868 1007 5929 I.

921 4998 1229 5068 ﬂagellauit.
1264 4999 1541 5055 Conferri‘
1568 5009 1749 5069 potest

365 5069 618 5136 agellatio
645 5084 770 5136 cum
798 5070 891 5136 illa
922 5069 1128 5136 famosa
1161 5069 1499 5136 Hieronymi.

1858 5020 1955 5087 cus
1984 5013 2165 5087 exstat
2188 5024 2236 5061 (ι.
2275 5009 2325 5087 'I.
2364 5008 2439 5063 Ibi
2470 5011 2541 5067 de
2571 5011 3119 5087 Clementedicitur;
3154 5015 3290 5087 Tro
3314 5015 3439 5087 βαρ-

1858 5074 2025 5155 ϐάρῳ
2060 5079 2343 5155 τιγὸςητὴν
2384 5084 2753 5155 πρᾳσηγορίᾳγ
2794 5084 3022 5155 Πέτρου.
3063 5084 3130 5139 τὰ
3166 5074 3437 5139 Ἰουδὰίών

1857 5150 2029 5226 ⁸γεριςῑν
2056 5150 2150 5201 καὶ
2179 5149 2353 5226 λέγςξν
2376 5149 2671 5226 quaeritari.
2692 5149 3085 5226 Metaphrastes
3102 5172 3230 5211 vero
3255 5159 3437 5226 posuit

1857 5214 2147 5295 _Ep_itomes_
2164 5236 2222 5295 _c.
2481 5214 2852 5295 Xptattavdw:
2891 5227 3204 5282 Secundum
3252 5214 3434 5280 locum

1855 5287 2105 5369 haltes‘cl.
2128 5290 2215 5352 I5,
2249 5294 2277 5344 ὁ
2298 5293 2355 5345 δὲ
2379 5293 2509 5357 τῶν,
2533 5287 2607 5358 ὧς
2631 5296 2787 5369 ἡμεῖς
2810 5314 2964 5369 φατεῖ
2991 5298 3279 5369 βαρϐάρων
3314 5298 3437 5369 'Iou-

1853 5358 2017 5434 δαίφγ
2040 5357 2213 5434 λέγος.
2236 5377 2268 5417 c
2296 5378 2406 5434 quo
2430 5357 2616 5419 vocem
2654 5357 2917 5420 ’ἰουδαῖων
2944 5357 3431 5429 εἰωὲοη’θι)ειυ1ἰι,

1851 5445 1903 5505 c_.
1937 5428 2023 5483 50.
2056 5428 2396 5505 Tertium'c.
2434 5435 2529 5505 I5.
2556 5452 2715 5505 quem
2756 5438 2921 5492 simili
2950 5438 3111 5494 modo
3140 5428 3434 5491 circumci4

1853 5500 1952 5565 dit,
1979 5501 2147 5577 c_._51.
2189 5502 2247 5557 ln
2276 5512 2472 5574 quarto
2502 5500 2737 5577 denique
2766 5509 2888 5563 loco
2916 5522 2967 5565 c.
3002 5510 3096 5566 24,
3124 5509 3299 5573 Apion
3334 5524 3434 5560 nn—

1854 5577 1934 5623 tat
1988 5570 2324 5648 Clementem
2389 5570 2819 5648 προσομιλὶιῠντα
2876 5579 3146 5642 Ἰουδαίοις
3168 5570 3187 5607 ’Ἴ
3243 5587 3307 5648 at
3365 5593 3433 5633 ex

1855 5643 2237 5722 emendatione
2285 5643 2684 5722 breviantisc.
2740 5649 2828 5717 53,
2870 5650 3235 5722 Χριστιανοϊς.
3292 5646 3435 5717 Lege

1858 5712 2045 5768 homil.
2100 5736 2176 5782 χι,
2203 5729 2253 5771 c.
2289 5714 2379 5781 16,
2412 5727 2466 5772 et
2491 5718 2641 5774 alibi.

2995 5876 3071 5939 1&6
