4078 6336
628 398 756 457 "5|

1535 399 1591 457 S.
1628 399 2017 455 CLEMENTIS
2050 402 2070 455 l
2104 400 2269 457 ROM.
2304 399 2505 459 PONT.
2540 400 2767 458 OPE‘RA
2794 400 3008 459 DUBIA

3735 408 3865 464 MSS

622 519 703 571 eis
747 512 1115 585 suspicionem
1163 513 1322 580 dare,
1371 513 1515 584 quod
1560 515 1628 569 ab
1681 516 1816 586 ipsis
1862 510 2189 587 quiaerendus
2220 523 2265 578 Α
2293 531 2359 571 ne
2410 518 2706 573 crederetis
2738 517 2923 584 Petro,
2956 521 3048 586 qui
3084 528 3137 574 et
3178 506 3501 592 languentes
3542 521 3598 576 in
3643 524 3863 581 nomine

620 612 767 657 esset
798 618 986 666 senex,
1024 611 1081 655 ut
1117 605 1368 658 timerent
1406 613 1460 658 et
1507 610 1781 675 fugerent,
1828 608 1970 679 οωρί
2001 606 2194 676 juvare

622 694 913 750 consilium
943 695 1063 764 ejus
1092 703 1145 749 et
1182 697 1269 751 aio
1316 697 1381 750 ad
1414 698 1711 767 Appionem
1740 716 1753 753 :
1786 700 1947 766 Audi,
1978 702 2190 755 charis-

626 788 763 842 sime
810 788 1055 858 Appion,
1105 803 1206 843 nos
1250 789 1394 859 quod
1435 790 1637 844 bonum
1682 793 1980 861 credimus,
2024 794 2190 847 etiam

623 875 765 946 patri
797 878 1013 932 tradere
1038 877 1318 944 volumus;
1355 878 1502 947 quod
1548 880 1595 934 si
1643 881 1878 936 noluerit
1922 884 2188 952 recipere,

624 968 718 1021 sed
760 969 955 1038 magis,
988 976 1047 1021 ut
1084 969 1243 1034 dicis,
1275 970 1669 1027 exltorrescens
1699 987 1800 1028 nos
1841 972 1997 1043 fugit,
2033 988 2190 1045 aspe-

619 1076 743 1114 rum
774 1062 843 1115 sit
875 1060 1109 1115 fortasse
1136 1061 1281 1131 quod
1306 1063 1449 1126 dico,
1478 1079 1577 1119 nec
1598 1080 1701 1120 nos
1729 1065 1796 1119 de
1814 1080 1885 1119 eo
1909 1080 2186 1124 curamus.

623 1152 690 1207 Et
722 1168 844 1208 cum
874 1153 989 1207 haec
1020 1155 1299 1221 dixissem,
1329 1157 1488 1226 quasi
1516 1168 1863 1214 exsecrantes
1897 1159 2191 1215 crudelita-

621 1254 730 1298 tem
757 1262 937 1302 meam
968 1246 1277 1313 discedunt,
1303 1250 1531 1319 vestigia
1556 1248 1818 1316 Simonis,
1849 1258 1910 1305 ut
1939 1253 2189 1321 sequenti

620 1338 710 1392 die
737 1338 1128 1406 comperimus,
1162 1338 1534 1409 insequentes.

688 1426 851 1483 LXV.
892 1427 1099 1482 Interea
1142 1444 1265 1483 cum
1297 1429 1492 1509 Petrus
1519 1446 1585 1485 ex
1631 1445 1781 1488 more
1806 1434 2051 1503 quotidie
2090 1449 2189 1505 po-

618 1519 807 1588 pulum
845 1519 1065 1575 doceret
1106 1530 1158 1575 et
1189 1524 1418 1577 virtutes
1455 1524 1654 1578 multas
1682 1540 1745 1580 ac
1791 1527 2049 1583 sanitates
2076 1528 2188 1582 eili-

619 1618 791 1673 ceret,
822 1618 947 1680 post
973 1611 1091 1667 dies
1120 1613 1305 1668 decem
1336 1617 1483 1670 venit
1512 1616 1731 1686 quidam
1770 1626 2083 1675 nostrorum
2119 1620 2188 1676 ab

616 1702 907 1755 Antiochia
948 1703 1153 1759 missus
1194 1719 1222 1757 a
1257 1712 1429 1774 patre,
1477 1707 1809 1763 annuntians
1858 1708 2016 1763 nobis
2044 1725 2183 1781 quo-

618 1795 781 1849 modo
808 1795 1024 1865 publice
1052 1803 1223 1852 staret
1252 1806 1423 1866 pater,
1450 1796 1725 1854 Simonem
1758 1800 1975 1869 quidem
2007 1800 2101 1872 qui
2128 1802 2187 1857 in

619 1886 771 1939 vultu
806 1886 1109 1950 videbatur,
1144 1902 1431 1952 accusans,
1480 1884 1698 1943 Petrum
1729 1904 1862 1944 vero
1904 1891 2188 1947 immensis

612 1978 873 2033 laudibus
903 1979 1195 2049 praeferens
1222 1987 1275 2034 et
1301 1980 1449 2034 omni
1482 1982 1680 2051 populo
1707 1980 2098 2037 commendans
2126 1997 2189 2038 ac

611 2068 1034 2125 desiderabilem
1070 2068 1298 2134 faciens,
1346 2071 1418 2123 ita
1468 2078 1527 2125 ut
1565 2084 1757 2127 omnes
1796 2086 1864 2126 ex
1906 2071 2026 2142 ejus
2072 2086 2189 2129 ser-

617 2175 780 2216 mone
814 2163 1007 2216 mutati
1038 2161 1416 2217 desiderarent
1458 2176 1581 2217 eum
1617 2162 1837 2229 videre;
1868 2164 2067 2219 multos
2089 2177 2187 2218 au.

613 2258 728 2305 tem
769 2260 977 2306 tantum
1008 2252 1061 2320 in
1092 2250 1235 2305 Petri
1285 2266 1529 2306 amorem
1573 2252 1808 2317 venisse,
1838 2259 1898 2307 ut
1937 2253 2189 2310 erevit-ent

619 2342 672 2396 iu
704 2351 911 2412 patrem
930 2341 1097 2412 quasi
1142 2343 1195 2395 in
1243 2339 1551 2406 Simonem,
1589 2350 1644 2397 et
1686 2357 1884 2398 manus
1910 2344 1959 2398 ei
1987 2344 2188 2399 vellent

618 2433 866 2503 injicere,
891 2434 1043 2488 velut
1083 2432 1175 2503 qui
1199 2440 1415 2487 tantum
1447 2434 1577 2488 mali
1596 2433 1971 2491 commisisset
1999 2435 2052 2489 in
2080 2432 2185 2491 Pe-

618 2530 795 2589 trum;
841 2532 1063 2593 propter
1104 2523 1271 2593 quod,
1320 2522 1529 2587 aiebat,
1579 2538 1901 2594 appropera,
1933 2539 2003 2579 ne
2046 2522 2186 2580 forte

618 2614 949 2683 perimatur;
1002 2614 1057 2667 in
1106 2615 1305 2668 timore
1339 2613 1486 2669 enim
1531 2628 1730 2683 magno
1770 2616 1987 2683 positus
2030 2614 2178 2669 velo-

616 2704 755 2760 citer
785 2704 935 2759 misit
964 2719 1070 2782 me,
1103 2712 1162 2757 ut
1196 2704 1313 2759 sine
1344 2718 1499 2757 mora
1538 2705 1749 2767 venias,
1778 2714 1887 2773 quo
1913 2703 2183 2758 viventem

615 2810 745 2852 eum
773 2810 1030 2865 occupes,
1078 2795 1240 2850 simul
1266 2804 1321 2849 et
1364 2795 1634 2849 crescenti
1684 2809 1813 2867 erga
1855 2795 1933 2848 tui
1974 2793 2183 2851 deside-

616 2887 762 2941 rium
808 2884 1016 2938 civitati
1068 2892 1405 2954 opportunas
1450 2895 1742 2953 appareas.
1784 2880 1976 2939 Aiebat
2017 2885 2183 2940 etiam

610 2974 891 3043 quomodo
915 2989 1037 3027 mox
1065 2981 1118 3025 ut
1146 2974 1334 3027 urbem
1355 2972 1699 3027 Antiochiam
1728 2980 1882 3043 pater
1902 2974 2181 3044 ingressus

614 3071 785 3127 esset,
827 3064 986 3135 quasi
1028 3064 1096 3118 ad
1134 3063 1408 3118 Simonem
1448 3064 1627 3118 omnis
1671 3064 1903 3133 populus
1930 3063 2000 3118 ad
2048 3077 2175 3117 eum

611 3156 878 3211 collectus
922 3161 1035 3219 est,
1070 3162 1125 3209 et
1166 3155 1336 3224 coepit
1364 3154 1617 3209 omnibus
1647 3155 1911 3209 confiteri
1958 3154 2174 3223 publice

611 3245 913 3308 secundum
955 3261 1020 3301 ea
1071 3261 1192 3315 qua:
1237 3245 1425 3315 populi
1486 3247 1813 3299 restauratio
1860 3244 2171 3339 flagitabat;
2201 3275 2246 3339 ο

611 3353 739 3395 nam
766 3339 1084 3408 quicunque.
1116 3352 1307 3392 omnes
1347 3336 1511 3392 simul
1546 3336 1758 3391 nobiles
1783 3344 1839 3391 et
1866 3334 2067 3392 diversi
2098 3336 2176 3392 si-

610 3432 727 3487 mul
779 3432 973 3486 divites
1018 3444 1081 3484 ac
1133 3443 1398 3499 pauperes
1432 3428 1847 3494 convenissent,
1892 3435 2174 3497 sperantes

609 3525 794 3595 aliqua
821 3526 891 3581 ab
914 3540 980 3579 eo
1006 3538 1155 3577 more
1177 3522 1338 3577 solito
1365 3520 1611 3593 prodigia
1637 3537 1802 3592 posse
1824 3521 1961 3587 ﬁeri,
1986 3534 2175 3579 omnes

606 3613 714 3671 bac
740 3630 873 3670 voce
904 3616 1233 3685 alloquitur:

677 3722 860 3781 LXVI.
904 3723 1003 3779 Diu
1032 3734 1113 3780 est
1143 3724 1288 3796 quod
1320 3740 1407 3781 me
1433 3722 1709 3779 Simonem
1738 3721 2175 3780 infelicissimum

607 3814 885 3872 hominum
918 3818 1177 3888 patientia
1208 3817 1393 3874 divina
1428 3818 1690 3882 sustinet;
1720 3830 1865 3885 nam
1906 3816 2173 3887 quidquid

605 3905 665 3961 in
708 3920 795 3960 me
836 3906 1019 3959 mirati
1064 3908 1227 3970 estis,
1273 3921 1380 3960 non
1425 3906 1670 3961 veritatis
1711 3905 2045 3971 ministerio,
2078 3905 2173 3962 sed

605 3996 909 4051 demonum
945 3995 1248 4053 mendaciis
1288 4007 1342 4052 et
1372 3997 1582 4053 artibus
1610 4006 1819 4068 gestum
1855 4008 1958 4065 est,
1992 4006 2052 4053 ut
2079 3992 2172 4055 ve?

605 4096 777 4144 stram
822 4089 979 4145 Iidem
1021 4098 1318 4147 everterem
1357 4099 1412 4145 et
1439 4105 1617 4146 meam
1650 4091 1886 4153 animam
1916 4091 2173 4147 condem-

604 4194 812 4235 narem.
845 4180 1121 4236 Confiteor
1159 4197 1245 4247 me
1287 4182 1470 4237 omnia
1510 4183 1577 4238 de
1605 4181 1765 4238 Petro
1806 4182 1976 4240 fuisse
2018 4200 2172 4241 men-

604 4271 798 4337 titum;
834 4270 924 4326 ille
949 4272 1092 4326 enim
1124 4286 1526 4343 nequemagus
1553 4290 1731 4344 neque
1772 4260 2171 4331 homicidaun-

599 4379 763 4435 quam
795 4363 915 4426 fuit,
946 4365 1040 4420 sed
1071 4380 1101 4419 a
1137 4365 1245 4421 Deo
1281 4365 1349 4420 ad
1396 4366 1629 4421 salutem
1657 4373 1897 4421 vestrum
1927 4365 2168 4426 omnium

600 4459 803 4514 missus
841 4465 946 4523 est,
981 4443 1143 4528 quem
1185 4460 1231 4514 si
1261 4475 1329 4515 ex
1374 4458 1480 4513 hac
1530 4459 1666 4513 hora
1710 4460 2166 4515 contemnendum

600 4550 942 4622 putaveritis,
975 4556 1183 4604 certum
1227 4550 1298 4604 sit
1340 4549 1483 4621 apud
1527 4564 1626 4603 vos
1662 4548 1806 4619 quod
1847 4548 2026 4625 possit.
2042 4550 2165 4619 ipsa

2292 608 2412 675 ejus
2448 623 2482 661 a
2512 623 2620 678 quo
2650 608 2851 664 missus
2887 616 2971 664 est
3002 618 3179 676 curat,
3215 619 3269 665 et
3299 612 3573 667 daemonas
3606 611 3779 683 fugat,
3806 628 3864 667 ac

2292 715 2467 755 caecos
2516 700 3240 772 illuminat,etparalyticis
3286 705 3517 759 salutem
3570 705 3783 771 reddit,
3814 712 3863 759 et

2292 802 2535 847 mortuos
2565 792 2815 847 suscitat.

2362 882 2567 938 LXVII.
2613 882 2737 939 Haec
2765 895 2818 939 et
2840 885 2926 941 his
2950 886 3151 939 similia
3181 886 3350 939 multa
3381 901 3446 940 eo
3473 897 3861 956 prosequente,

2291 976 2565 1030 exsecrari
2593 990 2716 1029 eum
2746 977 2911 1045 cmpit
2958 976 3211 1046 populus,
3256 982 3311 1029 et
3341 976 3543 1030 dabant
3586 977 3775 1031 ﬂetum
3812 986 3864 1031 et

2283 1061 2569 1130 gemitum,
2594 1062 2724 1131 quia
2749 1072 3072 1132 peccassent
3100 1064 3155 1117 in
3178 1062 3400 1118 Petrum
3432 1065 3717 1123 credentes
3739 1081 3861 1120 eum

2289 1164 2412 1206 esse
2439 1165 2655 1221 magum
2693 1160 2747 1207 et
2779 1152 3029 1224 impium.
3066 1153 3267 1209 Eodem
3300 1170 3430 1209 vero
3461 1156 3548 1211 die
3574 1156 3641 1210 ad
3671 1171 3837 1226 vespe

2288 1258 2405 1297 ram
2448 1244 2702 1298 restituta
2729 1255 2815 1300 est
2862 1246 2916 1301 in
2946 1243 3308 1302 Faustiniano
3340 1249 3511 1303 iacies
3544 1248 3784 1318 propria,
3809 1258 3862 1300 θ’

2284 1333 2554 1389 abscessit
2600 1335 2669 1389 ab
2715 1350 2782 1391 eo
2825 1346 3084 1406 aspectus
3127 1337 3368 1393 Simonis
3413 1335 3572 1408 Magi.
3617 1335 3861 1393 Audiens

2289 1434 2467 1479 autem
2503 1424 2691 1480 Simon
2733 1427 2940 1480 vultum
2971 1443 3130 1481 suum
3161 1428 3218 1483 in
3246 1443 3311 1484 eo
3351 1428 3419 1483 ad
3452 1426 3595 1484 Petri
3630 1430 3859 1499 gloriam

2284 1514 2603 1585 profecisse,
2648 1516 2881 1589 festinus
2927 1519 3189 1587 prmvenit
3232 1518 3454 1574 Petrum
3486 1528 3538 1573 et
3562 1534 3725 1590 agere
3767 1534 3862 1573 cu-

2289 1606 2442 1675 piens
2470 1612 2588 1661 arte
2636 1622 2767 1671 sua,
2806 1614 2867 1659 ut
2912 1620 2941 1659 a
2991 1605 3351 1661 Faustiniano
3396 1607 3515 1675 ejus
3560 1605 3862 1661 similitudo

2288 1698 2585 1762 recederet,
2610 1713 2734 1752 cum
2760 1698 2872 1767 jam
2919 1698 3021 1752 hoc
3064 1698 3220 1766 juxta
3252 1698 3483 1752 verbum
3510 1698 3745 1767 apostoli
3776 1698 3861 1752 sal

2259 1788 2541 1868 _Christus
2564 1789 2862 1858 implesset.
2893 1787 3144 1844 Videntes
3170 1796 3350 1843 autem
3376 1787 3563 1842 Niceta
3579 1796 3641 1841 et
3664 1789 3860 1858 Aquila

2218 1876 2411 1961 B.post
2444 1878 2882 1950 praedicationem
2931 1878 3297 1932 necessariam
3337 1884 3620 1945 paternam
3663 1874 3861 1931 faciem

2288 1972 2616 2035 restitutam,
2647 1970 2852 2041 gratias
2881 1978 3103 2039 agentes
3134 1968 3266 2033 Deo,
3298 1983 3409 2023 non
3441 1982 3565 2021 eum
3598 1967 3861 2038 permise-

2288 2073 2417 2119 runt
2448 2062 2677 2119 ulterius
2703 2061 2910 2131 alloqui
2942 2063 3228 2131 pupulum.

2366 2154 2596 2211 LXVIII.
2641 2153 2835 2209 Simon
2881 2160 3064 2208 autem
3114 2154 3281 2223 coepit
3326 2154 3455 2208 licet
3504 2152 3720 2208 occulte
3763 2164 3863 2221 per

2289 2246 2496 2300 amicos
2546 2259 2677 2301 suos
2718 2251 2772 2298 et
2821 2242 3117 2299 familiares
3163 2243 3475 2308 ambulare,
3522 2251 3578 2297 et
3626 2242 3864 2312 amplius

2286 2337 2448 2394 Petro
2472 2338 2733 2407 derogare
2756 2350 2918 2407 quam
2939 2342 3119 2420 antea.
3142 2334 3297 2390 Tunc
3319 2351 3509 2391 omnes
3529 2345 3861 2406 exspuentea

2287 2430 2341 2483 in
2378 2428 2573 2482 faciem
2608 2427 2748 2497 ejus,
2772 2427 3097 2497 expulerunt
3125 2442 3250 2480 eum
3298 2427 3365 2481 de
3395 2427 3636 2489 civitate,
3669 2426 3862 2481 dicen-

2282 2529 2403 2574 tes:
2436 2517 2517 2572 Tu
2546 2518 2659 2573 eris
2697 2532 2828 2573 rens
2865 2517 3061 2572 mortis
3108 2527 3235 2582 tute,
3277 2518 3324 2572 si
3358 2518 3591 2573 ulterius
3638 2518 3860 2575 locutus

2283 2621 2474 2667 contra
2501 2610 2721 2667 Petrum
2752 2611 2859 2665 huc
2888 2610 2989 2665 tibi
3018 2610 3320 2666 credideris
3350 2626 3475 2666 esse
3502 2611 3857 2666 veniendum.

2281 2700 2491 2768 Quibus
2536 2702 2796 2775 cognitis,
2824 2700 3019 2756 Petrus
3054 2709 3269 2771 postera
3298 2701 3385 2756 die
3414 2702 3717 2758 convenire
3749 2718 3857 2773 po-

2280 2795 2440 2866 pulos
2464 2778 2639 2863 jnbet,
2664 2804 2720 2849 et
2740 2808 2858 2848 uno
2881 2809 2950 2849 ex
2977 2794 3065 2848 his
3095 2794 3187 2863 qui
3218 2795 3587 2863 sequebantur
3607 2810 3733 2850 eum
3762 2810 3861 2849 or-

2280 2887 2579 2943 dinatoeis
2608 2887 2889 2957 episcopo,
2923 2887 3047 2942 aliis
3091 2886 3253 2941 etiam
3284 2887 3639 2957 presbyteris,
3672 2888 3859 2959 baptio

2280 2980 2417 3033 satis
2448 2992 2665 3049 quoque
2691 2977 2964 3047 plurimis,
2994 2986 3050 3031 et
3077 2978 3330 3031 omnibus
3359 2978 3451 3046 qui
3481 2986 3643 3031 erant
3670 2980 3856 3033 vexati

2278 3069 2632 3140 languoribus
2670 3068 2756 3123 vel
2782 3068 3145 3132 dmmonibus,
3198 3068 3421 3121 sanitati
3459 3067 3708 3128 redditis.
3757 3069 3857 3125 de-

2278 3168 2523 3219 moratus
2550 3159 2625 3215 ibi
2652 3158 2799 3213 aliud
2828 3158 3088 3224 triduum,
3116 3158 3331 3212 canctis
3365 3159 3468 3211 rite
3500 3160 3853 3230 compositis,

2278 3251 2584 3306 valcdicens
2612 3250 2713 3314 eis,
2747 3248 3108 3319 proﬁciscitur
3140 3264 3171 3303 a
3200 3247 3453 3303 Laodicia
3485 3252 3724 3305 multum
3757 3252 3858 3308 de-

2279 3342 2590 3402 siderabilis
2614 3341 3058 3397 Antiochensium
3088 3341 3259 3411 plebi“;
3288 3352 3342 3397 et
3373 3343 3538 3411 erepit
3568 3358 3665 3413 per
3692 3342 3858 3415 Nice-

2278 3441 2481 3495 tamet
2521 3432 2772 3503 Aquilam
2821 3440 2937 3487 tota
2984 3434 3180 3489 civitas
3228 3434 3440 3499 audire,
3479 3436 3610 3504 quia
3652 3432 3855 3492 Petrus

2280 3519 2624 3579 adventaret.
2654 3521 2847 3577 Omnis
2872 3531 3054 3577 autem
3096 3523 3330 3594 populus
3375 3523 3683 3579 Antiochiae
3717 3527 3857 3580 civi-

2277 3611 2402 3666 tatis
2451 3611 2679 3668 audiens
2725 3610 2947 3667 Petrum
2996 3614 3217 3689 venire,
3257 3621 3621 3669 occurrerunt
3662 3614 3746 3680 ei,
3791 3624 3858 3671 et

2274 3715 2413 3771 pene
2450 3717 2643 3760 omnes
2692 3703 2928 3773 majores
2975 3713 3107 3758 natu
3153 3712 3208 3759 et
3260 3705 3492 3771 nobiles,
3530 3705 3717 3761 cinere
3758 3720 3854 3762 as-

2274 3794 2420 3865 persi
2470 3795 2524 3849 in
2564 3796 2762 3865 capite,
2802 3796 3177 3866 pmnitentiam
3236 3804 3477 3867 agentes,
3520 3797 3615 3868 qui
3648 3806 3850 3855 eontra

2276 3886 2718 3956 praedicationem
2777 3887 2897 3958 ejus
2955 3902 3175 3959 magum
3240 3885 3519 3945 Sirnenem
3569 3890 3855 3961 suscepis-

2275 3982 2409 4033 sent.

2341 4065 2525 4121 LXIX.
2564 4066 2691 4123 Hac
2716 4076 2770 4125 et
2815 4069 2903 4126 his
2931 4070 3130 4127 similia
3159 4078 3573 4142 prosequentes,
3600 4056 3850 4127 efferunt

2271 4157 2321 4213 ei
2344 4165 2566 4216 vexatos
2596 4160 2954 4233 languoribus
2972 4169 3029 4218 et
3058 4162 3345 4218 dazmoniis
3374 4162 3651 4233 fatigatos,
3682 4177 3852 4232 para-

2271 4247 2465 4319 lyticos
2487 4265 2706 4325 quoque
2727 4258 2782 4306 et
2810 4251 3022 4307 diversa
3052 4254 3291 4323 pericula
3316 4255 3618 4323 patientes;
3649 4260 3703 4307 6
3726 4261 3849 4307 erat

2270 4341 2477 4397 infinita
2510 4344 2801 4403 multitudo
2827 4344 2989 4400 simul
3036 4344 3428 4415 languentium.
3464 4344 3618 4411 Quos
3646 4342 3847 4398 videns

2270 4433 2462 4490 Petrus
2495 4450 2602 4489 non
2638 4436 2813 4492 solum
2843 4418 3235 4507 pmnitudinem
3267 4451 3448 4507 agere,
3488 4434 3639 4507 quod
3668 4434 3739 4490 de
3776 4450 3849 4490 eo

2269 4527 2409 4583 male
2454 4528 2758 4603 sensissent
2778 4539 2875 4595 per
2907 4524 3219 4589 Simonem,
3242 4541 3432 4583 verum
3463 4533 3517 4583 et
3545 4532 3657 4581 tam
3699 4525 3847 4581 inte-

601 4615 794 4695 civitas
820 4646 1000 4694 vestra
1043 4631 1264 4708 repente
1302 4615 1568 4708 deperire.
1612 4615 1744 4705 Quae
1785 4615 1967 4692 autem
1997 4615 2163 4693 causa

2274 4632 2417 4686 gram
2450 4618 2606 4673 iidem
2636 4616 2893 4673 exhibere
2922 4615 3050 4677 Deo,
3070 4624 3137 4670 .ut
3175 4617 3339 4671 etiam
3368 4631 3561 4673 omnes
3590 4617 3846 4677 diversas

600 4730 690 4795 sit,
714 4736 772 4782 ut
799 4730 911 4782 haec
938 4726 1093 4781 vobis
1125 4729 1271 4781 ultro
1304 4728 1567 4782 conﬁtear
1590 4747 1604 4783 :
1630 4728 1699 4782 ab
1728 4728 1920 4798 angelo
1947 4727 2040 4783 Dei
2064 4727 2167 4781 hac

597 4827 758 4874 nocte
786 4818 1134 4873 vehementer
1155 4826 1437 4888 correptus
1467 4833 1608 4882 sum,
1631 4827 1685 4873 et
1715 4833 1814 4872 cur
1834 4820 1883 4874 ei
1913 4818 2167 4876 inimicus

595 4914 930 4976 exstiterim,
985 4912 1465 4967 vehementissime
1513 4911 1837 4982 ﬂagellatus.
1894 4910 2165 4983 Deprecor

595 5018 725 5074 ergo
764 5018 882 5067 vos,
916 5010 974 5056 ut
1004 5004 1049 5058 si
1081 5019 1181 5073 ego
1212 5004 1330 5073 ipse
1365 5020 1431 5059 ex
1473 5004 1574 5058 bac
1617 5004 1768 5058 hora.
1798 5018 2061 5073 aperueno
2103 5021 2166 5060 os

594 5110 775 5149 meum
800 5076 997 5149 contra
1045 5110 1191 5158 eum,
1224 5094 1523 5165 projiciatis
1571 5106 1657 5147 me
1693 5093 1763 5147 ab
1807 5104 2025 5163 aspectu
2077 5110 2167 5149 ve-

595 5182 743 5254 stro,
787 5187 875 5242 ille
906 5179 1052 5241 enim
1086 5184 1395 5241 immundus
1427 5184 1638 5249 daemon
1674 5184 1835 5239 saluti
1886 5184 2166 5239 hominum

597 5260 852 5335 inimicus
1032 5295 1093 5333 os
1126 5294 1303 5333 meum
1332 5286 1527 5332 contra
1570 5278 1746 5347 ipsum
1796 5279 2056 5346 loquitur,
2096 5294 2165 5335 ne

595 5388 693 5445 per
734 5388 859 5428 eum
901 5388 998 5429 vos
1029 5372 1345 5443 pertingatis
1374 5371 1443 5426 ad
1474 5370 1661 5425 vitam.
1701 5368 1841 5435 Quid
1882 5371 2025 5424 enim
2071 5385 2161 5425 ars

594 5464 802 5535 magica
852 5478 946 5533 per
990 5479 1097 5539 me.
1121 5451 1276 5517 vobis
1316 5460 1497 5537 potuit
1543 5456 1786 5543 virtutis”
1832 5456 2161 5531 ostendere?

590 5558 769 5613 Canes
797 5554 902 5609 feci
932 5568 1102 5609 arcos
1129 5546 1327 5607 latrare
1366 5559 1419 5606 et
1464 5540 1672 5604 Statuas
1703 5546 1927 5612 moveri,
1960 5540 2165 5623 figuras

590 5647 791 5704 mutari
818 5644 1101 5700 hominum
1122 5650 1177 5699 et
1222 5642 1402 5700 subito
1441 5639 1512 5694 ab
1537 5636 2158 5708 aspectibusbominum

592 5738 911 5806 absentari;
952 5746 1006 5793 et
1054 5751 1151 5808 per
1198 5735 1321 5790 hasc-
1363 5726 1633 5789 debuistis
1677 5737 1851 5785 artem
1893 5728 2159 5801 magicam

590 5833 887 5896 exsecrari,
918 5847 1041 5902 quas
1070 5838 1131 5883 ut
1158 5828 1312 5883 vobis
1356 5825 1677 5880 miraculum
1716 5823 1879 5878 inane
1926 5830 2159 5892 praeten-

590 5926 795 5992 derem,
816 5926 1025 5980 animas
1054 5931 1262 5980 vestras
1284 5918 1569 5975 diabolicis
1597 5915 1809 5986 laqueis
1832 5913 2154 5982 innodabat,

2266 4704 2615 4779 aegritudines
2644 4710 2912 4779 patientes
2941 4709 3224 4765 crederent
3252 4724 3347 4780 per
3380 4724 3506 4763 eum
3534 4724 3697 4780 posse
3730 4710 3848 4765 sal-

2265 4801 2402 4868 vari,
2432 4801 2692 4870 expandit
2731 4801 2797 4855 ad
2843 4801 3039 4855 coelum
3072 4816 3269 4855 manus
3298 4813 3449 4865 suae,
3488 4806 3543 4854 et
3583 4813 3711 4853 cum
3758 4800 3846 4853 Ia-

2263 4892 2467 4964 cryrnis
2509 4894 2807 4948 oralionem
2850 4891 3157 4954 eﬂ‘undens,
3196 4892 3401 4960 gratias
3436 4889 3679 4947 referens
3727 4889 3844 4967 Deo

2264 4984 2802 5051 dicebat:Benedieo
2819 4982 3070 5052 te,Pater
3113 4980 3497 5051 pradicande,
3537 4982 3631 5051 qui
3673 4996 3844 5037 omne

2264 5075 2490 5130 verbum
2513 5081 2567 5129 et
2596 5074 2923 5144 promissum
2959 5071 3081 5127 Filii
3110 5074 3190 5127 tui
3240 5074 3538 5143 adimplere
3563 5072 3838 5145 dignaris,

2264 5176 2326 5223 ut
2374 5172 2671 5237 cognoscat
2698 5165 2879 5221 omnis
2916 5155 3200 5233 creatura,
3241 5164 3367 5236 quia
3397 5172 3457 5219 tu
3499 5165 3652 5222 solus
3690 5164 3843 5223 Deus

2264 5258 2319 5313 in
2346 5259 2488 5313 cmlo
2516 5265 2569 5313 et
2597 5258 2653 5312 in
2672 5266 2861 5318 terra.
3679 5244 3682 5247 ’

2332 5350 2495 5407 LXX.
2531 5350 2657 5404 Haec
2679 5358 2734 5404 et
2758 5349 2843 5407 his
2869 5350 3069 5407 similia
3092 5351 3302 5423 dicens.
3335 5350 3582 5407 ascendit
3609 5354 3666 5409 in
3697 5352 3844 5407 emi-

2260 5441 2639 5497 nentiori’loco
2664 5435 2908 5515 etujussit
2939 5450 3067 5497 ante
3099 5457 3169 5498 se
3189 5442 3318 5512 poni
3343 5440 3558 5497 omnem
3590 5441 3842 5510 multitu-

2259 5538 2439 5593 dinem
2460 5533 2859 5614 zegrotantium,
2885 5540 3025 5605 ques
3055 5549 3247 5593 omnes
3272 5534 3378 5599 hac
3403 5547 3539 5589 voce
3556 5533 3842 5605 allocutus

2257 5640 2345 5688 est
2371 5652 2384 5689 :
2416 5629 2657 5684 Similem
2688 5613 2844 5684 vobis
2874 5628 3266 5685 hominemne
3294 5642 3419 5685 esse
3438 5613 3707 5696 videntes,
3740 5639 3843 5680 no-

2258 5726 2352 5780 lite
2385 5732 2575 5793 putare
2617 5721 2762 5793 quod
2791 5736 2820 5775 a
2856 5716 2942 5776 me
2970 5719 3196 5792 possitis
3239 5731 3565 5790 receperam
3598 5712 3841 5773 salutem

2256 5824 2514 5880 vestram,
2553 5813 2645 5871 sed
2676 5810 2771 5882 per
2784 5814 2923 5868 'eum
2956 5811 3143 5883 qui'de
3171 5802 3312 5867 celo
3340 5802 3705 5871 descendens,
3739 5820 3841 5862 αι-

2259 5909 2431 5967 tendit
2469 5899 2951 5967 credentibus‘sibi
2980 5906 3243 5979 integram
3276 5906 3469 5960 anima
3496 5911 3551 5961 et
3580 5897 3841 5973 corporis
