4048 6342
224 459 373 526 ηδτ

1429 474 1997 535 RECOGNITIONUII
2031 478 2163 538 LIB.
2202 480 2287 550 X.

219 580 579 645 medicinam;
618 582 763 687 unde
793 598 895 686 vos
940 591 1122 639 vestra
1162 592 1357 687 testem
1404 586 1610 687 habeat
1646 588 1796 687 hgnc
1824 599 1871 656 Α
1968 611 2179 670 Lxxu.
2221 586 2361 668 rum
2396 630 2496 687 ego
2526 616 2779 677 Clemens
2807 635 2932 676 cum
2964 622 3223 683 fratribus
3252 630 3389 686 meis
3413 637 3471 687 et

218 684 437 727 omnem
470 675 747 743 populum.
774 676 900 745 quia
930 691 994 729 ex
1022 684 1137 730 toto
1161 678 1324 732 corde
1352 680 1577 734 creditis
1598 680 1653 733 in
1685 679 1790 734 Do-

218 764 371 817 mino
402 762 529 820 Jesu
552 766 789 831 Christo,
821 777 877 822 ut
906 768 1082 823 sciant
1110 770 1271 824 etiam
1302 785 1361 824 se
1392 770 1541 840 ipsos
1572 772 1641 827 ab
1669 774 1789 843 ipso

218 870 383 924 posse
420 857 642 912 salvari.
684 858 927 929 Cumque
956 860 1135 916 omnis
1172 863 1464 918 multitudo
1506 863 1789 918 inﬁrman-

214 947 354 1004 tium
406 966 512 1005 una
552 967 684 1006 voce
726 953 1004 1021 clamaret,
1039 954 1183 1009 hunc
1227 970 1351 1011 esse
1394 972 1583 1012 verum
1616 955 1784 1012 Deum

214 1054 377 1109 quem
408 1040 600 1096 Petrus
644 1044 952 1110 annuntiat,
999 1044 1182 1098 subito
1221 1046 1548 1101 immensum
1598 1048 1783 1104 lumen

214 1131 401 1201 gratiae
431 1130 524 1186 Dei
561 1133 616 1186 in
658 1134 838 1190 medio
869 1135 1043 1205 plebis
1085 1138 1368 1207 apparuit,
1401 1148 1457 1193 et
1500 1150 1785 1211 ceperunt

213 1221 496 1293 paralytici
525 1238 746 1279 currere
785 1226 851 1279 ad
883 1227 1046 1297 pedes
1076 1226 1223 1283 Petri
1266 1230 1418 1293 sani,
1454 1233 1581 1285 caeci
1623 1248 1783 1288 recu-

211 1323 400 1384 perato
428 1316 546 1370 visu
584 1318 842 1383 clamare,
878 1319 1055 1384 claudi
1093 1328 1404 1375 restaurata
1432 1337 1783 1393 gressugra-

211 1404 317 1483 tias
366 1420 543 1477 agere,
598 1410 914 1480 languentes
964 1422 1178 1482 recepta
1237 1417 1469 1470 sanitate
1521 1417 1777 1486 gaudere,

207 1506 459 1559 nonnulli
505 1506 666 1561 etiam
698 1508 814 1561 solo
846 1507 979 1563 ﬂatu
1010 1510 1252 1565 viventes
1282 1510 1394 1580 jam
1445 1508 1563 1567 sine
1613 1529 1777 1570 sensu

206 1605 262 1652 et
294 1598 413 1653 sine
454 1614 589 1654 voce
621 1603 921 1670 recuperati
952 1610 1101 1667 sunt,
1134 1618 1326 1659 omnes
1353 1619 1571 1677 quoque
1616 1606 1777 1661 luna-

204 1689 300 1744 tici
325 1698 379 1744 et
409 1692 551 1760 pleni
580 1693 863 1748 daemoniis
890 1694 1106 1748 liberati
1135 1702 1280 1750 sunt.

277 1780 460 1836 LXXI.
501 1780 731 1836 Tantam
760 1783 942 1854 itaque
972 1784 1207 1854 Spiritus
1231 1794 1453 1842 sanctus
1484 1787 1538 1841 in
1570 1788 1662 1842 illa
1691 1790 1778 1845 die

203 1874 435 1942 gratiam
482 1889 595 1929 suae
628 1876 845 1932 virtutis
877 1879 1135 1945 ostendit,
1172 1886 1232 1933 ut
1262 1862 1452 1936 om'nes
1487 1897 1517 1935 a
1550 1882 1775 1938 minimo

202 1979 378 2033 usque
405 1966 473 2020 ad
518 1968 811 2022 maximum
855 1985 963 2023 una
994 1986 1128 2026 voce
1170 1973 1562 2028 conﬁterentur
1593 1973 1777 2029 Domi-

198 2070 364 2122 num;
392 2063 446 2111 et
475 2073 543 2112 ne
567 2060 753 2114 multis
784 2060 1061 2126 immorer,
1091 2062 1234 2117 intra
1261 2072 1469 2133 septem
1503 2065 1623 2120 dies
1651 2066 1774 2135 plus

203 2162 370 2219 quam
400 2149 585 2204 decem
628 2152 796 2206 millia
836 2152 1119 2208 hominum
1150 2156 1436 2212 credentes
1464 2156 1575 2213 Deo
1602 2158 1779 2229 bapti:

201 2239 314 2295 uti
354 2247 482 2296 sunt
510 2249 565 2296 et
610 2246 1043 2302 sanctiﬁcatione
1071 2248 1401 2314 consecrati,
1433 2250 1507 2305 ita
1537 2261 1597 2306 ut
1626 2253 1776 2307 omni

199 2330 767 2403 aviditatisvdesiderio
784 2336 1117 2407 Theophilus
1142 2339 1276 2411 (65),
1302 2341 1397 2410 qui
1418 2349 1537 2397 erat
1557 2344 1774 2400 cunctis

197 2426 519 2496 potentibus
550 2428 607 2483 in
635 2429 857 2485 civitate
884 2431 1195 2495 sublimior.
1227 2433 1425 2491 domus
1453 2450 1568 2492 sua:
1590 2437 1772 2509 ingen-

196 2522 310 2570 tem
338 2518 623 2575 basilicam
652 2523 900 2577 ecclesiae
926 2523 1149 2579 nomine
1177 2512 1637 2593 consecraret,'in
1663 2545 1771 2600 qua

192 2604 361 2665 Petro
391 2614 635 2680 apostolo
670 2614 967 2669 constituta
1015 2621 1099 2671 est
1138 2616 1207 2671 ab
1236 2620 1387 2673 omni
1435 2621 1637 2691 populo
1679 2636 1775 2690 ea-

193 2699 391 2756 thedra
420 2702 555 2774 (66),
582 2711 637 2758 et
666 2704 845 2761 omnis
875 2706 1167 2763 multitudo
1188 2710 1433 2779 quotidie
1454 2710 1522 2765 ad
1552 2710 1775 2767 audien-

193 2790 330 2846 dum
368 2794 595 2851 verbum
638 2797 992 2863 conveniens,
1022 2799 1282 2856 credebat
1322 2816 1471 2857 sana:
1507 2801 1773 2859 doctrinae

190 2898 363 2955 quam
385 2886 679 2943 sanitatum
704 2887 995 2949 elﬁcacitas
1020 2889 1345 2950 aﬂlrmabat.

1892 713 2064 758 matre
2085 713 2295 773 patrem
2325 706 2673 777 alloquimur,
2698 718 2879 766 utrum
2911 716 3105 785 aliquae
3135 717 3471 777 inﬁdelitatis

1890 792 1945 846 in
1974 808 2039 846 eo
2070 794 2310 864 reliquiae
2355 798 2769 855 remansissent.
2792 803 2860 855 At
2892 804 2979 858 ille
3005 823 3017 859 :
3046 805 3257 874 Venite,
3296 811 3394 877 ait,
3414 819 3473 867 et

1890 881 2141 938 videbitis
2166 897 2348 938 coram
2381 881 2563 950 Petro,
2592 895 2857 957 quantum
2884 892 2939 944 in
2970 907 3057 947 me
3084 892 3207 949 ﬁdei
3235 899 3473 955 creverit

1888 972 2313 1027 incrementum.
2360 972 2516 1028 Tunc
2559 977 2827 1033 accedens
2877 978 3287 1049 Faustinianus,
3340 1001 3470 1055 pro-

1886 1064 2018 1119 cidit
2048 1066 2115 1119 ad
2152 1065 2319 1135 pedes
2352 1065 2499 1121 Petri
2529 1068 2719 1124 dicens
2747 1090 2758 1125 :
2794 1070 3014 1128 Semina
3042 1076 3192 1131 verbi
3225 1078 3304 1133 tui
3347 1093 3469 1148 quas

1884 1170 2016 1225 ager
2046 1170 2179 1209 mea:
2207 1156 2406 1231 mentis
2434 1157 2665 1227 accepit,
2693 1160 2807 1228 jam
2852 1171 2979 1215 nata
3016 1175 3166 1230 sunt,
3197 1176 3360 1237 atque
3392 1170 3469 1221 ita

1844 1286 1847 1289 ς
1885 1247 1952 1301 ad
1990 1246 2276 1302 fecundam
2311 1248 2680 1303 maturitatem
2726 1244 2985 1321 provecta
3033 1265 3194 1323 sunt,
3231 1267 3291 1312 ut
3329 1259 3467 1316 nihil

1882 1340 2050 1402 desit,
2083 1340 2192 1394 nisi
2222 1346 2284 1393 ut
2327 1353 2356 1391 a
2403 1339 2575 1407 paleis
2607 1356 2693 1396 me
2728 1346 2963 1413 Spiritali
2993 1350 3084 1403 illa
3117 1358 3208 1405 tua
3239 1351 3467 1408 deseces

1884 1429 2022 1484 falce
2043 1438 2097 1484 et
2126 1443 2361 1499 reponas
2384 1444 2471 1484 me
2500 1429 2555 1483 in
2589 1430 2788 1489 horreo
2817 1436 3122 1505 Dominico,
3150 1442 3355 1500 faciens
3379 1460 3470 1502 mo

1848 1542 2084 1585 _mens:e
2120 1525 2316 1581 divina:
2346 1524 2686 1594 participem.
2734 1527 2872 1583 Tum
2917 1530 3112 1588 Petrus
3145 1549 3273 1588 eum
3313 1534 3466 1592 omni

1882 1619 2163 1673 alacritate
2200 1614 2617 1687 apprehendens
2654 1634 2875 1675 manum
2903 1624 3045 1692 ejus,
3075 1625 3305 1680 tradidit
3339 1641 3466 1682 eum

1879 1712 2015 1765 mihi
2039 1699 2306 1767 Clementi
2333 1719 2387 1769 et
2416 1714 2678 1773 fratribus
2707 1714 2845 1769 meis
2868 1753 2883 1778 ,
2924 1715 3113 1773 dicens
3142 1737 3154 1771 :
3184 1717 3338 1774 Sicut
3365 1719 3466 1775 tibi

1880 1805 2021 1873 patri
2051 1804 2192 1861 ﬁlios
2235 1808 2478 1863 restituit
2505 1809 2673 1872 Deus,
2716 1807 2792 1860 ita
2829 1813 2884 1861 et
2929 1815 3141 1878 patrem
3173 1809 3269 1862 ﬁlii
3299 1809 3466 1865 resti-

1878 1902 2041 1951 tuunt
2078 1895 2210 1953 Deo.
2254 1896 2458 1953 Indixit
2488 1908 2669 1953 autem
2709 1896 2981 1967 jejunium
3025 1900 3174 1953 omni
3209 1898 3468 1969 plebi,%t

1879 1988 2129 2044 veniente
2174 1989 2263 2045 die
2306 1989 2589 2046 Dominica
2634 1989 2934 2057 baptizavit
2982 2004 3144 2053 eum,
3190 1999 3355 2060 atque
3405 1990 3463 2046 in

1878 2079 2058 2134 medio
2098 2081 2305 2151 popuio
2338 2094 2405 2137 ex
2453 2080 2814 2136 conversione
2863 2079 2983 2149 ejus
3032 2081 3317 2135 materiam
3367 2095 3466 2135 su-

1877 2186 2055 2237 mens,
2081 2187 2272 2229 omnes
2298 2187 2462 2228 casus
2506 2172 2626 2243 ejus
2656 2172 2933 2243 exposuit,
2966 2172 3041 2226 ita
3076 2179 3137 2227 ut
3166 2172 3348 2230 omnis
3376 2172 3463 2228 ci-

1875 2264 2017 2319 vitas
2045 2265 2206 2334 quasi
2247 2266 2498 2335 angelum
2529 2279 2653 2319 eum
2685 2264 3012 2334 susciperet,
3043 2272 3098 2318 et
3128 2279 3238 2318 non
3282 2263 3464 2318 mino—

1875 2371 1991 2411 rem
2018 2356 2068 2410 ei
2100 2357 2328 2427 gratiam
2371 2372 2535 2428 quam
2567 2359 2814 2430 apostolo
2840 2348 3219 2433 exhiberet.["
3248 2354 3463 2423 Quibus

1878 2449 2134 2520 cognitis,
2161 2447 2359 2530 Petrus
2390 2457 2610 2531 postera
2640 2450 2727 2506 die
2769 2448 3064 2505 convenire
3112 2448 3343 2519 populos
3369 2447 3462 2518 ju-

1878 2540 1989 2606 bet,
2017 2547 2073 2595 et
2100 2556 2212 2595 uno
2249 2527 2318 2596 ei
2347 2541 2435 2598 his
2477 2543 2571 2612 qui
2597 2527 2984 2611 sequebantur
3015 2554 3161 2607 eum,
3206 2539 3463 2595 ordinato

1878 2629 2157 2700 episeopo,
2184 2637 2239 2686 et
2264 2632 2387 2686 aliis
2411 2631 2769 2703 presbyteris,
2794 2632 3090 2703 plurimum
3117 2646 3337 2702 quoque
3368 2645 3465 2701 po-

1880 2721 2069 2790 pulum
2099 2722 2418 2793 baptizavit,
2450 2738 2751 2796 omnesque
2785 2723 2881 2794 qui
2910 2732 3068 2779 erant
3113 2722 3300 2780 vexati
3340 2722 3461 2777 lan-

1877 2813 2140 2883 guoribus
2170 2815 2393 2870 sanitati
2422 2810 2712 2884 restituit.]

802 3154 917 3210 haec
946 3155 1206 3226 periodus
1254 3155 1311 3212 in
1366 3157 1490 3214 cod.
1550 3155 1941 3231 antiquissimo
1988 3161 2194 3236 Bodlei.
2221 3180 2375 3223 num.
2406 3160 2534 3233 405,
2564 3180 2653 3237 ap.
2680 3150 2942 3225 Grabium
2977 3166 3032 3222 in
3068 3165 3315 3240 Spicilcg.
3347 3164 3455 3228 88.

194 3219 379 3291 Ριιιτο,
400 3227 442 3277 ι.
466 3219 518 3297 1,,
538 3236 593 3293 p.

1536 3472 1904 3533 COTELERII
1926 3469 2160 3533 Νοτιεῖς

185 3702 192 3708 ·
275 3679 387 3752 (65)
420 3679 752 3752 Theophilus.
777 3677 878 3745 Qui
896 3693 1098 3752 magna
1124 3689 1427 3749 temporum
1450 3675 1776 3752 confusione
1802 3683 1847 3745 ο

198 3746 468 3821 septimus
499 3746 796 3807 Antiochia:
821 3746 1115 3820 episcopus
1144 3746 1266 3804 esse
1308 3754 1530 3819 putatur
1558 3746 1588 3800 a
1618 3747 1773 3801 Guil-

196 3823 366 3875 lelnto
391 3819 555 3875 Tvrio
598 3820 692 3874 lib.
726 3837 778 3875 tv
804 3819 1063 3875 Historia:
1088 3818 1210 3873 belli
1244 3819 1387 3872 sacri
1414 3832 1537 3875 can.
1570 3815 1623 3875 9,
1657 3824 1710 3871 et
1740 3830 1771 3870 a

198 3834 366 3877 Ielnio
392 3834 555 3891 't'yrio
601 3834 692 3874 un.
726 3837 778 3875 iv
804 3834 1063 3875 mstona:
1088 3834 1210 3873 nem
1244 3834 1387 3872 sacri
1414 3834 1537 3940 cap.
1570 3834 1623 3898 ιτ,
1657 3834 1710 3871 et
1740 3834 1768 3870 a

194 3889 317 3946 Jac.
364 3890 700 3960 deVitriaeo
732 3905 853 3960 cap.
878 3890 947 3945 32
980 3890 1233 3944 Historia?
1249 3887 1473 3960 Hieroso
1497 3895 1768 3960 ymrtante.

276 3961 390 4038 (56)
420 3959 575 4038 Petro
600 3958 865 4038 Apost_olo_
885 3962 1174 4038 constituat}
1212 3967 1290 4038 est
1322 3958 1560 4038 abq».om_ni
1581 3958 1772 4038 populo

199 4028 478 4109 cathedra.
515 4031 591 4086 De
615 4028 1081 4109 hacidntiochena
1122 4028 1774 4109 Petrineathedrahejnso

198 4101 482 4179 que_fes_t_o
521 4110 686 4171 agunt
722 4095 1201 4179 Martyrologiaad
1243 4098 1313 4154 22
1337 4095 1774 4179 Februarii,’Le-

198 4170 730 4244 g'cndaASanctorurn
771 4170 892 4241 cap.
941 4170 1044 4244 4ρξ
1079 4170 1298 4244 Gemma
1341 4170 1546 4244 animle
1562 4170 1657 4223 lib.
1684 4183 1767 4244 in,

200 4238 332 4325 {iam
368 4240 482 4325 ‘26;
524 4241 640 4325 _l_vo_
670 4238 1023 4325 carnot‘ensis
1048 4281 1062 4306 ,
1086 4242 1356 4325 Ialiique.“
1376 4238 1437 4325 In
1486 4238 1773 4325 itinerario

1879 3675 2016 3751 ehia:
2049 3682 2378 3751 monstrath
2423 3674 2677 3751 cathedra
2705 3675 2770 3731 Β.
2804 3675 2974 3733 Petri.
3009 3678 3460 3751 inveni‘qupqpo

1879 3747 2027 3801 hunc
2072 3745 2291 3811 titulum
2338 3744 2394 3800 in
2438 3748 2690 3811 catalogo
2734 3762 2873 3803 mss.
2914 3748 3164 3804 ecclesiae
3206 3744 3270 3805 SI
3307 3744 3457 3807 rem

1879 3814 2285 3889 Bellovacensis
2318 3814 2552 3889 :_Scrmo
2596 3814 2655 3871 S.
2698 3816 2983 3889 Clementis
3022 3834 3173 3889 papa:
3210 3821 3265 3873 in
3305 3817 3458 3876 Petri

1880 3887 2243 3959 apostolorum
2278 3886 2826 3959 principis‘msionc,
2866 3905 2971 3959 qua
3014 3886 3321 3945 cathedram
3371 3892 3457 3945 itt-

1879 3955 2142 4029 stauraoit
2172 3955 2511 4029 Antiochiae,
2537 3957 2673 4029 Eum
2719 3955 2902 4013 autem
2935 3961 3242 4029 catalogum
3281 3960 3457 4029 debeo

1878 4026 2000 4082 viro
2044 4027 2316 4082 natalibus
2358 4042 2424 4082 ac
2463 4027 2759 4083 virtutibus
2794 4028 2993 4084 illustri
3023 4026 3259 4084 Antonio
3289 4028 3453 4086 Vioni

1881 4096 2212 4171 Herovallio.
2242 4096 2421 4171 cujus_
2439 4096 2779 4171 indefessum
2793 4110 2913 4171 pro
2942 4115 3001 4171 re
3029 4100 3295 4171 litteraria
3324 4116 3455 4171 pro-

1877 4167 2145 4238 movenda
2171 4174 2227 4222 et
2263 4182 2364 4238 pro
2390 4167 2738 4231 demerendis
2768 4167 3029 4229 litteratis
3056 4170 3299 4225 studium
3325 4167 3457 4226 hm-

1874 4253 1974 4293 nes
2000 4237 2162 4308 hodie
2186 4237 2507 4308 praedicant,
2552 4254 2743 4294 omnes
2790 4240 3089 4306 mirantur,
3129 4242 3283 4297 nulla
3318 4248 3455 4299 etas

208 4300 566 4370 Willcbnndi
593 4313 662 4369 ab
690 4312 1027 4384 Oldenborg;
1051 4300 1141 4367 ’1η
1174 4300 1273 4367 hac
1308 4309 1551 4379 Ecclesia
1584 4310 1774 4366 Antio—
1875 4323 1987 4403 non
2009 4300 2309 4397 celebrabit
2334 4300 2500 4389 atque
2523 4308 2904 4380 demirabitur.
