4078 6336
247 362 384 420 “57

1303 357 1872 418 RECOGNITIONES.
1911 389 1978 401 —-
2007 357 2368 414 APPENDIX.

3355 364 3507 433 H58

241 479 536 551 νηστείαις,
574 477 668 535 καὶ
699 482 809 545 τοῖς
842 481 1158 544 Σαδδάτοις,
1198 482 1290 534 καὶ
1323 485 1442 547 ταῖς
1469 479 1815 550 Νεομηνίαις,

1924 490 2152 543 eorum;
2185 486 2238 531 et
2280 474 2528 531 absolute
2574 478 2826 532 renuntio
2857 478 3006 533 omni
3035 479 3388 536 Judaicorum
3424 481 3500 536 le-

239 573 336 628 καὶ
390 575 502 635 τοῖς
558 571 837 644 βρώμασι,
890 573 982 625 καὶ
1035 576 1147 636 τοῖς
1194 573 1445 644 πόμασιν·
1479 572 1673 625 αὐτῶν·
1711 559 1817 622 ’καὶ

237 666 426 728 ἁπλῶς
473 666 847 735 άποτάσσομαι
894 666 1056 718 παντὶ
1101 664 1401 718 Ἰουδαϊκῶν
1446 663 1692 735 νομίμων
1724 662 1814 716 καὶ

239 757 383 822 εθει,
419 759 514 810 καὶ
561 757 966 828 ἐπιτηδεύματι·
1016 757 1119 812 καῖ’
1157 759 1248 811 επὶ
1291 758 1500 820 τούτοις
1546 757 1820 825 ἀναθεμα-

238 846 373 912 τίζω
404 847 501 912 τὰς
535 849 683 920 παρὰ
730 849 999 914 Ἰουδαίοις
1032 850 1270 920 αἱρέσεις
1318 850 1411 901 καὶ
1441 848 1567 911 τοὺς
1613 849 1819 917 αἱρετι-

239 939 388 1004 πούς⁶
425 940 842 1005 Σαδδουκαίους,
875 942 998 1004 τοὺς
1031 940 1350 1012 λεγομένους
1381 939 1642 1000 δικαίους,
1688 936 1820 990 οἵτι-

240 1046 329 1093 νες
361 1031 422 1083 τὸ
447 1030 667 1101 Πνεῦμα
700 1031 760 1084 τὸ
805 1031 958 1098 ἂγιον
1007 1028 1420 1100 βλασφημοῦσι,
1457 1029 1550 1082 καὶ
1581 1029 1680 1100 τὴν
1710 1025 1820 1079 τῶν

237 1123 455 1194 νεκρῶν,
481 1123 773 1176 ἀνάστασιν
806 1121 1073 1185 ἀθετοῦσι,
1110 1121 1203 1174 καὶ
1235 1121 1361 1184 τοὺς
1394 1119 1655 1188 ἀγγέλους
1689 1118 1822 1171 ἀπο-

239 1213 540 1268 ϐάλλονται·
577 1213 920 1284 Φαρισαίους,
955 1214 1079 1278 τοὺς
1112 1211 1524 1284 ἀφωρισμένους
1547 1252 1561 1275 ,
1597 1212 1644 1263 οἳ
1681 1208 1820 1263 κατὰ

238 1305 494 1377 δευτέραν
539 1306 632 1358 καὶ
678 1306 904 1376 πέμπτῃ
949 1304 1331 1375 νηστεύοντες,
1381 1303 1473 1356 καὶ
1524 1300 1821 1373 παρθενίαν

239 1397 329 1450 ἐπὶ
379 1399 601 1468 καιροὺς
647 1396 982 1467 ὡρισμένους
1035 1383 1483 1465 ὑποκρινόμενοι,
1529 1391 1822 1461 μετέπειτα

237 1488 418 1542 λύουσι
448 1491 628 1542 πᾶσαν
656 1490 977 1560 ἐγκράτειαν
1003 1527 1016 1550 ,
1044 1485 1323 1552 δοξάζουσι
1361 1485 1416 1539 δὲ
1445 1485 1786 1555 εἱμαρμένην
1807 1525 1819 1547 ,

237 1581 329 1633 καὶ
375 1581 440 1650 τῇ
484 1579 808 1652 ἀστρολογία
857 1579 1206 1650 σχολάζουσι·
1254 1576 1639 1648 Νασαραίους,
1697 1577 1823 1638 τοὺς

237 1669 659 1742 ἀφηνιαστὰς,οἳ
684 1672 774 1724 τὸν
809 1672 935 1743 περὶ
969 1669 1166 1724 θυσιῶν
1199 1670 1258 1723 ού
1302 1668 1696 1740 παραδέχονται
1729 1665 1822 1720 τοῦ

234 1762 476 1826 Μωσέως
499 1763 681 1833 νόμον,
701 1765 793 1816 κα)⁵
825 1763 910 1817 διὰ
929 1762 1085 1816 τοῦτο
1109 1761 1366 1833 ἐμψύχων
1391 1760 1708 1830 ἀπέχονται,
1729 1759 1822 1811 καὶ

1917 567 2232 638 gitimorum
2263 575 2377 622 tum
2425 567 2586 632 mori,
2618 575 2732 623 tum
2786 569 3055 626 instituto.
3090 572 3171 626 Ad
3217 572 3330 628 haec
3362 589 3496 626 ana-

1918 659 2158 713 themate
2211 656 2349 713 ferio
2383 668 2436 713 et
2481 658 2716 714 haereses
2755 677 2876 730 qua:
2922 664 3064 732 apud
3104 661 3319 719 Judazos
3351 664 3502 718 inve~

1920 748 2170 812 niuntur,
2207 758 2260 804 et
2291 749 2445 819 ipsos
2470 749 2791 818 hzereticos;
2841 751 3173 808 Sadduemos
3197 793 3212 815 .
3244 755 3334 824 qui
3363 753 3499 824 justi

1919 846 2209 904 vocantur,
2243 841 2444 910 quique
2498 840 2760 912 Spiritum
2803 836 3047 899 sanctum
3095 846 3498 916 hlasphemant,

1920 945 2265 990 mortuorum
2309 938 2768 993 resurrectionem
2815 939 3160 1002 inﬁciantur,
3196 948 3359 1010 atque
3403 959 3502 996 an-

1921 1028 2072 1098 gelos
2105 1027 2394 1097 rejiciunt;
2430 1027 2757 1095 Pharisaeos,
2792 1041 3105 1103 segregatos
3136 1034 3226 1103 qui
3261 1035 3500 1089 secunda

1921 1126 1975 1174 et
2003 1119 2196 1190 quinta
2237 1118 2371 1175 feria
2415 1121 2698 1189 jejunant,
2736 1122 3108 1193 virginitatem
3154 1140 3252 1195 per
3278 1126 3502 1180 deﬁnita

1926 1217 2172 1280 tempora
2206 1210 2489 1274 simulant,
2523 1219 2821 1282 posteaque
2851 1227 3065 1267 omnem
3109 1215 3332 1268 solvunt
3373 1232 3504 1268 cori-

1923 1300 2231 1366 tinentiam,
2271 1301 2439 1356 fatum
2468 1310 2647 1356 autem
2675 1302 2996 1373 praedicant,
3019 1313 3072 1360 et
3105 1313 3302 1358 vacant
3329 1316 3504 1358 astro-

1925 1394 2451 1465 logim;l\'azarreos,
2502 1395 2886 1461 refractarios,
2918 1398 3008 1467 qui
3048 1398 3219 1467 legem
3260 1413 3288 1450 a
3323 1396 3507 1468 Moyse

1924 1487 1991 1543 de
2024 1488 2311 1544 sacriﬁciis
2341 1488 2505 1542 latam
2531 1505 2638 1543 non
2673 1489 3005 1555 admittunt,
3031 1489 3264 1560 ideoque
3296 1490 3507 1542 anima-

1925 1579 1997 1636 tis
2043 1579 2360 1643 abstinent,
2413 1595 2514 1635 nec
2563 1581 2831 1638 ullatenus
2876 1583 3223 1649 sacriﬁcant;
3266 1579 3503 1647 Ossaeos,

1926 1671 2373 1742 procacissimos,
2415 1672 2508 1742 qui
2560 1672 2680 1728 aliis
2723 1687 2751 1726 a
2798 1670 2937 1744 Lege
2983 1673 3284 1744 Scripturis
3314 1673 3420 1736 usi,
3453 1680 3508 1726 et

1928 1761 2219 1832 plerosque
2266 1762 2654 1834 prophetarum
2698 1763 3036 1831 rejicieutes,
3087 1765 3350 1836 magistro
3393 1765 3509 1835 glo-

233 1855 371 1920 δλως
423 1855 482 1908 οὐ
535 1831 739 1907 θύουσιο
791 1854 1103 1917 ὐσσαίους,
1143 1831 1282 1918 τοὺς
1335 1853 1815 1924 ἰταμωτάτους,οῖ

1923 1852 2138 1907 riantur
2181 1853 2422 1918 homine,
2463 1854 2551 1908 cui
2586 1869 2784 1910 nomen
2817 1854 2966 1909 Elxai
2992 1896 3007 1919 ,
3047 1855 3153 1909 hoc
3197 1864 3304 1919 est,
3341 1856 3506 1910 virtus

233 1951 473 2019 γραφαῖς
507 1946 722 2017 ἑτέραις
757 1945 903 2018 παρὰ
935 1945 1027 1999 τὸν
1060 1946 1223 2016 νόμον
1253 1943 1546 2016 χρώμενοί,
1579 1944 1817 2009 καὶτοὺς

233 2036 456 2100 πλείους
501 2036 608 2088 τῶν
659 2034 952 2105 προφητῶν
993 2034 1451 2104 ἀποδαλλόμενοι,
1499 2033 1817 2088 διδάσκαλον

229 2125 488 2197 αὐχοῦσιν
540 2107 856 2198 άνθρωπον,
913 2125 1098 2193 Ἦλξατ
1153 2124 1518 2196 καλούμενον,
1576 2125 1672 2177 εἰτ’
1727 2121 1818 2178 οὖν

227 2215 489 2287 δύναμιν
519 2217 998 2286 κεκαλυμμένην,
1030 2218 1126 2270 καὶ
1147 2214 1378 2288 Μαρθὼ,
1406 2218 1498 2272 καὶ
1517 2214 1818 2287 Μαρθάνην

225 2307 329 2371 τὰς
372 2309 479 2361 ἀπὸ
521 2308 613 2362 τοῦ
664 2309 854 2377 γένους
902 2308 1065 2362 αὐτοῦ
1115 2308 1528 2379 καταγομένας,
1579 2307 1655 2370 ὼς
1691 2305 1818 2369 θεὰς

226 2400 482 2470 τιμῶσιν·
527 2403 907 2473 Ἡρωδιανοὺς,
950 2403 1005 2455 οἵ
1038 2420 1180 2466 τινες
1218 2402 1306 2455 τὸν
1337 2400 1632 2469 ἀλλόφυλον
1661 2399 1815 2469 βασι-

227 2491 327 2547 λέα
359 2495 466 2546 τῶν
512 2495 797 2557 Ἰουδαίων,
831 2494 1074 2566 Ἡρώδην
1103 2496 1193 2548 τὸν
1231 2493 1711 2565 σκωληκόϐρωτον,
1744 2493 1816 2556 ὡς

225 2589 465 2660 Χριστὸν
507 2591 854 2656 δοξάζουσιν
902 2591 1452 2664 Ἦμεροϐαπτιστὰς,
1493 2590 1543 2643 οἳ
1574 2589 1642 2643 τὰ
1679 2589 1819 2644 αὐτὰ

227 2683 549 2754 φρονοῦντες
569 2688 695 2750 ,τοῖς
725 2686 1055 2758 Φαρισαίοις,
1076 2684 1460 2758 δογματίζουσι
1490 2681 1631 2737 κατὰ
1652 2699 1820 2755 προσ-

226 2772 402 2845 θήκην
451 2773 512 2828 τὺ
564 2776 637 2848 μὴ
687 2777 946 2830 δύνασθαι
978 2777 1261 2848 ἄνθρωπον
1303 2775 1576 2846 σωθῆναι,
1612 2775 1706 2829 ἐὰν
1743 2775 1818 2845 μὴ

226 2863 353 2917 καθ’
397 2863 633 2935 ἑκάστην
681 2866 892 2937 ἡμέραν
928 2866 1267 2935 βαπτίζεται·
1315 2865 1668 2937 Γραμματεῖς
1699 2865 1819 2936 ἦτοι

223 2953 742 3023 νομοδιδασκάλους,
810 2956 858 3011 οἳ
927 2957 1002 3028 μὴ
1044 2956 1285 3020 θέλοντες
1331 2956 1472 3010 κατὰ
1517 2957 1608 3010 τδν
1657 2960 1820 3026 νόμον

224 3043 347 3117 ζῇν,
383 3046 517 3100 ἀλλὰ
551 3047 892 3120 περισσεύειν
931 3048 1115 3112 αὐτοῦ,
1145 3048 1348 3114 ξεστῶν
1387 3049 1498 3102 καῖ’
1523 3049 1818 3120 ποτηρίων,

224 3138 324 3190 καὶ
359 3139 635 3203 πινάκων,
683 3140 777 3193 καί⁵
822 3139 933 3192 τῶν
967 3138 1399 3193 ἄλλων-σκευῶν
1452 3140 1812 3212 βαπτισμοὺς,

224 3228 321 3282 καὶ
346 3234 534 3302 πυγμῇ
557 3235 572 3252 ⁶
601 3231 700 3295 τὰς
734 3233 919 3302 χεῖρας
936 3232 1143 3285 νίπτειν
1172 3233 1264 3284 καὶ
1295 3232 1364 3285 τὰ
1401 3231 1567 3303 σκεύη
1601 3231 1818 3288 πλύνειν

222 3320 532 3387 ἐπινοοῦσι,
580 3325 673 3376 καὶ
719 3323 902 3387 ἁπλῶς
946 3323 1145 3388 πολλὰς
1194 3324 1524 3393 παραδόσεις
1572 3323 1707 3388 ἰδίας
1739 3324 1818 3394 τῷ

224 3414 377 3484 νόμῳ
423 3416 838 3485 προστιθέντες,
887 3416 1248 3488 Δευτερώσεις
1293 3417 1494 3481 ταύτας
1538 3415 1817 3483 καλοῦσιν,

223 3499 340 3558 οἷον
373 3507 630 3580 δευτέρας
665 3509 800 3564 Θεοῦ
833 3511 1171 3582 νομοθεσίας,
1205 3511 1300 3565 καὶ
1329 3512 1426 3581 τὴν
1459 3511 1558 3582 μέν
1592 3509 1819 3582 πρώτην

223 3597 435 3668 ψευδῶς
461 3602 822 3676 ἀναφέρουσιν
845 3605 922 3667 είς
955 3604 1045 3657 τὸν
1079 3604 1303 3668 Μωσέα,
1339 3603 1435 3675 τὴν
1468 3603 1524 3657 δὲ
1556 3602 1816 3673 δευτέραν

224 3692 308 3754 είς
352 3690 442 3744 τὸν
489 3693 678 3747 Ῥασεὶ
721 3697 974 3760 ’Λκι6ἇν,
1022 3695 1119 3767 τὴν
1166 3695 1222 3750 δὲ
1263 3695 1453 3766 τρίτην
1507 3696 1586 3757 εἰς
1625 3695 1812 3747 Ἀννᾶν

222 3782 317 3835 τὸν
357 3785 451 3838 καὶ
487 3785 708 3851 Ἰούδαν,
739 3789 838 3858 τὴν
867 3788 921 3842 δὲ
957 3789 1228 3860 τετάρτην
1265 3791 1346 3851 είς
1377 3789 1503 3852 τοὺς
1532 3788 1810 3858 Νασαμῶ-

223 3875 380 3928 ναίου
405 3876 516 3950 (68)
553 3880 719 3943 υίοὺς,
755 3881 816 3933 oi.‘
851 3898 995 3944 τινες
1042 3884 1135 3936 καὶ
1181 3882 1242 3935 τὸ
1286 3882 1559 3936 Σάόσατον
1600 3883 1658 3935 ὲν
1700 3881 1813 3945 τοῖς

224 3965 486 4037 πολέμοις
537 3969 825 4040 ἠθέτησαν.
875 3970 1091 4035 Ταύτας
1131 3967 1223 4026 οῦν
1269 3968 1680 4042 άναθεματίζων
1712 3971 1812 4034 τὰς

238 4057 539 4123 Ἰουδαῖκὰς
586 4061 765 4127 πάσας
816 4062 1089 4136 αἱρέσεις,
1139 4064 1387 4128 καὶτοὺς
1432 4063 1807 4135 αίρεσιάρχας,

226 4151 322 4207 καὶ
356 4151 455 4215 τὰς
486 4154 848 4227 Δευτερὼσεις
870 4195 887 4215 .
929 4158 1023 4210 καὶ
1054 4157 1180 4221 τοὺς
1213 4155 1577 4227 Δευτερωτὰς,
1615 4153 1807 4211 ἀναθε-

230 4241 446 4308 ματίςω
479 4243 615 4313 μετὰ
648 4244 852 4299 τούτων
886 4248 979 4300 καὶ
1009 4248 1135 4312 τοὺς
1168 4248 1265 4318 τὴν
1298 4248 1490 4319 ἑορτὴν
1519 4245 1806 4307 τελοῦντας

223 4331 320 4386 τοῦ
380 4333 672 4406 λεγομένου
725 4338 1070 4411 Μαρδοχαίου
1117 4339 1256 4393 κατὰ

1918 1946 2252 2010 abscondita,
2283 1957 2444 2017 atque
2489 1962 2557 2002 ex
2587 1962 2783 2018 genere
2822 1947 2994 2016 ipsius
3035 1958 3184 2001 ortas
3227 1948 3503 2008 mulieres,

1919 2039 2258 2094 Marthonem
2294 2049 2346 2095 et
2373 2039 2712 2095 Marthanam
2738 2041 2902 2096 veluti
2927 2042 3057 2097 deas
3079 2043 3300 2109 colunt;
3336 2042 3494 2098 Hero-

1917 2132 2134 2196 dianos,
2163 2133 2254 2202 qui
2286 2132 2646 2203 alienigenam
2672 2148 2850 2203 regem
2875 2131 3186 2189 Judaeorum
3212 2133 3519 2198 llerodem,.

1919 2237 1950 2276 a
1981 2222 2262 2278 vermibus
2291 2239 2540 2286 exesum,
2573 2231 2835 2295 tanquam
2867 2224 3147 2281 Christum
3178 2227 3455 2282 celebrant
3484 2245 3499 2293 ;

1919 2310 2457 2384 llemerohaptistas,
2489 2315 2581 2385 qui
2627 2315 2816 2372 eadem
2859 2317 3157 2372 sentientes
3206 2333 3330 2372 cum
3363 2317 3508 2372 Pha-

1920 2405 2119 2472 risaeis,
2156 2416 2416 2478 pneterea
2453 2407 2670 2472 docent,
2697 2411 2971 2464 neminem
2996 2410 3206 2464 salvum
3237 2410 3351 2466 ﬁeri
3377 2427 3508 2483 pos-

1919 2510 1998 2562 se,
2032 2497 2140 2552 nisi
2171 2498 2416 2568 quotidie
2443 2499 2586 2554 lavet
2624 2517 2635 2552 :
2670 2499 2895 2556 Scribas
2929 2518 3023 2558 seu
3067 2501 3204 2574 legis
3230 2502 3509 2570 doctores,

1921 2590 2012 2660 qui
2045 2605 2152 2643 non
2183 2590 2426 2644 contenti
2469 2590 2623 2659 iuxta
2679 2590 2853 2662 legem
2888 2593 3096 2659 vivere,
3132 2595 3227 2651 sed
3266 2597 3508 2654 volentes

1920 2682 2076 2752 plura
2106 2679 2286 2737 facere
2316 2697 2480 2752 quam
2513 2683 2604 2736 illa
2649 2685 2968 2755 prmscrihat
2988 2725 3002 2750 ,
3039 2685 3392 2750 intinctiones
3424 2706 3512 2745 ur-

1918 2788 2141 2828 ceorum
2163 2812 2178 2834 ,
2211 2773 2444 2828 calicum
2467 2813 2482 2838 ,
2517 2773 2794 2831 discorum
2839 2791 2903 2832 ac
2962 2779 3184 2848 reliqua-
3272 2781 3510 2851 supelle-

1919 2865 2066 2920 ctilis
2102 2865 2436 2936 excogitant,
2470 2866 2742 2937 simulque
2770 2883 2966 2925 manus
3013 2869 3330 2941 frequenter
3360 2873 3510 2927 lava.

1918 2971 1998 3021 re,
2031 2964 2085 3012 et
2123 2972 2258 3012 vasa
2290 2959 2534 3024 abluere,
2573 2969 2738 3031 atque
2785 2965 3010 3019 omnino
3042 2966 3229 3020 multis
3258 2965 3510 3021 traditio-

1920 3046 2081 3102 nibus
2114 3047 2230 3102 suis
2271 3047 2338 3102 ad
2403 3045 2579 3118 legem
2612 3050 2834 3115 additis,
2869 3067 2962 3107 eas
3000 3054 3274 3123 appellant
3312 3054 3510 3112 Dente-

1920 3154 2098 3204 roses,
2131 3141 2288 3211 quasi
2312 3141 2582 3197 secundas
2626 3142 2719 3199 Dei
2760 3145 3163 3217 legislationes;
3189 3155 3242 3205 et
3275 3151 3508 3219 primam

1921 3233 2143 3303 quidem
2185 3233 2325 3288 falso
2357 3233 2603 3290 referunt
2634 3236 2701 3290 ad
2733 3235 2994 3309 Moysem,
3042 3240 3337 3295 secundam
3381 3259 3510 3299 vero

1922 3322 1989 3377 ad
2020 3321 2192 3380 Babbi
2221 3324 2475 3389 Akibam,
2508 3327 2727 3381 tertiam
2775 3329 2842 3384 ad
2874 3328 3086 3386 Annam
3119 3332 3212 3402 qui
3253 3343 3305 3387 et
3336 3331 3508 3390 ludas

1920 3414 2142 3480 dicitur,
2193 3427 2445 3488 quartam
2495 3426 2676 3474 autem
2723 3421 2792 3476 ad
2840 3421 3146 3477 Asamonazi
3200 3423 3362 3490 ﬁlios,
3414 3427 3508 3497 qui

1919 3505 2085 3561 etiam
2120 3505 2418 3562 Sahbatum
2445 3507 2498 3562 in
2530 3509 2733 3580 praeliis
2763 3509 3056 3567 \iolarunt.
3085 3512 3192 3570 llas
3230 3531 3360 3586 ergo
3383 3532 3511 3574 ana-

1919 3596 2288 3653 thematizans
2325 3597 2587 3654 ludaicas
2625 3615 2815 3656 omnes
2863 3601 3100 3658 haereses
3135 3613 3188 3658 et
3223 3605 3511 3662 hmresiar-

1913 3689 2073 3757 chas,
2101 3692 2341 3761 itemque
2369 3689 2697 3748 Deuteroses
2736 3709 2861 3748 cum
2899 3691 3247 3766 Deuterotis,
3280 3700 3510 3756 anathe-

1914 3781 2116 3835 matizo
2158 3796 2282 3837 cum
2317 3781 2427 3836 illis
2458 3781 2624 3836 etiam
2656 3797 2750 3839 eos
2781 3783 2875 3854 qui
2919 3785 3119 3840 festum
3154 3790 3330 3844 vocati
3365 3788 3510 3844 Mar-

1913 3872 2124 3927 dochaei
2163 3874 2440 3940 celebrant
2483 3873 2549 3928 ad
2595 3873 2830 3944 primum
2867 3873 3165 3931 Sabbatum
3207 3877 3509 3936 Christiani

1907 3961 2145 4032 jejunii;
2178 3971 2232 4019 et
2286 3966 2474 4035 utique
2523 3964 2671 4035 ligno
2720 3966 2982 4022 Amanem
3015 3969 3186 4024 clavis
3241 3969 3507 4042 al’ﬁgunt,

1917 4056 2114 4112 deinde
2143 4057 2192 4119 ei
2238 4058 2469 4112 miscent
2513 4057 2694 4114 crucis
2726 4059 2976 4129 signum,
3018 4076 3236 4130 unaque
3282 4064 3512 4120 combu-

1915 4154 2068 4212 runt,
2103 4161 2166 4202 ac
2194 4148 2375 4203 omnis
2411 4148 2627 4220 generis
2662 4146 3152 4219 imprecationibus
3192 4160 3247 4209 et
3276 4155 3507 4212 anathe-

1914 4239 2046 4295 mati
2075 4237 2419 4296 Christianos
2443 4240 2762 4310 subjiciunt.

1316 4339 1375 4393 τὸ
1430 4339 1645 4410 πρῶτον
1691 4333 1970 4390 Σάϐϐατόν
2015 4331 2125 4384 τῶν
2172 4331 2574 4403 Χριστιανικῶν
2631 4337 2931 4405 νηστειῶν,
2981 4337 3076 4392 καὶ
3151 4334 3292 4409 ξύλῳ
3338 4337 3500 4411 δῆθεν

221 4421 315 4474 τὸν
353 4422 522 4494 ’Δμᾶν
567 4428 1006 4500 προσηλοῦντας,
1070 4425 1188 4483 εἶτα
1250 4430 1544 4501 μιγνύντας
1601 4426 1750 4499 αὐτῷ
1791 4425 1852 4480 τὸ
1902 4421 2141 4494 σταυροῦ
2185 4428 2442 4497 σημεῖον,
2492 4425 2586 4482 καὶ
2637 4430 3174 4496 συγκατακαίοντας.
3223 4432 3388 4504 ἀραῖς
3438 4449 3499 4492 τε

221 4517 510 4582 παντοίαις
565 4520 660 4572 καὶ
692 4520 990 4591 ὰναθέματι
1021 4523 1144 4586 τοὺς
1173 4523 1535 4593 Χριστιανοὺς
1569 4518 1994 4577 ύποὸἀλλοντας.

308 4609 715 4682 ’Δναθεματίζω
760 4614 896 4684 πρὸς
932 4619 1044 4680 τοῖς
1081 4616 1350 4682 παλαιοῖς,
1390 4613 1809 4688 ’Λρχιραδδίτας

1995 4610 2061 4666 ιι.
2106 4608 2522 4666 Anathematizo
2562 4621 2761 4681 prazter
2809 4615 3520 4681 veteres,Archirahhitas.

222 4701 321 4757 καὶ
349 4701 476 4766 τοὺς
509 4702 663 4767 νέους
704 4703 813 4756 τῶν
859 4704 1123 4760 Ἰουδαίων
1153 4706 1664 4770 κακοδιδασκάλους,
1695 4705 1809 4758 Λά-

224 4791 392 4863 ζαρόν
449 4795 611 4863 φημι,
646 4792 734 4845 τὸν
767 4794 863 4864 τὴν
896 4793 1131 4866 ἄθεσμον
1165 4796 1353 4868 ἑορτὴν
1392 4795 1680 4868 ἐξευρόντα
1710 4794 1809 4865 τῆς

222 4879 522 4954 λεγομένης
547 4885 676 4956 παρ’
704 4885 885 4948 αὐτοῖς
907 4885 1317 4958 Μονοποδαρίας
1345 4887 1475 4958 (69),
1503 4888 1596 4941 καὶ
1623 4886 1808 4942 Ἠλίαν

221 4969 316 5024 τδν
353 4973 564 5026 ἐκείνου
605 4972 747 5027 κατὰ
783 4974 882 5046 τὴν
921 4975 1234 5029 δυσσέϐειαν
1270 4977 1369 5030 οὐκ
1403 4977 1677 5040 ἐλάττονα,
1713 4975 1814 5028 Βε-

223 5063 413 5133 νιαμίν
439 5079 500 5117 τε
532 5066 626 5120 καὶ
653 5065 954 5130 Ζεϐεδαῖον,
981 5069 1074 5121 καὶ
1119 5068 1435 5141 Ἀδράμιον,
1465 5070 1560 5124 καὶ
1592 5068 1810 5140 Συμδά-

223 5171 362 5219 τιον,
397 5156 494 5211 καὶ
526 5158 650 5222 τοὺς
674 5158 924 5224 λοιπούς.
947 5160 1057 5214 Καὶ
1090 5161 1185 5216 ἐπὶ
1215 5165 1346 5216 πᾶσι
1373 5162 1583 5227 τούτοις
1617 5146 1811 5216 ἀναθε-

230 5245 478 5318 ματίζω,
523 5250 618 5301 καὶ
669 5250 1154 5322 καταναθεματίζω
1198 5254 1290 5306 τὸν
1337 5253 1487 5326 παρὰ
1531 5253 1638 5307 τῶν
1685 5255 1813 5308 Ἰου-

223 5337 391 5394 δαίων
416 5337 860 5413 προσδοκώμενον
883 5342 960 5406 ti);
984 5343 1218 5415 Χριστὸν
1242 5343 1556 5399 ἐλεύσεσθαι
1577 5347 1810 5412 Μεσίαν,

225 5430 325 5486 εἴτ’
375 5428 466 5486 οῦν
509 5433 835 5506 εἰλημμένον
880 5435 1022 5504 (70).
1076 5435 1277 5507 μᾶλλον
1320 5437 1376 5491 δὲ
1421 5439 1805 5511 Ἀντίχριστονο

225 5522 322 5578 καὶ
369 5523 805 5602 ἁποτασσόμενος
846 5523 994 5596 αὐτῷ
1041 5527 1407 5598 συντάσσομαι
1455 5528 1532 5600 τῷ
1573 5529 1810 5605 ἀληθινῷ

325 5719 411 5796 ῥξ)
440 5724 671 5796 Νασαμ.
692 5723 832 5796 μειβ.
878 5725 1071 5796 Ἀσαμ.
1103 5727 1309 5785 Corn.

324 5791 414 5864 69)
439 5791 732 5849 Μονοποδ.
763 5791 922 5852 Forte
950 5791 1097 5868 quod
1123 5816 1288 5871 super
1320 5818 1429 5858 uno
1463 5802 1601 5876 pede
1638 5805 1803 5862 salta-

1916 4718 2138 4776 qnoque
2171 4709 2227 4756 et
2255 4716 2428 4757 novos
2455 4701 2768 4760 Iudaeorum
2802 4708 2976 4763 malos
3012 4708 3302 4777 dortores;
3336 4709 3507 4767 Laza-

1918 4809 2063 4861 rum,
2093 4793 2337 4862 inquam.
2371 4790 2711 4849 inventorem
2763 4795 2960 4850 nefarii
3014 4795 3142 4852 festi
3183 4797 3329 4868 quod
3361 4799 3505 4870 apud

1917 4885 2042 4939 illos
2094 4883 2402 4957 appellatur
2449 4882 2868 4955 Mouopodaria;
2926 4887 3054 4944 item
3103 4886 3276 4942 Eliam
3329 4886 3406 4942 illi
3447 4890 3510 4944 in

1918 4977 2202 5049 impietate
2229 4977 2547 5047 nullatenus
2576 4976 2854 5034 cedentem
2885 4995 2899 5046 ;
2943 4977 3504 5051 Benjaminum'pari--

1915 5077 2000 5125 ter
2046 5085 2112 5124 ac
2162 5067 2507 5135 Zebedteum,
2555 5069 2908 5132 Ahramium.
2957 5069 3334 5143 Symbatium,
3374 5073 3503 5128 reli-

1915 5174 2186 5233 quosque.
2217 5160 2300 5216 Ad
2331 5162 2446 5217 haec
2483 5162 2666 5216 omnia
2719 5163 3006 5220 anathema
3035 5172 3093 5219 et
3117 5164 3508 5223 eatauathema

1915 5254 2212 5324 pronuntio
2241 5253 2296 5307 in
2323 5269 2446 5309 cum
2480 5254 2583 5324 qui
2612 5268 2642 5308 a
2683 5251 2902 5312 Iudaeis.
2934 5264 3224 5324 venturus,
3256 5265 3316 5312 ut
3339 5255 3491 5312 Chri-

1913 5353 2033 5402 stus
2063 5355 2434 5417 exspectatun,
2470 5345 2722 5402 Messium
2748 5362 2843 5402 seu
2878 5346 3126 5415 unctum,
3160 5351 3334 5421 magis
3363 5366 3510 5408 vero

1912 5437 2345 5494 Anti-Christum
2379 5460 2402 5498 ι,
2427 5447 2482 5494 et
2523 5438 2847 5494 renuntians
2895 5441 2974 5505 ei,
3019 5458 3106 5497 me
3152 5442 3379 5498 confero
3429 5444 3500 5500 ad

1912 5552 2101 5592 verum
2130 5538 2417 5608 solumque
2445 5536 2722 5595 Christum
2763 5553 2827 5593 ac
2860 5536 3050 5593 Deum.
3087 5539 3264 5598 Credo
3297 5543 3352 5598 in
3395 5529 3499 5598 ρά.

1911 5742 2064 5812 ῐειιεζ
2077 5734 2188 5812 ﬁ'el
2219 5751 2250 5812 a
2273 5737 2478 5812 mensis
2508 5738 2868 5812 monopodiis.
2898 5738 2974 5812 lo.

1982 5805 2094 5880 ('70)
2121 5807 2516 5878 Ειῖημμένον.
2538 5805 3035 5883 ιεε.”ἡλειμμένον.
3061 5810 3135 5866 lo.
