4078 6336
569 322 704 381 1459

1443 282 1501 379 δέ
1542 316 1931 395 CLEMENTIS
1964 318 1989 375 ι
2022 315 2191 375 non.
2231 316 2435 377 rom.
2474 318 2704 377 opem
2742 316 2968 375 ouem.

3680 322 3824 380 Ηϐο

572 442 730 497 trem,
762 429 959 487 Filium
994 438 1049 488 et
1091 430 1356 503 Spiritum
1378 440 1626 509 sanctum
1651 473 1666 497 ,
1698 440 1967 495 sanctam,
1998 444 2134 483 con-

2243 430 2329 483 καὶ
2533 429 2753 503 Χριστῷ
2786 430 2879 484 καὶ
2910 428 3047 499 Θεῷ.
3073 428 3183 483 Καὶ
3218 428 3459 484 πιστεύω
3491 431 3571 493 εἰς
3601 430 3824 503 Πατέρα

566 524 987 581 substantialem
1016 532 1071 579 et
1114 522 1451 578 individuam
1482 521 1831 578 Trinitatem.
1862 520 2139 577 Conﬁteor

566 616 1005 673 incarnationem
1046 623 1100 671 et
1149 616 1217 670 ad
1262 615 1512 670 homines
1564 614 1858 671 adventum
1893 615 2058 670 unius
2108 630 2140 671 c

565 718 757 765 sancta
796 707 1086 786 Trinitate,
1128 706 1337 765 scilicet
1394 705 1516 761 Filii
1571 707 1838 778 unigeniti
1886 721 1951 762 ac
1977 706 2140 763 Verbi

564 799 684 868 Dei,
715 816 746 855 a
794 799 955 858 Patre
998 808 1125 855 ante
1173 813 1355 853 omnia
1387 799 1588 857 saecula
1637 800 1830 870 geniti,
1860 814 2141 870 perquem

564 896 749 952 omnia
782 894 925 949 facta
962 901 1092 951 sunt
1126 907 1290 967 :eum
1326 891 1495 947 credo
1531 906 1657 947 esse
1704 889 1956 947 Messiam
1985 890 2078 961 qui
2108 906 2139 945 a

566 976 707 1061 Lege
727 994 781 1043 et
808 986 1097 1057 prophetis
1119 985 1413 1056 praedictus
1445 984 1581 1046 fuit;
1616 991 1937 1053 certumque
1968 982 2143 1039 habeo

564 1080 710 1152 quod
735 1079 849 1148 jam
878 1078 933 1132 in
968 1084 1169 1133 terrain
1200 1077 1414 1133 venerit
1455 1082 1677 1147 propter
1719 1075 1942 1131 humani
1980 1090 2143 1145 gena-
2184 1118 2190 1125 ,

561 1173 643 1229 ris
671 1169 1110 1240 salutem;un
1137 1184 1265 1225 vere
1294 1167 1475 1224 factus
1504 1168 1577 1223 sit
1612 1168 1797 1231 homo,
1829 1181 1931 1222 nec
1960 1174 2141 1222 tamen

562 1279 595 1319 a
644 1262 862 1334 pr0pria
908 1260 1193 1316 divinitate
1243 1260 1577 1327 excesserit;
1630 1258 1777 1331 quod
1822 1258 1965 1314 idem
2014 1274 2143 1314 vere

562 1355 709 1411 Deus
738 1354 831 1418 sit,
868 1368 931 1408 ac
960 1369 1087 1409 vere
1115 1354 1302 1417 homo,
1322 1354 1546 1423 absque
1583 1349 1927 1415 confusione,
1963 1359 2143 1405 muta-

562 1446 710 1501 tione
746 1454 801 1500 et
829 1445 1171 1508 alteratione,
1208 1444 1265 1498 iu
1310 1457 1418 1498 una
1452 1456 1693 1513 persona
1717 1451 1771 1497 et
1800 1442 2015 1498 duabus
2044 1456 2143 1495 na-

561 1537 739 1605 turis;
784 1536 1039 1607 quodque
1086 1543 1281 1605 sponte
1317 1546 1532 1595 .cuncta
1589 1550 1785 1604 passus
1835 1534 2029 1598 fuerit,
2089 1540 2143 1589 et

562 1644 727 1684 carne
756 1628 1075 1693 cruciﬁxus,
1098 1627 1385 1681 divinitate
1415 1626 1735 1695 impassibili
1767 1634 2139 1696 permanente,

563 1722 810 1789 sepultus
838 1719 1022 1783 fuerit,
1051 1734 1115 1773 ac
1147 1718 1304 1773 tertia
1329 1716 1419 1772 die
1450 1718 1831 1781 resurrexerit,
1865 1726 2055 1787 postea
2084 1718 2141 1771 in

561 1810 761 1864 cmlum
790 1810 1118 1872 ascenderit,
1151 1816 1526 1877 venturosque
1552 1810 1624 1864 sit
1656 1808 1712 1862 in
1732 1808 1937 1879 gloria,
1966 1817 2033 1862 ut‘
2051 1807 2143 1877 ju-

562 1900 709 1957 dicet
740 1902 891 1957 vivos
916 1911 969 1957 et
991 1911 1261 1957 mortuos.
1290 1900 1469 1958 Credo
1497 1916 1562 1955 ac
1588 1899 1867 1970 proﬁteor,
1896 1908 2143 1961 sanctam

561 1992 826 2061 virginem
858 1992 1107 2059 Mariam,
1136 2009 1258 2064 qua:
1284 1992 1586 2065 secundum
1612 2006 1835 2048 carnem
1864 1992 2017 2045 illum
2050 2007 2145 2062 pe.

561 2083 727 2155 perit,
758 2092 813 2138 et
844 2091 967 2154 post
996 2092 1212 2154 partum
1244 2085 1398 2155 virgo
1428 2084 1750 2155 permansit,
1778 2098 1903 2139 vere
1926 2098 1992 2137 ac
2017 2098 2145 2152 pro-

563 2178 681 2247 prie
720 2191 843 2231 esse
890 2175 986 2231 Dei
1028 2176 1375 2247 genitricem,
1422 2190 1653 2246 eamque
1689 2188 1922 2230 veneror
1962 2180 2017 2229 et
2044 2174 2145 2228 ho-

563 2283 700 2323 noro
723 2276 981 2338 tanquam
1029 2284 1155 2323 vere
1197 2276 1425 2323 matrem
1467 2267 1561 2322 Dei
1590 2266 1882 2333 iucarnati,
1914 2264 2144 2337 ideoque

564 2358 837 2413 dominam
868 2366 923 2414 et
952 2358 1137 2415 heram
1168 2360 1225 2414 in
1251 2361 1428 2430 gratia
1458 2359 1660 2414 factam
1692 2359 1961 2413 universae
1989 2371 2143 2411 crea-

563 2458 720 2504 turaa.
740 2449 931 2504 Adhuc
948 2465 1141 2520 panem
1172 2457 1227 2506 et
1256 2452 1462 2515 vinum,
1482 2466 1604 2523 quae
1626 2448 1769 2520 apud
1796 2448 2142 2506 Christianos

563 2540 793 2611 mystice
823 2549 1239 2607 consecrantur,
1269 2541 1724 2612 quemadmodum
1748 2542 1803 2595 in
1824 2540 2023 2595 divinis
2053 2555 2143 2597 sa-

563 2633 674 2688 cris
710 2639 969 2717 sumunt,
1001 2640 1187 2688 certus
1224 2649 1368 2700 sum,
1398 2633 1684 2698 conﬁteor,
1716 2631 1881 2687 credo
1904 2646 2030 2689 esse
2058 2646 2144 2686 re-

568 2738 696 2777 vera
745 2738 946 2793 corpus
990 2733 1045 2779 et
1087 2724 1405 2795 sanguinem
1456 2723 1671 2779 Domini
1722 2722 1851 2780 Jesu
1899 2723 2142 2790 Christi,

567 2821 931 2869 transmutata
977 2831 1071 2887 per
1117 2816 1359 2870 divinam
1399 2815 1549 2871 illius
1588 2815 1889 2886 potentiam
1934 2814 2146 2870 intelle-

566 2905 819 2959 ctualiter
862 2913 917 2959 et
956 2906 1306 2962 invisibiliter
1358 2922 1525 2976 super
1570 2922 1787 2961 omnem
1836 2908 2144 2962 naturalem

564 2995 971 3066 cogitationem,
1002 2997 1459 3067 quemadmodum
1492 2998 1643 3052 solus
1670 2998 1788 3068 ipse
1816 2998 2006 3066 novit;
2034 2999 2144 3055 sic-

2242 523 2336 576 καί
2368 523 2494 576 Υίὸν
2517 524 2612 578 καὶ
2642 522 2799 591 ἅγιον
2824 520 3081 591 Πνεῦμα,
3105 521 3202 591 τὴν
3224 522 3385 589 ἁγίαν
3411 524 3506 576 καί
3535 522 3821 593 όμοούσιον

2242 612 2335 663 καὶ
2380 609 2677 683 ἀχώριστον
2710 610 2933 682 Τριάδα.
2977 611 3087 663 Καὶ
3127 610 3226 682 τὴν
3269 612 3574 683 Ἔνσαρκον
3617 614 3822 665 οἰκονο-

2244 701 2392 772 μίαν,
2420 700 2513 755 καὶ
2550 700 2685 771 πρὸς
2725 700 3042 771 ἀνθρώπους
3075 701 3364 772 ἐπιδημίαν
3402 700 3679 772 ὁμολογῶν
3720 700 3819 753 τοῦ

2238 792 2337 862 τῆς
2376 790 2537 862 ἁγίας
2569 790 2795 863 Τριάδος
2835 792 2985 857 ἐνὸς,
3030 790 3124 847 τοῦ
3177 792 3495 863 μονογενοῦς
3542 792 3675 845 Υἰοῦ
3725 793 3823 848 καὶ

2239 883 2414 953 Λόγου
2457 882 2552 936 τοῦ
2590 883 2747 949 Θεοῦ,
2783 882 2877 940 τοῦ
2920 886 2984 937 ἐκ
3028 884 3240 954 Πατρὸς
3285 883 3389 956 πρὸ
3440 885 3658 941 πάντων
3709 884 3822 939 τῶν

2242 971 2449 1029 αἰώνων
2480 974 2847 1045 γεννηθέντος,
2880 974 2947 1027 δι’
2980 966 3040 1031 οῦ
3071 974 3145 1030 τὰ
3173 973 3351 1028 πάντα
3388 975 3621 1043 ἐγένετο,
3657 975 3824 1029 αὑτὸν

2242 1063 2505 1136 ὑπάρχειν
2549 1066 2788 1121 πιστεύω
2844 1067 2937 1121 τὸν
2990 1065 3140 1136 παρὰ
3190 1066 3283 1127 τοῦ
3340 1067 3503 1137 νόμου
3556 1067 3649 1123 καῗι
3700 1066 3819 1120 τῶν

2242 1152 2537 1225 προφητῶν
2570 1156 3019 1228 προκηρυχθέντα
3045 1159 3275 1212 Μεσίαν·
3300 1156 3357 1210 ὃν
3391 1157 3484 1210 καὶ
3514 1157 3616 1228 ῆδη
3645 1156 3824 1211 ἐλθεῖν

2242 1246 2333 1300 ἐπὶ
2362 1245 2464 1316 γῆς
2496 1245 2974 1323 πληροφοροῦμαι,
3013 1248 3101 1301 διὰ
3144 1248 3239 1320 τὴν
3280 1248 3546 1318 σωτηρίαν
3584 1248 3677 1301 τοῦ
3726 1250 3825 1303 άν-

2243 1335 2511 1407 θρωπίνου
2544 1339 2753 1406 γένους,
2802 1341 2895 1395 καί
2944 1340 3193 1408 γενέσθαι
3247 1338 3385 1393 κατὰ
3432 1340 3690 1410 ἀλήθειαν
3727 1341 3825 1393 ἁν-

2243 1427 2477 1499 θρωπον,
2511 1426 2589 1501 μὴ’
2632 1432 2899 1487 ἐκστάντα
2941 1432 3039 1501 τῆς
3071 1433 3276 1493 οἰκείας
3308 1430 3578 1502 θεότητος,
3616 1434 3707 1485 καὶ
3738 1430 3822 1485 εἷ-

2243 1537 2330 1572 ναι
2361 1520 2451 1574 τὸν
2495 1523 2657 1576 αὑτὸν
2689 1522 2819 1575 Θεὸν
2861 1523 3095 1594 άληθῶς,
3131 1523 3224 1576 καί⁸
3264 1522 3550 1594 ἄνθρωπον
3586 1524 3822 1594 άληθῶς,

2242 1613 2579 1684 άσυγχύτως,
2598 1613 2884 1685 ἀτρέπτως
2916 1615 3010 1668 καὶ
3036 1615 3423 1679 άναλλοιώτως,
3450 1618 3507 1668 ἐν
3524 1616 3826 1667 ὑποστάσει

2246 1702 2344 1771 μιᾷ
2372 1702 2464 1755 καί
2488 1702 2609 1758 δυσί
2631 1701 2877 1772 φύσεσιν,
2906 1703 3166 1766 ἑκουσίως
3192 1722 3251 1757 τε
3282 1706 3457 1758 πάντα
3480 1704 3695 1766 παθεῖν,
3729 1702 3829 1755 καὶ

2247 1794 2622 1865 σταυρωθῆναι
2650 1797 2834 1866 σαρκὶ,
2853 1797 2953 1867 τῆς
2982 1796 3231 1865 θεότητος
3254 1795 3497 1859 ἀπαθοῦς
3536 1796 3825 1865 μεινάσης,

2248 1885 2342 1942 καὶ
2364 1884 2617 1953 ταφῆναι,
2643 1888 2736 1937 καὶ
2755 1880 3051 1956 τριήμερον
3076 1885 3394 1956 ἀναστῆναι,
3418 1886 3512 1939 καὶ
3542 1886 3624 1947 εἰς
3656 1885 3827 1955 ούρα-

2247 1978 2369 2041 νοὺς
2396 1976 2767 2048 ἀναληφθῆναι
2787 2017 2802 2039 ,
2832 1980 2925 2032 καὶ
2947 1979 3097 2049 ῆξειν
3125 1981 3181 2031 ἐν
3203 1978 3328 2052 δόξῃ
3360 1978 3619 2049 μέλλοντα
3645 1981 3827 2048 κρῖναι

2247 2066 2456 2132 ζῶντας
2494 2069 2585 2121 καὶ
2614 2069 2858 2143 νεκρούς*
2901 2072 2994 2124 καὶ
3015 2070 3111 2141 τὴν
3146 2070 3283 2124 κατὰ
3314 2073 3491 2143 σάρκα
3521 2071 3710 2127 τοῦτον
3736 2087 3829 2122 τε-

2247 2156 2446 2210 κοῦσαν
2477 2157 2639 2226 ἁγίαν
2672 2159 2937 2230 παρθένον
2969 2160 3210 2231 Μαρίαν,
3246 2160 3338 2214 καί
3381 2161 3645 2229 μείνασαν
3682 2157 3822 2229 μετά

2245 2248 2399 2301 τόκον
2444 2249 2731 2320 παρθένον,
2784 2250 2987 2322 κυρίως
3043 2252 3137 2304 καὶ
3169 2251 3381 2321 άληθῶς
3414 2250 3682 2304 Θεοτόκον
3732 2251 3830 2304 καὶ

2246 2348 2484 2401 πιστεύω
2524 2350 2619 2402 καὶ
2658 2347 2833 2417 λέγω,
2888 2351 2982 2403 καὶ
3012 2350 3086 2413 ὡς
3120 2350 3259 2403 κατὰ
3308 2350 3561 2421 ἀλήθειαν
3616 2350 3831 2419 μητέρα

2244 2438 2379 2492 Θεοῦ
2406 2440 2923 2512 ἐνανθρωπήσαντος
2954 2441 3048 2494 καὶ
3073 2441 3159 2493 δια
3192 2441 3349 2493 τοῦτο
3392 2441 3584 2510 κυρίαν
3619 2441 3713 2494 καὶ
3740 2440 3831 2493 δέ-

2248 2544 2471 2582 σποιναν
2504 2530 2562 2581 ἐν
2607 2530 2786 2599 χάριτι
2831 2528 3204 2597 γεγενημένην
3242 2529 3421 2597 πάσης
3458 2529 3557 2597 τῆς
3598 2528 3830 2589 κτίσεως

2246 2617 2533 2688 προσκυνῶ
2568 2618 2663 2670 καὶ
2686 2618 2852 2688 τιμῶ.
2885 2619 2995 2672 Καὶ
3028 2619 3118 2670 τὸν
3151 2622 3299 2689 παρὰ
3342 2618 3687 2695 ξριστιανοῖς
3724 2634 3832 2686 μυι

2248 2710 2445 2773 στικῶς
2487 2709 2934 2783 ἰερουργούμενον
2978 2709 3140 2780 άρτον
3181 2711 3275 2762 καὶ
3318 2708 3408 2761 τὸν
3457 2704 3619 2771 οἶνον,
3652 2708 3725 2771 ὡς
3769 2710 3830 2761 ἐν

2245 2805 2365 2865 ταῖς
2397 2801 2569 2866 θείαις
2601 2802 2845 2865 τελεταῖς
2876 2801 3376 2872 μεταλαμϐάνουσι,
3413 2800 3692 2870 πείθομαι,
3728 2801 3830 2853 καὶ

2244 2894 2511 2965 ὁμολογῶ,
2535 2894 2629 2949 καὶ
2652 2892 2913 2957 πιστεύω,
2934 2893 3092 2963 σῶμα
3117 2894 3211 2947 καὶ
3243 2888 3379 2961 αἷμα
3406 2892 3545 2946 κατὰ
3570 2892 3830 2961 ἀλήθειαν

2246 2968 2382 3042 εἶναι
2413 2987 2507 3041 τοῦ
2540 2987 2747 3058 Κυρίου
2788 2985 2961 3056 Ἰησοῦ
2994 2985 3252 3055 Χριστοῦ,
3286 2985 3727 3055 μεταϐαλλόμενα
3758 2987 3830 3056 τῇ

566 3101 674 3154 que
710 3102 811 3158 ego
849 3087 1047 3143 horum
1096 3088 1415 3159 participem
1457 3103 1545 3143 me
1591 3087 1709 3143 fore
1757 3090 2049 3154 assentior,
2078 3097 2142 3143 .ut

2248 3079 2453 3133 ἐκείνου
2488 3079 2641 3149 θεῖκῇ
2674 3076 2899 3147 δυνάμει
2944 3074 3143 3145 νοερῶς
3174 3092 3233 3127 τε
3277 3076 3371 3130 καὶ
3409 3075 3653 3147 ἀοράτως
3685 3075 3831 3145 ὑπὲρ

564 3191 695 3232 vere
719 3193 786 3232 ac
808 3193 999 3250 reapse
1027 3180 1211 3235 carnis
1237 3186 1293 3233 et
1323 3179 1606 3249 sanguinis
1648 3180 1819 3241 illius.
1848 3187 1900 3235 et
1933 3181 1988 3234 in
2017 3194 2141 3235 san-

567 3270 811 3325 ctitatem
840 3273 1036 3326 anima:
1066 3279 1120 3327 et
1149 3272 1421 3343 corporis,
1456 3274 1731 3343 vitamque
1758 3282 2040 3338 aeternam,
2082 3288 2147 3327 ac

566 3377 796 3434 regnum
846 3363 1109 3417 ccelorum
1162 3373 1325 3434 atque
1385 3364 1755 3420 hereditatem
1808 3380 1996 3419 eorum
2051 3365 2145 3435 qui

569 3460 815 3520 sumunt,
846 3455 891 3509 si
924 3455 977 3508 in
1014 3453 1119 3509 ﬁde
1148 3454 1387 3524 perfecta
1415 3456 1844 3512 communicent.
1884 3454 2145 3511 Sanctum

569 3552 828 3615 praeterea
871 3543 1075 3601 Christi
1117 3546 1423 3616 baptisma,
1481 3562 1549 3601 ex
1610 3562 1750 3616 puro
1807 3548 2148 3617 candidoque

568 3637 753 3691 animo
798 3644 852 3691 et
894 3637 1081 3702 corde,
1135 3636 1348 3707 ﬁdeque
1396 3638 1611 3693 sincera
1651 3638 1899 3709 accipere
1939 3637 2143 3709 ﬂagito,

570 3728 732 3797 plene
762 3741 1060 3797 persuasus
1104 3726 1237 3781 illud
1269 3742 1395 3782 vere
1443 3742 1567 3789 esse
1617 3726 1996 3782 lustrationem
2025 3743 2146 3797 quae

569 3824 751 3871 mente
803 3816 1137 3887 percipitur,
1192 3823 1246 3872 et
1308 3819 1775 3887 regenerationem
1835 3818 2027 3873 anima:
2090 3825 2145 3872 et

556 3920 840 3977 corporis.

640 4160 728 4218 lll.
761 4160 829 4217 Et
854 4176 982 4217 vero
1010 4163 1163 4218 cultu
1193 4164 1412 4236 dignam
1462 4178 1683 4219 crucem
1734 4162 1977 4234 ejusdem
2027 4163 2141 4219 veri

572 4255 775 4311 Christi
805 4253 1005 4325 Deique
1034 4256 1232 4322 nostri,
1282 4255 1430 4309 velut
1461 4270 1568 4311 non
1614 4255 1847 4325 amplius
1886 4253 2141 4309 interitus

573 4363 638 4404 ac
666 4348 939 4403 maledicti
965 4348 1415 4413 instrumentum,
1459 4346 1555 4404 sed
1600 4347 1870 4404 libertatis
1909 4349 2141 4419 vitaeque

2249 3172 2428 3223 πᾶσαν
2470 3170 2701 3241 φυσικὴν
2743 3168 2973 3231 ἔννοιαν,
3025 3166 3098 3230 ὠς
3138 3162 3243 3219 οἶδε
3294 3166 3452 3237 μόνος
3499 3166 3694 3227 αύτός·
3730 3166 3834 3219 καὶ

2247 3262 2390 3317 οὕτω
2445 3262 2599 3330 κάγὼ
2645 3259 3053 3332 μεταλήψεσθαι
3105 3258 3308 3311 τούτων
3362 3258 3700 3328 συντίθεμαι’
3750 3257 3831 3321 ὡς

2247 3352 2387 3406 κατὰ
2409 3351 2665 3422 ἀλήθειαν
2696 3350 2862 3413 ὅντως
2904 3349 3105 3418 σαρκός
3136 3365 3194 3401 τι
3254 3347 3326 3399 -αἰ
3358 3347 3587 3417 αἵματος
3635 3344 3830 3410 αὐτοῦ,

2247 3445 2341 3495 καὶ
2384 3446 2462 3505 είς
2497 3442 2772 3512 ἁγιασμὺν
2805 3441 2983 3511 ψυχῆς
3019 3458 3078 3494 τε
3122 3440 3214 3493 καὶ
3248 3443 3518 3509 σώματος,
3555 3438 3650 3490 καί
3682 3437 3835 3509 ζωὴν

2247 3530 2481 3594 αἰώνιον,
2527 3530 2622 3582 καὶ
2670 3529 2941 3599 βασιλείαν
2980 3528 3222 3600 οὐρανῶν
3263 3527 3625 3598 κληρονομίαν
3666 3543 3836 3597 μετα-

2247 3619 2692 3691 λαμϐανομένων,
2734 3621 2849 3682 τοῖς
2885 3621 3064 3673 αὐτῶν
3114 3619 3171 3670 ἐν
3218 3616 3397 3670 πίστει
3448 3615 3632 3687 τελείᾳ
3668 3615 3833 3686 μετέ-

2246 3729 2417 3787 χουσι.
2449 3712 2559 3765 Καὶ
2590 3712 2653 3764 τὸ
2684 3711 2837 3778 ἅγιον
2888 3710 2981 3763 τοῦ
3029 3709 3265 3781 Χριστοῦ
3318 3708 3635 3779 βάπτισμα,
3690 3708 3833 3777 μετὰ

2246 3805 2490 3875 καθαρᾶς
2524 3804 2617 3857 καὶ
2642 3803 2830 3857 άδόλου
2861 3801 3037 3872 ψυχῆς
3081 3802 3174 3854 καὶ
3208 3801 3451 3874 καρδίας,
3494 3800 3729 3862 πίστεως
3757 3802 3837 3851 εί-

2244 3895 2517 3967 λικρινοῦς
2545 3893 2789 3964 ἐπιζητῶ
2826 3892 3103 3964 δέξασθαι,
3146 3890 3659 3962 πληροφορούμενος
3697 3890 3835 3959 ἀλη-

2246 3986 2353 4051 θῶς
2400 3986 2665 4057 κάθαρσιν
2712 3984 2845 4038 αὐτὸ
2895 3982 3089 4054 νοητὴν
3144 3978 3302 4045 εἶναι,
3333 3983 3425 4034 καὶ
3468 3982 3834 4051 άναγέννησιν

2242 4080 2417 4154 ψυχῆς
2448 4096 2507 4132 τε
2537 4079 2631 4131 καί⁸
2655 4076 2924 4148 σώματος.

2312 4172 2423 4225 Καὶ
2453 4169 2545 4223 τὸν
2574 4169 2866 4239 σεϐάσμιον
2897 4168 2953 4221 δὲ
2979 4166 3213 4237 σταυρὸν
3250 4164 3344 4218 τοῦ
3374 4164 3538 4217 αὑτοῦ
3569 4164 3829 4235 ἀληθινοῦ

2242 4260 2477 4335 Χριστοῦ
2511 4260 2607 4314 καὶ
2629 4259 2764 4315 Θεοῦ
2795 4262 2828 4331 ἡ
2838 4258 2953 4330 μῶν
2985 4258 3059 4322 ὡς
3091 4259 3192 4311 οὐκ
3225 4255 3304 4309 ἔτι
3330 4254 3534 4326 φθορᾶς
3562 4256 3657 4308 καὶ
3688 4256 3831 4327 ἀρᾶς

2241 4340 2491 4424 ὄργανον,
2525 4349 2639 4405 ἁλλ’
2674 4348 2988 4426 ἐλευθερίας
3020 4347 3115 4401 καὶ
3147 4346 3293 4419 ζωῆς
3334 4347 3575 4411 αἰωνίου,
3602 4347 3697 4400 καί⁹
3725 4364 3830 4417 ση-

572 4447 867 4510 perpetuae,
894 4439 1216 4511 signumque
1251 4440 1497 4495 victoria:
1535 4440 1797 4497 adversus
1826 4448 2055 4496 mortem
2083 4448 2139 4499 et

2246 4448 2395 4518 μεῖον
2426 4444 2527 4515 τῆς
2559 4441 2701 4499 κατὰ
2724 4440 2819 4495 τοῦ
2849 4441 3081 4496 θανάτου
3120 4441 3215 4495 καὶ
3244 4439 3337 4495 τοῦ
3364 4438 3609 4494 διαϐόλου
3640 4441 3825 4508 νίκης·

574 4530 849 4588 diabolum
879 4541 1079 4601 parun;
1112 4540 1275 4602 atque
1302 4532 1481 4588 adhuc
1507 4532 1848 4588 venerandas
1877 4532 2140 4604 imagines

573 4630 691 4677 tum
729 4624 1031 4693 praesentiae
1070 4622 1165 4678 Dei
1212 4622 1371 4695 Verbi
1409 4616 1710 4693 secundum
1749 4639 1967 4680 cantem
1999 4624 2141 4679 inter

574 4712 843 4777 homines,
892 4721 1007 4767 tum
1056 4714 1360 4783 purissimae
1403 4715 1627 4785 virginis
1658 4712 1749 4769 Dei
1801 4714 1988 4770 Matris
2021 4731 2141 4788 quae

575 4801 919 4859 ineﬂ‘abiliter
948 4819 1069 4859 eum
1100 4805 1306 4875 genuit,
1331 4815 1443 4860 tum
1465 4807 1771 4861 divinorum
1802 4807 2137 4883 angelorum,

574 4900 691 4949 tum
722 4892 955 4963 denique
983 4903 1297 4949 sanctorum
1331 4896 1572 4950 omnium
1593 4939 1607 4963 ,
1642 4897 1876 4967 recipio,
1909 4896 2139 4964 honoro,

573 4982 875 5054 amplector
921 4984 1068 5038 velut
1112 4985 1356 5056 symbola
1392 4993 1448 5043 et
1490 4986 1693 5042 indicia
1733 4978 2141 5059 pretolyporum

570 5090 674 5130 seu
721 5074 1149 5145 exemplarium:
1184 5076 1333 5147 ipsos
1385 5084 1569 5133 autem
1633 5091 1821 5134 sacros
1884 5080 2138 5149 angelos,

573 5180 876 5235 omnesque
905 5175 1143 5229 sanctos,
1168 5182 1276 5221 non
1303 5168 1478 5223 solum
1510 5167 1765 5238 antiquos
1805 5160 1991 5236 patres
2017 5185 2140 5225 cum

573 5256 872 5330 prophetis,
903 5256 999 5313 sed
1026 5265 1081 5312 et
1104 5260 1380 5329 apostolos
1398 5298 1413 5324 ,
1448 5266 1718 5330 martyres
1736 5299 1751 5325 ,
1774 5258 2139 5328 confessores,

572 5347 858 5412 doctores,
908 5355 1160 5413 sanctos,
1210 5350 1337 5404 item
1380 5364 1571 5404 omnes
1619 5350 1842 5406 omnino
1889 5353 1983 5422 qui
2026 5355 2141 5423 jam

572 5450 697 5503 orto
738 5438 961 5497 Christo
998 5441 1352 5512 placuerunt,
1387 5450 1646 5512 tanquam
1678 5443 1823 5498 illius
1857 5460 2043 5500 servos
2077 5461 2141 5501 ac

574 5532 764 5587 ﬁdeles
794 5531 1029 5589 famulos
1059 5534 1290 5598 honoro,
1333 5550 1585 5598 veneror,
1630 5547 1851 5609 propter
1878 5539 2139 5593 honorem

573 5628 652 5683 illi
682 5627 947 5684 debitum.
982 5628 1048 5683 Et
1089 5630 1163 5684 ita
1208 5645 1277 5685 ex
1316 5637 1431 5685 toto
1470 5631 1654 5686 animo
1681 5639 1735 5687 et
1760 5631 1953 5696 corde,
1981 5648 2139 5687 vero-

570 5736 679 5793 que
708 5722 991 5795 proposito
1018 5721 1177 5779 venio
1207 5721 1273 5779 ad
1298 5722 1456 5780 ﬁdem
1487 5723 1946 5781 Christianorum.
1982 5721 2137 5790 Quod

2242 4534 2319 4587 ἔτι
2342 4535 2399 4587 δὲ
2429 4535 2524 4588 καί
2552 4534 2650 4597 τάς
2686 4533 3016 4604 σεϐασμίους
3037 4533 3246 4596 εἰκόνας
3272 4531 3375 4602 τῆς
3394 4549 3452 4584 τε
3481 4530 3621 4585 κατὰ
3647 4530 3829 4600 σάρκα

2241 4625 2375 4697 πρὸς
2400 4625 2716 4699 ἀνθρώπους
2748 4624 3068 4693 ἐπιφανείας
3093 4624 3187 4679 τοῦ
3215 4624 3351 4678 Θεοῦ
3379 4624 3572 4692 Λόγου,
3602 4624 3696 4676 καὶ
3726 4625 3828 4693 τῆς

2240 4720 2531 4791 ἀφράστως
2555 4719 2714 4773 αὑτὸν
2738 4717 3004 4789 τεκούσης
3043 4716 3215 4786 άγνῆς
3258 4716 3526 4787 παρθένου
3566 4716 3660 4770 καὶ
3690 4714 3828 4767 Θεο-

2246 4811 2494 4882 μήτορος,
2518 4811 2612 4863 καὶ
2648 4808 2755 4862 τῶν
2790 4808 3037 4861 θεοειδῶν
3071 4802 3341 4875 ἀγγέλων,
3379 4807 3472 4860 καὶ
3514 4807 3627 4858 τῶν
3656 4805 3829 4873 ἁγίων

2243 4902 2514 4966 ἁπάντων,
2548 4902 2623 4965 ὼς
2657 4900 2897 4972 σύμϐολα
2924 4901 3032 4953 τῶν
3067 4898 3440 4970 πρωτοτύπων
3476 4892 3569 4950 καὶ
3598 4897 3827 4968 δέχομαι

2242 4991 2337 5045 καὶ
2365 4990 2507 5062 τιμῶ
2539 4992 2633 5046 καί¹
2658 4991 2992 5061 ἀσπάζομαι·
3038 4990 3133 5043 καὶ
3166 4989 3363 5052 αὐτοὺς
3400 4987 3457 5041 δὲ
3484 4987 3611 5050 τοὺς
3645 4988 3826 5057 ἰεροῦς

2240 5070 2507 5149 ἀγγέλους
2535 5082 2628 5135 καὶ
2651 5082 2777 5144 τοὺς
2810 5080 2997 5148 ἁγίους
3024 5080 3293 5143 ἅπαντας,
3318 5079 3377 5132 ού
3407 5077 3566 5149 μόνον
3602 5082 3824 5151 προπά-

2240 5191 2403 5245 τορας
2433 5175 2526 5225 καὶ
2559 5174 2865 5244 προφήτας,
2899 5171 3035 5225 ἀλλὰ
3063 5173 3159 5225 καί⁵
3194 5170 3529 5235 ἀποστόλους
3558 5173 3653 5225 καὶ
3682 5173 3825 5245 μάρ-

2240 5282 2407 5337 τυρας
2457 5265 2550 5318 καὶ
2593 5264 2929 5337 ὁμολογητάς
2970 5261 3067 5319 καί
3107 5263 3456 5327 διδασκάλους
3501 5264 3593 5317 καὶ
3639 5265 3823 5330 ὁσίους

2242 5358 2335 5411 καὶ
2368 5356 2573 5420 πάντας
2602 5355 2787 5420 ἁπλῶς
2818 5356 2945 5421 τοὺς
2981 5356 3059 5427 τῷ
3090 5356 3191 5428 ἤδη
3237 5355 3441 5409 ἐλθόντι
3470 5348 3691 5433 Χριστῷ
3729 5358 3825 5410 εῦ-

2241 5446 2669 5517 αρεστήσαντας,
2694 5446 2769 5511 ὡς
2789 5447 3009 5510 δούλους
3033 5448 3246 5501 ἐκείνου
3280 5447 3375 5500 κα).
3402 5449 3626 5510 πιστοὺς
3657 5446 3824 5517 θερά-

2241 5554 2438 5602 ποντας
2472 5537 2618 5608 τιμῶ
2651 5538 2742 5590 καὶ
2762 5538 3002 5610 ¹σέὸομαι
3022 5579 3038 5603 ,
3066 5536 3154 5591 διὰ
3192 5538 3293 5609 τὴν
3329 5537 3466 5609 πρὸς
3499 5540 3704 5590 ἐκεῖνον
3731 5554 3821 5588 τι-

2245 5632 2370 5701 μήν.
2420 5632 2529 5684 Καὶ
2579 5629 2753 5694 οῦτως
2795 5629 2856 5695 ἐξ
2900 5630 3030 5701 ὅλης
3076 5630 3253 5700 ψυχῆς
3298 5630 3392 5684 καὶ
3446 5630 3670 5701 καρδίας
3723 5630 3821 5683 καὶ

2242 5723 2611 5796 προαιρέσεως
2651 5721 2903 5795 ἀληθοῦς,
2951 5721 3322 5793 προσέρχομαι
3367 5724 3432 5793 τῇ
3480 5722 3659 5791 πίστει
3706 5720 3820 5775 τῶν
