4078 6336
612 394 756 449 “63

1400 391 1456 447 S.
1496 380 1884 444 οιΕυΕΝτις
1920 386 1939 440 Ι
1975 382 2148 443 ΒΟΜ.
2188 334 2389 438 ΡόΝΤ.
2423 382 2652 439 ορειιλ
2692 382 2918 441 DUBIA.

3720 381 3862 438 εισι

605 514 693 563 est
729 503 1103 573 blasphemare
1127 502 1386 556 adversus
1420 500 1585 555 Vetus
1614 508 1710 554 aut
1755 498 1963 554 Novum
1986 496 2170 552 Testa-

2286 499 2533 572 μήσαντα
2565 497 2599 567 ἢ
2630 497 2915 569 τολμῶντα
2933 497 2966 570 ἢ
2986 497 3154 569 τολμή
3164 515 3321 556 σοντα
3345 497 3690 570 βλασφημεῐν
3715 498 3861 553 κατὰ

606 609 870 658 mentum,
901 604 955 649 et
986 594 1267 664 aspernari
1292 609 1363 655 ,ac
1394 594 1727 646 contumelia
1757 591 1977 647 afﬁcere
2003 594 2176 647 Abra-

608 690 854 752 hamum,
908 686 1179 753 Isaacum,
1228 686 1511 746 Iacobum.
1553 684 1739 740 Jesum
1796 684 1962 739 ﬁlium
2007 682 2172 747 Nave,

2276 591 2374 661 τῆς
2408 591 2650 654 Παλαιᾶς
2680 590 2975 661 Διαθήκης,
2996 590 3028 661 ἢ
3046 590 3149 659 τῆς
3166 592 3395 661 Καινῆς,
3420 593 3513 644 καὶ
3532 592 3746 645 ἀθετεῖν
3763 593 3861 645 καὶ

2278 680 2518 752 ύὸρίζειν
2564 680 2832 752 Ἀὕραάμ,
2868 682 2960 733 καὶ
3006 680 3209 745 Ἰσαὰκ,
3246 682 3339 734 καὶ
3384 680 3595 755 Ἰακὼϐ,
3620 682 3717 735 καὶ
3762 682 3861 753 Ἰη-

608 780 939 843 Samuelem,
959 777 1235 841 Davideln,
1267 758 1456 838 Eliam,
1481 788 1817 845 czeterosque
1836 791 2027 847 omnes
2049 790 2170 845 pro-

2279 773 2407 825 σοῦν
2455 773 2548 825 τὸν
2595 773 2691 826 τοῦ
2724 772 2903 844 Ναυὴ,
2951 775 3043 827 καὶ
3077 773 3348 844 Σαμουὴλ,
3401 773 3493 827 καὶ
3526 774 3711 838 Δαϐὶδ,
3760 774 3861 827 καὶ

602 870 796 939 pbetas
828 881 1129 937 eorumque
1162 868 1387 937 scripta.
1424 867 1504 921 Ad
1534 883 1828 931 summam,
1858 866 2175 922 anathema—

604 966 711 1017 tizo
740 980 835 1018 eos
866 963 961 1032 qui
1018 962 1327 1016 obtrectant
1364 976 1513 1017 'vero
1564 964 1809 1018 universi
1867 961 2172 1025 Conditori,

600 1066 775 1120 neque
799 1050 1129 1103 confitentur
1158 1066 1325 1105 unum
1356 1052 1717 1121 eumdemque
1745 1068 1867 1107 esse
1890 1053 2087 1107 veteris
2109 1067 2173 1107 ac

601 1142 725 1196 novi
758 1139 1095 1197 Testamenti
1127 1139 1319 1205 Deum,
1356 1158 1457 1195 nec
1487 1151 1708 1199 sanctos
1740 1142 1943 1213 Deique
1962 1144 2176 1201 amicos

597 1249 722 1290 esse
750 1234 981 1288 credunt
1004 1250 1099 1290 eos
1132 1237 1226 1303 qui
1264 1235 1320 1288 in
1352 1243 1583 1305 utroque
1626 1234 1983 1293 Testamento
2012 1237 2170 1293 efful-

597 1332 821 1379 serunt.
842 1323 1256 1380 Anatbematizo
1278 1340 1492 1379 omnem
1521 1341 1667 1392 eum,
1700 1328 1792 1396 qui
1815 1343 1924 1382 non
1946 1328 2172 1383 confite-

596 1422 688 1468 tur
703 1431 872 1476 unum
889 1417 1068 1471 solum
1084 1433 1210 1473 esse
1236 1434 1423 1473 verum
1448 1416 1641 1480 Deum.
1674 1420 1878 1474 bonum
1908 1427 1962 1474 et
1982 1419 2171 1473 mtlndi

594 1504 868 1574 opiﬁcem,
903 1513 1070 1575 atque
1099 1510 1548 1578 omnipotentem,
1582 1506 1799 1564 Domini
1835 1511 2012 1566 nostri
2038 1508 2169 1565 Jesu

596 1594 802 1654 Christi
829 1595 1076 1664 Patrem;
1108 1599 1201 1668 qui
1232 1614 1355 1653 cum
1398 1598 1491 1653 illo
1513 1609 1568 1654 et
1595 1612 1721 1655 cum
1752 1599 1955 1670 Spiritu
1979 1609 2172 1657 sancto

594 1704 659 1744 ex
692 1704 799 1744 non
820 1692 1183 1755 exstantibus,
1212 1700 1266 1747 et
1289 1693 1438 1754 nullo
1470 1708 1698 1762 prorsus
1719 1694 1881 1748 modo
1903 1694 2174 1750 exsisten-‘

2294 864 2497 929 Ἠλίαν,
2532 866 2627 918 καὶ
2655 865 2782 929 τοὺς
2813 864 3035 928 λοιποὺς
3079 865 3287 929 πάντας
3322 860 3623 936 προφήτας,
3659 866 3755 919 καὶ
3784 866 3862 921 τὰ

2276 956 2405 1020 παρ’
2424 956 2603 1011 αὐτῶν
2637 955 3035 1027 συγγραφέντα.
3071 954 3183 1007 Καὶ
3231 953 3437 1019 ἁπλῶς,
3473 954 3862 1027 ἀναθεματίῖω

2273 1050 2396 1112 τοὺς
2430 1048 2882 1120 βλασφημοῦντας
2894 1048 2985 1100 τὸν
3002 1046 3251 1117 ἀληθινὸν
3266 1047 3359 1099 τοῦ
3384 1048 3580 1111 παντὸς
3600 1045 3856 1118 ποιητὴν,

2277 1144 2371 1195 καὶ
2404 1142 2481 1213 μὴ
2510 1140 2904 1212 ὁμολογοῦντας
2936 1139 3033 1192 ενα
3066 1141 3159 1193 καὶ
3178 1140 3265 1193 τὸν
3286 1140 3446 1193 αὐτὸν
3463 1136 3596 1193 εἶναι
3618 1139 3859 1201 παλαιᾶς

2274 1236 2366 1289 καὶ
2398 1234 2588 1304 καινῆς
2620 1234 2891 1305 Διαθήκης
2923 1234 3075 1297 Θεὸν,
3111 1234 3203 1287 καὶ
3233 1233 3358 1296 τοὺς
3390 1235 3447 1285 ὲν
3479 1232 3714 1302 ἑκατέρᾳ.
3744 1229 3858 1286 δια-

2274 1325 2611 1395 λάμψαντας,
2629 1326 2819 1393 ἁγίους
2835 1322 2973 1382 εἶναι
2995 1323 3348 1386 πιστεύοντας
3366 1323 3455 1375 καὶ
3488 1321 3671 1390 φίλους
3690 1319 3853 1374 Θεοῦ.

2287 1414 2693 1487 Ἀναθεματίζω
2735 1417 2913 1489 πάντα
2942 1416 3224 1485 ἄνθρωπον
3256 1416 3347 1469 τὸν
3384 1414 3456 1485 μὴ
3487 1411 3855 1483 ὁμολογοῦντα

2272 1509 2369 1562 ινα
2403 1507 2560 1579 μόνον
2592 1504 2734 1563 εἶναι
2748 1506 2880 1561 Θεὸν
2895 1506 3166 1579 ἀληθινὸν,
3191 1505 3392 1575 ἀγαθόν
3410 1523 3465 1559 τε
3487 1505 3578 1559 καὶ
3592 1504 3854 1575 δημιουρ-

2275 1598 2370 1666 γὸν
2400 1597 2495 1651 καί
2527 1598 2960 1667 παντοκράτορα,
2994 1596 3089 1652 τὸν
3120 1595 3336 1666 Πατέρα
3350 1596 3442 1647 τοῦ
3460 1594 3663 1665 Κυρίου
3689 1592 3852 1667 ημῶν

2288 1690 2466 1760 Ἰησοῦ
2499 1687 2735 1761 Χριστοῦ
2756 1726 2772 1754 ,
2805 1687 2896 1763 τὸν
2931 1688 3027 1741 σὺν
3059 1686 3207 1757 αὑτῷ
3239 1686 3332 1740 καὶ
3375 1684 3453 1755 τῷ
3495 1685 3635 1755 ἁγίῳ
3677 1681 3853 1735 Πνεύ-

593 1782 765 1845 tibus,
818 1791 954 1837 nutu
1004 1784 1301 1840 voluntatis
1354 1786 1613 1855 produxit
1657 1786 1879 1849 calum,
1935 1794 2162 1849 terram,

2277 1798 2404 1852 ματι
2458 1783 2523 1835 ὲκ
2560 1782 2633 1853 μὴ
2665 1780 2834 1834 ὄντων
2866 1779 2961 1839 καὶ
2994 1778 3217 1849 μηδαμῆ
3253 1776 3514 1849 μηδαμῶς
3557 1774 3745 1836 ὄντων,
3778 1775 3851 1843 τῇ

593 1886 769 1934 mare,
797 1880 1104 1942 cunctaque
1132 1876 1199 1929 iis
1228 1885 1522 1944 contenta;
1546 1858 1749 1947 quiq‘ue
1771 1878 2019 1940 materia.
2049 1894 2170 1949 qua:

2274 1874 2413 1943 ῥοπῇ
2464 1871 2557 1925 τοῦ
2604 1871 2908 1943 θελήματος
2941 1869 3321 1942 προαγαγόντα
3367 1868 3456 1922 τὸν
3487 1866 3714 1936 οὐρανὸν
3754 1866 3854 1918 καὶ

597 1977 794 2031 nempe
825 1962 1065 2016 nondum
1116 1972 1257 2029 erat,
1314 1981 1423 2020 non
1473 1966 1733 2036 indiguit,
1765 1982 1868 2021 nec
1905 1969 2163 2039 pellibus,

596 2051 806 2114 nervis,
832 2053 1180 2121 corporibus,
1222 2054 1630 2125 sudoribusque
1663 2058 1933 2113 malorum
1958 2061 2166 2129 princi-

594 2157 748 2212 pum,
775 2156 914 2211 quos
955 2142 1142 2198 Manes
1189 2154 1530 2199 commentus
1586 2154 1707 2207 est,
1748 2146 2168 2203 Anatbematizo

596 2232 841 2290 dicentes
869 2247 1071 2303 corpus
1103 2249 1133 2287 ι
1164 2236 1309 2289 male
1342 2236 1612 2306 principio
1658 2238 1863 2293 editum
1894 2238 2089 2303 fuisse,
2114 2247 2167 2294 et

595 2325 738 2379 mala
768 2333 965 2378 natura
995 2341 1138 2381 esse.
1188 2327 1606 2383 Anatbematizo
1648 2330 1878 2385 deliram
1929 2330 2163 2388 Mauetis

594 2413 857 2479 fabulam,
894 2418 950 2470 in
986 2432 1092 2487 qua
1122 2418 1253 2472 dicit
1300 2435 1641 2492 nequaquam
1685 2421 1919 2476 similem
1948 2422 2111 2477 nobis
2136 2438 2167 2477 a

594 2504 705 2561 Deo
721 2506 1013 2562 formatum
1039 2524 1163 2564 esse
1181 2511 1412 2581 primum
1441 2512 1746 2578 hominem;
1764 2513 1869 2566 hoc
1894 2522 2000 2578 est,
2022 2514 2169 2567 Ada-

592 2612 765 2663 mum,
798 2599 891 2653 sed
921 2616 951 2654 a
970 2600 1127 2655 Sacla
1156 2603 1332 2673 stupri
1362 2604 1611 2674 principe
1638 2602 1983 2667 ethbroda,
2002 2620 2179 2674 quam

588 2691 674 2745 ait
702 2705 829 2746 esse
858 2694 1169 2760 materiam,
1195 2693 1367 2749 factos
1400 2694 1569 2750 fuisse
1597 2694 1867 2753 Adamum
1897 2706 1952 2752 et
1976 2695 2166 2763 Evam;

594 2794 662 2835 ac
686 2781 840 2837 illum
865 2782 1084 2851 quidem
1117 2792 1363 2839 creatum
1416 2801 1539 2842 esse
1588 2784 1765 2842 ferina
1796 2786 1993 2850 forma,
2026 2785 2168 2843 hanc

592 2888 726 2927 vero
757 2873 1050 2931 inanimam
1072 2893 1087 2942 ;
1113 2887 1277 2947 atque
1306 2876 1471 2931 Evam
1499 2878 1723 2948 quidem
1746 2894 1776 2934 a
1813 2879 2057 2934 mascula
2080 2894 2172 2933 vo-

592 2974 717 3019 cata
757 2968 969 3038 virgine
1004 2969 1173 3023 vitam
1207 2971 1509 3040 accepisse,
1558 2957 1829 3024 Adamum
1860 2955 2042 3025 autem
2074 2986 2170 3041 per

591 3055 760 3111 Evam
809 3058 1021 3113 feritate
1082 3060 1394 3115 liberatum.
1456 3061 1876 3117 Anathematizo
1928 3078 2023 3118 eos
2073 3062 2165 3132 qui

594 3157 851 3206 asserunt
898 3149 1187 3207 Dominum
1218 3161 1466 3207 nostrum
1515 3152 1702 3208 Jesum
1732 3153 2010 3232 Christum
2052 3153 2169 3223 opi-
2196 3191 2239 3249 ρ

592 3242 759 3297 nione
800 3242 1206 3299 manifestatum
1238 3244 1409 3300 fuisse
1438 3246 1665 3313 mundo,
1698 3261 1799 3301 nec
1845 3247 2171 3316 proﬁtentur

593 3333 774 3403 ipsum
800 3350 928 3389 vere
956 3350 1176 3390 carnem
1207 3338 1575 3407 assumpsisse
1619 3353 1685 3392 ex
1726 3348 1917 3393 sancta
1958 3340 2171 3410 virgine

593 3427 766 3481 Maria
796 3442 825 3481 ι
869 3426 1072 3482 Davide
1101 3436 1241 3493 orta,
1295 3444 1512 3483 carnem
1561 3430 1855 3484 humanam
1901 3433 2170 3502 nobisque

594 3518 1140 3583 consubstantialem,
1187 3527 1355 3589 atque
1394 3519 1634 3590 perfecte
1672 3522 1944 3576 hominem
1967 3523 2170 3580 factum

594 3624 750 3676 esse;
778 3610 847 3664 ab
874 3624 1047 3680 eaque
1080 3608 1300 3681 Virgine
1323 3613 1564 3681 genitum
1600 3612 1773 3669 fuisse
1804 3624 1928 3684 post
1956 3623 2170 3686 tempus

597 3718 791 3757 novem
816 3703 1109 3767 mensium,
1143 3703 1271 3758 item
1304 3703 1371 3757 ad
1402 3705 1742 3773 trigesimum
1788 3722 1993 3761 annum
2041 3724 2169 3764 cum

596 3794 917 3850 minibus
958 3802 1238 3849 versatum
1298 3795 1488 3860 fuisse,
1543 3796 1669 3854 dein
1718 3798 2054 3868 baptizatum
2113 3802 2169 3857 in

596 3885 833 3941 Iordane
862 3901 891 3939 a
919 3886 1271 3941 sanctissimo
1297 3901 1636 3955 pmcursore
1654 3896 1708 3943 et
1733 3888 1973 3959 Baptista
2004 3890 2171 3947 lea-.-

598 3994 688 4042 ne,
728 3978 1191 4033 ac'testimonium
1217 3978 1472 4034 retulisse
1512 3994 1542 4033 a
1566 3981 1805 4045 cmlesti,
1846 3998 1975 4037 vero
1998 3984 2173 4038 bono-

597 4086 706 4141 que
735 4070 916 4134 Patre,
948 4071 1091 4140 quod
1122 4086 1239 4140 Ipse
1267 4070 1388 4140 ejus
1436 4082 1579 4126 esset
1608 4071 1801 4136 Filius,
1835 4089 1997 4130 verus
2026 4074 2171 4132 Deus

598 4170 767 4233 atque
780 4161 833 4216 ei
848 4162 1355 4225 consubstantialis,
1380 4178 1476 4233 per
1500 4164 1930 4220 incarnationem
1961 4183 2027 4225 ex
2047 4167 2170 4226 Vir-

600 4254 727 4323 gine
762 4251 938 4309 factus
967 4252 1153 4317 homo,
1184 4267 1474 4309 remanens
1507 4261 1690 4309 tamen
1721 4253 1885 4313 Deus.

2267 1960 2365 2031 τὴν
2398 1960 2500 2030 γῆν
2532 1960 2628 2015 καὶ
2656 1960 2758 2033 τὴν
2782 1960 3069 2014 ⁴θάλασσαν
3098 1960 3191 2016 καὶ
3224 1959 3402 2013 πάντα
3433 1957 3503 2011 τά
3549 1961 3607 2011 ὲν
3640 1958 3850 2019 αὐτοῖς,

2270 2054 2362 2106 καὶ
2397 2052 2471 2123 μὴ
2502 2052 2757 2123 δεηθέντα
2788 2052 2924 2123 ῦλης
2950 2054 3049 2124 τῆς
3084 2052 3308 2123 μηδέπω
3338 2050 3522 2120 οὔσης,
3560 2051 3694 2123 μήτε
3719 2048 3853 2118 βυρ-

2272 2144 2382 2197 σῶν
2414 2144 2508 2197 καὶ
2534 2144 2742 2215 νεύρων
2774 2144 2870 2197 καὶ
2910 2144 3178 2213 σωμάτων
3213 2143 3307 2201 καὶ
3341 2140 3574 2212 ἱδρώτων
3604 2139 3715 2191 τῶν
3746 2156 3851 2191 πο-

2268 2236 2450 2307 νηρῶν
2498 2236 2794 2307 ἀρχόντων,
2837 2234 2929 2296 οὓς
2968 2237 2998 2289 ό
3030 2236 3223 2307 Μάνης
3259 2236 3577 2290 ἀνέπλασεν.
3628 2235 3851 2288 Ἀναθε-

2273 2329 2481 2405 ματίζω
2511 2331 2638 2393 τοὺς
2676 2329 2933 2399 λέγοντας
2974 2331 3058 2384 δτι
3088 2330 3148 2383 τὸ
3181 2329 3338 2399 σῶμα
3370 2332 3433 2381 ὲκ
3606 2328 3852 2398 πονηρᾶς

2269 2422 2442 2491 ἀρχῆς
2470 2423 2700 2492 ὑπέστη,
2734 2424 2830 2477 καὶ
2864 2424 2946 2476 ὅτι
2980 2421 3139 2493 φύσει
3171 2422 3286 2481 ἔστι
3318 2422 3385 2476 τὰ
3416 2421 3579 2479 κακά.
3630 2419 3854 2473 ’Δναθε-

2272 2514 2481 2583 ματίζω
2519 2514 2612 2567 τὸν
2654 2512 2871 2585 ληρώδη
2901 2515 3175 2578 Μάνεντος
3213 2514 3399 2585 μῦθον,
3436 2516 3494 2567 ἑν
3529 2506 3572 2582 ᾧ
3604 2529 3737 2583 φησι
3774 2512 3856 2583 μὴ

2266 2606 2451 2675 ὅμοιον
2474 2606 2607 2676 ἡμῖν
2638 2605 3036 2663 διαπεπλάσθαι
3064 2606 3171 2659 ὑπὸ
3200 2606 3295 2662 τοῦ
3326 2603 3461 2659 Θεοῦ
3488 2605 3584 2661 τὸν
3624 2603 3851 2675 πρῶτον

2268 2696 2575 2768 ἄνθρωπον,
2602 2698 2847 2752 τουτέστι
2879 2697 2971 2752 τὸν
3016 2698 3207 2768 Ἀδὰμ,
3243 2698 3377 2751 ἀλλὰ
3407 2697 3512 2750 ὑπὸ
3532 2697 3626 2753 τοῦ
3665 2698 3855 2756 Σακλᾶ

2267 2785 2360 2841 τοῦ
2393 2787 2493 2859 τῆς
2515 2787 2771 2859 πορνείας
2792 2787 3070 2859 ἄρχοντος,
3106 2791 3200 2841 καὶ
3226 2789 3326 2859 τῆς
3345 2787 3589 2859 Νεσρὼδ,
3617 2788 3684 2859 ην
3708 2782 3854 2846 εἶναι

2268 2876 2368 2947 τὴν
2407 2876 2538 2951 ῦλην
2561 2878 2725 2949 φησὶ,
2766 2878 3017 2947 γενέσθαι
3057 2878 3149 2933 τὸν
3201 2878 3372 2950 Ἀδὰμ
3412 2881 3504 2932 καὶ
3535 2878 3634 2949 ⁴ιιίνιν
3663 2877 3847 2932 Εὕαν·

2270 2971 2364 3023 καὶ
2393 2970 2485 3022 τὸν
2511 2970 2611 3041 μὲν
2638 2969 3006 3045 θηριόμορφον
3041 2970 3344 3041 κτισθῆναι,
3387 2972 3486 3041 τὴν
3517 2971 3573 3030 δὲ
3605 2970 3811 3040 ἄψυχον
3830 2985 3850 3006 ι

2270 3062 2362 3115 καὶ
2386 3061 2485 3133 τὴν
2518 3062 2616 3132 μὲν
2648 3060 2789 3115 Εὕαν
2821 3062 2927 3115 ὑπὸ
2950 3062 3049 3131 τῆς
3074 3062 3366 3133 ἀῤῥενικῆς
3400 3062 3698 3132 λεγομένης
3714 3078 3854 3133 παρ-

2272 3150 2427 3204 θένου
2464 3151 2786 3223 μεταλαϐεῖν
2806 3149 2972 3222 ζωῆς,
3006 3152 3097 3206 τὸν
3139 3152 3309 3226 ’Ἀδὰμ
3331 3152 3387 3205 δὲ
3429 3152 3532 3205 ὑπὸ
3560 3152 3663 3222 τῆς
3702 3152 3852 3216 Εῦας

2271 3242 2646 3315 ἀπαλλαγῆναι
2676 3244 2775 3315 τῆς
2804 3242 3118 3315 θηριωδίας.
3169 3243 3572 3315 ’Δναθεματίζω
3600 3244 3727 3305 τοὺς
3764 3242 3853 3296 λέ-

2270 3352 2463 3403 γοντας
2518 3334 2611 3387 τὸν
2650 3334 2852 3411 Κύριον
2896 3334 3052 3409 ημῶν
3110 3336 3315 3406 Ἰησοῦν
3345 3335 3577 3407 Χριστὸν
3629 3333 3852 3403 δοκήσει

2271 3428 2685 3499 πεφανερῶσθαι
2706 3428 2783 3503 τῷ
2806 3429 3015 3500 κόσμῳ,
3044 3430 3136 3487 καὶ
3160 3429 3235 3507 μὴ
3255 3428 3648 3505 ὁμολογοῦντας
3678 3428 3849 3484 αὑτὸν

2273 3518 2655 3591 σεσαρκῶσθαι
2684 3516 2899 3590 ἀληθῶς
2920 3524 2985 3575 ὲκ
3007 3521 3110 3591 τῆς
3135 3522 3296 3589 ἁγίας
3328 3521 3597 3593 παρθένου
3627 3522 3849 3592 Μαρίας

2270 3612 2369 3682 τῆς
2403 3614 2468 3665 ὲκ
2502 3610 2665 3663 Δασὶδ
2701 3613 3100 3683 καταγομένης,
3146 3612 3323 3684 σάρκα
3356 3612 3455 3683 τὴν
3500 3614 3851 3685 ἀνθρωπίνην

2271 3704 2365 3756 καὶ⁵
2402 3705 2531 3773 ἡμῖν
2566 3702 2867 3773 ὀμοούσιον,
2906 3704 3000 3757 καὶ
3021 3702 3240 3766 τελείως
3278 3703 3718 3775 ὲνανθρωπῆσαι,
3754 3706 3851 3757 καὶ

2268 3795 2522 3867 τεχθῆναι
2558 3795 2618 3860 ἐξ
2658 3795 2829 3865 αὐτῆς
2862 3796 2929 3849 δι’
2954 3797 3332 3867 ὲνναμηνιαιου
3372 3797 3582 3867 χρόνου,
3617 3799 3717 3851 καὶ
3754 3798 3852 3851 ἐπὶ

2268 3890 2586 3961 τριακοστὸν
2602 3889 2720 3953 ἔτος
2746 3878 3051 3960 ἀνθρώποις
3073 3892 3599 3962 συναναστραφῆναι,
3630 3894 3727 3947 καὶ
3751 3894 3853 3963 βας

2272 3982 2562 4053 πτισθῆναι
2600 3982 2709 4045 ύπὸ
2764 3981 3010 4040 Ἰωάννου
3050 3982 3145 4035 τοῦ
3192 3983 3494 4050 ἀγιωτάτου
3536 3983 3849 4054 προδρόμου

2271 4075 2364 4127 καὶ
2387 4074 2688 4131 Βαπτιστοῦ
2716 4077 2773 4127 έν
2796 4074 2871 4145 τῷ
2908 4074 3164 4148 Ἰορδάνῃ,
3197 4078 3291 4129 καὶ
3333 4076 3438 4134 ὑπὸ
3468 4076 3561 4129 τοῦ
3593 4077 3849 4146 οὐρανίου

2270 4166 2362 4219 καὶ
2390 4164 2645 4236 ἀληθινοῦ
2676 4166 2771 4217 καὶ
2803 4166 3008 4234 ἀγαθοῦ
3052 4166 3463 4237 μρτυρηθῆναι
3508 4168 3743 4239 Πατριὸς,
3768 4169 3848 4232 ὡς

2271 4254 2433 4317 αὐτὸς
2461 4255 2545 4326 εῐη
2573 4258 2601 4310 ὁ
2626 4255 2753 4319 Υἱὸς
2776 4255 2937 4309 αὑτοῦ
2958 4260 2992 4311 ,δ
3014 4258 3266 4331 ἀληθινὸς
3294 4258 3427 4321 Θεὸς
3442 4260 3535 4313 καὶ
3560 4260 3850 4329 όμοούσιος

2270 4346 2437 4416 αὐτῷ,
2462 4346 2733 4417 σαρκώσει
2757 4349 2823 4417 τῇ
2846 4350 2913 4401 ἐκ
2942 4342 3215 4419 Παρθένου
3249 4348 3537 4418 γενόμενος
3560 4348 3847 4419 ἄνθρωπος

2276 4436 2411 4507 μετὰ
2437 4436 2532 4490 τοῦ
2574 4440 2751 4508 μεῖναι
2774 4437 2926 4501 Θεός.

671 4515 736 4572 ll.
780 4515 1192 4572 Anatbematizo
1221 4517 1405 4587 igitur,
1461 4524 1521 4571 ut
1551 4517 1755 4572 dictum
1782 4526 1886 4582 est,
1927 4534 2023 4575 eos
2066 4521 2162 4590 qui

2280 4505 2288 4507 _
2352 4505 2755 4601 Ἀναθεματίζω
2774 4524 2891 4594 οῦν,
2933 4529 3011 4594 ὡς
3043 4531 3283 4601 εἴρηται,
3308 4505 3437 4594 τοὺς
3478 4530 3628 4601 παρά
3668 4530 3847 4584 ταῦτα

600 4616 794 4665 contra
823 4608 937 4663 haec
965 4608 1225 4672 sentiunt,
1269 4616 1324 4663 et
1352 4608 1516 4664 alium
1574 4609 1794 4678 quidem
1824 4612 2017 4668 volunt
2042 4628 2169 4668 esse

601 4713 726 4753 eum
752 4698 846 4769 qui
884 4706 1047 4754 natus
1075 4699 1148 4754 sit
1175 4714 1243 4754 ex
1270 4697 1461 4762 Maria,
1496 4700 1703 4771 quique
1725 4701 2034 4773 baptizatus
2071 4718 2168 4759 seu

602 4789 867 4845 intinctus
896 4791 989 4854 sit,
1010 4790 1143 4853 imo,
1168 4796 1227 4847 ut
1252 4790 1354 4861 ipsi
1384 4791 1640 4859 delirant,
1662 4792 1948 4849 demersus
1969 4813 1985 4860 ;
2004 4794 2168 4851 alium

602 4892 732 4937 vero
761 4898 886 4937 eum
930 4882 1024 4953 qui
1049 4898 1115 4938 ex
1147 4898 1289 4953 aqua
1320 4884 1655 4949 ascenderit,
1679 4886 2170 4956 testimoniumque

601 4976 895 5045 acceperit,
913 4990 1075 5044 quem
1101 4983 1154 5029 et
1174 4976 1471 5045 ingenitum
1500 4974 1685 5032 Iesum
1712 4992 1774 5031 ac
1796 4975 1999 5033 Lumen
2030 4995 2169 5033 nun-

601 5075 827 5136 cupant,
868 5065 961 5135 qui
1013 5066 1067 5119 in
1119 5064 1286 5135 ﬁgura
1341 5065 1577 5121 hominis
1625 5068 1967 5139 apparuerit;
2008 5077 2171 5139 atque

601 5160 757 5215 illum
807 5158 1028 5229 quidem
1078 5156 1394 5213 fabulantur
1429 5175 1551 5215 esse
1606 5176 1637 5213 a
1689 5161 1834 5215 male
1875 5161 2166 5232 principio,

602 5251 750 5305 hunc
772 5257 951 5304 autem
976 5265 1004 5303 a
1036 5250 1199 5306 bono.
1223 5250 1635 5307 Anathematizo
1655 5268 1752 5309 eos
1770 5253 1865 5322 qui
1888 5255 2040 5309 aiunt
2064 5254 2170 5307 Do-

601 5340 808 5395 minum
830 5348 1076 5396 nostrum
1103 5339 1288 5397 Jesum
1316 5343 1593 5399 Christum
1626 5344 2027 5401 existimatione
2052 5346 2167 5400 sola

601 5447 827 5501 passum
878 5449 1020 5499 esse,
1060 5443 1113 5491 et
1155 5436 1320 5490 alium
1363 5434 1580 5504 quidem
1620 5450 1742 5489 esse
1786 5452 1909 5488 eum
1965 5436 2057 5506 qui
2111 5438 2167 5491 in

602 5538 787 5589 cruce,
816 5526 982 5580 alium
1017 5543 1145 5582 vero
1172 5528 1263 5597 qui
1297 5526 1486 5595 procul
1515 5526 1583 5578 ab
1613 5541 1676 5579 ea
1705 5526 1903 5587 stabat".
1930 5527 2167 5582 ridebat-

602 5634 707 5687 que
735 5627 990 5688 tanquam
1021 5620 1129 5675 alio
1160 5635 1259 5689 pro
1289 5636 1346 5674 se
1368 5619 1722 5689 perpetiente.
1753 5621 2165 5675 Ana‘tbematizo

603 5707 786 5779 itaque
814 5710 957 5775 illos,
981 5712 1073 5781 qui
1094 5728 1199 5765 non
1232 5711 1560 5765 confitentur
1590 5710 1764 5780 ipsum
1783 5728 1905 5767 esse
1928 5712 2164 5767 Verbum

604 5799 769 5857 Dcutn
816 5818 847 5858 e
895 5810 1082 5859 sancta
1120 5800 1348 5880 Deipara
1395 5818 1715 5877 semperque
1747 5798 1953 5877 virgine
1997 5804 2163 5860 Maria

2268 4620 2618 4692 φρονοῦντας,
2648 4623 2741 4675 καὶ
2767 4620 2925 4676 ἄλλον
2959 4622 3057 4692 μὲν
3088 4621 3341 4690 λέγοντας
3378 4619 3515 4675 εἶναι
3544 4624 3634 4675 τὸν
3655 4640 3848 4692 γεννη-

2268 4711 2427 4766 θέντα
2451 4714 2516 4766 έκ
2539 4712 2777 4782 Μαρίας,
2818 4714 2913 4766 καὶ
2935 4711 3319 4783 βαπτισθέντα,
3342 4712 3539 4783 μᾶλλον
3562 4714 3619 4766 δὲ
3639 4713 3716 4777 ὡς
3747 4714 3849 4767 αὕη

2266 4806 2348 4855 τοὶ
2382 4803 2605 4874 ληροῦσι
2648 4804 2984 4875 βυθισθέντα,
3014 4805 3170 4860 ἀλλον
3198 4806 3254 4858 δὲ
3290 4807 3383 4861 τὸν
3417 4809 3483 4859 ὲκ
3514 4805 3609 4861 τοῦ
3653 4807 3848 4870 ὓδατος

2268 4895 2550 4949 ἀνελθόντα
2567 4898 2658 4955 καὶ
2676 4896 3105 4973 μαρτυρηθέντα,
3122 4897 3180 4951 ὃν
3202 4898 3296 4951 καὶ
3311 4898 3602 4969 ἀγέννητον
3636 4900 3847 4968 Ἰησοῦν

2269 4986 2361 5038 καὶ
2392 4985 2598 5055 Φέγγος
2638 4986 3014 5057 ὀνομάζουσιν,
3051 4990 3108 5040 ὲν
3139 4988 3374 5058 σχήματι
3409 4988 3694 5059 ἀνθρώπου
3742 5008 3846 5059 φα..

2269 5075 2449 5141 νέντα,
2469 5078 2565 5131 καὶ
2587 5078 2679 5132 τὸν
2717 5080 2813 5149 μὲν
2839 5074 2977 5132 εῖναι
3003 5078 3103 5148 τῆς
3124 5079 3300 5148 κακῆς
3327 5080 3520 5149 ἀρχῆς,
3546 5081 3640 5133 τὸν
3660 5080 3718 5135 δὲ
3742 5083 3845 5151 τῆς

2268 5168 2476 5239 ἀγαθῆς
2522 5169 2933 5241 μυθολογοῦσιν.
2988 5169 3387 5239 ’Δναθεματίζω
3418 5170 3541 5232 τοὺς
3586 5170 3843 5239 λέγοντας

2266 5260 2483 5331 δοκήσει
2508 5262 2705 5315 παθεῖν
2722 5262 2812 5315 τὸν
2838 5244 3041 5333 Κύριον
3058 5260 3213 5333 ἡμῶν
3245 5262 3449 5331 Ἰησοῦν
3472 5263 3723 5334 Χριστὸν,
3746 5265 3844 5318 καὶ

2268 5350 2423 5407 ἀλλον
2455 5350 2555 5421 μὲν
2583 5348 2719 5405 εἶναι
2743 5352 2833 5405 τὸν
2856 5354 2912 5405 έν
2936 5351 3173 5423 σταυρῷ,
3200 5350 3385 5422 ἔτερον
3407 5350 3462 5404 δὲ
3494 5351 3585 5403 τὸν
3620 5350 3839 5421 πόρρω-

2267 5443 2355 5496 θεν
2387 5444 2595 5497 ἑστῶτα
2617 5446 2710 5498 καὶ
2740 5443 3002 5512 γελῶντα,
3034 5443 3109 5507 ὡς
3134 5442 3292 5497 ἄλλου
3319 5442 3613 5496 ἀντάύτοῦ
3644 5442 3843 5497 παθόν-

2262 5550 2371 5597 τος.
2408 5534 2813 5605 ’Δναθεματιζω
2839 5534 3017 5587 τοίνυν
3045 5536 3171 5597 τοὺς
3209 5533 3283 5606 μὴ
3314 5532 3709 5604 ὁμολογοῦντας
3742 5533 3841 5590 αύ-

2264 5623 2354 5675 τὸν
2380 5619 2521 5679 εἶναι
2554 5625 2643 5677 τὸν
2677 5628 2740 5678 ὲκ
2769 5626 2868 5695 τῆς
2896 5626 3053 5693 ἁγίας
3068 5624 3328 5683 Θεοτόκου
3367 5624 3459 5677 καὶ
3482 5624 3839 5693 ἀει-παρθένου

2265 5716 2486 5786 Μαρίας
2522 5717 2869 5787 σαρκωθέντα
2901 5718 3032 5771 Θεὸν
3064 5718 3253 5785 Λόγον,
3273 5717 3366 5770 καὶ
3388 5715 3729 5787 γεννηθέντα,
3744 5718 3842 5772 καὶ

2267 5809 2385 5861 κατ’
2409 5807 2666 5880 ἀλήθειαν
2703 5806 3081 5877 σταυρωθέντα
3125 5809 3308 5878 σαρκὶ,
3357 5807 3449 5865 καὶ
3494 5805 3839 5862 ἀποθανόντα
