4078 6336
210 355 353 413 “63

1304 340 1876 404 REGOGNITIONES.
1909 370 1983 383 —
2000 341 2361 399 APPENDIX.

3341 346 3478 404 “66

210 470 648 545 ἀληθῶςσαρκὶ,
687 471 783 525 καὶ⁸
825 470 1122 543 τριήμερον
1163 469 1471 523 ἀναστάντα
1517 467 1592 530 ὡς
1635 463 1779 517 Θεόνη

1898 459 2641 533 incarnatum,'etgenitunr,
2676 476 2891 518 necnon
2932 477 3123 518 revera
3154 477 3321 520 carne
3357 480 3479 521 cru-

224 562 631 636 Ἀναθεματίζω
671 565 798 627 τοὺς
831 563 923 617 τὸν
967 562 1204 633 Χριστὸν
1231 562 1489 632 λέγοντας
1530 557 1670 613 εἶναι
1693 558 1787 612 τὸν

206 655 382 728 ἥλιον,
413 658 507 710 καὶ
544 656 870 726 εὐχομένους
898 654 976 725 τῷ
1006 655 1161 727 ἡλίῳ,
1194 656 1226 727 ἢ
1257 658 1323 726 τῇ
1356 654 1577 726 σελήνῃ,
1609 653 1642 723 ﬂ
1674 654 1788 716 τοῖς

205 747 453 820 ἄστροις,
489 749 581 801 καὶ
602 747 739 811 ὅλως
784 747 969 810 αὐτοῖς
997 746 1073 811 ὼς
1102 747 1245 810 θεοῖς
1273 745 1658 818 προσέχοντας,
1692 744 1788 796 καὶ⁹

204 843 539 908 φανοτάτους
593 839 745 903 θεοὺς
776 839 1206 902 ἀποκαλοῦντας·
1250 838 1344 891 καὶ
1385 836 1512 900 τοὺς
1544 836 1617 906 μὴ
1650 834 1787 906 πρὸς

204 929 472 993 ἀνατολάς
513 929 670 1000 μόνον
699 927 775 998 τῷ
800 928 988 997 ἀληθεῖ
1015 927 1134 999 Θεῷ
1168 926 1513 997 εὐχομένους,
1556 924 1691 978 ἀλλά
1718 926 1785 995 τῇ

200 1022 300 1075 τοῦ
332 1022 478 1093 ήλίου
509 1022 717 1091 κινήσει
748 1021 1318 1093 συμπεριφερομένους
1340 1022 1396 1072 ὲν
1415 1019 1536 1082 ταῖς
1570 1018 1786 1089 μυρίαις

201 1115 385 1168 αὐτῶν
418 1115 765 1185 προσευχαῖς.
810 1110 1216 1184 Ἀναθεματίζω
1238 1111 1365 1175 τοὺς
1394 1111 1487 1163 τὸν
1517 1108 1783 1181 Ζαράδην,

200 1209 298 1261 καὶ
317 1207 412 1261 τὸν
437 1208 655 1270 Βουδᾶν,
686 1208 777 1260 καὶ
804 1207 895 1260 τὸν
922 1206 1177 1276 Χριστὸν,
1209 1207 1302 1258 καὶ
1335 1205 1426 1258 τὸν
1460 1205 1783 1273 Μανιχαϊον,

199 1297 408 1351 καὶτὸν
433 1297 601 1368 ἥλιον,
627 1298 723 1351 ἕνα
739 1297 831 1351 καὶ
854 1297 945 1349 τὸν
971 1296 1133 1373 αὑτὸν
1153 1290 1292 1348 εἶναι
1322 1292 1596 1362 λέγοντας.
1635 1293 1787 1343 Ἀνα-

198 1388 483 1458 θεματίζω
538 1390 664 1453 τοὺς
711 1388 802 1442 τὸν
855 1386 1245 1458 Παράκλητσν,
1299 1384 1361 1438 δν
1426 1382 1787 1456 ἐπηγγείλατο

197 1480 443 1549 πέμπειν
462 1481 490 1532 ὁ
506 1480 726 1551 Κύριος,
754 1479 1069 1549 τολμῶντας
1093 1476 1274 1545 λέγειν
1300 1475 1393 1529 τὸν
1412 1475 1645 1529 δείλαιον
1672 1474 1788 1527 Μά-

196 1587 381 1634 νεντα,
424 1570 516 1623 καὶ
554 1570 626 1641 μή
666 1570 1057 1641 ὁμολογοῦντας
1097 1571 1187 1623 τὸν
1216 1566 1466 1639 ἀληθινὸν
1495 1566 1786 1637 Παράκλη-

196 1677 295 1714 τον
327 1662 389 1714 τὸ
426 1662 649 1732 Πνεῦμα
677 1662 775 1732 τῆς
801 1661 1079 1732 ἀληθείας,
1125 1660 1155 1713 ὃ
1200 1661 1316 1723 τοῖς
1344 1658 1522 1727 ἁγίοις
1549 1656 1783 1729 Χριστοῦ

201 1752 475 1823 μαθηταῖς
503 1752 595 1804 καὶ
619 1751 931 1814 ἀποστόλοις
957 1751 1313 1820 ὲπεφοίτησεν
1346 1751 1403 1802 ὲν
1429 1751 1495 1820 τῇ
1518 1748 1617 1819 τῆς
1644 1749 1781 1800 Πεν-

195 1844 474 1915 τηκοστῆς
503 1843 705 1915 ήμέρᾳ,
748 1843 814 1896 δι’
836 1838 896 1896 οῦ
921 1843 1015 1896 καὶ
1043 1842 1145 1905 τάς
1169 1842 1275 1895 ὑπὸ
1298 1841 1390 1894 τὸν
1417 1840 1645 1913 οὐρανὸν
1667 1841 1783 1894 δια-

196 1935 425 1998 λέκτους
449 1935 712 2004 ἔγνωσαν,
744 1934 839 1988 καὶ
869 1934 1096 2004 νεκροὺς
1123 1934 1377 2004 ήγειραν,
1429 1932 1523 1986 καὶ
1550 1932 1618 1985 τά
1648 1931 1781 1987 ἀλλα

196 2029 482 2101 παράδοξα
502 2029 841 2099 εἰργάσαντο.
880 2025 1290 2098 ’Δναθεματίζω
1303 2027 1431 2091 τοὺς
1451 2026 1552 2090 τὰς
1581 2026 1785 2097 ἀνθρω-

196 2120 362 2185 πίνας
382 2122 560 2192 ψυχὰς
587 2120 842 2189 λέγοντας
882 2118 1199 2191 ὁμοουσίους
1236 2116 1373 2172 εῖναι
1405 2118 1481 2191 τῷ
1512 2118 1652 2189 Θεῷ,
1689 2120 1783 2172 καὶ

197 2212 308 2264 ὑπὸ
339 2213 439 2282 τῆς
480 2211 612 2283 ὕλης
641 2211 1032 2282 καταποθῆναι,
1064 2210 1158 2263 καὶ
1202 2208 1525 2273 καθέζεσθαι
1556 2209 1650 2263 νῦν
1690 2210 1783 2263 τὸν

197 2298 356 2365 Θεὸν,
387 2303 479 2355 καὶ
501 2302 701 2366 ταύτας
718 2302 988 2368 ἐξαντλεῖν
1016 2300 1261 2354 κάτωθεν
1283 2299 1371 2352 διὰ
1394 2299 1488 2353 τοῦ
1517 2301 1667 2371 ἡλίου
1690 2300 1782 2353 καὶ

196 2394 301 2464 τῆς
349 2394 595 2466 σελήνης,
640 2395 676 2450 ἀ
706 2396 798 2448 καὶ
844 2387 1001 2448 π’λοῖα
1044 2394 1317 2448 καλοῦσιν.
1371 2392 1782 2465 Ἀναθεματίξω

194 2483 333 2545 τοὺς
361 2484 461 2554 τήν
498 2484 913 2556 μετεμψύχωσιν
942 2480 1263 2549 δοξάζοντας
1289 2483 1356 2553 ἢν
1388 2482 1543 2535 αὐτοὶ
1582 2482 1779 2537 καλοῦ.

200 2590 287 2630 σιν
325 2574 692 2645 μεταγγισμὺν
712 2573 918 2644 ψυχῶν,
944 2576 1038 2627 καὶ
1066 2575 1192 2637 τοὺς
1212 2573 1310 2636 τὰς
1344 2572 1573 2644 βοτάνας
1595 2574 1779 2629 καὶτὰ

199 2663 345 2733 φυτά
374 2664 465 2717 καὶ
492 2662 552 2716 τὸ
583 2664 726 2735 ὕδωρ
752 2663 847 2716 καὶ
871 2664 940 2716 τά
971 2662 1108 2718 ἄλλα
1146 2665 1343 2728 πάντα,
1382 2663 1601 2734 ἔμψυχα
1641 2658 1779 2718 εἶναι

198 2748 699 2821 ὑπολαμϐάνοντας,
724 2754 959 2817 καὶτοὺς
986 2753 1156 2806 ταῦτα
1186 2752 1503 2816 κόπτοντας,
1530 2754 1652 2823 ἢτοι
1693 2752 1779 2807 λέ-

200 2851 417 2910 γοντας,
446 2843 524 2905 εἰς
562 2844 744 2896 ἐκεῖνα
782 2841 1279 2913 μεταϐληθήσεσθαι
1326 2844 1648 2911 φάσκοντας,
1682 2844 1778 2896 καὶ

200 2933 349 3002 ἡμᾶς
368 2932 494 2995 τοὺς
522 2932 877 3002 Χριστιανοὺς
910 2933 1038 2995 τοὺς
1074 2930 1147 3003 μὴ
1176 2930 1652 3002 παραδεχομένους
1678 2933 1777 2996 τὰς

196 3020 454 3085 τοιαύτας
487 3021 809 3091 μυθολογίας
837 3019 1133 3084 καλοῦντας
1172 3020 1514 3091 ’Δπλαρίους.
1552 3018 1772 3072 ’Δναθε-

1892 551 2137 619 ciﬁxnm,
2168 568 2298 610 vere
2327 566 2497 607 carne
2525 559 2827 619 mortuum,
2862 550 3138 624 tertioque
3167 550 3257 611 die
3297 557 3479 612 susci-

1890 653 2085 713 tatum,
2108 655 2298 717 utpote
2334 646 2525 702 Deum.
2545 646 2964 701 Anathematizo
2979 661 3074 702 eos
3093 650 3184 717 qui
3203 648 3479 706 afﬁrmant

1888 738 2167 793 Christum
2187 753 2309 794 esse
2322 738 2515 804 solem,
2533 747 2587 795 et
2603 738 2671 793 ad
2688 740 2883 807 solem,
2902 743 2985 797 vel
3005 741 3210 812 iuna’m,
3225 746 3308 801 vel
3326 751 3477 800 astra

1889 844 2082 901 preces
2136 830 2411 898 deferunt,
2432 832 2782 904 omninoque
2810 832 2917 891 illis
2938 845 2997 890 ut
3018 834 3131 892 diis
3157 835 3472 900 attendunt,

1888 930 2196 993 vocantque
2248 924 2381 980 deos
2430 923 2805 981 lucidissimos
2853 927 3031 983 :item
3068 943 3164 985 eos
3217 928 3314 1000 qui
3361 946 3475 988 non

1888 1017 2050 1073 modo
2075 1017 2143 1073 ad
2176 1017 2457 1073 Orientem
2499 1034 2629 1074 vero
2661 1018 2773 1074 Deo
2804 1022 3139 1091 supplicant,
3173 1010 3269 1077 sed
3316 1021 3473 1093 juxta

1888 1121 2096 1166 motum
2126 1111 2261 1167 solis
2282 1110 2680 1169 circumferunt
2707 1128 2764 1169 se
2787 1114 2841 1169 in
2866 1112 2981 1170 suis
3012 1115 3317 1172 innumeris
3345 1131 3476 1173 ora-

1888 1202 2150 1259 tionibus.
2169 1201 2587 1268 Anathematizo
2609 1198 2734 1261 illos
2768 1205 2863 1275 qui
2888 1204 3152 1261 Zaradem
3175 1214 3232 1261 et
3261 1206 3473 1264 Budam

1888 1305 1942 1350 et
1968 1293 2251 1351 Christum
2287 1302 2341 1351 et
2381 1290 2743 1351 Manichaeum
2783 1304 2839 1352 et
2879 1298 3072 1363 solem,
3108 1314 3281 1357 unum
3314 1316 3469 1355 eum-

1886 1385 2123 1457 demque
2151 1400 2273 1442 esse
2295 1386 2509 1443 dicunt.
2532 1389 2949 1444 Anathematizo
2977 1404 3071 1447 cos
3088 1391 3182 1461 qui
3215 1381 3473 1448 Paracle-

1879 1485 2003 1531 tum
2050 1492 2213 1548 quem
2252 1475 2516 1534 Dominus
2551 1479 2848 1535 missurum
2881 1495 2940 1537 se
2964 1482 3240 1553 promisit,
3266 1481 3472 1539 audent

1886 1569 2070 1625 dicere
2099 1569 2365 1624 miserum
2398 1569 2689 1635 Manetem,
2716 1586 2894 1642 neque
2918 1578 3249 1631 conﬁtentur
3276 1593 3469 1633 verum

1884 1659 2231 1717 Paracletum
2256 1660 2521 1733 Spiritum
2541 1664 2809 1727 veritatis,
2825 1666 2918 1735 qui
2944 1666 2999 1720 in
3018 1677 3239 1724 sanctos
3258 1666 3470 1727 Christi

1884 1747 2187 1818 discipulos
2229 1764 2293 1804 ac
2331 1751 2611 1820 apostolos
2642 1752 2928 1809 descendit
2952 1756 3051 1811 die
3074 1755 3430 1816 Pentecostes
3450 1800 3466 1825 ,

1885 1857 1984 1912 per
2012 1835 2191 1911 quem
2226 1850 2281 1897 et
2314 1843 2484 1897 totius
2510 1842 2661 1900 urbis
2691 1843 2905 1916 linguas
2937 1854 3099 1903 notas
3129 1847 3467 1916 habuerunt,

1885 1951 1949 1990 ac
1980 1941 2229 1989 mortuos
2271 1934 2645 2000 suscitarunt,
2676 1935 2894 2007 aliaque
2938 1937 3208 1993 miracula
3253 1940 3468 2011 operati

1885 2033 2033 2081 sunt.
2073 2024 2493 2080 Anathematizo
2528 2041 2626 2082 eos
2656 2029 2751 2099 qui
2784 2027 3055 2084 humanas
3098 2030 3312 2090 animas
3356 2032 3469 2089 Deo

1880 2111 2389 2170 consubstantiales
2434 2113 2655 2189 dicunt,
2697 2123 2752 2170 et
2795 2132 2825 2170 a
2871 2120 3101 2173 materia
3148 2119 3465 2189 absorberi,

1884 2220 2141 2274 nuncque
2169 2204 2366 2261 sedere
2404 2202 2576 2261 Deum
2621 2219 2686 2260 ac
2727 2220 2821 2261 eas
2854 2206 3077 2278 haurire
3113 2208 3180 2263 ab
3212 2210 3323 2266 imo
3368 2228 3469 2282 per

1884 2302 2054 2356 solem
2074 2309 2130 2357 et
2158 2301 2366 2363 lunam,
2399 2317 2521 2372 quas
2550 2302 2713 2357 etiam
2740 2302 2955 2375 navigia
2989 2317 3205 2361 vocant.
3232 2307 3469 2365 Anathe—

1883 2392 2081 2447 matizo
2123 2408 2219 2449 eos
2248 2393 2343 2463 qui
2376 2395 2890 2465 metempsychosim
2939 2396 3256 2467 admittunt,
3299 2416 3465 2471 quam

1883 2484 1988 2554 ipsi
2020 2485 2307 2539 nominant
2344 2486 2651 2555 animarum
2695 2486 2763 2541 de
2796 2502 2925 2542 vase
2960 2488 3015 2542 in
3050 2504 3148 2545 vas
3180 2491 3469 2563 migratio-

1881 2591 2046 2631 nem:
2088 2582 2351 2647 prmterea
2395 2592 2491 2634 eos
2528 2578 2619 2647 qui
2666 2577 2889 2645 herbas,
2945 2580 3198 2651 plantas,
3242 2598 3464 2654 aquam,

1879 2678 2185 2739 ceteraque
2226 2669 2413 2724 omnia
2457 2677 2653 2739 putant
2694 2685 2817 2726 esse
2877 2673 3152 2737 animata,
3202 2675 3469 2741 aiuntque

1879 2776 2069 2815 eorum
2096 2768 2340 2817 sectores
2382 2769 2476 2813 aut
2505 2760 2830 2817 collectores
2864 2761 2920 2813 in
2963 2762 3052 2815 illa
3096 2770 3469 2821 transmutan-

1881 2850 2016 2917 dos;
2054 2865 2154 2906 nos
2184 2860 2365 2906 autem
2392 2850 2761 2914 Christianos.
2795 2854 2890 2923 qui
2943 2854 3259 2924 bujusmodi
3306 2858 3467 2915 fabu-
3540 2870 3547 2875 '

1883 2942 2031 3028 loses
2060 2957 2343 2998 sermones
2373 2944 2599 2998 minime
2632 2944 2951 3028 recipimus,
2993 2948 3269 3016 appellant
3313 2948 3452 3005 Sim-

1882 3021 2072 3104 pli'ces.
2099 3033 2513 3089 Anatbematizo
2540 3049 2637 3091 eos
2672 3021 2787 3089 tum
2817 3038 2909 3106 qui
2939 3037 3254 3092 inliciantur
3282 3042 3467 3098 carnis

203 3111 417 3183 ματίζω
444 3114 569 3174 τοὺς
586 3112 954 3184 ἀρνουμένους
975 3110 1072 3182 τὴν
1093 3111 1201 3164 τῶν
1219 3111 1439 3184 σαρκῶν
1454 3110 1773 3174 ἀνάστασιν,

1882 3127 2373 3192 resurrectionem;
2420 3134 2536 3180 tum
2570 3126 2665 3197 qui
2709 3127 3167 3184 inhumanitatem
3226 3131 3461 3196 docent,

200 3200 295 3258 καὶ
337 3203 459 3265 τοὺς
486 3201 876 3274 ἀπανθρωπίαν
915 3200 1284 3266 διδάσκοντας,
1320 3204 1415 3256 καὶ
1450 3202 1524 3274 μὴ
1563 3217 1776 3272 συγχω-

206 3290 435 3363 ροῦντας
450 3290 686 3344 δίδοσθαι
704 3291 916 3361 πένησι,
936 3292 1031 3345 καὶ
1044 3291 1170 3356 τοὺς
1186 3291 1247 3345 τὸ
1263 3292 1607 3357 αὐτεξούσιον
1629 3293 1778 3346 ἀναι-

204 3382 552 3454 ροῦντας,καὶ
567 3383 639 3454 μὴ
654 3383 737 3451 ἐφ’
748 3385 780 3453 ή
790 3386 879 3453 μῖν
890 3380 1027 3438 εἴναι
1044 3383 1300 3452 λέγοντας
1312 3385 1379 3437 τὸ
1389 3381 1525 3437 εἶναι
1542 3384 1727 3448 καλοῖς
1742 3386 1776 3458 ἢ

201 3477 415 3538 κακοῖς,
436 3476 665 3539 καὶτοὺς
681 3475 980 3547 βρωμάτων
991 3476 1291 3547 ἀπέχεσθαι
1322 3478 1775 3549 προστάττοντας,

199 3566 236 3621 ἀ
254 3569 284 3619 ὁ
298 3567 428 3631 Θεὸς
443 3566 654 3622 ἔκτισιν
669 3570 748 3631 είς
765 3568 1082 3639 μετάληψιν.
1102 3567 1513 3639 ’Δναθεματίζω
1521 3569 1647 3633 τοὺς
1662 3572 1778 3634 τοῖς

201 3661 421 3724 οἰκείοις
445 3660 626 3732 οὖροις
653 3662 877 3723 ἑαυτοὺς
910 3660 1243 3731 μιαίνοντας,
1270 3662 1364 3714 καὶ
1397 3661 1471 3732 μή
1516 3662 1780 3734 ἀνεχομέ-

201 3769 326 3815 νους
355 3752 451 3815 τὰς
493 3752 767 3822 ῥυπαρίας
803 3750 981 3805 αὐτῶν
1013 3750 1168 3805 ὕδατι
1208 3751 1557 3817 ἀποπλύνειν,
1585 3752 1671 3807 ἵνα
1703 3752 1777 3824 μή

206 3842 459 3914 μολυνθῇ,
479 3843 633 3911 φασὶ,
665 3844 724 3895 τὸ
746 3840 905 3913 ὕδωρ.
940 3842 1341 3914 Ἀναθεματίζω
1359 3844 1483 3906 τοὺς
1501 3843 1600 3913 τήν
1628 3843 1780 3913 παρὰ

202 3934 363 4006 φύσιν
391 3934 779 4006 ἀσχημοσύνην
813 3936 1349 4014 κατεργαζομένους,
1378 3937 1438 4001 οὐ
1483 3938 1643 4009 μόνον
1683 3938 1779 3992 ἀν-

198 4025 355 4096 δρας,
388 4024 521 4079 ἀλλά
548 4028 642 4082 καὶ
674 4029 959 4095 γυναῖκας,
993 4028 1084 4081 τὸν
1109 4029 1164 4082 δὲ
1200 4030 1378 4100 γάμον
1405 4029 1778 4100 ἀποϐαλλομέ-

202 4133 346 4181 νους,
374 4118 467 4171 καὶ
490 4117 591 4187 τῆς
618 4119 1009 4189 νενομισμένης
1034 4120 1168 4189 πρὸς
1184 4120 1283 4183 τάς
1301 4124 1567 4189 γυναῖκας
1594 4138 1781 4174 συνου-

206 4209 325 4272 σίας
363 4209 750 4285 ἀπεχομένους,
780 4210 867 4265 ῖνα
911 4210 985 4285 μὴ
1014 4211 1463 4284 παιδοποιήσωσι,
1502 4212 1655 4282 φασὶ,
1686 4213 1779 4266 καὶ

200 4300 381 4371 ψυχάς
408 4282 484 4366 εἷς
506 4304 595 4357 τὸν
626 4303 881 4376 βόρϐορον
908 4282 1019 4356 τῶν
1043 4282 1397 4375 ἀνθρωπίνων
1426 4306 1617 4377 ψυχῶν
1647 4324 1780 4361 κατ-

203 4396 495 4463 αγάγωσιν.

1880 3226 1980 3272 nec
2007 3216 2312 3271 concedunt
2339 3217 2638 3290 quidquam
2675 3219 2793 3274 dari
2824 3205 3193 3292 pauperibus;
3228 3231 3342 3276 tum
3366 3225 3463 3297 qui

1881 3309 2083 3365 tollunt
2102 3309 2333 3363 liberum
2358 3310 2669 3375 arbitrium,
2707 3313 3177 3385 prontthtiantque
3202 3330 3309 3368 non
3338 3332 3464 3377 esse

1881 3398 1936 3452 in
1977 3407 2167 3454 nostra
2199 3407 2469 3470 potestate
2508 3412 2577 3457 ut'
2614 3402 2740 3456 boni
2779 3412 2873 3458 aut
2912 3404 3039 3457 mali
3090 3406 3285 3471 simus,
3341 3416 3461 3464 tum

1881 3494 1972 3563 qui
2009 3494 2334 3563 prmoipiunt
2380 3494 2655 3549 abstinere
2698 3494 2857 3560 cibis,
2906 3512 3045 3567 quos
3091 3489 3237 3554 Deus
3275 3508 3333 3553 ut
3367 3515 3467 3555 sua

1882 3595 2097 3639 mantur
2122 3587 2348 3641 creavit.
2382 3586 2798 3642 Anathematizo
2828 3602 2922 3641 eos
2948 3590 3039 3657 qui
3076 3586 3135 3643 se
3176 3605 3273 3644 sua
3302 3592 3463 3647 urina

1885 3676 2195 3742 sordidam,
2230 3692 2331 3731 nec
2356 3678 2629 3733 sustinent
2652 3693 2793 3749 aqua
2822 3694 2952 3733 suas
2981 3680 3171 3735 sordes
3202 3680 3461 3747 abluere,

1881 3782 1969 3830 ne,
2000 3767 2277 3838 inquiunt,
2315 3783 2454 3837 aqua
2486 3770 2781 3839 polluatur.
2808 3767 3225 3825 Anathematizo
3248 3787 3343 3826 eos
3364 3774 3461 3841 qui

1880 3866 2091 3913 natura:
2131 3859 2907 3931 contrariam-turpitudinem
2959 3868 3295 3929 perpetrant,
3349 3880 3460 3921 non

1879 3953 2055 4007 solum
2088 3953 2259 4017 viros,
2278 3953 2375 4007 sed
2402 3960 2455 4006 et
2486 3951 2745 4020 feminas;
2781 3954 3001 4023 nuptias
3030 3971 3160 4010 vero
3178 3955 3459 4023 rrjiciunt,

1879 4052 1932 4099 et
1972 4044 2209 4114 legitima
2242 4060 2366 4098 cum
2389 4034 2710 4101 mulieribus
2733 4046 3133 4102 consuetudine
3159 4048 3457 4113 abstinent,

1880 4155 1947 4193 ne
1966 4139 2171 4195 liberos
2188 4140 2509 4209 suscipiant,
2527 4139 2801 4209 inquiunt,
2817 4142 3138 4213 animasque
3149 4142 3216 4197 ad
3228 4136 3457 4199 cornum

1879 4230 2245 4286 humanarum
2272 4232 2582 4288 animarum
2623 4232 2917 4290 deducant.

288 4486 687 4557 Ἀναθεματίζω
713 4489 804 4541 καὶ
832 4489 1249 4561 καταθεματίζω
1275 4490 1482 4555 πάντας
1507 4491 1634 4554 τοὺς
1652 4490 1773 4545 Μα-

1945 4473 2032 4530 lll.
2076 4475 2433 4533 Anatbemate
2480 4484 2535 4531 et
2581 4476 2941 4533 catathemate
2989 4480 3234 4547 percutio
3264 4493 3459 4533 omnes

204 4578 462 4649 νιχαξους,
497 4580 589 4631 καὶ
635 4579 702 4632 τὰ
746 4579 948 4637 τούτων
993 4583 1321 4655 φρονήματα
1370 4582 1465 4635 καὶ
1508 4582 1773 4653 δόγματα,

205 4670 303 4722 σὺν
345 4668 534 4730 αὐταῖς
572 4668 768 4739 ψυχαῖς
809 4686 868 4721 τε
900 4671 992 4723 καὶ
1022 4669 1257 4741 σώμασι,
1283 4674 1375 4730 καὶ
1419 4671 1487 4724 τὰ
1534 4672 1775 4743 μυσαρά,

203 4761 297 4825 xui.
328 4760 630 4831 ἀκάθαρτα,
665 4762 760 4813 καὶ
786 4763 1038 4832 γοητείας
1066 4764 1247 4835 πλήρη
1282 4766 1576 4839 μυστήρια,
1602 4765 1695 4819 καὶ
1716 4764 1778 4817 τὸ

204 4852 535 4923 καλούμενον
578 4850 754 4912 αὐτῶν
800 4851 980 4926 Βῆμα,
1022 4856 1116 4909 καὶ
1161 4855 1337 4911 πάντα
1387 4855 1485 4913 ὅσα
1532 4854 1775 4908 τελοῦσιν

201 4943 396 5006 ἀθέως,
427 4940 463 4996 ἀ
496 4945 613 5004 ταῖς
658 4942 1041 5012 Μανιχαῖκαίς,
1077 4944 1275 5014 μᾶλλον
1310 4946 1367 5002 δὲ
1402 4950 1778 5018 γοητευτικαῖς

202 5033 382 5091 αὐτῶν
430 5034 737 5112 περιέχεται
779 5033 1020 5103 βιϐλίοις.
1054 5036 1458 5107 Ἀναθεματίζω
1503 5039 1679 5092 πάντα
1708 5040 1776 5093 τὰ

201 5128 445 5199 δόγματα
475 5126 567 5179 καὶ
598 5125 1000 5201 συγγράμματα
1028 5128 1121 5182 τοῦ
1143 5130 1437 5195 Μάνεντος,
1460 5132 1553 5185 καὶ
1579 5131 1640 5183 τὸ
1667 5130 1773 5183 τῶν

216 5217 586 5276 Ἐπιστολῶν
615 5217 779 5273 αὐτοῦ
810 5218 1031 5289 βιϐλίον,
1060 5223 1154 5275 καὶ
1176 5224 1355 5287 πάσας
1382 5222 1479 5287 τὰς
1506 5225 1775 5295 Μανιχαῖ-

203 5310 304 5373 κάς
350 5309 589 5379 βίϐλουςο
636 5303 747 5365 οἷον
795 5311 856 5363 τὸ
900 5314 1213 5383 νεκροποιδν
1257 5314 1404 5385 αὐτῷ
1436 5315 1548 5386 (75)
1581 5318 1773 5384 Εὐαγ-

202 5402 421 5471 γέλιον,
451 5403 586 5472 ὅπερ
630 5400 743 5463 ὧν
784 5402 1036 5463 καλοῦσι’
1089 5406 1181 5459 καὶ
1222 5406 1313 5460 τὸν
1362 5407 1631 5479 θησαυρὸν
1678 5408 1772 5461 τοῦ

205 5492 453 5558 θανάτου,
477 5493 533 5546 ὃν
561 5494 777 5563 λέγουσι
803 5496 1117 5564 Θησαυρὸν
1138 5496 1285 5565 ζωῆς
1303 5515 1315 5529 ο
1344 5500 1436 5551 καί
1464 5498 1561 5571 τὴν
1588 5500 1776 5553 καλου-

209 5584 372 5657 μένην
406 5585 765 5656 Μυστηρίων
799 5587 997 5658 βίϐλον,
1027 5590 1084 5641 ὲν
1172 5589 1500 5659 ἀνατρέπειν
1537 5592 1772 5664 πειρῶν-

279 5760 390 5833 (75)
429 5761 614 5833 Αὐτῷ.
645 5760 775 5837 Leg.
805 5763 999 5823 αὐτῶν.
1025 5763 1227 5823 Com.

1880 4568 2225 4633 Manichaeos,
2259 4584 2557 4639 eorumque
2597 4570 2897 4625 sententias
2938 4578 2991 4623 et
3020 4569 3295 4640 dogmata,
3326 4585 3455 4623 cum

1880 4663 2015 4734 ipsis
2058 4662 2345 4717 animabus
2374 4669 2427 4717 et
2457 4662 2802 4731 corporibus,
2834 4670 2885 4716 et
2926 4662 3311 4725 abominanda,
3346 4663 3458 4716 im-

1878 4756 2040 4825 pura'
2062 4754 2573 4826 prazstigiarumque
2617 4753 2776 4823 plena
2804 4753 3081 4823 mysteria,
3115 4761 3168 4806 et
3196 4762 3452 4811 vocatum

1878 4849 2097 4902 illorum
2126 4846 2325 4914 Bema;
2356 4847 2650 4917 omniaque
2679 4860 2799 4916 quae
2838 4844 3001 4914 impie
3031 4854 3455 4917 peragunt,qna3

1879 4939 1934 4993 in
1966 4939 2342 5003 Manichaicis,
2376 4940 2549 5009 magis
2578 4944 2759 4992 autem
2787 4936 3221 5007 praestigiatoriis
3260 4955 3451 4994 eorum

1878 5032 2032 5089 libris
2074 5032 2441 5087 continentur.
2473 5027 2889 5089 Anathematizo
2931 5044 3121 5085 omnes
3165 5030 3453 5099 Opinione:

1876 5139 1941 5178 ac
1990 5124 2159 5179 libros
2206 5122 2457 5187 Manetis,
2489 5130 2653 5189 atque
2683 5118 3049 5188 Epistolarum
3103 5119 3249 5173 illius
3294 5122 3450 5174 volu—

1877 5232 2023 5280 men,
2056 5222 2363 5285 cunctaque
2395 5211 2598 5281 scripta
2629 5210 2964 5265 Manichaica
3001 5230 3015 5266 :
3048 5212 3215 5265 veluti
3255 5214 3450 5265 morti-

1878 5307 2051 5361 ferum
2092 5322 2281 5362 eorum
2324 5304 2666 5375 Evangelium
2698 5346 2713 5370 ,
2743 5303 2888 5373 quod
2916 5304 3089 5357 vivum
3132 5304 3450 5371 appellant;

1878 5415 1938 5453 ac
1967 5398 2308 5455 Tbesaurum
2342 5396 2557 5459 mortis,
2590 5411 2751 5466 quem
2780 5396 2970 5450 dicunt
3006 5395 3329 5449 Thesaurum
3372 5397 3452 5448 νὶ-

1877 5502 1972 5555 tm;
2004 5502 2057 5547 et
2086 5491 2283 5545 librum
2317 5489 2479 5543 titulo
2512 5488 2907 5558 Mysteriorum,
2944 5489 2999 5541 in
3032 5502 3139 5558 quo
3180 5488 3349 5555 legem
3384 5504 3452 5544 ao

1875 5584 2166 5656 prophetas
2195 5592 2439 5641 evertere
2468 5583 2750 5647 nituntur;
2781 5589 2835 5637 et
2872 5582 3069 5636 librum
3103 5580 3450 5650 Apocrypho.
