4048 6342
159 350 302 410 M69

1257 350 1828 410 RECOGNITIONES.
1841 383 1906 395 —
1925 350 2287 409 APPENDIX.

3283 357 3420 414 M70

157 464 656 536 ἀποστρεφομένοις
691 463 788 536 μὲν
814 462 908 518 τοῦ
948 465 1129 536 τιμίου
1166 466 1396 537 αἵματος
1428 470 1522 523 καὶ
1552 467 1736 538 σώμα-

1844 470 2111 540 signavit;
2143 470 2211 526 iis
2238 483 2458 540 quoque
2488 468 2581 539 qui
2618 468 2905 525 fastidiunt
2947 469 3164 541 quidem
3194 474 3414 541 pretiosi

156 572 252 616 τος
292 555 384 608 τοῦ
431 555 667 627 Χριστοῦ
707 557 1008 622 κοινωνίαν,
1041 556 1398 626 ἀποδέχεσθαι
1437 559 1494 610 δὲ
1536 559 1737 630 ταύτην

159 647 669 719 σχηματζομένοις,
698 649 791 701 καὶ
823 649 1033 702 νοοῦσιν
1060 649 1183 702 ἀντὶ
1225 649 1427 718 ταύτης
1455 649 1524 701 τὰ
1563 650 1739 719 ῥήμα-

153 757 226 792 τα
257 740 354 811 τῆς
371 740 464 792 τοῦ
490 739 724 808 Χριστοῦ
751 741 1114 808 διδασκαλίας,
1133 733 1230 804 ὧν,
1253 741 1403 810 φασὶ,
1430 740 1740 809 μεταδιδοὺς

153 834 272 895 τοῖς
306 831 620 894 ἀποστόλοις
650 831 832 901 ἔλεγε·
867 830 1106 895 Λάὅετε,
1140 830 1378 901 φάγετε,
1413 832 1578 889 ,τίετε
1599 849 1612 862 ·
1646 833 1739 896 καὶ

156 923 585 993 μυσαττομένοις
632 923 730 993 μὲν
776 923 835 976 τὸ
866 922 1170 992 βάπτισμα,
1202 922 1647 994 ὑποκρινομένοις
1681 923 1737 976 δὲ

150 1014 314 1067 τοῦτο
359 1015 486 1086 περὶ
533 1014 725 1068 πολλοῦ
769 1014 1033 1079 τίθεσθαι,
1070 1016 1163 1067 καὶ
1205 1012 1382 1068 νοοῦσι
1429 1015 1544 1067 ἀντ’
1574 1013 1738 1068 αὐτοῦ

149 1105 248 1158 τὸν
297 1107 530 1176 Χριστὸν
575 1107 666 1161 τὸν
717 1107 964 1174 λέγοντα,
1007 1105 1191 1176 φασὶν,
1242 1106 1324 1158 ὅτι
1360 1105 1496 1174 Ἐγώ
1525 1107 1641 1173 ειμι
1672 1104 1737 1158 τὸ

150 1197 312 1264 ὕδωρ
345 1198 408 1250 τὸ
443 1197 552 1257 ζῶν
570 1215 582 1229 ·
621 1199 715 1255 καὶ
742 1201 851 1261 τοῖς
877 1197 1297 1268 ὲκτρεπομένοις
1327 1197 1422 1268 μὲν
1445 1197 1542 1268 τὴν
1572 1196 1737 1250 καθο-

149 1288 312 1359 λικὴν
358 1289 700 1358 Ἐκκλησίαν,
720 1291 886 1359 τιμᾷν
910 1289 968 1341 δὲ
996 1290 1212 1355 λέγουσι
1241 1286 1444 1360 ταύτην
1474 1288 1568 1340 καὶ
1591 1287 1740 1342 νοοῦο

150 1396 239 1432 σιν
282 1379 393 1431 ἀντ’
422 1379 591 1448 αὐτῆς
634 1380 704 1431 τά
735 1394 792 1437 τε
817 1379 922 1432 ἴδια
971 1381 1220 1450 συνέδρια
1253 1381 1346 1434 καὶ
1382 1382 1738 1451 συνακτήρια,

148 1470 250 1521 καὶ
279 1471 524 1540 Ἰωάννην
544 1471 651 1540 (76)
669 1472 757 1524 τὸν
776 1472 999 1541 ἀδελφὸν
1020 1471 1229 1524 Παύλου
1244 1470 1337 1524 τοῦ
1360 1473 1457 1541 τῆς
1479 1471 1740 1542 αἱρέσεως

147 1563 331 1616 αὐτῶν
361 1562 624 1634 ἀρχηγοῦ.

237 1655 505 1726 Ἀνάθεμα
535 1657 712 1707 τοίνυν
746 1655 877 1707 πᾶσι
912 1660 1024 1719 τοῖς
1048 1655 1379 1726 εἰρημένοις,
1415 1656 1507 1707 καὶ
1534 1657 1646 1718 τοῖς
1673 1653 1740 1708 τά

143 1747 310 1817 ὅμοια
342 1746 631 1818 φρονοῦσι·
664 1751 755 1800 καὶ
785 1747 1244 1816 ἀποϐαλλομένοις
1274 1748 1369 1816 μὲν
1392 1747 1489 1807 τὰς
1520 1745 1740 1816 Ἐκκλη-

1842 562 2126 632 sanguinis
2151 571 2205 616 et
2227 560 2475 632 corporis
2503 561 2706 615 Christi
2736 564 3197 632 communionem,
3221 580 3418 634 appreo

1841 652 1972 708 bare
2004 661 2184 707 autem
2211 668 2328 706 eam
2362 651 2700 721 conﬁngunt,
2746 660 2799 708 et
2848 653 2968 707 loco
3020 655 3168 710 illius
3214 657 3417 711 intelli—

1840 752 1974 815 gunt
2005 745 2169 800 verba
2189 743 2392 799 Christi
2413 744 2698 807 doctrinm,
2722 760 2861 814 qua},
2890 745 3164 814 inquiunt,
3195 748 3418 803 tradens

1841 837 2127 908 apostolis,
2158 836 2296 892 dixit
2331 856 2344 890 :
2377 837 2632 903 Accipite,
2673 837 3007 902 manducata,
3033 837 3189 891 bibite
3221 839 3418 892 :simi-

1841 928 1966 983 liter
1996 929 2063 984 iis
2087 929 2178 996 qui
2211 928 2429 997 quidem
2462 929 2733 997 baptisma
2763 928 3122 993 detestantur,
3161 930 3420 984 simulant

1840 1026 2024 1073 tamen
2049 1020 2178 1074 illud
2211 1019 2432 1089 plurimi
2464 1019 2660 1082 facere,
2699 1027 2859 1088 atque
2891 1035 2989 1089 pro
3018 1035 3082 1074 eo
3112 1021 3420 1090 intelligunt

1839 1110 2142 1176 Christum,
2168 1112 2284 1181 qui,
2316 1112 2588 1180 inquiunt,
2613 1112 2781 1166 dixit:
2804 1111 2914 1181 Ego
2947 1130 3064 1166 sum
3096 1131 3234 1182 aqua
3263 1115 3419 1178 viva;

1840 1210 1956 1275 tum
1995 1202 2063 1258 iis
2092 1202 2186 1272 qui
2225 1201 2524 1258 Ecclesiam
2550 1203 2767 1273 quidem
2799 1204 3124 1257 catholicam
3163 1221 3422 1258 aversan-

1842 1301 1954 1358 tur,
1980 1309 2100 1348 eam
2126 1309 2254 1348 vero
2281 1294 2336 1347 in
2365 1296 2542 1365 pretio
2573 1295 2773 1350 habere
2802 1295 2974 1358 aiunt,
3003 1296 3422 1365 intelliguntque

1841 1402 1942 1456 pro
1991 1386 2082 1441 illa
2131 1401 2432 1446 consessus
2465 1404 2594 1462 suos
2627 1396 2789 1457 atque
2817 1397 3144 1450 conventus,
3171 1396 3223 1443 et
3255 1387 3419 1443 Joan-

1842 1494 1966 1533 nem
1989 1477 2212 1533 fratrem
2245 1477 2401 1532 Pauli
2429 1479 2701 1535 hzereseos
2737 1481 2953 1534 illorum
2986 1480 3162 1534 ducis.

1914 1655 1979 1711 ν.
2022 1657 2324 1712 Anathema
2373 1673 2502 1728 ergo
2541 1659 2793 1713 omnibus
2841 1661 3036 1730 dictis,
3073 1660 3198 1713 item
3235 1659 3300 1712 iis
3328 1657 3423 1726 qui

1845 1748 2046 1803 similia
2101 1751 2427 1817 opinantur;
2462 1762 2513 1804 et
2541 1751 2981 1805 Christianorum
3013 1766 3149 1820 quos
3184 1751 3282 1819 ipsi
3315 1750 3423 1802 Ro—

145 1839 274 1902 σίας
303 1839 408 1892 τῶν
437 1840 796 1908 Χριστιανῶν,
825 1839 918 1902 οὓς
948 1840 1100 1892 αὐτοὶ
1131 1838 1354 1891 καλοῦσι
1401 1837 1698 1907 Ῥωμαίους
1716 1854 1729 1866 ο

1842 1856 2033 1895 manos
2062 1850 2276 1904 vocant,
2315 1841 2587 1898 Ecclesias
2621 1843 2912 1911 rejiciunt;
2948 1851 3182 1912 suntque
3230 1852 3422 1897 contn-

142 1932 245 1984 καὶ
279 1931 555 2002 ὑϐρίζουσι
592 1933 690 2002 μὲν
719 1933 817 2001 τὴν
865 1931 1020 1999 ἁγίαν
1071 1931 1328 1983 Θεοτόκον
1371 1931 1610 2000 Μαρίαν,
1642 1931 1733 1985 καὶ

139 2025 240 2075 τὸν
265 2025 441 2093 τίμιον
472 2025 718 2095 σταυρὸν,
743 2026 834 2078 καὶ
859 2023 955 2086 τὰς
987 2023 1135 2095 ἱεράς
1167 2023 1402 2086 εἰκόνας,
1424 2025 1515 2075 καὶ
1538 2022 1597 2074 τὸ
1629 2039 1732 2074 σω-

139 2117 333 2186 τήριον
379 2115 660 2186 βάπτισμα
679 2133 692 2146 ·
723 2117 815 2169 καὶ
844 2115 1340 2186 ἀποστρεφομένοις
1378 2114 1475 2183 μὲν
1503 2114 1600 2182 τὴν
1624 2111 1733 2166 τῶν

140 2208 307 2261 θείων
356 2209 666 2279 μυστηρίων
716 2208 1044 2279 μετάληψιν,
1098 2208 1359 2279 ὀμφαλοϊς
1407 2207 1463 2258 δὲ
1518 2205 1732 2275 βρεφῶν

140 2302 507 2371 κεκαυμένοις
550 2304 629 2366 είς
672 2301 956 2372 κάθαρσιν,
993 2300 1190 2370 μᾶλλον
1220 2301 1276 2353 δὲ
1310 2298 1580 2369 μολυσμὸν
1626 2298 1731 2366 ψυ-

137 2393 279 2464 χῶν,
336 2394 715 2464 κεχρημένοις,
749 2395 842 2445 καὶ
864 2393 933 2446 τά
962 2394 1068 2446 ἴδια
1101 2391 1362 2462 βρώματα
1390 2391 1597 2453 τούτοις
1629 2409 1732 2443 κα-

134 2485 829 2557 ταμιαίνουσιν.Ἀνὰθεμα
876 2489 990 2549 τοῖς
1033 2487 1098 2556 τῇ
1148 2484 1345 2556 βρώσει
1389 2483 1498 2535 τῶν
1547 2483 1730 2554 θνησι-

138 2580 323 2650 μαίων
353 2579 761 2650 μολυνομένοις·
792 2579 885 2630 καὶ
914 2581 1025 2639 τοῖς
1058 2578 1238 2629 πᾶσαν
1275 2576 1372 2644 μὲν
1402 2573 1734 2644 ἐκτρεπομέ-

135 2691 259 2734 νοις
281 2672 668 2742 Χριστιανικὴν
699 2670 969 2740 νηστείαν,
1009 2669 1150 2722 κατὰ
1197 2669 1252 2722 δὲ
1293 2668 1382 2718 τὸν
1414 2666 1601 2736 καιρὸν
1633 2664 1733 2734 τῆς

133 2765 407 2834 δοκούσης
454 2766 637 2827 αὐτοῖς
670 2763 1151 2835 Τεσσαρακοστῆς,
1183 2759 1346 2830 τυροῦ
1395 2777 1453 2812 τε
1503 2759 1596 2810 καὶ
1635 2756 1735 2824 γά-

135 2856 342 2919 λακτος
383 2857 831 2926 ὲμφορουμὲνοις.
860 2853 1132 2921 Ἀνάθεμα
1171 2854 1281 2913 τοῖς
1322 2847 1732 2919 ἀρνουμένοιςῆ

135 2948 418 3001 νοθεύουσι
465 2947 533 2999 τά
584 2948 824 3016 τέσσαρα
872 2945 966 2998 τοῦ
1007 2943 1243 3015 Χριστοῦ
1278 2941 1604 3008 Εύαγγέλια,
1641 2939 1736 2991 καὶ

135 3041 242 3102 τὰς
287 3037 378 3090 τοῦ
429 3037 585 3106 ἀγίου
630 3037 842 3089 Παύλου
893 3035 986 3087 τοῦ
1038 3035 1336 3088 ἀποστόλου
1379 3031 1730 3094 Ἑπιστολάς’

135 3130 239 3183 καὶ
268 3130 388 3182 ἀντὶ
423 3130 519 3198 μὲν
547 3128 640 3182 τοῦ
678 3126 1009 3198 δημιουργοῦ
1039 3125 1145 3177 τῶν
1177 3124 1430 3180 ἁπάντων
1458 3121 1616 3185 Θεοῦ,
1647 3139 1735 3175 σε-
1764 3154 1809 3215 C

135 3219 393 3290 ϐομένοις
423 3219 513 3271 τὸν
541 3219 835 3288 λεγομένον
864 3219 1105 3288 ἄρχοντα
1145 3216 1240 3270 τοῦ
1278 3216 1482 3286 κόσμου
1510 3215 1696 3268 τούτου
1719 3232 1732 3246 ’

135 3313 264 3367 ἀντὶ
309 3313 364 3364 δὲ
407 3311 500 3364 τοῦ
542 3311 843 3364 ἀποστόλου
879 3311 1228 3372 Παύλου,τὺν
1261 3309 1362 3378 τῆς
1402 3307 1738 3377 Καλλινίκης

138 3404 259 3460 υἱὸν
310 3402 518 3456 Παῦλον
552 3403 773 3474 τιμῶσι,
803 3403 895 3456 καὶ
943 3405 1071 3466 τοὺς
1123 3403 1222 3472 μὲν
1269 3401 1540 3471 τέσσαρας
1573 3398 1736 3454 αὑτοῦ

140 3493 391 3566 μαθητὰς
421 3497 499 3557 είς
535 3494 704 3548 τύπον
735 3494 841 3546 τῶν
879 3493 1226 3562 Εὑαγγελίων
1259 3492 1588 3561 δεχομένοις,
1625 3493 1738 3554 τοῖς

137 3587 199 3639 δὲ
227 3586 432 3657 ἑτέροις
458 3587 602 3656 τρισὶ
629 3586 689 3638 τὸ
718 3586 816 3654 τῆς
844 3586 1071 3656 Τριάδος
1092 3583 1516 3654 ὲπιφημίζουσιν
1543 3582 1732 3653 ὄνομα.

153 3677 428 3747 Ἃνάθεμα
457 3681 567 3741 τοῖς
614 3678 1105 3751 συμφθειρομένοις
1139 3678 1338 3746 ἁδελφῇ
1373 3677 1467 3729 καὶ
1502 3675 1738 3746 πενθερᾷ

141 3772 241 3824 καὶ
273 3771 485 3840 νύμφῃο
521 3770 614 3823 καὶ
647 3773 756 3832 τοῖς
785 3769 925 3824 κατὰ
959 3769 1056 3839 τὴν
1088 3767 1312 3838 πρώτην
1341 3766 1434 3820 τοῦ
1471 3767 1738 3826 Ίαννουαέ

141 3865 264 3935 ρίου
303 3863 487 3933 μηνὸς,
523 3865 602 3925 εἰς
633 3863 827 3933 ἑορτὴν
854 3861 1011 3932 δῆθεν
1051 3860 1482 3932 ἀθροιζομένοις,
1517 3857 1655 3930 μετὰ
1681 3859 1737 3909 δὲ

143 3955 245 4025 τὴν
289 3953 576 4024 ὲσπερινὴν
623 3953 791 4023 μέθην
837 3953 1259 4008 ἀποσϐεννύουσι
1293 3951 1360 4004 τὰ
1392 3951 1566 4019 φῶτα,
1603 3967 1736 4020 σαρ-

144 4046 319 4109 κικῶς
339 4063 396 4097 τε
425 4046 672 4115 ἀλλήλοις
696 4045 1158 4114 ὲνασελγαίνουσι,
1186 4043 1278 4098 καὶ
1311 4043 1579 4113 μηδεμιᾶς
1602 4040 1738 4102 ὅλως

147 4139 482 4209 φειδομένοις
520 4137 789 4208 φύσεωςῆ
822 4135 1136 4210 συγγενείας
1156 4136 1188 4206 ἢ
1210 4135 1450 4203 ήλικίαςκ
1465 4132 1736 4206 Ἀνάθεμα

146 4234 258 4294 τοῖς
291 4229 555 4317 μηδέποτε
580 4229 646 4281 δι’
684 4229 846 4299 ὅρκου
878 4227 1250 4298 ἀληθεύουσιν,
1277 4225 1391 4279 ἀλλ’
1421 4224 1736 4295 ἐξεπίτηδες

147 4323 235 4376 ἀεὶ
276 4316 623 4393 ψευδομένοις
667 4321 765 4382 καὶ
807 4317 1146 4390 ἐπιορκοῦσι,
1184 4319 1325 4372 κατά
1351 4319 1450 4388 τὴν
1489 4316 1583 4369 τοῦ
1617 4332 1737 4387 τρι-

149 4414 455 4486 καταράτου
513 4413 787 4475 Μάνεντλος
839 4411 1204 4474 διδασκαλίαν,
1263 4409 1404 4462 οὕτω
1455 4408 1731 4476 λέγοντος·

148 4507 264 4559 Οὐκ
293 4507 407 4575 είμὶ
437 4504 783 4581 ἄσπλαγχνος
812 4502 1004 4572 ὥσπερ
1031 4504 1059 4555 ὁ
1088 4500 1339 4572 Χριστὸς,
1360 4500 1479 4554 οὐδὲ
1506 4498 1738 4570 ἀρνήσο-
1769 4486 1813 4540 Ῐ)

152 4616 250 4679 μαι
295 4598 386 4650 τὸν
417 4595 792 4669 ἀρνησάμενόν
825 4611 892 4668 με
934 4594 1239 4672 ἔμπροσθεν
1268 4591 1376 4644 τῶν
1411 4589 1734 4661 ἀνθρώπων,

145 4689 283 4744 ἀλλά
316 4690 407 4742 καὶ
453 4688 544 4740 τὸν
588 4687 916 4758 ψευδόμενον
949 4683 1038 4738 διά
1062 4687 1160 4756 τὴν
1201 4685 1406 4738 οἰκείαν
1441 4683 1734 4753 σωτηρίαν,

149 4787 244 4838 καὶ
273 4784 364 4836 τὸν
388 4782 476 4835 διὰ
508 4782 670 4850 φόϐον
700 4779 1033 4851 ἀρνούμενον
1061 4779 1159 4851 τὴν
1196 4779 1330 4841 ἰδίαν
1364 4778 1566 4839 πίστιν,
1601 4776 1735 4846 μετά

148 4878 324 4948 χαρᾶς
362 4874 739 4947 προσδέξομαι.
762 4873 885 4925 Ἐὰν
919 4873 975 4925 δὲ
1017 4872 1094 4950 μὴ.
1117 4871 1176 4935 ἐξ
1205 4871 1332 4942 ὅλης
1359 4868 1536 4940 ψυχῆς
1563 4867 1737 4921 ταῦτα

149 4952 333 5040 φρονῶ
363 4967 457 5020 καὶ
503 4967 665 5034 λέγω,
696 4965 805 5034 ἐγὼ
832 4967 860 5018 ό
887 4965 1052 5026 δεῖνα,
1082 4963 1218 5018 ἀλλά
1250 4961 1366 5033 μεθ’
1400 4961 1738 5032 ὑποκρίσεως

148 5058 380 5129 ἐποίησα
422 5059 548 5120 τοὺς
590 5057 986 5129 προκειμένους
1018 5054 1516 5125 ἀναθεματισμοὺς,
1545 5053 1740 5108 ἀνάθε-

152 5153 230 5229 μά
263 5170 349 5222 μοι
381 5151 465 5221 εἴη
503 5151 596 5203 καὶ
627 5150 931 5220 κατάθεμα,
955 5149 1011 5200 ἐν
1043 5165 1103 5200 τε
1133 5147 1211 5218 τῷ
1241 5146 1335 5200 νῦν
1363 5147 1541 5208 αίῶνι,
1562 5147 1655 5206 καὶ
1682 5147 1740 5198 ὲν

159 5245 228 5316 ιῷ
262 5243 522 5314 μέλλοντι,
557 5243 650 5295 καὶ
682 5239 1038 5311 κατακριθείη
1084 5240 1179 5298 καὶ
1227 5239 1478 5298 ἀπόλοιτο
1516 5241 1549 5309 ἡ
1594 5237 1738 5317 ψυχή

152 5355 277 5409 μου,
313 5337 405 5390 καὶ
437 5334 703 5405 διηνεκῶς
733 5331 1139 5404 ταρταρωθείη,

221 5430 405 5483 Ταῦτα
427 5427 520 5482 τοῦ
547 5425 980 5498 προσερχομένου
1022 5423 1270 5492 λέγοντος
1305 5424 1389 5478 ἐπ’
1423 5424 1739 5494 ἐκκλησίας,

151 5522 412 5593 ποιοῦμεν
468 5519 628 5573 αὑτὸν
683 5517 1026 5590 Χριστιανὸν,
1060 5517 1156 5568 εἴτ’
1195 5513 1286 5568 οῦν
1332 5517 1613 5587 ἡγούμεθα
1666 5515 1741 5578 ὡς

150 5615 486 5671 ἀϐάπτιστον
517 5611 859 5685 Χριστιανὸν,
888 5603 975 5663 οἷα
1010 5609 1168 5679 τυχόν
1201 5609 1316 5662 ἐστι
1353 5608 1422 5662 τὰ
1460 5609 1568 5663 τῶν
1607 5609 1740 5678 Χρι-

1835 1934 2048 1988 meliosi
2099 1935 2152 1986 in
2203 1942 2449 1988 sanctam
2484 1934 2574 1988 Dei
2605 1935 2922 2004 genitricem
2957 1934 3201 1997 Mariam,
3237 1937 3290 1987 in
3333 1951 3425 1989 ve—

1835 2026 2134 2080 nerandam
2182 2040 2424 2089 crucem,
2459 2040 2645 2080 sacras
2693 2025 2978 2095 imagines,
3019 2036 3071 2080 et
3119 2028 3420 2081 salutarem

1835 2117 2210 2186 baptismum;
2260 2115 2496 2187 denique
2545 2118 2908 2187 sumptionem
2959 2119 3177 2187 quidem
3211 2119 3425 2172 divino-

1836 2225 1955 2261 rum
1992 2211 2393 2279 mysteriorum
2426 2211 2681 2274 oderunt,
2715 2212 2988 2265 umbilicis
3032 2219 3210 2264 autem
3243 2211 3422 2263 infan-

1835 2302 1968 2354 tium
2007 2302 2307 2356 combustis
2354 2310 2585 2355 utuntur
2632 2302 2698 2354 ad
2750 2303 3054 2357 animarum
3087 2303 3422 2372 puriﬁcatio-

1835 2409 1982 2452 nem.
2020 2411 2112 2448 seu
2167 2395 2346 2462 potius
2393 2395 2885 2464 inquinamentum,
2925 2404 3086 2464 atque
3117 2411 3246 2448 suos
3273 2395 3427 2451 cibos

1835 2485 1902 2539 iis
1943 2493 2332 2554 conspurcant.
2383 2486 2686 2538 Anathema
2735 2485 2801 2540 iis
2851 2487 2942 2556 qui
2977 2501 3071 2539 esu
3109 2486 3428 2538 morticino-

1836 2595 1956 2632 rum
2012 2595 2070 2633 se
2119 2579 2409 2649 polluunt;
2461 2579 2664 2648 quique
2712 2594 2872 2632 omne
2905 2579 3122 2648 quidem
3157 2579 3427 2632 Christia-

1836 2685 1965 2722 num
2028 2670 2296 2737 jejunium
2355 2677 2642 2737 respuunt,
2687 2678 2929 2738 tempore
2984 2685 3112 2723 vero
3166 2670 3232 2722 ab
3292 2671 3428 2737 ipsis

1835 2759 2160 2814 existimata:
2183 2757 2648 2828 Quadragesimaz,
2669 2775 2830 2814 caseo
2858 2767 2910 2813 et
2940 2761 3079 2814 lacte
3104 2775 3161 2814 se
3185 2761 3424 2829 explent.

1838 2855 2142 2908 Anathema
2175 2857 2240 2909 iis
2274 2857 2367 2924 qui
2402 2865 2494 2908 aut
2529 2865 2751 2925 negant,
2787 2863 2879 2908 aut
2909 2864 3270 2922 corrumpunt
3291 2870 3428 2924 qua-

1839 2955 1964 3001 tuor
2005 2948 2209 3000 Christi
2254 2947 2587 3016 Evangelia,
2645 2948 2931 3015 sanctiquc
2979 2948 3212 3015 apostoli
3266 2945 3424 3002 Pauli

1840 3028 2147 3107 Epistolas;
2182 3039 2384 3107 quique
2431 3038 2551 3091 loco
2597 3037 2816 3106 quidem
2860 3047 3183 3091 cunctorum
3214 3038 3427 3107 opiﬁcis

1841 3129 1957 3195 Dei,
1990 3130 2177 3183 colunt
2206 3145 2329 3185 eum
2361 3130 2452 3198 qui
2493 3130 2748 3199 princeps
2778 3131 2943 3199 hujus
2972 3131 3160 3183 mundi
3185 3129 3423 3195 dicitur;

1843 3222 1964 3276 loco
2005 3238 2135 3276 vero
2172 3221 2404 3290 apostoli
2454 3219 2630 3284 Pauli,
2667 3220 2894 3274 Paulum
2931 3221 3097 3274 [ilium
3149 3222 3428 3274 Callinica:

1840 3311 2134 3372 honorant,
2179 3317 2234 3364 et
2267 3326 2390 3362 cum
2439 3319 2678 3379 quatuor
2719 3308 2839 3378 ejus
2867 3311 3167 3378 discipulos
3199 3311 3254 3364 in
3287 3312 3428 3380 [igu-

1840 3418 1956 3456 ram
1979 3411 2218 3471 quatuor
2238 3401 2655 3472 Evangeliorum
2688 3403 3018 3471 suscipiunt,
3052 3411 3166 3454 tum
3198 3411 3428 3459 caeteros

1840 3498 1953 3546 tres
1985 3490 2271 3547 Trinitatis
2302 3493 2523 3547 nomine
2555 3493 2876 3563 insigniunt.
2906 3494 3206 3547 Anathema
3236 3495 3299 3548 iis
3333 3495 3427 3563 qui

1840 3584 2213 3638 concumbunt
2266 3599 2390 3637 cum
2442 3599 2651 3646 sorore,
2687 3592 2740 3637 et
2790 3599 2974 3647 socru,
3015 3595 3067 3638 et
3116 3602 3293 3649 nuru;
3328 3599 3428 3638 nec

1839 3694 1950 3731 non
1990 3677 2057 3732 iis
2087 3678 2177 3746 qui
2211 3677 2389 3748 primo
2433 3677 2637 3730 mensis
2689 3674 2937 3730 Januarii
2988 3678 3075 3731 die
3121 3679 3187 3730 ad
3227 3679 3428 3732 festum

1839 3769 2178 3839 congregati,
2213 3777 2335 3838 post
2379 3767 2747 3836 vespertinam
2800 3767 3172 3821 tcmulentiam
3213 3769 3425 3823 exstin—

1838 3871 2012 3934 guunt
2042 3862 2268 3922 lumina,
2298 3867 2350 3914 et
2378 3861 2522 3913 inter
2551 3876 2610 3915 se
2639 3874 2804 3913 carne
2851 3859 3167 3923 lasciviunt,
3198 3876 3299 3914 nec
3329 3861 3425 3915 ulli

1839 3953 2065 4007 omnino
2117 3957 2352 4020 parcunt
2404 3951 2581 4011 sexui,
2616 3949 3034 4019 propinquitati,
3080 3950 3428 4004 :etati.-'Ana-

1838 4045 2022 4098 thema
2053 4043 2139 4098 iis
2189 4043 2280 4115 qui
2334 4056 2612 4111 nunquam
2643 4041 2698 4094 in
2727 4041 3041 4110 juramento
3070 4057 3197 4096 vera
3230 4043 3426 4111 praedi-

1839 4145 1990 4200 cant,
2025 4137 2120 4190 scd
2151 4135 2217 4190 de
2249 4135 2522 4189 industria
2556 4149 2770 4203 semper
2799 4135 3141 4189 mentiuntur
3177 4148 3241 4186 ac
3274 4135 3426 4204 peje-

1839 4237 1987 4293 rant,
2017 4228 2172 4296 juxta
2213 4227 2520 4286 doctrinam
2553 4226 2788 4281 maxime
2816 4224 3138 4282 exsecrandi
3171 4225 3424 4291 Manetis,
3465 4281 3473 4290 _

1839 4319 1932 4390 qui
1987 4319 2066 4381 sic
2118 4318 2408 4387 loquitur:
2449 4303 2568 4374 Non
2623 4330 2746 4371 sum
2802 4315 3220 4378 immisericors,
3280 4317 3428 4373 sicut

1839 4410 2115 4472 Christus,
2152 4423 2250 4463 nec
2277 4407 2487 4480 negabo
2513 4422 2639 4462 eum
2663 4400 2866 4477 qui‘me
2891 4422 3081 4461 coram
3107 4407 3427 4465 hominibus

1843 4503 2157 4574 negaverit;
2191 4489 2437 4570 quinimo
2465 4514 2590 4554 eum
2635 4500 2729 4569 qui
2771 4500 3005 4571 propriae
3038 4501 3232 4556 salutis
3258 4517 3425 4556 causa

1843 4597 2109 4652 mentitus
2141 4594 2323 4656 fuerit,
2355 4608 2590 4663 eumque
2619 4592 2712 4663 qui
2747 4607 2844 4662 per
2866 4593 3119 4648 timorem
3148 4595 3427 4665 negaverit

1843 4704 1998 4750 suam
2029 4687 2210 4750 ﬁdem,
2238 4702 2362 4742 cum
2385 4687 2585 4758 gaudio
2614 4684 3064 4756 recipiam.Quod
3098 4685 3142 4740 si
3176 4685 3289 4739 han:
3310 4693 3423 4741 toto

1842 4795 1909 4836 ex
1943 4779 2125 4835 animo
2168 4795 2277 4833 non
2324 4779 2500 4836 sentio
2529 4793 2594 4832 ac
2623 4778 2768 4841 dico,
2805 4792 2904 4847 ego
2940 4777 3048 4841 ille,
3083 4793 3269 4834 verum
3298 4792 3422 4832 cum

1842 4869 2192 4925 simulatione
2225 4868 2548 4938 praepositos
2595 4867 3083 4922 anathematismos
3133 4866 3255 4929 feci,
3291 4866 3421 4921 mihi

1841 4962 1914 5018 sit
1943 4961 2228 5015 anathema
2259 4967 2312 5014 et
2341 4960 2667 5025 catathema,
2687 4967 2797 5011 tam
2824 4959 2878 5012 in
2905 4959 3009 5012 hoc
3029 4958 3228 5012 saeculo
3257 4972 3421 5027 quam

1843 5054 1900 5108 in
1932 5053 2135 5116 futuro,
2171 5054 2460 5120 animaque
2494 5066 2614 5106 mea
2643 5052 3036 5112 condemnetur
3065 5066 3130 5106 ac
3159 5057 3345 5121 pereat
3369 5057 3421 5106 et

1845 5145 2114 5226 perpetim
2137 5146 2192 5199 in
2221 5143 2452 5199 Tartaro
2482 5143 2760 5215 puniatur.

1915 5413 2008 5468 Vl.
2049 5411 2175 5468 Haec
2197 5411 2412 5467 dicente
2455 5425 2521 5466 eo
2568 5410 2663 5481 qui
2693 5409 2908 5464 accedit
2942 5423 3128 5463 coram
3160 5406 3415 5471 ecclesia,

1845 5505 2079 5560 facimus
2108 5521 2230 5559 eum
2262 5502 2660 5565 Christianum,
2690 5500 2804 5557 sive
2835 5498 3098 5553 habemus
3129 5513 3229 5567 pro
3257 5497 3420 5552 Chri-

1843 5597 2023 5652 stiano
2050 5595 2290 5651 nondum
2315 5595 2610 5668 haptizato,
2639 5592 2827 5664 quales
2857 5589 2970 5647 fere
2998 5598 3125 5647 sunt
3155 5589 3419 5649 Christia-

254 5771 365 5841 (76)
405 5772 511 5826 Καὶ
553 5772 768 5828 Ἰιιιὶιτκ
797 5765 957 5823 Forte
999 5764 1201 5837 aliquid
1238 5765 1409 5821 deest.
1441 5763 1574 5850 Vide
1599 5761 1738 5823 Pctr.

1841 5779 1914 5824 c.,
1951 5775 2003 5827 p.
2034 5759 2119 5815 50.
2148 5756 2222 5813 ID.
