4078 6336
625 369 753 424 1471

1482 365 1541 420 S.
1577 362 1967 422 CLEMENTIS
2001 361 2019 417 1
2053 361 2218 418 “OM.
2258 360 2457 418 ΡΟΝΤ.
2501 359 2729 417 OPERA
2764 360 2990 416 DUBIA.

3732 355 3876 410 14Ἱῖ

620 495 816 534 norum
849 480 1001 550 pueri
1031 483 1122 551 qui
1156 480 1464 548 baptizandi
1491 488 1654 534 sunt:
1682 479 1919 534 secunda
1947 491 2076 532 vero
2104 475 2185 532 die

2294 476 2521 530 στιανῶν
2555 475 2743 530 παιδία
2772 475 2840 529 τὰ
2872 475 3128 547 μέλλοντα
3161 469 3516 543 βαπτίζεσθαι
3541 488 3554 501 ο
3577 471 3641 539 τῇ
3672 468 3726 522 δὶ
3753 468 3874 522 δευ-

620 573 1041 629 adnumeramus
1083 572 1507 636 catcchumenis,
1560 571 1976 641 pronuntiantes
2020 582 2185 638 super

617 678 742 717 eum
772 664 1099 728 orationem,
1143 678 1302 733 quam
1337 678 1500 732 super
1531 677 1726 732 pueros
1759 660 2184 715 catechumenos

619 756 856 809 solemus
904 755 1124 810 dicere:
1161 756 1284 809 dein
1318 755 1564 824 sequenti
1609 752 1695 807 die
1737 752 1988 823 precibus
2027 766 2189 807 exor-

617 845 913 901 cismorum
945 849 1147 901 utimur
1179 867 1190 903 :
1223 849 1411 917 sicque
1443 847 1634 901 ordine
1688 843 1998 915 peragimus
2047 857 2182 896 cun.

616 945 734 991 ctos
765 938 1020 1006 baptismi
1052 941 1207 994 ritus.

2290 570 2424 641 τέρα
2467 569 2648 641 ἡμέρᾳ
2695 571 2807 631 τοῖς
2850 565 3273 637 κατηχουμένοις
3307 560 3756 634 συναριθμοῦμεν,
3794 559 3875 613 λέ-

2292 677 2477 730 γοντες
2497 661 2584 712 ἐπ’
2615 658 2760 729 αὐτῷ
2782 660 2879 729 τὴν
2915 658 3075 728 εὐχὴν
3105 657 3168 727 ἦν
3200 657 3289 708 ἐπὶ
3308 657 3412 709 τῶν
3445 654 3870 724 κατηχουμένων

2293 750 2494 804 παίδων
2524 751 2701 820 φαμέν
2723 767 2735 781 ·
2771 749 2864 804 καὶ
2894 751 2960 821 τῇ
2991 749 3118 818 ὲξῆς
3149 747 3408 818 χρώμεθα
3438 749 3552 809 ταῖς
3581 745 3690 797 τῶν
3720 744 3873 814 εξορ-

2291 841 2502 912 κισμῶν
2545 842 2754 911 εὐχαῖςο
2811 841 2902 894 καὶ
2954 839 3123 902 οὕτως
3166 838 3471 902 ἀκολούθως
3518 834 3876 905 ἐπιτελοῦμεν

2299 933 2473 989 πάντα
2496 933 2564 987 τὰ
2592 935 2684 987 ἐπὶ
2711 932 2787 1006 τῷ
2817 931 3148 1003 βαπτίσματι
3178 932 3552 1001 νενομισμένα.

1364 1089 1473 1160 (lV'.
1514 1092 1593 1144 Ad
1619 1090 1709 1146 lib.
1745 1107 1797 1156 ν,
1824 1108 1942 1160 cap.
1967 1091 2054 1146 20.
2089 1089 2172 1162 (ex
2200 1088 2354 1144 codd.
2389 1087 2515 1157 Reg.
2552 1088 2676 1153 919,
2704 1086 2864 1152 1Ἰ69,
2895 1087 3083 1159 2216).

684 1226 892 1299 Jupiter
935 1227 1213 1284 adinvenit
1273 1237 1444 1283 artem
1499 1229 1932 1300 navigatoriam;
1979 1228 2184 1298 Neptu-

613 1332 738 1380 nus,
771 1319 1243 1390 gubernatoriam;
1276 1318 1575 1385 Vulcanus,
1620 1320 1898 1383 fabrilem;
1932 1319 2185 1378 Eseula-

616 1409 760 1478 pius,
791 1409 1085 1474 medicam;
1116 1409 1328 1479 Apollo,
1363 1412 1662 1475 musicam;
1701 1411 1960 1476 Minerva,
2006 1418 2185 1466 texto-

617 1502 787 1564 riam;
838 1499 1026 1565 Diana,
1078 1503 1413 1566 venaticam;
1463 1501 1624 1568 Juno,
1667 1505 1954 1568 vestitum;
1995 1501 2181 1567 Ceres,

617 1592 1046 1661 agriculturam;
1080 1592 1390 1658 Phoenices,
1442 1595 1684 1657 litteras;
1731 1593 2018 1656 Homerus,
2057 1609 2186 1664 poe-

614 1680 718 1734 sim
747 1699 759 1746 ;
792 1681 937 1736 Zeno
968 1682 1200 1749 Eleates,
1229 1683 1567 1739 dialecticam
1592 1700 1605 1748 ;
1635 1683 1808 1738 Corax
1835 1681 2182 1754 Syracusius,

614 1771 972 1838 rhetoricam;
1002 1775 1281 1836 Aristzeus,
1306 1789 1466 1844 apum
1491 1772 1726 1827 fructum
1749 1791 1762 1838 ;
1796 1769 2183 1843 Triptolemus,

614 1862 872 1917 frumenti
907 1865 1189 1919 sementim
1215 1882 1226 1929 ;
1255 1864 1421 1919 Solon
1453 1864 1801 1920 Atheniensis
1825 1873 1878 1919 et
1905 1864 2185 1936 Lycurgus

617 1951 913 2025 Spartiata,
950 1955 1125 2026 leges;
1172 1955 1510 2022 Palamedes,
1548 1958 2008 2013 constructionem
2043 1958 2186 2012 litte-

614 2061 824 2108 rarum,
856 2063 1134 2111 numeros,
1179 2063 1465 2105 mensuras
1513 2058 1567 2103 et
1619 2047 2182 2120 ponder'a;1Egyptii,

615 2138 1003 2206 geometriam;
1034 2139 1325 2203 Chaldemi,
1356 2140 1705 2209 astrologiam
1749 2147 1800 2195 et
1828 2139 2185 2205 genethlialo-

616 2225 756 2296 giam
784 2243 798 2291 ;
826 2225 1030 2284 Arabes
1063 2244 1126 2283 ac
1158 2227 1417 2302 Phryges,
1452 2230 1770 2301 augurium;
1805 2229 1940 2285 Medi
1974 2239 2024 2285 et
2055 2229 2186 2285 Per-

617 2333 710 2382 sa,
745 2321 996 2389 magiam,
1028 2322 1333 2390 praestigias
1377 2332 1539 2392 atque
1565 2321 1918 2387 veneﬁcium;
1951 2320 2185 2394 Tyrrhe-

616 2412 694 2474 ni,
725 2411 888 2465 urbes
923 2413 1095 2466 muris
1129 2412 1366 2481 cingere.

687 2501 846 2566 Nota,
879 2503 1098 2572 quinam
1131 2503 1440 2558 exstiterint
1485 2503 1685 2557 artium
1734 2511 1786 2557 et
1833 2501 2182 2558 scientiarum

617 2605 888 2649 auctores.
929 2594 1166 2664 Apelles,
1213 2595 1508 2659 herbariae;
1557 2593 1964 2671 Demosthenes,
2003 2595 2186 2648 rheto-

615 2686 778 2750 ricae;
812 2685 1165 2756 Papinianus,
1197 2687 1678 2756 jurisprudentize;
1711 2687 1942 2741 Antinus
1967 2686 2052 2741 vel
2081 2689 2187 2742 An-

617 2781 783 2851 tylus,
816 2778 1189 2834 fabricationis
1242 2779 1588 2844 laticearum;
1618 2777 1927 2849 Eurynous,
1964 2780 2185 2849 sagitta-

622 2872 750 2936 riae;
778 2869 1491 2940 EurydamnusMessenius,
1508 2870 1686 2924 bellici
1712 2870 1985 2933 thoracis;
2018 2869 2186 2923 Evan-

619 2963 738 3024 der,
764 2976 936 3017 ocrcze
957 2970 1011 3016 et
1032 2961 1235 3032 clypei;
1267 2959 1567 3031 Oppianus,
1602 2961 1943 3033 piscatoria};
1977 2960 2185 3031 Tripto-

616 3052 1058 3115 lemus,sationis
1080 3052 1244 3106 tritici
1270 3068 1284 3116 ;
1315 3049 1928 3123 Pamphilus,picturae;
1955 3052 2181 3123 Typhis,
2213 3083 2255 3142 ο

617 3144 876 3209 nauticaa;
925 3145 1121 3215 Argus,
1153 3145 1580 3200 constructionis
1627 3145 1930 3221 navium,_a
1980 3160 2087 3215 quo
2129 3152 2182 3199 et

615 3235 939 3305 Argonautae
966 3253 979 3300 ;
1012 3235 1386 3301 Archimedes,
1422 3235 1767 3290 mechanicas.

2357 1223 2407 1277 1.
2462 1223 2519 1278 '0
2553 1223 2686 1287 Ζεὺς
2717 1223 2909 1295 ἐφεῦρε
2941 1223 3266 1295 πλευστι-κήν
3298 1220 3428 1294 (77)”
3460 1222 3747 1287 Ποσειᾶὒν,
3771 1241 3873 1275 κυ-

2288 1313 2616 1386 ϐερνητικήν
2642 1332 2655 1345 ⁸
2692 1316 2995 1384 Ἥφαιστος
3019 1356 3034 1382 ,
3086 1315 3471 1385 χαλκευτικήν·
3521 1314 3872 1385 Ἀσκληπιδς,

2291 1408 2538 1478 ἰατρικήν
2557 1424 2569 1437 ·
2616 1406 2908 1468 Ἀπόλλων,
2937 1407 3230 1477 μουσικήν*
3278 1405 3491 1475 Ἀθηνᾶ,
3530 1406 3833 1476 ὑψαντικήν
3858 1425 3870 1435 ·

2291 1499 2571 1570 Ἄρτεμις,
2607 1499 2976 1569 κυνηγετικὴν
3001 1515 3013 1529 ο
3042 1499 3208 1569 ’⁹Ηρα,
3243 1498 3551 1568 στολισμόν·
3585 1501 3875 1569 Δημήτηρ,

2289 1590 2592 1660 γεωργίαν·
2640 1590 2903 1657 Φοίνικες,
2937 1588 3237 1662 γράμματα
3261 1605 3273 1618 ·
3318 1591 3577 1660 Ὄμηρος,
3625 1589 3871 1660 ποίησιν⁹

2288 1682 2469 1751 Ζήνων
2511 1682 2540 1734 ό
2585 1681 2864 1753 Ἐλεάτης,
2900 1681 3268 1752 διαλεκτικήν·
3305 1682 3487 1753 Κόραξ
3525 1682 3552 1731 ό
3594 1681 3876 1751 Συρακοὺ-

2290 1788 2420 1835 σιος,
2455 1775 2779 1844 ῥητορικὴν·
2829 1775 3146 1844 Ἀρισταῖος,
3182 1773 3446 1845 μελισσῶν
3481 1774 3718 1844 καρπόν·
3744 1773 3878 1842 Τρι-

2288 1862 2571 1933 πτόλεμος,
2610 1865 2756 1917 σίτου
2809 1865 3038 1939 σπόρον⁶
3093 1866 3268 1919 Σόλων
3319 1865 3346 1916 ό
3388 1864 3663 1935 Ἀθηναῖος
3711 1865 3808 1916 καὶ
3849 1867 3877 1915 ὁ

2286 1953 2641 2026 Σπαρτιάτης
2669 1955 3001 2029 Λυκοῦργος,
3019 1957 3242 2027 νόμους·
3275 1959 3302 2010 ὁ
3331 1956 3679 2027 Παλαμήδης,
3703 1973 3880 2026 γραμ-

2290 2045 2474 2116 μάτων
2508 2047 2777 2114 σύνταξιν,
2813 2047 3102 2120 ἀριθμοὺς,
3138 2049 3310 2120 μέτρα
3335 2050 3427 2101 καὶ
3456 2045 3750 2117 σταθμούς·
3779 2049 3880 2099 Al-

2287 2136 2528 2205 γύπτιοι,
2561 2141 2927 2210 γεωμετρίαν⁸
2961 2140 3236 2206 Χαλδαῖοι,
3269 2139 3620 2210 ἀστρολογίαν
3654 2141 3748 2192 καὶ
3779 2157 3876 2206 γε-

2287 2228 2685 2298 νεθλιαλογίανο
2728 2231 2962 2301 ’Ἄραϐες
3016 2232 3110 2285 καὶ
3170 2231 3399 2304 Φρύγες,
3451 2230 3876 2286 οἱωνοσκοπίαν·

2285 2320 2458 2390 Μῆδοι
2492 2322 2584 2373 καὶ
2605 2321 2833 2390 Πέρσαι,
2861 2322 3089 2392 μαγείαν
3122 2323 3214 2374 καὶ
3246 2323 3496 2392 γοητείαν
3526 2323 3630 2374 καῖ’
3651 2338 3878 2392 φαρμα-

2287 2413 2466 2484 κείαν·
2502 2414 2798 2485 Τυρρηνοὶ,
2828 2415 3080 2486 τειχίζειν
3109 2415 3307 2478 πόλεις.

2354 2505 2407 2558 2.
2451 2506 2784 2576 Σημείωσαι,
2814 2507 2958 2569 τίνες
2980 2507 3261 2575 γεγόνασιν
3284 2507 3514 2578 ἀρχηγοὶ
3543 2505 3745 2576 τεχνῶν
3774 2504 3876 2559 καὶ

2286 2593 2604 2665 ἱπιστημῶν
2629 2613 2640 2625 ·
2687 2595 2972 2668 Ἀπελλῆς,
3017 2596 3330 2666 βοτανικῆς’
3368 2594 3734 2666 Δημοσθένης,
3773 2598 3878 2665 ῥη-

2285 2686 2535 2759 τορικῆς·
2574 2686 2924 2750 Παπινιανδς,
2960 2686 3311 2756 νομοθεσίας·
3360 2687 3594 2748 Ἀντίνος
3628 2687 3721 2755 (al.
3756 2685 3870 2738 Ἀν-

2286 2777 2484 2845 τύλος),
2519 2776 2866 2846 λογχοποιίας
2895 2777 2988 2848 (al.
3022 2777 3373 2848 λοχοποιίας)⁶
3406 2778 3693 2849 Εὑρύνοος,
3725 2775 3878 2840 τοξι-

2287 2867 2390 2937 κῆς
2424 2867 2515 2936 (al.
2551 2866 2883 2938 τοξοσύνης)”
2921 2868 3268 2939 Εὐρύδαμνος
3301 2870 3588 2938 Μεσηνιος,
3625 2868 3876 2940 Θώρακος

2287 2958 2608 3029 πολεμικοῦο
2660 2959 2951 3029 Εὔανδρος,
3004 2961 3262 3031 κνημῖδος
3313 2963 3404 3015 καὶ
3454 2961 3706 3024 ἀσπίδος·
3744 2962 3875 3013 ὐπ-

2289 3049 2499 3115 πιανδς,
2563 3051 2898 3122 ἁλιευτικῆς*
2960 3052 3349 3123 Τριπτόλεμος,
3417 3056 3619 3125 σπορᾶς
3681 3055 3878 3106 σίτου*

2288 3142 2591 3213 Πάμφιλος,
2636 3143 3023 3214 ζωγραφικῆς·
3072 3144 3262 3213 Τῖφυς,
3316 3145 3603 3214 ναυτικῆς·
3643 3146 3876 3215 Ἄργος.

2287 3234 2613 3303 ναυπηγίας,
2645 3232 2703 3298 ὲξ
2729 3224 2789 3286 οὗ
2819 3236 2914 3288 καὶ
2965 3235 3336 3306 Ἀργοναῦται·
3382 3237 3734 3309 Ἀρχιμήδης,
3760 3254 3874 3308 μη-

2288 3323 2535 3396 χανικῆς.

1917 3473 1984 3533 v.
2013 3475 2097 3530 Ad
2129 3475 2222 3534 lib.
2246 3492 2306 3544 ι,
2336 3495 2452 3547 cap.
2488 3478 2575 3534 ιο.

685 3609 752 3664 Et
796 3617 948 3681 pater
989 3629 1002 3665 ;
1038 3607 1284 3680 Ignosce,
1338 3609 1535 3680 inquit,
1588 3610 1661 3665 iiii
1695 3631 1705 3664 :
1741 3609 1982 3664 nondum
2038 3610 2184 3664 enim

617 3718 778 3760 usum
807 3703 1034 3756 multum
1085 3703 1140 3755 in
1186 3702 1272 3756 his
1303 3701 1475 3756 habeo
1511 3721 1524 3755 :
1559 3715 1682 3755 nam
1715 3702 1768 3755 el.
1797 3701 2038 3754 hesterni
2071 3713 2185 3754 ser-

616 3809 807 3850 mones
830 3794 908 3846 tui
939 3789 1163 3846 veritate
1191 3794 1308 3862 ipsa
1334 3793 1720 3846 concluserunt
1749 3806 1854 3852 me.
1885 3798 1942 3844 ut
1967 3789 2063 3845 tibi
2094 3805 2186 3843 ac-

2360 3610 2469 3665 Καὶ
2502 3613 2528 3666 ό
2565 3615 2770 3686 πατήρ·
2804 3616 3082 3685 Σύγγνωθί
3117 3635 3223 3688 μοι,
3247 3613 3529 3673 ὧτέκνονο
3553 3621 3601 3674 οί
3626 3622 3724 3692 μὲν
3757 3625 3871 3697 γὰρ

2290 3703 2416 3775 χθές
2448 3722 2538 3757 σου
2577 3705 2723 3774 λόγοι
2752 3707 2969 3779 ἀληθεῖς
2997 3709 3145 3773 ὄντες
3180 3712 3582 3781 συνελογίσαντο
3617 3732 3705 3784 μοι
3737 3733 3869 3770 συν-

2290 3795 2476 3851 Θέσθαι
2528 3800 2708 3868 σοι·ή
2762 3798 2817 3852 δὲ
2865 3799 2970 3870 ἐμὴ
3009 3802 3308 3873 συνείδησις
3342 3806 3514 3877 μικρά
3563 3824 3627 3877 με
3675 3808 3870 3882 ῶσπερ

617 3884 992 3953 quiescerem;
1026 3882 1080 3934 in
1107 3882 1442 3937 conscientia
1473 3889 1653 3935 tamen
1702 3897 1818 3935 mea
1871 3888 1996 3935 sunt
2027 3879 2182 3948 quasi

2288 3888 2522 3958 πυρετοῦ
2566 3889 2830 3961 ἔλλειμμα
2862 3893 3278 3962 πρὸςάπιστίαν
3309 3897 3512 3969 βραχέα
3545 3879 3863 3970 βασανίζει-

615 3975 858 4045 quzedam
889 3973 1132 4042 reliquie
1161 3971 1412 4036 febrium,
1452 3988 1572 4042 quae
1599 3973 1877 4042 paululum
1909 3988 1993 4026 me
2023 3987 2054 4025 a
2082 3971 2184 4026 [ide

2292 3980 2505 4032 σύνοιδα
2535 3981 2642 4052 γὰρ
2670 3983 2889 4055 ἐμαυτῷ
2916 3984 2983 4038 τὰ
3010 3985 3114 4055 τῆς
3153 3989 3404 4055 γενέσεως
3424 3993 3597 4045 πάντα
3620 4011 3708 4063 μοι
3730 3996 3871 4048 ἀτμο-

615 4065 770 4132 quasi
822 4078 853 4117 a
904 4065 1136 4119 sanitate
1176 4062 1496 4126 retrahunt;
1536 4063 1844 4118 discrucior
1889 4063 2032 4117 enim
2063 4063 2185 4133 quia

2285 4070 2617 4126 τελεσθέντα.
2655 4073 2825 4142 Κάγὼ
2871 4076 3288 4150 ἀπεκρινάμην·
3325 4062 3630 4153 Συννόησόν
3669 4103 3782 4157 μοι,
3819 4080 3866 4139 ὦ

616 4153 732 4210 scio
759 4153 926 4207 multa
959 4152 1115 4216 mihi,
1158 4153 1268 4206 imo
1300 4167 1438 4221 pene
1462 4153 1645 4206 omnia
1683 4153 1951 4207 accidisse
1991 4168 2185 4208 secun-

2292 4164 2484 4235 πάτερ,
2518 4165 2635 4218 οἵαν
2686 4165 2846 4235 φύσιν
2895 4166 3005 4239 ἔχει
3050 4169 3111 4222 τὺ
3161 4171 3406 4244 μάθημα,
3439 4152 3602 4240 ὲξῶν
3633 4152 3742 4245 ἐγώ
3779 4195 3863 4234 σοι

615 4244 744 4299 dum
779 4244 1038 4314 genesim.
1069 4242 1134 4296 Et
1182 4257 1282 4313 ego
1329 4244 1583 4313 respondi
1612 4263 1624 4298 :
1655 4243 1794 4298 Audi
1823 4259 1974 4315 ergo,
2007 4252 2180 4315 pater,

2293 4253 2660 4324 συμόουλεύω.
2695 4257 3072 4332 Μαθηματικῷ
3120 4242 3425 4333 συμϐαλὼν,
3475 4269 3594 4322 sint
3637 4242 3862 4342 πρῶτον

615 4351 736 4408 quae
758 4338 828 4392 sit
849 4336 1112 4391 mathesis
1133 4344 1349 4401 natura,
1375 4346 1430 4392 et
1460 4336 1626 4391 facito
1655 4337 1952 4393 secundum
1977 4351 2040 4392 ea
2063 4352 2182 4407 quae

2289 4345 2437 4417 αὐτῷ
2468 4347 2546 4401 δτι
2578 4348 2702 4402 τάδε
2739 4366 2826 4419 μοι
2860 4349 3034 4419 φαῦλα
3068 4353 3124 4406 ιν
3156 4355 3289 4424 τῷδε
3313 4357 3390 4427 τῷ
3408 4359 3582 4431 χρόνῳ
3600 4336 3858 4430 γέγονεν·

616 4428 741 4484 dico
775 4425 1032 4483 tibi.Vide
1061 4428 1526 4493 mathematicum,
1557 4436 1609 4482 et
1642 4427 1728 4483 dic
1757 4430 1805 4483 ei
1840 4429 2033 4498 primo,
2055 4428 2182 4499 quia

2288 4439 2350 4492 ἐκ
2379 4439 2524 4503 τίνος
2551 4441 2657 4513 ἄρα
2689 4459 2776 4512 μοι
2809 4443 2916 4498 τῶν
2947 4445 3191 4518 ἀστέρων
3225 4425 3622 4524 γέγονεγμαθεῖν
3643 4425 3857 4525 ἡδελον.

615 4518 746 4572 talia
769 4517 1012 4587 quaedam
1037 4517 1167 4572 mihi
1192 4518 1505 4573 acciderunt
1534 4519 1675 4571 mala
1700 4519 1753 4571 iu
1784 4519 1876 4575 illo
1906 4526 2183 4588 tempore;

2288 4532 2394 4620 Καὶ
2422 4531 2536 4604 ἐρεῖ
2561 4533 2642 4587 ὅτι
2668 4536 2793 4598 τοὺς
2822 4536 3044 4607 χρόνους
3076 4517 3364 4605 πακοποιδς
3394 4517 3862 4620 deﬂeat-0.1911;

618 4608 762 4713 unde
781 4623 957 4713 ergo,
978 4616 1072 4663 aut
1093 4609 1415 4713 .quomodo,‘
1454 4618 1547 4713 au't
1589 4625 1689 4703 per
1714 4625 1850 4713 quas
1880 4610 2022 4713 mihi.
2044 4610 2186 4711 aeci-
2287 4619 2319 4690 ἦ
2360 4621 2564 4690 κράνος
2595 4621 2627 4693 ἢ
2660 4623 2863 4678 τούτων
2894 4642 2976 4690 τις
3008 4627 3510 4696 ἀποκαταστατικδς
3536 4608 3786 4703 ἐγένετοτ

617 4700 800 4755 derint
841 4699 1047 4762 stellas,
1075 4698 1286 4754 discere
1331 4701 1476 4755 volo.
1509 4699 1876 4770 Respondebit
1928 4700 2025 4755 tibi
2070 4701 2187 4756 sine

618 4791 806 4854 dubio,
839 4793 967 4861 quia
999 4801 1241 4865 tempora
1275 4799 1368 4846 tua
1407 4794 1716 4870 malitiosus
1748 4794 1986 4863 suscepit
2018 4792 2182 4857 Mars,

619 4893 713 4938 aut
756 4881 1059 4950 Saturnus;
1114 4895 1207 4939 aut
1256 4887 1454 4956 aliquis
1493 4902 1680 4942 eorum
1727 4889 2184 4958 apocatastaticus

619 4977 756 5040 fuit;
789 4982 880 5029 aut
907 4975 1105 5047 aliquis
1147 4991 1348 5032 annum
1377 4987 1528 5032 tuum
1561 4980 1771 5048 aspexit
1802 4995 1868 5032 ex
1896 4978 2180 5043 diametro,

618 5073 712 5123 aut
741 5067 1086 5135 conjunctus,
1116 5075 1208 5122 aut
1241 5069 1294 5122 in
1343 5076 1564 5134 centro;
1611 5070 1694 5124 vel
1735 5069 1838 5122 alia
1869 5069 1954 5124 his
1985 5070 2183 5125 similia

619 5160 1009 5231 respondebit:
1041 5159 1250 5216 addens
1289 5161 1416 5231 quia
1453 5163 1507 5217 in
1557 5162 1642 5217 his
1681 5162 1938 5218 omnibus
1986 5163 2182 5232 aliquis

619 5258 712 5307 aut
737 5251 1032 5322 asyndetus
1061 5250 1163 5305 fuit
1189 5267 1313 5306 cum
1349 5253 1513 5318 malo,
1549 5261 1644 5308 aut
1675 5253 1986 5319 invisibilis,
2019 5254 2179 5308 autin

617 5341 914 5407 schemate,
935 5350 1029 5396 aut
1053 5351 1208 5398 extra
1237 5343 1507 5411 haeresim,
1533 5352 1626 5399 aut
1653 5345 1930 5409 deficiens,
1961 5353 2055 5400 aut
2073 5361 2180 5401 non

618 5433 960 5501 contingens,
987 5442 1079 5488 aut
1111 5435 1165 5489 in
1189 5438 1438 5492 obscuris
1463 5437 1668 5503 stellis;
1691 5444 1746 5492 et
1775 5437 1942 5493 multa
1966 5437 2069 5492 alia
2097 5439 2182 5496 his

618 5527 839 5592 similia,
871 5530 1166 5585 secundum
1218 5533 1457 5589 rationes
1511 5535 1763 5605 proprias
1812 5535 2175 5606 respondebit,

614 5626 671 5678 et
714 5619 780 5675 de
827 5621 1056 5691 singulis
1106 5624 1421 5695 assignabit.
1453 5624 1584 5680 Post
1629 5626 1775 5682 hunc
1820 5628 1985 5684 alium
2034 5629 2180 5687 adito

693 5773 804 5847 (Π)
840 5777 1235 5846 Πλευστικήν.
1267 5778 1429 5838 Forte
1459 5780 1775 5851 πλαστικήν.

2285 4711 2375 4764 τὸν
2407 4713 2646 4767 ἐνιαυτὸν
2664 4713 2849 4769 τοῦτόν
2880 4733 2962 4781 τις
2990 4717 3363 4792 ὲπεθεώρησεν
3394 4724 3458 4777 ὲκ
3488 4711 3858 4799 τετραγώνου,

2284 4801 2317 4875 η
2350 4801 2662 4876 διαμέτρου,
2697 4805 2729 4878 ἢ
2761 4806 2952 4873 συνὼν,
2985 4808 3018 4880 ἢ
3053 4815 3487 4886 κεκεντρωμένος
3519 4819 3550 4890 ἢ
3587 4823 3737 4894 παρὰ
3772 4828 3859 4880 αῖ.

2285 4913 2452 4967 ρεσιν,
2486 4899 2635 4972 ὁμῶς
2678 4899 2770 4951 καὶ
2813 4899 2946 4953 ἄλλα
2981 4903 3144 4974 μυρία
3175 4905 3348 4958 εἰπεῖν
3379 4906 3489 4979 ἔχει
3513 4929 3525 4940 ·
3563 4913 3698 4984 πρὸς
3727 4918 3859 4970 τοὺ-

2282 5006 2391 5054 τοις
2423 4991 2501 5056 δὲ,
2535 4991 2568 5062 ἦ
2602 4991 2928 5061 ἀγαθοποιὺς
2963 4997 3117 5067 κακῷ
3162 4999 3422 5065 ἀσύνετος
3465 4999 3553 5074 ἦν,
3587 5006 3618 5076 ἢ
3665 5009 3857 5064 avem-

2283 5082 2571 5155 Θεώρητος,
2599 5085 2632 5156 ἢ
2666 5086 2722 5138 ὲν
2756 5089 3068 5161 σχήματι,ἢ
3105 5092 3253 5164 παρά
3283 5094 3562 5169 αῖρεσιν,ἢ
3594 5100 3651 5152 ιν
3677 5102 3855 5157 ἐκλεί-

2235 5210 2241 5217 .
2280 5174 2456 5246 ψει,ἢ
2511 5177 2992 5252 ἀνεπισύναφος,ἢ
3041 5183 3099 5236 ἐν
3147 5184 3412 5258 ἀμαυροῖς
3457 5188 3708 5262 ἀστροῖςι
3758 5199 3856 5250 καὶ

2280 5268 2428 5338 ὁμῶς
2473 5268 2680 5323 πολλῶν
2715 5272 3036 5344 προφάσεων
3065 5275 3259 5342 οὐσῶν,
3295 5279 3429 5349 πρὸς
3459 5279 3495 5334 ἃ.
3525 5282 3722 5353 ἤκουσε
3755 5287 3856 5351 τὰς

2279 5361 2575 5427 ἀποδείξεις
2608 5368 2905 5436 παρασχεῖν
2941 5366 3072 5439 ἔχει.
3103 5369 3257 5424 Μετά
3286 5371 3472 5426 τοῦτον
3497 5369 3591 5428 οὖν
3622 5375 3714 5429 τὸν
3748 5395 3856 5448 μα-

2280 5453 2576 5525 Θηματικὸν
2610 5457 2782 5529 ἑτέρῳ
2811 5459 3144 5530 προσελθὼν,
3176 5462 3242 5516 τὰ
3273 5463 3489 5519 ἐναντία
3538 5467 3659 5521 είπέ
3680 5485 3693 5500 ·
3729 5471 3854 5527 Ὅτι

2279 5545 2393 5599 τόδε
2430 5563 2518 5618 μοι
2545 5546 2607 5599 τὸ
2639 5548 2840 5616 ἀγαθὸν
2872 5551 2928 5604 ἐν
2959 5550 3095 5621 τῷδε
3127 5553 3204 5624 τῷ
3231 5555 3406 5627 χρόνῳ
3439 5557 3626 5627 γέγονε
3645 5578 3658 5590 ·
3699 5564 3762 5616 σὺ
3797 5563 3854 5617 δι

2277 5637 2368 5693 τὸν
2405 5639 2592 5712 χρόνον
2623 5641 2711 5696 τὸν
2744 5641 2902 5697 αὑτὸν
2923 5643 3078 5714 λέγεο
3113 5647 3332 5704 ἀπαίτει
3374 5650 3431 5705 δὲ
3473 5653 3537 5705 ὲκ
3567 5652 3713 5719 τίνος
3745 5655 3858 5729 ἂρα
