4048 6342
201 376 344 434 “75

1319 365 1893 428 RECOGNITIONES.
1928 399 1997 411 -—
2025 363 2391 429 APPENDIX.

3320 377 3348 434 Ι
3361 378 3463 437 474

186 493 294 567 τῆς
321 488 585 563 γενέσεως
622 488 780 546 τοῦτο
817 488 1025 561 γέγονε·
1062 486 1156 545 καὶ
1188 488 1357 560 ὅμως,
1389 487 1467 553 ὡς
1494 488 1755 559 προεῖπον

1882 484 2353 552 mathematicum,
2384 492 2438 543 et
2462 484 2632 544 dicito
2660 487 2973 546 contraria:
2994 488 3133 560 Quia
3166 492 3299 551 illud
3328 496 3464 554 mihi

188 586 329 658 ἔχει,
366 583 459 639 σοῦ
506 584 1010 656 καταψευσαμένου,
1042 582 1205 646 αὐτὸς
1235 582 1299 635 ἐκ
1324 578 1531 635 πολλῶν
1564 580 1777 653 σχημά-

185 696 301 734 των
346 678 405 733 ἓν
448 695 501 732 τι
541 674 721 751 εὑρεῖν
754 678 938 749 σχῆμα
960 715 976 743 ,
1011 676 1104 730 καὶ
1145 672 1415 747 δεύτερον,
1450 672 1544 727 καὶ
1570 672 1772 745 τρίτον,

186 771 289 827 καὶ
332 770 584 836 πλείονα,
626 770 702 834 ὡς
749 766 879 823 αὐτὸ
922 767 1259 841 ἐνεργῆσαν,
1308 764 1429 821 ὅθεν
1477 764 1547 819 τά
1592 764 1775 835 ἀγαθά

184 863 307 937 ἐρεῖ
332 864 684 936 γεγενῆσθαι·
722 863 980 919 ἀδύνατον
1026 861 1134 933 γὰρ
1164 861 1222 914 ἐν
1255 858 1407 933 πάσῃ
1438 858 1646 928 γενέσει
1679 859 1773 913 ἀν-

186 954 443 1029 θρώπων,
483 958 557 1029 μὴ
607 957 665 1011 ἐν
714 958 864 1030 πάσῃ
908 955 1026 1028 ὥρᾳ
1072 953 1181 1009 τῶν
1211 954 1479 1026 ἀστέρων,
1513 955 1639 1020 τοὺς
1674 955 1771 1027 μὲν

178 1048 369 1114 καλῶς
419 1049 651 1115 κεῖσθαι,
684 1052 812 1115 τοὺς
857 1048 913 1102 δὲ
958 1047 1180 1113 κακῶς·
1217 1046 1416 1112 κύκλος
1464 1047 1572 1120 γάρ
1622 1049 1771 1103 ἐστιν

182 1141 447 1214 ἰσομερὴς
492 1142 732 1205 ποικίλος
757 1182 771 1206 ,
820 1139 1080 1213 ἀπείρους
1126 1141 1266 1213 ἔχων
1304 1140 1403 1205 τὰς
1446 1142 1766 1212 προφάσεις,

178 1232 321 1304 πρὸς
352 1232 418 1296 ἃς
460 1232 687 1295 ἕκαστος
720 1235 892 1287 εἰπεῖν
923 1234 1035 1303 ἔχει
1068 1232 1096 1286 ὃ
1129 1232 1271 1287 θέλει
1293 1248 1306 1263 ⁶
1342 1232 1401 1286 ὃν
1430 1230 1537 1303 γάρ
1569 1232 1769 1304 τρόπον

175 1323 276 1376 ἐπὶ
325 1322 433 1377 τῶν
479 1324 645 1390 λοξῶν
694 1324 917 1395 ὀνείρων
961 1324 1131 1378 ἐνίοτε
1168 1324 1319 1378 οὐδὲν
1356 1322 1601 1395 νοοῦμεν,
1630 1324 1766 1376 ἀπο-

173 1412 389 1468 δάντων
422 1416 477 1469 δὲ
512 1415 850 1489 οἰκειοτάτην
883 1416 1264 1489 προσφέρομεν
1290 1416 1536 1469 ἐπίλυσιν
1558 1432 1569 1445 ·
1593 1412 1766 1479 οὕτως

172 1506 275 1561 καὶ
324 1506 384 1561 τὸ
436 1508 695 1580 μάθημα*
732 1508 838 1581 πρὸ
882 1508 978 1561 τοῦ
1028 1525 1081 1562 τι
1132 1505 1576 1577 ἀποτελεσθῆναι,
1612 1505 1763 1559 οὐδὲν

175 1599 350 1669 σαφὲς
380 1601 510 1670 ἡμῖν
536 1598 770 1671 μηνῦσαι
815 1600 1067 1653 δύναται·
1108 1599 1244 1672 μετά
1274 1599 1331 1653 δὲ
1359 1600 1457 1670 τὴν
1488 1598 1581 1653 τοῦ
1613 1615 1765 1669 γενο-

173 1690 341 1761 μένου
372 1690 629 1762 ἱστορίαν,
656 1692 776 1744 τότε
818 1691 1080 1764 πρόδηλος
1108 1694 1141 1763 ὴ
1176 1690 1275 1763 τῆς
1308 1689 1584 1754 ἐκόἀσεως
1616 1688 1761 1745 αίτία

170 1782 424 1850 φαίνεται
443 1799 455 1812 ”
493 1782 750 1847 πολλάκις
780 1786 876 1855 μὲν
908 1780 999 1838 οὖν
1029 1783 1077 1837 οἱ
1105 1782 1460 1854 προλέγοντες
1485 1781 1757 1845 πταίουσι,

170 1874 271 1926 καὶ
314 1872 450 1943 μετά
497 1874 594 1946 τὴν
643 1874 864 1929 ἔκϐασιν
896 1876 1120 1955 ἐαυτοὺς
1155 1876 1476 1947 μέμφονται,
1512 1875 1758 1945 λέγοντες

166 1964 257 2017 ὃτι
284 1960 402 2018 τόδε
434 1959 503 2036 ἦν
531 1964 593 2019 τὸ
619 1968 869 2037 ποιῆσαν,
904 1968 997 2021 καὶ
1028 1963 1127 2020 οὐκ
1160 1968 1390 2039 εἴδομεν.
1426 1965 1500 2021 Τὸ
1535 1966 1635 2039 μὲν
1662 1963 1757 2021 οὖν

165 2055 269 2109 καὶ
315 2057 441 2119 τοὺς
488 2057 629 2111 πάνυ
680 2057 1050 2130 ἐπιστήμονας
1081 2057 1314 2123 πταίειν,
1344 2058 1551 2128 γίνεται
1579 2058 1667 2113 διὰ
1696 2059 1756 2114 τὸ

169 2147 251 2219 μὴ
299 2148 515 2216 εἰδέναι,
554 2148 631 2214 ὡς
672 2150 797 2221 χθὲς
841 2150 996 2221 ἔφην,
1035 2152 1163 2203 ποτα
1208 2152 1426 2215 πάντως
1463 2150 1565 2222 τῆς
1605 2151 1756 2222 γενέ-

167 2255 311 2302 σεως
344 2239 488 2293 αἴτια
524 2240 632 2313 (78)
664 2242 891 2310 γίνεται,
910 2244 1036 2296 ποῖα
1067 2242 1123 2296 δὲ
1149 2243 1211 2297 οὐ
1242 2244 1477 2309 πάντως,
1504 2244 1600 2299 ’καὶ
1627 2248 1754 2300 ποῖα

166 2331 389 2396 πάντως
420 2335 641 2405 ποιῆσαι
674 2334 1065 2406 ἐπιθυμοῦμεν,
1098 2335 1160 2389 οὐ
1207 2336 1423 2400 πάντως
1463 2337 1520 2390 δὲ
1570 2335 1755 2390 ποιοῦ-

167 2442 269 2497 μεν
289 2441 303 2457 ο
340 2426 420 2479 ὅτι
453 2427 548 2497 ἥδε
580 2429 611 2497 ἡ
644 2428 790 2481 αἰτία
822 2428 954 2499 ἡμῖν
999 2429 1113 2493 τοῖς
1166 2430 1463 2500 μυστήριον
1501 2430 1751 2501 μεμαθη-

164 2516 309 2580 κόσι,
344 2519 518 2588 σαφής
563 2522 707 2573 ἐστιν
731 2535 742 2547 “
776 2520 856 2573 ὅτι
898 2518 1178 2593 ἐλεύθερον
1217 2520 1429 2591 ἔχοντες
1472 2519 1748 2593 λογισμὸν,

163 2610 335 2663 ἐνίοτε
370 2610 584 2681 ἐπέχειν
629 2610 834 2683 ταύτην
881 2612 1315 2685 βουλευσάμενοι,
1350 2616 1746 2686 νενικήκαμεν

160 2703 214 2756 οἱ
248 2703 304 2756 δὲ
336 2703 649 2775 ἀστρολόγοι
680 2704 842 2759 τοῦτο
866 2706 996 2759 αὐτὸ
1034 2704 1095 2759 τὸ
1138 2707 1453 2778 μυστήριον,
1483 2710 1614 2779 περὶ
1645 2708 1751 2762 πά-

166 2811 268 2867 σης
297 2796 667 2867 προαιρέσεως
696 2797 1105 2868 ἀποφηνάμενοι
1135 2800 1192 2865 ἐξ
1210 2799 1404 2869 ἀρχῆς,
1425 2799 1748 2864 πταίσαντες

160 2888 289 2949 τοὺς
322 2887 699 2959 κλιμακτῆρας
732 2889 1047 2961 ἐπενόησαν,
1084 2891 1163 2953 είς
1208 2889 1511 2961 ἀδηλότητα
1559 2888 1745 2943 ποιού-

164 2995 317 3049 μενοι
362 2982 459 3050 τὴν
506 2981 839 3053 προαίρεσιν,
867 2978 943 3046 ὡς
988 2982 1115 3053 χθὲς
1158 2981 1537 3052 ἀπεδείξαμεν.
1570 2983 1640 3035 Σὺ
1686 2982 1745 3035 δὲ

158 3070 256 3121 τοῦ
290 3069 472 3123 λοιποῦ
508 3070 642 3142 πρὸς
672 3070 844 3124 ταῦτα
880 3072 933 3125 εἴ
966 3090 1017 3126 τι
1065 3072 1208 3142 ἔχεις
1232 3074 1426 3133 εἰπεῖν,
1459 3072 1605 3139 λέγε.
1634 3072 1745 3125 Καὶ

1878 575 2009 633 boni
2039 578 2270 650 contigit
2312 579 2367 633 in
2402 577 2499 635 illo
2539 588 2817 651 tempore;
2868 589 3086 655 tempus
3130 594 3310 643 autem
3358 586 3467 644 hoc

1876 666 2022 723 idem
2046 666 2213 723 dicito
2250 686 2265 725 :
2295 675 2351 725 et
2391 668 2611 740 require
2637 686 2705 727 ex
2736 672 2938 742 quibus
2966 676 3215 745 partibus
3247 678 3465 748 genesis

1875 758 1982 816 hoc
2009 759 2110 816 tibi
2140 760 2385 817 evenerit
2414 760 2580 829 boni;
2613 770 2668 817 et
2698 771 2964 836 tempora,
2998 775 3057 821 ut
3082 768 3217 835 dixi,
3264 772 3461 829 eadem

1874 866 1996 924 qua:
2024 852 2094 909 de
2121 854 2281 910 malis
2300 854 2763 927 interrogaveras,
2790 859 3067 914 custodito
3097 880 3109 916 :
3135 876 3372 934 cumque
3404 875 3463 921 tu

1875 941 2132 1003 fefelleris
2178 944 2246 1003 de
2300 947 2663 1018 temporibus,
2700 947 2825 1007 vide
2855 958 3058 1021 quanta
3089 954 3185 1008 tibi
3222 955 3464 1014 inveniet

1874 1037 2175 1103 schemata,
2207 1052 2305 1109 per
2331 1054 2453 1110 quae
2482 1039 2737 1097 ostendat
2767 1043 2915 1111 quod
2946 1043 3044 1099 tibi
3089 1044 3145 1100 in
3188 1046 3297 1103 illis
3327 1050 3463 1119 ipsis

1873 1130 2213 1202 temporibus
2281 1130 2501 1189 evenire
2551 1133 2840 1189 debuerint
2888 1134 3080 1191 bona:
3120 1138 3463 1208 impossibile

1871 1224 2018 1281 enim
2063 1230 2149 1281 est
2194 1224 2478 1280 hominum
2523 1226 2767 1298 genesim
2810 1228 3202 1294 tractantibus,
3244 1246 3354 1286 non
3402 1232 3461 1289 in

1869 1317 2021 1373 omni
2060 1332 2223 1387 quam
2270 1315 2462 1371 dicunt
2492 1317 2714 1387 regione
2744 1318 3030 1374 stellarum
3060 1334 3280 1391 semper
3308 1323 3461 1378 inve-

1869 1414 1988 1468 nire
2018 1411 2285 1482 quasdam
2325 1410 2464 1467 bene
2491 1411 2701 1481 positas
2730 1413 2939 1477 stellas,
2968 1421 3023 1469 et
3047 1415 3312 1484 quasdam
3344 1432 3461 1470 ma~

1866 1504 1917 1560 le
1943 1521 1957 1560 :
1986 1504 2227 1560 circulus
2256 1503 2404 1559 enim
2435 1509 2520 1559 est
2549 1503 2834 1575 aequaliter
2860 1519 2927 1560 ex
2958 1507 3107 1561 omni
3157 1516 3310 1577 parte
3346 1509 3461 1563 col—

1865 1594 2041 1652 lectus
2068 1594 2367 1652 secundum
2401 1595 2713 1661 mathesim,
2748 1596 2997 1653 diversas
3027 1604 3080 1652 et
3107 1599 3289 1653 varias
3317 1600 3461 1653 acci<

1865 1688 2019 1759 piens
2049 1704 2269 1753 causas,
2296 1702 2363 1743 ex
2385 1688 2587 1759 quibus
2617 1690 2964 1745 occasionem
2988 1690 3209 1759 capiant
3233 1691 3455 1747 dicendi

1864 1783 2007 1852 quod
2037 1782 2248 1837 volunt.
2288 1778 2444 1836 Sicut
2473 1780 2619 1837 enim
2651 1780 2765 1837 ﬁeri
2791 1783 2930 1838 solet
2960 1782 3051 1837 ubi
3081 1784 3293 1837 somnia
3315 1783 3456 1837 obli-

1863 1889 1972 1944 qua
2018 1873 2257 1929 viderint
2306 1872 2576 1938 homines,
2606 1880 2660 1926 et
2713 1871 2852 1927 nihil
2904 1872 3041 1929 certi
3098 1872 3451 1943 intelligunt;

1862 1980 1989 2021 cum
2036 1965 2236 2035 aliquis
2284 1965 2589 2021 occurrerit
2643 1964 2823 2020 exitus
2868 1978 3076 2030 rerum,
3107 1973 3241 2020 tunc
3286 1966 3353 2020 ad
3388 1978 3455 2021 ea

1860 2070 1981 2128 quat
2015 2055 2316 2112 acciderint
2334 2047 2533 2126 aptant
2560 2056 2726 2111 etiam
2758 2058 2959 2112 somnii
2982 2056 3161 2112 visum
3190 2070 3203 2122 ;
3249 2058 3323 2112 ita
3365 2064 3455 2113 est

1856 2153 1912 2204 'et
1938 2147 2202 2204 mathesis
2235 2166 2249 2205 :
2287 2154 2580 2220 antequam
2612 2147 2819 2220 aliquid
2850 2148 2962 2213 flat,
2990 2148 3123 2204 certi
3156 2149 3293 2202 nihil
3318 2164 3451 2219 pro-

1857 2240 2181 2306 nuntiatur;
2218 2247 2410 2311 postea
2440 2255 2570 2297 vero
2606 2255 2772 2311 quam
2806 2240 3014 2311 aliquid
3041 2241 3325 2307 acciderit,
3368 2242 3448 2297 rei

1851 2331 1965 2401 jam
1995 2338 2160 2403 gestae
2182 2332 2449 2403 colligunt
2465 2346 2683 2389 causas.
2704 2331 2950 2403 Denique
2983 2334 3299 2405 frequenter
3320 2348 3447 2388 cum

1854 2424 2180 2486 erraverint,
2213 2431 2267 2479 ct
2316 2425 2474 2480 aliter
2523 2440 2611 2480 res
2664 2425 2947 2493 acciderit,
2986 2427 3315 2497 semetipsos
3361 2428 3448 2483 in-

1854 2515 2367 2587 crepant,dicentes
2394 2517 2523 2587 quia
2550 2516 2643 2571 illa
2674 2516 2776 2572 fuit
2802 2518 2959 2573 stella
2986 2534 3106 2588 quae
3137 2518 3443 2590 impedivit,

1852 2626 1974 2683 quae
2023 2611 2283 2674 occurrit,
2316 2620 2370 2666 et
2398 2626 2509 2667 non
2542 2612 2814 2677 vidimus;
2858 2610 3173 2685 ignorantes
3200 2612 3325 2685 quia
3356 2630 3446 2669 cr-

1852 2718 1945 2759 ror
1972 2718 2163 2759 eorum
2200 2719 2310 2757 non
2344 2720 2411 2758 ex
2443 2705 2580 2758 artis
2616 2702 3011 2775 imprudentia,
3042 2703 3137 2759 sed
3180 2720 3245 2759 ex
3276 2706 3444 2761 totius

1850 2810 2030 2851 causae
2050 2797 2489 2853 inconvenientia
2513 2799 2800 2855 descendit
2824 2820 2836 2854 :
2868 2800 3123 2871 ignorant
3148 2800 3292 2855 enim
3318 2815 3442 2870 qua

1850 2888 1980 2951 sint,
2008 2905 2126 2959 qua:
2156 2888 2336 2945 facere
2359 2890 2579 2959 quidem
2601 2892 3084 2962 concupiscamus,
3116 2907 3227 2945 non
3255 2903 3441 2948 tamen

1849 2978 2231 3050 indulgeamus
2274 2983 2761 3053 concupiscentiis.
2800 2982 2911 3039 Nos
2951 2992 3133 3037 autem
3179 2984 3274 3054 qui
3322 2999 3443 3053 my-

1849 3070 2003 3124 sterii
2031 3070 2196 3139 hujus
2228 3071 2521 3127 didicimus
2551 3072 2846 3135 rationem,
2871 3075 3077 3129 scimus
3103 3081 3155 3127 et
3188 3088 3436 3139 causam;

155 3160 364 3233 ὀμόσας
393 3164 501 3234 (79)
540 3165 870 3236 ἁπεκρίνατο
895 3202 908 3228 ,
948 3164 1110 3235 μηδὲν
1139 3162 1341 3218 τούτων
1388 3164 1744 3238 ἀληθέστερον

1862 3162 1976 3232 μύει
2011 3162 2318 3218 libertatem
2350 3164 2615 3221 habentes
2644 3164 2878 3229 arbitrii,
2914 3164 3186 3219 interdum
3224 3180 3433 3219 concu—

158 3250 299 3307 εἶναι
328 3250 399 3309 ὧν
430 3252 608 3319 εἶπας.

1850 3254 2132 3325 piscentiis
2169 3257 2515 3321 obsistimus,
2566 3256 2851 3312 interdum
2876 3256 3125 3313 cedimus
3164 3276 3177 3313 :
3211 3266 3265 3312 et
3313 3258 3437 3313 idco

160 3344 525 3402 humanorum
570 3356 845 3419 gestorum
890 3347 1129 3405 incertus
1161 3355 1245 3404 est
1280 3347 1494 3413 exitus;
1528 3346 1657 3418 quia
1687 3346 1745 3403 in
1766 3347 2018 3405 libertate
2047 3349 2245 3419 pendet
2277 3348 2508 3403 arbitrii.
2569 3347 2705 3403 Nam
2757 3349 3265 3420 concupiscentiam
3309 3351 3435 3420 qui-

158 3436 308 3502 dem,
332 3453 493 3507 quam
524 3448 779 3507 Operatur
810 3440 1046 3509 maligna
1076 3440 1272 3502 virtus,
1294 3444 1474 3510 potest
1500 3437 1747 3495 indicare
1776 3438 2197 3497 mathematicus
2246 3460 2259 3496 :

2310 3440 2405 3496 sed
2456 3440 2504 3496 si
2552 3441 3014 3511 concupiscentiae
3067 3442 3231 3512 hujus
3275 3452 3435 3499 actus

156 3531 244 3586 vel
292 3534 471 3587 exitus
521 3532 729 3603 impleri
783 3535 978 3603 possit,
1006 3549 1107 3588 nec
1149 3550 1249 3599 ne,
1284 3536 1410 3605 quia
1451 3535 1505 3588 in
1535 3533 1745 3589 arbitrii
1773 3534 2025 3592 libertate
2055 3544 2161 3599 est,
2203 3535 2334 3592 sciri
2364 3544 2491 3590 ante
2518 3536 2768 3591 eﬂ‘ectum
2802 3537 2880 3593 rei
2928 3552 2958 3592 a
3015 3538 3169 3593 nullo
3218 3547 3429 3610 potest:

156 3628 213 3679 ct
259 3623 363 3677 hoc
412 3631 496 3678 est
541 3624 685 3694 quod
736 3625 1051 3696 ignorantes
1100 3627 1363 3698 astrologi
1410 3624 1743 3682 invenerunt
1811 3627 1939 3693 sibi,
2006 3636 2065 3683 ut
2116 3628 2461 3683 climttctcras
2504 3629 2773 3695 dicerent,
2819 3629 2901 3685 rei
2950 3630 3164 3687 scilicet
3206 3630 3431 3688 incertae

158 3714 425 3785 perfugia,
453 3714 878 3771 sicuthesterno
908 3718 1225 3788 plenissime
1258 3717 1620 3775 ostendimus.
1656 3718 1735 3774 Ad
1772 3718 1890 3775 haec
1940 3720 1987 3775 si
2038 3721 2168 3793 quid
2219 3720 2315 3776 tibi
2359 3720 2651 3777 dicendum
2687 3721 2931 3791 videtur,
2962 3723 3151 3781 dicito.
3217 3723 3282 3779 Et
3333 3740 3429 3796 pa-

160 3822 241 3866 ter
277 3830 290 3864 :
326 3811 469 3865 Nihil
500 3812 701 3877 verius,
734 3812 931 3884 inquit,
965 3813 1061 3882 ﬁli,
1092 3812 1197 3885 ⁸ίιῑιν.
1244 3828 1366 3888 quae
1410 3821 1735 3887 prosecutus
1764 3830 1845 3873 es.

228 3988 340 4061 ('18)
381 3990 565 4049 Λῖτια.
597 3992 681 4047 Al.
716 3990 885 4047 αἰτία.

1911 3990 2023 4067 (19)
2042 3974 2171 4055 ’Καὶ
2198 3992 2371 4064 ὀμόσ.
2403 3993 2488 4051 Al.
2520 3993 2616 4052 και
2642 3991 2671 4043 ὁ
2699 3994 2902 4071 πατήρ.
