3936 6172
659 418 2307 438 ,η’-..-ην-αρς-κ-μρφα-η--ο-,ρ-ο-ν-ρα--ηρψ
2355 419 2928 430 -——o——.——~._..--___——_..
2947 423 3083 432 __,_,_'_
3374 426 3422 436 ..-

219 423 3471 480 W

1009 603 2688 792 DISSERTATIO

1432 905 1519 960 DE
1559 903 1864 960 OMNIBUS
1899 902 2300 959 GENERATIM

604 1090 955 1180 PRIMI
1034 1084 1628 1176 ECCLESUE
1703 1081 2155 1170 S/ECULI
2232 1081 3139 1180 SCRIPTORIBUS.

686 1279 767 1344 (D.
795 1279 863 1328 ιε
885 1277 1107 1335 Nounnv,
1133 1275 1409 1337 Apparatus
1443 1268 1507 1316 ad
1547 1265 1888 1316 Bibliotheca":
1915 1265 2197 1329 maximam,
2225 1269 2450 1332 Parisiis,
2479 1272 2618 1335 1703,
2647 1274 2861 1337 in-folio,
2890 1291 2937 1339 p.
2965 1279 3032 1340 1.)

739 1568 967 1626 CAPUT
1003 1567 1294 1623 PRIMUM.

226 1696 409 1762 Quam
440 1705 609 1759 pauca
638 1687 900 1762 supersint
923 1685 1237 1762 scriptorum
1262 1683 1421 1762 primi
1441 1680 1690 1762 Ecciesite
1713 1698 1812 1733 sa:-

303 1764 412 1816 culi
440 1755 637 1829 Opera;
669 1775 764 1809 cur
795 1757 929 1809 Deus
961 1755 1116 1822 plura
1149 1755 1362 1829 interire
1397 1755 1732 1829 permiserit;
1764 1761 1812 1804 et

305 1833 431 1904 quid
462 1823 518 1884 in
545 1831 645 1882 hac
675 1828 1047 1881 dissertatione
1083 1823 1421 1877 tractandum
1445 1825 1535 1877 sit.

305 1938 550 1992 Plurima
596 1935 816 2006 quidem
860 1941 1106 1988 veterum
1153 1932 1313 2002 primi
1343 1930 1601 1986 Ecclesiae
1631 1931 1811 1986 saeculi

229 2026 457 2080 Patrum
490 2031 710 2079 exstant
735 2037 924 2092 opera,
942 2023 998 2076 in
1023 2021 1359 2075 Bibliotheca
1385 2030 1570 2075 nostra
1596 2020 1814 2092 Lugdu-

232 2117 392 2172 nensi
439 2114 753 2186 promiscue
801 2114 978 2180 edita;
1012 2112 1108 2167 sed
1162 2113 1313 2166 nulla
1364 2119 1513 2177 sunt,
1547 2121 1641 2167 aut
1671 2124 1817 2168 certe

226 2207 591 2278 paucissima,
631 2219 752 2275 qua!
782 2220 941 2276 veros
970 2204 1350 2274 genuinosque
1381 2211 1546 2258 tantae
1578 2205 1816 2275 antiqui-

232 2299 365 2354 tatis
393 2299 744 2351 characteres
793 2310 904 2366 prae
949 2310 1010 2350 se
1045 2293 1186 2349 ferre
1231 2294 1452 2351 invictis
1482 2297 1817 2366 argumentis

235 2391 706 2444 demonstrentur.
730 2384 947 2457 Septem
973 2387 1175 2457 quippe
1198 2384 1676 2457 lgnatii,’episcopi
1707 2387 1811 2440 An.

239 2480 476 2535 tiocheni
502 2486 559 2532 et
590 2478 869 2548 martyris,
899 2477 1165 2547 epistolae,
1208 2479 1276 2531 ab
1322 2491 1410 2540 eo,
1444 2477 1523 2530 uti
1566 2477 1820 2532 ostende-

237 2587 381 2636 mus,
429 2571 598 2626 dubio
644 2570 834 2641 procul
883 2582 1013 2625 sunt
1059 2568 1351 2640 profectae;
1393 2576 1445 2622 at
1478 2569 1582 2623 illa:
1619 2569 1819 2624 eaedem

238 2680 347 2717 non
381 2673 508 2718 ante
538 2669 793 2716 octavum
841 2659 1070 2716 secundi
1115 2661 1298 2716 saeculi
1325 2676 1528 2716 annum
1557 2661 1612 2715 in
1644 2661 1819 2714 lucem

232 2756 582 2825 prodierunt.
609 2753 690 2807 Ad
715 2752 951 2824 primum
981 2769 1111 2808 vero
1141 2753 1398 2808 Ecclesia:
1419 2753 1676 2808 saeculum
1700 2768 1822 2824 per-

149 2840 152 2842 ’
235 2851 418 2902 tincre
451 2847 611 2903 nobis
659 2847 915 2901 videntur
963 2861 1086 2900 cum
1137 2844 1398 2900 Barnabas
1426 2840 1656 2913 apostoli
1683 2842 1811 2914 Epi-

1830 1571 1878 1627 Α
1905 1567 1996 1638 qui
2038 1582 2161 1620 cum
2205 1566 2446 1630 Christo,
2481 1582 2646 1624 carne
2692 1578 2876 1624 nostra
2916 1571 3126 1636 induto,
3176 1581 3482 1633 conversati

1915 1669 2064 1724 sunt,
2095 1662 2314 1731 longum
2346 1662 2399 1715 in
2433 1671 2645 1731 tempus
2675 1663 2837 1717 vitam
2870 1667 3252 1736 produxerim,
3286 1686 3490 1741 eosque

1915 1753 2008 1821 qui
2045 1754 2245 1806 saeculo
2295 1754 2539 1808 secundo
2565 1753 2889 1820 ﬂoruerunt,
2926 1758 3217 1814 habuerint
3246 1763 3488 1832 discipu-

1915 1844 2018 1898 los.
2053 1843 2162 1898 llos
2196 1859 2326 1913 ergo
2362 1844 2534 1899 sacris
2562 1843 2825 1899 doctrinae
2849 1845 3174 1904 Christiana:
3204 1854 3490 1922 praeceptis

1913 1944 1967 1990 et
1996 1933 2366 2004 dogmatibus,
2398 1948 2517 2002 quae
2549 1933 2627 1986 illi
2672 1948 2701 1986 a
2747 1933 2966 1989 Christo
2999 1937 3117 2006 ipso
3143 1953 3488 2010 acceperant,

1915 2032 2211 2096 potuerunt
2253 2023 2499 2078 imbuere
2533 2043 2545 2079 :
2580 2041 2680 2079 nec
2712 2026 2836 2081 aliis
2866 2026 3110 2084 Ecclesia
3137 2032 3362 2104 indiguit
3393 2037 3494 2090 do-

1916 2117 2181 2179 ctoribus,
2223 2116 2398 2186 queis,
2426 2121 2683 2184 tanquam
2716 2117 3016 2173 canalibus.
3049 2119 3236 2173 eadem
3269 2121 3494 2192 dogma-

1916 2216 1972 2262 ta
2005 2223 2137 2263 voce
2167 2215 2221 2262 ct
2256 2223 2372 2272 ore,
2407 2206 2527 2262 sine
2559 2207 2785 2277 scripto,
2821 2209 2886 2262 de
2915 2226 3099 2274 manu,
3130 2222 3186 2264 ut
3227 2214 3400 2278 aiunt,
3437 2216 3493 2270 in

1920 2320 2139 2358 manum
2186 2304 2252 2358 ad
2305 2319 2406 2358 nos
2452 2307 2976 2360 transmitterentur.
3013 2305 3254 2378 Denique
3286 2309 3385 2363 hac
3415 2317 3496 2363 tot

1919 2396 2165 2465 tantique
2213 2395 2370 2464 pretii
2418 2396 2748 2464 scriptorum
2787 2394 3002 2464 jactura
3052 2397 3334 2463 docemur,
3383 2416 3494 2455 non

1920 2487 2070 2541 aliud
2101 2486 2297 2540 divinae
2331 2484 2697 2541 Providentiae
2727 2487 2899 2544 fuisse
2936 2491 3259 2552 consilium,
3295 2493 3399 2546 nisi
3437 2503 3496 2547 ut

1920 2580 1958 2633 ii
1984 2578 2320 2634 sanctissimi
2353 2579 2672 2648 scriptores,
2723 2581 2814 2650 qui
2860 2596 3048 2637 omnes
3081 2583 3323 2654 plerique
3370 2600 3497 2639 san-

1922 2669 2139 2738 guinem
2192 2683 2290 2737 pro
2328 2667 2638 2723 Christiana
2681 2671 2782 2725 tide
2813 2673 3034 2734 tuenda,
3066 2682 3120 2728 et
3154 2678 3498 2744 prepaganda

1926 2760 2200 2822 fuderunt,
2235 2760 2381 2812 illam
2415 2762 2730 2831 sanguineis
2761 2763 2916 2819 effusi
2946 2767 3159 2821 cruoris
3205 2768 3372 2837 guttis
3417 2771 3498 2822 al-

1925 2851 2054 2912 tius,
2114 2864 2278 2920 quam
2331 2849 2542 2913 charta,
2583 2851 2793 2904 calamo
2845 2860 2899 2907 et
2941 2859 3267 2921 atramento,
3301 2856 3498 2908 animis

241 2939 407 3003 stola,
441 2947 560 2991 tum
607 2937 772 2992 etiam
821 2944 934 2992 tres
977 2935 1244 2998 Pastoris,
1273 2951 1371 2990 seu
1404 2933 1616 2988 Hermae
1658 2933 1818 2998 libri;
1856 2906 1898 2963 Β
1923 2906 2205 2993 hominum
2236 2939 2620 3004 inscriberent,
2655 2941 3071 3013 infigerentque,

239 3045 497 3083 veremur
538 3038 721 3083 tamen
766 3043 835 3083 ne
876 3043 956 3083 eae
983 3028 1184 3099 quibus
1209 3027 1262 3082 id
1294 3029 1655 3096 assequimur,
1690 3041 1823 3081 con-

237 3123 489 3191 jecturae,
525 3123 878 3192 quantumvis
920 3122 1087 3175 firmae
1133 3121 1244 3175 sint
1285 3129 1338 3175 et
1360 3120 1568 3184 solidas,
1600 3121 1668 3176 iis
1712 3136 1822 3175 non

239 3217 570 3286 probentur,
603 3215 694 3283 qui
722 3227 825 3268 nec
853 3219 1259 3283 praeconceptas
1288 3213 1576 3281 opiniones
1595 3222 1823 3284 possunt

244 3321 486 3376 unquam
535 3305 844 3375 deponere;
879 3319 980 3358 nec
1014 3304 1159 3358 vinci
1205 3303 1412 3370 volunt,
1441 3304 1551 3357 nisi
1598 3303 1824 3360 demon-

244 3397 606 3452 stratiouibus
662 3395 1059 3450 invictissimis.
1108 3393 1279 3449 Porro
1334 3401 1515 3450 autem
1573 3399 1823 3466 quamvis

245 3489 506 3542 omnibus
535 3486 589 3541 id
623 3495 770 3542 esset
795 3501 1142 3556 persuasum,
1172 3485 1292 3540 duae
1319 3493 1530 3540 tantum
1561 3502 1706 3542 nunc
1731 3505 1824 3544 su-

245 3587 534 3650 peressent
582 3580 910 3649 scriptorum
945 3581 1108 3649 primi
1142 3580 1304 3649 hujus
1340 3581 1525 3635 saeculi
1563 3582 1823 3636 lucubra-

245 3675 451 3727 tiones.
482 3671 580 3727 His
605 3680 787 3727 autem
813 3673 958 3742 quod
990 3673 1340 3744 adjungatur,
1368 3674 1504 3727 nihil
1537 3673 1649 3729 fere
1678 3676 1825 3729 aliud

246 3771 445 3822 restat,
481 3763 588 3818 nisi
616 3764 791 3833 prima
823 3779 886 3818 ac
916 3763 1101 3818 forsan
1133 3765 1370 3818 secunda
1397 3765 1692 3820 Clementis
1717 3764 1828 3819 Bo-

250 3855 400 3908 mani
430 3853 694 3924 Epistola,
725 3869 846 3924 quae
876 3869 1000 3908 cum
1029 3855 1085 3907 in
1113 3853 1449 3910 Bibliotheca
1473 3863 1661 3909 nostra
1686 3855 1828 3926 Lug-

251 3945 491 3999 dunensi
539 3960 650 3998 non
698 3945 809 4000 sint
848 3959 1088 4012 excusse,
1120 3945 1306 4001 nullus
1333 3945 1402 4000 de
1431 3945 1498 4000 iis
1532 3948 1638 4002 erit
1667 3947 1827 4002 nobis

251 4038 359 4090 hoc
384 4038 441 4090 in
474 4051 638 4107 Opere
663 4036 882 4091 dicendi
909 4037 1084 4091 locus.

329 4125 524 4181 Mirum
555 4141 707 4191 sane,
741 4141 805 4181 ac
837 4126 1066 4182 forsitan
1097 4127 1418 4182 incredibile
1448 4129 1734 4183 nonnullis
1755 4128 1830 4181 vi-

1990 3031 2127 3085 Cum
2161 3038 2339 3085 autem
2373 3032 2702 3100 paucissima
2735 3033 2844 3086 sint
2874 3031 3092 3086 Patrum
3128 3035 3283 3102 primi
3313 3033 3500 3089 Eccle-

1925 3124 2019 3179 siae
2068 3125 2252 3180 saeculi
2295 3139 2491 3193 Opera,
2523 3125 2614 3177 illa
2665 3139 2796 3178 sane
2845 3140 2910 3178 eo
2961 3126 3134 3194 pluris
3181 3128 3497 3182 aestimanda

1923 3220 2075 3276 sunt,
2103 3227 2213 3282 quo
2261 3213 2520 3281 majorem
2566 3212 2728 3268 iidem
2770 3211 2960 3268 Patres
2992 3223 3045 3269 et
3074 3217 3268 3270 merito
3293 3234 3411 3281 suo,
3445 3230 3500 3272 et

1926 3317 2025 3356 sua
2074 3317 2195 3354 cum
2225 3301 2445 3355 Christo
2474 3302 2700 3372 ejusque
2730 3303 2989 3371 apostolis
3016 3306 3408 3359 consuetudine
3437 3324 3500 3362 ac

1927 3391 2294 3446 familiaritate
2326 3391 2430 3444 sibi
2462 3391 2896 3446 conciliaverunt
2925 3395 3325 3451 auctoritatem.
3355 3399 3497 3462 Qua-

1926 3489 2148 3554 propter
2177 3489 2235 3535 ut
2264 3497 2519 3552 germana
2547 3497 2736 3536 eorum
2771 3484 2972 3552 scripta
3004 3499 3032 3536 a
3058 3487 3261 3555 spuriis
3290 3496 3342 3542 et
3372 3505 3501 3559 sup-

1927 3573 2182 3645 posititiis
2212 3580 2414 3642 queant
2450 3571 2607 3627 facile
2639 3573 2898 3637 discerni,
2925 3575 3137 3646 singula
3164 3594 3391 3650 quaque
3435 3583 3499 3634 ad

1928 3667 2232 3721 severiores
2279 3665 2486 3719 criterii
2531 3667 2768 3736 regulas,
2816 3668 3060 3725 studiose
3108 3671 3502 3744 diligenterque

1931 3760 1987 3814 in
2015 3758 2367 3829 sequentibus
2390 3759 2875 3816 dissertationibus
2903 3763 3356 3822 examinabimus.
3395 3769 3502 3823 Sed

1931 3850 2084 3920 prius
2131 3849 2199 3903 de
2248 3849 2316 3903 iis
2363 3865 2483 3918 quae
2514 3850 2580 3903 ad
2610 3851 2731 3906 illos
2761 3853 3060 3923 scriptores
3095 3861 3394 3927 generatim
3441 3880 3505 3918 ac

1931 3943 2181 3996 universe
2215 3942 2506 4010 pertinent,
2535 3941 2638 3996 hac
2687 3944 2742 3997 in
2794 3945 3175 4003 dissertatione
3219 3951 3505 4022 disputan-

1930 4032 2059 4085 dum
2089 4033 2572 4089 est.Ostcndemus
2602 4032 2785 4103 itaque
2817 4037 2960 4105 quod
2993 4042 3497 4111 eorumingenium.

1931 4140 2051 4194 quae
2078 4123 2278 4189 studia,
2312 4139 2432 4193 qua:
2466 4127 2875 4194 occupationes,
2911 4145 3031 4199 quae
3061 4133 3377 4189 occasiones
3423 4137 3502 4190 eis

251 4217 496 4281 debitur,
523 4217 669 4287 quod
691 4224 802 4270 tam
833 4232 1006 4287 pauca
1036 4217 1103 4271 ad
1132 4233 1233 4273 nos
1264 4218 1611 4288 pervenerint
1640 4218 1828 4288 prima:
1851 4245 1903 4308 ο
1933 4217 2002 4270 ad
2051 4216 2401 4270 scribendum
2453 4216 2673 4282 fuerint,
2724 4235 2864 4289 quos
2912 4225 3307 4292 prostraverint
3352 4225 3506 4280 Chri.

252 4311 692 4366 Cbristianorum
725 4312 900 4366 aetatis
924 4326 1109 4381 Opera.
1142 4309 1305 4364 Extra
1331 4311 1556 4364 dubium
1594 4325 1829 4380 namque

254 4411 343 4458 est
370 4403 557 4472 plures
592 4401 822 4470 hujusce
869 4401 1130 4471 temporis
1175 4402 1473 4472 scriptores
1515 4400 1668 4454 varia
1714 4401 1832 4456 edi-

255 4494 406 4549 disse
433 4492 722 4564 opuscula,
754 4493 1035 4563 epistolas,
1069 4500 1336 4548 tractatus
1363 4494 1450 4547 vel
1479 4493 1615 4547 alias
1645 4491 1834 4560 hujus-

259 4584 476 4638 cemodi
525 4584 955 4639 lucubrationes.
991 4583 1110 4649 Qua
1154 4599 1285 4654 ergo
1329 4583 1426 4638 Dei
1467 4582 1829 4653 providentia,

258 4679 499 4746 inquies,
525 4677 646 4732 ﬁeri
678 4677 887 4746 potuit,
917 4684 977 4731 ut
1006 4685 1115 4730 tam
1143 4677 1378 4747 pretiosa
1401 4675 1706 4730 divinorum
1735 4674 1834 4728 ho-

265 4769 474 4823 minum
503 4776 878 4830 monumenta,
916 4783 1038 4837 qua:
1065 4767 1226 4838 primi
1256 4783 1380 4822 esse
1408 4767 1676 4822 debebant
1721 4773 1836 4819 tra—

259 4858 486 4914 ditionis
517 4867 720 4913 nostrae
748 4859 988 4920 canales,
1021 4859 1239 4928 penitus
1264 4857 1608 4912 interierint?
1631 4852 1834 4908 Verum

258 4951 350 5004 his
397 4950 760 5020 querimoniis
803 4949 914 5004 cito
955 4950 1175 5004 modum
1216 4949 1483 5019 impones,
1520 4947 1569 5002 si
1618 4945 1838 5000 aliunde

263 5042 526 5098 damnum
561 5042 716 5109 illud,
742 5041 1094 5112 quantumvis
1127 5041 1438 5110 lugendum,
1468 5041 1626 5110 plene
1664 5052 1840 5093 resar-

263 5136 434 5188 citum
481 5134 776 5205 intelligas.
807 5133 1022 5189 Etenim
1051 5149 1242 5188 omnes
1271 5133 1397 5187 novi
1444 5131 1666 5187 hederis
1713 5129 1837 5184 libri

263 5225 459 5295 scripti
491 5232 621 5280 sunt
652 5225 756 5279 hoc
785 5225 1016 5291 saeculo;
1042 5232 1204 5295 atque
1227 5240 1293 5280 eo
1308 5224 1600 5294 plurimum
1629 5222 1836 5285 adulto,

264 5323 321 5371 et
380 5329 518 5387 pene
571 5315 811 5380 labente,
842 5312 1083 5371 Joannes
1137 5316 1417 5386 apostolus
1462 5315 1837 5386 Evangelium,

265 5407 744 5478 Apocalypsinque
773 5423 928 5464 suam
957 5409 1274 5478 publicavit.
1305 5407 1449 5475 Quid
1478 5409 1623 5479 quod
1659 5415 1713 5462 et
1739 5421 1837 5464 ea-

267 5498 392 5553 dem
446 5498 540 5555 Dei
573 5499 916 5570 providentia
945 5500 1151 5556 factum
1181 5511 1285 5565 est,
1316 5511 1377 5556 ut
1406 5502 1474 5557 iis
1503 5503 1754 5558 acerbius
1785 5504 1839 5559 in

1935 4306 2099 4362 stiani
2131 4308 2366 4363 nominis
2396 4317 2449 4363 et
2478 4309 2743 4364 doctrinae
2774 4311 2980 4375 hostes,
3012 4328 3074 4366 ac
3125 4315 3339 4370 tandem
3385 4335 3504 4386 quae

1937 4399 2141 4454 fuerint
2183 4400 2384 4455 schola:
2433 4415 2529 4456 seu
2564 4401 2666 4456 loci
2698 4403 2923 4472 publici,
2957 4405 3012 4458 in
3058 4406 3255 4474 quibus
3284 4407 3317 4460 ii
3349 4406 3506 4463 Chri-

1935 4491 2168 4546 stianam
2207 4491 2495 4546 didicerint
2526 4492 2706 4557 fidem,
2732 4493 2815 4548 vel
2834 4494 2969 4550 alios
2993 4496 3208 4565 ipsimet
3232 4513 3348 4551 eam
3376 4499 3506 4553 edo-

1932 4585 2164 4640 cuerint.

2547 4672 2777 4729 CAPUT
2817 4672 2880 4729 ll.

1939 4791 2092 4858 Quod
2123 4791 2283 4862 fuerit
2325 4789 2638 4862 scriptorum
2668 4789 2826 4856 primi
2851 4790 3032 4862 διεσαιὶ
3069 4791 3362 4862 ingenium,
3391 4811 3506 4862 qua:

2009 4859 2208 4926 studia,
2235 4860 2598 4928 occupationes
2616 4868 2663 4911 et
2688 4860 2984 4912 occasiones
3009 4859 3077 4912 ad
3098 4859 3446 4918 scribendum.

2011 4951 2175 5006 Extra
2209 4951 2638 5006 controversiam
2662 4956 2745 5004 est
2771 4949 2896 5006 illos
2925 4966 2991 5006 eo
3017 4953 3362 5023 potissimum
3387 4970 3506 5007 om-

1941 5058 2039 5098 nes
2070 5041 2272 5111 ingenii
2319 5042 2402 5096 sui
2451 5055 2644 5096 nervos
2689 5041 3058 5103 contendisse,
3087 5057 3357 5111 omneque
3389 5051 3507 5098 stu-

1941 5137 2088 5190 dium
2118 5143 2173 5189 et
2193 5148 2412 5204 Operam
2438 5133 2863 5202 consumpsisse,
2897 5141 2956 5186 ut
2980 5131 3330 5204 Evangelium
3355 5133 3509 5188 Chri-

1943 5229 2013 5284 sti
2059 5226 2314 5281 Omnibus
2364 5225 2784 5289 annuntiarent;
2837 5239 2903 5278 ac
2949 5223 3319 5278 demonstrata
3350 5223 3510 5278 Chri-

1942 5321 2133 5374 stiana:
2161 5317 2439 5387 religionis
2471 5317 2715 5379 veritate,
2747 5317 2814 5370 iis
2844 5316 3235 5384 persuaderent
3264 5331 3382 5370 eam
3417 5332 3509 5370 so-

1944 5411 2070 5474 lam,
2105 5408 2315 5463 caeteris
2358 5406 2612 5460 omnibus
2655 5404 2974 5475 repudiatis,
3023 5419 3146 5459 esse
3196 5405 3511 5476 amplexan-

1946 5501 2091 5556 dam.
2137 5498 2275 5552 Hinc
2309 5497 2524 5552 Judaeos
2551 5497 2717 5552 variis
2746 5496 3141 5550 convincebant
3177 5498 3511 5564 argumentis

268 5601 588 5648 nascentem
653 5591 955 5650 Ecclesiam
1011 5595 1347 5651 saevientium
1394 5594 1835 5666 persecutionum
1872 5581 1917 5636 Ῐ)
1943 5595 2223 5650 Christum
2266 5607 2387 5647 esse
2415 5591 2563 5645 illum
2598 5590 2808 5653 tandiu,
2840 5599 3095 5660 tantoque
3119 5590 3310 5644 ardore
3334 5591 3402 5644 ab
3429 5592 3510 5645 eis

266 5688 627 5757 temporibus,
659 5687 845 5757 plures
893 5702 1018 5741 cum
1065 5704 1130 5742 ex
1181 5687 1461 5760 apostolis,
1496 5697 1610 5746 tum
1638 5707 1704 5747 ex
1745 5690 1836 5757 iis,

592 5783 857 5840 i‘nnoc.
903 5781 1023 5841 Gtt.
1063 5779 1111 5841 l.

1945 5690 2339 5758 exspectatum,
2374 5680 2648 5748 Messium,
2680 5697 2978 5752 verumque
3010 5679 3198 5734 I‘cum.
3230 5687 3280 5731 ct
3333 5677 3510 5734 Patris

3123 5777 3148 5836 1

1621 6089 1701 6141 σε
1975 6064 2053 6141 fit;
2086 6055 2166 6137 ᾗ
