3936 6172
407 285 467 337 Η
1595 276 1682 331 DE
1720 270 1979 333 OMNIBU
1993 268 2028 325 S
2063 270 2460 328 CENERATIM
3579 278 3645 332 η

401 398 587 453 atterni
637 395 866 463 Filium;
917 405 1047 452 tunc
1079 411 1206 453 vero
1237 398 1518 468 completa,
1555 411 1677 465 quae
1719 396 1786 450 de
1817 395 1908 449 illo
1936 406 1967 444 a
1995 391 2045 451 Δ
2073 400 2313 459 peccata,
2345 391 2430 446 vel
2461 397 2769 451 nascentes.
2791 390 3012 461 jamque
3036 391 3304 447 irruentes
3330 390 3531 447 abusus
3554 407 3649 445 ca-

403 490 678 559 prophetis
725 491 1083 560 praenuntiata
1114 490 1349 554 fuerant,
1376 491 1628 556 oracula;
1675 505 1739 544 ac
1771 489 1970 560 Moysis

401 584 593 651 legem,
625 582 998 650 caeremonias,
1031 591 1086 639 et
1129 583 1397 640 sacriﬁcia
1444 581 1513 636 ab
1555 596 1622 637 eo
1665 580 1835 634 fuisse
1883 594 1971 634 re-

400 675 573 728 scissa
595 681 648 727 et
675 674 952 745 abrogata.

470 775 707 845 Paganis
738 784 920 830 autem
951 784 1005 830 et
1029 775 1296 830 idolorum
1330 776 1633 830 cultoribus
1666 775 1815 828 ibant
1844 788 1968 843 per-

399 884 622 922 suasum
651 868 766 922 ﬁeri
786 883 894 923 non
918 883 1101 937 posse,
1130 878 1187 922 ut
1213 870 1397 938 plures
1422 869 1530 923 sint
1553 868 1651 931 dii,
1685 867 1779 922 sed
1799 881 1964 920 unum

396 960 776 1014 tantummodo
825 975 948 1015 esse
996 959 1165 1014 Deum
1217 961 1339 1014 caeli
1369 969 1422 1015 et
1455 969 1634 1021 terrae,
1673 972 1965 1027 rerumque

398 1050 642 1104 omnium
681 1059 1024 1116 creatorem;
1069 1049 1347 1104 Christum
1393 1065 1523 1104 vero
1571 1049 1790 1103 unicum
1843 1048 1963 1116 ejus

395 1159 517 1197 esse
543 1141 764 1210 Filium,
807 1143 881 1196 ita
905 1159 935 1197 a
966 1142 1126 1197 Patre
1156 1143 1417 1214 genitum,
1455 1149 1513 1196 ut
1541 1156 1683 1196 unus
1714 1140 1963 1209 idemque

394 1249 516 1286 cum
554 1249 619 1288 eo
649 1235 720 1289 sit
751 1233 913 1289 Deus.
945 1232 1124 1299 Hunc,
1157 1242 1216 1287 ut
1245 1233 1493 1288 homines
1523 1231 1835 1296 redimeret,
1859 1230 1960 1284 hu-

395 1340 610 1379 manam
658 1326 1022 1395 assumpsisse
1065 1340 1306 1391 carnem,
1325 1327 1629 1400 ipsumque,
1649 1337 1758 1393 quo
1790 1323 1960 1394 magis

393 1415 654 1470 falsorum
701 1415 984 1468 numinum
1016 1415 1194 1468 cultus
1243 1414 1482 1469 infandis
1519 1414 1817 1469 sceleribus
1853 1414 1956 1468 ob-

392 1504 857 1573 scenitatibusque
890 1504 1270 1560 abominandis
1302 1511 1419 1558 erat
1449 1511 1869 1574 conspurcatus,
1891 1519 1956 1559 eo

392 1599 642 1668 puriorcs
671 1597 1079 1666 sanctioresque
1123 1606 1176 1650 et
1216 1598 1338 1650 vitae
1366 1597 1714 1651 instituenda:
1742 1603 1796 1651 et
1824 1595 1955 1650 ado-

2075 484 2362 553 stigatione
2386 491 2612 552 paterna
2642 485 2996 548 coercebant,
3030 485 3506 555 corrigebantque.
3539 485 3644 540 Alii

2071 573 2305 642 denique
2333 589 2400 627 ne
2426 573 2787 644 simpliciores
2813 572 3171 642 quorumdam
3198 575 3364 627 animi
3395 588 3648 627 corrum-

2072 672 2353 733 perentur,
2389 664 2444 718 in
2483 678 2768 734 perversas
2797 664 3096 728 doctrinas,
3130 680 3455 734 erroresque
3487 662 3644 719 nefa-

2071 754 2204 817 rios,
2232 770 2294 808 ac
2329 764 2616 811 nascentes
2641 754 2878 808 haereses
2910 755 3109 825 stylum
3141 763 3441 810 verterunt.

2685 868 2913 924 CAPUT
2954 863 3041 923 ΙΙΙ.

2072 981 2142 1036 De
2171 984 2424 1036 hreresnm
2456 984 2614 1051 primi
2647 983 2826 1036 stecnli
2857 994 2994 1042 ortu,
3033 998 3334 1052 progressu,
3372 993 3420 1036 et
3455 985 3642 1038 interi-

2139 1063 2212 1114 tu,
2244 1070 2524 1122 earumque
2545 1053 3029 1122 expugnatoribus;
3072 1070 3133 1106 ac
3162 1055 3390 1120 primum
3420 1054 3484 1108 de
3531 1056 3640 1110 lia:-

2135 1123 2239 1175 resi
2271 1121 2502 1177 Simonis
2533 1121 2700 1191 Magi.

2132 1235 2330 1291 Verum
2365 1236 2642 1290 enimvero
2677 1235 2939 1290 adversus
2972 1235 3187 1289 divinos
3217 1233 3540 1290 Christiana:
3569 1235 3638 1289 ﬁ-

2060 1327 2144 1381 dei
2164 1336 2464 1383 assertores
2477 1328 2675 1397 abipso
2700 1327 2924 1383 orientis
2939 1327 3193 1381 Ecclesia:
3231 1326 3388 1380 initio
3400 1342 3466 1380 ex
3489 1327 3635 1384 erebi

2063 1415 2314 1473 faucibus
2359 1426 2703 1474 emerserunt
2749 1415 3016 1487 stupenda
3057 1418 3331 1470 variarum
3368 1416 3636 1471 haresum

2058 1515 2300 1562 monstra
2329 1525 2342 1560 :
2371 1515 2532 1577 atque
2565 1516 2622 1562 ut
2652 1507 2949 1576 prudenter
2980 1514 3162 1561 monet
3195 1504 3566 1562 Theodoretus
3586 1507 3632 1560 ':

2056 1597 2188 1654 Cum
2212 1599 2456 1654 diabolus
2471 1599 2736 1653 hominum
2751 1599 3028 1668 perniciem
3045 1601 3235 1660 sitiret,
3257 1616 3356 1652 non
3371 1612 3638 1668 exspecta-

391 1690 573 1744 randaa
595 1689 896 1743 divinitatis
929 1689 1072 1759 leges
1102 1688 1416 1742 hominibus
1441 1685 1954 1742 constituisse.Por-
1985 1728 2026 1784 Β
2055 1689 2149 1752 vit,
2169 1698 2222 1742 ut
2239 1689 2590 1757 apostolorum
2605 1689 2908 1757 pradicatio
2925 1689 3278 1750 incalesceret;
3297 1688 3387 1741 sed
3399 1703 3514 1741 cum
3527 1685 3636 1756 pri-

388 1799 450 1837 ro
497 1791 676 1836 autem
725 1781 827 1836 etsi
858 1779 1111 1835 Christus
1155 1781 1223 1833 ab
1268 1779 1449 1848 impiis
1479 1777 1952 1848 pcrduellibusque

383 1874 587 1928 Judazis
619 1874 780 1927 morti
827 1872 990 1926 fuerit
1021 1872 1255 1927 traditus
1277 1913 1292 1938 ,
1324 1872 1618 1940 scriptores
1647 1880 1827 1925 tamen
1855 1885 1954 1924 no-

383 1966 480 2019 stri
535 1965 966 2019 luculentissime
1012 1963 1370 2020 ostendebant
1425 1963 1572 2017 illius
1616 1961 1952 2016 divinitatem

385 2059 706 2120 innumeris,
733 2073 852 2126 qua:
882 2057 997 2128 ipse
1022 2057 1287 2120 ediderat,
1319 2070 1547 2126 quaaque
1576 2056 1695 2124 ipso
1723 2070 1953 2110 nascen-

383 2157 456 2210 te,
490 2148 775 2211 moriente,
815 2157 978 2216 atque
1007 2162 1037 2200 a
1067 2147 1298 2202 mortuis
1347 2155 1666 2217 resurgente
1711 2147 1953 2216 contige-

381 2247 523 2301 rant,
559 2239 837 2294 miraculis
873 2239 1040 2293 fuisse
1061 2255 1318 2308 perquam
1345 2239 1702 2294 invictissime
1723 2239 1951 2294 demon-

380 2338 629 2384 stratam.
667 2329 762 2385 His
809 2329 1080 2384 addebant
1129 2346 1229 2385 nos
1279 2338 1402 2402 post
1439 2332 1614 2401 ipsum
1657 2345 1688 2383 a
1720 2330 1951 2384 mortuis

381 2421 674 2492 aliquando
701 2437 826 2478 esse
870 2423 1239 2486 suscitandas,
1275 2438 1338 2477 ac
1368 2423 1669 2478 secundum
1699 2424 1822 2478 vitae
1851 2437 1951 2476 no-

379 2522 508 2568 stra:
553 2529 716 2583 opera
767 2522 861 2567 aut
905 2514 1192 2584 suppliciis
1242 2516 1461 2570 reternis
1492 2515 1821 2580 alliciendos,
1857 2522 1950 2568 aut

379 2607 712 2676 sempiterna
742 2605 1029 2661 donandos
1061 2606 1335 2662 felicitate.
1369 2607 1540 2673 Quam
1585 2608 1803 2678 quidem
1852 2606 1949 2661 du-

377 2697 612 2750 ctrinam
643 2697 946 2761 miraculis,
983 2711 1010 2749 a
1044 2712 1101 2752 se
1123 2713 1338 2767 quoque
1367 2697 1527 2753 editis
1552 2698 1946 2764 conﬁrmatam,

379 2790 500 2844 fuso
526 2790 788 2859 sanguine
820 2791 1138 2860 plerumque
1165 2791 1592 2861 consignabant.

449 2886 599 2952 Quos
647 2886 866 2939 tandem
919 2884 986 2939 ad
1020 2885 1384 2941 Christianam
1415 2886 1575 2942 ﬁdem
1607 2902 1798 2942 recens
1851 2890 1950 2942 adv

378 2977 677 3041 duxerant,
709 2978 809 3032 hos
839 2978 1030 3048 primis
1061 2992 1214 3032 nova:
1255 2978 1387 3048 legis
1414 2979 1699 3049 praeceptis
1727 2979 1944 3036 erudie-

2055 1799 2195 1834 mum
2210 1782 2289 1835 illi
2301 1792 2494 1836 terram
2509 1783 2696 1846 colere,
2711 1792 2757 1835 et
2774 1782 2983 1850 pietatis
3000 1783 3204 1835 semina
3221 1798 3461 1852 spargere
3476 1799 3636 1853 crepe-

2051 1881 2197 1936 runt,
2237 1871 2539 1924 hicinterim
2555 1872 3072 1934 seminavitzizania,
3095 1872 3545 1928 idestschismata
3581 1884 3636 1930 et

2051 1963 2304 2018 haereses.
2339 1962 2542 2018 Contra
2578 1963 2692 2018 hare
2721 1966 3020 2018 errantium
3051 1965 3331 2019 hominum
3360 1974 3630 2035 portenta,

2049 2073 2170 2126 qua;
2198 2073 2304 2111 non
2336 2059 2536 2119 minus,
2568 2073 2729 2128 quam
2756 2067 3154 2128 persecutores,
3183 2060 3404 2114 crudele
3431 2069 3486 2114 et
3515 2063 3635 2116 exi-

2051 2149 2253 2202 tiosum
2285 2146 2541 2203 Ecclesia:
2574 2147 2775 2202 bellum
2807 2149 3133 2213 intulerunt,
3165 2149 3489 2219 quandoque
3531 2166 3631 2219 pa-

2050 2239 2156 2293 lam
2191 2247 2244 2292 et
2276 2247 2480 2309 aperte,
2512 2239 2838 2309 quandoque
2870 2240 3092 2304 tectius,
3139 2248 3193 2294 et
3222 2240 3494 2294 occultius
3536 2242 3632 2296 de-

2049 2338 2329 2386 certarunt
2379 2331 2678 2400 scriptores
2727 2332 2922 2386 nostri.
2955 2331 3294 2401 Quapropter
3335 2341 3395 2386 ut
3439 2348 3628 2387 eorum

2049 2422 2274 2490 scripta,
2309 2420 2510 2489 quibus
2561 2419 2796 2475 haereses
2827 2420 2961 2475 satis
3013 2422 3244 2476 obscure
3272 2422 3452 2478 verbis
3495 2439 3629 2476 non-

2049 2528 2327 2582 nunquam
2359 2511 2772 2566 obscurioribus
2803 2511 3211 2581 impugnantur,
3248 2512 3463 2568 facilius
3495 2530 3627 2584 pos-

2049 2605 2160 2661 sint
2205 2603 2454 2673 intelligi,
2497 2602 2806 2658 earumdem
2838 2602 3117 2659 haereseth
3165 2611 3338 2667 ortus,
3377 2621 3624 2676 progres-

2049 2710 2145 2750 sus
2193 2703 2246 2750 et
2278 2695 2529 2748 interitus
2561 2693 2813 2757 breviter,
2849 2692 2943 2747 scd
2975 2693 3120 2748 clare
3147 2701 3200 2748 et
3249 2703 3502 2751 accurate
3530 2712 3626 2750 ex-

2047 2785 2284 2858 plicandi
2320 2793 2467 2842 sunt.

2126 2900 2316 2956 Simon
2342 2899 2528 2970 Magns
2558 2898 2788 2968 primam
2811 2897 3330 2962 interChrislianos,
3396 2907 3458 2953 ut
3512 2899 3622 2954 ire-

2049 2994 2255 3055 naeus”,
2301 2989 2568 3045 Eusebius
2601 2989 2644 3054 ³,
2677 2989 3013 3059 Epiphanius
3051 2991 3072 3020 ⁸
3107 2998 3161 3044 et
3195 2990 3568 3046 Theodoretns
3597 2993 3620 3024 ⁸

377 3072 542 3134 bant,
577 3069 1058 3139 informabantque
1105 3086 1210 3140 qua
1263 3074 1476 3127 ratione
1507 3080 1630 3142 post
1675 3073 1942 3143 abjectam

2054 3094 2369 3152 memorant,
2427 3086 2676 3141 haeresim
2707 3087 3053 3157 excogitavit,
3092 3087 3616 3159 disseminavitque:

373 3163 683 3217 Judacorum
736 3179 1138 3235 paganorumve
1187 3165 1500 3235 religionem
1546 3168 1638 3222 uni
1667 3167 1776 3223 Deo
1821 3185 1944 3224 ser-

375 3256 650 3310 viendum.
686 3253 823 3309 Tum
852 3255 1050 3310 deinde
1094 3271 1188 3311 eos
1236 3255 1505 3312 docebant
1552 3259 1683 3327 quid
1712 3260 1944 3331 singulis

373 3348 683 3417 quibusque
711 3356 857 3403 esset
889 3347 1252 3419 praestandum
1275 3387 1290 3412 ,
1329 3355 1387 3402 ut
1415 3351 1740 3419 genitalibus
1769 3351 1946 3422 bapti-

374 3438 477 3491 smi
514 3439 673 3492 undis
701 3437 920 3492 Christo
952 3439 1283 3508 consepulti,
1325 3447 1377 3492 et
1404 3455 1526 3494 cum
1559 3456 1625 3495 eo
1653 3457 1944 3514 resurgen-

376 3539 479 3592 tes,
521 3546 659 3583 nova
707 3533 895 3600 gratia:
941 3532 1073 3595 vita,
1108 3533 1347 3601 peccatis
1372 3534 1609 3602 amplius
1641 3551 1749 3589 non
1778 3537 1944 3590 mori-

373 3621 505 3687 turi,
538 3629 976 3677 renascerentnr.
1000 3621 1130 3677 Post
1161 3631 1476 3694 susceptura
1500 3626 1697 3681 divina:
1720 3643 1944 3698 regene-

379 3713 607 3768 rationis
631 3722 1055 3779 sacramentum,
1083 3717 1376 3770 secretiora
1409 3716 1527 3770 ﬁdei
1554 3725 1754 3773 nostra:
1784 3720 1941 3792 adyta

371 3809 452 3860 eis
499 3807 817 3859 reserabant
865 3805 1012 3858 clara
1058 3813 1109 3859 et
1159 3814 1413 3860 accurata
1442 3822 1631 3862 eorum
1666 3811 1939 3874 omnium,

371 3912 491 3966 qua:
532 3897 668 3952 alios
700 3896 970 3962 celabant,
1001 3913 1125 3951 cum
1158 3899 1539 3968 mysteriorum
1573 3899 1858 3957 Trinitatis
1889 3911 1942 3957 et

369 3989 795 4056 lncarnationis,
849 3997 965 4043 tum
1019 4002 1485 4046 sacramentorum
1535 4007 1599 4048 ac
1640 3996 1940 4063 praesertim

370 4081 727 4136 Eucharistiaa
756 4081 1117 4150 expositione.
1154 4081 1214 4136 In
1243 4083 1434 4152 primis
1463 4093 1642 4140 autem
1665 4086 1790 4142 illos
1815 4087 1943 4144 hor-

370 4169 644 4234 tabantur,
679 4177 735 4222 ut
768 4171 821 4223 in
851 4171 1050 4225 tradita
1073 4171 1174 4226 lide
1195 4180 1513 4229 constantes
1537 4188 1936 4244 permanerent,

367 4278 430 4315 ac
484 4276 583 4332 pro
638 4275 700 4315 ca
745 4260 945 4316 tuenda
989 4261 1241 4331 quaelibet
1272 4263 1574 4334 perferrent
1599 4281 1797 4337 genera
1827 4279 1941 4322 tor-

368 4366 672 4410 mentorum
683 4399 695 4410 .

437 4458 646 4525 Quibus
681 4473 810 4514 sane
840 4459 1130 4513 tormentis
1168 4460 1214 4514 si
1242 4460 1351 4514 vita
1391 4460 1471 4515 eis
1514 4462 1834 4530 eriperetur,
1858 4461 1934 4516 ’id

365 4548 614 4601 nonnulli
661 4549 860 4604 litteris
904 4550 1259 4606 mandabant.
1294 4549 1618 4605 Scribebant
1663 4569 1793 4607 vero
1839 4555 1934 4609 alii

367 4640 595 4692 aliorum
630 4639 829 4693 virtute
859 4649 912 4694 ct
941 4642 1134 4696 merito
1159 4642 1598 4712 praa‘stanliorum
1626 4644 1930 4710 historiam,

365 4730 584 4792 itinera,
637 4731 902 4799 pericula,
948 4733 1200 4797 labores,
1253 4733 1573 4796 certamina,
1625 4736 1932 4804 passiones,

366 4823 654 4892 supplicia,
675 4831 728 4877 et
753 4825 934 4877 omnia
961 4840 1149 4878 eorum
1181 4825 1424 4895 martyrii
1459 4832 1600 4880 acta.
1625 4824 1732 4880 Alii
1761 4833 1936 4881 statu-

364 4926 418 4968 ta
451 4923 504 4971 et
523 4930 781 4979 canones,
814 4916 882 4969 ab
911 4917 1170 4986 apostolis
1196 4931 1492 4986 eorumque
1522 4917 1935 4974 successoribus

365 5009 430 5062 ad
462 5009 726 5062 doctrinae
757 5009 1195 5077 explicationem,
1230 5008 1782 5081 informationemque
1816 5025 1933 5065 mo-

363 5117 484 5154 rum
515 5101 747 5163 sancita,
782 5102 1002 5170 scriptis
1029 5101 1348 5168 tradebant;
1379 5103 1470 5155 alii
1501 5102 1643 5158 datis
1667 5104 1733 5157 ad
1763 5118 1932 5172 quos-

363 5195 487 5247 dam
521 5191 887 5256 Christianos,
923 5203 1016 5245 aut
1046 5192 1356 5261 episcopos,
1377 5201 1471 5246 aut
1495 5189 1766 5247 Ecclesias
1787 5195 1932 5250 litte-

361 5286 462 5347 ris,
496 5286 618 5339 illos
653 5283 1019 5338 accendebant
1054 5282 1118 5335 ad
1142 5289 1494 5352 tyrannorum
1527 5287 1932 5353 persecutiones

361 5374 757 5444 patientissime
801 5371 1144 5440 tolerandas;
1172 5371 1255 5427 vel
1284 5373 1531 5443 graviora
1562 5374 1926 5444 quorumdam

2053 3176 2121 3230 Ut
2176 3177 2401 3247 magnis,
2451 3176 2628 3245 inquit
2705 3176 2976 3232 Eusebius
3009 3178 3067 3241 ⁸,
3116 3188 3166 3231 et
3213 3180 3618 3235 admirabilibus

2048 3269 2343 3323 Servaloris
2383 3269 2550 3322 nostri
2584 3270 2837 3336 apostolis
2866 3285 2965 3337 par
2995 3270 3334 3324 adversarius
3365 3273 3620 3325 consiste-

2049 3372 2150 3417 ret.
2187 3361 2303 3426 Qua
2334 3376 2464 3431 ergo
2488 3362 2698 3415 ratione
2727 3361 2978 3415 Clemens
3007 3361 3406 3417 Alexandrinus
3427 3363 3448 3395 τ
3477 3363 3618 3419 hanc

2047 3453 2297 3507 haeresim
2336 3467 2444 3506 non
2485 3461 2610 3507 ante
2639 3453 2881 3506 adultum
2911 3453 3171 3505 saaculum
3209 3454 3532 3508 secundum.
3564 3463 3619 3508 et

2049 3541 2341 3596 Marcionis
2366 3549 2588 3595 aetatem
2617 3550 2796 3596 ortum
2842 3542 3099 3596 habuisse
3140 3543 3358 3606 dixerit,
3391 3548 3617 3599 omnino

2049 3649 2156 3686 non
2190 3633 2456 3687 videmus.
2491 3631 2598 3687 Sed
2637 3632 2704 3688 de
2746 3632 2846 3687 hac
2878 3633 3172 3688 Clementis
3202 3635 3457 3704 opinione
3487 3637 3615 3691 alibi

2047 3724 2438 3792 disputabitur.

2115 3813 2166 3869 ls
2211 3831 2373 3886 porro
2422 3816 2610 3870 Simon
2645 3815 2837 3887 Gythis
2872 3818 2992 3872 vico
3023 3818 3282 3873 Samaria:
3325 3819 3611 3883 oriundus,

2045 3907 2198 3977 plura
2233 3923 2352 3978 quae
2402 3909 2680 3962 miraculis
2711 3917 2765 3963 et
2807 3908 3073 3978 prodigiis
3137 3912 3361 3963 omnino
3409 3910 3613 3964 similia

2044 4002 2388 4066 videbantur,
2431 4001 2656 4070 magicis
2685 4002 2893 4054 artibus
2925 4001 3192 4070 patrabat.
3230 4000 3332 4056 Sed
3367 4013 3489 4071 post
3517 4018 3612 4056 ex-

2043 4098 2302 4150 stinctum
2329 4095 2592 4164 martyrio
2610 4092 2969 4164 Stephanum,
3002 4093 3286 4164 Philippus
3305 4093 3608 4149 Samariam

2040 4186 2305 4258 evangelii
2345 4185 2676 4255 praedicandi
2705 4185 2880 4255 gratia
2910 4201 2968 4239 se
3007 4186 3257 4248 contulit,
3289 4186 3469 4255 ibique
3498 4201 3607 4240 non

2043 4278 2201 4341 falsa,
2235 4287 2294 4332 ut
2325 4275 2510 4332 Simon
2527 4278 2570 4340 ⁸,
2604 4276 2699 4330 sed
2730 4291 2857 4330 vera
2889 4275 3059 4329 edidit
3089 4275 3372 4329 miracula.
3398 4275 3607 4339 Quibus

2043 4371 2111 4424 ab
2131 4370 2318 4426 eodem
2379 4367 2600 4422 Simone
2642 4366 2795 4437 Mago
2835 4367 3092 4437 cognitis,
3120 4365 3487 4420 Christianam
3519 4381 3606 4420 re-

2041 4461 2299 4532 ligionem
2334 4460 2424 4514 ille
2452 4459 2735 4529 professus
2772 4465 2877 4522 est,
2907 4457 3012 4522 vel,
3042 4467 3098 4511 ut
3135 4458 3212 4510 ait
3261 4456 3528 4511 Eusebius
3559 4457 3603 4519 ',

2039 4551 2314 4605 simulavit
2343 4566 2402 4604 se
2433 4547 2698 4619 proﬁteri.
2725 4547 2862 4602 Cum
2886 4561 3014 4601 vero
3044 4546 3097 4599 in
3117 4547 3418 4617 baptizatos
3450 4560 3606 4600 sacra

2037 4643 2181 4698 Petri
2235 4650 2288 4697 et
2339 4640 2566 4696 Joannis
2619 4655 2879 4693 manuum
2928 4640 3278 4708 impositione
3339 4637 3604 4708 Spiritum

2042 4743 2317 4798 sanctum,
2348 4733 2602 4787 omnibus
2627 4732 2788 4800 plane
2815 4731 3223 4799 inspectabilem,
3271 4729 3604 4784 descendere

2037 4825 2439 4894 conspexisset,
2489 4822 2774 4890 pecuniam
2829 4820 3023 4874 iisdem
3059 4820 3321 4890 apostolis
3362 4820 3600 4885 obtulit,

2033 4926 2092 4972 ut
2125 4916 2374 4972 eumdem
2401 4913 2662 4982 Spiritum
2685 4922 2934 4967 sanctum
2967 4912 3021 4965 in
3050 4913 3186 4966 alios
3212 4909 3605 4966 transfunden-

2034 5011 2086 5064 di
2117 5009 2219 5064 sibi
2253 5007 2494 5061 facerent
2521 5011 2863 5075 potestatem.
2898 5002 3102 5057 Verum
3137 5003 3237 5057 hac
3267 5002 3432 5072 impia
3456 5002 3603 5056 obla-

2030 5103 2179 5156 tione
2235 5100 2302 5153 ah
2345 5097 2606 5168 apostolis
2666 5097 2780 5150 acri
2834 5109 3160 5165 magnoque,
3205 5094 3280 5148 uti
3314 5109 3412 5164 par
3441 5102 3598 5156 erat,

2032 5193 2215 5246 animo
2238 5188 2527 5244 confestim
2557 5187 2778 5256 rejecta,
2813 5185 3003 5241 Simon
3053 5187 3108 5239 in
3159 5201 3254 5240 eos
3295 5184 3602 5240 debacchao

2028 5292 2140 5345 tus,
2199 5295 2421 5336 rursum
2469 5279 2698 5348 magicis
2760 5279 2993 5341 artibus,
3045 5277 3430 5346 erroribusque
3483 5275 3598 5330 suis

2035 5370 2356 5445 spargendis
2384 5384 2449 5425 eo
2477 5369 2925 5439 perniciosiorem
2955 5369 3103 5423 dedit
3130 5382 3374 5438 operam,
3406 5382 3516 5437 quo
3535 5382 3596 5420 ea

434 5577 722 5649 l_Pr:efat._
747 5578 844 5632 lib.
883 5578 910 5629 ι’
944 5575 1144 5632 "reret.
1192 5577 1326 5632 Fab.
1401 5577 1569 5649 ’_Lib.
1608 5580 1856 5634 tadvers.
1891 5579 2095 5639 IIreres.
2141 5596 2262 5649 cap.
2302 5577 2393 5634 20.
2434 5577 2490 5649 λ’
2529 5574 2672 5629 Hist.
2703 5575 2876 5649 lib._n
2899 5589 3020 5642 cap.
3069 5573 3156 5627 l3.
3232 5572 3253 5604 ⁸
3286 5568 3585 5649 Herem}!

359 5647 613 5730 {Harpen
679 5647 813 5703 Fab.
857 5649 949 5703 lib.
1014 5663 1052 5714 I,
1084 5663 1204 5719 cap.
1244 5649 1292 5706 1.

360 5727 442 5776 cis
487 5727 635 5774 citat.

1368 5647 1530 5706 ‘l.ih.
1559 5666 1596 5705 ιι
1633 5653 1774 5707 Hist.
1815 5666 1937 5721 cap.
1963 5653 2050 5706 14.

2126 5653 2143 5684 ⁷
2178 5642 2295 5706 [ἰὼ.
2329 5663 2402 5705 vn
2423 5646 2677 5704 Stromat.
2754 5647 2910 5702 Ἀρι.
2938 5661 3056 5712 vin,
3076 5659 3128 5698 Ix
3159 5651 3212 5699 et
3243 5659 3358 5714 seq.
3453 5642 3474 5674 '
3495 5642 3595 5696 Lo-
