3936 6172
293 313 363 368 13
1188 319 1386 375 ῬΗΙΜΙ
1426 320 1780 376 ECCLESIE
1823 319 2093 377 SECULI
2137 322 2652 383 SCRIPTORIBUS.
3490 340 3554 393 lt

286 425 478 480 omnia
503 425 627 480 ﬁcta
654 424 951 484 Christiani
987 431 1226 488 nominis
1254 433 1436 504 specie
1463 433 1724 488 audacius
1757 449 1879 487 vcn-
1913 439 1958 494 Α
1985 438 2296 502 periculum,
2333 440 2470 509 quod
2507 439 2800 498 Christiani
2850 445 3172 504 docebantur
3202 462 3552 524 contemnere,

291 518 521 573 ditabat.

360 606 467 674 Qui
497 614 679 664 autem
703 609 905 666 fuerint
930 610 1172 671 Simonis
1199 631 1417 671 errores
1463 617 1530 672 ab
1561 618 1880 688 antiquissi-

289 699 394 755 mis
421 698 680 756 Patribus
712 702 913 759 disces.
966 704 1209 761 Primum
1260 709 1406 762 enim
1449 724 1516 764 ex
1551 707 1879 765 Theodoreti

285 799 415 860 post
432 790 691 847 Irenaeum
715 795 1032 852 testimonio
1057 798 1100 829 ιο
1127 818 1140 854 :
1164 799 1358 854 Docuit
1383 802 1718 870 semetipsum
1743 819 1876 867 esse,

294 882 397 952 qui
430 883 569 937 inter
593 882 814 940 Judteos
839 887 1070 956 quidem,
1100 890 1254 959 quasi
1301 888 1478 944 Filius
1532 893 1874 960 apparuerit;

285 973 344 1024 in
373 971 632 1027 Samaria
657 984 834 1029 autem
851 1015 870 1044 ,
894 979 1050 1048 quasi
1075 978 1238 1033 Pater
1265 980 1612 1046 descenderit,
1641 991 1691 1036 et
1715 983 1768 1036 in
1801 999 1877 1035 re-

285 1060 451 1132 liquis
468 1079 589 1116 vero
614 1064 878 1133 gentibus,
917 1068 1073 1136 quasi
1101 1066 1337 1132 Spiritus
1365 1079 1588 1122 sanctus
1610 1107 1626 1133 ,
1675 1068 1870 1123 adven-

281 1155 439 1208 sarit.
494 1153 684 1226 Neque
712 1156 799 1212 his
840 1166 1109 1228 repugnat
1142 1159 1198 1213 in
1234 1173 1375 1214 nova
1403 1160 1644 1215 editione
1686 1175 1873 1216 emen-

278 1246 414 1300 data
441 1247 732 1319 Augustini
768 1251 1017 1305 narratio
1049 1251 1114 1306 ¹¹.

358 1340 618 1397 Secundo
652 1343 817 1398 iidem
858 1343 1072 1407 Patres,
1100 1361 1200 1401 nec
1223 1362 1333 1402 non
1361 1346 1713 1414 Philastrius,
1752 1357 1866 1402 tra-

277 1429 424 1486 dunt
474 1430 750 1487 Simonem
802 1433 907 1488 sibi
935 1436 1229 1504 copulasse
1276 1436 1534 1492 Helenam
1581 1454 1678 1494 seu
1726 1437 1867 1494 Sile-

279 1538 410 1577 nem
444 1542 459 1579 :
493 1523 625 1590 Quae
667 1526 826 1581 initio
860 1527 1094 1596 quidem,
1130 1529 1295 1584 verba
1343 1540 1472 1584 sunt
1527 1530 1749 1586 Eusebii
1783 1532 1862 1595 ".,

281 1613 427 1682 apud
484 1615 684 1687 Tyrum
745 1618 927 1674 urbem
986 1619 1258 1675 Phoenices
1321 1621 1532 1690 publice
1589 1622 1645 1673 in
1705 1622 1865 1689 lupa-

279 1706 405 1759 nari
458 1709 784 1775 prostiterat.
824 1709 970 1766 Idem
1003 1711 1213 1778 Simon,
1247 1719 1386 1768 teste
1431 1712 1657 1777 lrenaeo,
1713 1714 1863 1768 dice-

276 1799 374 1854 bat
413 1819 428 1854 :
459 1799 614 1854 Hanc
645 1818 770 1856 esse
793 1804 1022 1871 primam
1066 1807 1255 1859 mentis
1291 1806 1404 1874 ejus
1436 1806 1816 1874 conceptionem
1842 1845 1856 1870 ,

277 1899 506 1943 matrem
557 1893 816 1960 omnium,
849 1909 943 1963 per
990 1912 1149 1966 quam
1176 1897 1331 1950 initio
1367 1899 1599 1966 concepit
1650 1897 1861 1968 angelos

276 1978 456 2045 facem
481 1990 530 2033 et
567 1981 1026 2052 archangelos.....
1087 2000 1122 2037 a
1169 1982 1358 2053 quibus
1386 1993 1435 2037 et
1464 1984 1716 2038 mundum
1745 1984 1862 2052 fac-

273 2080 392 2124 tum
417 2088 530 2126 esse
552 2072 708 2127 dixit.
740 2073 904 2128 Addit
936 2074 1273 2145 Epiphanius
1299 2094 1312 2131 :
1347 2075 1416 2131 Se
1449 2094 1712 2131 summam
1750 2094 1860 2132 esse

277 2160 381 2215 Dei
409 2163 533 2230 vim,
564 2173 796 2217 scortum
827 2181 944 2219 vero
970 2182 1125 2220 suum
1160 2165 1422 2234 Spiritum
1453 2183 1564 2222 esse
1615 2178 1860 2222 sanctum

280 2254 548 2322 inﬁrmare
579 2273 742 2310 ausus
767 2267 845 2310 est
874 2271 894 2319 ,°
935 2264 1100 2326 atque
1127 2271 1249 2311 eam
1289 2258 1466 2328 ipsam
1493 2274 1615 2314 esse
1641 2269 1854 2328 propter

275 2363 437 2412 quam
460 2387 475 2410 ,
525 2355 582 2401 ut
613 2348 854 2418 loquitur
879 2347 1146 2416 lrenaaus,
1182 2349 1476 2415 Troianum
1527 2361 1858 2405 contractum

274 2450 355 2492 est
385 2437 602 2495 bellum.
639 2440 776 2496 Hinc
823 2441 1085 2497 ridiculas
1136 2441 1422 2512 anilesque
1453 2444 1668 2500 fabulas
1698 2460 1853 2500 com-

276 2538 520 2596 mentus,
550 2532 902 2587 asseverabat
953 2546 1086 2587 eos:
1135 2532 1239 2600 Qui
1278 2535 1335 2588 in
1362 2551 1480 2589 eum
1523 2545 1572 2589 et
1602 2536 1662 2588 in
1697 2536 1858 2592 Hele-

274 2637 401 2673 nam
433 2638 573 2691 spem
601 2622 929 2679 habebant...
964 2625 1250 2681 secundum
1275 2627 1446 2696 ipsius
1477 2629 1704 2697 gratiam
1751 2631 1856 2684 sal-

272 2713 391 2766 vari
420 2723 468 2766 et
492 2731 595 2767 non
617 2716 901 2770 secundum
929 2732 1112 2785 operas
1129 2717 1331 2786 justas.
1363 2717 1521 2784 Quod
1547 2727 1701 2774 certe
1735 2734 1854 2773 sec-

274 2804 551 2860 tatoribus
585 2807 701 2862 suis
729 2807 811 2862 sic
840 2808 930 2863 ille
956 2809 1173 2864 tandem
1201 2817 1554 2879 persuaserat
1578 2851 1593 2874 ,
1627 2817 1686 2865 ut
1715 2811 1852 2864 ima-

270 2895 456 2964 ginem
475 2898 593 2966 ejus
623 2898 688 2953 ad
708 2898 932 2969 ﬁguram
949 2898 1121 2966 iovis,
1148 2899 1362 2957 Helena
1385 2916 1515 2958 vero
1540 2901 1607 2956 ad
1627 2900 1852 2974 ﬁguram

276 2985 538 3041 Minervae
594 2988 751 3056 proni
791 2998 1202 3058 venerarentur,
1234 2992 1454 3047 easdem
1505 2992 1849 3058 sufﬁmentis,

271 3080 569 3135 sacriﬁciis
590 3096 655 3135 ac
677 3082 1033 3138 libationibus
1055 3085 1236 3140 colere
1260 3100 1370 3139 non
1401 3096 1671 3142 verentes.

347 3171 540 3225 Simon
584 3182 866 3241 praeterea,
927 3182 1152 3230 auctore
1213 3175 1567 3245 Epiphanio:
1615 3176 1853 3234 Nomina

272 3261 522 3330 qua'dam
569 3264 959 3333 principatuum
999 3276 1047 3319 et
1073 3275 1392 3335 potestatum
1419 3281 1741 3326 commentus
1777 3282 1854 3326 est

268 3355 607 3424 celestesque
631 3356 814 3426 globos
859 3359 1126 3414 varios....
1161 3369 1400 3414 nostrum
1427 3377 1586 3430 porro
1614 3363 1710 3417 hoc
1759 3381 1856 3418 sa:-

266 3445 453 3498 culum
481 3446 546 3500 ab
577 3449 822 3517 nequitia:
873 3451 1255 3518 principatibus
1282 3461 1333 3506 et
1363 3454 1709 3522 potestatibus
1735 3472 1854 3508 cum

266 3535 477 3604 defectu
493 3538 788 3592 conditum.
817 3536 887 3594 Se
907 3556 1058 3607 vero,
1078 3551 1136 3596 ut
1163 3543 1437 3599 subnectit
1457 3543 1715 3612 lrenaeus,
1734 3563 1853 3600 cum

267 3627 570 3682 hominibus
599 3639 963 3684 conversatum
1007 3631 1202 3699 aiebat,
1225 3649 1352 3686 cum
1381 3651 1485 3688 non
1512 3645 1645 3690 esset
1669 3635 1849 3700 homo;

264 3729 317 3774 et
341 3736 563 3787 passum
582 3761 598 3784 ,
623 3738 742 3775 cum
773 3737 875 3777 non
908 3733 1042 3777 esset
1065 3741 1272 3793 passus.

342 3810 583 3867 Docebat
612 3814 838 3885 insuper
865 3835 878 3870 :
909 3815 1098 3887 Legem
1131 3817 1333 3889 Moysis
1364 3838 1467 3875 non
1498 3839 1531 3874 a
1560 3821 1690 3886 Deo,
1744 3824 1850 3876 uti-

269 3918 400 3957 mur
429 3902 719 3974 Epiphanii
751 3907 955 3971 verbis,
987 3908 1078 3962 sed
1109 3927 1141 3962 a
1165 3911 1386 3964 sinistra
1430 3911 1662 3981 quadam
1701 3914 1850 3968 intel-

267 3993 491 4064 ligentia
513 3995 844 4065 profectam;
871 3999 954 4052 uti
972 4016 1131 4070 neque
1156 4001 1450 4071 prophetas
1479 4019 1509 4056 a
1535 4004 1679 4059 bono
1709 4004 1841 4069 Deo,

267 4085 368 4140 sed
417 4085 487 4140 ab
549 4088 654 4141 alia
706 4097 868 4158 atque
922 4089 1033 4143 alia
1095 4090 1454 4162 intelligentia
1509 4105 1845 4162 comparatos

267 4175 509 4241 fuisse...
548 4175 769 4248 denique
795 4179 1034 4250 quisquis
1093 4180 1266 4236 Veteri
1314 4182 1650 4240 Testamento
1683 4186 1840 4255 ﬁdem

265 4263 529 4330 adhibet,
561 4266 830 4322 incurrere
857 4280 1075 4324 mortem
1122 4279 1410 4328 asseverat.
1458 4271 1843 4330 Resurrectio-

269 4372 396 4411 nem
434 4373 566 4412 vero
595 4369 965 4427 mortuorum,
1006 4365 1084 4417 uti
1119 4363 1359 4419 refertur
1387 4367 1531 4436 apud
1582 4369 1846 4438 Augusti-

1981 527 2158 584 dicens
2193 531 2574 600 indi/ferentem
2617 550 2724 588 rem
2750 552 2860 590 esse
2887 538 3268 600 idololatriam.
3303 543 3420 599 Ima
3466 565 3558 601 nec

1982 620 2097 673 ulla
2146 625 2437 689 persecutio
2485 635 2670 680 contra
2725 626 3066 686 Simonianos
3101 650 3332 704 unquam
3368 650 3556 694 exorta

1980 705 2468 770 est.Tertullianus
2502 717 2544 748 "
2583 717 2818 789 denique
2862 727 3122 776 testatum
3154 723 3286 780 facit
3316 725 3556 786 Simonis

1980 808 2281 858 sectatores
2319 807 2610 874 quemdam
2647 810 2864 880 angelis
2894 813 3125 876 cultum,
3168 820 3556 886 superstitione

1977 896 2032 943 et
2055 889 2372 947 idololatria
2403 894 2666 950 infectum
2697 899 3016 957 exhibuisse
3052 921 3066 956 :
3094 902 3422 962 Simoniame
3456 929 3552 964 au-

1977 989 2078 1033 tem
2106 984 2292 1052 magia:
2317 984 2619 1054 disciplina,
2645 988 2846 1059 inquit,
2873 994 3070 1062 angelis
3093 998 3345 1065 serviens,
3376 1002 3553 1071 utique

1973 1079 2022 1122 et
2052 1071 2167 1138 ipsa
2216 1074 2354 1126 inter
2398 1076 2737 1131 idololatrias
2784 1081 3174 1149 deputabatur,
3223 1097 3272 1141 et
3310 1107 3343 1142 a
3393 1091 3550 1145 Petro

1973 1163 2211 1229 apostolo
2269 1165 2324 1218 in
2374 1166 2487 1234 ipso
2541 1166 2756 1223 Simone
2786 1171 3166 1230 damnabatur.
3206 1176 3342 1233 Illud
3369 1188 3548 1237 tamen

1971 1253 2338 1321 Tcrtulliano,
2373 1258 2419 1313 si
2477 1259 2592 1314 haec
2633 1276 2782 1326 vera,
2817 1264 2894 1317 uti
2941 1266 3200 1332 refertur,
3244 1270 3406 1326 fuerit
3431 1275 3551 1344 ejus

1969 1361 2125 1402 mens
2154 1354 2207 1401 et
2236 1350 2530 1414 sententia,
2575 1352 2876 1414 adversari
2908 1356 3143 1426 videtur,
3172 1362 3317 1430 quod
3361 1362 3548 1422 Simon

1967 1435 2085 1506 ipse
2127 1437 2413 1506 jactitabat
2468 1455 2527 1495 se
2586 1444 2810 1513 angelos
2839 1461 3094 1508 creasse:
3141 1468 3313 1523 seque
3343 1472 3373 1511 e
3407 1461 3548 1514 coelo

1967 1529 2250 1599 delapsum
2293 1551 2304 1584 :
2354 1530 2423 1584 Ut
2477 1535 2714 1604 angelos,
2763 1555 2884 1592 cum
2949 1543 3087 1597 male
3148 1546 3547 1605 moderarentur

1967 1620 2252 1686 mundum,
2281 1626 2585 1693 corriperet.
2636 1627 2742 1684 Sed
2771 1632 2904 1685 nulli
2940 1635 3138 1690 mirum
3181 1653 3305 1694 esse
3345 1640 3504 1696 debet
3527 1684 3542 1705 ,

1966 1711 2014 1767 si
2045 1713 2295 1770 homines
2325 1730 2356 1770 a
2386 1719 2634 1775 veritatis
2657 1721 2745 1776 via
2794 1739 3056 1796 perquam
3083 1728 3399 1800 longissime
3439 1735 3534 1788 ab-

1965 1812 2235 1872 errantes,
2269 1822 2454 1863 secum
2501 1811 2604 1880 ipsi
2645 1813 2942 1883 aliquando
2971 1829 3234 1889 pugnent,
3265 1831 3320 1878 et
3363 1825 3543 1896 inepte

1964 1900 2154 1948 contra
2207 1910 2267 1950 se
2327 1895 2532 1952 dicant.
2578 1898 2644 1953 Et
2691 1917 2752 1957 re
2785 1903 3005 1973 quidem
3043 1923 3171 1962 vera
3202 1895 3541 1982 Epiphanius

1966 1984 2241 2044 Simonem
2270 1989 2394 2044 ideo
2426 1993 2677 2063 castigat,
2730 1996 2876 2066 quod
2926 1997 2996 2054 de
3044 2003 3251 2072 angelis
3294 2007 3538 2074 quaedam

1963 2095 2148 2135 secum
2190 2083 2492 2153 pugnantia
2538 2087 2827 2142 tradiderit
2862 2109 2874 2142 :
2913 2090 3371 2156 Quemadmodum
3420 2115 3539 2155 vero

1961 2187 2220 2241 nugarum
2263 2190 2484 2228 suarum
2515 2176 2710 2232 oblitus
2749 2181 3026 2249 impostor,
3059 2187 3396 2244 veluteorum
3422 2210 3540 2263 quia

1961 2273 2118 2317 antea
2172 2265 2488 2332 tradiderat,
2555 2269 2794 2339 ignarus,
2840 2290 2894 2327 se
2923 2275 3093 2343 ipsum
3143 2280 3358 2348 refellit.
3394 2282 3538 2338 Nam

1961 2370 2080 2406 cum
2123 2355 2350 2413 disisset
2388 2361 2602 2429 angelos
2633 2379 2666 2415 a
2716 2380 2770 2418 se
2821 2380 2911 2433 per
2950 2368 3351 2441 intelligentiam
3384 2392 3538 2430 suam

1957 2458 2256 2512 procreatos
2281 2465 2393 2503 esse
2413 2490 2428 2514 ,
2476 2451 2697 2521 subjecit
2745 2464 2946 2522 postea,
2979 2469 3037 2512 ut
3077 2461 3282 2517 eosdem
3312 2466 3432 2521 illos
3464 2469 3540 2522 la-

1961 2547 2064 2593 tere
2109 2539 2467 2596 descendendo
2495 2554 2691 2612 posset,
2724 2547 2953 2617 ﬁguram
2986 2551 3041 2603 in
3075 2568 3380 2625 unoquoque
3410 2561 3536 2613 coelo

1959 2642 2213 2688 mutasse.
2251 2632 2426 2705 Igitur
2449 2636 2648 2691 latebat
2677 2639 2817 2705 ideo,
2846 2641 2984 2712 quod
3003 2659 3093 2698 eos
3123 2655 3396 2703 metueret.
3438 2650 3536 2702 At-

1956 2724 2197 2794 quiquid
2234 2742 2344 2790 eos,
2394 2744 2524 2796 quos
2552 2730 2660 2797 ipse
2713 2732 3045 2798 condiderat,
3098 2739 3312 2807 angelos
3375 2741 3537 2809 impo-

1956 2827 2068 2868 stor
2097 2817 2190 2870 ille
2213 2818 2515 2874 metuebat?

2031 2905 2224 2964 Simon
2261 2925 2478 2966 errores
2509 2927 2639 2968 suos
2669 2914 2966 2983 publicavit
3002 2919 3237 2988 primum
3271 2919 3536 2979 Samaria:

1955 3015 2019 3056 ac
2042 3002 2096 3056 in
2119 3000 2328 3067 Judtea,
2360 3005 2557 3061 deinde
2581 3007 2703 3062 aliis
2731 3008 2783 3061 in
2810 3009 2966 3074 locis,
2997 3011 3213 3081 Oppidis
3241 3021 3296 3068 et
3322 3017 3519 3070 civita-

1957 3091 2103 3146 tibus
2123 3134 2137 3159 ,
2174 3107 2238 3147 ac
2262 3094 2482 3148 tandem
2511 3094 2732 3161 Eoum;
2795 3115 2902 3168 qua
2932 3101 2986 3154 in
3021 3102 3155 3157 urbe
3186 3104 3400 3159 animos
3429 3106 3532 3159 hoc

1957 3184 2168 3239 minum
2191 3184 2267 3240 ita
2299 3186 2404 3242 sibi
2429 3187 2701 3256 devinxit,
2735 3198 2793 3245 ut
2835 3192 2938 3261 ipsi
2979 3201 3237 3264 tauquam
3273 3212 3532 3268 supremo

1959 3274 2068 3331 Deo
2115 3277 2315 3333 summi
2365 3278 2702 3336 adorationis
2763 3282 2999 3339 honores
3059 3283 3260 3341 fuerint
3305 3287 3529 3353 decreti,

1955 3373 2010 3418 et
2062 3364 2293 3422 Claudio
2342 3368 2668 3439 imperante,
2726 3379 2901 3426 statua
2935 3373 3108 3428 eidem
3140 3387 3320 3430 erecta
3357 3380 3412 3430 in
3448 3380 3530 3431 in-

1955 3456 2074 3509 sula
2094 3456 2342 3512 Tiberina
2367 3461 2502 3514 inter
2523 3459 2662 3515 duos
2683 3472 2884 3530 pontes,
2904 3481 3018 3517 cum
3041 3466 3138 3519 hac
3161 3469 3492 3537 inscriptione
3507 3486 3527 3524 :

1956 3547 2162 3603 Simoni
2219 3549 2330 3603 Deo
2387 3550 2608 3607 Sancto.
2664 3552 2903 3608 Narrant
2956 3564 3134 3612 tamen
3190 3565 3528 3617 recentiores

1953 3638 2175 3708 quidam
2203 3640 2502 3711 scriptores
2560 3643 2603 3674 ”
2659 3646 2977 3715 pontiﬁcatu
3025 3646 3274 3718 Gregorii
3330 3651 3529 3706 decimi

1954 3731 2100 3786 tertii
2140 3731 2416 3788 inventam
2470 3734 2701 3805 hujusce
2751 3744 2946 3793 statuta
2984 3739 3158 3796 basim
3209 3741 3475 3812 lapideam
3507 3784 3524 3808 ,

1953 3823 2039 3876 cui
2071 3823 2185 3878 haec
2224 3824 2512 3895 inscriptio
2548 3826 2719 3883 incisa
2748 3836 2870 3882 erat
2901 3847 2913 3884 :
2940 3830 3153 3887 Semoni
3179 3826 3358 3887 Sanco
3414 3833 3524 3889 Deo

1955 3909 2110 3966 Fidio
2141 3930 2374 3978 sacrum,
2427 3916 2481 3970 id
2532 3923 2618 3971 est
2669 3924 2728 3971 ut
2758 3918 2861 3987 ipsi
2906 3918 3059 3972 aiunt
3092 3937 3107 3973 :
3139 3917 3381 3982 Herculi,
3415 3937 3523 3975 non

1954 4001 2181 4059 Simoni.
2217 4003 2348 4060 lnde
2393 4014 2574 4061 autem
2632 4007 2966 4062 concludunt
3006 4006 3305 4075 Iustinum,
3335 4014 3526 4081 primi-

1949 4093 2171 4162 genium
2195 4095 2402 4149 erroris
2433 4094 2580 4151 illius
2609 4095 2836 4159 fontem,
2868 4097 2937 4151 ob
2966 4096 3170 4154 Latinae
3192 4100 3387 4171 lingua:
3421 4102 3525 4155 im~

1955 4183 2206 4252 peritiam
2234 4199 2264 4238 a
2293 4182 2631 4241 Simonianis
2668 4187 2976 4257 deceptum,
3029 4189 3324 4247 tradidisse
3382 4193 3522 4247 hanc

1949 4276 2121 4331 fuisse
2151 4271 2392 4330 Simonis
2415 4273 2553 4344 Magi
2579 4282 2838 4330 statuam.
2879 4273 2984 4330 Sed
3017 4278 3381 4347 scriptoribus
3412 4281 3521 4335 illis

1947 4367 2169 4422 omnino
2197 4364 2536 4436 probandum
2567 4374 2686 4421 erat
2709 4367 2884 4422 basim
2918 4368 3089 4434 illam,
3118 4384 3239 4440 qum
3269 4369 3355 4426 his
3384 4379 3520 4425 tem-

265 4463 404 4501 num
434 4489 449 4512 ,
475 4453 806 4521 pernegabat
832 4493 847 4517 ,
879 4454 1206 4526 sinebatque
1245 4456 1618 4514 indifferenter
1643 4460 1720 4514 uti
1759 4459 1840 4516 fe.
1875 4453 1920 4509 D
1946 4457 2174 4528 poribus
2199 4456 2406 4512 ultimis
2438 4457 2660 4511 inventa
2687 4465 2794 4523 est,
2828 4459 3077 4514 eamdem
3104 4459 3276 4530 ipsam
3308 4460 3477 4516 fuisse
3501 4506 3516 4529 ,

267 4539 456 4593 minis.
493 4539 588 4597 His
615 4543 754 4597 alias
791 4544 928 4614 ipse,
953 4551 1007 4599 et
1032 4543 1292 4616 discipuli
1323 4547 1444 4617 ejus
1471 4549 1844 4619 adjungebant

261 4629 659 4696 obscenitates,
717 4636 1200 4707 turpitudinesque
1236 4646 1449 4694 aeterno
1494 4638 1839 4696 damnandas

263 4718 507 4775 silentio.
553 4719 678 4777 illas
710 4731 891 4780 tamen
916 4724 1185 4782 Eusebius
1209 4727 1252 4759 ¹³
1271 4728 1358 4783 his
1382 4730 1595 4798 paucis,
1627 4745 1730 4786 nec
1758 4731 1844 4785 in-

267 4807 543 4877 honestis,
568 4814 751 4869 verbis
780 4818 1229 4885 comprehendit:
1255 4817 1410 4873 Nihil
1441 4829 1549 4874 tam
1571 4823 1842 4890 impurum

262 4910 360 4954 aut
395 4919 510 4957 esse
538 4915 631 4958 aut
652 4906 946 4977 excogitari
985 4921 1178 4978 potest,
1231 4909 1372 4981 quod
1415 4912 1843 4983 ﬂagitiosissima

263 4993 506 5059 illorum,
542 4993 785 5055 Simonis
808 4998 1209 5070 discipulorum
1233 5041 1250 5068 ,
1285 5012 1428 5057 secta
1465 5003 1618 5074 longo
1677 5005 1842 5058 inter-

263 5087 410 5140 uallo
458 5104 564 5143 non
605 5099 834 5158 superet,
875 5091 1004 5145 dum
1033 5095 1240 5149 miseris
1288 5105 1443 5165 atque
1478 5097 1620 5150 omni
1652 5098 1845 5152 scelere

256 5181 521 5249 conpertis
553 5182 861 5238 mulieribus
891 5183 1145 5242 illudunt.

333 5272 560 5344 Origeni
594 5274 638 5305 “
665 5275 713 5328 si
747 5275 1072 5338 credideris.
1116 5276 1303 5332 Simon
1338 5297 1351 5333 :
1385 5278 1501 5345 Quo
1524 5279 1704 5348 plures
1739 5282 1841 5336 sibi

257 5376 478 5435 pararet
512 5365 826 5436 discipulos,
857 5368 1077 5423 sustulit
1105 5369 1170 5424 de
1213 5387 1310 5424 sua
1354 5370 1598 5425 doctrina
1646 5375 1833 5430 mortis

333 5593 379 5625 ¹⁶
415 5593 547 5668 Loc.
571 5597 665 5652 cit.
698 5667 701 5668 ν
767 5595 809 5668 ξ’
836 5595 964 5668 Lib.
1000 5597 1064 5652 de
1118 5601 1247 5655 liter.
1279 5612 1397 5668 cap.
1444 5598 1495 5652 l.

1947 4551 2162 4620 ipsrque
2197 4548 2596 4617 superpositam
2624 4556 2859 4603 statuam
2894 4551 3064 4614 illam,
3104 4550 3174 4606 de
3200 4567 3306 4622 qua
3346 4551 3519 4607 Justi-

1947 4655 2053 4695 nus
2087 4637 2289 4707 aliique
2335 4636 2529 4694 Patres
2576 4639 2949 4710 antiquissimi
3002 4643 3336 4698 mentionem
3386 4646 3514 4699 olim

1949 4732 2217 4787 iecerunt.
3121 4721 3132 4728 ’

2016 4820 2149 4876 Utut
2179 4825 2273 4886 sit,
2306 4821 2514 4894 primus
2548 4820 2637 4875 ille
2664 4820 3152 4876 heresiarcharum
3182 4838 3381 4893 parens
3427 4824 3516 4877 Si-

1958 4928 2083 4966 mon
2117 4911 2327 4981 Magus,
2359 4926 2387 4964 a
2418 4911 2594 4980 primo
2624 4911 2999 4980 apostolorum
3029 4913 3299 4983 principe,
3335 4912 3512 4968 Simo-

1947 5021 2016 5059 ne
2044 5003 2226 5068 Petro,
2259 5003 2570 5075 perculsus,
2603 5003 2781 5058 victus
2822 5011 3242 5076 prostratusque
3271 5016 3356 5063 est
3387 5027 3402 5062 :
3448 5008 3514 5061 In

1941 5095 2158 5159 Judaza,
2223 5095 2397 5164 inquit
2430 5092 2697 5150 Eusebius
2729 5095 2804 5161 ",
2837 5113 2868 5148 a
2914 5095 3075 5150 Petro
3117 5099 3358 5167 apostolo
3394 5115 3514 5153 con-

1940 5190 2105 5244 victus
2133 5197 2234 5250 est,
2275 5186 2550 5258 omniaque
2576 5187 2689 5257 ejus
2742 5187 3006 5257 maleﬁcia
3045 5188 3312 5257 patefacta
3335 5227 3353 5253 ,
3395 5190 3510 5243 lon-

1939 5281 2153 5352 gissime
2183 5288 2332 5332 trans
2361 5296 2506 5333 mare
2525 5280 2708 5350 fugam
2735 5281 2981 5348 arripuit.
3005 5279 3163 5336 Hunc
3190 5288 3370 5335 autem
3401 5279 3511 5334 Ro.

1946 5387 2090 5428 mam
2125 5369 2416 5440 fugientem
2451 5372 2729 5441 apostolus
2759 5371 3064 5434 insecutus,
3107 5370 3306 5425 ibidem
3354 5371 3508 5425 illum

1599 5599 1641 5629 "
1677 5597 1794 5656 Lib.
1834 5613 1848 5651 l

1962 5599 2045 5652 ist.
2080 5611 2200 5666 cap.
2237 5597 2322 5652 15.
2403 5597 2445 5629 ¹³
2473 5595 2665 5666 Libuit
2701 5597 2843 5650 Hist.
2893 5611 3013 5666 cap.
3046 5596 3134 5666 ιδ.
3215 5594 3258 5626 ⁸⁸
3306 5593 3422 5650 Lib.
3451 5610 3505 5648 vl

255 5677 402 5739 cont.
455 5665 628 5739 Cels.”
673 5667 715 5698 “
761 5667 875 5722 Lib.
930 5667 992 5739 de
1030 5663 1505 5739 prwscriptfcap.
1540 5669 1632 5725 33.
1713 5668 1972 5727 “Justin.
2007 5663 2164 5738 Apol.
2202 5667 2252 5736 l,
2290 5684 2347 5724 n.
2385 5667 2477 5735 26,
2513 5675 2565 5723 et
2593 5664 2791 5725 Euseb.
2827 5667 2921 5723 lib.
2962 5663 3002 5724 ii
3038 5663 3173 5722 Hist.
3236 5680 3356 5736 cap.
3413 5666 3500 5724 t5.

257 5735 301 5768 "
331 5735 451 5792 Lib.
482 5750 524 5790 tl
558 5735 700 5791 Hist.
734 5752 856 5809 cap.
895 5737 978 5793 li.
