3936 6172
303 282 372 337 η.
1486 276 1573 330 DE
1606 274 1917 331 OMNIBUS
1951 274 2350 332 GENERATIM
3478 286 3547 341 £6

307 410 635 466 omnemque
686 394 807 465 ejus
843 393 1141 466 potentiam
1198 392 1399 448 delevit
1452 400 1507 448 et
1566 393 1830 448 exstinxit
1861 410 1875 448 :
1908 401 1953 459 Α
1981 394 2204 459 cultum,
2256 409 2409 463 quem
2440 393 2665 463 abjicere
2692 396 2790 449 visi
2822 395 3055 466 fuerant,
3096 396 3339 467 deinceps
3361 398 3555 455 nihile-

302 483 436 541 Cum
458 484 555 539 Dei
585 483 851 547 doctrina,
882 479 1233 553 prosequitur
1271 478 1561 541 Eusebius,
1614 476 1877 532 Romanos

300 578 525 633 adventu
541 593 637 631 suo
648 576 992 639 illustrasset,
1013 572 1247 629 Simonis
1258 571 1465 641 quidem
1483 572 1559 626 vis
1575 581 1622 625 et
1643 572 1879 641 potentia

298 685 418 722 cum
437 683 551 737 ipso
566 665 729 720 simul
746 675 961 719 auctore
980 663 1119 718 brevi
1134 664 1395 718 exstincta
1415 671 1571 733 atque
1584 662 1757 715 deleta
1772 670 1872 715 est.

299 762 479 830 Atque
519 766 579 814 ut
605 756 895 829 Augustini
913 756 1099 811 verbis
1152 762 1371 809 utamur
1407 755 1450 788 "
1480 772 1493 809 :
1520 752 1586 807 In
1616 769 1721 825 qua
1747 752 1874 806 urbe

299 851 569 921 apostolus
600 848 795 903 Petrus
835 863 957 901 eum
1013 862 1136 900 vera
1180 846 1370 900 virtute
1391 844 1490 899 Dei
1509 845 1874 914 omnipotentis

296 945 568 1000 exstinxit.
586 941 846 1009 Quamvis
861 946 1044 995 autem
1070 939 1162 995 ille
1190 938 1271 994 sic
1293 937 1491 993 luisset
1513 937 1583 992 ab
1612 935 1873 1008 Apostolo

295 1037 531 1093 obtritus
578 1044 740 1106 atque
789 1047 1121 1104 oppressus,
1176 1032 1363 1102 plures
1418 1037 1601 1085 tamen
1656 1029 1875 1099 reliquit

295 1143 547 1184 errorum
578 1128 959 1197 scelerumque
983 1140 1209 1181 suorum
1236 1138 1610 1179 successores.
1640 1120 1777 1176 Nam
1804 1137 1872 1177 ex

295 1226 400 1276 hac
429 1218 776 1274 amarissima
805 1216 1013 1281 radice,
1057 1214 1105 1270 si
1133 1214 1537 1271 Theodoretum
1571 1214 1764 1269 audias
1804 1214 1869 1279 ",

296 1314 399 1367 orti
429 1321 549 1366 sunt
598 1308 874 1371 Cleodani,
926 1306 1258 1371 Dositheani,
1324 1303 1595 1369 Cortheni,
1646 1302 1872 1359 Musbo-

297 1404 420 1467 thei,
443 1391 790 1464 Adrianistaz,
824 1397 1153 1469 Eutychette,
1180 1396 1267 1451 vel
1292 1403 1353 1450 ut
1372 1394 1515 1465 apud
1537 1394 1869 1449 Clementem

298 1493 729 1550 Alexandrinum
757 1491 845 1559 ’°;
893 1489 1210 1561 Eutychitae,
1241 1485 1499 1542 Cainistce
1539 1486 1608 1541 ".
1679 1484 1870 1539 Verum

295 1588 568 1654 hi.omnes,
609 1601 727 1641 cum
756 1584 931 1654 impia:
957 1582 1169 1637 haeresis
1198 1596 1390 1650 pravas
1420 1577 1680 1650 quasdam
1697 1585 1871 1630 muta-

297 1684 459 1737 tiones
489 1681 891 1750 excogitassent,
914 1693 1018 1731 non
1044 1676 1137 1729 diu
1163 1674 1449 1739 durarunt,
1494 1671 1583 1727 sed
1611 1678 1871 1741 perpetua:

1980 487 2155 540 minus
2180 485 2511 541 relabuntur.
2537 486 2840 543 Exstabant
2876 504 3007 560 ergo
3049 488 3273 545 Eusebii
3309 498 3557 563 tempore

1978 578 2202 650 quidam
2232 578 2457 634 haeresis
2489 577 2820 636 Simonianae
2850 580 3115 638 lautores.
3145 583 3215 638 At
3260 594 3387 639 eum
3439 585 3555 656 ple-

1978 685 2199 739 rosque,
2232 670 2453 725 retectis
2480 685 2672 725 eorum
2704 670 3015 735 fraudibus,
3051 688 3119 728 ex
3159 673 3405 729 Ecclesia
3442 673 3557 742 eje-

1975 770 2095 817 ctos
2116 776 2241 818 esse
2271 762 2412 817 idem
2446 762 2719 820 Eusebius
2751 763 3098 829 testiﬁcetur,
3128 764 3181 819 id
3214 773 3365 821 certe
3409 766 3556 820 indi-

1974 855 2061 908 cio
2086 860 2172 908 est
2201 868 2303 908 nec
2333 854 2503 910 dubio
2531 870 2633 910 nec
2656 856 2919 919 obscuro,
2946 870 3042 912 eos
3075 865 3191 909 tum
3222 871 3428 925 paucos
3459 856 3553 911 add

1974 944 2196 1001 modum
2242 944 2435 1014 fuisse,
2464 954 2519 1002 et
2548 948 2767 1017 quidem
2802 948 2907 1003 sub
2940 947 3080 1004 falso
3115 947 3553 1003 Christianorum

1973 1037 2194 1093 nomine
2226 1052 2347 1094 sese
2391 1039 2751 1095 occultantes.
2796 1038 2955 1094 Unde
2985 1039 3283 1094 concludas
3324 1054 3552 1095 necesse

1970 1138 2076 1194 est,
2115 1131 2363 1187 haeresim
2411 1132 2560 1187 illam
2611 1149 2724 1188 non
2761 1133 2856 1187 diu
2896 1141 3085 1203 postea
3116 1148 3501 1203 perseverasse
3525 1166 3544 1199 ι

1971 1231 2025 1278 et
2050 1224 2159 1278 cito
2184 1222 2354 1280 fuisse
2385 1224 2732 1281 exstinctam.

2569 1315 2800 1373 CAPUT
2848 1314 2938 1372 IV.

2452 1406 2532 1463 De
2558 1408 2746 1463 hwresi
2778 1407 3085 1465 Menandri.

2041 1500 2092 1533 “
2124 1499 2421 1555 Menander
2463 1499 2837 1555 Samaritanus
2883 1516 3067 1571 genere
3116 1516 3145 1555 e
3171 1500 3281 1554 vico
3311 1500 3550 1570 ϐαβαί-αδ

1974 1594 2096 1657 teia,
2119 1591 2510 1663 Καπαρατείας
2534 1606 2625 1644 seu
2641 1590 2876 1663 Χάὸραι,
2890 1590 3168 1657 oriundus,
3185 1590 3424 1648 Simonis
3441 1592 3551 1646 dis-

1972 1683 2189 1753 cipulus
2211 1723 2226 1749 ,
2261 1683 2306 1714 ²⁷
2328 1683 2584 1752 majorem
2604 1698 2658 1736 se
2683 1690 3008 1736 antecessore
3030 1699 3091 1735 ac
3114 1694 3431 1751 praceptore
3452 1700 3549 1737 suo

296 1774 541 1829 oblivioni
574 1772 763 1827 traditi
816 1779 961 1825 sunt.
987 1768 1056 1823 At
1078 1769 1125 1825 si
1151 1766 1455 1839 Hegesippo
1485 1766 1644 1821 tidem
1670 1763 1866 1819 habere

1972 1773 2229 1843 iactabat.
2263 1772 2607 1844 Quapropter
2637 1773 2919 1829 nonnullis
2961 1773 3291 1844 quibusdam
3336 1774 3547 1830 errori-

298 1868 450 1933 velis,-
495 1874 730 1938 quatuor
778 1865 990 1936 priores
1029 1861 1296 1933 originem
1325 1859 1599 1914 duxerunt
1631 1872 1644 1908 :
1672 1854 1721 1908 E
1754 1871 1872 1925 sepe

297 1970 399 2013 tem
426 1958 581 2012 sectis
610 1957 664 2011 in
685 1954 915 2010 Iudaico
943 1952 1134 2024 populo
1186 1951 1581 2021 proseminatis.
1640 1946 1720 2001 Ex
1763 1962 1872 2017 quo

296 2049 545 2105 Valesius
559 2049 702 2103 hanc
717 2047 904 2104 elicuit
923 2044 1333 2102 conclusionem
1358 2060 1371 2098 :
1405 2041 1616 2097 Rectius
1647 2039 1872 2094 dixisset

298 2139 776 2203 Theodoretus,eas
806 2152 981 2191 omnes
1011 2146 1077 2189 ea:
1105 2132 1349 2188 Judaicis
1374 2132 1530 2187 sectis
1555 2131 1719 2201 fuisse
1746 2146 1872 2200 pro-

294 2240 540 2302 pagatas,
565 2230 792 2283 maxime
820 2242 938 2282 vero
964 2243 1082 2281 cum
1107 2222 1349 2296 quwdam
1366 2223 1580 2277 illarum
1599 2217 1874 2275 licereseth

296 2323 607 2379 Simoniana
638 2320 944 2376 vetustiores
991 2334 1106 2372 esse
1133 2317 1430 2379 videantur,
1485 2312 1627 2367 verbi
1671 2312 1866 2383 gratia,

296 2416 560 2471 Gorthena
610 2425 660 2469 et
692 2413 1038 2467 Dositheana.
1096 2409 1204 2464 Sed
1236 2423 1429 2463 vereor
1457 2417 1517 2461 ut
1546 2407 1663 2461 [nec
1706 2404 1869 2459 Vale-

295 2510 453 2564 siana
490 2505 811 2569 conclusio,
841 2518 950 2575 qua
992 2518 1060 2557 ex
1086 2501 1303 2557 duabus
1342 2499 1508 2560 sectis
1552 2496 1870 2554 Simoniana

295 2598 709 2663 vetustioribus,
748 2596 886 2650 alias
936 2606 1157 2663 quoque
1198 2591 1318 2661 ipsa
1373 2589 1712 2658 antiquiores
1745 2603 1869 2644 esse

296 2689 481 2755 inle’rt,
533 2687 790 2744 omnibus
841 2683 1067 2739 omnino
1123 2681 1405 2753 probetur.
1460 2678 1635 2734 Porro
1685 2686 1866 2735 autem

294 2768 633 2851 Epiphanius
669 2792 736 2831 ex
783 2774 1005 2829 Simone
1051 2770 1344 2827 Gnosticos
1368 2778 1521 2825 ortos
1555 2784 1679 2825 esse
1717 2768 1865 2823 alli'r-

292 2879 406 2925 mat
432 2872 476 2903 ”
509 2890 523 2927 :
555 2870 724 2939 Atque
741 2868 859 2922 hinc
872 2882 1051 2921 eorum
1068 2880 1198 2935 quos
1216 2863 1491 2919 Gnosticos
1514 2861 1863 2933 appellamus,

293 2962 438 3031 origo
455 2960 734 3030 proﬂuxit.

361 3053 621 3109 Testatur
646 3050 913 3125 Origenes
942 3049 991 3082 "
1028 3064 1057 3104 a
1101 3063 1205 3104 suo
1234 3048 1351 3119 jam
1379 3055 1627 3118 tempore
1658 3046 1866 3103 exstir-

1972 1861 2074 1917 bus
2103 1862 2284 1931 impiae
2320 1862 2566 1933 magistri
2594 1862 2681 1918 sui
2720 1861 2985 1918 doctrinm
3007 1862 3213 1919 additis
3239 1864 3325 1920 vel
3355 1865 3551 1920 immu-

1973 1954 2122 2019 tatis,
2157 1969 2356 2010 novam
2386 1952 2633 2010 condidit
2662 1963 2889 2021 sectam,
2924 1965 2980 2012 et
3004 1956 3385 2014 haeresiarchas
3417 1959 3550 2013 titu-

1972 2044 2086 2099 lum
2134 2060 2199 2100 ac
2247 2061 2449 2101 nomen
2512 2048 2839 2118 promeruit.
2875 2047 2927 2105 ls
2958 2048 3144 2120 itaque
3170 2066 3295 2105 cum
3352 2049 3546 2105 Simon

1971 2137 2202 2193 dixisset
2229 2154 2493 2193 summam
2542 2155 2601 2196 se
2641 2155 2765 2197 esse
2805 2140 2906 2196 Dei
2947 2143 3210 2208 virtutem,
3242 2142 3429 2198 docuit
3449 2144 3495 2176 ”
3528 2162 3543 2199 :

1970 2227 2213 2303 Primam
2232 2227 2442 2301 quidem
2468 2230 2716 2285 virtutem
2734 2232 3057 2302 incognitam
3081 2234 3344 2297 omnibus,
3367 2248 3422 2286 se
3443 2248 3545 2286 au-

1971 2328 2074 2374 tem
2106 2336 2225 2374 eum
2254 2337 2389 2386 esse,
2411 2322 2502 2393 qui
2532 2323 2725 2377 missus
2760 2324 2833 2377 sit
2862 2323 2928 2377 ab
2959 2324 3337 2391 invisibllibus,
3367 2325 3546 2378 salva-

1972 2419 2135 2464 torem
2160 2425 2254 2478 pro
2275 2410 2445 2465 salute
2481 2412 2737 2466 omnium.
2770 2410 2867 2467 llis
2909 2411 3109 2489 adjecit
3153 2430 3168 2466 :
3195 2410 3548 2464 Resurrectia-

1970 2516 2087 2554 nem
2117 2515 2210 2570 per
2238 2500 2292 2554 id
2326 2500 2464 2571 quod
2493 2510 2573 2555 est
2604 2502 2660 2554 in
2687 2517 2807 2555 eum
2833 2500 3117 2571 baptisma,
3150 2502 3382 2570 accipere
3427 2500 3545 2569 ejus

1968 2592 2275 2663 discipulos,
2307 2602 2357 2647 et
2384 2594 2528 2647 ultra
2549 2610 2655 2648 non
2696 2608 2849 2663 posse
2889 2594 3046 2659 mori,
3078 2592 3173 2648 sed
3215 2607 3546 2663 perseverare

1968 2702 2072 2739 non
2094 2696 2414 2741 senescentes
2441 2695 2491 2741 et
2520 2685 2867 2741 immortales.
2901 2684 3111 2742 Caetera
3134 2724 3149 2750 ,
3202 2684 3424 2741 eosdem
3476 2697 3543 2738 ac

1968 2785 2271 2850 praceptor
2304 2794 2440 2835 suus
2467 2792 2686 2834 errores
2711 2785 2765 2834 et
2789 2777 3033 2850 magicas
3081 2784 3227 2833 artes
3255 2784 3544 2831 consectaa

1967 2870 2150 2926 batur.

2036 2960 2328 3019 Nonnullis
2369 2970 2551 3017 autem
2589 2962 2863 3033 explicatu
2897 2959 3119 3017 dillicile
3160 2961 3396 3026 videtur,
3429 2975 3543 3032 quo

1970 3069 2137 3111 sensu
2186 3054 2423 3112 lrenaeus
2476 3056 2716 3126 primum
2768 3054 3052 3110 Menandri
3114 3069 3360 3110 errorem
3415 3069 3540 3109 esse

289 3156 472 3217 palam
504 3141 1250 3199 Simonianorumlimresim:
1282 3138 1439 3194 Nunc
1466 3155 1727 3211 nusquam
1749 3155 1868 3210 gan-
1893 3138 1935 3158 “'
1969 3148 2193 3212 dixerit,
2234 3148 2380 3217 quod
2413 3162 2473 3202 se
2497 3156 2830 3218 praeceptore
2864 3162 2966 3202 suo
3002 3144 3226 3201 Simone
3273 3146 3541 3215 majorem

295 3241 426 3292 tium
452 3246 668 3292 exstant
711 3234 1032 3291 Simoniani.
1062 3232 1138 3289 De
1188 3231 1539 3288 Dositheanis
1588 3240 1771 3287 autem
1831 3247 1865 3287 ι

292 3330 452 3385 nobis
512 3330 675 3399 paulo
757 3338 883 3383 ante
933 3325 1252 3380 memoratis
1286 3363 1301 3390 ,
1358 3323 1475 3378 haec
1533 3323 1862 3395 subjungit:

292 3424 557 3477 Ceterum
608 3420 922 3475 Dositheani
973 3434 1065 3473 nec
1121 3433 1357 3489 unquam
1414 3417 1756 3487 ﬂoruerunt,
1817 3426 1867 3473 et

292 3530 429 3568 nunc
466 3514 678 3568 omnino
710 3512 959 3567 exstincti
1006 3520 1152 3576 sunt,
1189 3518 1249 3563 ut
1277 3510 1486 3565 nomine
1518 3519 1723 3565 tantum
1752 3528 1869 3565 ma-

292 3608 443 3661 nente
468 3643 483 3671 ,
515 3608 653 3661 inter
683 3605 905 3675 triginta
954 3612 1289 3659 censeantur.
1322 3600 1430 3657 Sed
1462 3601 1598 3659 falsa
1627 3603 1865 3673 quadam

292 3699 608 3754 narratione
636 3698 897 3767 deceptus
928 3703 1013 3752 est
1044 3694 1334 3765 Origenes,
1369 3703 1463 3749 aut
1488 3710 1556 3750 ex
1582 3695 1672 3761 iis,
1729 3708 1867 3765 quas

294 3792 412 3860 ipse
436 3794 843 3859 peragraverat,
875 3786 1195 3855 regionibus
1237 3785 1380 3839 idem
1424 3792 1478 3840 et
1520 3785 1577 3838 in
1608 3786 1865 3842 omnibus

292 3881 482 3936 mundi
537 3879 785 3950 partibus
840 3877 1111 3932 accidisse
1182 3876 1576 3931 arbitrabatur.
1661 3876 1863 3931 Scribit

289 3973 435 4028 enim
492 3968 763 4026 Eusebius
795 3971 840 4001 ’δ
863 3969 1125 4036 quosdam
1174 3967 1354 4022 adhuc
1396 4006 1411 4033 ,
1445 3966 1576 4021 dum
1630 3967 1860 4031 viveret,

291 4066 543 4121 extitisse
591 4062 923 4117 Simonianae
956 4060 1229 4113 haereseos
1273 4066 1577 4114 sectatores
1609 4076 1625 4114 :
1654 4058 1860 4123 Simon,

291 4158 468 4228 inquit
499 4158 610 4220 ille,
645 4155 801 4225 ﬁdem
822 4157 877 4209 in
899 4154 1169 4209 Christum
1193 4153 1465 4208 simulavit
1490 4193 1505 4219 ,
1560 4162 1621 4206 ut
1651 4152 1861 4222 baptis-

290 4265 432 4303 mum
452 4248 756 4316 susciperet.
785 4246 936 4312 Quod
958 4246 1167 4315 quidem
1199 4246 1490 4299 etiamnum
1533 4244 1649 4313 ﬁeri
1676 4244 1741 4297 ab
1779 4244 1862 4298 his

289 4341 379 4411 qui
402 4340 726 4394 teterrimam
763 4339 875 4409 ejus
888 4348 1089 4392 sectam
1109 4337 1425 4407 proﬁtentur
1449 4376 1465 4403 ,
1496 4353 1602 4390 non
1623 4338 1735 4390 sine
1765 4336 1863 4390 ad-

1964 3239 2218 3311 jactaret,
2250 3254 2376 3294 cum
2407 3237 2601 3295 Simon
2634 3255 2847 3297 summa
2880 3238 2975 3295 Dei
2997 3239 3081 3296 vis
3106 3238 3175 3294 ab
3205 3238 3328 3294 aliis
3351 3238 3541 3293 voluea

1967 3330 2039 3385 rit
2066 3330 2281 3398 audire,
2309 3346 2657 3402 nequaquam
2678 3346 2807 3387 vero
2837 3330 3157 3388 Menander.
3193 3329 3451 3385 Attamen
3488 3328 3537 3384 si

1966 3417 2155 3475 lrensei
2181 3421 2346 3476 verba
2374 3428 2580 3477 attente
2611 3421 3043 3492 perpendantur,
3075 3420 3217 3475 haud
3246 3434 3389 3490 aegre
3426 3420 3540 3474 sol-

1966 3520 2123 3568 vetur
2149 3513 2488 3570 dillicultatis
2515 3514 2662 3570 illius
2686 3512 2884 3569 nodus.
2910 3512 3031 3567 Non
3067 3513 3174 3566 alia
3202 3513 3403 3582 quippe
3435 3510 3535 3567 viri

1966 3603 2145 3660 sancti
2180 3620 2335 3660 mens
2366 3621 2489 3661 esse
2511 3606 2727 3660 videtur
2749 3646 2765 3672 ,
2797 3606 2906 3660 nisi
2938 3604 3295 3659 Menandrum
3325 3619 3385 3658 se
3415 3616 3535 3658 ma-s

1964 3696 2138 3766 gistro
2169 3712 2292 3763 suo,
2327 3714 2440 3752 non
2486 3698 2693 3753 virtute
2742 3696 2966 3767 quidem
3023 3704 3078 3752 et
3128 3695 3390 3767 potentia,
3440 3695 3537 3752 sed

1965 3786 2195 3840 scientia
2218 3795 2272 3840 et
2302 3787 2568 3843 missione
2596 3788 2928 3858 praedicasse
2952 3787 3234 3857 majorem.

2037 3874 2187 3942 Quos
2249 3876 2641 3933 Menandriana
2671 3879 2894 3935 haeresis
2930 3879 3281 3935 adversarios
3320 3878 3536 3934 habue-

1963 3966 2058 4032 rit,
2092 3968 2327 4038 accipies
2355 3984 2386 4022 a
2418 3968 2764 4027 Theodoreto
2785 3972 2831 4004 ”
2855 4010 2871 4037 ,
2915 3970 3010 4042 qui
3057 3986 3179 4026 eam
3238 3985 3269 4024 a
3315 3969 3538 4025 Iustino

1964 4067 2222 4129 martyre,
2262 4058 2489 4129 lrenaeo,
2534 4076 2599 4116 ac
2625 4059 2861 4132 Origene
2910 4060 3133 4131 scriptis
3170 4069 3537 4131 expugnatam

1965 4164 2089 4204 esse
2109 4157 2365 4206 testatur.
2410 4150 2598 4222 Neque
2627 4153 2773 4209 ullus
2808 4159 2958 4209 certe
3005 4151 3106 4205 ibit
3161 4168 3400 4222 unquam
3452 4154 3541 4207 ina

1968 4239 2123 4296 ﬁcias
2165 4243 2418 4297 nonnihil
2443 4244 2713 4301 adversus
2746 4245 2894 4301 illam
2933 4261 2965 4300 a
2992 4245 3210 4301 Justin
3238 4254 3293 4301 et
3331 4245 3539 4301 Irenaeo

1965 4333 2243 4388 memoriae
2262 4334 2434 4391 fuisse
2456 4336 2755 4406 proditum.
2777 4336 3166 4394 Verumtamen
3179 4354 3339 4408 quem
3358 4337 3538 4393 Theo-

292 4433 572 4486 miratione
594 4432 854 4485 cernimus
883 4445 901 4483 :
926 4431 1016 4500 qui
1039 4446 1182 4483 more
1205 4429 1438 4497 parentis
1474 4429 1559 4483 sui
1581 4429 1637 4482 in
1668 4427 1853 4484 Eccle-
1892 4443 1933 4499 ι)
1963 4423 2187 4479 doretus
2215 4425 2411 4479 scribit
2466 4425 2522 4479 in
2571 4426 2816 4491 modum,
2870 4429 3100 4497 ipsemet
3128 4428 3320 4498 procul
3368 4428 3537 4483 dubio

288 4528 425 4579 siam
453 4565 468 4589 ,
502 4535 751 4595 tanquam
774 4525 933 4593 pestis
965 4533 1057 4577 aut
1092 4524 1236 4592 lepra
1267 4521 1511 4593 qutedam
1554 4522 1858 4590 irrepentes,

286 4618 660 4688 gravissimum
695 4616 946 4670 damnum
981 4616 1214 4685 inferunt
1242 4616 1328 4680 iis,
1367 4614 1555 4685 quibus
1579 4615 1862 4683 pessimum

287 4707 422 4760 illud
442 4714 494 4760 et
523 4704 905 4759 immedicabile
927 4721 1176 4759 venenum
1193 4744 1208 4769 ,
1234 4703 1371 4774 quod
1400 4702 1660 4757 mentibus
1693 4704 1863 4757 occul-

289 4808 425 4863 tant,
453 4797 718 4852 instillare
747 4797 1030 4865 potuerint.
1065 4795 1143 4849 Ac
1174 4796 1407 4867 plerique
1431 4796 1550 4865 jam
1583 4811 1763 4849 eorum
1795 4794 1860 4847 ab

285 4892 523 4946 Ecclesia
550 4891 701 4960 ejecti
726 4901 847 4944 sunt
876 4932 890 4955 ,
921 4907 1041 4944 cum
1078 4890 1229 4959 fraus
1254 4891 1490 4959 ipsorum
1538 4900 1674 4945 esset
1714 4895 1857 4945 dete-

286 5000 389 5039 cta.
415 4983 481 5037 Et
508 4983 707 5038 inl'ra’l
737 5002 749 5037 :
776 4981 921 5037 Unde
954 4982 1021 5036 ad
1048 4991 1287 5037 nostram
1316 4997 1478 5052 usque
1499 4990 1709 5036 (etatem
1739 4984 1857 5054 qui—

285 5090 485 5144 cunque
513 5074 627 5143 ejus
658 5084 855 5128 sectam
879 5074 1216 5143 proﬁtentur,
1251 5089 1371 5126 cum
1400 5089 1454 5127 se
1486 5070 1855 5128 Christianam

286 5165 608 5235 religionem,
639 5164 849 5232 plenam
880 5163 1136 5218 molestia:
1169 5172 1219 5218 et
1255 5164 1580 5229 sanctitatis,
1612 5164 1857 5233 amplecti

285 5255 647 5310 simulaverint
672 5295 685 5318 ,
722 5266 894 5308 tamen
930 5263 979 5307 et
1014 5256 1082 5308 ad
1111 5254 1531 5322 superstitiosum
1558 5255 1855 5309 daemonum

358 5479 402 5512 ¹⁸
432 5480 552 5536 Lib.
582 5480 645 5535 de
698 5486 882 5539 haeres.
934 5497 1054 5551 cap.
1108 5483 1155 5537 l.

1238 5485 1281 5519 ι’
1306 5484 1424 5540 Lib.
1482 5501 1498 5538 I
1545 5485 1748 5540 liceret.
1793 5484 1927 5538 Fab.
1962 5499 2083 5555 cap.
2120 5486 2171 5541 l.

1964 4516 2212 4586 quedam
2243 4517 2351 4571 alia
2378 4532 2568 4573 eorum
2608 4520 2832 4589 scripta,
2866 4521 3067 4591 quibus
3096 4521 3347 4577 haresim
3386 4521 3536 4575 illam

1964 4608 2183 4677 planius
2214 4609 2506 4680 fusiusque
2533 4610 2913 4678 confutabant,
2945 4612 3018 4668 ibi
3069 4612 3345 4669 indicasse
3384 4612 3537 4667 vide—

1941 4688 2074 4755 itur.
2106 4699 2279 4756 Porro
2310 4711 2492 4756 autem
2526 4718 2648 4773 qua:
2679 4702 2978 4760 Menander
3005 4704 3075 4760 de
3102 4704 3376 4776 baptismo
3410 4717 3534 4767 suo,

1964 4807 2074 4862 quo
2126 4792 2380 4848 homines
2428 4793 2768 4850 immortales
2793 4794 2912 4850 ﬁeri
2954 4795 3252 4867 garriebat,
3285 4795 3424 4849 adeo
3455 4802 3538 4849 te-

1964 4903 2114 4944 mere
2134 4888 2452 4951 venditavit.
2481 4903 2543 4944 ea
2576 4888 2948 4947 Tertullianus
2971 4891 3188 4962 egregie
3216 4888 3436 4952 refellit,
3482 4895 3537 4943 et

1963 4977 2195 5032 ridicula
2238 4992 2363 5033 esse
2411 4977 2757 5036 demonstrat
2818 4981 2888 5036 '°.
2932 4980 3120 5052 Neque
3176 4989 3360 5034 tamen
3401 4978 3534 5034 illud

1962 5073 2250 5127 censemus
2280 5070 2669 5140 adjiciendum,
2697 5073 2841 5143 quod
2873 5072 3123 5128 nonnulli
3138 5072 3534 5127 Tertullianum

1961 5176 2155 5217 rursus
2193 5162 2263 5218 de
2308 5162 2497 5219 eadem
2549 5164 2744 5221 haeresi
2786 5165 2990 5236 aliquid
3028 5165 3085 5220 in
3124 5165 3286 5222 Libro
3316 5166 3381 5221 de
3405 5177 3565 5235 prte-i

1967 5255 2336 5324 scriptionibus
2418 5256 2616 5314 litteris
2662 5258 2956 5316 mandasse
3017 5258 3335 5330 opinantur.
3390 5255 3535 5310 Nihil

2248 5487 2294 5517 ²⁰
2324 5484 2444 5557 Lib.
2468 5500 2544 5539 vn
2568 5484 2790 5557 Strom.,
2824 5486 3038 5557 p.765.
3071 5484 3295 5557 “Apud
3329 5484 3531 5557 Euseb.

288 5552 471 5626 lib.__lv
528 5551 698 5626 liist.,
722 5568 851 5626 cap.
881 5552 1059 5626 2.__“
1092 5553 1293 5626 Haeres.
1326 5556 1418 5621 2i,
1448 5557 1502 5610 4.
1582 5557 1625 5621 ξ’
1648 5556 1767 5611 Lib.
1800 5573 1848 5609 vn
1880 5551 2196 5611 conthels.
2275 5558 2321 5588 “
2349 5556 2466 5611 Lib.
2502 5571 2542 5611 ll
2575 5555 2719 5611 Hist.
2741 5551 2859 5626 cap.
2887 5556 2968 5615 ἓν
3019 5557 3066 5587 ³⁸
3117 5551 3251 5611 Ιὺῖἀ.
3285 5571 3404 5624 cap.
3442 5556 3529 5626 l3,

288 5625 331 5653 "‘
365 5621 903 5696 ξΓΙῳοιΙοῃμιὶΒῙ-ι-
948 5622 1146 5678 lla-ret.
1204 5622 1399 5681 Fabul.
1458 5642 1578 5696 cap.
1635 5629 1687 5682 5.
1766 5629 1807 5657 ³⁷
1863 5626 1866 5677 ἶ

1972 5629 2130 5696 phan.
2170 5626 2371 5684 Haeres.
2398 5627 2487 5681 22.

2590 5627 2634 5659 ¹⁸
2674 5620 2823 5684 Iron:
2849 5627 2967 5682 adv.
3019 5625 3226 5683 Ilwres.
3282 5620 3404 5697 cap.
3437 5620 3530 5681 2L

287 5696 330 5723 ’ν
362 5692 460 5749 Lib
511 5708 527 5746 1
573 5691 771 5747 Ha‘ret.
800 5692 992 5751 Fabul.
1036 5710 1157 5765 cap.
1195 5696 1249 5751 2.
1330 5698 1371 5728 ³ο
1398 5691 1605 5752 ιίὁ.ἰ1ε
1634 5700 1834 5763 anima,
1871 5691 1990 5767 cap:
2024 5698 2109 5752 50.
