3936 6172
337 286 402 343 19
1529 284 1620 341 DE
1655 282 1968 339 OMNIBUS
1995 279 2402 337 CENERATIM
3524 284 3595 339 3t)

336 409 518 465 chiam
548 406 819 465 direxisse
848 426 859 462 :
898 406 1166 474 Quoniam
1211 403 1547 475 cognouimus
1577 398 1837 472 quosdam
1878 416 1909 451 a
1940 400 1986 456 Α
2014 410 2163 452 more
2210 403 2599 468 procreatum;
2646 396 2935 467 ipsumque
2975 393 3181 451 Filium
3216 392 3324 450 Dei
3350 410 3593 465 progres-

335 497 482 554 nobis
506 497 574 551 ad
607 516 694 553 vos
718 515 831 553 esse
856 499 1137 568 profectos,
1159 504 1266 551 etc.
1291 493 1485 551 Nullus
1512 507 1730 564 quoque
1757 490 1918 546 dubi—

337 598 417 643 tat
448 586 671 644 Petrum
704 598 759 645 et
786 587 1038 653 Paulum,
1071 587 1262 644 eodem
1293 586 1510 657 penitus
1531 582 1919 641 evertendier—

338 680 483 736 roris
511 694 697 736 amore
734 694 1033 736 succensas
1055 721 1072 747 ,
1112 685 1307 733 contra
1337 678 1519 748 ipsum
1557 675 1696 731 inito
1733 682 1915 730 certa-

336 773 501 834 mine.
533 770 783 827 haeresim
822 771 945 841 ejus
983 769 1301 825 conlutasse
1330 776 1386 825 et
1431 766 1769 839 proﬂigasse.
1818 765 1915 822 His

337 854 716 922 Theodoretus
747 866 996 937 adjnngit
1040 865 1231 922 Caium
1258 904 1274 929 ,
1324 862 1644 935 Dionysium
1672 862 1913 917 Alexan-

250 950 253 955 ’
336 955 575 1017 drinum.
607 954 881 1012 Iustinum
912 962 1229 1027 martyrem,
1253 953 1517 1010 Irenaeum
1538 961 1702 1023 atque
1726 951 1915 1023 Orige-

335 1064 479 1104 nem.
512 1047 686 1105 Porro
716 1055 897 1103 autem
942 1062 1067 1101 cum
1116 1061 1229 1102 non
1278 1046 1418 1101 alios
1453 1045 1549 1116 qui
1589 1052 1783 1100 contra
1812 1044 1915 1100 Ce-

335 1138 583 1193 rinthum
610 1135 1013 1208 pugnaverint,
1046 1141 1440 1191 commemoret
1471 1134 1557 1189 vir
1583 1133 1674 1189 ille
1701 1132 1909 1187 doctis-

337 1231 533 1294 simus,
566 1228 693 1283 hinc
723 1242 831 1283 non
862 1228 977 1282 leve
1007 1226 1225 1283 ducitur
1249 1232 1630 1297 argumentum
1661 1224 1912 1279 haeresim

335 1321 481 1374 illam
502 1358 517 1383 ,
551 1319 697 1374 circa
724 1316 978 1388 Origenis
1016 1326 1263 1386 tempora
1300 1315 1626 1371 exstinctam
1658 1352 1674 1376 ,
1728 1312 1912 1367 nullos

336 1411 573 1481 amplius
605 1411 864 1466 habuisse
895 1408 1158 1465 fautores.
1182 1408 1404 1462 Certum
1452 1414 1636 1461 tamen
1664 1413 1749 1463 est
1773 1421 1913 1476 pra:-

334 1506 525 1574 cipuos
571 1501 816 1559 Cerinthi
870 1517 1088 1557 errores
1125 1500 1195 1555 ab
1224 1500 1348 1555 aliis
1391 1505 1577 1569 postea
1625 1498 1912 1569 adoptatos

336 1594 505 1650 luisse
542 1593 837 1658 haereticis,
874 1593 966 1664 qui
1009 1607 1150 1649 nova
1195 1592 1359 1649 sectis
1386 1590 1524 1656 suis,
1558 1598 1621 1644 ut
1644 1589 1911 1662 dicemus,

332 1686 553 1740 nemina
581 1685 980 1754 imposuerunt.

950 1772 1180 1829 CAPUT
1219 1771 1307 1828 VI.

827 1866 905 1921 De
942 1868 1131 1922 haeresi
1176 1866 1415 1921 Ebionis.

407 1954 583 2013 Ebion
619 1957 779 2027 cujus
827 1973 1024 2012 nomen
1057 1956 1202 2028 apud
1243 1956 1436 2014 Patres
1465 1956 1816 2013 doctissimos
1840 1957 1908 2023 ⁸⁸,

332 2049 473 2105 idem
504 2064 567 2103 ac
598 2048 869 2103 mendicus
902 2057 1081 2114 sonat,
1112 2065 1142 2103 a
1190 2048 1361 2105 Mario
1401 2048 1703 2113 Mercatore
1733 2050 1779 2082 δ’
1810 2064 1909 2105 vo-

329 2146 486 2193 catur
510 2138 847 2207 philosophus
892 2148 946 2194 et
994 2140 1194 2194 stoicus
1238 2140 1600 2209 philosophus.
1648 2140 1911 2198 Eruditus

331 2239 510 2285 autem
541 2230 779 2299 scriptor
798 2228 1018 2299 quidam
1049 2245 1251 2285 nomen
1275 2231 1513 2287 mendici
1539 2230 1649 2302 ipsi.
1679 2230 1909 2287 inditum

330 2327 509 2390 putat,
542 2321 688 2391 quod
718 2321 918 2391 spretis
948 2320 1185 2387 divitiis,
1218 2322 1582 2378 voluntariam
1619 2332 1910 2394 pauperta-

331 2421 440 2469 tem
504 2412 870 2484 proliteretur.
930 2411 1129 2468 Verum
1183 2413 1487 2485 Epiphanio
1533 2415 1803 2471 Ebionita:
1853 2434 1909 2471 se

330 2503 592 2559 mendicos
624 2504 949 2574 prwdicant,
967 2507 1106 2578 quod
1145 2508 1507 2576 apostolorum
1538 2516 1766 2575 tempore
1795 2524 1907 2562 mos

326 2598 460 2643 esset
493 2590 629 2643 bona
656 2607 756 2645 sua
787 2592 1080 2649 distrahere
1100 2636 1115 2660 ,
1145 2605 1195 2649 et
1225 2595 1294 2649 ad
1326 2596 1542 2649 illorum
1581 2595 1734 2665 pedes
1766 2595 1907 2660 abii-

327 2694 461 2734 cere.

402 2768 523 2835 Quo
556 2779 737 2826 autem
782 2774 909 2829 loco.
924 2784 976 2830 et
1007 2783 1251 2847 tempore
1281 2785 1401 2831 orta
1433 2778 1505 2833 sit
1529 2776 1754 2834 Ebionis
1797 2777 1907 2834 hae-

328 2860 471 2916 rosis
500 2860 639 2916 idem
684 2861 1019 2935 Epiphanius
1056 2866 1146 2921 his
1175 2868 1357 2924 verbis
1395 2868 1636 2924 declarat
1665 2870 1711 2901 ⁸⁰
1741 2889 1753 2925 :
1788 2870 1908 2924 Hu-

318 2948 411 3017 jus
446 2950 700 3018 factionis
730 2955 1005 3009 exordium
1051 2966 1169 3026 post
1217 2960 1718 3031 Hierosolymitana:
1759 2963 1906 3018 urbis

325 3043 587 3095 excidium
628 3047 803 3113 coepit.
839 3047 954 3114 Quo
981 3058 1209 3118 tempore
1239 3049 1532 3106 Christiani
1570 3070 1747 3109 omnes
1785 3070 1905 3108 cum

2018 488 2163 542 sione
2188 488 2420 557 quadam
2466 487 2675 542 virtutis
2694 528 2710 552 ,
2760 486 2924 543 verba
2970 496 3098 543 sunt
3125 485 3413 558 Epiphanii
3442 486 3510 552 ⁸³,
3540 497 3591 542 et

2017 581 2377 648 conjunctione
2405 596 2524 634 cum
2562 579 2673 634 Deo
2710 579 2913 649 factum
2946 595 2965 633 :
2998 578 3337 651 proindeque
3379 579 3565 651 adopti

2016 687 2143 726 vum
2171 670 2439 729 duntaxat
2467 686 2591 727 esse
2614 670 2709 727 Dei
2738 669 2959 737 Filium,
2992 684 3051 727 ut
3074 670 3250 727 eidem
3276 670 3471 727 Ebioni
3495 687 3595 727 ex-

2015 761 2238 832 probrat
2272 761 2569 819 Mercator.
2619 760 2932 819 Sectatores
2978 770 3165 818 tamen
3216 760 3443 818 Ebionis
3480 777 3592 817 non

2017 869 2125 909 uno
2153 853 2453 924 eodemque
2481 853 2643 908 modo
2675 852 2822 908 hunc
2845 854 3094 925 magistri
3119 852 3204 909 sui
3232 863 3590 922 erroremgse-

2014 945 2128 999 cuti
2158 952 2290 1000 sunt
2318 964 2328 998 :
2363 946 2483 1001 Alii.
2507 945 2769 1000 enimvero
2802 945 2865 999 ab
2897 945 2980 999 his
3010 945 3190 999 eodem
3219 945 3428 1000 nomine
3455 960 3591 998 nun-

2014 1037 2213 1105 cupati,
2244 1036 2421 1105 inquit
2448 1035 2719 1094 Eusebius
2750 1038 2817 1104 ",
2859 1036 3145 1092 absurdam
3174 1052 3354 1090 eorum
3383 1043 3593 1089 senten-

2015 1127 2145 1180 tiam
2176 1128 2485 1195 reiicientes,
2516 1128 2785 1185 Christum
2810 1128 3017 1201 quidem
3047 1143 3112 1184 ea:
3152 1128 3361 1199 Virgine
3387 1136 3437 1181 et
3467 1126 3564 1195 Spi

2013 1220 2121 1272 ritu
2148 1229 2332 1274 sancto
2362 1222 2593 1292 genitum
2622 1239 2735 1277 esse
2776 1238 2880 1276 non
2910 1231 3102 1292 negant
3133 1236 3151 1275 :
3190 1221 3279 1275 sed
3317 1220 3474 1275 iidem
3506 1220 3565 1274 ni

2013 1309 2297 1367 hilominus
2328 1329 2446 1367 cum
2477 1312 2771 1381 Christum,
2804 1324 2981 1384 utpote
3011 1313 3210 1380 Deum,
3251 1312 3498 1378 Verbum,
3526 1329 3587 1365 ac

2010 1405 2325 1473 sapientiam
2354 1404 2561 1473 Patris,
2596 1417 2717 1463 ante
2745 1409 2922 1462 omnia
2942 1407 3236 1463 substitisse
3267 1407 3476 1461 minime
3500 1405 3587 1474 {a-

2015 1503 2247 1559 teantur,
2293 1498 2348 1550 in
2400 1497 2637 1553 eamdem
2672 1515 2791 1552 cum
2832 1498 3100 1567 prioribus
3140 1500 3454 1554 sententiam
3497 1500 3584 1553 de-

2012 1585 2151 1655 lapsi
2176 1596 2319 1643 sunt.
2355 1587 2511 1646 Unde
2536 1590 2700 1645 etiam
2730 1590 3066 1661 Epiphanius
3089 1591 3137 1622 ⁸³
3163 1610 3177 1646 :
3202 1590 3313 1645 Alii
3345 1591 3499 1645 aliter
3525 1592 3591 1645 de

2015 1677 2228 1736 Christo
2277 1682 2718 1749 pronuntiaut....
2751 1680 3019 1738 Nonnulli
3058 1684 3198 1738 enim
3224 1699 3293 1738 ea:
3332 1685 3409 1738 eis
3437 1683 3589 1737 Ada-

1942 1752 1986 1809 B
2015 1789 2158 1825 mum
2187 1772 2352 1842 fuisse
2376 1774 2646 1829 Christum
2669 1776 3006 1845 pradicant"
3039 1819 3054 1836 .
3090 1777 3198 1831 Alii
3225 1794 3255 1833 e
3281 1780 3411 1833 caelo
3432 1777 3591 1834 Chri-

2014 1872 2156 1916 stum
2189 1879 2301 1918 esse
2330 1866 2649 1934 conﬁtentur
2671 1904 2687 1931 ,
2720 1864 2814 1920 sed
2848 1875 2972 1921 ante
3003 1868 3184 1921 omnia
3225 1878 3492 1932 creatum,
3526 1885 3590 1921 ac

2013 1956 2263 2024 spiritum
2288 1956 2567 2027 quemdam
2600 1974 2734 2025 esse,
2764 1959 3067 2030 angelisque
3094 1968 3385 2029 praestare,
3430 1970 3590 2031 atque

2012 2046 2246 2098 omnium
2263 2062 2437 2101 rerum
2449 2046 2782 2101 dominatum
2809 2058 2999 2107 tenere.
3029 2048 3133 2115 Qui
3151 2066 3269 2104 cum
3287 2060 3590 2120 perpetuam

2012 2136 2127 2189 illic
2154 2136 2537 2192 habitationem
2566 2140 2785 2195 sortitus
2815 2142 2905 2206 sit,
2922 2143 3123 2212 quoties
3149 2142 3380 2211 libuerit,
3394 2145 3450 2197 in
3477 2143 3589 2199 Itan:

2010 2227 2198 2297 inﬁma
2228 2228 2512 2299 delabitur,
2533 2230 2975 2301 quemadmodum
2996 2234 3051 2287 in
3069 2233 3277 2290 Adamo
3300 2234 3586 2303 descendit,

2010 2328 2061 2372 et
2108 2318 2428 2388 patriarchis
2467 2337 2682 2390 corpore
2731 2323 3087 2393 circumfusus
3144 2326 3590 2394 apparuit,uelut

2009 2429 2127 2466 cum
2170 2413 2240 2468 ad
2291 2413 2691 2481 Abrahamum,
2749 2414 3001 2471 Isaacum
3042 2427 3091 2472 et
3129 2417 3392 2473 Iacobum
3428 2418 3587 2473 adiit.

2011 2503 2163 2559 Idem
2193 2505 2413 2577 denique
2444 2509 2719 2576 postremis
2743 2509 3060 2577 temporibus
3084 2510 3241 2575 venit,
3264 2509 3458 2564 Adami
3478 2528 3590 2565 cor-

2005 2612 2131 2665 pore
2163 2606 2450 2663 contectus,
2487 2607 2538 2653 et
2568 2598 2722 2654 homo
2762 2601 2905 2655 visus
2943 2610 3046 2667 est,
3074 2610 3123 2655 et
3145 2601 3200 2655 in
3230 2616 3437 2656 crucem
3464 2602 3590 2656 sub-

2009 2688 2151 2744 latus
2183 2691 2437 2757 surrexit,
2462 2700 2513 2744 et
2541 2692 2776 2746 ascendit
2806 2694 2860 2746 in
2890 2693 3101 2749 caelum.
3143 2690 3350 2748 Rursus
3390 2692 3481 2748 ubi
3521 2695 3587 2748 li-

2008 2777 2203 2845 buerit,
2232 2781 2309 2834 ita
2336 2798 2391 2836 se
2420 2798 2529 2835 rem
2553 2782 2741 2837 habere
2762 2791 2973 2853 negant,
3006 2784 3061 2837 in
3082 2800 3302 2854 eumque
3325 2784 3586 2841 duntaxat

2007 2886 2119 2925 sese
2145 2883 2390 2927 sanctum
2436 2871 2697 2942 infudisse
2728 2871 2988 2942 Spiritum
3008 2913 3022 2938 ,
3053 2874 3145 2944 qui
3179 2883 3259 2928 est
3306 2872 3548 2930 Christus
3567 2916 3584 2940 ,

2006 2975 2224 3033 eumque
2250 2964 2339 3033 qui
2365 2960 2522 3017 Iesus
2557 2973 2772 3017 vocatus
2794 2971 2895 3028 est,
2932 2963 3188 3019 induisse.
3220 2962 3286 3016 Et
3323 2965 3467 3021 intra
3488 2966 3535 2998 ⁸⁸
3566 2985 3589 3023 εν

2007 3050 2154 3106 Duos
2183 3070 2217 3106 a
2251 3052 2360 3108 Deo
2388 3056 2699 3110 constitutos
2732 3073 2844 3111 esse
2893 3066 3187 3122 asserunt,
3220 3056 3493 3112 Christum
3532 3069 3585 3113 et

327 3133 383 3185 in
410 3131 598 3188 Pera'a
626 3135 890 3207 degerent,
931 3151 1085 3210 atque
1120 3142 1173 3195 in
1196 3142 1324 3197 urbe
1352 3142 1505 3197 Pella
1533 3146 1868 3213 potissimum
1887 3186 1903 3209 ,
1932 3120 1975 3178 δ
2007 3142 2301 3210 diabolum,
2330 3161 2552 3215 quorum
2582 3146 2665 3201 illi
2705 3147 2909 3217 futuri,
2941 3148 3063 3202 huic
3098 3120 3375 3217 prtesentis
3400 3152 3590 3207 saeculi

324 3240 444 3294 qua:
467 3224 519 3279 in
544 3224 1213 3299 Decapolitanaprovincia
1241 3243 1387 3291 est...
1411 3250 1569 3305 prope
1591 3236 1906 3293 Batanwam

326 3333 390 3369 ac
412 3316 780 3374 Basanitidem
799 3338 818 3387 ;
860 3340 975 3377 cum
1009 3324 1143 3390 illic,
1175 3326 1414 3399 inquam,
1446 3328 1773 3384 domicilium
1796 3332 1906 3385 col-

326 3409 590 3463 locassent
618 3451 633 3477 ,
666 3412 787 3467 hinc
820 3412 1015 3469 Ebioni
1051 3416 1181 3471 data
1219 3427 1297 3473 est
1342 3421 1671 3491 propagandi
1706 3424 1903 3477 erroris

327 3498 558 3555 occasio.
604 3499 709 3565 Qui
764 3502 819 3556 in
847 3520 982 3574 pago
1029 3506 1259 3575 quodam
1310 3509 1537 3577 Cocabe,
1590 3512 1647 3566 in
1697 3513 1904 3583 regione

324 3584 735 3645 Carnaimorum
764 3632 779 3657 ,
810 3594 1046 3660 Arnemi,
1096 3606 1147 3653 et
1175 3598 1607 3667 Astarotharum,
1638 3611 1689 3656 et
1728 3602 1902 3657 Baso-

324 3678 508 3735 nitidis
540 3690 713 3735 tractu
728 3682 968 3739 habitare
997 3688 1169 3755 carpit,
1194 3690 1642 3759 quemadmodum
1664 3701 1806 3747 vetus
1832 3694 1902 3746 ad

322 3786 417 3825 nos
453 3787 616 3841 usque
645 3772 793 3842 fama
831 3776 1069 3843 pertulit,
1100 3776 1296 3833 Postea
1327 3795 1460 3835 vero
1498 3782 1683 3851 adjicit
1710 3784 1752 3815 "
1782 3803 1796 3840 :
1834 3783 1902 3838 In

320 3862 457 3917 Asia
479 3880 541 3916 ac
572 3862 752 3920 Romte
771 3883 1002 3921 errorem
1030 3886 1184 3923 suum
1216 3872 1603 3927 disseminavit.
1626 3874 1763 3931 Cum
1798 3878 1899 3932 ita-

321 3971 430 4025 que
454 3957 588 4013 urbs
617 3956 1111 4031 Hierosolymitana
1127 3962 1284 4032 juxta
1315 3966 1633 4034 peritiorum
1664 3967 1901 4025 chrono-

322 4043 522 4117 logiam
553 4061 697 4102 anno
726 4047 930 4105 Christi
967 4050 1034 4106 70
1069 4062 1228 4127 capta
1260 4052 1424 4109 fuerit
1458 4069 1523 4109 ac
1559 4056 1772 4124 diruta,
1803 4076 1900 4129 per

323 4135 377 4192 id
417 4136 587 4194 lenne
616 4145 831 4211 tempus
858 4140 1028 4197 Ebion
1050 4146 1103 4197 in
1131 4144 1288 4208 locis,
1313 4145 1383 4200 ab
1414 4145 1721 4220 Epiphanio
1744 4167 1896 4206 com-

321 4231 903 4295 Inemoralis,errores
949 4249 1082 4290 suos
1135 4236 1498 4293 disseminare
1546 4241 1733 4310 coepit.
1787 4242 1898 4299 Nec

320 4323 479 4393 longe
537 4325 694 4380 abest
749 4326 818 4379 ab
868 4326 971 4381 hac
1031 4328 1302 4383 sententia
1357 4328 1758 4403 Hieronymus,
1803 4339 1897 4406 qui

316 4410 603 4477 Joannem,
637 4424 1004 4486 consurgente
1035 4415 1262 4473 Ebionis
1292 4418 1509 4486 haeresi,
1542 4420 1893 4495 Evangeliqu
1925 4462 1970 4517 Β

318 4519 477 4558 suum
505 4507 791 4576 scripsisse
821 4508 1112 4563 aIIirmat"
1137 4529 1150 4565 :
1179 4510 1405 4580 Scripsit
1427 4511 1771 4585 Euangelium
1796 4519 1894 4581 ad-

318 4612 497 4650 versus
533 4597 957 4658 Cerinthum.....
988 4612 1036 4657 et
1078 4605 1305 4659 maxime
1348 4622 1485 4660 nunc
1521 4607 1891 4666 Ebioniturum

313 4686 507 4758 dogma
537 4706 870 4763 consurgens.

385 4777 617 4837 Errores
643 4797 771 4836 vero
803 4782 1026 4841 Ebionis
1066 4785 1227 4841 iidem
1272 4790 1661 4860 propemodum
1689 4805 1844 4849 erant
1873 4836 1888 4860 ,

309 4882 382 4927 nc
408 4870 691 4939 Cerinthi;
723 4874 796 4928 ita
830 4885 889 4928 ut
918 4876 1006 4931 ille
1046 4891 1075 4929 a
1120 4878 1484 4949 quibusdam,
1508 4882 1654 4952 quod
1707 4892 1888 4942 tamen

313 4962 686 5019 indubitatum
719 4968 945 5023 omnino
974 4986 1080 5023 non
1115 4978 1218 5038 cst,
1256 4971 1506 5040 ejusdem
1530 4974 1775 5033 Cerinthi
1799 4979 1887 5033 di-

312 5055 561 5126 scipulus
587 5056 757 5114 fuisse
786 5068 1084 5115 asseratur.
1126 5062 1361 5120 Docebat
1394 5075 1574 5122 autem
1604 5067 1885 5126 Christum

314 5162 525 5204 merum
557 5164 682 5204 esse
713 5149 1009 5218 hominem,
1040 5167 1105 5207 ex
1137 5152 1305 5209 Maria
1337 5164 1390 5211 et
1417 5155 1616 5229 Ioseph
1642 5161 1883 5219 humano

2005 3244 2237 3301 potestas
2267 3244 2346 3289 est
2393 3238 2677 3291 commissa
2712 3254 2731 3292 :
2761 3238 2915 3310 idque
2944 3238 3083 3294 adeo
3120 3242 3492 3311 omnipotentis
3512 3243 3584 3295 il-

2008 3326 2113 3381 lius
2149 3327 2403 3383 mandato
2448 3328 2521 3384 ad
2567 3331 2822 3402 cujusque
2867 3332 3280 3401 postulationem
3329 3351 3445 3394 esse
3481 3334 3583 3405 fa-

2006 3428 2169 3483 ctum,
2196 3426 2303 3474 etc.

2076 3510 2120 3543 '7
2148 3510 2300 3567 Hanc
2327 3527 2490 3583 porro
2511 3514 2827 3587 opinionum
2855 3516 3182 3577 divisionem
3231 3526 3288 3575 et
3326 3517 3583 3575 dill‘eren-

2005 3604 2134 3659 liam
2166 3602 2345 3660 Elxazo
2367 3607 2864 3679 pseudoprophetis
2888 3610 3232 3666 tribuendam
3249 3626 3372 3667 esse
3398 3612 3590 3682 suspi-.

2004 3705 2182 3750 catur.
2228 3693 2459 3761 Quidam
2506 3713 2635 3753 vero
2662 3698 2810 3754 hunc
2840 3700 3079 3756 Elxaeum
3099 3741 3113 3765 ,
3147 3717 3244 3758 seu
3276 3701 3457 3759 Elceai
3486 3718 3581 3774 pe-

2003 3786 2230 3842 culiaris
2272 3786 2562 3857 cujusdam
2591 3790 2854 3855 baresis,
2899 3808 3022 3863 quae
3069 3792 3140 3847 ab
3187 3793 3333 3848 illius
3358 3794 3581 3849 nomine

2003 3875 2435 3933 Helcesaitarum
2469 3880 2613 3935 dicta
2643 3889 2728 3936 est
2752 3921 2768 3945 ,
2801 3882 3025 3937 tradunt
3073 3881 3245 3938 fuisse
3272 3890 3576 3938 auctorem.

2002 3969 2152 4026 Illius
2182 3987 2347 4043 porro
2386 3987 2604 4028 errores
2632 3974 2700 4027 ab
2728 3972 2967 4030 Eusebio
2994 3974 3042 4007 ⁸⁸
3072 3983 3130 4031 et
3158 3973 3505 4031 Theodoreto
3531 3974 3580 4007 ”

2002 4070 2297 4130 notantur;
2335 4061 2434 4118 sed
2460 4077 2581 4119 eam
2610 4064 2772 4119 simul
2808 4074 3016 4131 natam,
3042 4067 3205 4121 simul
3241 4068 3573 4124 exstinctam

2001 4153 2145 4208 idem
2195 4152 2464 4210 Eusebius
2494 4154 2550 4208 in
2581 4156 2964 4212 ecclesiastica
2993 4173 3092 4212 sua
3134 4157 3376 4219 Historia
3406 4167 3578 4215 testa.-

2001 4253 2091 4301 tus
2119 4252 2223 4301 est.
2253 4244 2493 4301 Citatum
2537 4261 2568 4301 a
2598 4248 2761 4304 nobis
2805 4249 2952 4305 illius
2984 4250 3171 4309 locum.
3209 4252 3255 4305 si
3297 4251 3449 4309 adire
3481 4266 3579 4307 vo-

2000 4338 2193 4403 lueris,
2226 4338 2343 4409 lege
2370 4340 2541 4395 etiam
2571 4338 2629 4397 in
2660 4355 2785 4396 eum
2820 4339 3021 4399 Valesii
3048 4351 3209 4398 notas
3239 4350 3294 4399 et
3323 4344 3577 4402 animad-

2001 4429 2304 4487 versiones.

2072 4519 2338 4579 Ebionitte
2377 4528 2558 4577 autem
2590 4531 2857 4593 praeterea
2906 4525 3178 4582 docebant
3224 4542 3416 4585 omnes
3458 4530 3578 4599 lege

2001 4613 2238 4669 Mosaica
2275 4613 2473 4681 teneri,
2508 4617 2939 4688 servandamque
2978 4617 3200 4674 Sabbati
3246 4620 3571 4676 celebratio-

2000 4723 2144 4774 nem,
2177 4703 2434 4777 quamvis
2465 4708 2805 4764 Dominicam
2844 4726 3062 4781 quoque
3101 4712 3245 4767 diem
3283 4713 3339 4766 in
3368 4711 3575 4768 Resur-

2000 4799 2260 4856 rectionis
2297 4802 2503 4863 Christi
2535 4803 2852 4859 memoriam
2892 4803 3108 4872 ipsimet
3135 4804 3567 4861 observaverint.

1999 4888 2343 4963 Quapropter
2368 4889 2402 4944 ii
2432 4890 2589 4959 juxta
2624 4888 2884 4944 [renatum
2925 4891 2969 4921 ⁶⁰
2995 4908 3009 4944 ;
3041 4889 3272 4946 Paulum
3302 4902 3574 4955 recusant,

1991 4988 2289 5046 apostatam
2320 4996 2438 5035 eum
2468 4980 2594 5050 legis
2619 4980 2964 5045 dicentes.,...
2995 4981 3109 5041 solo
3140 4992 3315 5036 autem
3342 4999 3402 5037 eo
3430 4987 3569 5053 quod

1988 5082 2066 5127 est
2098 5071 2383 5131 secundum
2411 5070 2723 5126 Matthmum
2748 5072 3029 5145 Evangelia
3051 5084 3291 5135 utuntur.
3318 5074 3416 5131 His
3447 5091 3574 5146 qua:

1990 5167 2058 5221 de
2085 5164 2382 5236 Evangelio
2414 5163 2654 5220 Matthari
2686 5166 2950 5222 dicuntur
2978 5204 2993 5230 ,
3024 5167 3269 5231 concinit
3314 5165 3567 5227 Theodo-

384 5348 962 5443 1-Ori’g‘cp.mliblu
1020 5364 1162 5443 cont.
1224 5355 1465 5443 Cels.'et
1526 5363 1616 5417 lib.
1676 5379 1727 5416 Iv
1787 5365 2109 5443 Periarch.,'
2182 5369 2381 5425 Euseb.
2432 5370 2535 5443 lib.
2600 5385 2678 5443 ll_l_
2718 5369 2857 5425 Hist.
2921 5387 3040 5443 cap.
3107 5372 3196 5436 5'7;
3252 5372 3559 5443 Epiphan.,

311 5417 505 5475 haeres.
553 5417 654 5482 ὣς
699 5422 971 5478 Theodor.

315 5486 343 5555 ᾗ
380 5489 428 5543 1.
526 5492 567 5521 ⁵³
606 5492 738 5547 Ibid.
784 5492 810 5555 ᾗ
854 5494 940 5548 I8.

310 5558 723 5644 hornil‘._l7nin
775 5558 934 5644 Luc.;
969 5562 1282 5644 Hieronynt.
1344 5558 1426 5644 Ile
1466 5574 1647 5644 script.
1694 5558 1884 5630 eccles.

310 5631 598 5757 ἔσηῖιὲἷιι.
627 5632 1018 5759 (iniiinii...
1053 5635 1528 5777 ’ἓὲὶδῒ⁴ῒςςξῗ⁴’θ.θ

1058 5424 1209 5501 (hy.
1276 5427 1470 5501 Fabul.
1544 5449 1665 5501 cap.
1723 5449 1781 5488 ιι.

1343 5438 1470 5506 foul.
1544 5449 1665 5506 cap.
1723 5449 1781 5506 tl.
1868 5441 1936 5506 _“
1999 5440 2220 5493 Mercat.
2277 5441 2555 5495 Auathem.
2626 5438 2867 5503 Nestor.,
2928 5438 3013 5495 I2.

1036 5494 1081 5524 δ’
1112 5495 1189 5551 De
1249 5498 1427 5567 script.
1492 5494 1710 5566 ecclés.,
1744 5505 1797 5558 in
1848 5503 2034 5567 Joan.;
2069 5509 2277 5565 Tertul.
2327 5510 2442 5565 Lib.
2498 5510 2562 5562 de
2603 5527 2764 5564 carne
2796 5494 3018 5574 Christi,
3056 5528 3177 5582 cap.
3209 5494 3557 5584 {3.063.162

1037 5580 1282 5636 eronynt.
1344 5569 1420 5621 De
1466 5574 1647 5636 script.
1702 5578 1884 5630 cccles.
1984 5581 2032 5611 ⁵³
2081 5580 2283 5635 “mres.
2349 5582 2440 5636 50.
2499 5579 2526 5636 ﬁ
2581 5580 2671 5636 I8.
2717 5589 2773 5635 ct
2820 5582 3019 5636 Euseb.
3079 5584 3171 5636 lib.
3221 5600 3277 5636 ιιι
3349 5583 3554 5636 Histor.

1563 5646 1614 5695 5.
1718 5646 1763 5675 ⁵⁶
1801 5646 1903 5700 “DIC

1563 5712 1605 5743 "-‘
1656 5712 1782 5769 Loe.
1813 5718 1903 5770 cit.

2030 5652 2110 5707 l6.
2190 5652 2393 5707 "Ibid.
2435 5646 2546 5722 gs.
2616 5651 2667 5684 η
2693 5650 2894 5711 Euseb.
2933 5654 3025 5709 lib.
3057 5670 3106 5708 γι
3148 5653 3286 5708 um.
3312 5657 3432 5724 cap.
3465 5654 3553 5707 δυ.

3121 5444 3167 5473 ⁸⁰
3223 5443 3269 5496 Η
3277 5461 3404 5497 mres
3416 5485 3428 5495 .
3469 5445 3555 5507 50,

2581 5580 2671 5641 I8,
2717 5589 2773 5635 et
2820 5582 3019 5639 Euseb.
3079 5580 3171 5637 lib.
3221 5600 3277 5637 Ill
3349 5580 3554 5638 His'lor.
