3936 6172
291 303 358 364 9i
1190 312 1381 370 PRIMI
1423 312 1780 372 ECCLESIJZ
1824 317 2100 376 SIECULI
2140 320 2661 385 SCRIPTOHIBUS.
3491 338 3562 393 εὶ

289 430 485 489 retus;
526 422 681 481 addit
724 432 909 484 tamen
963 427 1305 501 Epiphanius
1328 433 1373 465 “
1412 453 1427 492 :
1460 434 1778 506 Quanquam
1821 452 1885 490 ne
1913 439 1959 497 Α
1988 442 2241 509 mysteria
2292 443 2538 513 quadam
2580 449 2877 517 quotannis
2925 450 3221 516 celebrant,
3263 452 3318 506 in
3370 456 3557 524 quibus

287 512 554 583 integrum
583 517 792 585 quidem
838 520 1033 575 habent
1059 563 1074 587 ,
1116 524 1207 579 sed
1232 524 1589 579 adulteratum
1620 536 1670 581 et
1713 528 1875 581 muti-
1977 542 2138 595 panes
2178 512 2416 603 azymos,
2447 543 2497 589 et
2520 512 2602 589 adv
2619 537 2841 592 alteram
2870 541 3110 609 mysterii
3134 512 3337 608 partem
3356 512 3557 600 meram

285 602 401 655 lum
423 620 447 666 ;
488 615 657 676 atque
683 609 751 664 iis
776 612 1040 676 omnibus,
1071 632 1188 685 quae
1210 616 1279 670 ad
1300 618 1654 688 genealogiam
1678 617 1879 673 Christi
1976 636 2170 691 aquam
2200 602 2464 680 adhibent.

285 705 557 764 spectant,
588 700 713 756 inde
742 702 952 760 abrasis
978 746 994 771 ,
1028 706 1259 779 idipsum
1303 710 1625 767 Hebraicum
1665 720 1870 766 vocant.
2046 708 2191 766 ldem
2224 713 2402 769 adhuc
2438 715 2773 787 Epiphanius
2797 719 2843 750 ⁸⁸
2868 732 3136 776 memorat
3179 723 3399 779 eosdem
3446 727 3556 782 ha:-

282 786 428 853 Quid
467 807 621 864 ergo,
671 795 887 867 inquies
911 839 929 865 ,
966 798 1254 857 mercatori
1313 804 1578 862 faciemus
1606 846 1621 870 ,
1665 807 1759 878 qui
1804 808 1874 863 de
1973 804 2194 867 reticos,
2225 812 2286 859 ut
2315 786 2570 878 magnum
2600 811 2879 865 erroribus
2908 812 3026 869 suis
3054 816 3396 872 auctoritatis
3418 832 3552 887 pon-

284 881 497 941 Ebione
525 886 640 942 haec
672 890 870 945 scribit
923 910 938 948 ε
982 892 1249 949 Christum
1279 898 1334 951 ξη
1377 897 1473 952 θεῖ
1502 900 1675 968 [suum
1702 901 1868 969 αάορ-
1972 892 2075 949 dus
2101 896 2422 964 tribuerent,
2454 914 2611 955 sacra
2639 903 3013 971 apostolorum
3051 907 3272 961 nomina
3321 881 3551 977 quibus-

286 983 458 1028 tatum
492 993 657 1033 ausus
685 990 765 1035 est
816 982 1111 1051 praedicare
1138 1026 1153 1050 ,
1192 992 1431 1044 asserens
1480 1008 1534 1045 se
1590 990 1834 1047 Hatthtci

1970 988 2093 1042 dam
2123 988 2300 1054 libris,
2326 1005 2355 1044 a
2398 1005 2458 1048 se
2502 992 2772 1057 conﬁctis,
2819 994 3116 1064 praeﬁxisse
3142 1016 3155 1051 :
3182 998 3551 1067 Apostolorum

285 1067 344 1122 Μ
345 1072 463 1124 arci
479 1082 529 1128 et
548 1073 698 1129 Luca:
746 1079 1187 1149 evangelistarum
1208 1087 1576 1141 auctoritatem
1601 1098 1837 1142 secutum

1968 1078 2103 1132 alios
2133 1079 2295 1134 Actus
2324 1081 2721 1151 circumferunt,
2747 1086 2804 1138 in
2831 1085 3017 1156 quibus
3043 1088 3277 1155 plurima
3304 1101 3425 1143 sunt
3450 1091 3551 1143 im-

282 1161 520 1218 Aiebant
542 1168 791 1222 nonnulli
815 1168 1175 1228 Mercatorem
1205 1175 1274 1231 de
1292 1174 1499 1233 Ebione
1521 1218 1535 1241 ,
1568 1179 1704 1233 alios
1737 1194 1866 1235 vero

279 1246 480 1338 Patres
520 1251 589 1308 de
616 1254 738 1323 ejus
782 1257 932 1329 loqui
978 1261 1287 1333 discipulis.
1339 1266 1409 1320 At
1452 1267 1507 1321 id
1545 1270 1691 1338 quod
1734 1285 1864 1325 vero

277 1337 502 1395 videtur
536 1343 773 1401 similius
793 1387 809 1413 ,
844 1348 881 1401 ii
916 1351 1259 1422 subjungunt
1281 1394 1297 1419 ,
1330 1362 1444 1411 tres
1473 1337 1597 1413 illos
1629 1373 1863 1431 evange-

277 1427 435 1486 listas
462 1432 533 1487 ab
562 1433 790 1503 Ebione,
832 1448 893 1495 ut
918 1441 995 1496 ait
1024 1443 1315 1511 Mercator,
1342 1449 1539 1505 citatos
1563 1493 1578 1517 ,
1606 1466 1716 1506 non
1734 1427 1862 1509 ideo

273 1517 504 1611 quidem
522 1523 668 1591 quod
687 1524 1023 1583 admittenda
1047 1539 1262 1602 putaret
1288 1535 1503 1590 illorum
1526 1536 1817 1611 Evangelia
1840 1581 1855 1606 ,

273 1608 373 1663 sed
404 1619 461 1664 ut
492 1626 681 1668 eorum
715 1619 1100 1675 auctoritatem
1132 1632 1327 1678 contra
1374 1608 1734 1694 Catbolicos',
1763 1631 1859 1700 qui

271 1715 394 1754 eam
427 1700 673 1759 divinam
693 1721 820 1764 esse
841 1712 1163 1777 credebant,
1187 1726 1595 1787 argumento,ut
1622 1720 1857 1792 loquun-

271 1799 385 1857 t-ur,
413 1793 484 1847 ad
523 1794 803 1854 hominem
833 1812 1075 1874 urgeret.
1105 1805 1374 1863 Caeterum
1429 1811 1475 1865 si
1518 1812 1649 1881 quid
1706 1814 1854 1870 aliud

269 1884 519 1940 senserit
535 1884 822 1956 Mercator,
843 1903 993 1950 certe
1007 1897 1190 1966 opinio
1210 1899 1357 1955 illius
1379 1902 1610 1957 aliorum
1630 1903 1853 1960 Patrum

266 1978 558 2032 sententia
586 1981 925 2050 preferenda
956 2003 1065 2043 non
1094 1998 1198 2046 est.

341 2064 389 2097 ⁸³
413 2065 794 2129 Praedicabant
842 2075 1070 2150 insuper
1118 2081 1386 2140 Ebionitae
1410 2086 1676 2142 Christum
1716 2091 1852 2145 veri-

267 2159 398 2212 tatis
427 2176 543 2215 esse
571 2165 945 2233 prophetam...
974 2171 1265 2243 Prophetas
1286 2194 1428 2242 vero,
1459 2197 1564 2235 non
1590 2182 1849 2249 ueritatis,

262 2250 356 2345 sed
406 2252 769 2325 intelligentiw
810 2278 921 2317 esse
972 2267 1252 2336 prophetas
1277 2311 1292 2336 ,
1319 2272 1636 2345 proindeque
1664 2274 1849 2331 Iesum

261 2340 441 2395 solum
471 2361 587 2399 esse
619 2351 948 2419 prophetam.
994 2355 1061 2411 Et
1088 2361 1251 2430 paulo
1280 2340 1574 2434 superius:
1606 2366 1851 2421 Abraha-

262 2446 430 2530 mum,
452 2444 505 2488 et
530 2435 781 2495 Isaacum
808 2483 823 2508 ,
856 2462 920 2499 ac
944 2445 1204 2505 Iacobum
1230 2493 1246 2517 ,
1293 2463 1345 2508 et
1405 2456 1659 2525 Moysem,
1693 2468 1849 2530 atque

260 2519 531 2578 Aaronem
561 2528 872 2599 admittunt,
904 2553 1011 2591 una
1039 2556 1157 2594 cum
1186 2542 1338 2610 Iesu,
1368 2519 1683 2618 qui-bfoysis
1710 2519 1847 2605 dun-

255 2810 379 2890 cum
396 2805 758 2860 exsecratione
772 2810 1107 2877 proscribunt
1131 2832 1194 2869 ac
1221 2816 1479 2885 derident,
1503 2830 1655 2890 puta,
1681 2822 1846 2878 Davi-

254 2883 400 2951 dem,
430 2898 482 2943 et
522 2890 884 2965 Salomonem,
916 2912 1071 2973 atque
1104 2904 1311 2963 Isaiam
1337 2950 1351 2975 ,
1381 2883 1671 2967 Ieremiam
1690 2955 1705 2979 ,
1730 2915 1843 2969 Da-

253 2980 468 3075 nielem,
502 2982 849 3054 Ezechielem,
878 2994 1189 3063 quibuscum
1214 3000 1392 3056 Eliam
1421 3013 1577 3075 atque
1607 3005 1840 3061 Eliseum

253 3072 558 3140 repudiant.
591 3075 650 3133 Si
694 3082 821 3151 quis
850 3092 1031 3140 autem
1083 3072 1515 3163 interrogasset:
1557 3094 1703 3152 Unde
1739 3100 1839 3170 igi-

254 3173 344 3216 tur
365 3172 511 3220 tenes
537 3184 655 3237 qua
676 3172 747 3225 ad
774 3173 1011 3246 Moysem
1060 3180 1522 3256 Abrahamumque
1544 3192 1853 3259 pertinent!

252 3257 666 3326 respondebant
705 3263 851 3321 illico
878 3268 934 3321 id
963 3270 1066 3324 sibi
1087 3289 1121 3326 a
1144 3273 1356 3331 Christo
1384 3257 1726 3350 patefactum.

324 3352 482 3448 Alios
507 3369 705 3448 eorum
749 3375 967 3420 errores
1016 3372 1393 3427 enumerando
1426 3374 1570 3430 idem
1599 3376 1837 3448 Epipha-

251 3442 383 3499 nius
412 3444 459 3475 ⁸³
489 3444 701 3502 dixerat
733 3469 745 3505 :
780 3450 881 3507 Est
928 3455 1024 3510 hoc
1060 3458 1169 3514 illis
1201 3460 1415 3532 insuper
1446 3466 1500 3519 in
1521 3442 1665 3527 more
1702 3442 1839 3539 posi-

252 3543 395 3598 tum,
449 3546 508 3588 ut
559 3542 979 3600 adolescentulos
1030 3550 1167 3604 citra
1212 3563 1479 3611 maturam
1527 3569 1737 3616 (etatem
1768 3563 1837 3616 ad

250 3627 471 3694 nuptias
499 3633 882 3699 compellant...
913 3654 1075 3708 neque
1098 3658 1216 3697 vero
1250 3646 1368 3700 unis
1399 3647 1664 3710 duntaxat
1704 3670 1837 3723 nup-

250 3717 341 3772 tiis
369 3718 664 3787 afﬁnitates
694 3726 832 3780 inter
858 3745 914 3783 se
958 3732 1312 3805 conjungunt,
1348 3738 1439 3793 sed
1457 3742 1521 3794 'si
1545 3743 1631 3796 cui
1660 3717 1836 3800 divor-

250 3806 385 3860 tium
419 3808 593 3877 facere
623 3812 866 3883 libuerit,
909 3836 987 3874 ac-
1010 3839 1198 3878 novum
1230 3828 1363 3882 inire
1410 3835 1832 3901 matrimonium,

248 3898 322 3951 ad
354 3902 545 3956 tertias
575 3909 910 3976 etrseptimas
941 3928 1103 3984 usque
1127 3920 1336 3986 nuptias
1368 3925 1697 3988 permittunt.
1730 3898 1835 3984 Su;

246 3992 443 4091 peritis
471 4010 602 4049 vero
630 3998 674 4028 “
703 4018 715 4053 :
767 3999 941 4058 Hodie
963 4045 979 4070 ,
1013 4006 1293 4078 inquiebat
1313 4052 1327 4077 ,
1369 4016 1644 4086 virginitas
1694 4022 1834 4091 apud

245 4082 374 4136 illos
411 4092 461 4137 et
500 4088 724 4142 castitas
775 4095 987 4148 omnino
1023 4097 1395 4165 prohibetur...
1424 4082 1569 4161 Nam
1613 4082 1740 4164 olim
1770 4112 1834 4171 de

245 4172 552 4242 virginitate
582 4177 807 4248 gloriari
837 4183 1116 4253 solebant,
1166 4192 1424 4248 nimirum
1466 4196 1530 4250 ob
1571 4196 1833 4255 Iacobum

245 4267 477 4333 fratrem
506 4268 741 4340 Domini,
768 4275 998 4349 adeoque
1042 4282 1204 4340 libros
1253 4304 1375 4343 suos
1408 4289 1478 4344 ad
1520 4294 1752 4351 seniores
1782 4307 1831 4351 et

246 4358 477 4428 virgines
506 4362 817 4422 inscribunt.

1965 1170 2174 1237 pietatis
2215 1171 2431 1226 illorum
2455 1175 2692 1245 vestigia,
2718 1176 2931 1247 ejusque
2956 1179 3285 1246 potissimum
3314 1186 3548 1238 auctori-

1966 1269 2075 1317 tate
2110 1262 2234 1317 libri
2260 1264 2330 1318 ad
2354 1267 2762 1337 oppugnandam
2803 1271 3074 1323 veritatem
3123 1282 3419 1330 armantur.
3480 1275 3547 1330 Et

1963 1352 2105 1408 infra
2125 1354 2169 1386 "
2196 1374 2208 1409 :
2230 1356 2600 1425 Apostolorum
2630 1362 2870 1424 nomina,
2890 1378 2990 1431 quo
3020 1364 3237 1432 facilius
3260 1375 3543 1421 sectatores

1961 1461 2085 1499 suos
2109 1446 2400 1515 pelliciant,
2444 1465 2536 1518 per
2562 1451 2951 1506 simulationem
2994 1454 3306 1517 admittunt,
3355 1455 3543 1524 quibus

1958 1539 2118 1592 etiam
2148 1540 2399 1608 conﬁctos
2427 1542 2679 1611 quosdam
2707 1560 2741 1597 a
2768 1561 2823 1598 se
2865 1544 3024 1599 libros
3068 1546 3378 1612 inscribunt,
3407 1546 3544 1601 velut

1960 1646 1994 1682 a
2017 1628 2244 1693 Iacobo,
2264 1629 2545 1696 Matthazo,
2579 1649 2642 1686 ac
2672 1634 2886 1704 reliquis
2915 1634 3188 1703 discipulis
3220 1636 3410 1701 editos,
3451 1640 3538 1691 in-

1959 1727 2038 1772 ter
2056 1736 2171 1790 qua:
2193 1718 2419 1775 Joannis
2441 1722 2601 1775 etiam
2619 1723 2844 1791 apostoli
2873 1741 3059 1778 nomen
3080 1724 3389 1780 admiscent.
3405 1726 3448 1780 Τ
3451 1744 3540 1783 es-

1887 1785 1928 1840 Β
1957 1785 2128 1865 latum
2151 1810 2388 1882 denique
2422 1785 2777 1874 facit,librum
2802 1816 2893 1885 qui
2925 1812 3191 1869 Circuitus
3221 1812 3396 1884 Petri,
3423 1826 3478 1873 et
3505 1834 3539 1874 ι

1953 1902 2231 1959 Clemente
2254 1905 2603 1976 conscriptus
2632 1922 2761 1963 esse
2796 1906 3092 1972 ferebatur,
3126 1907 3319 1963 iisdem
3366 1910 3539 1966 haere-

1952 1996 2077 2053 ticis
2106 1997 2231 2052 usui
2270 1997 2461 2055 fuisse.
3162 1994 3166 2001 ’

2019 2088 2139 2156 Qua
2169 2105 2303 2145 cura
2333 2090 2675 2162 Epiphanius
2702 2105 2921 2147 errores
2951 2091 3327 2148 Ebionitarum
3352 2109 3540 2151 recen-

1950 2195 2052 2247 set,
2086 2181 2273 2236 eadem
2304 2182 2462 2253 plane
2492 2182 2773 2254 diligentia
2803 2199 2919 2248 eos,
2949 2199 2978 2237 a
3007 2186 3209 2256 quibus
3249 2186 3437 2257 rejecti
3481 2196 3538 2245 et

1948 2274 2215 2330 destructi
2262 2284 2410 2339 sunt,
2447 2276 2753 2331 luculenter
2807 2276 3051 2331 ostendit
3078 2296 3092 2331 :
3120 2277 3310 2342 Porro,
3355 2280 3548 2351 inquit‘

1948 2364 2059 2427 ille,
2091 2381 2194 2418 non
2215 2362 2449 2419 Ioannes
2473 2363 2649 2428 modo,
2679 2364 2768 2419 sed
2788 2374 2837 2418 et
2861 2380 3036 2419 omnes
3057 2381 3274 2434 prorsus
3310 2369 3537 2437 apostoli

1948 2452 2167 2509 Ebionis
2196 2456 2353 2525 ﬁdem
2383 2456 2679 2524 repudiant,
2708 2466 2759 2511 et
2785 2474 2817 2510 a
2846 2458 2958 2511 suis
2984 2457 3339 2528 dogmatibus,
3383 2470 3538 2531 atque

1948 2548 2236 2615 apostolico
2261 2548 2352 2601 illo
2385 2548 2692 2603 charactere
2722 2548 2954 2603 alienam
2975 2550 3255 2619 judicant;
3292 2551 3349 2605 id
3392 2552 3549 2622 quod‘

1946 2641 2227 2711 unicuique
2252 2642 2585 2711 perspicuum
2613 2651 2711 2697 est.
2742 2641 2994 2699 Vidimus
3039 2659 3204 2715 supra
3232 2660 3298 2700 ex
3337 2644 3531 2701 Hiero-

1944 2749 2108 2804 nymo
2134 2732 2396 2789 Joannem
2424 2733 2482 2789 in
2511 2734 2702 2804 primis
2723 2736 2987 2791 adversus
3009 2752 3347 2808 consurgens
3372 2737 3533 2794 Ebio-

1944 2825 2031 2881 nis
2054 2825 2270 2897 dogma,
2296 2842 2455 2882 suum
2481 2824 2721 2884 edidisse
2746 2827 3117 2899 Evangelium.
3145 2828 3339 2885 Nullus
3366 2846 3557 2901 porro.

1942 2918 2225 2973 dubitandi
2259 2919 2412 2975 locus
2438 2927 2544 2985 est,
2585 2921 2718 2990 quin
2743 2919 2913 2975 divini
2953 2921 3031 2975 illi
3063 2922 3273 2992 pugiles
3314 2924 3528 2993 plenam

1942 3007 2347 3080 perfectamque
2365 3010 2627 3066 adversus
2654 3011 2754 3066 hos
2777 3011 2898 3066 ﬁdei
2917 3020 2969 3067 et
2987 3013 3267 3068 catholicae
3288 3014 3531 3069 veritatis

1940 3102 2129 3158 hostes
2148 3103 2432 3158 victoriam
2462 3105 2879 3173 reportaverint.
2905 3104 2971 3159 Et
3000 3114 3149 3163 certe
3171 3108 3282 3177 jam
3316 3109 3531 3163 monui-

1941 3212 2063 3252 mus
2094 3197 2216 3252 illos
2241 3211 2270 3250 a
2303 3196 2419 3253 suis
2448 3196 2763 3267 primordiis
2791 3199 2971 3254 varias
3002 3199 3057 3254 in
3098 3208 3286 3270 partes
3322 3201 3531 3257 scissos

1940 3277 2134 3354 fuisse,
2162 3296 2215 3344 et
2246 3289 2389 3344 inter
2418 3304 2477 3344 se
2505 3288 2733 3344 divisos.
2764 3288 2906 3356 Quid
2937 3301 3117 3346 autem
3147 3291 3295 3346 aliud
3324 3308 3389 3347 ex
3422 3292 3527 3347 hac

1937 3381 2281 3437 dissensione
2311 3381 2464 3451 sequi
2494 3382 2688 3450 potuit,
2724 3396 2886 3451 quam
2918 3382 3127 3453 integra
3156 3383 3319 3453 hujus
3365 3393 3529 3441 secta:

1938 3473 2117 3536 ruina,
2149 3472 2532 3542 excidiumque
2558 3478 2768 3527 certum
2800 3480 2855 3528 et
2883 3474 3249 3530 celerrimum.
3275 3473 3394 3529 Non
3420 3476 3526 3530 ibi-

1938 3582 2061 3623 mus
2094 3572 2276 3620 tamen
2305 3565 2518 3620 inﬁcias
2560 3564 2746 3634 plures
2778 3563 3000 3621 Ebionis
3040 3581 3256 3621 errores
3288 3567 3355 3622 ab
3398 3569 3524 3624 aliis

1938 3654 2284 3728 postmodum
2315 3654 2586 3711 haereticis
2629 3663 2941 3721 renovatos,
2975 3655 3070 3712 sed
3101 3656 3138 3711 ii
3180 3656 3522 3729 proﬂigatum

1937 3750 2005 3804 ab
2028 3748 2289 3819 apostolis
2310 3745 2688 3802 Ebionitarum
2712 3760 2931 3811 nomen,
2950 3746 3055 3802 sibi
3080 3745 3339 3819 deinceps
3362 3763 3522 3803 arro-

1938 3850 2067 3908 gare
2093 3851 2202 3891 non
2232 3833 2351 3890 ausi
2382 3846 2533 3891 sunt.

2531 3925 2763 3982 CAPUT
2802 3927 2913 3983 VII.

2363 4015 2437 4071 De
2464 4016 2651 4071 hwresi
2683 4016 3094 4077 Nazarteorum.

2006 4107 2267 4174 Quamvis
2295 4106 2536 4162 Nazarsei
2560 4123 2591 4163 a
2622 4109 2944 4179 quibusdam
2973 4109 3269 4164 Christiani
3303 4111 3517 4166 bmreti4

1935 4199 2005 4266 ci,
2036 4213 2067 4253 a
2113 4199 2390 4253 nonnullis
2418 4213 2520 4252 nec
2563 4197 2882 4263 Christiani,
2926 4215 3025 4254 nec
3050 4198 3242 4266 Iudaei,
3287 4201 3353 4255 ab
3395 4202 3519 4256 aliis

1935 4290 2168 4358 denique
2197 4286 2390 4343 iisdem
2418 4302 2482 4343 ac
2524 4286 2767 4343 Ebionzei
2813 4290 3099 4345 error-ibus
3129 4291 3390 4360 implicati
3430 4291 3517 4346 di-

1934 4388 2156 4444 cantur,
2191 4378 2267 4431 illi
2297 4386 2496 4442 tamen,
2534 4380 2579 4434 si
2606 4378 2974 4450 Epiphanio"
3004 4381 3158 4444 tides,
3192 4382 3327 4435 meri
3359 4391 3517 4436 erant

320 4448 708 4546 irraditetiam
743 4458 788 4491 "
817 4459 1080 4520 Ebionem
1135 4467 1549 4543 discipulosque
1594 4476 1715 4546 ejus
1764 4480 1828 4533 ab

1945 4469 2100 4525 Iudaei
2128 4489 2140 4523 :
2171 4468 2350 4539 Neque
2374 4468 2600 4523 Iesswos
2625 4448 2680 4524 se
2708 4448 2852 4537 ipsos
2884 4480 3089 4533 vocant,
3124 4487 3285 4542 neque
3304 4469 3516 4525 Iudico.

244 4540 522 4597 alimentis
558 4546 800 4605 omnibus
846 4554 1179 4627 reliquoque,
1211 4560 1351 4631 quod
1392 4540 1549 4619 carne
1608 4540 1843 4637 constet,

244 4634 619 4702 abstinuisse;
646 4642 788 4710 quod
818 4644 915 4699 illa
944 4663 971 4700 e
1012 4665 1295 4719 corporum
1336 4656 1479 4710 coitu
1519 4634 1832 4715 concubitu-

242 4742 346 4821 que
376 4732 685 4821 gignantur.
718 4733 831 4791 Nec
870 4738 1075 4811 pigebit
1116 4759 1181 4798 ex
1211 4746 1402 4802 eodem
1444 4748 1752 4821 Epiphanio
1783 4756 1829 4787 "

242 4816 543 4875 observare
560 4820 844 4882 Ebionitas
869 4833 1112 4899 quotidie
1135 4834 1364 4905 lavasse,
1393 4847 1447 4893 et
1469 4816 1828 4912 quotiescun-

242 4923 355 4977 que
376 4910 584 4981 aliquid
603 4913 804 4985 impuri
833 4935 892 4975 se
922 4923 1168 4993 tetigisse
1190 4910 1619 4991 arbitrabantur.
1651 4935 1825 5007 Quam

240 5003 702 5061 consuetudinem
742 5015 802 5062 ut
859 5008 1004 5066 Petri
1056 5019 1384 5077 auctoritate
1434 5003 1720 5081 ﬁrmareth
1769 5032 1827 5081 et

238 5093 527 5162 exemplo:
551 5095 767 5165 Petrus,
790 5101 1129 5173 inquiebant,
1149 5108 1361 5164 lavabat
1382 5114 1634 5183 quotidie,
1657 5116 1834 5184 prius-

238 5196 403 5273 quam
449 5184 625 5239 cibum
672 5200 919 5246 sumeret.
954 5192 1133 5266 Pergit
1171 5198 1312 5255 idem
1364 5199 1701 5273 Epiphanius
1730 5205 1772 5237 ⁶⁷
1802 5224 1814 5259 :

242 5269 527 5340 Baptismo
556 5293 759 5349 quoque
784 5293 979 5349 prater
1008 5289 1380 5356 quotidianum
1412 5269 1567 5348 illum
1607 5296 1830 5350 initian-

240 5373 361 5426 tur,
409 5375 460 5419 et
515 5383 581 5423 ea:
635 5368 1068 5432 Christianorum
1130 5379 1481 5455 Ecclesiwque
1531 5387 1826 5447 imitatione

314 5641 357 5717 _‘_'
377 5641 659 5717 Epiphan.
748 5651 854 5705 loc.
924 5652 1018 5707 oit.

243 5714 289 5747 κ
311 5693 683 5787 ιιιῑίῑῗὲἒζῖὲ
713 5693 895 5778 crae.
926 5693 1018 5757 ντί
1034 5693 1169 5780 imi.
1206 5693 1355 5787 £76.
1437 5693 1479 5760 εἲ

1188 5656 1309 5729 ‘jﬁ.
1388 5656 1727 5729 “Epiphan.
1788 5661 1890 5715 loc.
1949 5661 2043 5717 cit.
2108 5660 2261 5729 518.

1188 5656 1309 5710 ‘13.
1388 5656 1503 5711 “E
1544 5659 1727 5729 iphan.
1788 5661 1890 5715 loc.
1949 5661 2043 5717 cit.
2179 5661 2261 5717 l8.
2363 5660 2575 5717 “Ibid.
2653 5661 2794 5715 “lbi

1115 5653 1169 5780 ἑ.
1206 5725 1237 5797 ς
1275 5728 1355 5782 16.
1437 5729 1479 5760 ⁸⁸
1509 5671 1643 5786 ibid.
1723 5730 1765 5763 θ’
1802 5731 1938 5787 Ibid.
2011 5731 2038 5803 ς
2074 5660 2163 5788 2%.
2266 5731 2312 5765 7°
2336 5729 2537 5789 Haeres.
2572 5732 2644 5788 29
2688 5731 2714 5800 §
2749 5733 2796 5785 7.

1936 4579 2055 4615 rum
2084 4561 2393 4615 vocabulum
2439 4562 2681 4625 retinent,
2711 4578 2871 4631 neque
2919 4579 2973 4616 se
3018 4562 3370 4627 Christianos,
3422 4563 3513 4617 sed

1941 4652 2234 4707 Nazarwos
2277 4652 2341 4706 de
2370 4652 2467 4705 illa
2515 4652 2615 4705 loci
2643 4653 2994 4723 appellatione
3043 4664 3364 4722 nuncupant,
3394 4671 3514 4708 cum

1932 4743 2144 4797 interim
2189 4743 2323 4796 meri
2355 4744 2458 4797 sint
2505 4740 2705 4809 Iudaei,
2738 4761 2898 4814 neque
2949 4744 3097 4798 aliud
3144 4756 3417 4813 prwterea.
3448 4745 3514 4800 Et

1931 4836 2175 4895 sectione
2202 4850 2347 4895 nona
2374 4833 2586 4890 :Iudazi
2620 4838 2795 4906 potius
2831 4854 2989 4907 quam
3019 4838 3250 4907 cujusvis
3291 4840 3511 4897 alterius

1928 4926 2131 4996 generis
2158 4936 2302 4991 sunt,
2333 4928 2544 4980 tametsi
2605 4926 2811 4982 Iudwis
2858 4930 2965 4983 sint
3008 4930 3394 4993 inimicissimi;
3420 4949 3509 4986 ne-

1928 5033 2027 5086 que
2052 5017 2189 5071 enim
2218 5016 2528 5071 Iudaeorum
2550 5019 2747 5088 posteri
2773 5021 2945 5074 solum
2974 5021 3193 5090 capitali
3219 5021 3340 5076 illos
3388 5022 3508 5079 odio

1929 5117 2332 5177 prosequuntur,
2358 5107 2448 5162 sed
2476 5120 2525 5164 et
2554 5127 2706 5164 mane
2729 5128 2791 5164 ac
2816 5110 3032 5166 meridie
3049 5122 3097 5166 et
3122 5111 3190 5167 ad
3215 5128 3504 5182 vesperam,

1896 5270 1901 5271 ν
1931 5209 2008 5253 ter
2033 5200 2097 5254 de
2120 5200 2223 5267 die,
2254 5217 2372 5254 cum
2403 5202 2457 5254 in
2502 5202 2781 5272 synagogis
2813 5204 2921 5257 suis
2950 5203 3020 5257 ad
3044 5203 3302 5259 orandum
3332 5220 3508 5263 conca:

1930 5294 2101 5357 niunt,
2134 5291 2267 5346 diris
2299 5292 2421 5346 illas
2461 5294 2726 5361 devovent,
2760 5312 2823 5349 ac
2868 5296 3091 5350 solemni
3135 5297 3520 5366 imprecatione.

1927 5383 2283 5451 proscribunt.
2320 5381 2462 5438 Idem
2492 5392 2673 5441 tamen
2704 5387 2868 5457 paulo
2893 5388 3071 5453 aliter,
3102 5396 3156 5445 et
3188 5387 3402 5459 planius
3432 5387 3502 5440 il-

2363 5661 2406 5736 ξ’
2440 5660 2575 5717 Ibid.
2618 5661 2850 5736 flgiti.
2893 5662 2917 5733 ς
2957 5663 3008 5715 2.
3113 5660 3155 5691 εδ
3184 5661 3291 5717 Ibid
3349 5660 3495 5736 με.
