3936 6172
324 303 395 358 25
1486 308 1575 362 DE
1622 308 1929 365 OMNIBUS
1967 308 2375 365 GENERATIM
3528 315 3599 369 24

326 419 418 473 lud
449 418 674 473 delinire
704 418 919 475 videtur
949 420 1034 476 his
1065 422 1245 477 verbis
1273 441 1285 474 :
1316 420 1428 475 Hoc
1459 423 1619 491 igitur
1647 417 1749 476 uno
1788 431 1896 475 tam
1927 426 1974 482 Α
2002 439 2130 476 usus
2160 422 2463 491 indiﬁ'erens
2486 424 2823 493 feminarum.
2855 422 2927 478 Hi
2960 440 3064 479 nec
3080 424 3145 478 ab
3177 426 3266 489 iis,
3293 441 3408 495 quae
3436 427 3593 481 idolis

333 528 365 562 a
394 508 621 574 Juda’is,
652 528 809 580 quam
832 529 863 564 a
889 511 1208 567 Christianis
1237 514 1485 583 differunt
1510 528 1529 566 :
1561 513 1626 566 ab
1657 514 1765 567 illis
1790 515 1908 583 qui-

325 602 442 655 dem
471 600 609 670 quod
640 602 694 655 in
742 601 1011 657 Christum
1049 603 1300 668 credant;
1346 622 1379 657 a
1427 600 1745 659 Christianis
1790 622 1907 660 vero

325 690 462 758 quod
486 688 728 744 Judaicis
756 690 944 745 ritibus
976 692 1331 760 implicantur.

399 780 511 838 Hos
540 790 720 838 autem
750 783 941 838 iisdem
972 786 1362 855 propemodum
1393 802 1456 841 ac
1484 786 1723 843 Ebiomei
1755 804 1908 843 erro-

327 872 482 928 ribus
512 872 751 929 imbutos
781 874 939 929 docet
968 875 1109 931 idem
1142 876 1476 947 Epiphanius
1497 880 1540 911 "
1566 898 1579 933 :
1604 879 1769 932 Ambo
1799 880 1908 933 col-

329 964 453 1017 latis
479 965 612 1017 inter
637 981 692 1020 se
713 964 991 1034 capitibus,
1022 974 1174 1020 suam
1206 969 1338 1021 alter
1366 985 1483 1022 cum
1512 971 1677 1024 altero
1710 972 1906 1039 impro-

329 1056 541 1109 bitatem
575 1073 637 1111 ac
683 1058 970 1127 nequitiam
996 1060 1415 1117 communicavit.
1442 1062 1609 1133 Atque
1634 1064 1733 1117 etsi
1775 1080 1907 1133 qua-

328 1148 607 1202 damtenus
631 1165 661 1202 a
690 1166 746 1204 se
773 1158 955 1203 mutuo
980 1150 1303 1217 dissideant,
1334 1153 1391 1207 in
1430 1155 1776 1224 excogitando
1824 1166 1907 1210 ta-

328 1259 444 1295 men
472 1243 785 1310 pravissimo
823 1242 1066 1312 dogmate
1106 1259 1219 1297 sese
1270 1245 1487 1299 invicem
1518 1262 1901 1314 expresserunt.

333 1328 526 1384 Utrum
555 1345 685 1386 vero
716 1332 850 1401 ipsis
877 1339 930 1386 et
961 1347 1085 1387 cum
1118 1331 1485 1391 Cerinthianis
1514 1339 1704 1393 eodem
1745 1340 1907 1395 modo

331 1422 667 1485 convenerit,
697 1434 899 1491 anceps
927 1421 1017 1476 ille
1042 1429 1123 1476 est
1156 1442 1167 1476 :
1193 1421 1269 1477 De
1294 1421 1500 1479 Christo
1525 1442 1663 1489 vero,
1695 1427 1905 1497 inquie-

331 1509 509 1572 bat",
554 1520 694 1563 certo
739 1510 1000 1579 afﬁrmare
1046 1528 1260 1580 nequeo,
1309 1522 1488 1567 utrum
1535 1512 1790 1580 Cerinthi,
1830 1519 1915 1572 vel-

331 1597 585 1653 Herinthi
610 1599 874 1668 impietate
902 1600 998 1654 illa
1035 1600 1256 1670 decepti,
1299 1602 1584 1673 simplicem
1615 1605 1764 1659 illum
1812 1606 1907 1660 ho-

331 1692 521 1744 minem
551 1701 863 1757 asseverant,
895 1709 956 1745 ac
984 1693 1062 1745 uti
1086 1709 1196 1747 sese
1220 1710 1298 1747 res
1330 1694 1502 1759 habet,
1524 1711 1615 1764 per
1644 1695 1902 1767 Spiritum

329 1792 569 1836 sanctum
599 1781 663 1837 de
711 1782 892 1837 Maria
945 1782 1156 1854 Virgine
1180 1786 1411 1854 genitum
1457 1759 1569 1842 esse
1612 1759 1900 1859 fateantur.
1937 1759 1978 1814 Β

330 1872 705 1930 Theodoretus
733 1889 863 1930 vero
890 1874 1109 1931 brevius
1136 1876 1463 1947 planiusque
1505 1878 1780 1947 edisserit,
1811 1882 1905 1952 qui

330 1965 529 2020 fuerint
554 1964 821 2030 Nazaraai,
854 1974 908 2021 et
954 1982 1073 2037 quae
1115 1982 1305 2021 eorum
1351 1969 1597 2035 haeresis,
1630 1987 1738 2042 quo
1769 1982 1906 2029 tem-

327 2071 459 2125 pore
486 2064 698 2121 exorta,
726 2065 781 2111 et
812 2071 842 2110 a
872 2057 1071 2126 quibus
1097 2055 1314 2112 tandem
1343 2070 1652 2132 expugnata
1681 2082 1694 2117 :
1721 2062 1909 2117 Nasa-

328 2151 423 2203 rcei
449 2148 629 2204 Judaei
652 2159 794 2212 sunt,
827 2148 1097 2204 Christum
1142 2149 1480 2219 honorantes,
1531 2164 1784 2226 tanquam
1813 2156 1911 2211 ho-

329 2239 519 2292 minem
541 2239 769 2308 justum,
794 2248 844 2293 et
875 2237 1155 2308 Evangelia
1185 2250 1428 2308 utuntur,
1459 2243 1597 2316 quod
1625 2246 1908 2301 secundum

329 2332 547 2387 Petrum
575 2333 793 2389 dicitur.
830 2335 944 2391 Has
975 2339 1216 2403 haereses,
1246 2339 1537 2407 imperante
1578 2337 1904 2403 Domitiano,

328 2423 587 2491 con/latas
631 2435 817 2480 auctor
844 2438 921 2481 est
967 2428 1245 2485 Eusebius.
1290 2428 1490 2486 Contra
1530 2445 1660 2500 quas
1700 2430 1909 2498 scripsit

329 2511 571 2569 Justinus
599 2515 934 2587 philosophus
964 2530 1012 2573 et
1043 2532 1267 2592 martyr,
1298 2530 1348 2575 et
1375 2520 1610 2575 lrenteus
1640 2538 1910 2577 successor

330 2608 711 2673 apostolorum,
741 2620 789 2663 et
824 2608 1094 2682 Origenes.

399 2693 498 2751 llic
524 2703 703 2752 autem
751 2699 924 2755 obiter
961 2702 1192 2758 observa
1241 2703 1374 2759 illud
1414 2704 1731 2761 dillicultate
1760 2709 1908 2762 omni

328 2800 438 2839 non
449 2800 655 2854 carere,
670 2790 813 2858 quod
830 2791 905 2843 ait
924 2806 1019 2848 eos
1036 2808 1164 2848 usos
1182 2793 1471 2866 Evangelio
1498 2796 1640 2851 κατὰ
1667 2798 1873 2870 Πέτρον
1891 2840 1906 2865 ,

329 2877 767 2948 quandoquidem
800 2880 1029 2937 alIirmat
1058 2883 1393 2955 Epiphanius
1423 2887 1558 2943 illud
1600 2891 1906 2946 secundum

330 2967 639 3025 Matthaaum
661 3010 676 3036 ,
708 2979 761 3025 et
798 2970 1067 3030 Hebraice
1099 2978 1362 3047 scriptum
1396 2977 1566 3034 fuisse
1585 2979 1632 3011 "
1660 2999 1672 3034 :
1704 2980 1802 3035 Est
1833 2999 1913 3037 ve.

329 3077 425 3124 ro,
471 3060 627 3124 iniit,
680 3078 831 3131 penes
881 3065 1003 3118 illos
1052 3064 1393 3137 Evangelium
1444 3070 1728 3124 secundum
1759 3070 1906 3126 Μαι·
1936 3088 1981 3149 C

332 3149 522 3204 thwum
555 3150 811 3207 Hebraice
838 3155 1112 3225 scriptum,
1130 3167 1181 3210 et
1209 3159 1415 3228 quidem
1438 3160 1907 3219 absolutissimum.

336 3241 447 3295 Hoc
495 3242 632 3296 enim
677 3245 984 3310 certissime,
1033 3256 1188 3315 prout
1215 3248 1488 3305 Hebraicis
1521 3251 1710 3307 litteris
1760 3254 1910 3308 initio

331 3335 582 3402 scriptum
605 3342 704 3399 est,
735 3336 787 3388 in
816 3336 1125 3391 hodiernum
1157 3348 1354 3408 tempus
1379 3357 1540 3411 usque
1579 3355 1909 3399 conservant.

332 3425 457 3481 llaec
487 3444 618 3484 sane
663 3431 896 3484 assertio
927 3440 1035 3485 tam
1064 3442 1212 3498 certa
1260 3442 1314 3490 et
1346 3437 1633 3506 perspicua
1680 3454 1911 3509 scrupu-

332 3519 443 3571 lum
491 3534 623 3574 sane
657 3528 711 3575 et
754 3523 1042 3590 quamdam
1092 3524 1485 3581 dubitationem
1530 3527 1726 3597 injicit,
1780 3545 1907 3583 num

332 3607 549 3676 aziquod
586 3609 641 3663 in
687 3616 889 3664 textum
939 3609 1265 3668 Theodoreti
1311 3616 1563 3670 mendum
1609 3618 1907 3688 irrepserit,

332 3696 414 3749 vel
464 3698 578 3765 ipse
626 3698 795 3752 falsus
834 3700 924 3763 sit,
977 3708 1071 3754 aut
1124 3703 1383 3756 memoria
1432 3704 1645 3774 lapsus;
1697 3722 1762 3761 ac
1811 3723 1911 3778 pro

332 3787 473 3839 κατὰ
494 3789 695 3860 Πέτρον
713 3792 855 3860 apud
882 3792 1058 3860 ipsum
1088 3794 1190 3862 legi
1219 3793 1431 3861 debeat,
1453 3797 1593 3850 κατὰ
1609 3798 1905 3856 Ματθαῖον.

334 3877 399 3929 Et
444 3886 590 3933 certe
642 3879 770 3935 huic
820 3883 1148 3951 conjecturae
1194 3884 1337 3939 favet
1384 3885 1766 3957 Hieronymus,
1816 3892 1907 3945 ubi

335 3972 471 4026 dixit
492 3974 537 4004 7‘
563 3989 577 4026 :
601 3971 667 4027 In
696 3974 980 4046 Evangelia
1008 3993 1107 4047 quo
1134 3986 1355 4030 utuntur
1382 3977 1653 4044 Nazara'i,
1684 3994 1732 4036 et
1756 3983 1911 4037 Ebio-

335 4066 480 4129 uitte,
524 4067 662 4136 quod
696 4083 856 4137 nuper
901 4069 957 4121 in
986 4066 1223 4122 Crtecum
1252 4069 1315 4124 de
1364 4069 1588 4127 Hebraeo
1631 4079 1909 4130 transtuli-

335 4173 472 4219 mus,
504 4165 555 4210 et
583 4154 719 4225 quod
749 4167 963 4210 vocatur
1002 4174 1035 4211 a
1060 4156 1319 4229 plerisque
1360 4158 1604 4215 Matthazi
1647 4165 1909 4220 authenti-

334 4262 472 4300 cum.
507 4243 650 4300 Idem
680 4247 805 4300 alibi
832 4248 1111 4316 repetit”,
1143 4264 1207 4303 ac
1238 4251 1455 4305 tandem
1479 4253 1637 4308 docet
1665 4255 1907 4329 Evange-

336 4338 467 4391 lium
514 4354 623 4393 non
673 4338 907 4393 Matthzei
937 4341 1030 4395 sed
1080 4340 1247 4394 Marci
1272 4340 1430 4397 Petro
1477 4343 1645 4401 fuisse
1671 4350 1904 4404 attribu-

2013 513 2378 577 immolantur,
2409 514 2550 569 cibos
2579 532 2702 571 suos
2728 524 2994 584 separant,
3017 525 3067 571 et
3096 517 3232 571 alios
3263 519 3397 571 ritus
3426 522 3595 588 genti-

2015 602 2145 655 lium
2194 604 2626 672 superstitionum
2673 622 2776 658 non
2825 615 3154 661 aversantur.
3190 604 3436 661 Narrant
3482 610 3592 663 alia

2008 690 2254 759 qutedam
2307 691 2573 760 fabulosa,
2623 692 2687 747 de
2715 694 2932 759 mundo,
2978 696 3152 749 nescio
3195 711 3313 765 qua:
3363 695 3592 751 barbara

2007 782 2306 849 principum
2362 783 2578 837 nomina
2634 783 2909 837 miscentes
2964 782 3407 852 disputationibus
3455 789 3587 844 suis.

2008 868 2251 924 Barbara
2277 869 2369 924 illa
2394 871 2613 925 nomina
2646 870 2812 926 refert
2841 872 3059 941 quidem
3106 872 3462 943 Epiphanius,
3495 876 3598 930 sed

2007 974 2107 1015 eos
2136 960 2203 1016 de
2232 961 2421 1016 iisdem
2453 962 2597 1017 inter
2627 977 2685 1017 se
2714 962 3007 1018 dissentire
3034 971 3237 1019 monet.
3270 965 3473 1035 Aliqui,
3508 968 3592 1020 in-

2008 1050 2212 1118 quit",
2244 1050 2588 1106 Barbelonem
2619 1053 2790 1107 nescio
2810 1070 2967 1123 quam
2999 1054 3281 1118 celebrant,
3314 1058 3399 1109 cui
3427 1058 3481 1111 in
3502 1074 3593 1111 oc-

2010 1151 2128 1195 tavo
2155 1142 2282 1197 caelo
2313 1142 2637 1197 domicilium
2668 1143 2982 1199 attribuunt.
3016 1144 3169 1199 Hanc
3199 1163 3232 1199 a
3263 1146 3423 1201 Patre
3461 1164 3588 1215 pro-

2007 1237 2221 1289 ductam
2242 1234 2523 1303 a/ﬁrmant,
2547 1244 2864 1305 matremque
2886 1235 2981 1288 alii
3004 1235 3349 1300 laldabaoth,
3375 1238 3471 1291 alii
3493 1238 3592 1293 ει-

2009 1325 2471 1394 baothfaciunt....
2492 1326 2593 1380 alii
2609 1324 2893 1379 Prunicam
2912 1325 3215 1397 quamdam,
3235 1328 3328 1381 alii
3351 1327 3590 1382 Caulau-

2006 1416 2171 1471 cauch
2191 1415 2403 1469 cuidam
2419 1413 2642 1468 eamdem
2662 1415 3022 1470 venerationem
3041 1415 3291 1486 deferunt,
3308 1435 3404 1488 quo
3422 1422 3586 1473 nomi-

2004 1525 2069 1563 ne
2137 1523 2297 1560 unum
2312 1522 2376 1560 ea:
2391 1507 2712 1577 principibus
2730 1508 3007 1577 appellant.
3108 1508 3218 1561 Alii
3229 1508 3409 1562 dicunt
3432 1510 3589 1565 initio

2008 1596 2265 1661 tenebras,
2294 1615 2355 1652 ac
2402 1600 2721 1669 voraginem,
2752 1608 2802 1653 et
2848 1615 3038 1669 aquam
3068 1599 3228 1667 fuisse
3254 1639 3269 1663 ,
3293 1616 3409 1669 qua:
3447 1617 3480 1653 a
3525 1618 3583 1655 se

2006 1692 2222 1745 invicem
2243 1691 2460 1760 spiritus
2490 1692 2777 1745 secreverit.
2812 1690 2999 1744 Verum
3022 1690 3243 1745 tenebrae
3269 1699 3453 1745 contra
3481 1694 3594 1761 spi-

2008 1783 2167 1835 ritum
2201 1782 2482 1835 iracundia
2515 1798 2577 1835 ac
2604 1782 2783 1851 furore
2804 1784 3035 1851 percitae,
3064 1799 3276 1837 sursum
3304 1797 3592 1837 excurren—

2009 1882 2106 1935 tes,
2140 1888 2255 1925 cum
2285 1889 2346 1927 eo
2375 1888 2664 1943 congressa:
2690 1881 2834 1929 sunt.
2868 1870 3000 1925 Inde
3025 1874 3221 1926 matrix
3251 1873 3422 1926 nescio
3449 1890 3589 1943 quae.

2006 1963 2184 2034 genita
2229 1961 2450 2032 prodiit,
2479 1979 2596 2033 qua:
2635 1961 2869 2031 ejusdem
2900 1962 3116 2031 spiritus
3160 1962 3595 2017 consuetudinem

2008 2052 2240 2122 appetiit,
2262 2068 2326 2106 ex
2349 2069 2511 2122 eaque
2541 2062 2767 2123 quatuor
2792 2070 2962 2108 leones
2995 2051 3234 2122 producti
3263 2062 3406 2119 sunt,
3430 2052 3494 2105 ab
3524 2054 3595 2105 iis

2006 2155 2232 2216 quatuor
2255 2144 2430 2199 decem
2459 2144 2555 2198 alii
2579 2146 2861 2213 procreati,
2887 2146 3009 2199 item
3040 2144 3228 2198 dextra
3250 2144 3589 2214 sinistraque,

2008 2255 2099 2292 nec
2128 2255 2229 2293 non
2263 2237 2434 2291 lumen
2457 2247 2504 2291 et
2535 2237 2776 2293 tenebrae.
2808 2236 3106 2292 Secundum
3132 2236 3226 2290 hos
3256 2252 3432 2290 omnes
3479 2245 3591 2287 tur-

2005 2341 2119 2394 pem
2152 2326 2429 2397 quemdam
2465 2344 2661 2381 leonem
2702 2327 2901 2381 editum
2939 2335 3183 2389 narrant,
3222 2341 3439 2395 eumque
3472 2341 3594 2377 cum

2010 2436 2097 2483 ea,
2128 2437 2283 2491 quam
2313 2420 2472 2490 paulo
2500 2430 2620 2473 ante
2650 2418 2907 2487 diximus,
2933 2421 3151 2474 matrice
3178 2420 3406 2481 coiisse;
3431 2428 3479 2473 et
3522 2418 3587 2471 ab

2011 2520 2228 2581 utroque
2265 2510 2409 2576 deos,
2440 2521 2594 2580 atque
2635 2511 2867 2580 angelos,
2896 2520 2944 2566 et
2974 2511 3256 2575 dmmones,
3289 2527 3351 2564 ac
3392 2519 3588 2577 septem

2009 2605 2224 2672 spiritus
2274 2613 2448 2657 ortum
2489 2602 2750 2658 habuisse.
2800 2601 3091 2673 Subjungit
3119 2600 3588 2657 tandemzCertos

2011 2693 2172 2749 libros
2198 2693 2526 2749 Jaldabaoth
2554 2696 2762 2749 nomine
2787 2696 3092 2765 inscriptos,
3120 2712 3182 2749 ac
3206 2695 3590 2748 commentitios

2011 2784 2222 2841 habent.

2083 2876 2194 2932 Hos
2225 2876 2534 2942 hzereticos,
2566 2876 2612 2933 si
2642 2875 2904 2933 Irenaeum
2926 2876 2976 2909 θ’
3001 2886 3054 2931 et
3089 2874 3384 2931 Eusebium
3411 2876 3455 2907 "
3485 2889 3586 2927 au-

2012 2966 2151 3032 dias,
2180 2967 2421 3024 Joannes
2444 2970 2529 3024 his
2557 2969 2738 3024 verbis
2768 2969 2823 3023 in
2851 2968 3171 3037 Apocalypsi
3197 2977 3348 3021 notat
3366 2968 3410 2999 "
3439 2988 3451 3022 :
3482 2964 3595 3021 Sed

2010 3061 2107 3116 hoc
2131 3061 2288 3116 habes
2320 3061 2463 3128 boni,
2488 3062 2612 3131 quia
2643 3059 2803 3115 odisti
2831 3060 2978 3129 facta
3013 3058 3063 3112 Ν
3071 3062 3433 3122 icolaitarum,
3469 3077 3589 3131 qua:

2013 3162 2062 3208 et
2090 3171 2183 3222 ego
2214 3153 2322 3209 odi.
2353 3154 2396 3206 A
2424 3152 2625 3222 quibus
2654 3160 2835 3207 autem
2870 3153 2979 3206 sint
3006 3152 3323 3222 oppugnati,
3353 3152 3588 3220 accipies

2012 3258 2043 3296 a
2090 3242 2433 3298 Theodoreto
2452 3242 2537 3297 “z
2566 3240 2765 3297 Contra
2815 3240 2931 3305 hos,
2967 3242 3163 3311 inquit,
3216 3242 3423 3310 scripsit
3462 3238 3589 3298 Cle-

2013 3352 2180 3398 mens,
2212 3344 2262 3389 et
2288 3333 2548 3397 lrenwus,
2578 3342 2627 3387 et
2658 3332 2929 3402 Origenes,
2956 3343 3006 3387 et
3038 3331 3353 3403 Hippolytus
3390 3334 3589 3401 episco-

2010 3442 2107 3496 pus
2127 3436 2176 3480 et
2195 3435 2418 3495 martyr.
2444 3423 2616 3491 Quam
2640 3438 2770 3479 vero
2792 3422 3021 3478 feliciter
3039 3433 3229 3479 contra
3252 3439 3347 3479 eos
3375 3438 3586 3494 pugna—

2010 3516 2206 3579 verint,
2240 3516 2465 3585 colligas
2490 3531 2559 3570 ex
2578 3514 2806 3570 victoria
2837 3515 2906 3569 ab
2934 3515 3013 3569 eis
3046 3530 3306 3584 perquam
3326 3515 3590 3569 citissime

2010 3613 2306 3678 reportata.
2353 3605 2566 3661 Etenim
2612 3606 2728 3659 haec
2782 3605 3025 3669 hceresis,
3073 3612 3211 3660 teste
3262 3604 3497 3661 Eusebio
3518 3604 3585 3666 ⁸⁸,

2013 3697 2312 3751 brevissimo
2353 3696 2600 3765 temporis
2638 3695 2811 3764 spatio
2842 3694 3150 3762 permansit.
3181 3694 3257 3749 Ex
3287 3695 3387 3749 hoc
3406 3706 3588 3749 tamen

2011 3787 2160 3843 fonte
2186 3785 2601 3855 corruptissimo
2627 3784 2899 3839 ﬂuxerunt
2924 3782 3189 3848 Gnostici,
3218 3784 3417 3854 aliique
3444 3800 3591 3839 com-

2011 3878 2220 3948 plures,
2246 3876 2313 3929 de
2336 3874 2535 3944 quibus
2566 3872 2899 3943 Epiphanius
2922 3872 2967 3903 ⁸⁵
2996 3891 3009 3927 :
3034 3872 3112 3925 Ab
3162 3872 3257 3926 hoc
3284 3873 3451 3942 fonte,
3483 3875 3587 3939 ait,

2009 3968 2251 4029 derivati,
2279 3981 2342 4018 ac
2386 3965 2604 4026 pessime
2652 3965 2706 4017 in
2739 3963 2987 4017 mundum
3016 3963 3299 4017 introducti
3327 3973 3446 4017 sunt
3476 3963 3585 4017 ha:-

2009 4058 2159 4111 retici
2186 4056 2287 4120 illi,
2318 4056 2410 4125 qui
2436 4072 2552 4108 eam
2582 4053 2703 4121 sibi,
2736 4072 2893 4125 quam
2923 4054 3061 4123 {also
3084 4056 3379 4119 nominant,
3409 4056 3588 4125 cogni~

2010 4151 2200 4205 tionem
2236 4148 2520 4211 vindicant,
2557 4147 2852 4214 cujusmodi
2881 4157 3002 4202 sunt
3034 4145 3287 4211 Gnostici,
3312 4145 3591 4201 Phibioni-

2010 4252 2095 4305 tte,
2125 4250 2174 4294 et
2202 4239 2391 4310 quibus
2432 4239 2496 4292 ab
2526 4237 2795 4308 Epiphane
2836 4255 3020 4294 nomen
3045 4248 3121 4293 est
3164 4236 3411 4292 inditum.
3448 4237 3579 4291 Tum

2008 4333 2167 4386 etiam
2201 4330 2481 4394 Militares,
2511 4328 2747 4394 Levitici,
2779 4331 2970 4401 aliique
3008 4329 3319 4399 complures.
3348 4330 3585 4396 Quorum

336 4438 448 4483 [um
471 4430 517 4461 ἰα
544 4450 555 4484 ε
585 4428 689 4485 Sed
716 4444 763 4485 ει
814 4430 1157 4501 Evangelia",
1196 4433 1481 4488 secundum
1526 4436 1788 4507 Marcum,
1820 4444 1908 4511 qm-
1940 4418 1982 4472 D
2010 4421 2224 4491 quilibet
2253 4420 2494 4475 haeresim
2538 4420 2828 4489 propriam,
2861 4420 2928 4473 ad
2970 4422 3134 4474 animi
3160 4422 3244 4475 sui
3283 4422 3582 4490 aﬂ'ectiones

336 4520 549 4575 auditor
572 4522 685 4591 ejus
711 4532 760 4577 et
791 4524 1045 4595 interpres
1077 4527 1199 4595 fuit,
1224 4526 1400 4597 hujus,
1431 4528 1600 4595 Petri,
1628 4546 1740 4585 esse
1776 4531 1911 4586 dici-

338 4624 442 4667 m'
926 4684 1153 4739 CAPUT
1192 4684 1327 4743 VIII.

754 4772 832 4829 De
859 4775 1044 4829 harresi
1078 4774 1487 4834 Nicolaitarum.

407 4864 686 4922 Nicolaita:
732 4884 924 4923 novam
971 4886 1187 4939 quoque
1234 4872 1408 4941 primo
1458 4873 1654 4928 saeculo
1705 4883 1907 4929 sectam

339 4958 632 5013 commenti
660 4966 807 5014 sunt.
838 4959 1073 5016 Eri-ores
1097 4977 1284 5016 eorum
1315 4965 1502 5031 paucis
1535 4966 1715 5019 verbis
1744 4980 1910 5033 expo-

339 5051 422 5104 nit
469 5048 769 5104 lrenzeus"
797 5070 809 5105 :
839 5050 1125 5105 lndiscrete
1173 5053 1366 5118 vivunt,
1414 5052 1616 5106 nullam
1663 5052 1909 5123 di/fereu-

342 5143 471 5195 tiam
500 5157 610 5193 esse
639 5142 867 5196 dicentes
896 5142 951 5194 in
980 5142 1305 5201 masc/tando.
1337 5152 1386 5196 et
1415 5142 1763 5213 idolothytum
1791 5144 1904 5198 ede-

341 5245 415 5285 re.
465 5231 804 5302 Augustinus
852 5239 1028 5287 autem
1080 5234 1239 5304 paulo
1282 5235 1576 5289 dilucidius
1599 5236 1684 5290 ⁷⁸;
1727 5234 1908 5290 Placet

455 5418 499 5448 "
549 5417 750 5471 liaarcs.
817 5417 910 5482 50,
955 5416 981 5486 §
1042 5418 1096 5473 2.

1190 5420 1236 5450 ⁷²
1286 5418 1486 5475 Haeres.
1531 5420 1600 5474 ἓξ)
1647 5420 1673 5488 §
1718 5420 1769 5472 7.

345 5487 413 5539 ad
465 5503 584 5555 cap.

661 5504 773 5561 λιιιἰ
819 5488 882 5561 ,⁷⁵
927 5491 1019 5561 _De_
1077 5493 1321 5561 scriptor.

346 5626 582 5695 "Apoc.
644 5643 706 5687 II,
766 5628 818 5680 6.

348 5696 396 5723 “
426 5696 585 5750 Lucis
623 5699 826 5751 citatis.

920 5629 964 5659 ⁸³
991 5627 1108 5681 Lib.
1152 5643 1210 5682 tu

1874 5421 1920 5452 ⁷³
1967 5420 2168 5475 l'lzeres.
2220 5419 2321 5489 29.

1405 5491 1586 5545 eccles.
1613 5532 1629 5558 ,
1659 5493 1716 5545 in
1783 5488 1978 5546 Matth.

345 5573 467 5656 gap.
503 5558 592 5610 27.
669 5558 714 5587 ⁷⁸
746 5556 862 5611 Lib.
903 5557 966 5610 de
1000 5556 1210 5637 Incresi,
1315 5559 1367 5611 5.
1444 5560 1485 5589 ’⁸³
1520 5556 1720 5613 ﬂueres.
1790 5560 1881 5623 25,
1930 5559 1957 5630 ᾗ

350 5628 582 5699 ηᾼροο.
644 5643 706 5687 ιι,
766 5628 818 5680 6.
920 5627 1108 5681 "Lib.
1152 5643 1210 5682 tu
1274 5626 1449 5682 Iterct.
1486 5626 1851 5699 Fabul.,cap.
1908 5631 1958 5683 l.

2014 4509 2435 4574 accommodans,
2467 4518 2739 4562 sexcentas
2786 4510 3028 4579 nequitiae
3091 4512 3203 4566 vias
3249 4512 3580 4582 excogitavit.

2010 4600 2186 4671 Atque
2228 4600 2352 4655 inde
2394 4599 2584 4669 procul
2628 4598 2794 4654 dubio
2823 4586 3075 4663 ortaest,
3108 4616 3171 4655 ea
3211 4617 3374 4671 quam
3416 4617 3582 4672 supra

2011 4691 2450 4754 memoravimus,
2475 4690 2576 4745 hos
2598 4690 2740 4745 inter
2770 4690 3057 4747 haereticos
3077 4690 3145 4747 de
3168 4694 3419 4750 barbaris
3440 4696 3585 4764 prino

2007 4783 2187 4852 cipum
2220 4782 2530 4837 nominibus
2557 4780 2846 4835 dissensio.

2082 4874 2216 4941 Quis
2248 4881 2427 4929 autem
2455 4874 2681 4942 hujusce
2723 4873 2993 4928 haereseos
3023 4880 3216 4929 auctor
3256 4874 3439 4940 fuerit,
3474 4891 3582 4931 non

2012 4966 2085 5020 ita
2122 4971 2431 5035 promptum
2462 4970 2547 5018 est
2587 4962 2833 5019 delinire.
2872 4962 3098 5017 Plurimi
3128 4964 3443 5021 existimant
3475 4983 3583 5021 non

2014 5057 2178 5110 alium
2213 5054 2381 5111 fuisse
2406 5070 2567 5125 quam
2598 5053 2900 5118 Nicolaum,
2929 5070 3097 5108 unum
3125 5071 3192 5110 ex
3227 5067 3433 5127 septem
3478 5058 3581 5113 illis

2015 5146 2267 5201 Ecclesia
2296 5145 2633 5210 diaconibus,
2654 5145 2746 5213 qui
2778 5146 2845 5199 ab
2868 5145 3130 5215 apostolis
3168 5147 3324 5201 electi
3354 5156 3408 5202 et
3428 5149 3585 5201 inau—

2014 5238 2194 5309 gurati
2226 5244 2373 5292 sunt.
2404 5236 2469 5289 Et
2509 5237 2625 5291 haec
2654 5238 2871 5306 quidem
2912 5236 3011 5290 fuit
3041 5236 3226 5293 lrenzei
3246 5239 3313 5304 ⁸⁸,
3342 5238 3580 5317 Epipha-

2605 5418 2652 5449 ⁷⁸
2707 5418 2826 5473 Lib.
2856 5434 2893 5470 tt
2944 5416 3235 5472 Comment.
3300 5420 3357 5471 in
3384 5418 3580 5475 Matth.

2097 5491 2145 5519 ⁷⁸
2219 5488 2354 5543 Ibid.
2437 5486 2528 5559 in_
2552 5487 2731 5559 Petr.
2802 5491 2873 5559 "7
2904 5487 3022 5559 Lib.
3097 5504 3134 5540 ιι
3179 5489 3335 5559 _.4dv.
3394 5490 3577 5545 Ita't‘cs.

2012 5559 2067 5618 ἓ.
2112 5559 2146 5612 5
2206 5566 2259 5611 et
2310 5556 2397 5612 5(
2438 5559 2483 5588 ⁸ο
2507 5556 2635 5611 an.
2689 5558 2783 5611 cit.
2859 5558 2897 5589 ⁸¹
2932 5556 3051 5610 Lib.
3081 5556 3310 5626 νίνηιεε.
3345 5574 3464 5626 cap.
3491 5560 3577 5611 ‘l‘l.

2036 5629 2081 5662 “
2120 5628 2238 5682 Lib.
2275 5643 2334 5681 ιιι
2392 5627 2614 5691 Histor.,
2670 5644 2788 5695 cap.
2853 5627 2941 5680 29.
3040 5626 3085 5657 ⁸⁸
3115 5625 3316 5682 "teres.
3365 5625 3576 5698 25351
