  <div class='ocr_page' id='page_1' title='image "/cluster/home/n/w/nwhite01/storage/ocr_20150623/1/nnc1.0022106693/020.png"; bbox 0 0 3936 6172; ppageno 0'>
   <div class='ocr_carea' id='block_1_1' title="bbox 202 347 1807 406">
    <p class='ocr_par' dir='ltr' id='par_1_1' title="bbox 202 347 1807 406">
     <span class='ocr_line' id='line_1_1' title="bbox 202 347 1807 406; baseline 0.002 -8"><span class='ocrx_word' id='word_1_1' title='bbox 202 347 272 399; x_wconf 78' lang='grc'><strong>25</strong></span> <span class='ocrx_word' id='word_1_2' title='bbox 1089 347 1281 402; x_wconf 74' lang='lat' dir='ltr'><strong>PRIMI</strong></span> <span class='ocrx_word' id='word_1_3' title='bbox 1322 349 1675 406; x_wconf 65' lang='lat' dir='ltr'><strong>ECCLESIE</strong></span> <span class='ocrx_word' id='word_1_4' title='bbox 1719 348 1807 402; x_wconf 58' lang='lat' dir='ltr'><strong>Sel</strong></span> 
     </span>
    </p>
   </div>
   <div class='ocr_carea' id='block_1_2' title="bbox 1877 347 3460 406">
    <p class='ocr_par' dir='ltr' id='par_1_2' title="bbox 1881 347 3460 406">
     <span class='ocr_line' id='line_1_2' title="bbox 1881 347 3460 406; baseline 0.001 -3"><span class='ocrx_word' id='word_1_5' title='bbox 1881 348 1991 403; x_wconf 60' lang='grc' dir='ltr'>[ιιι</span> <span class='ocrx_word' id='word_1_6' title='bbox 2033 347 2554 404; x_wconf 79' lang='lat' dir='ltr'><strong>SCRIPTORIBUS.</strong></span> <span class='ocrx_word' id='word_1_7' title='bbox 3391 352 3460 406; x_wconf 74' lang='lat'><strong>‘26</strong></span> 
     </span>
    </p>
   </div>
   <div class='ocr_carea' id='block_1_3' title="bbox 193 460 3457 538">
    <p class='ocr_par' dir='ltr' id='par_1_3' title="bbox 193 460 3457 538">
     <span class='ocr_line' id='line_1_3' title="bbox 193 460 3457 538; baseline 0 -20"><span class='ocrx_word' id='word_1_8' title='bbox 193 465 264 518; x_wconf 89' lang='lat' dir='ltr'><strong>nii</strong></span> <span class='ocrx_word' id='word_1_9' title='bbox 309 472 363 519; x_wconf 90' lang='lat' dir='ltr'><strong>et</strong></span> <span class='ocrx_word' id='word_1_10' title='bbox 391 460 677 517; x_wconf 87' lang='lat' dir='ltr'><strong>Philastrii</strong></span> <span class='ocrx_word' id='word_1_11' title='bbox 728 464 936 534; x_wconf 92' lang='lat' dir='ltr'><strong>opinio,</strong></span> <span class='ocrx_word' id='word_1_12' title='bbox 980 467 1182 534; x_wconf 84' lang='lat' dir='ltr'><strong>quibus</strong></span> <span class='ocrx_word' id='word_1_13' title='bbox 1233 468 1600 538; x_wconf 78' lang='lat' dir='ltr'><strong>astipulantur</strong></span> <span class='ocrx_word' id='word_1_14' title='bbox 1630 466 1779 520; x_wconf 83' lang='lat' dir='ltr'><strong>Hila-</strong></span> <span class='ocrx_word' id='word_1_15' title='bbox 1808 472 1852 526; x_wconf 77' lang='grc' dir='ltr'>Α</span> <span class='ocrx_word' id='word_1_16' title='bbox 1882 472 2174 520; x_wconf 78' lang='lat' dir='ltr'><strong>monstrat.</strong></span> <span class='ocrx_word' id='word_1_17' title='bbox 2243 464 2508 520; x_wconf 89' lang='lat' dir='ltr'><strong>Clementi</strong></span> <span class='ocrx_word' id='word_1_18' title='bbox 2580 464 2911 532; x_wconf 87' lang='lat' dir='ltr'><strong>astipulatur</strong></span> <span class='ocrx_word' id='word_1_19' title='bbox 2975 471 3098 537; x_wconf 85' lang='lat' dir='ltr'><strong>post</strong></span> <span class='ocrx_word' id='word_1_20' title='bbox 3164 463 3457 520; x_wconf 87' lang='lat' dir='ltr'><strong>Eusebium</strong></span> 
     </span>
    </p>
   </div>
   <div class='ocr_carea' id='block_1_4' title="bbox 193 553 1780 629">
    <p class='ocr_par' dir='ltr' id='par_1_4' title="bbox 193 553 1780 629">
     <span class='ocr_line' id='line_1_4' title="bbox 193 553 1780 629; baseline 0.001 -20"><span class='ocrx_word' id='word_1_21' title='bbox 193 558 305 609; x_wconf 87' lang='lat' dir='ltr'><strong>rius</strong></span> <span class='ocrx_word' id='word_1_22' title='bbox 327 555 398 619; x_wconf 83' lang='grc'><strong>⁸⁷,</strong></span> <span class='ocrx_word' id='word_1_23' title='bbox 426 553 790 625; x_wconf 79' lang='lat' dir='ltr'><strong>Hieronymus</strong></span> <span class='ocrx_word' id='word_1_24' title='bbox 812 557 880 618; x_wconf 82' lang='grc'><strong>⁸⁸,</strong></span> <span class='ocrx_word' id='word_1_25' title='bbox 911 555 1151 613; x_wconf 87' lang='lat' dir='ltr'><strong>Isidorus</strong></span> <span class='ocrx_word' id='word_1_26' title='bbox 1174 558 1242 622; x_wconf 82' lang='grc'><strong>⁸⁵,</strong></span> <span class='ocrx_word' id='word_1_27' title='bbox 1271 559 1472 629; x_wconf 87' lang='lat' dir='ltr'><strong>aliique</strong></span> <span class='ocrx_word' id='word_1_28' title='bbox 1507 572 1615 612; x_wconf 92' lang='lat' dir='ltr'><strong>non</strong></span> <span class='ocrx_word' id='word_1_29' title='bbox 1646 572 1780 626; x_wconf 87' lang='lat' dir='ltr'><strong>pau-</strong></span> 
     </span>
    </p>
   </div>
   <div class='ocr_carea' id='block_1_5' title="bbox 192 644 1780 716">
    <p class='ocr_par' dir='ltr' id='par_1_5' title="bbox 192 644 1780 716">
     <span class='ocr_line' id='line_1_5' title="bbox 192 644 1780 716; baseline 0.003 -18"><span class='ocrx_word' id='word_1_30' title='bbox 192 645 261 701; x_wconf 89' lang='lat' dir='ltr'><strong>ci.</strong></span> <span class='ocrx_word' id='word_1_31' title='bbox 285 644 346 698; x_wconf 91' lang='lat' dir='ltr'><strong>ln</strong></span> <span class='ocrx_word' id='word_1_32' title='bbox 372 659 568 700; x_wconf 82' lang='lat' dir='ltr'><strong>eorum</strong></span> <span class='ocrx_word' id='word_1_33' title='bbox 598 652 775 700; x_wconf 88' lang='lat' dir='ltr'><strong>tamen</strong></span> <span class='ocrx_word' id='word_1_34' title='bbox 807 661 966 716; x_wconf 83' lang='lat' dir='ltr'><strong>grege</strong></span> <span class='ocrx_word' id='word_1_35' title='bbox 987 646 1359 704; x_wconf 88' lang='lat' dir='ltr'><strong>Tertullianus</strong></span> <span class='ocrx_word' id='word_1_36' title='bbox 1383 664 1494 703; x_wconf 87' lang='lat' dir='ltr'><strong>non</strong></span> <span class='ocrx_word' id='word_1_37' title='bbox 1516 663 1780 702; x_wconf 85' lang='lat' dir='ltr'><strong>annume—</strong></span> 
     </span>
    </p>
   </div>
   <div class='ocr_carea' id='block_1_6' title="bbox 194 736 1778 810">
    <p class='ocr_par' dir='ltr' id='par_1_6' title="bbox 194 736 1778 810">
     <span class='ocr_line' id='line_1_6' title="bbox 194 736 1778 810; baseline 0.002 -21"><span class='ocrx_word' id='word_1_38' title='bbox 194 736 397 791; x_wconf 86' lang='lat' dir='ltr'><strong>randus</strong></span> <span class='ocrx_word' id='word_1_39' title='bbox 427 745 533 793; x_wconf 89' lang='lat' dir='ltr'><strong>est.</strong></span> <span class='ocrx_word' id='word_1_40' title='bbox 573 737 716 791; x_wconf 83' lang='lat' dir='ltr'><strong>Nihil</strong></span> <span class='ocrx_word' id='word_1_41' title='bbox 746 739 890 793; x_wconf 89' lang='lat' dir='ltr'><strong>enim</strong></span> <span class='ocrx_word' id='word_1_42' title='bbox 918 739 986 794; x_wconf 93' lang='lat' dir='ltr'><strong>de</strong></span> <span class='ocrx_word' id='word_1_43' title='bbox 1015 739 1241 795; x_wconf 88' lang='lat' dir='ltr'><strong>Nicolao</strong></span> <span class='ocrx_word' id='word_1_44' title='bbox 1273 742 1366 796; x_wconf 91' lang='lat' dir='ltr'><strong>illo</strong></span> <span class='ocrx_word' id='word_1_45' title='bbox 1395 741 1634 810; x_wconf 84' lang='lat' dir='ltr'><strong>scripsit.</strong></span> <span class='ocrx_word' id='word_1_46' title='bbox 1671 739 1778 794; x_wconf 82' lang='lat' dir='ltr'><strong>nisi</strong></span> 
     </span>
    </p>
   </div>
   <div class='ocr_carea' id='block_1_7' title="bbox 194 821 1778 903">
    <p class='ocr_par' dir='ltr' id='par_1_7' title="bbox 194 821 1778 903">
     <span class='ocr_line' id='line_1_7' title="bbox 194 821 1778 903; baseline 0 -20"><span class='ocrx_word' id='word_1_47' title='bbox 194 830 246 884; x_wconf 85' lang='lat' dir='ltr'><strong>in</strong></span> <span class='ocrx_word' id='word_1_48' title='bbox 268 828 445 899; x_wconf 84' lang='lat' dir='ltr'><strong>capite</strong></span> <span class='ocrx_word' id='word_1_49' title='bbox 473 830 545 884; x_wconf 81' lang='grc'><strong>45</strong></span> <span class='ocrx_word' id='word_1_50' title='bbox 577 821 728 877; x_wconf 87' lang='lat' dir='ltr'><strong>Libri</strong></span> <span class='ocrx_word' id='word_1_51' title='bbox 751 826 815 881; x_wconf 89' lang='lat' dir='ltr'><strong>de</strong></span> <span class='ocrx_word' id='word_1_52' title='bbox 833 829 1317 901; x_wconf 72' lang='lat' dir='ltr'><strong>prwscriptionibus</strong></span> <span class='ocrx_word' id='word_1_53' title='bbox 1345 853 1366 889; x_wconf 84' lang='lat'><strong>.-</strong></span> <span class='ocrx_word' id='word_1_54' title='bbox 1391 833 1534 903; x_wconf 91' lang='lat' dir='ltr'><strong>quod</strong></span> <span class='ocrx_word' id='word_1_55' title='bbox 1559 831 1778 902; x_wconf 85' lang='lat' dir='ltr'><strong>quidem</strong></span> 
     </span>
    </p>
   </div>
   <div class='ocr_carea' id='block_1_8' title="bbox 195 918 1776 994">
    <p class='ocr_par' dir='ltr' id='par_1_8' title="bbox 195 918 1776 994">
     <span class='ocr_line' id='line_1_8' title="bbox 195 918 1776 994; baseline 0.001 -23"><span class='ocrx_word' id='word_1_56' title='bbox 195 926 352 987; x_wconf 88' lang='lat' dir='ltr'><strong>caput</strong></span> <span class='ocrx_word' id='word_1_57' title='bbox 395 918 576 974; x_wconf 84' lang='lat' dir='ltr'><strong>eidem</strong></span> <span class='ocrx_word' id='word_1_58' title='bbox 619 919 758 976; x_wconf 91' lang='lat' dir='ltr'><strong>libro</strong></span> <span class='ocrx_word' id='word_1_59' title='bbox 800 922 868 975; x_wconf 92' lang='lat' dir='ltr'><strong>ab</strong></span> <span class='ocrx_word' id='word_1_60' title='bbox 915 924 1214 994; x_wconf 87' lang='lat' dir='ltr'><strong>impostore</strong></span> <span class='ocrx_word' id='word_1_61' title='bbox 1261 922 1497 992; x_wconf 88' lang='lat' dir='ltr'><strong>quodam</strong></span> <span class='ocrx_word' id='word_1_62' title='bbox 1529 929 1776 976; x_wconf 86' lang='lat' dir='ltr'><strong>assutum</strong></span> 
     </span>
    </p>
   </div>
   <div class='ocr_carea' id='block_1_9' title="bbox 199 1010 963 1080">
    <p class='ocr_par' dir='ltr' id='par_1_9' title="bbox 199 1010 963 1080">
     <span class='ocr_line' id='line_1_9' title="bbox 199 1010 963 1080; baseline 0.009 -16"><span class='ocrx_word' id='word_1_63' title='bbox 199 1010 359 1066; x_wconf 70' lang='lat' dir='ltr'><strong>fuisse</strong></span> <span class='ocrx_word' id='word_1_64' title='bbox 384 1012 498 1080; x_wconf 90' lang='lat' dir='ltr'><strong>jam</strong></span> <span class='ocrx_word' id='word_1_65' title='bbox 529 1012 963 1071; x_wconf 78' lang='lat' dir='ltr'><strong>observavimus.</strong></span> 
     </span>
    </p>
   </div>
   <div class='ocr_carea' id='block_1_10' title="bbox 261 1100 1775 1174">
    <p class='ocr_par' dir='ltr' id='par_1_10' title="bbox 261 1100 1775 1174">
     <span class='ocr_line' id='line_1_10' title="bbox 261 1100 1775 1174; baseline 0.002 -22"><span class='ocrx_word' id='word_1_66' title='bbox 261 1100 625 1172; x_wconf 80' lang='lat' dir='ltr'><strong>Refragantur</strong></span> <span class='ocrx_word' id='word_1_67' title='bbox 651 1112 830 1158; x_wconf 89' lang='lat' dir='ltr'><strong>autem</strong></span> <span class='ocrx_word' id='word_1_68' title='bbox 860 1105 988 1158; x_wconf 86' lang='lat' dir='ltr'><strong>huic</strong></span> <span class='ocrx_word' id='word_1_69' title='bbox 1019 1111 1099 1159; x_wconf 88' lang='lat' dir='ltr'><strong>tot</strong></span> <span class='ocrx_word' id='word_1_70' title='bbox 1127 1111 1514 1174; x_wconf 84' lang='lat' dir='ltr'><strong>tantorumque</strong></span> <span class='ocrx_word' id='word_1_71' title='bbox 1534 1102 1775 1157; x_wconf 86' lang='lat' dir='ltr'><strong>virorum</strong></span> 
     </span>
    </p>
   </div>
   <div class='ocr_carea' id='block_1_11' title="bbox 193 1191 1776 1263">
    <p class='ocr_par' dir='ltr' id='par_1_11' title="bbox 193 1191 1776 1263">
     <span class='ocr_line' id='line_1_11' title="bbox 193 1191 1776 1263; baseline -0.002 -17"><span class='ocrx_word' id='word_1_72' title='bbox 193 1193 470 1247; x_wconf 69' lang='lat' dir='ltr'><strong>sententiae</strong></span> <span class='ocrx_word' id='word_1_73' title='bbox 499 1194 802 1263; x_wconf 86' lang='lat' dir='ltr'><strong>scriptores</strong></span> <span class='ocrx_word' id='word_1_74' title='bbox 831 1195 1105 1256; x_wconf 87' lang='lat' dir='ltr'><strong>nonnulli,</strong></span> <span class='ocrx_word' id='word_1_75' title='bbox 1140 1195 1401 1263; x_wconf 88' lang='lat' dir='ltr'><strong>aiuntque</strong></span> <span class='ocrx_word' id='word_1_76' title='bbox 1429 1193 1530 1246; x_wconf 91' lang='lat' dir='ltr'><strong>hos</strong></span> <span class='ocrx_word' id='word_1_77' title='bbox 1557 1191 1776 1245; x_wconf 72' lang='lat' dir='ltr'><strong>haereti-</strong></span> 
     </span>
    </p>
   </div>
   <div class='ocr_carea' id='block_1_12' title="bbox 198 1281 1774 1350">
    <p class='ocr_par' dir='ltr' id='par_1_12' title="bbox 198 1281 1774 1350">
     <span class='ocr_line' id='line_1_12' title="bbox 198 1281 1774 1350; baseline -0.003 -14"><span class='ocrx_word' id='word_1_78' title='bbox 198 1296 302 1341; x_wconf 73' lang='lat' dir='ltr'><strong>sos.</strong></span> <span class='ocrx_word' id='word_1_79' title='bbox 324 1290 381 1335; x_wconf 92' lang='lat' dir='ltr'><strong>ut</strong></span> <span class='ocrx_word' id='word_1_80' title='bbox 426 1283 789 1338; x_wconf 89' lang='lat' dir='ltr'><strong>celeberrimo</strong></span> <span class='ocrx_word' id='word_1_81' title='bbox 821 1284 1054 1350; x_wconf 88' lang='lat' dir='ltr'><strong>alicujus</strong></span> <span class='ocrx_word' id='word_1_82' title='bbox 1080 1285 1322 1337; x_wconf 89' lang='lat' dir='ltr'><strong>auctoris</strong></span> <span class='ocrx_word' id='word_1_83' title='bbox 1346 1282 1564 1335; x_wconf 88' lang='lat' dir='ltr'><strong>nomine</strong></span> <span class='ocrx_word' id='word_1_84' title='bbox 1589 1281 1774 1334; x_wconf 80' lang='lat' dir='ltr'><strong>fucum</strong></span> 
     </span>
    </p>
   </div>
   <div class='ocr_carea' id='block_1_13' title="bbox 193 1373 1776 1438">
    <p class='ocr_par' dir='ltr' id='par_1_13' title="bbox 193 1373 1776 1438">
     <span class='ocr_line' id='line_1_13' title="bbox 193 1373 1776 1438; baseline 0.001 -12"><span class='ocrx_word' id='word_1_85' title='bbox 193 1375 310 1429; x_wconf 76' lang='lat' dir='ltr'><strong>aliis</strong></span> <span class='ocrx_word' id='word_1_86' title='bbox 358 1374 626 1438; x_wconf 81' lang='lat' dir='ltr'><strong>facerent,</strong></span> <span class='ocrx_word' id='word_1_87' title='bbox 661 1375 810 1429; x_wconf 91' lang='lat' dir='ltr'><strong>hunc</strong></span> <span class='ocrx_word' id='word_1_88' title='bbox 860 1375 1142 1430; x_wconf 84' lang='lat' dir='ltr'><strong>Nicolaum</strong></span> <span class='ocrx_word' id='word_1_89' title='bbox 1176 1375 1280 1431; x_wconf 71' lang='lat' dir='ltr'><strong>subi</strong></span> <span class='ocrx_word' id='word_1_90' title='bbox 1327 1373 1466 1429; x_wconf 77' lang='lat' dir='ltr'><strong>falso</strong></span> <span class='ocrx_word' id='word_1_91' title='bbox 1513 1375 1776 1428; x_wconf 89' lang='lat' dir='ltr'><strong>ascivisse</strong></span> 
     </span>
    </p>
   </div>
   <div class='ocr_carea' id='block_1_14' title="bbox 196 1464 1774 1537">
    <p class='ocr_par' dir='ltr' id='par_1_14' title="bbox 196 1464 1774 1537">
     <span class='ocr_line' id='line_1_14' title="bbox 196 1464 1774 1537; baseline -0.003 -16"><span class='ocrx_word' id='word_1_92' title='bbox 196 1475 346 1521; x_wconf 69' lang='lat' dir='ltr'><strong>sectae</strong></span> <span class='ocrx_word' id='word_1_93' title='bbox 392 1481 507 1520; x_wconf 79' lang='lat' dir='ltr'><strong>suae</strong></span> <span class='ocrx_word' id='word_1_94' title='bbox 557 1467 882 1536; x_wconf 88' lang='lat' dir='ltr'><strong>principem.</strong></span> <span class='ocrx_word' id='word_1_95' title='bbox 917 1465 1135 1522; x_wconf 87' lang='lat' dir='ltr'><strong>Scimus</strong></span> <span class='ocrx_word' id='word_1_96' title='bbox 1159 1465 1380 1537; x_wconf 89' lang='lat' dir='ltr'><strong>quidem</strong></span> <span class='ocrx_word' id='word_1_97' title='bbox 1410 1466 1463 1519; x_wconf 89' lang='lat' dir='ltr'><strong>in</strong></span> <span class='ocrx_word' id='word_1_98' title='bbox 1495 1464 1774 1535; x_wconf 82' lang='lat' dir='ltr'><strong>lgnatiaua</strong></span> 
     </span>
    </p>
   </div>
   <div class='ocr_carea' id='block_1_15' title="bbox 196 1556 1778 1628">
    <p class='ocr_par' dir='ltr' id='par_1_15' title="bbox 196 1556 1778 1628">
     <span class='ocr_line' id='line_1_15' title="bbox 196 1556 1778 1628; baseline -0.001 -17"><span class='ocrx_word' id='word_1_99' title='bbox 196 1557 416 1627; x_wconf 84' lang='lat' dir='ltr'><strong>quadam</strong></span> <span class='ocrx_word' id='word_1_100' title='bbox 444 1559 680 1627; x_wconf 89' lang='lat' dir='ltr'><strong>epistola</strong></span> <span class='ocrx_word' id='word_1_101' title='bbox 712 1559 848 1613; x_wconf 93' lang='lat' dir='ltr'><strong>illud</strong></span> <span class='ocrx_word' id='word_1_102' title='bbox 880 1566 1067 1628; x_wconf 90' lang='lat' dir='ltr'><strong>aperte</strong></span> <span class='ocrx_word' id='word_1_103' title='bbox 1088 1559 1260 1614; x_wconf 88' lang='lat' dir='ltr'><strong>asseri</strong></span> <span class='ocrx_word' id='word_1_104' title='bbox 1283 1558 1329 1592; x_wconf 80' lang='lat'><strong>’°</strong></span> <span class='ocrx_word' id='word_1_105' title='bbox 1358 1578 1369 1611; x_wconf 94' lang='lat'>:</span> <span class='ocrx_word' id='word_1_106' title='bbox 1398 1556 1587 1627; x_wconf 80' lang='lat' dir='ltr'><strong>Fugite</strong></span> <span class='ocrx_word' id='word_1_107' title='bbox 1609 1558 1778 1626; x_wconf 86' lang='lat' dir='ltr'><strong>impu-</strong></span> 
     </span>
    </p>
   </div>
   <div class='ocr_carea' id='block_1_16' title="bbox 195 1649 1773 1720">
    <p class='ocr_par' dir='ltr' id='par_1_16' title="bbox 195 1649 1773 1720">
     <span class='ocr_line' id='line_1_16' title="bbox 195 1649 1773 1720; baseline -0.001 -16"><span class='ocrx_word' id='word_1_108' title='bbox 195 1668 274 1705; x_wconf 82' lang='lat' dir='ltr'><strong>ros</strong></span> <span class='ocrx_word' id='word_1_109' title='bbox 305 1650 628 1713; x_wconf 73' lang='lat' dir='ltr'><strong>Nicol‘aitas,</strong></span> <span class='ocrx_word' id='word_1_110' title='bbox 654 1651 853 1720; x_wconf 77' lang='lat' dir='ltr'><strong>falsum</strong></span> <span class='ocrx_word' id='word_1_111' title='bbox 882 1651 983 1705; x_wconf 90' lang='lat' dir='ltr'><strong>sibi</strong></span> <span class='ocrx_word' id='word_1_112' title='bbox 1007 1667 1191 1705; x_wconf 84' lang='lat' dir='ltr'><strong>nomen</strong></span> <span class='ocrx_word' id='word_1_113' title='bbox 1218 1660 1499 1712; x_wconf 74' lang='lat' dir='ltr'><strong>sumentes;</strong></span> <span class='ocrx_word' id='word_1_114' title='bbox 1523 1649 1617 1705; x_wconf 89' lang='lat' dir='ltr'><strong>sed</strong></span> <span class='ocrx_word' id='word_1_115' title='bbox 1649 1665 1773 1704; x_wconf 93' lang='lat' dir='ltr'><strong>cum</strong></span> 
     </span>
    </p>
   </div>
   <div class='ocr_carea' id='block_1_17' title="bbox 195 1741 1771 1812">
    <p class='ocr_par' dir='ltr' id='par_1_17' title="bbox 195 1741 1771 1812">
     <span class='ocr_line' id='line_1_17' title="bbox 195 1741 1771 1812; baseline -0.001 -17"><span class='ocrx_word' id='word_1_116' title='bbox 195 1742 299 1796; x_wconf 69' lang='lat' dir='ltr'><strong>haec</strong></span> <span class='ocrx_word' id='word_1_117' title='bbox 329 1743 489 1797; x_wconf 82' lang='lat' dir='ltr'><strong>verba</strong></span> <span class='ocrx_word' id='word_1_118' title='bbox 526 1743 945 1812; x_wconf 85' lang='lat' dir='ltr'><strong>interpolatoris</strong></span> <span class='ocrx_word' id='word_1_119' title='bbox 989 1744 1117 1805; x_wconf 90' lang='lat' dir='ltr'><strong>sint,</strong></span> <span class='ocrx_word' id='word_1_120' title='bbox 1152 1758 1261 1797; x_wconf 92' lang='lat' dir='ltr'><strong>non</strong></span> <span class='ocrx_word' id='word_1_121' title='bbox 1291 1758 1420 1797; x_wconf 89' lang='lat' dir='ltr'><strong>vero</strong></span> <span class='ocrx_word' id='word_1_122' title='bbox 1460 1741 1673 1812; x_wconf 82' lang='lat' dir='ltr'><strong>lgnatii,</strong></span> <span class='ocrx_word' id='word_1_123' title='bbox 1707 1758 1771 1795; x_wconf 68' lang='lat' dir='ltr'><strong>ex</strong></span> 
     </span>
    </p>
   </div>
   <div class='ocr_carea' id='block_1_18' title="bbox 195 1830 1773 1902">
    <p class='ocr_par' dir='ltr' id='par_1_18' title="bbox 195 1830 1773 1902">
     <span class='ocr_line' id='line_1_18' title="bbox 195 1830 1773 1902; baseline -0.001 -16"><span class='ocrx_word' id='word_1_124' title='bbox 195 1832 256 1887; x_wconf 83' lang='lat' dir='ltr'><strong>iis</strong></span> <span class='ocrx_word' id='word_1_125' title='bbox 284 1831 524 1902; x_wconf 80' lang='lat' dir='ltr'><strong>profecto</strong></span> <span class='ocrx_word' id='word_1_126' title='bbox 555 1832 696 1886; x_wconf 89' lang='lat' dir='ltr'><strong>nihil</strong></span> <span class='ocrx_word' id='word_1_127' title='bbox 742 1834 874 1888; x_wconf 88' lang='lat' dir='ltr'><strong>certi</strong></span> <span class='ocrx_word' id='word_1_128' title='bbox 907 1833 1159 1888; x_wconf 91' lang='lat' dir='ltr'><strong>concludi</strong></span> <span class='ocrx_word' id='word_1_129' title='bbox 1199 1840 1398 1902; x_wconf 86' lang='lat' dir='ltr'><strong>potest.</strong></span> <span class='ocrx_word' id='word_1_130' title='bbox 1432 1830 1773 1902; x_wconf 87' lang='lat' dir='ltr'><strong>Quapropter</strong></span> 
     </span>
    </p>
   </div>
   <div class='ocr_carea' id='block_1_19' title="bbox 193 1923 1772 1993">
    <p class='ocr_par' dir='ltr' id='par_1_19' title="bbox 193 1923 1772 1993">
     <span class='ocr_line' id='line_1_19' title="bbox 193 1923 1772 1993; baseline 0.001 -18"><span class='ocrx_word' id='word_1_131' title='bbox 193 1925 454 1989; x_wconf 80' lang='lat' dir='ltr'><strong>Opinionis</strong></span> <span class='ocrx_word' id='word_1_132' title='bbox 508 1925 662 1980; x_wconf 91' lang='lat' dir='ltr'><strong>illius</strong></span> <span class='ocrx_word' id='word_1_133' title='bbox 715 1923 962 1979; x_wconf 79' lang='lat' dir='ltr'><strong>[autores</strong></span> <span class='ocrx_word' id='word_1_134' title='bbox 993 1931 1047 1978; x_wconf 91' lang='lat' dir='ltr'><strong>et</strong></span> <span class='ocrx_word' id='word_1_135' title='bbox 1097 1923 1313 1993; x_wconf 87' lang='lat' dir='ltr'><strong>patroni</strong></span> <span class='ocrx_word' id='word_1_136' title='bbox 1363 1939 1431 1978; x_wconf 79' lang='lat' dir='ltr'><strong>ex</strong></span> <span class='ocrx_word' id='word_1_137' title='bbox 1477 1923 1772 1978; x_wconf 90' lang='lat' dir='ltr'><strong>Clementis</strong></span> 
     </span>
    </p>
   </div>
   <div class='ocr_carea' id='block_1_20' title="bbox 194 2015 1769 2086">
    <p class='ocr_par' dir='ltr' id='par_1_20' title="bbox 194 2015 1769 2086">
     <span class='ocr_line' id='line_1_20' title="bbox 194 2015 1769 2086; baseline 0.001 -18"><span class='ocrx_word' id='word_1_138' title='bbox 194 2015 534 2070; x_wconf 76' lang='lat' dir='ltr'><strong>Alexandrini</strong></span> <span class='ocrx_word' id='word_1_139' title='bbox 582 2017 914 2070; x_wconf 87' lang='lat' dir='ltr'><strong>auctoritate</strong></span> <span class='ocrx_word' id='word_1_140' title='bbox 957 2015 1190 2070; x_wconf 88' lang='lat' dir='ltr'><strong>validius</strong></span> <span class='ocrx_word' id='word_1_141' title='bbox 1235 2025 1434 2070; x_wconf 91' lang='lat' dir='ltr'><strong>eruunt</strong></span> <span class='ocrx_word' id='word_1_142' title='bbox 1476 2030 1769 2086; x_wconf 83' lang='lat' dir='ltr'><strong>argumen-</strong></span> 
     </span>
    </p>
   </div>
   <div class='ocr_carea' id='block_1_21' title="bbox 193 2107 1773 2179">
    <p class='ocr_par' dir='ltr' id='par_1_21' title="bbox 193 2107 1773 2179">
     <span class='ocr_line' id='line_1_21' title="bbox 193 2107 1773 2179; baseline 0.001 -19"><span class='ocrx_word' id='word_1_143' title='bbox 193 2115 318 2161; x_wconf 89' lang='lat' dir='ltr'><strong>tum.</strong></span> <span class='ocrx_word' id='word_1_144' title='bbox 342 2107 389 2163; x_wconf 90' lang='lat' dir='ltr'><strong>ls</strong></span> <span class='ocrx_word' id='word_1_145' title='bbox 418 2110 565 2162; x_wconf 90' lang='lat' dir='ltr'><strong>enim</strong></span> <span class='ocrx_word' id='word_1_146' title='bbox 598 2107 900 2162; x_wconf 76' lang='lat' dir='ltr'><strong>Nicolaitas</strong></span> <span class='ocrx_word' id='word_1_147' title='bbox 929 2108 1128 2179; x_wconf 81' lang='lat' dir='ltr'><strong>arguit,</strong></span> <span class='ocrx_word' id='word_1_148' title='bbox 1155 2109 1298 2178; x_wconf 91' lang='lat' dir='ltr'><strong>quod</strong></span> <span class='ocrx_word' id='word_1_149' title='bbox 1331 2109 1386 2162; x_wconf 90' lang='lat' dir='ltr'><strong>in</strong></span> <span class='ocrx_word' id='word_1_150' title='bbox 1410 2108 1634 2163; x_wconf 59' lang='lat' dir='ltr'><strong>haeresis</strong></span> <span class='ocrx_word' id='word_1_151' title='bbox 1661 2123 1773 2163; x_wconf 59' lang='lat' dir='ltr'><strong>sum</strong></span> 
     </span>
    </p>
   </div>
   <div class='ocr_carea' id='block_1_22' title="bbox 195 2198 1770 2269">
    <p class='ocr_par' dir='ltr' id='par_1_22' title="bbox 195 2198 1770 2269">
     <span class='ocr_line' id='line_1_22' title="bbox 195 2198 1770 2269; baseline -0.001 -15"><span class='ocrx_word' id='word_1_152' title='bbox 195 2201 654 2255; x_wconf 90' lang='lat' dir='ltr'><strong>conﬁrmationem</strong></span> <span class='ocrx_word' id='word_1_153' title='bbox 689 2201 854 2254; x_wconf 86' lang='lat' dir='ltr'><strong>verba</strong></span> <span class='ocrx_word' id='word_1_154' title='bbox 881 2198 1091 2254; x_wconf 85' lang='lat' dir='ltr'><strong>Nicolai</strong></span> <span class='ocrx_word' id='word_1_155' title='bbox 1123 2214 1321 2269; x_wconf 91' lang='lat' dir='ltr'><strong>pravos</strong></span> <span class='ocrx_word' id='word_1_156' title='bbox 1351 2199 1405 2253; x_wconf 90' lang='lat' dir='ltr'><strong>in</strong></span> <span class='ocrx_word' id='word_1_157' title='bbox 1451 2215 1646 2254; x_wconf 90' lang='lat' dir='ltr'><strong>sensus</strong></span> <span class='ocrx_word' id='word_1_158' title='bbox 1672 2199 1770 2252; x_wconf 88' lang='lat' dir='ltr'><strong>de-</strong></span> 
     </span>
    </p>
   </div>
   <div class='ocr_carea' id='block_1_23' title="bbox 195 2290 1772 2362">
    <p class='ocr_par' dir='ltr' id='par_1_23' title="bbox 195 2290 1772 2362">
     <span class='ocr_line' id='line_1_23' title="bbox 195 2290 1772 2362; baseline -0.001 -17"><span class='ocrx_word' id='word_1_159' title='bbox 195 2300 496 2362; x_wconf 81' lang='lat' dir='ltr'><strong>torquerent</strong></span> <span class='ocrx_word' id='word_1_160' title='bbox 525 2312 537 2346; x_wconf 91' lang='lat'>:</span> <span class='ocrx_word' id='word_1_161' title='bbox 569 2291 729 2345; x_wconf 83' lang='lat' dir='ltr'><strong>Tales</strong></span> <span class='ocrx_word' id='word_1_162' title='bbox 766 2299 906 2356; x_wconf 88' lang='lat' dir='ltr'><strong>sunt,</strong></span> <span class='ocrx_word' id='word_1_163' title='bbox 934 2291 1215 2360; x_wconf 86' lang='lat' dir='ltr'><strong>inquiebat</strong></span> <span class='ocrx_word' id='word_1_164' title='bbox 1255 2290 1346 2344; x_wconf 88' lang='lat' dir='ltr'><strong>ille</strong></span> <span class='ocrx_word' id='word_1_165' title='bbox 1368 2290 1441 2354; x_wconf 72' lang='grc'>³³,</span> <span class='ocrx_word' id='word_1_166' title='bbox 1469 2290 1558 2359; x_wconf 90' lang='lat' dir='ltr'><strong>qui</strong></span> <span class='ocrx_word' id='word_1_167' title='bbox 1589 2290 1772 2344; x_wconf 88' lang='lat' dir='ltr'><strong>dicunt</strong></span> 
     </span>
    </p>
   </div>
   <div class='ocr_carea' id='block_1_24' title="bbox 197 2383 1774 2456">
    <p class='ocr_par' dir='ltr' id='par_1_24' title="bbox 197 2383 1774 2456">
     <span class='ocr_line' id='line_1_24' title="bbox 197 2383 1774 2456; baseline -0.001 -18"><span class='ocrx_word' id='word_1_168' title='bbox 197 2401 245 2438; x_wconf 87' lang='lat' dir='ltr'><strong>se</strong></span> <span class='ocrx_word' id='word_1_169' title='bbox 271 2387 408 2456; x_wconf 82' lang='lat' dir='ltr'><strong>sequi</strong></span> <span class='ocrx_word' id='word_1_170' title='bbox 437 2385 751 2454; x_wconf 79' lang='lat' dir='ltr'><strong>Nicolaum,</strong></span> <span class='ocrx_word' id='word_1_171' title='bbox 785 2386 1100 2439; x_wconf 83' lang='lat' dir='ltr'><strong>adducentes</strong></span> <span class='ocrx_word' id='word_1_172' title='bbox 1131 2385 1244 2454; x_wconf 86' lang='lat' dir='ltr'><strong>ejus</strong></span> <span class='ocrx_word' id='word_1_173' title='bbox 1275 2385 1385 2437; x_wconf 61' lang='lat' dir='ltr'><strong>viri</strong></span> <span class='ocrx_word' id='word_1_174' title='bbox 1403 2383 1605 2453; x_wconf 87' lang='lat' dir='ltr'><strong>aliquid</strong></span> <span class='ocrx_word' id='word_1_175' title='bbox 1630 2383 1774 2437; x_wconf 87' lang='lat' dir='ltr'><strong>litte-</strong></span> 
     </span>
    </p>
   </div>
   <div class='ocr_carea' id='block_1_25' title="bbox 195 2474 1768 2541">
    <p class='ocr_par' dir='ltr' id='par_1_25' title="bbox 195 2474 1768 2541">
     <span class='ocr_line' id='line_1_25' title="bbox 195 2474 1768 2541; baseline -0.001 -12"><span class='ocrx_word' id='word_1_176' title='bbox 195 2494 359 2530; x_wconf 88' lang='lat' dir='ltr'><strong>rarum</strong></span> <span class='ocrx_word' id='word_1_177' title='bbox 392 2480 748 2532; x_wconf 76' lang='lat' dir='ltr'><strong>monumentis</strong></span> <span class='ocrx_word' id='word_1_178' title='bbox 790 2477 1122 2541; x_wconf 87' lang='lat' dir='ltr'><strong>mandatum,</strong></span> <span class='ocrx_word' id='word_1_179' title='bbox 1153 2476 1242 2531; x_wconf 89' lang='lat' dir='ltr'><strong>sed</strong></span> <span class='ocrx_word' id='word_1_180' title='bbox 1288 2475 1352 2529; x_wconf 90' lang='lat' dir='ltr'><strong>ab</strong></span> <span class='ocrx_word' id='word_1_181' title='bbox 1378 2477 1452 2529; x_wconf 89' lang='lat' dir='ltr'><strong>eis</strong></span> <span class='ocrx_word' id='word_1_182' title='bbox 1491 2474 1768 2538; x_wconf 89' lang='lat' dir='ltr'><strong>detectum,</strong></span> 
     </span>
    </p>
   </div>
   <div class='ocr_carea' id='block_1_26' title="bbox 195 2569 1770 2641">
    <p class='ocr_par' dir='ltr' id='par_1_26' title="bbox 195 2569 1770 2641">
     <span class='ocr_line' id='line_1_26' title="bbox 195 2569 1770 2641; baseline -0.001 -20"><span class='ocrx_word' id='word_1_183' title='bbox 195 2587 358 2639; x_wconf 84' lang='lat' dir='ltr'><strong>nempe</strong></span> <span class='ocrx_word' id='word_1_184' title='bbox 382 2587 399 2624; x_wconf 91' lang='lat'><strong><em>:</em></strong></span> <span class='ocrx_word' id='word_1_185' title='bbox 426 2571 689 2641; x_wconf 89' lang='lat' dir='ltr'><strong>Oportere</strong></span> <span class='ocrx_word' id='word_1_186' title='bbox 717 2587 875 2624; x_wconf 89' lang='lat' dir='ltr'><strong>carne</strong></span> <span class='ocrx_word' id='word_1_187' title='bbox 904 2573 1004 2625; x_wconf 87' lang='lat' dir='ltr'><strong>uti.</strong></span> <span class='ocrx_word' id='word_1_188' title='bbox 1037 2569 1140 2625; x_wconf 86' lang='lat' dir='ltr'><strong>Sed</strong></span> <span class='ocrx_word' id='word_1_189' title='bbox 1174 2570 1263 2623; x_wconf 88' lang='lat' dir='ltr'><strong>ille</strong></span> <span class='ocrx_word' id='word_1_190' title='bbox 1290 2569 1495 2639; x_wconf 81' lang='lat' dir='ltr'><strong>quidem</strong></span> <span class='ocrx_word' id='word_1_191' title='bbox 1525 2570 1602 2622; x_wconf 86' lang='lat' dir='ltr'><strong>vir</strong></span> <span class='ocrx_word' id='word_1_192' title='bbox 1628 2585 1770 2637; x_wconf 79' lang='lat' dir='ltr'><strong>prce-</strong></span> 
     </span>
    </p>
   </div>
   <div class='ocr_carea' id='block_1_27' title="bbox 195 2664 1774 2735">
    <p class='ocr_par' dir='ltr' id='par_1_27' title="bbox 195 2664 1774 2735">
     <span class='ocr_line' id='line_1_27' title="bbox 195 2664 1774 2735; baseline 0.001 -20"><span class='ocrx_word' id='word_1_193' title='bbox 195 2664 358 2719; x_wconf 85' lang='lat' dir='ltr'><strong>clarus</strong></span> <span class='ocrx_word' id='word_1_194' title='bbox 389 2665 732 2735; x_wconf 82' lang='lat' dir='ltr'><strong>signiﬁcabat</strong></span> <span class='ocrx_word' id='word_1_195' title='bbox 766 2674 999 2733; x_wconf 84' lang='lat' dir='ltr'><strong>oportere</strong></span> <span class='ocrx_word' id='word_1_196' title='bbox 1029 2664 1318 2733; x_wconf 82' lang='lat' dir='ltr'><strong>voluptates</strong></span> <span class='ocrx_word' id='word_1_197' title='bbox 1346 2681 1521 2717; x_wconf 89' lang='lat' dir='ltr'><strong>arcere</strong></span> <span class='ocrx_word' id='word_1_198' title='bbox 1550 2673 1598 2718; x_wconf 91' lang='lat' dir='ltr'><strong>et</strong></span> <span class='ocrx_word' id='word_1_199' title='bbox 1627 2664 1774 2732; x_wconf 80' lang='lat' dir='ltr'><strong>cupi-</strong></span> 
     </span>
    </p>
   </div>
   <div class='ocr_carea' id='block_1_28' title="bbox 196 2755 1773 2825">
    <p class='ocr_par' dir='ltr' id='par_1_28' title="bbox 196 2755 1773 2825">
     <span class='ocr_line' id='line_1_28' title="bbox 196 2755 1773 2825; baseline 0.001 -18"><span class='ocrx_word' id='word_1_200' title='bbox 196 2755 394 2819; x_wconf 86' lang='lat' dir='ltr'><strong>ditates,</strong></span> <span class='ocrx_word' id='word_1_201' title='bbox 440 2768 490 2811; x_wconf 90' lang='lat' dir='ltr'><strong>et</strong></span> <span class='ocrx_word' id='word_1_202' title='bbox 527 2759 630 2811; x_wconf 88' lang='lat' dir='ltr'><strong>hac</strong></span> <span class='ocrx_word' id='word_1_203' title='bbox 679 2758 1054 2810; x_wconf 77' lang='lat' dir='ltr'><strong>exercitatione</strong></span> <span class='ocrx_word' id='word_1_204' title='bbox 1101 2756 1368 2810; x_wconf 86' lang='lat' dir='ltr'><strong>marcidas</strong></span> <span class='ocrx_word' id='word_1_205' title='bbox 1417 2755 1773 2825; x_wconf 81' lang='lat' dir='ltr'><strong>ﬂaccidasque</strong></span> 
     </span>
    </p>
   </div>
   <div class='ocr_carea' id='block_1_29' title="bbox 197 2846 1771 2916">
    <p class='ocr_par' dir='ltr' id='par_1_29' title="bbox 197 2846 1771 2916">
     <span class='ocr_line' id='line_1_29' title="bbox 197 2846 1771 2916; baseline -0.001 -18"><span class='ocrx_word' id='word_1_206' title='bbox 197 2846 392 2900; x_wconf 87' lang='lat' dir='ltr'><strong>reddere</strong></span> <span class='ocrx_word' id='word_1_207' title='bbox 411 2849 590 2900; x_wconf 88' lang='lat' dir='ltr'><strong>carnis</strong></span> <span class='ocrx_word' id='word_1_208' title='bbox 622 2847 966 2916; x_wconf 86' lang='lat' dir='ltr'><strong>appetitiones</strong></span> <span class='ocrx_word' id='word_1_209' title='bbox 997 2855 1046 2900; x_wconf 90' lang='lat' dir='ltr'><strong>et</strong></span> <span class='ocrx_word' id='word_1_210' title='bbox 1075 2846 1325 2901; x_wconf 80' lang='lat' dir='ltr'><strong>insultas.</strong></span> <span class='ocrx_word' id='word_1_211' title='bbox 1353 2847 1458 2913; x_wconf 82' lang='lat' dir='ltr'><strong>Qui</strong></span> <span class='ocrx_word' id='word_1_212' title='bbox 1480 2856 1653 2899; x_wconf 90' lang='lat' dir='ltr'><strong>autem</strong></span> <span class='ocrx_word' id='word_1_213' title='bbox 1684 2846 1771 2898; x_wconf 91' lang='lat' dir='ltr'><strong>in-</strong></span> 
     </span>
    </p>
   </div>
   <div class='ocr_carea' id='block_1_30' title="bbox 200 2937 1771 3008">
    <p class='ocr_par' dir='ltr' id='par_1_30' title="bbox 200 2937 1771 3008">
     <span class='ocr_line' id='line_1_30' title="bbox 200 2937 1771 3008; baseline 0.001 -18"><span class='ocrx_word' id='word_1_214' title='bbox 200 2948 300 2990; x_wconf 87' lang='lat' dir='ltr'><strong>star</strong></span> <span class='ocrx_word' id='word_1_215' title='bbox 329 2938 594 2992; x_wconf 83' lang='lat' dir='ltr'><strong>hircorum</strong></span> <span class='ocrx_word' id='word_1_216' title='bbox 626 2950 753 2992; x_wconf 88' lang='lat' dir='ltr'><strong>sunt</strong></span> <span class='ocrx_word' id='word_1_217' title='bbox 779 2939 931 3008; x_wconf 70' lang='lat' dir='ltr'><strong>eﬁ‘usi</strong></span> <span class='ocrx_word' id='word_1_218' title='bbox 960 2939 1014 2992; x_wconf 89' lang='lat' dir='ltr'><strong>in</strong></span> <span class='ocrx_word' id='word_1_219' title='bbox 1043 2938 1475 3007; x_wconf 84' lang='lat' dir='ltr'><strong>voluptatem.....</strong></span> <span class='ocrx_word' id='word_1_220' title='bbox 1507 2937 1771 2992; x_wconf 87' lang='lat' dir='ltr'><strong>decretum</strong></span> 
     </span>
    </p>
   </div>
   <div class='ocr_carea' id='block_1_31' title="bbox 201 3031 1768 3100">
    <p class='ocr_par' dir='ltr' id='par_1_31' title="bbox 201 3031 1768 3100">
     <span class='ocr_line' id='line_1_31' title="bbox 201 3031 1768 3100; baseline 0.004 -19"><span class='ocrx_word' id='word_1_221' title='bbox 201 3032 347 3096; x_wconf 78' lang='lat' dir='ltr'><strong>ipsius</strong></span> <span class='ocrx_word' id='word_1_222' title='bbox 375 3033 684 3100; x_wconf 79' lang='lat' dir='ltr'><strong>voluptatis,</strong></span> <span class='ocrx_word' id='word_1_223' title='bbox 714 3048 817 3083; x_wconf 89' lang='lat' dir='ltr'><strong>non</strong></span> <span class='ocrx_word' id='word_1_224' title='bbox 842 3039 1018 3084; x_wconf 89' lang='lat' dir='ltr'><strong>autem</strong></span> <span class='ocrx_word' id='word_1_225' title='bbox 1041 3031 1139 3084; x_wconf 89' lang='lat' dir='ltr'><strong>viri</strong></span> <span class='ocrx_word' id='word_1_226' title='bbox 1158 3031 1437 3099; x_wconf 85' lang='lat' dir='ltr'><strong>apostolici</strong></span> <span class='ocrx_word' id='word_1_227' title='bbox 1458 3040 1768 3100; x_wconf 84' lang='lat' dir='ltr'><strong>sequuntur.</strong></span> 
     </span>
    </p>
   </div>
   <div class='ocr_carea' id='block_1_32' title="bbox 200 3120 1768 3191">
    <p class='ocr_par' dir='ltr' id='par_1_32' title="bbox 200 3120 1768 3191">
     <span class='ocr_line' id='line_1_32' title="bbox 200 3120 1768 3191; baseline 0.003 -20"><span class='ocrx_word' id='word_1_228' title='bbox 200 3121 261 3172; x_wconf 85' lang='lat' dir='ltr'><strong>At</strong></span> <span class='ocrx_word' id='word_1_229' title='bbox 285 3120 530 3178; x_wconf 87' lang='lat' dir='ltr'><strong>Clemens</strong></span> <span class='ocrx_word' id='word_1_230' title='bbox 559 3121 849 3175; x_wconf 83' lang='lat' dir='ltr'><strong>Nicolaum</strong></span> <span class='ocrx_word' id='word_1_231' title='bbox 881 3120 1024 3174; x_wconf 90' lang='lat' dir='ltr'><strong>haud</strong></span> <span class='ocrx_word' id='word_1_232' title='bbox 1053 3120 1215 3175; x_wconf 90' lang='lat' dir='ltr'><strong>dubie</strong></span> <span class='ocrx_word' id='word_1_233' title='bbox 1243 3121 1420 3175; x_wconf 89' lang='lat' dir='ltr'><strong>virum</strong></span> <span class='ocrx_word' id='word_1_234' title='bbox 1445 3122 1768 3191; x_wconf 69' lang='lat' dir='ltr'><strong>praeclarum</strong></span> 
     </span>
    </p>
   </div>
   <div class='ocr_carea' id='block_1_33' title="bbox 202 3210 1774 3284">
    <p class='ocr_par' dir='ltr' id='par_1_33' title="bbox 202 3210 1774 3284">
     <span class='ocr_line' id='line_1_33' title="bbox 202 3210 1774 3284; baseline 0 -18"><span class='ocrx_word' id='word_1_235' title='bbox 202 3221 248 3266; x_wconf 87' lang='lat' dir='ltr'><strong>et</strong></span> <span class='ocrx_word' id='word_1_236' title='bbox 273 3213 624 3282; x_wconf 85' lang='lat' dir='ltr'><strong>apostolicum</strong></span> <span class='ocrx_word' id='word_1_237' title='bbox 662 3229 772 3270; x_wconf 92' lang='lat' dir='ltr'><strong>non</strong></span> <span class='ocrx_word' id='word_1_238' title='bbox 797 3210 1144 3284; x_wconf 84' lang='lat' dir='ltr'><strong>appellasset,</strong></span> <span class='ocrx_word' id='word_1_239' title='bbox 1181 3211 1227 3265; x_wconf 90' lang='lat' dir='ltr'><strong>si</strong></span> <span class='ocrx_word' id='word_1_240' title='bbox 1259 3221 1368 3264; x_wconf 90' lang='lat' dir='ltr'><strong>tam</strong></span> <span class='ocrx_word' id='word_1_241' title='bbox 1395 3225 1577 3281; x_wconf 62' lang='lat' dir='ltr'><strong>prava</strong></span> <span class='ocrx_word' id='word_1_242' title='bbox 1601 3211 1774 3267; x_wconf 64' lang='lat' dir='ltr'><strong>haere-</strong></span> 
     </span>
    </p>
   </div>
   <div class='ocr_carea' id='block_1_34' title="bbox 203 3307 1093 3375">
    <p class='ocr_par' dir='ltr' id='par_1_34' title="bbox 203 3307 1093 3375">
     <span class='ocr_line' id='line_1_34' title="bbox 203 3307 1093 3375; baseline 0.004 -19"><span class='ocrx_word' id='word_1_243' title='bbox 203 3319 312 3357; x_wconf 85' lang='lat' dir='ltr'><strong>seos</strong></span> <span class='ocrx_word' id='word_1_244' title='bbox 340 3321 536 3375; x_wconf 89' lang='lat' dir='ltr'><strong>parens</strong></span> <span class='ocrx_word' id='word_1_245' title='bbox 567 3307 768 3362; x_wconf 78' lang='lat' dir='ltr'><strong>fuisset</strong></span> <span class='ocrx_word' id='word_1_246' title='bbox 797 3314 850 3361; x_wconf 87' lang='lat' dir='ltr'><strong>et</strong></span> <span class='ocrx_word' id='word_1_247' title='bbox 879 3313 1093 3360; x_wconf 88' lang='lat' dir='ltr'><strong>auctor.</strong></span> 
     </span>
    </p>
   </div>
   <div class='ocr_carea' id='block_1_35' title="bbox 266 3393 1772 3466">
    <p class='ocr_par' dir='ltr' id='par_1_35' title="bbox 266 3393 1772 3466">
     <span class='ocr_line' id='line_1_35' title="bbox 266 3393 1772 3466; baseline 0.001 -19"><span class='ocrx_word' id='word_1_248' title='bbox 266 3395 393 3460; x_wconf 89' lang='lat' dir='ltr'><strong>Quid</strong></span> <span class='ocrx_word' id='word_1_249' title='bbox 424 3398 614 3466; x_wconf 86' lang='lat' dir='ltr'><strong>plura?</strong></span> <span class='ocrx_word' id='word_1_250' title='bbox 642 3396 792 3451; x_wconf 87' lang='lat' dir='ltr'><strong>Idem</strong></span> <span class='ocrx_word' id='word_1_251' title='bbox 816 3395 1068 3451; x_wconf 88' lang='lat' dir='ltr'><strong>Clemens</strong></span> <span class='ocrx_word' id='word_1_252' title='bbox 1092 3408 1310 3450; x_wconf 89' lang='lat' dir='ltr'><strong>omnem</strong></span> <span class='ocrx_word' id='word_1_253' title='bbox 1342 3393 1543 3466; x_wconf 82' lang='lat' dir='ltr'><strong>impuri</strong></span> <span class='ocrx_word' id='word_1_254' title='bbox 1581 3395 1772 3451; x_wconf 87' lang='lat' dir='ltr'><strong>crimi-</strong></span> 
     </span>
    </p>
   </div>
   <div class='ocr_carea' id='block_1_36' title="bbox 205 3487 1772 3561">
    <p class='ocr_par' dir='ltr' id='par_1_36' title="bbox 205 3487 1772 3561">
     <span class='ocr_line' id='line_1_36' title="bbox 205 3487 1772 3561; baseline 0.006 -26"><span class='ocrx_word' id='word_1_255' title='bbox 205 3487 296 3548; x_wconf 86' lang='lat' dir='ltr'><strong>nis,</strong></span> <span class='ocrx_word' id='word_1_256' title='bbox 327 3488 392 3541; x_wconf 91' lang='lat' dir='ltr'><strong>ab</strong></span> <span class='ocrx_word' id='word_1_257' title='bbox 415 3489 608 3544; x_wconf 86' lang='lat' dir='ltr'><strong>iisdem</strong></span> <span class='ocrx_word' id='word_1_258' title='bbox 637 3489 910 3543; x_wconf 63' lang='lat' dir='ltr'><strong>haereticis</strong></span> <span class='ocrx_word' id='word_1_259' title='bbox 931 3488 1156 3543; x_wconf 91' lang='lat' dir='ltr'><strong>Nicolao</strong></span> <span class='ocrx_word' id='word_1_260' title='bbox 1187 3489 1374 3556; x_wconf 91' lang='lat' dir='ltr'><strong>inusti,</strong></span> <span class='ocrx_word' id='word_1_261' title='bbox 1405 3491 1772 3561; x_wconf 88' lang='lat' dir='ltr'><strong>suspicionem</strong></span> 
     </span>
    </p>
   </div>
   <div class='ocr_carea' id='block_1_37' title="bbox 205 3581 1775 3651">
    <p class='ocr_par' dir='ltr' id='par_1_37' title="bbox 205 3581 1775 3651">
     <span class='ocr_line' id='line_1_37' title="bbox 205 3581 1775 3651; baseline 0.006 -22"><span class='ocrx_word' id='word_1_262' title='bbox 205 3581 396 3648; x_wconf 77' lang='lat' dir='ltr'><strong>egregie</strong></span> <span class='ocrx_word' id='word_1_263' title='bbox 421 3581 646 3651; x_wconf 89' lang='lat' dir='ltr'><strong>depellit</strong></span> <span class='ocrx_word' id='word_1_264' title='bbox 669 3581 714 3612; x_wconf 72' lang='grc'><strong>’³</strong></span> <span class='ocrx_word' id='word_1_265' title='bbox 741 3601 754 3636; x_wconf 89' lang='lat'><strong>:</strong></span> <span class='ocrx_word' id='word_1_266' title='bbox 781 3581 912 3635; x_wconf 89' lang='lat' dir='ltr'><strong>Cum</strong></span> <span class='ocrx_word' id='word_1_267' title='bbox 942 3593 1118 3637; x_wconf 90' lang='lat' dir='ltr'><strong>autem</strong></span> <span class='ocrx_word' id='word_1_268' title='bbox 1144 3583 1208 3637; x_wconf 88' lang='lat' dir='ltr'><strong>de</strong></span> <span class='ocrx_word' id='word_1_269' title='bbox 1237 3584 1380 3640; x_wconf 90' lang='lat' dir='ltr'><strong>dicto</strong></span> <span class='ocrx_word' id='word_1_270' title='bbox 1423 3583 1476 3638; x_wconf 87' lang='grc' dir='ltr'><strong><em>Ν</em></strong></span> <span class='ocrx_word' id='word_1_271' title='bbox 1481 3584 1650 3639; x_wconf 83' lang='lat' dir='ltr'><strong>icolao</strong></span> <span class='ocrx_word' id='word_1_272' title='bbox 1695 3586 1775 3640; x_wconf 86' lang='lat' dir='ltr'><strong>lo-</strong></span> 
     </span>
    </p>
   </div>
   <div class='ocr_carea' id='block_1_38' title="bbox 204 3671 1772 3744">
    <p class='ocr_par' dir='ltr' id='par_1_38' title="bbox 204 3671 1772 3744">
     <span class='ocr_line' id='line_1_38' title="bbox 204 3671 1772 3744; baseline 0.009 -28"><span class='ocrx_word' id='word_1_273' title='bbox 204 3682 476 3732; x_wconf 87' lang='lat' dir='ltr'><strong>queremur,</strong></span> <span class='ocrx_word' id='word_1_274' title='bbox 510 3671 646 3724; x_wconf 86' lang='lat' dir='ltr'><strong>illud</strong></span> <span class='ocrx_word' id='word_1_275' title='bbox 674 3673 1128 3738; x_wconf 78' lang='lat' dir='ltr'><strong>prcetermisimus.</strong></span> <span class='ocrx_word' id='word_1_276' title='bbox 1167 3671 1300 3728; x_wconf 87' lang='lat' dir='ltr'><strong>Cum</strong></span> <span class='ocrx_word' id='word_1_277' title='bbox 1341 3675 1652 3744; x_wconf 82' lang='lat' dir='ltr'><strong>formosam,</strong></span> <span class='ocrx_word' id='word_1_278' title='bbox 1686 3677 1772 3730; x_wconf 89' lang='lat' dir='ltr'><strong>in-</strong></span> 
     </span>
    </p>
   </div>
   <div class='ocr_carea' id='block_1_39' title="bbox 205 3761 1776 3834">
    <p class='ocr_par' dir='ltr' id='par_1_39' title="bbox 205 3761 1776 3834">
     <span class='ocr_line' id='line_1_39' title="bbox 205 3761 1776 3834; baseline 0.009 -25"><span class='ocrx_word' id='word_1_279' title='bbox 205 3761 401 3826; x_wconf 86' lang='lat' dir='ltr'><strong>quiunt,</strong></span> <span class='ocrx_word' id='word_1_280' title='bbox 439 3761 652 3817; x_wconf 77' lang='lat' dir='ltr'><strong>haberet</strong></span> <span class='ocrx_word' id='word_1_281' title='bbox 690 3779 908 3818; x_wconf 76' lang='lat' dir='ltr'><strong>uxorem</strong></span> <span class='ocrx_word' id='word_1_282' title='bbox 931 3803 947 3828; x_wconf 92' lang='lat'><strong>,</strong></span> <span class='ocrx_word' id='word_1_283' title='bbox 987 3774 1038 3818; x_wconf 85' lang='lat' dir='ltr'><strong>et</strong></span> <span class='ocrx_word' id='word_1_284' title='bbox 1076 3775 1193 3834; x_wconf 82' lang='lat' dir='ltr'><strong>post</strong></span> <span class='ocrx_word' id='word_1_285' title='bbox 1228 3765 1525 3822; x_wconf 81' lang='lat' dir='ltr'><strong>Servatoris</strong></span> <span class='ocrx_word' id='word_1_286' title='bbox 1565 3786 1776 3823; x_wconf 88' lang='lat' dir='ltr'><strong>assum-</strong></span> 
     </span>
    </p>
   </div>
   <div class='ocr_carea' id='block_1_40' title="bbox 205 3852 1773 3930">
    <p class='ocr_par' dir='ltr' id='par_1_40' title="bbox 205 3852 1773 3930">
     <span class='ocr_line' id='line_1_40' title="bbox 205 3852 1773 3930; baseline 0.008 -28"><span class='ocrx_word' id='word_1_287' title='bbox 205 3852 411 3915; x_wconf 81' lang='lat' dir='ltr'><strong>ptionem</strong></span> <span class='ocrx_word' id='word_1_288' title='bbox 431 3857 479 3908; x_wconf 93' lang='lat' dir='ltr'><strong>ei</strong></span> <span class='ocrx_word' id='word_1_289' title='bbox 496 3855 686 3924; x_wconf 78' lang='lat' dir='ltr'><strong>[uisset</strong></span> <span class='ocrx_word' id='word_1_290' title='bbox 718 3856 783 3910; x_wconf 88' lang='lat' dir='ltr'><strong>ab</strong></span> <span class='ocrx_word' id='word_1_291' title='bbox 801 3857 1056 3925; x_wconf 83' lang='lat' dir='ltr'><strong>apostolis</strong></span> <span class='ocrx_word' id='word_1_292' title='bbox 1083 3857 1376 3926; x_wconf 72' lang='lat' dir='ltr'><strong>exprobata</strong></span> <span class='ocrx_word' id='word_1_293' title='bbox 1407 3861 1688 3930; x_wconf 79' lang='lat' dir='ltr'><strong>zelotypia,</strong></span> <span class='ocrx_word' id='word_1_294' title='bbox 1720 3864 1773 3915; x_wconf 89' lang='lat' dir='ltr'><strong>in</strong></span> 
     </span>
    </p>
   </div>
   <div class='ocr_carea' id='block_1_41' title="bbox 209 3945 1773 4019">
    <p class='ocr_par' dir='ltr' id='par_1_41' title="bbox 209 3945 1773 4019">
     <span class='ocr_line' id='line_1_41' title="bbox 209 3945 1773 4019; baseline 0.008 -25"><span class='ocrx_word' id='word_1_295' title='bbox 209 3945 412 4000; x_wconf 79' lang='lat' dir='ltr'><strong>ntedium</strong></span> <span class='ocrx_word' id='word_1_296' title='bbox 439 3949 675 4002; x_wconf 87' lang='lat' dir='ltr'><strong>adducta</strong></span> <span class='ocrx_word' id='word_1_297' title='bbox 707 3950 945 4015; x_wconf 89' lang='lat' dir='ltr'><strong>muliere,</strong></span> <span class='ocrx_word' id='word_1_298' title='bbox 974 3952 1210 4019; x_wconf 84' lang='lat' dir='ltr'><strong>permisit</strong></span> <span class='ocrx_word' id='word_1_299' title='bbox 1239 3952 1323 4006; x_wconf 88' lang='lat' dir='ltr'><strong>cui</strong></span> <span class='ocrx_word' id='word_1_300' title='bbox 1354 3952 1503 4006; x_wconf 85' lang='lat' dir='ltr'><strong>vellet</strong></span> <span class='ocrx_word' id='word_1_301' title='bbox 1529 3969 1645 4006; x_wconf 89' lang='lat' dir='ltr'><strong>eam</strong></span> <span class='ocrx_word' id='word_1_302' title='bbox 1675 3970 1773 4007; x_wconf 88' lang='lat' dir='ltr'><strong>nu—</strong></span> 
     </span>
    </p>
   </div>
   <div class='ocr_carea' id='block_1_42' title="bbox 209 4037 1770 4109">
    <p class='ocr_par' dir='ltr' id='par_1_42' title="bbox 209 4037 1770 4109">
     <span class='ocr_line' id='line_1_42' title="bbox 209 4037 1770 4109; baseline 0.006 -20"><span class='ocrx_word' id='word_1_303' title='bbox 209 4037 326 4095; x_wconf 79' lang='lat' dir='ltr'><strong>bere.</strong></span> <span class='ocrx_word' id='word_1_304' title='bbox 351 4042 510 4095; x_wconf 80' lang='lat' dir='ltr'><strong>Aiunt</strong></span> <span class='ocrx_word' id='word_1_305' title='bbox 539 4045 681 4097; x_wconf 89' lang='lat' dir='ltr'><strong>enim</strong></span> <span class='ocrx_word' id='word_1_306' title='bbox 711 4043 845 4096; x_wconf 76' lang='lat' dir='ltr'><strong>lianc</strong></span> <span class='ocrx_word' id='word_1_307' title='bbox 875 4060 1048 4097; x_wconf 82' lang='lat' dir='ltr'><strong>uocem</strong></span> <span class='ocrx_word' id='word_1_308' title='bbox 1089 4044 1173 4097; x_wconf 89' lang='lat' dir='ltr'><strong>illi</strong></span> <span class='ocrx_word' id='word_1_309' title='bbox 1201 4046 1312 4099; x_wconf 84' lang='lat' dir='ltr'><strong>uoci</strong></span> <span class='ocrx_word' id='word_1_310' title='bbox 1347 4056 1770 4109; x_wconf 85' lang='lat' dir='ltr'><strong>consentaneum,</strong></span> 
     </span>
    </p>
   </div>
   <div class='ocr_carea' id='block_1_43' title="bbox 207 4133 1773 4207">
    <p class='ocr_par' dir='ltr' id='par_1_43' title="bbox 207 4133 1773 4207">
     <span class='ocr_line' id='line_1_43' title="bbox 207 4133 1773 4207; baseline 0.005 -24"><span class='ocrx_word' id='word_1_311' title='bbox 207 4145 307 4199; x_wconf 80' lang='lat' dir='ltr'><strong>qua:</strong></span> <span class='ocrx_word' id='word_1_312' title='bbox 347 4133 491 4198; x_wconf 88' lang='lat' dir='ltr'><strong>dicit,</strong></span> <span class='ocrx_word' id='word_1_313' title='bbox 521 4135 663 4205; x_wconf 91' lang='lat' dir='ltr'><strong>quod</strong></span> <span class='ocrx_word' id='word_1_314' title='bbox 704 4151 862 4188; x_wconf 87' lang='lat' dir='ltr'><strong>carne</strong></span> <span class='ocrx_word' id='word_1_315' title='bbox 909 4136 987 4188; x_wconf 88' lang='lat' dir='ltr'><strong>uti</strong></span> <span class='ocrx_word' id='word_1_316' title='bbox 1030 4145 1286 4203; x_wconf 85' lang='lat' dir='ltr'><strong>oporteat,</strong></span> <span class='ocrx_word' id='word_1_317' title='bbox 1318 4137 1534 4207; x_wconf 83' lang='lat' dir='ltr'><strong>ejusque</strong></span> <span class='ocrx_word' id='word_1_318' title='bbox 1573 4138 1773 4204; x_wconf 80' lang='lat' dir='ltr'><strong>factum</strong></span> 
     </span>
    </p>
   </div>
   <div class='ocr_carea' id='block_1_44' title="bbox 209 4224 1772 4298">
    <p class='ocr_par' dir='ltr' id='par_1_44' title="bbox 209 4224 1772 4298">
     <span class='ocr_line' id='line_1_44' title="bbox 209 4224 1772 4298; baseline 0.006 -25"><span class='ocrx_word' id='word_1_319' title='bbox 209 4233 247 4273; x_wconf 76' lang='lat' dir='ltr'><strong>et</strong></span> <span class='ocrx_word' id='word_1_320' title='bbox 267 4224 452 4280; x_wconf 86' lang='lat' dir='ltr'><strong>dictum</strong></span> <span class='ocrx_word' id='word_1_321' title='bbox 473 4227 735 4291; x_wconf 80' lang='lat' dir='ltr'><strong>absolute,</strong></span> <span class='ocrx_word' id='word_1_322' title='bbox 755 4236 803 4280; x_wconf 90' lang='lat' dir='ltr'><strong>et</strong></span> <span class='ocrx_word' id='word_1_323' title='bbox 825 4227 1212 4282; x_wconf 86' lang='lat' dir='ltr'><strong>inconsiderate</strong></span> <span class='ocrx_word' id='word_1_324' title='bbox 1233 4238 1522 4298; x_wconf 83' lang='lat' dir='ltr'><strong>sequentes,</strong></span> <span class='ocrx_word' id='word_1_325' title='bbox 1549 4232 1637 4298; x_wconf 91' lang='lat' dir='ltr'><strong>qui</strong></span> <span class='ocrx_word' id='word_1_326' title='bbox 1658 4229 1772 4297; x_wconf 83' lang='lat' dir='ltr'><strong>ejus</strong></span> 
     </span>
    </p>
   </div>
   <div class='ocr_carea' id='block_1_45' title="bbox 210 4314 1774 4392">
    <p class='ocr_par' dir='ltr' id='par_1_45' title="bbox 210 4314 1774 4392">
     <span class='ocr_line' id='line_1_45' title="bbox 210 4314 1774 4392; baseline 0.006 -27"><span class='ocrx_word' id='word_1_327' title='bbox 210 4314 425 4371; x_wconf 63' lang='lat' dir='ltr'><strong>heresim</strong></span> <span class='ocrx_word' id='word_1_328' title='bbox 467 4328 888 4391; x_wconf 85' lang='lat' dir='ltr'><strong>persequuntur,</strong></span> <span class='ocrx_word' id='word_1_329' title='bbox 931 4319 1262 4388; x_wconf 77' lang='lat' dir='ltr'><strong>impudenter</strong></span> <span class='ocrx_word' id='word_1_330' title='bbox 1304 4322 1566 4392; x_wconf 72' lang='lat' dir='ltr'><strong>effuseque</strong></span> <span class='ocrx_word' id='word_1_331' title='bbox 1604 4321 1774 4390; x_wconf 81' lang='lat' dir='ltr'><strong>[orni-</strong></span> 
     </span>
    </p>
   </div>
   <div class='ocr_carea' id='block_1_46' title="bbox 211 4411 1773 4485">
    <p class='ocr_par' dir='ltr' id='par_1_46' title="bbox 211 4411 1773 4485">
     <span class='ocr_line' id='line_1_46' title="bbox 211 4411 1773 4485; baseline 0.004 -24"><span class='ocrx_word' id='word_1_332' title='bbox 211 4420 394 4464; x_wconf 81' lang='lat' dir='ltr'><strong>cantur.</strong></span> <span class='ocrx_word' id='word_1_333' title='bbox 420 4411 528 4483; x_wconf 88' lang='lat' dir='ltr'><strong>Ego</strong></span> <span class='ocrx_word' id='word_1_334' title='bbox 565 4422 744 4467; x_wconf 85' lang='lat' dir='ltr'><strong>autem</strong></span> <span class='ocrx_word' id='word_1_335' title='bbox 772 4413 932 4466; x_wconf 88' lang='lat' dir='ltr'><strong>audio</strong></span> <span class='ocrx_word' id='word_1_336' title='bbox 978 4411 1267 4466; x_wconf 84' lang='lat' dir='ltr'><strong>Nicolaum</strong></span> <span class='ocrx_word' id='word_1_337' title='bbox 1297 4414 1499 4467; x_wconf 89' lang='lat' dir='ltr'><strong>nullum</strong></span> <span class='ocrx_word' id='word_1_338' title='bbox 1542 4431 1773 4485; x_wconf 82' lang='lat' dir='ltr'><strong>unquam</strong></span> 
     </span>
    </p>
   </div>
   <div class='ocr_carea' id='block_1_47' title="bbox 1883 555 3459 626">
    <p class='ocr_par' dir='ltr' id='par_1_47' title="bbox 1883 555 3459 626">
     <span class='ocr_line' id='line_1_47' title="bbox 1883 555 3459 626; baseline 0.002 -18"><span class='ocrx_word' id='word_1_339' title='bbox 1883 555 2281 612; x_wconf 87' lang='lat' dir='ltr'><strong>Theodoretus.</strong></span> <span class='ocrx_word' id='word_1_340' title='bbox 2310 556 2387 610; x_wconf 77' lang='lat' dir='ltr'><strong>Ex</strong></span> <span class='ocrx_word' id='word_1_341' title='bbox 2413 557 2577 610; x_wconf 88' lang='lat' dir='ltr'><strong>allato</strong></span> <span class='ocrx_word' id='word_1_342' title='bbox 2603 558 2804 626; x_wconf 88' lang='lat' dir='ltr'><strong>quippe</strong></span> <span class='ocrx_word' id='word_1_343' title='bbox 2827 555 3124 614; x_wconf 80' lang='lat' dir='ltr'><strong>Clementis</strong></span> <span class='ocrx_word' id='word_1_344' title='bbox 3150 559 3459 613; x_wconf 86' lang='lat' dir='ltr'><strong>testimonio</strong></span> 
     </span>
    </p>
   </div>
   <div class='ocr_carea' id='block_1_48' title="bbox 1882 647 3457 720">
    <p class='ocr_par' dir='ltr' id='par_1_48' title="bbox 1882 647 3457 720">
     <span class='ocr_line' id='line_1_48' title="bbox 1882 647 3457 720; baseline 0.001 -18"><span class='ocrx_word' id='word_1_345' title='bbox 1882 648 1962 702; x_wconf 88' lang='lat' dir='ltr'><strong>sic</strong></span> <span class='ocrx_word' id='word_1_346' title='bbox 1993 648 2082 703; x_wconf 91' lang='lat' dir='ltr'><strong>ille</strong></span> <span class='ocrx_word' id='word_1_347' title='bbox 2112 647 2391 703; x_wconf 86' lang='lat' dir='ltr'><strong>concludit</strong></span> <span class='ocrx_word' id='word_1_348' title='bbox 2415 649 2460 679; x_wconf 82' lang='lat'>”</span> <span class='ocrx_word' id='word_1_349' title='bbox 2487 668 2499 702; x_wconf 88' lang='lat'><strong>:</strong></span> <span class='ocrx_word' id='word_1_350' title='bbox 2528 647 2610 700; x_wconf 78' lang='lat' dir='ltr'><strong>Ea:</strong></span> <span class='ocrx_word' id='word_1_351' title='bbox 2652 648 2839 718; x_wconf 85' lang='lat' dir='ltr'><strong>quibus</strong></span> <span class='ocrx_word' id='word_1_352' title='bbox 2886 648 3082 720; x_wconf 86' lang='lat' dir='ltr'><strong>liquido</strong></span> <span class='ocrx_word' id='word_1_353' title='bbox 3115 651 3457 717; x_wconf 74' lang='lat' dir='ltr'><strong>convincitur,</strong></span> 
     </span>
    </p>
   </div>
   <div class='ocr_carea' id='block_1_49' title="bbox 1881 739 3462 812">
    <p class='ocr_par' dir='ltr' id='par_1_49' title="bbox 1881 739 3462 812">
     <span class='ocr_line' id='line_1_49' title="bbox 1881 739 3462 812; baseline 0.003 -20"><span class='ocrx_word' id='word_1_354' title='bbox 1881 740 2018 808; x_wconf 83' lang='lat' dir='ltr'><strong>falso</strong></span> <span class='ocrx_word' id='word_1_355' title='bbox 2046 740 2145 793; x_wconf 88' lang='lat' dir='ltr'><strong>sibi</strong></span> <span class='ocrx_word' id='word_1_356' title='bbox 2173 739 2236 793; x_wconf 92' lang='lat' dir='ltr'><strong>de</strong></span> <span class='ocrx_word' id='word_1_357' title='bbox 2261 739 2414 808; x_wconf 87' lang='lat' dir='ltr'><strong>hujus</strong></span> <span class='ocrx_word' id='word_1_358' title='bbox 2441 739 2787 808; x_wconf 86' lang='lat' dir='ltr'><strong>appellatione</strong></span> <span class='ocrx_word' id='word_1_359' title='bbox 2812 757 2996 794; x_wconf 89' lang='lat' dir='ltr'><strong>nomen</strong></span> <span class='ocrx_word' id='word_1_360' title='bbox 3018 758 3266 812; x_wconf 84' lang='lat' dir='ltr'><strong>arrogare</strong></span> <span class='ocrx_word' id='word_1_361' title='bbox 3297 740 3462 796; x_wconf 86' lang='lat' dir='ltr'><strong>Nico-</strong></span> 
     </span>
    </p>
   </div>
   <div class='ocr_carea' id='block_1_50' title="bbox 1881 831 3460 906">
    <p class='ocr_par' dir='ltr' id='par_1_50' title="bbox 1881 831 3460 906">
     <span class='ocr_line' id='line_1_50' title="bbox 1881 831 3460 906; baseline 0.003 -21"><span class='ocrx_word' id='word_1_362' title='bbox 1881 833 2062 886; x_wconf 89' lang='lat' dir='ltr'><strong>lailas.</strong></span> <span class='ocrx_word' id='word_1_363' title='bbox 2115 831 2382 887; x_wconf 85' lang='lat' dir='ltr'><strong>Eusebius</strong></span> <span class='ocrx_word' id='word_1_364' title='bbox 2429 847 2559 887; x_wconf 83' lang='lat' dir='ltr'><strong>vero</strong></span> <span class='ocrx_word' id='word_1_365' title='bbox 2587 832 2633 864; x_wconf 77' lang='grc'><strong>⁹⁶</strong></span> <span class='ocrx_word' id='word_1_366' title='bbox 2678 852 2690 887; x_wconf 91' lang='lat'>:</span> <span class='ocrx_word' id='word_1_367' title='bbox 2737 832 2811 885; x_wconf 82' lang='lat' dir='ltr'><strong>Hi</strong></span> <span class='ocrx_word' id='word_1_368' title='bbox 2860 831 3142 888; x_wconf 81' lang='lat' dir='ltr'><strong>Nicolaum</strong></span> <span class='ocrx_word' id='word_1_369' title='bbox 3185 836 3460 906; x_wconf 80' lang='lat' dir='ltr'><strong>quemdam</strong></span> 
     </span>
    </p>
   </div>
   <div class='ocr_carea' id='block_1_51' title="bbox 1878 921 3460 994">
    <p class='ocr_par' dir='ltr' id='par_1_51' title="bbox 1878 921 3460 994">
     <span class='ocr_line' id='line_1_51' title="bbox 1878 921 3460 994; baseline 0.004 -20"><span class='ocrx_word' id='word_1_370' title='bbox 1878 939 2041 975; x_wconf 88' lang='lat' dir='ltr'><strong>unum</strong></span> <span class='ocrx_word' id='word_1_371' title='bbox 2081 937 2146 975; x_wconf 75' lang='lat' dir='ltr'><strong>ex</strong></span> <span class='ocrx_word' id='word_1_372' title='bbox 2177 921 2307 986; x_wconf 85' lang='lat' dir='ltr'><strong>illis,</strong></span> <span class='ocrx_word' id='word_1_373' title='bbox 2336 923 2425 992; x_wconf 87' lang='lat' dir='ltr'><strong>qui</strong></span> <span class='ocrx_word' id='word_1_374' title='bbox 2463 922 2531 975; x_wconf 92' lang='lat' dir='ltr'><strong>ad</strong></span> <span class='ocrx_word' id='word_1_375' title='bbox 2558 939 2742 976; x_wconf 87' lang='lat' dir='ltr'><strong>curam</strong></span> <span class='ocrx_word' id='word_1_376' title='bbox 2773 924 2983 992; x_wconf 85' lang='lat' dir='ltr'><strong>inopum</strong></span> <span class='ocrx_word' id='word_1_377' title='bbox 3010 926 3313 994; x_wconf 86' lang='lat' dir='ltr'><strong>gerendam,</strong></span> <span class='ocrx_word' id='word_1_378' title='bbox 3355 945 3460 981; x_wconf 88' lang='lat' dir='ltr'><strong>una</strong></span> 
     </span>
    </p>
   </div>
   <div class='ocr_carea' id='block_1_52' title="bbox 1878 1014 3457 1086">
    <p class='ocr_par' dir='ltr' id='par_1_52' title="bbox 1878 1014 3457 1086">
     <span class='ocr_line' id='line_1_52' title="bbox 1878 1014 3457 1086; baseline 0.003 -18"><span class='ocrx_word' id='word_1_379' title='bbox 1878 1031 1995 1068; x_wconf 85' lang='lat' dir='ltr'><strong>cum</strong></span> <span class='ocrx_word' id='word_1_380' title='bbox 2023 1014 2286 1082; x_wconf 78' lang='lat' dir='ltr'><strong>Stephano</strong></span> <span class='ocrx_word' id='word_1_381' title='bbox 2318 1014 2380 1068; x_wconf 87' lang='lat' dir='ltr'><strong>ab</strong></span> <span class='ocrx_word' id='word_1_382' title='bbox 2403 1017 2655 1084; x_wconf 76' lang='lat' dir='ltr'><strong>apostolis</strong></span> <span class='ocrx_word' id='word_1_383' title='bbox 2677 1018 2949 1070; x_wconf 81' lang='lat' dir='ltr'><strong>constituti</strong></span> <span class='ocrx_word' id='word_1_384' title='bbox 2977 1019 3186 1086; x_wconf 83' lang='lat' dir='ltr'><strong>fuerant</strong></span> <span class='ocrx_word' id='word_1_385' title='bbox 3210 1021 3457 1078; x_wconf 78' lang='lat' dir='ltr'><strong>ministri.</strong></span> 
     </span>
    </p>
   </div>
   <div class='ocr_carea' id='block_1_53' title="bbox 1879 1108 3464 1177">
    <p class='ocr_par' dir='ltr' id='par_1_53' title="bbox 1879 1108 3464 1177">
     <span class='ocr_line' id='line_1_53' title="bbox 1879 1108 3464 1177; baseline 0.001 -14"><span class='ocrx_word' id='word_1_386' title='bbox 1879 1120 2030 1163; x_wconf 71' lang='lat' dir='ltr'><strong>secta&#39;</strong></span> <span class='ocrx_word' id='word_1_387' title='bbox 2059 1125 2164 1162; x_wconf 74' lang='lat' dir='ltr'><strong>sure</strong></span> <span class='ocrx_word' id='word_1_388' title='bbox 2201 1118 2466 1162; x_wconf 85' lang='lat' dir='ltr'><strong>auctorem</strong></span> <span class='ocrx_word' id='word_1_389' title='bbox 2489 1108 2789 1177; x_wconf 86' lang='lat' dir='ltr'><strong>jactabant.</strong></span> <span class='ocrx_word' id='word_1_390' title='bbox 2825 1110 2965 1175; x_wconf 87' lang='lat' dir='ltr'><strong>Quid</strong></span> <span class='ocrx_word' id='word_1_391' title='bbox 2990 1110 3134 1164; x_wconf 89' lang='lat' dir='ltr'><strong>aliud</strong></span> <span class='ocrx_word' id='word_1_392' title='bbox 3163 1111 3267 1165; x_wconf 89' lang='lat' dir='ltr'><strong>hoc</strong></span> <span class='ocrx_word' id='word_1_393' title='bbox 3296 1113 3464 1166; x_wconf 86' lang='lat' dir='ltr'><strong>verbo</strong></span> 
     </span>
    </p>
   </div>
   <div class='ocr_carea' id='block_1_54' title="bbox 1867 1200 3459 1272">
    <p class='ocr_par' dir='ltr' id='par_1_54' title="bbox 1867 1200 3459 1272">
     <span class='ocr_line' id='line_1_54' title="bbox 1867 1200 3459 1272; baseline 0.002 -18"><span class='ocrx_word' id='word_1_394' title='bbox 1867 1201 2171 1272; x_wconf 78' lang='lat' dir='ltr'><strong>jactabant,</strong></span> <span class='ocrx_word' id='word_1_395' title='bbox 2206 1201 2383 1254; x_wconf 92' lang='lat' dir='ltr'><strong>innuit</strong></span> <span class='ocrx_word' id='word_1_396' title='bbox 2429 1200 2719 1265; x_wconf 85' lang='lat' dir='ltr'><strong>Eusebius,</strong></span> <span class='ocrx_word' id='word_1_397' title='bbox 2753 1217 2915 1271; x_wconf 90' lang='lat' dir='ltr'><strong>quam</strong></span> <span class='ocrx_word' id='word_1_398' title='bbox 2963 1201 3247 1257; x_wconf 88' lang='lat' dir='ltr'><strong>Nicolaum</strong></span> <span class='ocrx_word' id='word_1_399' title='bbox 3297 1203 3459 1272; x_wconf 86' lang='lat' dir='ltr'><strong>hujus</strong></span> 
     </span>
    </p>
   </div>
   <div class='ocr_carea' id='block_1_55' title="bbox 1877 1293 2780 1347">
    <p class='ocr_par' dir='ltr' id='par_1_55' title="bbox 1877 1293 2780 1347">
     <span class='ocr_line' id='line_1_55' title="bbox 1877 1293 2780 1347; baseline -0.001 -1"><span class='ocrx_word' id='word_1_400' title='bbox 1877 1294 2148 1347; x_wconf 66' lang='lat' dir='ltr'><strong>haereseos</strong></span> <span class='ocrx_word' id='word_1_401' title='bbox 2177 1305 2285 1344; x_wconf 89' lang='lat' dir='ltr'><strong>non</strong></span> <span class='ocrx_word' id='word_1_402' title='bbox 2316 1307 2437 1346; x_wconf 90' lang='lat' dir='ltr'><strong>esse</strong></span> <span class='ocrx_word' id='word_1_403' title='bbox 2465 1293 2780 1345; x_wconf 87' lang='lat' dir='ltr'><strong>auctorem?</strong></span> 
     </span>
    </p>
   </div>
   <div class='ocr_carea' id='block_1_56' title="bbox 1947 1381 3462 1453">
    <p class='ocr_par' dir='ltr' id='par_1_56' title="bbox 1947 1381 3462 1453">
     <span class='ocr_line' id='line_1_56' title="bbox 1947 1381 3462 1453; baseline 0 -18"><span class='ocrx_word' id='word_1_404' title='bbox 1947 1382 2118 1436; x_wconf 88' lang='lat' dir='ltr'><strong>Porro</strong></span> <span class='ocrx_word' id='word_1_405' title='bbox 2153 1390 2331 1435; x_wconf 90' lang='lat' dir='ltr'><strong>autem</strong></span> <span class='ocrx_word' id='word_1_406' title='bbox 2368 1383 2494 1453; x_wconf 90' lang='lat' dir='ltr'><strong>quid</strong></span> <span class='ocrx_word' id='word_1_407' title='bbox 2519 1382 2586 1435; x_wconf 91' lang='lat' dir='ltr'><strong>de</strong></span> <span class='ocrx_word' id='word_1_408' title='bbox 2617 1382 2718 1435; x_wconf 89' lang='lat' dir='ltr'><strong>hac</strong></span> <span class='ocrx_word' id='word_1_409' title='bbox 2742 1381 3065 1451; x_wconf 67' lang='lat' dir='ltr'><strong>quaestione,</strong></span> <span class='ocrx_word' id='word_1_410' title='bbox 3089 1397 3252 1451; x_wconf 87' lang='lat' dir='ltr'><strong>quam</strong></span> <span class='ocrx_word' id='word_1_411' title='bbox 3284 1390 3462 1436; x_wconf 85' lang='lat' dir='ltr'><strong>tanto-</strong></span> 
     </span>
    </p>
   </div>
   <div class='ocr_carea' id='block_1_57' title="bbox 1876 1472 3458 1535">
    <p class='ocr_par' dir='ltr' id='par_1_57' title="bbox 1876 1472 3458 1535">
     <span class='ocr_line' id='line_1_57' title="bbox 1876 1472 3458 1535; baseline -0.003 -8"><span class='ocrx_word' id='word_1_412' title='bbox 1876 1489 1997 1527; x_wconf 91' lang='lat' dir='ltr'><strong>rum</strong></span> <span class='ocrx_word' id='word_1_413' title='bbox 2029 1472 2250 1526; x_wconf 87' lang='lat' dir='ltr'><strong>Patrum</strong></span> <span class='ocrx_word' id='word_1_414' title='bbox 2281 1473 2580 1526; x_wconf 90' lang='lat' dir='ltr'><strong>auctoritas</strong></span> <span class='ocrx_word' id='word_1_415' title='bbox 2607 1472 2826 1526; x_wconf 89' lang='lat' dir='ltr'><strong>dubiam</strong></span> <span class='ocrx_word' id='word_1_416' title='bbox 2873 1473 3073 1535; x_wconf 90' lang='lat' dir='ltr'><strong>reddit,</strong></span> <span class='ocrx_word' id='word_1_417' title='bbox 3108 1472 3458 1526; x_wconf 88' lang='lat' dir='ltr'><strong>statuendum</strong></span> 
     </span>
    </p>
   </div>
   <div class='ocr_carea' id='block_1_58' title="bbox 1876 1558 3461 1628">
    <p class='ocr_par' dir='ltr' id='par_1_58' title="bbox 1876 1558 3461 1628">
     <span class='ocr_line' id='line_1_58' title="bbox 1876 1558 3461 1628; baseline -0.004 -9"><span class='ocrx_word' id='word_1_418' title='bbox 1876 1565 1969 1628; x_wconf 87' lang='lat' dir='ltr'><strong>sit,</strong></span> <span class='ocrx_word' id='word_1_419' title='bbox 2001 1564 2069 1618; x_wconf 88' lang='lat' dir='ltr'><strong>ab</strong></span> <span class='ocrx_word' id='word_1_420' title='bbox 2094 1563 2216 1618; x_wconf 90' lang='lat' dir='ltr'><strong>aliis</strong></span> <span class='ocrx_word' id='word_1_421' title='bbox 2240 1561 2516 1616; x_wconf 86' lang='lat' dir='ltr'><strong>lubentius</strong></span> <span class='ocrx_word' id='word_1_422' title='bbox 2548 1561 2854 1615; x_wconf 87' lang='lat' dir='ltr'><strong>audiemus.</strong></span> <span class='ocrx_word' id='word_1_423' title='bbox 2889 1560 3045 1614; x_wconf 87' lang='lat' dir='ltr'><strong>Enim</strong></span> <span class='ocrx_word' id='word_1_424' title='bbox 3071 1575 3198 1613; x_wconf 89' lang='lat' dir='ltr'><strong>vero</strong></span> <span class='ocrx_word' id='word_1_425' title='bbox 3224 1558 3461 1613; x_wconf 78' lang='lat' dir='ltr'><strong>lrenaeus</strong></span> 
     </span>
    </p>
   </div>
   <div class='ocr_carea' id='block_1_59' title="bbox 1875 1653 3460 1723">
    <p class='ocr_par' dir='ltr' id='par_1_59' title="bbox 1875 1653 3460 1723">
     <span class='ocr_line' id='line_1_59' title="bbox 1875 1653 3460 1723; baseline -0.004 -13"><span class='ocrx_word' id='word_1_426' title='bbox 1875 1663 1928 1710; x_wconf 84' lang='lat' dir='ltr'><strong>et</strong></span> <span class='ocrx_word' id='word_1_427' title='bbox 1962 1655 2239 1718; x_wconf 84' lang='lat' dir='ltr'><strong>Clemens,</strong></span> <span class='ocrx_word' id='word_1_428' title='bbox 2273 1653 2611 1723; x_wconf 82' lang='lat' dir='ltr'><strong>antiquiores</strong></span> <span class='ocrx_word' id='word_1_429' title='bbox 2652 1661 2704 1707; x_wconf 90' lang='lat' dir='ltr'><strong>et</strong></span> <span class='ocrx_word' id='word_1_430' title='bbox 2732 1653 2988 1722; x_wconf 69' lang='lat' dir='ltr'><strong>praecipui</strong></span> <span class='ocrx_word' id='word_1_431' title='bbox 3010 1653 3296 1721; x_wconf 75' lang='lat' dir='ltr'><strong>utriusque</strong></span> <span class='ocrx_word' id='word_1_432' title='bbox 3339 1653 3460 1720; x_wconf 81' lang='lat' dir='ltr'><strong>opi-</strong></span> 
     </span>
    </p>
   </div>
   <div class='ocr_carea' id='block_1_60' title="bbox 1876 1743 3462 1813">
    <p class='ocr_par' dir='ltr' id='par_1_60' title="bbox 1876 1743 3462 1813">
     <span class='ocr_line' id='line_1_60' title="bbox 1876 1743 3462 1813; baseline -0.003 -11"><span class='ocrx_word' id='word_1_433' title='bbox 1876 1749 2058 1802; x_wconf 90' lang='lat' dir='ltr'><strong>nionis</strong></span> <span class='ocrx_word' id='word_1_434' title='bbox 2087 1747 2349 1810; x_wconf 81' lang='lat' dir='ltr'><strong>fautores,</strong></span> <span class='ocrx_word' id='word_1_435' title='bbox 2383 1746 2546 1801; x_wconf 61' lang='lat' dir='ltr'><strong>coaevi</strong></span> <span class='ocrx_word' id='word_1_436' title='bbox 2581 1755 2757 1808; x_wconf 87' lang='lat' dir='ltr'><strong>erant,</strong></span> <span class='ocrx_word' id='word_1_437' title='bbox 2792 1753 2845 1799; x_wconf 89' lang='lat' dir='ltr'><strong>et</strong></span> <span class='ocrx_word' id='word_1_438' title='bbox 2877 1761 2906 1797; x_wconf 88' lang='lat' dir='ltr'><strong>a</strong></span> <span class='ocrx_word' id='word_1_439' title='bbox 2940 1743 3150 1797; x_wconf 88' lang='lat' dir='ltr'><strong>Nicolai</strong></span> <span class='ocrx_word' id='word_1_440' title='bbox 3201 1745 3462 1813; x_wconf 81' lang='lat' dir='ltr'><strong>tempori-</strong></span> 
     </span>
    </p>
   </div>
   <div class='ocr_carea' id='block_1_61' title="bbox 1874 1833 3460 1908">
    <p class='ocr_par' dir='ltr' id='par_1_61' title="bbox 1874 1833 3460 1908">
     <span class='ocr_line' id='line_1_61' title="bbox 1874 1833 3460 1908; baseline -0.004 -14"><span class='ocrx_word' id='word_1_441' title='bbox 1874 1841 1977 1894; x_wconf 91' lang='lat' dir='ltr'><strong>bus</strong></span> <span class='ocrx_word' id='word_1_442' title='bbox 2008 1847 2117 1893; x_wconf 87' lang='lat' dir='ltr'><strong>tam</strong></span> <span class='ocrx_word' id='word_1_443' title='bbox 2148 1854 2341 1908; x_wconf 92' lang='lat' dir='ltr'><strong>parum</strong></span> <span class='ocrx_word' id='word_1_444' title='bbox 2373 1837 2590 1901; x_wconf 89' lang='lat' dir='ltr'><strong>remoti,</strong></span> <span class='ocrx_word' id='word_1_445' title='bbox 2622 1845 2680 1890; x_wconf 87' lang='lat' dir='ltr'><strong>ut</strong></span> <span class='ocrx_word' id='word_1_446' title='bbox 2708 1838 2775 1891; x_wconf 90' lang='lat' dir='ltr'><strong>ab</strong></span> <span class='ocrx_word' id='word_1_447' title='bbox 2805 1836 3052 1904; x_wconf 89' lang='lat' dir='ltr'><strong>ejusdem</strong></span> <span class='ocrx_word' id='word_1_448' title='bbox 3077 1833 3287 1890; x_wconf 83' lang='lat' dir='ltr'><strong>Nicolai</strong></span> <span class='ocrx_word' id='word_1_449' title='bbox 3324 1838 3460 1889; x_wconf 87' lang='lat' dir='ltr'><strong>ami-</strong></span> 
     </span>
    </p>
   </div>
   <div class='ocr_carea' id='block_1_62' title="bbox 1873 1926 3462 2000">
    <p class='ocr_par' dir='ltr' id='par_1_62' title="bbox 1873 1926 3462 2000">
     <span class='ocr_line' id='line_1_62' title="bbox 1873 1926 3462 2000; baseline -0.003 -14"><span class='ocrx_word' id='word_1_450' title='bbox 1873 1933 1954 1986; x_wconf 92' lang='lat' dir='ltr'><strong>cis</strong></span> <span class='ocrx_word' id='word_1_451' title='bbox 1987 1939 2074 1984; x_wconf 88' lang='lat' dir='ltr'><strong>aut</strong></span> <span class='ocrx_word' id='word_1_452' title='bbox 2109 1929 2398 1999; x_wconf 90' lang='lat' dir='ltr'><strong>discipulis</strong></span> <span class='ocrx_word' id='word_1_453' title='bbox 2441 1929 2721 2000; x_wconf 85' lang='lat' dir='ltr'><strong>potuerint</strong></span> <span class='ocrx_word' id='word_1_454' title='bbox 2766 1927 2926 1982; x_wconf 80' lang='lat' dir='ltr'><strong>facile</strong></span> <span class='ocrx_word' id='word_1_455' title='bbox 2952 1926 3187 1991; x_wconf 89' lang='lat' dir='ltr'><strong>discere,</strong></span> <span class='ocrx_word' id='word_1_456' title='bbox 3218 1943 3349 1980; x_wconf 93' lang='lat' dir='ltr'><strong>num</strong></span> <span class='ocrx_word' id='word_1_457' title='bbox 3393 1929 3462 1981; x_wconf 91' lang='lat' dir='ltr'><strong>ab</strong></span> 
     </span>
    </p>
   </div>
   <div class='ocr_carea' id='block_1_63' title="bbox 1873 2017 3459 2092">
    <p class='ocr_par' dir='ltr' id='par_1_63' title="bbox 1873 2017 3459 2092">
     <span class='ocr_line' id='line_1_63' title="bbox 1873 2017 3459 2092; baseline -0.004 -16"><span class='ocrx_word' id='word_1_458' title='bbox 1873 2023 1966 2077; x_wconf 89' lang='lat' dir='ltr'><strong>illo</strong></span> <span class='ocrx_word' id='word_1_459' title='bbox 1986 2037 2112 2077; x_wconf 92' lang='lat' dir='ltr'><strong>vere</strong></span> <span class='ocrx_word' id='word_1_460' title='bbox 2144 2021 2386 2092; x_wconf 84' lang='lat' dir='ltr'><strong>profecta</strong></span> <span class='ocrx_word' id='word_1_461' title='bbox 2410 2021 2480 2075; x_wconf 88' lang='lat' dir='ltr'><strong>sit</strong></span> <span class='ocrx_word' id='word_1_462' title='bbox 2506 2035 2569 2075; x_wconf 89' lang='lat' dir='ltr'><strong>ea</strong></span> <span class='ocrx_word' id='word_1_463' title='bbox 2602 2020 2845 2074; x_wconf 65' lang='lat' dir='ltr'><strong>bmresis.</strong></span> <span class='ocrx_word' id='word_1_464' title='bbox 2875 2021 2938 2072; x_wconf 86' lang='lat' dir='ltr'><strong>Et</strong></span> <span class='ocrx_word' id='word_1_465' title='bbox 2966 2019 3217 2074; x_wconf 87' lang='lat' dir='ltr'><strong>Clemens</strong></span> <span class='ocrx_word' id='word_1_466' title='bbox 3241 2017 3459 2088; x_wconf 90' lang='lat' dir='ltr'><strong>quidem</strong></span> 
     </span>
    </p>
   </div>
   <div class='ocr_carea' id='block_1_64' title="bbox 1873 2107 3458 2181">
    <p class='ocr_par' dir='ltr' id='par_1_64' title="bbox 1873 2107 3458 2181">
     <span class='ocr_line' id='line_1_64' title="bbox 1873 2107 3458 2181; baseline -0.004 -13"><span class='ocrx_word' id='word_1_467' title='bbox 1873 2130 1933 2168; x_wconf 89' lang='lat' dir='ltr'><strong>se</strong></span> <span class='ocrx_word' id='word_1_468' title='bbox 1963 2114 2016 2168; x_wconf 91' lang='lat' dir='ltr'><strong>id</strong></span> <span class='ocrx_word' id='word_1_469' title='bbox 2047 2128 2157 2167; x_wconf 92' lang='lat' dir='ltr'><strong>non</strong></span> <span class='ocrx_word' id='word_1_470' title='bbox 2186 2111 2538 2181; x_wconf 86' lang='lat' dir='ltr'><strong>indiligenter</strong></span> <span class='ocrx_word' id='word_1_471' title='bbox 2582 2110 2941 2180; x_wconf 83' lang='lat' dir='ltr'><strong>investigasse</strong></span> <span class='ocrx_word' id='word_1_472' title='bbox 2986 2109 3283 2179; x_wconf 80' lang='lat' dir='ltr'><strong>signiﬁcat.</strong></span> <span class='ocrx_word' id='word_1_473' title='bbox 3317 2107 3458 2174; x_wconf 84' lang='lat' dir='ltr'><strong>Quid</strong></span> 
     </span>
    </p>
   </div>
   <div class='ocr_carea' id='block_1_65' title="bbox 1873 2195 3461 2272">
    <p class='ocr_par' dir='ltr' id='par_1_65' title="bbox 1873 2195 3461 2272">
     <span class='ocr_line' id='line_1_65' title="bbox 1873 2195 3461 2272; baseline -0.006 -16"><span class='ocrx_word' id='word_1_474' title='bbox 1873 2219 2003 2259; x_wconf 90' lang='lat' dir='ltr'><strong>vero</strong></span> <span class='ocrx_word' id='word_1_475' title='bbox 2044 2202 2190 2272; x_wconf 92' lang='lat' dir='ltr'><strong>quod</strong></span> <span class='ocrx_word' id='word_1_476' title='bbox 2236 2202 2293 2254; x_wconf 85' lang='lat' dir='ltr'><strong>in</strong></span> <span class='ocrx_word' id='word_1_477' title='bbox 2353 2200 2473 2268; x_wconf 87' lang='lat' dir='ltr'><strong>ejus</strong></span> <span class='ocrx_word' id='word_1_478' title='bbox 2505 2198 2780 2268; x_wconf 91' lang='lat' dir='ltr'><strong>opinionis</strong></span> <span class='ocrx_word' id='word_1_479' title='bbox 2829 2197 3233 2251; x_wconf 88' lang='lat' dir='ltr'><strong>ﬁrmamentum</strong></span> <span class='ocrx_word' id='word_1_480' title='bbox 3265 2195 3461 2260; x_wconf 69' lang='lat' dir='ltr'><strong>adduci</strong></span> 
     </span>
    </p>
   </div>
   <div class='ocr_carea' id='block_1_66' title="bbox 1875 2289 3466 2365">
    <p class='ocr_par' dir='ltr' id='par_1_66' title="bbox 1875 2289 3466 2365">
     <span class='ocr_line' id='line_1_66' title="bbox 1875 2289 3466 2365; baseline -0.006 -15"><span class='ocrx_word' id='word_1_481' title='bbox 1875 2295 2007 2350; x_wconf 92' lang='lat' dir='ltr'><strong>illud</strong></span> <span class='ocrx_word' id='word_1_482' title='bbox 2035 2302 2238 2365; x_wconf 88' lang='lat' dir='ltr'><strong>potest,</strong></span> <span class='ocrx_word' id='word_1_483' title='bbox 2264 2293 2408 2364; x_wconf 91' lang='lat' dir='ltr'><strong>quod</strong></span> <span class='ocrx_word' id='word_1_484' title='bbox 2444 2292 2718 2346; x_wconf 75' lang='lat' dir='ltr'><strong>haereticis</strong></span> <span class='ocrx_word' id='word_1_485' title='bbox 2740 2291 2795 2344; x_wconf 92' lang='lat' dir='ltr'><strong>in</strong></span> <span class='ocrx_word' id='word_1_486' title='bbox 2814 2305 2968 2344; x_wconf 91' lang='lat' dir='ltr'><strong>more</strong></span> <span class='ocrx_word' id='word_1_487' title='bbox 2988 2290 3222 2360; x_wconf 91' lang='lat' dir='ltr'><strong>positum</strong></span> <span class='ocrx_word' id='word_1_488' title='bbox 3258 2289 3331 2344; x_wconf 89' lang='lat' dir='ltr'><strong>sit</strong></span> <span class='ocrx_word' id='word_1_489' title='bbox 3354 2304 3466 2342; x_wconf 88' lang='lat' dir='ltr'><strong>ma-</strong></span> 
     </span>
    </p>
   </div>
   <div class='ocr_carea' id='block_1_67' title="bbox 1872 2382 3460 2459">
    <p class='ocr_par' dir='ltr' id='par_1_67' title="bbox 1872 2382 3460 2459">
     <span class='ocr_line' id='line_1_67' title="bbox 1872 2382 3460 2459; baseline -0.005 -17"><span class='ocrx_word' id='word_1_490' title='bbox 1872 2403 2037 2459; x_wconf 81' lang='lat' dir='ltr'><strong>gnum</strong></span> <span class='ocrx_word' id='word_1_491' title='bbox 2069 2387 2172 2442; x_wconf 90' lang='lat' dir='ltr'><strong>sibi</strong></span> <span class='ocrx_word' id='word_1_492' title='bbox 2203 2385 2492 2455; x_wconf 88' lang='lat' dir='ltr'><strong>quemdam</strong></span> <span class='ocrx_word' id='word_1_493' title='bbox 2523 2385 2794 2438; x_wconf 83' lang='lat' dir='ltr'><strong>haereseos</strong></span> <span class='ocrx_word' id='word_1_494' title='bbox 2826 2397 2938 2437; x_wconf 66' lang='lat' dir='ltr'><strong>sua:</strong></span> <span class='ocrx_word' id='word_1_495' title='bbox 2964 2382 3229 2437; x_wconf 85' lang='lat' dir='ltr'><strong>advocare</strong></span> <span class='ocrx_word' id='word_1_496' title='bbox 3265 2390 3460 2435; x_wconf 88' lang='lat' dir='ltr'><strong>aucto-</strong></span> 
     </span>
    </p>
   </div>
   <div class='ocr_carea' id='block_1_68' title="bbox 1873 2471 3465 2547">
    <p class='ocr_par' dir='ltr' id='par_1_68' title="bbox 1873 2471 3465 2547">
     <span class='ocr_line' id='line_1_68' title="bbox 1873 2471 3465 2547; baseline -0.005 -15"><span class='ocrx_word' id='word_1_497' title='bbox 1873 2478 2013 2533; x_wconf 85' lang='lat' dir='ltr'><strong>rem?</strong></span> <span class='ocrx_word' id='word_1_498' title='bbox 2035 2477 2222 2547; x_wconf 90' lang='lat' dir='ltr'><strong>Neque</strong></span> <span class='ocrx_word' id='word_1_499' title='bbox 2251 2485 2431 2530; x_wconf 86' lang='lat' dir='ltr'><strong>tamen</strong></span> <span class='ocrx_word' id='word_1_500' title='bbox 2455 2490 2520 2530; x_wconf 92' lang='lat' dir='ltr'><strong>eo</strong></span> <span class='ocrx_word' id='word_1_501' title='bbox 2555 2474 2892 2544; x_wconf 88' lang='lat' dir='ltr'><strong>repudianda</strong></span> <span class='ocrx_word' id='word_1_502' title='bbox 2915 2481 2999 2528; x_wconf 89' lang='lat' dir='ltr'><strong>est</strong></span> <span class='ocrx_word' id='word_1_503' title='bbox 3029 2471 3215 2527; x_wconf 69' lang='lat' dir='ltr'><strong>lrenzei</strong></span> <span class='ocrx_word' id='word_1_504' title='bbox 3243 2479 3465 2527; x_wconf 90' lang='lat' dir='ltr'><strong>senten-</strong></span> 
     </span>
    </p>
   </div>
   <div class='ocr_carea' id='block_1_69' title="bbox 1872 2563 3463 2639">
    <p class='ocr_par' dir='ltr' id='par_1_69' title="bbox 1872 2563 3463 2639">
     <span class='ocr_line' id='line_1_69' title="bbox 1872 2563 3463 2639; baseline -0.003 -17"><span class='ocrx_word' id='word_1_505' title='bbox 1872 2571 1967 2633; x_wconf 88' lang='lat' dir='ltr'><strong>tia,</strong></span> <span class='ocrx_word' id='word_1_506' title='bbox 2003 2569 2132 2639; x_wconf 92' lang='lat' dir='ltr'><strong>quia</strong></span> <span class='ocrx_word' id='word_1_507' title='bbox 2158 2569 2227 2622; x_wconf 87' lang='lat' dir='ltr'><strong>ab</strong></span> <span class='ocrx_word' id='word_1_508' title='bbox 2253 2582 2361 2622; x_wconf 92' lang='lat' dir='ltr'><strong>uno</strong></span> <span class='ocrx_word' id='word_1_509' title='bbox 2389 2583 2455 2622; x_wconf 76' lang='lat' dir='ltr'><strong>ex</strong></span> <span class='ocrx_word' id='word_1_510' title='bbox 2486 2573 2692 2636; x_wconf 89' lang='lat' dir='ltr'><strong>septem</strong></span> <span class='ocrx_word' id='word_1_511' title='bbox 2717 2566 2910 2633; x_wconf 90' lang='lat' dir='ltr'><strong>primis</strong></span> <span class='ocrx_word' id='word_1_512' title='bbox 2941 2563 3197 2619; x_wconf 70' lang='lat' dir='ltr'><strong>Ecclesia:</strong></span> <span class='ocrx_word' id='word_1_513' title='bbox 3217 2563 3463 2618; x_wconf 91' lang='lat' dir='ltr'><strong>diaconis</strong></span> 
     </span>
    </p>
   </div>
   <div class='ocr_carea' id='block_1_70' title="bbox 1874 2655 3468 2727">
    <p class='ocr_par' dir='ltr' id='par_1_70' title="bbox 1874 2655 3468 2727">
     <span class='ocr_line' id='line_1_70' title="bbox 1874 2655 3468 2727; baseline -0.004 -12"><span class='ocrx_word' id='word_1_514' title='bbox 1874 2661 2124 2716; x_wconf 77' lang='lat' dir='ltr'><strong>hzeresim</strong></span> <span class='ocrx_word' id='word_1_515' title='bbox 2153 2661 2300 2714; x_wconf 91' lang='lat' dir='ltr'><strong>illam</strong></span> <span class='ocrx_word' id='word_1_516' title='bbox 2328 2667 2508 2714; x_wconf 88' lang='lat' dir='ltr'><strong>ortum</strong></span> <span class='ocrx_word' id='word_1_517' title='bbox 2540 2673 2699 2713; x_wconf 87' lang='lat' dir='ltr'><strong>suum</strong></span> <span class='ocrx_word' id='word_1_518' title='bbox 2736 2657 2960 2713; x_wconf 80' lang='lat' dir='ltr'><strong>duxisse</strong></span> <span class='ocrx_word' id='word_1_519' title='bbox 2996 2655 3353 2727; x_wconf 89' lang='lat' dir='ltr'><strong>improbabile</strong></span> <span class='ocrx_word' id='word_1_520' title='bbox 3382 2657 3468 2709; x_wconf 88' lang='lat' dir='ltr'><strong>vi-</strong></span> 
     </span>
    </p>
   </div>
   <div class='ocr_carea' id='block_1_71' title="bbox 1874 2744 3461 2815">
    <p class='ocr_par' dir='ltr' id='par_1_71' title="bbox 1874 2744 3461 2815">
     <span class='ocr_line' id='line_1_71' title="bbox 1874 2744 3461 2815; baseline -0.005 -9"><span class='ocrx_word' id='word_1_521' title='bbox 1874 2752 2086 2806; x_wconf 89' lang='lat' dir='ltr'><strong>deatur.</strong></span> <span class='ocrx_word' id='word_1_522' title='bbox 2117 2749 2253 2804; x_wconf 87' lang='lat' dir='ltr'><strong>Nam</strong></span> <span class='ocrx_word' id='word_1_523' title='bbox 2281 2764 2406 2804; x_wconf 88' lang='lat' dir='ltr'><strong>cum</strong></span> <span class='ocrx_word' id='word_1_524' title='bbox 2442 2748 2695 2804; x_wconf 86' lang='lat' dir='ltr'><strong>Christus</strong></span> <span class='ocrx_word' id='word_1_525' title='bbox 2725 2748 2792 2802; x_wconf 90' lang='lat' dir='ltr'><strong>ab</strong></span> <span class='ocrx_word' id='word_1_526' title='bbox 2818 2762 2928 2800; x_wconf 93' lang='lat' dir='ltr'><strong>uno</strong></span> <span class='ocrx_word' id='word_1_527' title='bbox 2968 2762 2999 2802; x_wconf 92' lang='lat' dir='ltr'><strong>e</strong></span> <span class='ocrx_word' id='word_1_528' title='bbox 3029 2753 3144 2801; x_wconf 82' lang='lat' dir='ltr'><strong>suis</strong></span> <span class='ocrx_word' id='word_1_529' title='bbox 3175 2744 3461 2815; x_wconf 84' lang='lat' dir='ltr'><strong>apostolis,</strong></span> 
     </span>
    </p>
   </div>
   <div class='ocr_carea' id='block_1_72' title="bbox 1873 2837 3464 2909">
    <p class='ocr_par' dir='ltr' id='par_1_72' title="bbox 1873 2837 3464 2909">
     <span class='ocr_line' id='line_1_72' title="bbox 1873 2837 3464 2909; baseline -0.004 -14"><span class='ocrx_word' id='word_1_530' title='bbox 1873 2856 1942 2895; x_wconf 89' lang='lat' dir='ltr'><strong>ne</strong></span> <span class='ocrx_word' id='word_1_531' title='bbox 1970 2840 2277 2896; x_wconf 89' lang='lat' dir='ltr'><strong>doctrinam</strong></span> <span class='ocrx_word' id='word_1_532' title='bbox 2309 2855 2463 2895; x_wconf 91' lang='lat' dir='ltr'><strong>suam</strong></span> <span class='ocrx_word' id='word_1_533' title='bbox 2495 2845 2837 2909; x_wconf 82' lang='lat' dir='ltr'><strong>propagaret,</strong></span> <span class='ocrx_word' id='word_1_534' title='bbox 2872 2837 2939 2892; x_wconf 92' lang='lat' dir='ltr'><strong>ad</strong></span> <span class='ocrx_word' id='word_1_535' title='bbox 2963 2852 3149 2892; x_wconf 88' lang='lat' dir='ltr'><strong>necem</strong></span> <span class='ocrx_word' id='word_1_536' title='bbox 3180 2837 3251 2892; x_wconf 82' lang='lat' dir='ltr'><strong>sit</strong></span> <span class='ocrx_word' id='word_1_537' title='bbox 3276 2837 3464 2892; x_wconf 85' lang='lat' dir='ltr'><strong>vendi-</strong></span> 
     </span>
    </p>
   </div>
   <div class='ocr_carea' id='block_1_73' title="bbox 1873 2928 3462 3003">
    <p class='ocr_par' dir='ltr' id='par_1_73' title="bbox 1873 2928 3462 3003">
     <span class='ocr_line' id='line_1_73' title="bbox 1873 2928 3462 3003; baseline 0 -18"><span class='ocrx_word' id='word_1_538' title='bbox 1873 2938 1983 2998; x_wconf 90' lang='lat' dir='ltr'><strong>tus,</strong></span> <span class='ocrx_word' id='word_1_539' title='bbox 2013 2933 2191 3003; x_wconf 91' lang='lat' dir='ltr'><strong>potuit</strong></span> <span class='ocrx_word' id='word_1_540' title='bbox 2222 2939 2275 2988; x_wconf 88' lang='lat' dir='ltr'><strong>et</strong></span> <span class='ocrx_word' id='word_1_541' title='bbox 2306 2947 2450 2987; x_wconf 89' lang='lat' dir='ltr'><strong>unus</strong></span> <span class='ocrx_word' id='word_1_542' title='bbox 2477 2948 2543 2986; x_wconf 82' lang='lat' dir='ltr'><strong>ex</strong></span> <span class='ocrx_word' id='word_1_543' title='bbox 2571 2939 2780 3000; x_wconf 90' lang='lat' dir='ltr'><strong>septem</strong></span> <span class='ocrx_word' id='word_1_544' title='bbox 2810 2929 2920 2985; x_wconf 90' lang='lat' dir='ltr'><strong>illis</strong></span> <span class='ocrx_word' id='word_1_545' title='bbox 2955 2929 3204 2985; x_wconf 89' lang='lat' dir='ltr'><strong>diaconis</strong></span> <span class='ocrx_word' id='word_1_546' title='bbox 3225 2928 3462 2999; x_wconf 83' lang='lat' dir='ltr'><strong>alicujus</strong></span> 
     </span>
    </p>
   </div>
   <div class='ocr_carea' id='block_1_74' title="bbox 1874 3021 3102 3091">
    <p class='ocr_par' dir='ltr' id='par_1_74' title="bbox 1874 3021 3102 3091">
     <span class='ocr_line' id='line_1_74' title="bbox 1874 3021 3102 3091; baseline -0.002 -13"><span class='ocrx_word' id='word_1_547' title='bbox 1874 3023 2145 3080; x_wconf 71' lang='lat' dir='ltr'><strong>haereseos</strong></span> <span class='ocrx_word' id='word_1_548' title='bbox 2179 3024 2434 3079; x_wconf 88' lang='lat' dir='ltr'><strong>inventor</strong></span> <span class='ocrx_word' id='word_1_549' title='bbox 2461 3038 2586 3078; x_wconf 91' lang='lat' dir='ltr'><strong>esse</strong></span> <span class='ocrx_word' id='word_1_550' title='bbox 2615 3037 2679 3076; x_wconf 90' lang='lat' dir='ltr'><strong>ac</strong></span> <span class='ocrx_word' id='word_1_551' title='bbox 2705 3021 3102 3091; x_wconf 86' lang='lat' dir='ltr'><strong>promulgator.</strong></span> 
     </span>
    </p>
   </div>
   <div class='ocr_carea' id='block_1_75' title="bbox 2489 3111 2844 3169">
    <p class='ocr_par' dir='ltr' id='par_1_75' title="bbox 2489 3111 2844 3169">
     <span class='ocr_line' id='line_1_75' title="bbox 2489 3111 2844 3169; baseline 0.003 -1"><span class='ocrx_word' id='word_1_552' title='bbox 2489 3112 2717 3169; x_wconf 86' lang='lat' dir='ltr'><strong>CAPUT</strong></span> <span class='ocrx_word' id='word_1_553' title='bbox 2755 3111 2844 3169; x_wconf 80' lang='lat' dir='ltr'><strong>IX.</strong></span> 
     </span>
    </p>
   </div>
   <div class='ocr_carea' id='block_1_76' title="bbox 2018 3206 3318 3279">
    <p class='ocr_par' dir='ltr' id='par_1_76' title="bbox 2018 3206 3318 3279">
     <span class='ocr_line' id='line_1_76' title="bbox 2018 3206 3318 3279; baseline -0.005 -12"><span class='ocrx_word' id='word_1_554' title='bbox 2018 3211 2152 3279; x_wconf 69' lang='lat' dir='ltr'><strong>Qua</strong></span> <span class='ocrx_word' id='word_1_555' title='bbox 2181 3228 2247 3267; x_wconf 82' lang='lat' dir='ltr'><strong>ea:</strong></span> <span class='ocrx_word' id='word_1_556' title='bbox 2274 3211 2372 3264; x_wconf 87' lang='lat' dir='ltr'><strong>hac</strong></span> <span class='ocrx_word' id='word_1_557' title='bbox 2400 3210 2665 3264; x_wconf 67' lang='lat' dir='ltr'><strong>haereseon</strong></span> <span class='ocrx_word' id='word_1_558' title='bbox 2693 3209 3040 3278; x_wconf 87' lang='lat' dir='ltr'><strong>descriptione</strong></span> <span class='ocrx_word' id='word_1_559' title='bbox 3070 3206 3318 3261; x_wconf 78' lang='lat' dir='ltr'><strong>utilitas?</strong></span> 
     </span>
    </p>
   </div>
   <div class='ocr_carea' id='block_1_77' title="bbox 1948 3297 3459 3375">
    <p class='ocr_par' dir='ltr' id='par_1_77' title="bbox 1948 3297 3459 3375">
     <span class='ocr_line' id='line_1_77' title="bbox 1948 3297 3459 3375; baseline -0.005 -15"><span class='ocrx_word' id='word_1_560' title='bbox 1948 3305 2247 3372; x_wconf 89' lang='lat' dir='ltr'><strong>Quorsum,</strong></span> <span class='ocrx_word' id='word_1_561' title='bbox 2278 3303 2514 3375; x_wconf 85' lang='lat' dir='ltr'><strong>inquies,</strong></span> <span class='ocrx_word' id='word_1_562' title='bbox 2543 3302 2634 3356; x_wconf 86' lang='lat' dir='ltr'><strong>illa</strong></span> <span class='ocrx_word' id='word_1_563' title='bbox 2663 3309 2744 3355; x_wconf 91' lang='lat' dir='ltr'><strong>tot</strong></span> <span class='ocrx_word' id='word_1_564' title='bbox 2772 3301 3051 3354; x_wconf 65' lang='lat' dir='ltr'><strong>haereseon</strong></span> <span class='ocrx_word' id='word_1_565' title='bbox 3075 3297 3373 3367; x_wconf 88' lang='lat' dir='ltr'><strong>descriptio</strong></span> <span class='ocrx_word' id='word_1_566' title='bbox 3397 3311 3459 3352; x_wconf 85' lang='lat' dir='ltr'><strong>ac</strong></span> 
     </span>
    </p>
   </div>
   <div class='ocr_carea' id='block_1_78' title="bbox 1876 3385 3460 3453">
    <p class='ocr_par' dir='ltr' id='par_1_78' title="bbox 1876 3385 3460 3453">
     <span class='ocr_line' id='line_1_78' title="bbox 1876 3385 3460 3453; baseline -0.008 -1"><span class='ocrx_word' id='word_1_567' title='bbox 1876 3397 2140 3453; x_wconf 88' lang='lat' dir='ltr'><strong>historia?</strong></span> <span class='ocrx_word' id='word_1_568' title='bbox 2165 3395 2356 3450; x_wconf 88' lang='lat' dir='ltr'><strong>Nonne</strong></span> <span class='ocrx_word' id='word_1_569' title='bbox 2387 3393 2469 3448; x_wconf 90' lang='lat' dir='ltr'><strong>illi</strong></span> <span class='ocrx_word' id='word_1_570' title='bbox 2496 3392 2749 3446; x_wconf 66' lang='lat' dir='ltr'><strong>humanae</strong></span> <span class='ocrx_word' id='word_1_571' title='bbox 2783 3389 2982 3444; x_wconf 85' lang='lat' dir='ltr'><strong>mentis</strong></span> <span class='ocrx_word' id='word_1_572' title='bbox 3004 3385 3460 3442; x_wconf 88' lang='lat' dir='ltr'><strong>monstrosissimi</strong></span> 
     </span>
    </p>
   </div>
   <div class='ocr_carea' id='block_1_79' title="bbox 1875 3476 3460 3563">
    <p class='ocr_par' dir='ltr' id='par_1_79' title="bbox 1875 3476 3460 3563">
     <span class='ocr_line' id='line_1_79' title="bbox 1875 3476 3460 3563; baseline -0.011 -19"><span class='ocrx_word' id='word_1_573' title='bbox 1875 3499 2065 3563; x_wconf 87' lang='lat' dir='ltr'><strong>partus</strong></span> <span class='ocrx_word' id='word_1_574' title='bbox 2094 3495 2355 3558; x_wconf 91' lang='lat' dir='ltr'><strong>perpetuo</strong></span> <span class='ocrx_word' id='word_1_575' title='bbox 2375 3485 2592 3542; x_wconf 91' lang='lat' dir='ltr'><strong>silentio</strong></span> <span class='ocrx_word' id='word_1_576' title='bbox 2613 3480 2912 3552; x_wconf 89' lang='lat' dir='ltr'><strong>sepeliendi</strong></span> <span class='ocrx_word' id='word_1_577' title='bbox 2951 3479 3140 3535; x_wconf 89' lang='lat' dir='ltr'><strong>erant?</strong></span> <span class='ocrx_word' id='word_1_578' title='bbox 3159 3476 3300 3543; x_wconf 86' lang='lat' dir='ltr'><strong>Quid</strong></span> <span class='ocrx_word' id='word_1_579' title='bbox 3328 3492 3460 3531; x_wconf 86' lang='lat' dir='ltr'><strong>vero</strong></span> 
     </span>
    </p>
   </div>
   <div class='ocr_carea' id='block_1_80' title="bbox 1875 3570 3459 3647">
    <p class='ocr_par' dir='ltr' id='par_1_80' title="bbox 1875 3570 3459 3647">
     <span class='ocr_line' id='line_1_80' title="bbox 1875 3570 3459 3647; baseline -0.011 -6"><span class='ocrx_word' id='word_1_580' title='bbox 1875 3601 1943 3641; x_wconf 80' lang='lat' dir='ltr'><strong>ex</strong></span> <span class='ocrx_word' id='word_1_581' title='bbox 1970 3585 2073 3638; x_wconf 91' lang='lat' dir='ltr'><strong>hac</strong></span> <span class='ocrx_word' id='word_1_582' title='bbox 2103 3582 2296 3637; x_wconf 89' lang='lat' dir='ltr'><strong>odiosa</strong></span> <span class='ocrx_word' id='word_1_583' title='bbox 2336 3579 2673 3647; x_wconf 89' lang='lat' dir='ltr'><strong>molestaque</strong></span> <span class='ocrx_word' id='word_1_584' title='bbox 2701 3573 3218 3630; x_wconf 88' lang='lat' dir='ltr'><strong>commemoratione</strong></span> <span class='ocrx_word' id='word_1_585' title='bbox 3262 3571 3317 3625; x_wconf 88' lang='lat' dir='ltr'><strong>in</strong></span> <span class='ocrx_word' id='word_1_586' title='bbox 3358 3570 3459 3624; x_wconf 86' lang='lat' dir='ltr'><strong>Ee-</strong></span> 
     </span>
    </p>
   </div>
   <div class='ocr_carea' id='block_1_81' title="bbox 1876 3662 3459 3735">
    <p class='ocr_par' dir='ltr' id='par_1_81' title="bbox 1876 3662 3459 3735">
     <span class='ocr_line' id='line_1_81' title="bbox 1876 3662 3459 3735; baseline -0.011 -1"><span class='ocrx_word' id='word_1_587' title='bbox 1876 3679 2098 3734; x_wconf 86' lang='lat' dir='ltr'><strong>clesiam</strong></span> <span class='ocrx_word' id='word_1_588' title='bbox 2127 3672 2504 3735; x_wconf 87' lang='lat' dir='ltr'><strong>emolumenti,</strong></span> <span class='ocrx_word' id='word_1_589' title='bbox 2535 3678 2590 3725; x_wconf 89' lang='lat' dir='ltr'><strong>et</strong></span> <span class='ocrx_word' id='word_1_590' title='bbox 2636 3671 2691 3724; x_wconf 90' lang='lat' dir='ltr'><strong>in</strong></span> <span class='ocrx_word' id='word_1_591' title='bbox 2742 3667 2976 3723; x_wconf 86' lang='lat' dir='ltr'><strong>lectores</strong></span> <span class='ocrx_word' id='word_1_592' title='bbox 3011 3664 3294 3720; x_wconf 78' lang='lat' dir='ltr'><strong>utilitatis?</strong></span> <span class='ocrx_word' id='word_1_593' title='bbox 3339 3662 3459 3718; x_wconf 90' lang='lat' dir='ltr'><strong>Non</strong></span> 
     </span>
    </p>
   </div>
   <div class='ocr_carea' id='block_1_82' title="bbox 1876 3756 3458 3832">
    <p class='ocr_par' dir='ltr' id='par_1_82' title="bbox 1876 3756 3458 3832">
     <span class='ocr_line' id='line_1_82' title="bbox 1876 3756 3458 3832; baseline -0.011 -7"><span class='ocrx_word' id='word_1_594' title='bbox 1876 3771 2162 3825; x_wconf 91' lang='lat' dir='ltr'><strong>minimum</strong></span> <span class='ocrx_word' id='word_1_595' title='bbox 2215 3773 2384 3823; x_wconf 85' lang='lat' dir='ltr'><strong>certe.</strong></span> <span class='ocrx_word' id='word_1_596' title='bbox 2431 3763 2565 3817; x_wconf 88' lang='lat' dir='ltr'><strong>Nam</strong></span> <span class='ocrx_word' id='word_1_597' title='bbox 2596 3758 2958 3832; x_wconf 66' lang='lat' dir='ltr'><strong>praeterquam</strong></span> <span class='ocrx_word' id='word_1_598' title='bbox 3005 3756 3150 3828; x_wconf 89' lang='lat' dir='ltr'><strong>quod</strong></span> <span class='ocrx_word' id='word_1_599' title='bbox 3180 3756 3458 3811; x_wconf 67' lang='lat' dir='ltr'><strong>hmeseon</strong></span> 
     </span>
    </p>
   </div>
   <div class='ocr_carea' id='block_1_83' title="bbox 1875 3846 3462 3931">
    <p class='ocr_par' dir='ltr' id='par_1_83' title="bbox 1875 3846 3462 3931">
     <span class='ocr_line' id='line_1_83' title="bbox 1875 3846 3462 3931; baseline -0.012 -14"><span class='ocrx_word' id='word_1_600' title='bbox 1875 3862 2186 3931; x_wconf 86' lang='lat' dir='ltr'><strong>cognitione</strong></span> <span class='ocrx_word' id='word_1_601' title='bbox 2229 3870 2650 3925; x_wconf 88' lang='lat' dir='ltr'><strong>nonnunquam,</strong></span> <span class='ocrx_word' id='word_1_602' title='bbox 2693 3852 2773 3907; x_wconf 89' lang='lat' dir='ltr'><strong>uti</strong></span> <span class='ocrx_word' id='word_1_603' title='bbox 2813 3851 3076 3913; x_wconf 80' lang='lat' dir='ltr'><strong>diximus,</strong></span> <span class='ocrx_word' id='word_1_604' title='bbox 3109 3846 3462 3904; x_wconf 88' lang='lat' dir='ltr'><strong>obscuriores</strong></span> 
     </span>
    </p>
   </div>
   <div class='ocr_carea' id='block_1_84' title="bbox 1875 3938 3459 4015">
    <p class='ocr_par' dir='ltr' id='par_1_84' title="bbox 1875 3938 3459 4015">
     <span class='ocr_line' id='line_1_84' title="bbox 1875 3938 3459 4015; baseline -0.013 -6"><span class='ocrx_word' id='word_1_605' title='bbox 1875 3955 2096 4009; x_wconf 83' lang='lat' dir='ltr'><strong>Patrum</strong></span> <span class='ocrx_word' id='word_1_606' title='bbox 2130 3952 2234 4006; x_wconf 90' lang='lat' dir='ltr'><strong>loci</strong></span> <span class='ocrx_word' id='word_1_607' title='bbox 2269 3949 2487 4005; x_wconf 84' lang='lat' dir='ltr'><strong>facilius</strong></span> <span class='ocrx_word' id='word_1_608' title='bbox 2522 3945 2924 4015; x_wconf 85' lang='lat' dir='ltr'><strong>intelliguntur,</strong></span> <span class='ocrx_word' id='word_1_609' title='bbox 2956 3941 3082 3998; x_wconf 90' lang='lat' dir='ltr'><strong>inde</strong></span> <span class='ocrx_word' id='word_1_610' title='bbox 3109 3940 3275 3995; x_wconf 91' lang='lat' dir='ltr'><strong>etiam</strong></span> <span class='ocrx_word' id='word_1_611' title='bbox 3315 3938 3459 3992; x_wconf 86' lang='lat' dir='ltr'><strong>into-</strong></span> 
     </span>
    </p>
   </div>
   <div class='ocr_carea' id='block_1_85' title="bbox 1876 4035 3460 4107">
    <p class='ocr_par' dir='ltr' id='par_1_85' title="bbox 1876 4035 3460 4107">
     <span class='ocr_line' id='line_1_85' title="bbox 1876 4035 3460 4107; baseline -0.013 -5"><span class='ocrx_word' id='word_1_612' title='bbox 1876 4046 2116 4102; x_wconf 90' lang='lat' dir='ltr'><strong>lerabilis</strong></span> <span class='ocrx_word' id='word_1_613' title='bbox 2145 4043 2450 4106; x_wconf 89' lang='lat' dir='ltr'><strong>hominum,</strong></span> <span class='ocrx_word' id='word_1_614' title='bbox 2475 4055 2614 4094; x_wconf 83' lang='lat' dir='ltr'><strong>nova</strong></span> <span class='ocrx_word' id='word_1_615' title='bbox 2641 4052 2857 4107; x_wconf 90' lang='lat' dir='ltr'><strong>semper</strong></span> <span class='ocrx_word' id='word_1_616' title='bbox 2879 4035 3240 4096; x_wconf 83' lang='lat' dir='ltr'><strong>molientium,</strong></span> <span class='ocrx_word' id='word_1_617' title='bbox 3268 4045 3460 4100; x_wconf 82' lang='lat' dir='ltr'><strong>super-</strong></span> 
     </span>
    </p>
   </div>
   <div class='ocr_carea' id='block_1_86' title="bbox 1874 4124 3460 4198">
    <p class='ocr_par' dir='ltr' id='par_1_86' title="bbox 1874 4124 3460 4198">
     <span class='ocr_line' id='line_1_86' title="bbox 1874 4124 3460 4198; baseline -0.013 -4"><span class='ocrx_word' id='word_1_618' title='bbox 1874 4140 1964 4194; x_wconf 86' lang='lat' dir='ltr'><strong>bia</strong></span> <span class='ocrx_word' id='word_1_619' title='bbox 1997 4137 2330 4198; x_wconf 88' lang='lat' dir='ltr'><strong>retunditur,</strong></span> <span class='ocrx_word' id='word_1_620' title='bbox 2361 4149 2425 4187; x_wconf 89' lang='lat' dir='ltr'><strong>ac</strong></span> <span class='ocrx_word' id='word_1_621' title='bbox 2462 4132 2680 4186; x_wconf 84' lang='lat' dir='ltr'><strong>tandem</strong></span> <span class='ocrx_word' id='word_1_622' title='bbox 2713 4129 2931 4183; x_wconf 82' lang='lat' dir='ltr'><strong>funesto</strong></span> <span class='ocrx_word' id='word_1_623' title='bbox 2961 4124 3339 4180; x_wconf 70' lang='lat' dir='ltr'><strong>haereticorum</strong></span> <span class='ocrx_word' id='word_1_624' title='bbox 3365 4136 3460 4175; x_wconf 88' lang='lat' dir='ltr'><strong>ca-</strong></span> 
     </span>
    </p>
   </div>
   <div class='ocr_carea' id='block_1_87' title="bbox 1874 4214 3454 4292">
    <p class='ocr_par' dir='ltr' id='par_1_87' title="bbox 1874 4214 3454 4292">
     <span class='ocr_line' id='line_1_87' title="bbox 1874 4214 3454 4292; baseline -0.015 -2"><span class='ocrx_word' id='word_1_625' title='bbox 1874 4252 1939 4290; x_wconf 92' lang='lat' dir='ltr'><strong>su</strong></span> <span class='ocrx_word' id='word_1_626' title='bbox 1960 4231 2230 4288; x_wconf 88' lang='lat' dir='ltr'><strong>Catholici</strong></span> <span class='ocrx_word' id='word_1_627' title='bbox 2256 4229 2394 4283; x_wconf 91' lang='lat' dir='ltr'><strong>ﬁunt</strong></span> <span class='ocrx_word' id='word_1_628' title='bbox 2421 4227 2717 4283; x_wconf 89' lang='lat' dir='ltr'><strong>cautiores.</strong></span> <span class='ocrx_word' id='word_1_629' title='bbox 2742 4223 2803 4277; x_wconf 92' lang='lat' dir='ltr'><strong>ln</strong></span> <span class='ocrx_word' id='word_1_630' title='bbox 2829 4220 3020 4292; x_wconf 90' lang='lat' dir='ltr'><strong>primis</strong></span> <span class='ocrx_word' id='word_1_631' title='bbox 3045 4224 3228 4273; x_wconf 89' lang='lat' dir='ltr'><strong>autem</strong></span> <span class='ocrx_word' id='word_1_632' title='bbox 3253 4230 3319 4270; x_wconf 79' lang='lat' dir='ltr'><strong>ex</strong></span> <span class='ocrx_word' id='word_1_633' title='bbox 3349 4214 3454 4268; x_wconf 89' lang='lat' dir='ltr'><strong>hac</strong></span> 
     </span>
    </p>
   </div>
   <div class='ocr_carea' id='block_1_88' title="bbox 1872 4313 3459 4388">
    <p class='ocr_par' dir='ltr' id='par_1_88' title="bbox 1872 4313 3459 4388">
     <span class='ocr_line' id='line_1_88' title="bbox 1872 4313 3459 4388; baseline -0.014 -9"><span class='ocrx_word' id='word_1_634' title='bbox 1872 4325 2172 4380; x_wconf 89' lang='lat' dir='ltr'><strong>errantium</strong></span> <span class='ocrx_word' id='word_1_635' title='bbox 2203 4332 2563 4388; x_wconf 89' lang='lat' dir='ltr'><strong>errorumque</strong></span> <span class='ocrx_word' id='word_1_636' title='bbox 2591 4315 2821 4370; x_wconf 89' lang='lat' dir='ltr'><strong>historia</strong></span> <span class='ocrx_word' id='word_1_637' title='bbox 2848 4313 3068 4368; x_wconf 89' lang='lat' dir='ltr'><strong>discunt</strong></span> <span class='ocrx_word' id='word_1_638' title='bbox 3099 4321 3308 4370; x_wconf 86' lang='lat' dir='ltr'><strong>omnes,</strong></span> <span class='ocrx_word' id='word_1_639' title='bbox 3336 4319 3459 4374; x_wconf 66' lang='lat' dir='ltr'><strong>quae</strong></span> 
     </span>
    </p>
   </div>
   <div class='ocr_carea' id='block_1_89' title="bbox 1873 4397 3461 4482">
    <p class='ocr_par' dir='ltr' id='par_1_89' title="bbox 1873 4397 3461 4482">
     <span class='ocr_line' id='line_1_89' title="bbox 1873 4397 3461 4482; baseline -0.015 -9"><span class='ocrx_word' id='word_1_640' title='bbox 1873 4418 2040 4472; x_wconf 86' lang='lat' dir='ltr'><strong>fuerit</strong></span> <span class='ocrx_word' id='word_1_641' title='bbox 2066 4417 2134 4470; x_wconf 91' lang='lat' dir='ltr'><strong>ab</strong></span> <span class='ocrx_word' id='word_1_642' title='bbox 2163 4413 2424 4469; x_wconf 60' lang='lat' dir='ltr'><strong>Ecclesiae</strong></span> <span class='ocrx_word' id='word_1_643' title='bbox 2447 4409 2722 4482; x_wconf 88' lang='lat' dir='ltr'><strong>principio</strong></span> <span class='ocrx_word' id='word_1_644' title='bbox 2751 4421 2880 4462; x_wconf 83' lang='lat' dir='ltr'><strong>vera</strong></span> <span class='ocrx_word' id='word_1_645' title='bbox 2925 4411 2979 4459; x_wconf 87' lang='lat' dir='ltr'><strong>et</strong></span> <span class='ocrx_word' id='word_1_646' title='bbox 3010 4398 3280 4456; x_wconf 82' lang='lat' dir='ltr'><strong>catholica</strong></span> <span class='ocrx_word' id='word_1_647' title='bbox 3324 4397 3461 4452; x_wconf 79' lang='lat' dir='ltr'><strong>ﬁdes</strong></span> 
     </span>
    </p>
   </div>
   <div class='ocr_carea' id='block_1_90' title="bbox 212 4492 1807 4576">
    <p class='ocr_par' dir='ltr' id='par_1_90' title="bbox 212 4500 1807 4575">
     <span class='ocr_line' id='line_1_90' title="bbox 212 4500 1807 4575; baseline 0.006 -24"><span class='ocrx_word' id='word_1_648' title='bbox 212 4500 326 4565; x_wconf 87' lang='lat' dir='ltr'><strong>alia,</strong></span> <span class='ocrx_word' id='word_1_649' title='bbox 347 4519 496 4572; x_wconf 87' lang='lat' dir='ltr'><strong>quam</strong></span> <span class='ocrx_word' id='word_1_650' title='bbox 517 4522 580 4559; x_wconf 89' lang='lat' dir='ltr'><strong>ea</strong></span> <span class='ocrx_word' id='word_1_651' title='bbox 607 4521 726 4575; x_wconf 80' lang='lat' dir='ltr'><strong>qua:</strong></span> <span class='ocrx_word' id='word_1_652' title='bbox 747 4505 794 4559; x_wconf 89' lang='lat' dir='ltr'><strong>ei</strong></span> <span class='ocrx_word' id='word_1_653' title='bbox 816 4513 1087 4574; x_wconf 86' lang='lat' dir='ltr'><strong>nupserat,</strong></span> <span class='ocrx_word' id='word_1_654' title='bbox 1113 4521 1277 4558; x_wconf 68' lang='lat' dir='ltr'><strong>uxore</strong></span> <span class='ocrx_word' id='word_1_655' title='bbox 1305 4522 1460 4559; x_wconf 88' lang='lat' dir='ltr'><strong>usum</strong></span> <span class='ocrx_word' id='word_1_656' title='bbox 1479 4522 1610 4569; x_wconf 89' lang='lat' dir='ltr'><strong>esse,</strong></span> <span class='ocrx_word' id='word_1_657' title='bbox 1636 4517 1683 4559; x_wconf 87' lang='lat' dir='ltr'><strong>et</strong></span> <span class='ocrx_word' id='word_1_658' title='bbox 1706 4523 1772 4560; x_wconf 75' lang='lat' dir='ltr'><strong>ex</strong></span> <span class='ocrx_word' id='word_1_659' title='bbox 1804 4522 1807 4529; x_wconf 87' lang='lat'>&#39;</span> 
     </span>
    </p>
   </div>
   <div class='ocr_carea' id='block_1_91' title="bbox 1877 4492 3459 4576">
    <p class='ocr_par' dir='ltr' id='par_1_91' title="bbox 1877 4492 3459 4576">
     <span class='ocr_line' id='line_1_91' title="bbox 1877 4492 3459 4576; baseline -0.015 -8"><span class='ocrx_word' id='word_1_660' title='bbox 1877 4529 1940 4568; x_wconf 90' lang='lat' dir='ltr'><strong>ac</strong></span> <span class='ocrx_word' id='word_1_661' title='bbox 1962 4510 2233 4567; x_wconf 89' lang='lat' dir='ltr'><strong>doctrina.</strong></span> <span class='ocrx_word' id='word_1_662' title='bbox 2282 4506 2461 4576; x_wconf 89' lang='lat' dir='ltr'><strong>Atque</strong></span> <span class='ocrx_word' id='word_1_663' title='bbox 2493 4520 2561 4558; x_wconf 93' lang='lat' dir='ltr'><strong>ne</strong></span> <span class='ocrx_word' id='word_1_664' title='bbox 2610 4507 2766 4556; x_wconf 77' lang='lat' dir='ltr'><strong>extra</strong></span> <span class='ocrx_word' id='word_1_665' title='bbox 2790 4498 3029 4568; x_wconf 88' lang='lat' dir='ltr'><strong>primum</strong></span> <span class='ocrx_word' id='word_1_666' title='bbox 3075 4492 3333 4547; x_wconf 75' lang='lat' dir='ltr'><strong>Ecclesia:</strong></span> <span class='ocrx_word' id='word_1_667' title='bbox 3355 4506 3459 4546; x_wconf 72' lang='lat'><strong>83)-</strong></span> 
     </span>
    </p>
   </div>
   <div class='ocr_carea' id='block_1_92' title="bbox 210 4591 1769 4667">
    <p class='ocr_par' dir='ltr' id='par_1_92' title="bbox 210 4591 1769 4667">
     <span class='ocr_line' id='line_1_92' title="bbox 210 4591 1769 4667; baseline 0.006 -25"><span class='ocrx_word' id='word_1_668' title='bbox 210 4591 336 4646; x_wconf 88' lang='lat' dir='ltr'><strong>illius</strong></span> <span class='ocrx_word' id='word_1_669' title='bbox 367 4595 536 4650; x_wconf 86' lang='lat' dir='ltr'><strong>liberis</strong></span> <span class='ocrx_word' id='word_1_670' title='bbox 560 4597 705 4666; x_wconf 81' lang='lat' dir='ltr'><strong>ﬁlias</strong></span> <span class='ocrx_word' id='word_1_671' title='bbox 735 4595 943 4666; x_wconf 84' lang='lat' dir='ltr'><strong>quidem</strong></span> <span class='ocrx_word' id='word_1_672' title='bbox 964 4598 1299 4651; x_wconf 85' lang='lat' dir='ltr'><strong>consenuisse</strong></span> <span class='ocrx_word' id='word_1_673' title='bbox 1327 4598 1571 4667; x_wconf 84' lang='lat' dir='ltr'><strong>virgines,</strong></span> <span class='ocrx_word' id='word_1_674' title='bbox 1595 4598 1769 4667; x_wconf 83' lang='lat' dir='ltr'><strong>ﬁlium</strong></span> 
     </span>
    </p>
   </div>
   <div class='ocr_carea' id='block_1_93' title="bbox 213 4689 1772 4758">
    <p class='ocr_par' dir='ltr' id='par_1_93' title="bbox 213 4689 1772 4758">
     <span class='ocr_line' id='line_1_93' title="bbox 213 4689 1772 4758; baseline 0.007 -24"><span class='ocrx_word' id='word_1_675' title='bbox 213 4693 363 4738; x_wconf 88' lang='lat' dir='ltr'><strong>autem</strong></span> <span class='ocrx_word' id='word_1_676' title='bbox 387 4690 735 4756; x_wconf 81' lang='lat' dir='ltr'><strong>permansisse</strong></span> <span class='ocrx_word' id='word_1_677' title='bbox 764 4690 1145 4758; x_wconf 87' lang='lat' dir='ltr'><strong>incorruptum.</strong></span> <span class='ocrx_word' id='word_1_678' title='bbox 1178 4689 1309 4756; x_wconf 72' lang='lat' dir='ltr'><strong>Quin</strong></span> <span class='ocrx_word' id='word_1_679' title='bbox 1336 4706 1455 4743; x_wconf 88' lang='lat' dir='ltr'><strong>cum</strong></span> <span class='ocrx_word' id='word_1_680' title='bbox 1480 4691 1556 4743; x_wconf 87' lang='lat' dir='ltr'><strong>ita</strong></span> <span class='ocrx_word' id='word_1_681' title='bbox 1586 4708 1640 4745; x_wconf 90' lang='lat' dir='ltr'><strong>se</strong></span> <span class='ocrx_word' id='word_1_682' title='bbox 1673 4691 1772 4745; x_wconf 84' lang='lat' dir='ltr'><strong>ha-</strong></span> 
     </span>
    </p>
   </div>
   <div class='ocr_carea' id='block_1_94' title="bbox 214 4774 1770 4850">
    <p class='ocr_par' dir='ltr' id='par_1_94' title="bbox 214 4774 1770 4850">
     <span class='ocr_line' id='line_1_94' title="bbox 214 4774 1770 4850; baseline 0.005 -22"><span class='ocrx_word' id='word_1_683' title='bbox 214 4774 366 4838; x_wconf 85' lang='lat' dir='ltr'><strong>beant.</strong></span> <span class='ocrx_word' id='word_1_684' title='bbox 394 4781 504 4834; x_wconf 78' lang='lat' dir='ltr'><strong>vitii</strong></span> <span class='ocrx_word' id='word_1_685' title='bbox 532 4791 649 4835; x_wconf 89' lang='lat' dir='ltr'><strong>erat</strong></span> <span class='ocrx_word' id='word_1_686' title='bbox 679 4781 919 4850; x_wconf 87' lang='lat' dir='ltr'><strong>depulsio</strong></span> <span class='ocrx_word' id='word_1_687' title='bbox 943 4791 1096 4848; x_wconf 91' lang='lat' dir='ltr'><strong>atque</strong></span> <span class='ocrx_word' id='word_1_688' title='bbox 1125 4782 1434 4850; x_wconf 73' lang='lat' dir='ltr'><strong>expurgatio</strong></span> <span class='ocrx_word' id='word_1_689' title='bbox 1460 4783 1515 4834; x_wconf 91' lang='lat' dir='ltr'><strong>in</strong></span> <span class='ocrx_word' id='word_1_690' title='bbox 1542 4781 1770 4836; x_wconf 87' lang='lat' dir='ltr'><strong>medium</strong></span> 
     </span>
    </p>
   </div>
   <div class='ocr_carea' id='block_1_95' title="bbox 214 4871 1773 4942">
    <p class='ocr_par' dir='ltr' id='par_1_95' title="bbox 214 4871 1773 4942">
     <span class='ocr_line' id='line_1_95' title="bbox 214 4871 1773 4942; baseline 0.005 -20"><span class='ocrx_word' id='word_1_691' title='bbox 214 4871 539 4935; x_wconf 83' lang='lat' dir='ltr'><strong>apostolorum</strong></span> <span class='ocrx_word' id='word_1_692' title='bbox 560 4875 899 4927; x_wconf 87' lang='lat' dir='ltr'><strong>circumactio</strong></span> <span class='ocrx_word' id='word_1_693' title='bbox 922 4875 1127 4937; x_wconf 72' lang='lat' dir='ltr'><strong>uxoris,</strong></span> <span class='ocrx_word' id='word_1_694' title='bbox 1153 4874 1304 4942; x_wconf 84' lang='lat' dir='ltr'><strong>cujus</strong></span> <span class='ocrx_word' id='word_1_695' title='bbox 1325 4873 1598 4928; x_wconf 84' lang='lat' dir='ltr'><strong>dicebatur</strong></span> <span class='ocrx_word' id='word_1_696' title='bbox 1625 4876 1773 4930; x_wconf 81' lang='lat' dir='ltr'><strong>labo-</strong></span> 
     </span>
    </p>
   </div>
   <div class='ocr_carea' id='block_1_96' title="bbox 214 4966 1775 5039">
    <p class='ocr_par' dir='ltr' id='par_1_96' title="bbox 214 4966 1775 5039">
     <span class='ocr_line' id='line_1_96' title="bbox 214 4966 1775 5039; baseline 0.008 -29"><span class='ocrx_word' id='word_1_697' title='bbox 214 4976 317 5017; x_wconf 87' lang='lat' dir='ltr'><strong>rare</strong></span> <span class='ocrx_word' id='word_1_698' title='bbox 336 4966 617 5036; x_wconf 78' lang='lat' dir='ltr'><strong>selotypia;</strong></span> <span class='ocrx_word' id='word_1_699' title='bbox 648 4979 697 5021; x_wconf 89' lang='lat' dir='ltr'><strong>et</strong></span> <span class='ocrx_word' id='word_1_700' title='bbox 728 4968 1048 5022; x_wconf 84' lang='lat' dir='ltr'><strong>continentia</strong></span> <span class='ocrx_word' id='word_1_701' title='bbox 1075 4985 1107 5020; x_wconf 93' lang='lat' dir='ltr'><strong>a</strong></span> <span class='ocrx_word' id='word_1_702' title='bbox 1138 4967 1492 5036; x_wconf 71' lang='lat' dir='ltr'><strong>uoluptatibus</strong></span> <span class='ocrx_word' id='word_1_703' title='bbox 1521 4986 1637 5039; x_wconf 75' lang='lat' dir='ltr'><strong>qua:</strong></span> <span class='ocrx_word' id='word_1_704' title='bbox 1667 4987 1775 5023; x_wconf 85' lang='lat' dir='ltr'><strong>ma-</strong></span> 
     </span>
    </p>
   </div>
   <div class='ocr_carea' id='block_1_97' title="bbox 215 5057 1774 5127">
    <p class='ocr_par' dir='ltr' id='par_1_97' title="bbox 215 5057 1774 5127">
     <span class='ocr_line' id='line_1_97' title="bbox 215 5057 1774 5127; baseline 0.006 -21"><span class='ocrx_word' id='word_1_705' title='bbox 215 5069 298 5120; x_wconf 86' lang='lat' dir='ltr'><strong>gno</strong></span> <span class='ocrx_word' id='word_1_706' title='bbox 318 5057 480 5111; x_wconf 88' lang='lat' dir='ltr'><strong>studio</strong></span> <span class='ocrx_word' id='word_1_707' title='bbox 508 5069 790 5127; x_wconf 88' lang='lat' dir='ltr'><strong>parantur,</strong></span> <span class='ocrx_word' id='word_1_708' title='bbox 819 5058 1036 5114; x_wconf 83' lang='lat' dir='ltr'><strong>docebat</strong></span> <span class='ocrx_word' id='word_1_709' title='bbox 1060 5060 1201 5114; x_wconf 89' lang='lat' dir='ltr'><strong>istud</strong></span> <span class='ocrx_word' id='word_1_710' title='bbox 1229 5081 1240 5115; x_wconf 87' lang='lat'><strong>:</strong></span> <span class='ocrx_word' id='word_1_711' title='bbox 1269 5061 1347 5113; x_wconf 87' lang='lat' dir='ltr'><strong>uti</strong></span> <span class='ocrx_word' id='word_1_712' title='bbox 1369 5078 1546 5124; x_wconf 90' lang='lat' dir='ltr'><strong>carne,</strong></span> <span class='ocrx_word' id='word_1_713' title='bbox 1578 5060 1674 5115; x_wconf 90' lang='lat' dir='ltr'><strong>hoc</strong></span> <span class='ocrx_word' id='word_1_714' title='bbox 1696 5071 1774 5116; x_wconf 90' lang='lat' dir='ltr'><strong>est</strong></span> 
     </span>
    </p>
   </div>
   <div class='ocr_carea' id='block_1_98' title="bbox 217 5150 1774 5220">
    <p class='ocr_par' dir='ltr' id='par_1_98' title="bbox 217 5150 1774 5220">
     <span class='ocr_line' id='line_1_98' title="bbox 217 5150 1774 5220; baseline 0.008 -24"><span class='ocrx_word' id='word_1_715' title='bbox 217 5161 425 5204; x_wconf 76' lang='lat' dir='ltr'><strong>exercere</strong></span> <span class='ocrx_word' id='word_1_716' title='bbox 464 5169 691 5208; x_wconf 87' lang='lat' dir='ltr'><strong>carnem.</strong></span> <span class='ocrx_word' id='word_1_717' title='bbox 726 5150 909 5220; x_wconf 86' lang='lat' dir='ltr'><strong>Neque</strong></span> <span class='ocrx_word' id='word_1_718' title='bbox 936 5154 1096 5218; x_wconf 89' lang='lat' dir='ltr'><strong>enim,</strong></span> <span class='ocrx_word' id='word_1_719' title='bbox 1139 5162 1198 5206; x_wconf 88' lang='lat' dir='ltr'><strong>ut</strong></span> <span class='ocrx_word' id='word_1_720' title='bbox 1226 5153 1492 5216; x_wconf 74' lang='lat' dir='ltr'><strong>existimo,</strong></span> <span class='ocrx_word' id='word_1_721' title='bbox 1532 5154 1774 5208; x_wconf 82' lang='lat' dir='ltr'><strong>volebant</strong></span> 
     </span>
    </p>
   </div>
   <div class='ocr_carea' id='block_1_99' title="bbox 216 5243 1776 5312">
    <p class='ocr_par' dir='ltr' id='par_1_99' title="bbox 216 5243 1776 5312">
     <span class='ocr_line' id='line_1_99' title="bbox 216 5243 1776 5312; baseline 0.008 -25"><span class='ocrx_word' id='word_1_722' title='bbox 216 5243 543 5296; x_wconf 76' lang='lat' dir='ltr'><strong>convenienter</strong></span> <span class='ocrx_word' id='word_1_723' title='bbox 571 5244 788 5298; x_wconf 87' lang='lat' dir='ltr'><strong>Domini</strong></span> <span class='ocrx_word' id='word_1_724' title='bbox 811 5255 1066 5312; x_wconf 74' lang='lat' dir='ltr'><strong>pra&#39;cepto</strong></span> <span class='ocrx_word' id='word_1_725' title='bbox 1110 5244 1312 5298; x_wconf 88' lang='lat' dir='ltr'><strong>duobus</strong></span> <span class='ocrx_word' id='word_1_726' title='bbox 1343 5243 1572 5298; x_wconf 87' lang='lat' dir='ltr'><strong>dominis</strong></span> <span class='ocrx_word' id='word_1_727' title='bbox 1611 5247 1776 5299; x_wconf 79' lang='lat' dir='ltr'><strong>servi—</strong></span> 
     </span>
    </p>
   </div>
   <div class='ocr_carea' id='block_1_100' title="bbox 219 5333 1772 5400">
    <p class='ocr_par' dir='ltr' id='par_1_100' title="bbox 219 5333 1772 5400">
     <span class='ocr_line' id='line_1_100' title="bbox 219 5333 1772 5400; baseline 0.004 -16"><span class='ocrx_word' id='word_1_728' title='bbox 219 5341 283 5390; x_wconf 77' lang='lat' dir='ltr'><strong>re,</strong></span> <span class='ocrx_word' id='word_1_729' title='bbox 322 5333 562 5400; x_wconf 71' lang='lat' dir='ltr'><strong>voluptati</strong></span> <span class='ocrx_word' id='word_1_730' title='bbox 617 5344 667 5390; x_wconf 91' lang='lat' dir='ltr'><strong>et</strong></span> <span class='ocrx_word' id='word_1_731' title='bbox 694 5333 824 5390; x_wconf 88' lang='lat' dir='ltr'><strong>Deo.</strong></span> <span class='ocrx_word' id='word_1_732' title='bbox 865 5333 942 5386; x_wconf 87' lang='lat' dir='ltr'><strong>Ita</strong></span> <span class='ocrx_word' id='word_1_733' title='bbox 973 5335 1062 5388; x_wconf 91' lang='lat' dir='ltr'><strong>ille</strong></span> <span class='ocrx_word' id='word_1_734' title='bbox 1092 5342 1146 5388; x_wconf 89' lang='lat' dir='ltr'><strong>et</strong></span> <span class='ocrx_word' id='word_1_735' title='bbox 1183 5334 1348 5387; x_wconf 88' lang='lat' dir='ltr'><strong>verba</strong></span> <span class='ocrx_word' id='word_1_736' title='bbox 1379 5333 1588 5388; x_wconf 72' lang='lat' dir='ltr'><strong>Nieolai</strong></span> <span class='ocrx_word' id='word_1_737' title='bbox 1631 5335 1772 5390; x_wconf 86' lang='lat' dir='ltr'><strong>male</strong></span> 
     </span>
    </p>
   </div>
   <div class='ocr_carea' id='block_1_101' title="bbox 221 5417 1772 5495">
    <p class='ocr_par' dir='ltr' id='par_1_101' title="bbox 221 5417 1772 5495">
     <span class='ocr_line' id='line_1_101' title="bbox 221 5417 1772 5495; baseline 0.006 -24"><span class='ocrx_word' id='word_1_738' title='bbox 221 5417 563 5493; x_wconf 80' lang='lat' dir='ltr'><strong>interpretata,</strong></span> <span class='ocrx_word' id='word_1_739' title='bbox 587 5437 641 5483; x_wconf 89' lang='lat' dir='ltr'><strong>et</strong></span> <span class='ocrx_word' id='word_1_740' title='bbox 670 5442 886 5484; x_wconf 87' lang='lat' dir='ltr'><strong>errores</strong></span> <span class='ocrx_word' id='word_1_741' title='bbox 916 5427 995 5480; x_wconf 88' lang='lat' dir='ltr'><strong>illi</strong></span> <span class='ocrx_word' id='word_1_742' title='bbox 1026 5425 1166 5481; x_wconf 82' lang='lat' dir='ltr'><strong>t‘also</strong></span> <span class='ocrx_word' id='word_1_743' title='bbox 1196 5426 1494 5495; x_wconf 91' lang='lat' dir='ltr'><strong>imputatos</strong></span> <span class='ocrx_word' id='word_1_744' title='bbox 1525 5440 1648 5482; x_wconf 87' lang='lat' dir='ltr'><strong>esse</strong></span> <span class='ocrx_word' id='word_1_745' title='bbox 1676 5426 1772 5481; x_wconf 92' lang='lat' dir='ltr'><strong>de-</strong></span> 
     </span>
    </p>
   </div>
   <div class='ocr_carea' id='block_1_102' title="bbox 285 5623 1008 5700">
    <p class='ocr_par' dir='ltr' id='par_1_102' title="bbox 285 5623 1008 5700">
     <span class='ocr_line' id='line_1_102' title="bbox 285 5623 1008 5700; baseline 0.004 -17"><span class='ocrx_word' id='word_1_746' title='bbox 285 5623 322 5656; x_wconf 74' lang='lat'><strong>&quot;</strong></span> <span class='ocrx_word' id='word_1_747' title='bbox 363 5627 486 5700; x_wconf 79' lang='lat' dir='ltr'><strong>Cap.</strong></span> <span class='ocrx_word' id='word_1_748' title='bbox 556 5633 625 5688; x_wconf 77' lang='lat'><strong>9.5</strong></span> <span class='ocrx_word' id='word_1_749' title='bbox 688 5634 743 5686; x_wconf 87' lang='lat' dir='ltr'><strong>in</strong></span> <span class='ocrx_word' id='word_1_750' title='bbox 814 5632 1008 5686; x_wconf 80' lang='lat' dir='ltr'><strong>Matth.</strong></span> 
     </span>
    </p>
   </div>
   <div class='ocr_carea' id='block_1_103' title="bbox 227 5699 1686 5773">
    <p class='ocr_par' dir='ltr' id='par_1_103' title="bbox 227 5699 1686 5773">
     <span class='ocr_line' id='line_1_103' title="bbox 227 5699 1686 5773; baseline 0.009 -29"><span class='ocrx_word' id='word_1_751' title='bbox 227 5708 330 5773; x_wconf 65' lang='lat' dir='ltr'><strong>cap.</strong></span> <span class='ocrx_word' id='word_1_752' title='bbox 359 5699 406 5754; x_wconf 80' lang='lat'><strong>3.</strong></span> <span class='ocrx_word' id='word_1_753' title='bbox 443 5699 449 5700; x_wconf 24' lang='grc' dir='ltr'>ί</span> <span class='ocrx_word' id='word_1_754' title='bbox 475 5702 517 5732; x_wconf 77' lang='grc'><strong>⁸⁸</strong></span> <span class='ocrx_word' id='word_1_755' title='bbox 542 5703 657 5759; x_wconf 88' lang='lat' dir='ltr'><strong>Lib.</strong></span> <span class='ocrx_word' id='word_1_756' title='bbox 684 5721 745 5759; x_wconf 88' lang='grc' dir='ltr'><strong>ιιι</strong></span> <span class='ocrx_word' id='word_1_757' title='bbox 778 5705 1007 5773; x_wconf 71' lang='grc' dir='ltr'><strong>Ονὶθὶη.⁴</strong></span> <span class='ocrx_word' id='word_1_758' title='bbox 1063 5704 1107 5734; x_wconf 79' lang='grc'><strong>⁹⁰</strong></span> <span class='ocrx_word' id='word_1_759' title='bbox 1133 5699 1287 5773; x_wconf 77' lang='lat' dir='ltr'><strong>Epist</strong></span> <span class='ocrx_word' id='word_1_760' title='bbox 1315 5703 1381 5755; x_wconf 86' lang='lat' dir='ltr'><strong>ad</strong></span> <span class='ocrx_word' id='word_1_761' title='bbox 1417 5702 1686 5758; x_wconf 83' lang='lat' dir='ltr'><strong>Trallens.</strong></span> 
     </span>
    </p>
   </div>
   <div class='ocr_carea' id='block_1_104' title="bbox 229 5765 1084 5839">
    <p class='ocr_par' dir='ltr' id='par_1_104' title="bbox 229 5765 1084 5839">
     <span class='ocr_line' id='line_1_104' title="bbox 229 5765 1084 5839; baseline 0.012 -22"><span class='ocrx_word' id='word_1_762' title='bbox 229 5765 366 5837; x_wconf 78' lang='lat' dir='ltr'><strong>longe</strong></span> <span class='ocrx_word' id='word_1_763' title='bbox 403 5781 514 5839; x_wconf 82' lang='lat' dir='ltr'><strong>post</strong></span> <span class='ocrx_word' id='word_1_764' title='bbox 561 5775 677 5829; x_wconf 89' lang='lat' dir='ltr'><strong>init.</strong></span> <span class='ocrx_word' id='word_1_765' title='bbox 755 5775 800 5810; x_wconf 82' lang='lat'><strong>&quot;</strong></span> <span class='ocrx_word' id='word_1_766' title='bbox 829 5765 958 5830; x_wconf 73' lang='lat' dir='ltr'><strong>Loc.</strong></span> <span class='ocrx_word' id='word_1_767' title='bbox 992 5776 1084 5829; x_wconf 86' lang='lat' dir='ltr'><strong>cit.</strong></span> 
     </span>
    </p>
   </div>
   <div class='ocr_carea' id='block_1_105' title="bbox 1131 5631 2666 5760">
    <p class='ocr_par' dir='ltr' id='par_1_105' title="bbox 1131 5631 2666 5760">
     <span class='ocr_line' id='line_1_105' title="bbox 1131 5631 2665 5704; baseline 0 -20"><span class='ocrx_word' id='word_1_768' title='bbox 1131 5632 1177 5663; x_wconf 72' lang='grc'><strong>⁸⁸</strong></span> <span class='ocrx_word' id='word_1_769' title='bbox 1229 5631 1399 5700; x_wconf 87' lang='lat' dir='ltr'><strong>Epist.</strong></span> <span class='ocrx_word' id='word_1_770' title='bbox 1476 5647 1514 5685; x_wconf 91' lang='grc' dir='ltr'><strong>ιι</strong></span> <span class='ocrx_word' id='word_1_771' title='bbox 1595 5634 1659 5687; x_wconf 88' lang='lat' dir='ltr'><strong>ad</strong></span> <span class='ocrx_word' id='word_1_772' title='bbox 1721 5633 1995 5690; x_wconf 84' lang='lat' dir='ltr'><strong>lleliodor.</strong></span> <span class='ocrx_word' id='word_1_773' title='bbox 2076 5643 2200 5704; x_wconf 89' lang='lat' dir='ltr'><strong>post</strong></span> <span class='ocrx_word' id='word_1_774' title='bbox 2299 5632 2488 5702; x_wconf 88' lang='lat' dir='ltr'><strong>med.,</strong></span> <span class='ocrx_word' id='word_1_775' title='bbox 2525 5638 2580 5686; x_wconf 91' lang='lat' dir='ltr'><strong>et</strong></span> <span class='ocrx_word' id='word_1_776' title='bbox 2637 5643 2665 5682; x_wconf 78' lang='grc' dir='ltr'><strong>ε·</strong></span> 
     </span>
     <span class='ocr_line' id='line_1_106' title="bbox 1133 5699 2666 5760; baseline -0.003 -4"><span class='ocrx_word' id='word_1_777' title='bbox 1133 5703 1284 5760; x_wconf 84' lang='lat' dir='ltr'><strong>Epist</strong></span> <span class='ocrx_word' id='word_1_778' title='bbox 1315 5703 1381 5755; x_wconf 83' lang='lat' dir='ltr'><strong>ad</strong></span> <span class='ocrx_word' id='word_1_779' title='bbox 1417 5702 1686 5758; x_wconf 81' lang='lat' dir='ltr'><strong>Trallens.</strong></span> <span class='ocrx_word' id='word_1_780' title='bbox 1766 5705 1808 5735; x_wconf 82' lang='lat'><strong>&quot;</strong></span> <span class='ocrx_word' id='word_1_781' title='bbox 1843 5705 1961 5759; x_wconf 89' lang='lat' dir='ltr'><strong>Lib.</strong></span> <span class='ocrx_word' id='word_1_782' title='bbox 1990 5721 2023 5760; x_wconf 92' lang='lat' dir='ltr'><strong>ll</strong></span> <span class='ocrx_word' id='word_1_783' title='bbox 2050 5705 2328 5760; x_wconf 71' lang='lat' dir='ltr'><strong>Strornat..</strong></span> <span class='ocrx_word' id='word_1_784' title='bbox 2363 5713 2484 5760; x_wconf 76' lang='lat' dir='ltr'><strong>post</strong></span> <span class='ocrx_word' id='word_1_785' title='bbox 2549 5699 2666 5754; x_wconf 85' lang='lat' dir='ltr'><strong>med</strong></span> 
     </span>
    </p>
   </div>
   <div class='ocr_carea' id='block_1_106' title="bbox 1164 5713 2690 5846">
    <p class='ocr_par' dir='ltr' id='par_1_106' title="bbox 1164 5713 2690 5846">
     <span class='ocr_line' id='line_1_107' title="bbox 1164 5713 2690 5775; baseline 0 -21"><span class='ocrx_word' id='word_1_786' title='bbox 1164 5713 1284 5771; x_wconf 62' lang='lat' dir='ltr'><strong>iptst</strong></span> <span class='ocrx_word' id='word_1_787' title='bbox 1315 5713 1381 5755; x_wconf 84' lang='lat' dir='ltr'><strong>ad</strong></span> <span class='ocrx_word' id='word_1_788' title='bbox 1417 5713 1686 5758; x_wconf 81' lang='lat' dir='ltr'><strong>&#39;l‘rallens.</strong></span> <span class='ocrx_word' id='word_1_789' title='bbox 1766 5713 1808 5735; x_wconf 87' lang='lat'>&quot;</span> <span class='ocrx_word' id='word_1_790' title='bbox 1845 5713 1961 5759; x_wconf 85' lang='lat' dir='ltr'><strong>Lib.</strong></span> <span class='ocrx_word' id='word_1_791' title='bbox 1990 5721 2023 5760; x_wconf 92' lang='lat' dir='ltr'><strong>ll</strong></span> <span class='ocrx_word' id='word_1_792' title='bbox 2050 5713 2328 5775; x_wconf 57' lang='lat' dir='ltr'><strong>Superat,</strong></span> <span class='ocrx_word' id='word_1_793' title='bbox 2363 5713 2484 5773; x_wconf 82' lang='lat' dir='ltr'><strong>post</strong></span> <span class='ocrx_word' id='word_1_794' title='bbox 2549 5713 2690 5754; x_wconf 85' lang='lat' dir='ltr'><strong>mea.</strong></span> 
     </span>
     <span class='ocr_line' id='line_1_108' title="bbox 1164 5771 1952 5846; baseline 0.005 -21"><span class='ocrx_word' id='word_1_795' title='bbox 1164 5775 1207 5805; x_wconf 66' lang='grc'><strong>’³</strong></span> <span class='ocrx_word' id='word_1_796' title='bbox 1245 5771 1358 5828; x_wconf 85' lang='lat' dir='ltr'><strong>Lib.</strong></span> <span class='ocrx_word' id='word_1_797' title='bbox 1385 5789 1440 5827; x_wconf 88' lang='grc' dir='ltr'><strong>ιιι</strong></span> <span class='ocrx_word' id='word_1_798' title='bbox 1471 5773 1676 5829; x_wconf 80' lang='lat' dir='ltr'><strong>Hister.</strong></span> <span class='ocrx_word' id='word_1_799' title='bbox 1711 5816 1722 5841; x_wconf 88' lang='lat'><strong>,</strong></span> <span class='ocrx_word' id='word_1_800' title='bbox 1752 5792 1870 5846; x_wconf 79' lang='lat' dir='ltr'><strong>cap.</strong></span> <span class='ocrx_word' id='word_1_801' title='bbox 1896 5777 1952 5829; x_wconf 65' lang='grc' dir='ltr'><strong>ἓ.</strong></span> 
     </span>
    </p>
   </div>
   <div class='ocr_carea' id='block_1_107' title="bbox 1875 4582 3462 4660">
    <p class='ocr_par' dir='ltr' id='par_1_107' title="bbox 1875 4582 3462 4660">
     <span class='ocr_line' id='line_1_109' title="bbox 1875 4582 3462 4660; baseline -0.015 -2"><span class='ocrx_word' id='word_1_802' title='bbox 1875 4603 2059 4658; x_wconf 89' lang='lat' dir='ltr'><strong>culum</strong></span> <span class='ocrx_word' id='word_1_803' title='bbox 2089 4605 2349 4655; x_wconf 80' lang='lat' dir='ltr'><strong>excurrat</strong></span> <span class='ocrx_word' id='word_1_804' title='bbox 2387 4595 2591 4658; x_wconf 89' lang='lat' dir='ltr'><strong>oratio,</strong></span> <span class='ocrx_word' id='word_1_805' title='bbox 2625 4608 2692 4648; x_wconf 78' lang='lat' dir='ltr'><strong>es</strong></span> <span class='ocrx_word' id='word_1_806' title='bbox 2722 4591 2810 4646; x_wconf 87' lang='lat' dir='ltr'><strong>bis</strong></span> <span class='ocrx_word' id='word_1_807' title='bbox 2854 4603 2974 4660; x_wconf 67' lang='lat' dir='ltr'><strong>quae</strong></span> <span class='ocrx_word' id='word_1_808' title='bbox 3001 4602 3032 4641; x_wconf 91' lang='lat' dir='ltr'><strong>a</strong></span> <span class='ocrx_word' id='word_1_809' title='bbox 3072 4584 3230 4641; x_wconf 89' lang='lat' dir='ltr'><strong>nobis</strong></span> <span class='ocrx_word' id='word_1_810' title='bbox 3271 4582 3462 4636; x_wconf 89' lang='lat' dir='ltr'><strong>hacte—</strong></span> 
     </span>
    </p>
   </div>
   <div class='ocr_carea' id='block_1_108' title="bbox 1875 4675 3464 4762">
    <p class='ocr_par' dir='ltr' id='par_1_108' title="bbox 1875 4675 3464 4762">
     <span class='ocr_line' id='line_1_110' title="bbox 1875 4675 3464 4762; baseline -0.013 -14"><span class='ocrx_word' id='word_1_811' title='bbox 1875 4710 1982 4748; x_wconf 92' lang='lat' dir='ltr'><strong>nus</strong></span> <span class='ocrx_word' id='word_1_812' title='bbox 2009 4693 2287 4762; x_wconf 88' lang='lat' dir='ltr'><strong>disputata</strong></span> <span class='ocrx_word' id='word_1_813' title='bbox 2325 4696 2476 4751; x_wconf 88' lang='lat' dir='ltr'><strong>sunt,</strong></span> <span class='ocrx_word' id='word_1_814' title='bbox 2510 4685 2718 4756; x_wconf 89' lang='lat' dir='ltr'><strong>liquido</strong></span> <span class='ocrx_word' id='word_1_815' title='bbox 2748 4680 3042 4752; x_wconf 86' lang='lat' dir='ltr'><strong>colligitur,</strong></span> <span class='ocrx_word' id='word_1_816' title='bbox 3074 4677 3204 4749; x_wconf 90' lang='lat' dir='ltr'><strong>quid</strong></span> <span class='ocrx_word' id='word_1_817' title='bbox 3233 4675 3300 4731; x_wconf 91' lang='lat' dir='ltr'><strong>de</strong></span> <span class='ocrx_word' id='word_1_818' title='bbox 3326 4690 3464 4745; x_wconf 64' lang='lat' dir='ltr'><strong>prae—</strong></span> 
     </span>
    </p>
   </div>
   <div class='ocr_carea' id='block_1_109' title="bbox 1875 4767 3460 4852">
    <p class='ocr_par' dir='ltr' id='par_1_109' title="bbox 1875 4767 3460 4852">
     <span class='ocr_line' id='line_1_111' title="bbox 1875 4767 3460 4852; baseline -0.012 -15"><span class='ocrx_word' id='word_1_819' title='bbox 1875 4783 2054 4852; x_wconf 91' lang='lat' dir='ltr'><strong>cipuis</strong></span> <span class='ocrx_word' id='word_1_820' title='bbox 2083 4781 2206 4836; x_wconf 89' lang='lat' dir='ltr'><strong>ﬁdei</strong></span> <span class='ocrx_word' id='word_1_821' title='bbox 2238 4787 2442 4834; x_wconf 65' lang='lat' dir='ltr'><strong>nostrae</strong></span> <span class='ocrx_word' id='word_1_822' title='bbox 2466 4775 2734 4839; x_wconf 91' lang='lat' dir='ltr'><strong>articulis,</strong></span> <span class='ocrx_word' id='word_1_823' title='bbox 2764 4788 2904 4843; x_wconf 90' lang='lat' dir='ltr'><strong>quos</strong></span> <span class='ocrx_word' id='word_1_824' title='bbox 2935 4769 3264 4840; x_wconf 82' lang='lat' dir='ltr'><strong>respuebant</strong></span> <span class='ocrx_word' id='word_1_825' title='bbox 3294 4767 3460 4820; x_wconf 64' lang='lat' dir='ltr'><strong>haere-</strong></span> 
     </span>
    </p>
   </div>
   <div class='ocr_carea' id='block_1_110' title="bbox 1873 4856 3459 4942">
    <p class='ocr_par' dir='ltr' id='par_1_110' title="bbox 1873 4856 3459 4942">
     <span class='ocr_line' id='line_1_112' title="bbox 1873 4856 3459 4942; baseline -0.011 -14"><span class='ocrx_word' id='word_1_826' title='bbox 1873 4876 1989 4938; x_wconf 91' lang='lat' dir='ltr'><strong>tici,</strong></span> <span class='ocrx_word' id='word_1_827' title='bbox 2023 4874 2090 4928; x_wconf 90' lang='lat' dir='ltr'><strong>iis</strong></span> <span class='ocrx_word' id='word_1_828' title='bbox 2136 4871 2474 4942; x_wconf 78' lang='lat' dir='ltr'><strong>temporibus</strong></span> <span class='ocrx_word' id='word_1_829' title='bbox 2503 4869 2573 4923; x_wconf 89' lang='lat' dir='ltr'><strong>sit</strong></span> <span class='ocrx_word' id='word_1_830' title='bbox 2622 4873 2894 4922; x_wconf 88' lang='lat' dir='ltr'><strong>assertum</strong></span> <span class='ocrx_word' id='word_1_831' title='bbox 2931 4871 2984 4918; x_wconf 92' lang='lat' dir='ltr'><strong>et</strong></span> <span class='ocrx_word' id='word_1_832' title='bbox 3011 4860 3316 4916; x_wconf 89' lang='lat' dir='ltr'><strong>deﬁnitum.</strong></span> <span class='ocrx_word' id='word_1_833' title='bbox 3349 4856 3459 4911; x_wconf 76' lang='lat' dir='ltr'><strong>Ve-</strong></span> 
     </span>
    </p>
   </div>
   <div class='ocr_carea' id='block_1_111' title="bbox 1871 4951 3457 5022">
    <p class='ocr_par' dir='ltr' id='par_1_111' title="bbox 1871 4951 3457 5022">
     <span class='ocr_line' id='line_1_113' title="bbox 1871 4951 3457 5022; baseline -0.013 0"><span class='ocrx_word' id='word_1_834' title='bbox 1871 4983 1994 5022; x_wconf 91' lang='lat' dir='ltr'><strong>rum</strong></span> <span class='ocrx_word' id='word_1_835' title='bbox 2037 4965 2184 5020; x_wconf 89' lang='lat' dir='ltr'><strong>enim</strong></span> <span class='ocrx_word' id='word_1_836' title='bbox 2215 4980 2342 5020; x_wconf 89' lang='lat' dir='ltr'><strong>vero</strong></span> <span class='ocrx_word' id='word_1_837' title='bbox 2383 4978 2507 5018; x_wconf 91' lang='lat' dir='ltr'><strong>cum</strong></span> <span class='ocrx_word' id='word_1_838' title='bbox 2538 4959 2795 5015; x_wconf 84' lang='lat' dir='ltr'><strong>Ecclesiae</strong></span> <span class='ocrx_word' id='word_1_839' title='bbox 2820 4955 3012 5011; x_wconf 88' lang='lat' dir='ltr'><strong>Patres</strong></span> <span class='ocrx_word' id='word_1_840' title='bbox 3040 4953 3246 5009; x_wconf 91' lang='lat' dir='ltr'><strong>erroris</strong></span> <span class='ocrx_word' id='word_1_841' title='bbox 3284 4951 3457 5004; x_wconf 56' lang='lat' dir='ltr'><strong>hare—-</strong></span> 
     </span>
    </p>
   </div>
   <div class='ocr_carea' id='block_1_112' title="bbox 1873 5046 3456 5128">
    <p class='ocr_par' dir='ltr' id='par_1_112' title="bbox 1873 5046 3456 5128">
     <span class='ocr_line' id='line_1_114' title="bbox 1873 5046 3456 5128; baseline -0.015 -13"><span class='ocrx_word' id='word_1_842' title='bbox 1873 5074 2107 5128; x_wconf 86' lang='lat' dir='ltr'><strong>seosque</strong></span> <span class='ocrx_word' id='word_1_843' title='bbox 2152 5073 2249 5113; x_wconf 88' lang='lat' dir='ltr'><strong>eos</strong></span> <span class='ocrx_word' id='word_1_844' title='bbox 2305 5055 2717 5116; x_wconf 85' lang='lat' dir='ltr'><strong>condemnant,</strong></span> <span class='ocrx_word' id='word_1_845' title='bbox 2771 5048 2866 5120; x_wconf 89' lang='lat' dir='ltr'><strong>qui</strong></span> <span class='ocrx_word' id='word_1_846' title='bbox 2912 5046 3192 5103; x_wconf 83' lang='lat' dir='ltr'><strong>Christum</strong></span> <span class='ocrx_word' id='word_1_847' title='bbox 3241 5057 3456 5096; x_wconf 87' lang='lat' dir='ltr'><strong>merum</strong></span> 
     </span>
    </p>
   </div>
   <div class='ocr_carea' id='block_1_113' title="bbox 1874 5139 3455 5213">
    <p class='ocr_par' dir='ltr' id='par_1_113' title="bbox 1874 5139 3455 5213">
     <span class='ocr_line' id='line_1_115' title="bbox 1874 5139 3455 5213; baseline -0.013 -8"><span class='ocrx_word' id='word_1_848' title='bbox 1874 5152 2173 5213; x_wconf 89' lang='lat' dir='ltr'><strong>hominem,</strong></span> <span class='ocrx_word' id='word_1_849' title='bbox 2204 5165 2270 5204; x_wconf 83' lang='lat' dir='ltr'><strong>ex</strong></span> <span class='ocrx_word' id='word_1_850' title='bbox 2308 5147 2478 5201; x_wconf 84' lang='lat' dir='ltr'><strong>Maria</strong></span> <span class='ocrx_word' id='word_1_851' title='bbox 2503 5153 2558 5200; x_wconf 88' lang='lat' dir='ltr'><strong>et</strong></span> <span class='ocrx_word' id='word_1_852' title='bbox 2597 5143 2822 5212; x_wconf 84' lang='lat' dir='ltr'><strong>Joseph,</strong></span> <span class='ocrx_word' id='word_1_853' title='bbox 2857 5156 2968 5194; x_wconf 92' lang='lat' dir='ltr'><strong>non</strong></span> <span class='ocrx_word' id='word_1_854' title='bbox 3009 5151 3170 5194; x_wconf 92' lang='lat' dir='ltr'><strong>secus</strong></span> <span class='ocrx_word' id='word_1_855' title='bbox 3197 5149 3262 5188; x_wconf 89' lang='lat' dir='ltr'><strong>ac</strong></span> <span class='ocrx_word' id='word_1_856' title='bbox 3293 5139 3455 5186; x_wconf 67' lang='lat' dir='ltr'><strong>caete-</strong></span> 
     </span>
    </p>
   </div>
   <div class='ocr_carea' id='block_1_114' title="bbox 1874 5223 3448 5309">
    <p class='ocr_par' dir='ltr' id='par_1_114' title="bbox 1874 5223 3448 5309">
     <span class='ocr_line' id='line_1_116' title="bbox 1874 5223 3448 5309; baseline -0.016 -11"><span class='ocrx_word' id='word_1_857' title='bbox 1874 5260 1966 5298; x_wconf 91' lang='lat' dir='ltr'><strong>ros</strong></span> <span class='ocrx_word' id='word_1_858' title='bbox 2014 5241 2287 5302; x_wconf 90' lang='lat' dir='ltr'><strong>homines,</strong></span> <span class='ocrx_word' id='word_1_859' title='bbox 2317 5237 2581 5309; x_wconf 79' lang='lat' dir='ltr'><strong>genitum,</strong></span> <span class='ocrx_word' id='word_1_860' title='bbox 2612 5251 2715 5290; x_wconf 92' lang='lat' dir='ltr'><strong>nec</strong></span> <span class='ocrx_word' id='word_1_861' title='bbox 2744 5233 2890 5287; x_wconf 88' lang='lat' dir='ltr'><strong>Patri</strong></span> <span class='ocrx_word' id='word_1_862' title='bbox 2938 5238 3143 5285; x_wconf 68' lang='lat' dir='ltr'><strong>artemo</strong></span> <span class='ocrx_word' id='word_1_863' title='bbox 3187 5223 3448 5293; x_wconf 72' lang='lat' dir='ltr'><strong>aequalem</strong></span> 
     </span>
    </p>
   </div>
   <div class='ocr_carea' id='block_1_115' title="bbox 1877 5314 3451 5393">
    <p class='ocr_par' dir='ltr' id='par_1_115' title="bbox 1877 5314 3451 5393">
     <span class='ocr_line' id='line_1_117' title="bbox 1877 5314 3451 5393; baseline -0.015 -5"><span class='ocrx_word' id='word_1_864' title='bbox 1877 5349 2124 5391; x_wconf 85' lang='lat' dir='ltr'><strong>asserere</strong></span> <span class='ocrx_word' id='word_1_865' title='bbox 2155 5332 2274 5386; x_wconf 88' lang='lat' dir='ltr'><strong>ausi</strong></span> <span class='ocrx_word' id='word_1_866' title='bbox 2304 5337 2462 5393; x_wconf 90' lang='lat' dir='ltr'><strong>sunt,</strong></span> <span class='ocrx_word' id='word_1_867' title='bbox 2497 5327 2623 5384; x_wconf 89' lang='lat' dir='ltr'><strong>inde</strong></span> <span class='ocrx_word' id='word_1_868' title='bbox 2656 5323 2952 5382; x_wconf 90' lang='lat' dir='ltr'><strong>concludas</strong></span> <span class='ocrx_word' id='word_1_869' title='bbox 2981 5325 3195 5390; x_wconf 89' lang='lat' dir='ltr'><strong>oportet</strong></span> <span class='ocrx_word' id='word_1_870' title='bbox 3230 5314 3451 5370; x_wconf 88' lang='lat' dir='ltr'><strong>eosdem</strong></span> 
     </span>
    </p>
   </div>
   <div class='ocr_carea' id='block_1_116' title="bbox 1875 5404 3452 5482">
    <p class='ocr_par' dir='ltr' id='par_1_116' title="bbox 1875 5404 3452 5482">
     <span class='ocr_line' id='line_1_118' title="bbox 1875 5404 3452 5482; baseline -0.015 -1"><span class='ocrx_word' id='word_1_871' title='bbox 1875 5426 2066 5482; x_wconf 90' lang='lat' dir='ltr'><strong>Patres</strong></span> <span class='ocrx_word' id='word_1_872' title='bbox 2099 5425 2204 5480; x_wconf 89' lang='lat' dir='ltr'><strong>ﬁde</strong></span> <span class='ocrx_word' id='word_1_873' title='bbox 2230 5423 2542 5480; x_wconf 87' lang='lat' dir='ltr'><strong>certissima</strong></span> <span class='ocrx_word' id='word_1_874' title='bbox 2569 5419 2870 5476; x_wconf 87' lang='lat' dir='ltr'><strong>credidisse</strong></span> <span class='ocrx_word' id='word_1_875' title='bbox 2898 5415 3180 5470; x_wconf 89' lang='lat' dir='ltr'><strong>Christum</strong></span> <span class='ocrx_word' id='word_1_876' title='bbox 3211 5423 3333 5462; x_wconf 89' lang='lat' dir='ltr'><strong>esse</strong></span> <span class='ocrx_word' id='word_1_877' title='bbox 3364 5404 3452 5458; x_wconf 85' lang='lat' dir='ltr'><strong>Fi-</strong></span> 
     </span>
    </p>
   </div>
   <div class='ocr_carea' id='block_1_117' title="bbox 2299 5613 3446 5748">
    <p class='ocr_par' dir='ltr' id='par_1_117' title="bbox 2299 5613 3446 5748">
     <span class='ocr_line' id='line_1_119' title="bbox 2299 5613 3446 5702; baseline -0.02 -14"><span class='ocrx_word' id='word_1_878' title='bbox 2299 5632 2488 5702; x_wconf 88' lang='lat' dir='ltr'><strong>med.,</strong></span> <span class='ocrx_word' id='word_1_879' title='bbox 2525 5638 2580 5686; x_wconf 91' lang='lat' dir='ltr'><strong>et</strong></span> <span class='ocrx_word' id='word_1_880' title='bbox 2637 5626 2796 5698; x_wconf 82' lang='lat' dir='ltr'><strong>epist.</strong></span> <span class='ocrx_word' id='word_1_881' title='bbox 2870 5623 2938 5677; x_wconf 61' lang='lat'><strong>£8</strong></span> <span class='ocrx_word' id='word_1_882' title='bbox 3016 5618 3084 5674; x_wconf 89' lang='lat' dir='ltr'><strong>ad</strong></span> <span class='ocrx_word' id='word_1_883' title='bbox 3167 5613 3446 5668; x_wconf 86' lang='lat' dir='ltr'><strong>Sabinian.</strong></span> 
     </span>
     <span class='ocr_line' id='line_1_120' title="bbox 2299 5684 3446 5748; baseline -0.013 0"><span class='ocrx_word' id='word_1_884' title='bbox 2299 5746 2301 5748; x_wconf 71' lang='grc'><strong>,</strong></span> <span class='ocrx_word' id='word_1_885' title='bbox 2363 5713 2484 5748; x_wconf 76' lang='grc' dir='ltr'><strong>ηηςι</strong></span> <span class='ocrx_word' id='word_1_886' title='bbox 2549 5699 2690 5748; x_wconf 84' lang='lat' dir='ltr'><strong>med.</strong></span> <span class='ocrx_word' id='word_1_887' title='bbox 2770 5697 2814 5728; x_wconf 80' lang='grc'><strong>⁹²</strong></span> <span class='ocrx_word' id='word_1_888' title='bbox 2862 5693 2981 5748; x_wconf 89' lang='lat' dir='ltr'><strong>Lib.</strong></span> <span class='ocrx_word' id='word_1_889' title='bbox 3046 5705 3109 5745; x_wconf 86' lang='lat' dir='ltr'><strong>tu</strong></span> <span class='ocrx_word' id='word_1_890' title='bbox 3158 5684 3446 5745; x_wconf 83' lang='lat' dir='ltr'><strong>Stromut.,</strong></span> 
     </span>
    </p>
   </div>
  </div>
