3936 6172
211 6047 346 6090 ..επ-,-
357 6068 360 6070 -

353 254 426 309 '1'!

1547 251 1636 306 DE
1673 249 1980 307 OMNIBUS
2018 252 2420 309 CENERATHI

3542 263 3626 320 28

356 369 487 421 lium
523 362 638 425 Dei.
669 361 816 420 Patri
849 380 950 421 suo
979 373 1185 420 aeterno
1213 365 1500 435 aequalem,
1529 381 1595 420 ex
1627 364 1795 420 Maria
1824 362 1950 418 Vir-
1976 369 2023 422 Δ
2052 363 2380 435 imbuercnt,
2410 369 2502 439 qui
2534 369 2738 425 divinis
2763 385 2952 426 eorum
2978 373 3324 428 sermonibus
3354 375 3420 429 ad
3453 376 3620 433 ﬁdem

354 457 501 526 gine,
536 455 652 510 sola
686 455 928 526 Spiritus
961 458 1137 512 sancti
1178 459 1378 512 virtute
1407 455 1637 513 editum.
1673 456 1810 511 Hinc
1842 472 1943 510 au-

356 558 466 600 tem
518 562 713 602 rursus
775 548 1002 618 colligas
1051 564 1278 603 necesse
1333 555 1416 603 est
1469 548 1829 603 orthodoxam
1877 548 1945 604 de

355 637 563 694 Christi
591 637 897 701 divinitate,
925 653 1142 708 unaque
1171 640 1319 695 illius
1349 655 1473 692 cum
1504 639 1665 694 Patre
1694 640 1946 696 substan-

359 731 456 796 tia,
490 746 585 786 seu
636 730 1208 785 consubstantialitate
1255 731 1561 786 doctrinam
1612 746 1641 784 a
1689 729 1945 787 Patribus

359 823 518 894 primi
555 822 810 878 Ecclesiae
837 823 1044 887 saeculi,
1075 833 1127 878 et
1158 823 1314 892 longe
1345 830 1470 877 ante
1497 821 1776 876 Nicaenum
1813 837 1946 876 con-

359 913 544 968 cilium
584 912 755 968 fuisse
798 913 1076 977 traditam,
1109 921 1374 968 assertam
1420 919 1475 968 et
1520 920 1940 982 pr0pugnatam.

383 1011 501 1060 dem
534 1006 762 1076 quilibet
789 1014 843 1061 et
873 1005 939 1061 de
971 1005 1095 1062 aliis
1123 1005 1433 1076 quibusque
1465 1005 1770 1069 erroribus,
1805 1020 1944 1074 quos

360 1099 430 1151 ab
475 1097 747 1153 hareticis
795 1097 1050 1153 defensos
1079 1137 1094 1162 ,
1143 1112 1173 1150 a
1230 1095 1486 1152 Patribus
1537 1096 1771 1165 rejectos
1821 1111 1945 1151 esse

359 1188 622 1251 diximus,
647 1189 915 1258 judicium
949 1189 1090 1245 ferre
1118 1189 1297 1244 debet.

431 1279 550 1333 Alia
591 1296 807 1351 quoque
844 1298 911 1336 ex
958 1281 1150 1336 iisdem
1204 1280 1476 1335 haereticis
1519 1279 1646 1334 inde
1687 1287 1814 1334 nata
1859 1287 1944 1335 est

363 1371 624 1428 Ecclesia:
668 1374 897 1437 utilitas,
945 1371 1091 1443 quod
1144 1372 1180 1425 ii
1230 1372 1486 1426 Ecclesia:
1525 1370 1782 1426 Palribus
1812 1387 1942 1426 suos

360 1467 624 1522 adversus
658 1466 893 1521 lnereses
924 1468 1094 1522 libros
1119 1473 1173 1521 et
1204 1471 1473 1519 tractatus
1527 1479 1667 1534 quos
1689 1462 1941 1518 fortassis

361 1577 639 1631 nunquam
663 1560 980 1623 edidissent,
1003 1559 1276 1614 scribendi
1300 1559 1552 1613 dederint
1572 1557 1940 1611 occasionem.

362 1653 458 1706 llis
480 1667 610 1722 ergo
633 1651 924 1714 haereticis,
960 1651 1086 1706 licet
1116 1650 1302 1706 invitis
1327 1658 1379 1705 et
1409 1650 1611 1719 saepius
1639 1648 1941 1703 reclaman—

361 1747 532 1809 tibus,
564 1746 826 1800 debemus
857 1745 1093 1814 pretiosa
1123 1745 1212 1798 illa
1242 1751 1520 1798 tantorum
1553 1743 1794 1797 virorum
1823 1755 1941 1794 mo-

361 1845 646 1900 numenta,
678 1853 743 1891 ex
774 1837 978 1907 quibus
1007 1852 1293 1892 sacrorum
1324 1835 1450 1890 fidei
1479 1836 1793 1904 dogmatum
1829 1841 1942 1888 tra-

361 1927 498 1981 ditio
523 1925 590 1979 ad
619 1942 720 1983 nos
749 1943 920 1997 usque
955 1925 1190 1981 deducta
1217 1933 1321 1980 est.
1351 1924 1535 1994 Neque
1568 1925 1715 1980 aliud
1749 1924 1849 1977 hac
1880 1923 1935 1977 in

364 2036 422 2074 re
467 2020 645 2090 magis
691 2019 1005 2088 lugendum,
1049 2034 1210 2087 quam
1257 2016 1403 2088 quod
1453 2018 1636 2072 omnia
1676 2015 1943 2087 ejusmodi

363 2113 564 2179 scripta
596 2109 661 2163 ad
685 2126 784 2165 nos
826 2125 934 2164 non
965 2111 1142 2164 solum
1177 2125 1286 2164 non
1312 2111 1682 2179 pervenerint,
1715 2109 1810 2165 sed
1842 2125 1942 2164 nec

365 2203 472 2256 ulla
505 2202 739 2271 plurium
784 2210 964 2258 exstet
1013 2203 1246 2272 amplius
1294 2202 1578 2265 memoria,
1630 2218 1731 2257 nec
1773 2203 1941 2256 ullum

363 2310 550 2350 eorum
593 2295 745 2349 ullibi
780 2294 938 2350 nobis
971 2295 1253 2365 vestigium
1296 2293 1556 2362 supersit.

990 2407 1220 2463 CAPUT
1260 2408 1328 2462 X.

598 2502 675 2555 De
704 2502 1001 2556 scholarum
1028 2501 1454 2556 Christianarum
1484 2502 1704 2572 origine.

437 2593 738 2649 Adversum
801 2593 1087 2649 haereticos
1142 2609 1252 2648 non
1312 2595 1526 2648 calamo
1582 2595 1848 2648 duntaxat
1891 2604 1944 2649 et

365 2689 610 2760 scriptis,
634 2690 730 2744 sed
754 2690 876 2742 viva
905 2690 1070 2742 etiam
1097 2703 1252 2750 voce,
1279 2688 1562 2757 variisque
1593 2689 1943 2744 sermonibus

363 2780 721 2836 decertabant
751 2781 1050 2848 scriptores
1078 2781 1274 2842 nostri,
1311 2778 1765 2850 Christianosque
1817 2795 1942 2835 cum

365 2889 578 2931 morum
623 2873 933 2942 praeceptis,
988 2880 1100 2926 tum
1136 2872 1258 2925 lidei
1306 2871 1557 2926 doctrina
1594 2871 1941 2927 erudiebant.

367 2965 494 3019 Illos
523 2971 704 3018 autem
727 2979 791 3018 ea
821 2963 1092 3018 docebant
1118 2963 1172 3017 in
1207 2963 1340 3018 locis
1373 2963 1624 3032 privatis,
1669 2978 1732 3017 ac
1763 2978 1942 3034 quan-

2048 457 2286 525 adducti,
2305 460 2673 517 Christianam
2697 463 3033 533 religionem,
3065 467 3317 534 pristinis
3331 471 3623 526 erroribus

2047 549 2336 620 depositis,
2371 554 2453 608 vel
2488 555 2706 624 publica
2732 556 3055 626 sinceraque
3088 557 3430 628 professione
3456 571 3620 616 erant

2047 643 2358 712 amplexati,
2392 647 2474 699 vel
2493 646 2603 714 jam
2623 647 2736 716 jam
2768 649 3174 718 amplexaturos
3205 665 3264 704 se
3293 666 3437 714 esse,
3459 663 3616 708 certo

2049 732 2466 801 pollicebantur.
2503 733 2601 789 His
2651 744 2856 800 autem,
2901 744 2964 790 ut
2994 737 3221 806 plenius.
3250 737 3375 794 fidei
3421 739 3618 796 Chris-

2046 824 2209 879 tiana
2235 831 2519 894 praeceptis
2539 833 2591 879 et
2611 825 2958 896 dogmatibus
2976 826 3423 891 informarentur,
3447 845 3618 900 quos-

2047 913 2170 968 dam
2192 916 2582 984 prazficiebant,
2612 933 2751 987 quos
2772 917 3066 988 Apostolus
3095 919 3210 988 ipse
3235 921 3489 976 doctores
3516 938 3617 990 ap.

2049 1006 2232 1076 pellat,
2252 1014 2305 1061 et
2337 1022 2366 1060 a
2388 1008 2607 1062 caneris
2633 1008 2744 1062 fere
2767 1009 3024 1063 omnibus
3053 1008 3312 1064 Ecclesia}
3343 1011 3616 1065 ministris

2047 1107 2233 1167 aperte
2265 1097 2552 1152 discernit.
2577 1097 2651 1152 De
2681 1099 2750 1153 iis
2777 1102 2979 1168 quippe
3013 1100 3159 1155 hunc
3189 1102 3244 1155 in
3279 1101 3497 1155 modum
3523 1102 3618 1155 ille

2046 1189 2112 1243 ad
2165 1186 2453 1257 tpresios
2506 1190 2695 1245 scribit
2725 1213 2736 1246 :
2775 1190 2842 1244 Et
2879 1195 2986 1259 ipse
3023 1193 3164 1246 dedit
3213 1195 3468 1264 quosdam
3501 1197 3618 1264 qui-

2044 1284 2161 1338 dem
2191 1285 2478 1352 apostolos,
2511 1287 2768 1352 quosdam
2799 1302 2916 1339 vero
2939 1288 3238 1354 prophetas,
3270 1287 3405 1341 alios
3437 1297 3618 1341 autem

2044 1384 2282 1442 pastores
2323 1384 2372 1427 et
2399 1374 2637 1428 doctores
2686 1376 2751 1429 ".
2800 1375 2864 1428 Et
2901 1376 2966 1429 ad
3005 1371 3252 1428 Corinth.
3292 1395 3305 1430 ;
3340 1376 3620 1442 Quosdam

2043 1465 2250 1535 quidem
2275 1468 2450 1536 posuit
2478 1466 2617 1521 .Deus
2666 1468 2721 1521 in
2769 1466 3027 1530 Ecclesia,
3064 1469 3292 1536 primum
3321 1470 3616 1537 apostolos,

2044 1555 2269 1610 secundo
2320 1556 2624 1625 prophetas,
2675 1557 2824 1609 tertio
2849 1555 3089 1611 doctores
3120 1557 3186 1612 ’⁸.
3230 1556 3402 1613 Porro
3433 1569 3618 1613 autem

2045 1647 2178 1702 illud
2208 1648 2450 1702 doctoris
2481 1663 2680 1702 munus
2708 1649 2980 1718 episcopis
3003 1650 3350 1718 potissimum
3374 1651 3618 1707 delatum

2043 1754 2168 1794 esse
2197 1737 2337 1793 idem
2363 1755 2474 1793 non
2493 1740 2728 1794 obscure
2765 1739 2927 1794 docet
2956 1742 3132 1810 prima
3173 1742 3239 1796 ad
3270 1741 3619 1797 Timotheum

2045 1832 2285 1901 Epistula
2321 1851 2332 1885 :
2368 1830 2586 1899 Oportet
2616 1849 2736 1902 ergo
2782 1835 3078 1901 episcopum
3116 1835 3621 1902 irreprehensibilem

2042 1939 2270 1979 csse.....
2311 1923 2645 1992 hospitalem,
2694 1925 2960 1980 doctorem
2984 1927 3049 1982 ”.
3084 1926 3165 1982 Ad
3217 1927 3396 1983 Titum
3443 1945 3617 1984 vero:

2047 2016 2262 2086 Oportet
2289 2019 2588 2087 episcopum
2622 2020 2735 2073 sine
2776 2021 2995 2073 crimine
3025 2037 3251 2078 esse.....
3301 2022 3623 2091 amplecten-

2047 2120 2148 2165 tem
2175 2128 2314 2175 eum,
2340 2113 2430 2180 qui
2458 2112 2744 2165 secundum
2776 2113 3078 2167 doctrinam
3119 2124 3220 2177 est,
3259 2114 3467 2183 ﬁdelem
3509 2133 3622 2170 ser-

2044 2220 2282 2266 monem;
2314 2213 2371 2255 ut
2399 2212 2580 2272 potens
2622 2205 2695 2258 sit
2717 2204 2990 2258 exhortari
3019 2210 3070 2259 in
3096 2206 3338 2261 doctrina
3368 2225 3543 2273 sacra,
3569 2217 3634 2263 et

2043 2314 2130 2352 eos
2153 2297 2242 2366 qui
2261 2297 2634 2351 contradicunt
2660 2315 2881 2368 arguere
2916 2299 3003 2356 ¹⁰⁰.

2115 2385 2260 2443 idem
2285 2396 2472 2442 tamen
2516 2388 2759 2444 doctoris
2791 2388 3026 2444 ollicium
3068 2391 3213 2456 aliis,
3247 2392 3504 2462 episeopo
3533 2393 3622 2445 in-

2046 2479 2379 2544 ferioribus,
2427 2494 2819 2548 nonnunquam
2879 2480 3332 2535 demandabatur.
3383 2480 3638 2535 Rursum.

2043 2572 2187 2626 enim
2219 2570 2421 2627 Paulus
2445 2572 2512 2625 ad
2541 2570 2919 2627 Timotheum:
2947 2573 3051 2638 Qui
3080 2573 3224 2636 bene,
3257 2574 3453 2643 inquit,
3485 2592 3632 2644 pra-

2045 2674 2169 2718 sunt
2228 2665 2540 2735 presbyteri,
2595 2665 2798 2735 duplici
2853 2664 3054 2721 honore
3107 2666 3254 2738 digni
3303 2668 3622 2730 habeantur,

2044 2758 2275 2811 maxime
2309 2758 2400 2826 qui
2443 2757 2690 2811 laborant
2736 2759 2790 2812 in
2837 2759 2988 2812 verba
3012 2769 3061 2813 et
3105 2760 3348 2814 doctrina
3378 2761 3417 2815 ί.
3467 2762 3641 2827 Ουοὼ

2047 2851 2095 2907 si
2151 2865 2216 2906 ea
2268 2850 2563 2921 presbyteri
2633 2867 2767 2906 voce
2813 2853 3102 2923 episcopos
3153 2853 3305 2924 ipsos
3347 2852 3625 2924 designari

2055 2942 2396 3011 pertinacius
2425 2943 2751 3008 contendas,
2795 2951 2849 2999 et
2881 2953 2937 2998 tu
2989 2946 3107 3014 ipse
3146 2944 3372 3001 fatearis
3397 2961 3625 3000 necesse

364 3059 545 3128 doque
585 3059 838 3127 publicis,
877 3066 1142 3126 quantum
1177 3057 1456 3128 pacatiora
1491 3059 1940 3127 persecutionum

2051 3045 2137 3092 est
2165 3037 2403 3106 duplicis
2432 3039 2655 3107 generis
2685 3037 2856 3092 fuisse
2887 3037 3199 3106 episc0pos,
3228 3053 3463 3106 quorum
3487 3052 3626 3091 non—

365 3157 614 3220 tempora
662 3150 711 3203 id
760 3149 1027 3212 ferebant,
1054 3148 1137 3204 vel
1169 3164 1264 3203 eos
1294 3164 1540 3204 summus
1570 3150 1815 3221 martyrii
1856 3165 1944 3204 ar-

366 3240 467 3296 dor
503 3241 570 3294 ad
602 3240 1001 3311 praedicandam
1035 3239 1191 3295 fidem
1225 3239 1554 3309 impellebat.
1592 3240 1670 3295 Ac
1705 3241 1943 3311 primum

365 3332 586 3402 quidem
623 3340 776 3385 extra
821 3334 1255 3387 controversiam
1302 3342 1386 3389 est
1432 3337 1734 3406 apostolos,
1781 3344 1945 3406 atque

367 3441 556 3480 eorum
601 3424 901 3494 discipulos
945 3425 998 3480 in
1028 3427 1269 3481 vicorum
1301 3429 1628 3497 urbiumque
1650 3430 1858 3498 plateas
1893 3439 1946 3484 et

367 3516 629 3585 compita,
665 3517 718 3569 in
749 3515 1059 3570 Judaeorum
1105 3531 1410 3589 synagogas
1440 3528 1494 3574 et
1523 3521 1739 3577 scholas
1769 3524 1947 3592 genti-

371 3609 502 3662 lium
534 3624 656 3663 sese
709 3609 1014 3663 incredibili
1046 3626 1271 3679 prorsus
1296 3613 1492 3667 ardore
1523 3613 1728 3669 idcirco
1753 3624 1946 3669 contu-

370 3701 523 3762 lisse,
554 3709 613 3753 ut
637 3700 988 3770 Evangelium
1010 3701 1235 3765 Christi,
1267 3710 1320 3756 et
1353 3718 1565 3758 sacram
1593 3705 1715 3774 ejus
1741 3706 1948 3761 doctri-

371 3808 497 3847 nam
529 3793 937 3856 annuntiarent,
968 3809 1198 3863 eamque
1235 3797 1628 3865 persuaderent
1669 3799 1943 3854 omnibus.

371 3882 438 3936 Et
479 3897 611 3936 sane
641 3880 843 3936 Paulus
877 3897 1001 3936 cum
1032 3884 1274 3939 Athenas
1306 3885 1546 3940 venisset
1578 3906 1591 3941 :
1631 3887 1946 3956 Disputabat

369 3975 424 4026 in
454 3971 735 4042 Synagoga
763 3988 880 4024 cum
907 3970 1113 4027 Iudaeis
1141 3983 1188 4027 et
1214 3975 1527 4041 colentibus,
1558 3988 1608 4032 et
1636 3981 1689 4032 in
1717 3981 1832 4048 foro
1857 3999 1948 4050 per

370 4078 548 4114 omnes
571 4062 682 4115 dies
708 4061 777 4114 ad
804 4079 910 4124 eos,
941 4063 1030 4132 qui
1056 4063 1294 4118 aderant.
1329 4065 1558 4131 Quidam
1581 4075 1746 4121 autem
1764 4066 1951 4139 Epicu-

371 4152 447 4204 rei
480 4160 528 4202 et
552 4149 720 4206 Stoici
761 4151 1053 4220 philosophi
1097 4152 1422 4207 disserebant
1481 4171 1599 4208 cum
1645 4173 1704 4210 eo
1722 4157 1790 4219 ",
1836 4167 1944 4215 etc.

370 4241 511 4295 Cum
557 4249 738 4297 autem
799 4240 996 4310 Ephesi
1072 4250 1381 4297 moraretur
1423 4264 1437 4298 :
1487 4244 1848 4316 Introgressus
1894 4251 1949 4304 in

2049 3131 2210 3195 nulli,
2240 3129 2413 3185 Paulo
2443 3137 2602 3196 teste,
2635 3133 2691 3184 in
2719 3129 2872 3184 verba
2918 3140 2967 3184 et
3005 3130 3247 3184 doctrina
3280 3130 3623 3184 laborabant.

2048 3222 2435 3278 Verumtamen
2464 3230 2518 3277 et
2541 3223 2678 3278 alios
2707 3224 2775 3278 ab
2795 3223 3073 3293 episcopis
3105 3224 3292 3278 munia
3335 3222 3640 3277 doctorum.

2047 3317 2251 3372 obiisse
2270 3315 2413 3370 haud
2435 3316 2669 3372 obscure
2679 3315 3056 3370 demonstrant
3078 3331 3140 3371 ea
3157 3316 3416 3370 Actorum
3431 3314 3620 3369 verba:

2051 3410 2222 3464 Erant
2248 3420 2424 3464 autent
2458 3411 2512 3463 in
2545 3408 2787 3464 Ecclesia
2806 3409 3100 3463 Antiochia:
3128 3409 3393 3477 propheta:
3424 3415 3473 3460 et
3501 3405 3626 3458 dor—

2051 3512 2208 3566 tores,
2250 3503 2303 3555 in
2334 3501 2518 3571 quibus
2544 3511 2594 3555 et
2637 3501 2916 3554 Barnabas
2959 3510 3008 3555 et
3046 3500 3254 3564 Simon,
3281 3501 3369 3570 qui
3410 3500 3626 3554 rocaba-

2049 3604 2137 3648 tur
2178 3594 2364 3664 Niger,
2404 3604 2452 3648 et
2503 3593 2696 3646 Lucius
2741 3592 3074 3663 Cyrenensis,
3132 3602 3181 3646 et
3215 3591 3499 3653 Manahen,
3537 3591 3627 3659 qui

2047 3695 2162 3740 erat
2211 3686 2439 3740 Herodis
2489 3686 2791 3741 Tetrarchae
2838 3687 3217 3749 collactaneus,
3265 3694 3312 3738 et
3361 3683 3559 3739 Saulus
3581 3685 3621 3735 '.

2051 3777 2161 3833 llos
2184 3780 2332 3833 enim
2364 3795 2559 3835 omnes
2589 3789 2643 3834 et
2669 3779 2917 3849 singulos
2955 3778 3021 3832 ad
3047 3779 3367 3849 dignitatem
3411 3778 3627 3846 cpiscov

2051 3871 2230 3941 palem
2267 3879 2489 3925 evectos
2516 3869 2688 3926 fuisse
2718 3871 2842 3940 quis
2874 3871 3074 3925 audeat
3096 3870 3406 3924 afﬁrmare?

2121 3961 2202 4015 Ad
2233 3962 2546 4017 scholarum
2580 3977 2743 4032 porro
2773 3964 3041 4032 originem
3090 3963 3222 4016 illud
3249 3963 3424 4033 magis
3456 3965 3626 4033 perti-

2052 4070 2183 4109 nere
2214 4053 2442 4110 forsitan
2472 4056 2768 4121 videbitur,
2795 4056 2940 4127 quod
2975 4056 3265 4111 Timotheo
3293 4056 3471 4110 adhuc
3494 4057 3628 4111 scri-

2051 4147 2131 4201 bit
2152 4144 2357 4202 Paulus
2385 4168 2398 4202 :
2432 4146 2564 4212 Qua:
2591 4147 2790 4202 audisti
2820 4167 2851 4201 a
2881 4165 2960 4202 me
2977 4166 3068 4220 per
3096 4150 3288 4203 multos
3319 4158 3493 4213 testes,
3518 4148 3626 4201 htrc

2052 4240 2359 4294 commenda
2390 4240 2633 4310 ﬁdelibus
2664 4241 2988 4305 hominibus,
3035 4243 3126 4310 qui
3171 4241 3348 4295 idonei
3401 4250 3550 4295 erunt
3577 4252 3626 4294 et

373 4333 709 4404 Synagogam
736 4351 854 4387 cum
885 4334 1085 4402 ﬁducia
1117 4335 1428 4406 loquebatur
1453 4353 1543 4406 per
1582 4348 1685 4393 tres
1724 4357 1946 4407 menses,
1979 4373 2026 4431 ι)
2054 4334 2188 4388 alios
2219 4335 2410 4390 docere
2433 4335 2473 4390 ³.
2521 4334 2601 4389 Ex
2632 4335 2722 4389 his
2780 4335 2982 4404 quippe
3019 4335 3206 4389 verbis
3239 4334 3369 4398 duo,
3410 4350 3530 4404 quae
3559 4335 3625 4387 ad

371 4426 650 4495 disputans
681 4435 729 4480 et
756 4427 983 4481 suadens
1017 4427 1081 4481 de
1105 4446 1260 4499 regno
1305 4429 1422 4486 Dei.
1460 4428 1594 4485 Cum
1623 4442 1798 4486 autent
1823 4436 1946 4504 qui-

371 4517 498 4570 dum
548 4519 928 4573 indurarentur
976 4529 1025 4574 et
1066 4537 1169 4574 non
1223 4521 1513 4586 crederent,
1581 4524 1945 4581 maledicentes

372 4609 512 4661 viam
558 4608 773 4664 Domini
804 4627 984 4664 coram
1024 4612 1384 4674 multitudine,
1422 4613 1692 4669 discedens
1738 4617 1802 4670 ab
1846 4620 1943 4682 eis,

371 4703 656 4771 segregavit
687 4703 996 4772 discipulos,
1044 4704 1276 4774 quotidie
1322 4705 1601 4774 disputans
1666 4709 1720 4760 in
1763 4708 1945 4763 schsla

375 4793 588 4861 tyranni
617 4795 916 4862 cujusdam.
952 4796 1067 4850 Hoc
1094 4805 1264 4851 autem
1294 4797 1495 4866 factum
1541 4807 1618 4852 est
1665 4814 1757 4866 per
1804 4800 1948 4854 bien-

372 4887 518 4937 nium
541 4924 557 4947 ,
591 4885 668 4940 ita
709 4895 764 4938 ut
816 4904 992 4940 omnes
1020 4889 1111 4957 qui
1145 4887 1454 4941 habitabant
1487 4890 1538 4941 in
1584 4889 1714 4943 Asia
1738 4929 1754 4955 ,
1793 4892 1942 4944 audi-

371 4985 487 5030 rent
513 4975 724 5031 verbum
753 4978 967 5032 Domini
992 4978 1172 5033 Judwi
1200 4989 1356 5049 atque
1419 4981 1637 5050 gentiles
1664 4982 1728 5035 ".
1757 4982 1949 5038 Nullus

373 5077 557 5125 autem
613 5070 902 5125 dubitandi
955 5073 1106 5126 locus
1143 5079 1250 5137 est,
1304 5071 1439 5140 quin
1469 5071 1696 5138 Paulus,
1743 5075 1948 5144 aliique

373 5163 630 5231 apostoli,
660 5165 865 5219 similes
919 5163 1041 5217 aliis
1083 5162 1139 5216 in
1172 5162 1310 5218 locis
1351 5163 1754 5233 disputationes
1787 5166 1946 5222 insti-

373 5255 597 5310 tuerint.

449 5345 506 5400 lu
567 5349 810 5418 privatas
861 5363 991 5401 vero
1021 5347 1215 5402 domos
1245 5346 1446 5416 sepius
1497 5346 1533 5399 ii
1563 5346 1901 5417 cogebantur
1929 5391 1942 5413 ,

378 5452 487 5506 quo
519 5453 676 5492 sacra
709 5438 1090 5508 mysteriorum
1128 5443 1443 5492 nostrorum
1494 5440 1808 5507 cognitione
1854 5458 1949 5498 eos

455 5647 499 5675 "'
542 5646 658 5700 Act.
694 5661 825 5702 xm.
865 5647 947 5700 l7.
1026 5645 1069 5677 ’⁸
1100 5646 1216 5700 Act.
1254 5660 1366 5707 xu,
1395 5645 1425 5697 8

393 5714 460 5772 ‘l
522 5716 648 5772 l'iln.
683 5735 730 5782 v,
757 5718 839 5771 l7.
919 5720 936 5747 '
968 5717 1085 5773 Act.
1131 5732 1248 5782 xm,
1289 5716 1337 5772 l.
1417 5716 1433 5743 "
1460 5713 1500 5768 ll
1535 5713 1674 5770 Tim.
1702 5731 1760 5781 ll,
1794 5721 1839 5769 “.3.

2053 4425 2364 4482 institutum
2392 4436 2644 4482 nostrum
2678 4427 2912 4480 maxime
2937 4426 3276 4489 conducunt,
3312 4440 3416 4479 non
3448 4427 3628 4495 inepte

2055 4535 2190 4576 sane
2208 4521 2564 4590 colliguntur.
2588 4517 2773 4572 Primo
2798 4517 3015 4586 quidem
3042 4515 3246 4571 Paulus
3279 4516 3626 4571 Timotheum

2054 4613 2306 4668 doctrina
2339 4611 2653 4666 Christiana
2673 4609 2981 4671 erudierat,
3013 4623 3104 4675 per
3142 4608 3335 4662 multos
3369 4617 3550 4672 testes,
3573 4607 3628 4660 id

2056 4710 2162 4766 est,
2182 4717 2366 4757 coram
2389 4701 2599 4764 multis,
2618 4700 2711 4770 qui
2733 4715 2856 4754 eum
2879 4708 2931 4754 et
2949 4698 3233 4753 docentem
3252 4698 3560 4761 audierant,
3575 4705 3643 4752 et-

2051 4794 2266 4851 traditae
2312 4793 2605 4849 Timotheo
2662 4792 2929 4846 doctrinae
2992 4789 3408 4860 locupletissimi
3460 4796 3629 4844 testes

2052 4897 2231 4944 erant.
2260 4886 2426 4956 Atqui
2477 4884 2525 4939 si
2573 4884 2779 4938 Paulus
2817 4881 3167 4936 Timotheum
3213 4880 3484 4950 aliosque,
3534 4881 3628 4950 qui

2050 4998 2172 5036 eum
2196 4977 2450 5034 audiendi
2474 4992 2643 5031 causa
2662 4976 2719 5030 in
2748 4975 3003 5031 eumdem
3029 4976 3208 5029 locum
3232 4981 3627 5037 convenerant,

2052 5075 2132 5129 sic
2165 5071 2418 5126 doctrina
2452 5069 2577 5124 fidei
2617 5069 2878 5134 instituit,
2928 5067 3056 5137 quis
3082 5065 3420 5120 inﬁciabitur
3449 5066 3637 5135 ipsum

2053 5165 2243 5219 eodem
2275 5161 2506 5217 docendi
2539 5162 2703 5215 modo
2753 5161 2892 5216 alios
2917 5175 3136 5229 quoque
3167 5159 3468 5230 discipulos
3498 5173 3628 5213 suos

2057 5257 2254 5314 iisdem
2287 5254 2555 5309 imbuisse
2584 5254 2884 5309 institutis?
2916 5250 3171 5307 Secundo
3207 5252 3412 5306 Paulus
3443 5251 3631 5304 Timo-

2052 5349 2180 5403 theo
2213 5345 2458 5415 praecipit
2497 5344 2638 5397 alios
2686 5342 2907 5405 docere,
2943 5341 2996 5396 id
3028 5350 3114 5398 est
3143 5342 3332 5396 eadem
3381 5356 3502 5410 qua:
3556 5340 3637 5394 ab.

2055 5444 2174 5511 ipso
2203 5437 2472 5500 audierat,
2505 5437 2628 5491 aliis
2652 5436 2842 5491 eadem
2889 5434 3145 5490 methodo
3188 5435 3424 5488 tradere.
3471 5433 3626 5498 Quod

1544 5646 1586 5676 ³⁷
1677 5639 1872 5709 Ephcs.
1903 5657 1943 5693 ιι

2051 5651 2088 5703 Ι.
2144 5650 2187 5681 ’⁸
2230 5644 2393 5703 lCor.
2431 5663 2523 5713 sn,
2557 5646 2644 5699 “28.
2723 5642 2768 5676 "
2801 5644 2816 5696 l
2845 5643 2979 5697 Tini.
3014 5659 3096 5708 ιιι,
3123 5642 3176 5696 2.
3201 5650 3266 5681 ισο
3310 5636 3412 5692 Tit.
3436 5636 3615 5701 1,7,9.
