3936 6172
268 259 343 314 ΞΕ)
1173 260 1362 316 ΡΒΙΜΙ
1404 260 1768 318 εεειεειιλε
1807 261 2077 319 SECULI
2118 261 2647 322 SCR-IPTORIBUS.
3466 271 3536 325 30

269 373 496 445 quidem
523 382 582 430 et
599 389 631 429 a
662 374 1086 432 successoribus
1113 378 1236 448 ejus
1257 379 1556 450 diligenter
1583 377 1755 433 fuisse
1774 377 1868 431 ob-
1893 383 1942 440 Α
2039 374 2227 446 Neque
2252 392 2382 432 vero
2414 376 2590 447 prima
2636 376 2905 432 duntaxat
2945 377 3114 449 hujus
3151 379 3356 434 scholae
3383 380 3539 434 initia

269 474 582 531 servatum,
617 467 827 532 nullus,
861 469 1078 539 Opinor,
1104 473 1402 541 negaverit.
1435 472 1503 524 At
1531 486 1695 540 porro
1727 470 1773 526 si
1797 470 1865 525 iis

267 557 433 620 locis,
467 558 523 612 in
548 558 755 628 quibus
783 559 1073 615 docentem
1101 559 1332 616 Paulum
1363 570 1445 617 tot
1481 560 1728 630 tantique
1749 559 1864 614 dis-

262 649 444 720 cipuli
485 650 805 718 audierunt,
838 667 1037 708 nomen
1073 653 1276 710 schola
1320 652 1580 724 deneges,
1619 652 1714 707 tibi
1738 652 1863 722 qui-

261 740 391 796 dem
448 757 563 797 non
607 742 835 798 omnino
888 743 1347 814 repugnabimus;
1399 743 1562 798 modo
1615 743 1683 797 ad
1735 743 1860 798 illos

262 831 503 901 primam
535 829 982 887 Christianarum
1018 833 1336 888 scholarum
1385 833 1656 905 originem
1693 833 1862 888 redu-

259 923 497 978 cendam
528 939 654 979 esse
679 925 977 981 concedas.

334 1013 528 1069 Primo
550 1022 733 1070 tamen
775 1016 1038 1073 Ecclesia
1083 1017 1310 1080 saculo,
1365 1017 1608 1072 nondum
1643 1017 1852 1086 elapso,

257 1106 532 1175 quasdam
589 1103 1031 1163 Christianorum
1084 1110 1326 1172 scholas,
1380 1109 1598 1179 prOprie
1651 1109 1850 1172 dictas,

249 1196 368 1263 jam
416 1196 704 1252 institutas
751 1196 1198 1265 fuisse,deduclo
1241 1214 1308 1254 ex
1339 1197 1563 1253 Eusebii
1601 1197 1843 1252 Historia

251 1301 368 1342 non
397 1287 504 1342 levi
537 1290 701 1360 plane
748 1298 1094 1362 argumento,
1138 1291 1324 1362 colligi
1360 1307 1524 1362 posse
1565 1299 1847 1361 putamus.

250 1379 333 1434 ibi
361 1381 512 1435 enim
539 1383 606 1438 de
631 1380 916 1447 Pantano,
940 1381 1325 1439 Alexandrinae
1342 1383 1543 1439 schola
1564 1383 1844 1453 praefecto,

250 1471 370 1527 hac
382 1473 704 1543 leguntur‘:
729 1473 834 1529 Per
857 1475 996 1530 idem
1019 1484 1242 1544 tempus,
1257 1475 1562 1530 Commodo
1582 1475 1844 1529 nimirum

249 1563 590 1634 imperante,
641 1565 883 1634 ﬁdelium
939 1567 1134 1621 scholae
1181 1576 1408 1634 praerat
1456 1568 1536 1621 vir
1583 1567 1844 1621 doctrina

246 1668 417 1704 causa
465 1653 855 1718 celeberrimus,
906 1657 1116 1710 nomine
1152 1655 1484 1720 Pontanus;
1515 1658 1700 1727 quippe
1719 1657 1839 1725 jam

1965 466 2172 520 indicat
2213 465 2506 532 Eusebius,
2572 482 2760 522 verum
2789 469 2954 522 etiam
2987 469 3119 539 quid
3153 470 3210 524 in
3243 485 3306 523 ea
3353 469 3537 528 docen

1963 561 2300 631 tractarique
2357 561 2582 624 soleret,
2639 559 2954 616 luculenter
3007 569 3125 615 tum
3165 564 3360 632 aperit,
3412 579 3538 617 cum

1961 666 2082 706 eam
2114 667 2400 706 sacrarum
2427 653 2738 708 litterarum
2761 653 3004 708 scholam
3029 655 3284 724 appellat.
3332 654 3430 710 His
3462 657 3542 709 si-

1960 741 2182 811 quidem
2220 743 2405 799 verbis
2429 743 2522 798 ille
2542 745 2705 800 nobis
2745 754 2932 814 aperte
2958 744 3202 800 declarat
3225 762 3412 803 sacras
3443 749 3537 802 lit-

1959 840 2128 896 teras,
2151 834 2206 887 id
2248 843 2354 900 est,
2387 850 2580 892 sacros
2614 836 2828 894 Veteris
2850 847 2904 893 et
2940 836 3078 893 Novi
3108 837 3443 895 Testamenti
3470 841 3536 894 li-

1958 923 2088 978 bros
2111 924 2185 977 ibi
2216 939 2247 977 a
2275 923 2596 982 doctoribus
2621 936 2674 982 et
2705 927 2985 998 magistris
3015 928 3189 983 fuisse
3209 929 3533 999 explicatos.

1955 1013 2064 1067 Nec
2085 1014 2377 1070 obscurius
2399 1017 2564 1085 paulo
2586 1028 2707 1087 post
2724 1019 2892 1073 tradit
2911 1019 3036 1072 huic
3060 1033 3339 1073 sacrarum
3357 1018 3538 1089 Scrip-

1954 1115 2203 1160 turarum
2251 1108 2602 1176 explicationi
2650 1110 2920 1177 adjectam
2948 1109 3258 1163 divinorum
3309 1107 3529 1180 dogma-

1952 1206 2067 1252 tum
2093 1199 2532 1267 explanationem
2567 1221 2578 1255 :
2623 1201 2957 1268 Divinarum,
2990 1201 3190 1271 inquit,
3226 1201 3534 1272 dogmatum

1953 1287 2227 1344 thesauros
2257 1292 2519 1359 exposuit.

2017 1378 2134 1446 Qua
2158 1389 2338 1435 autem
2363 1382 2684 1437 methodoid
2703 1383 2874 1450 fieret,
2890 1385 2971 1440 sic
2987 1385 3312 1456 ipseibidem
3335 1385 3526 1440 docet:

1947 1467 2156 1524 Partim
2181 1473 2294 1526 viva
2316 1490 2453 1540 voce,
2479 1474 2677 1544 inquit,
2709 1477 2904 1543 partim
2940 1477 3174 1544 scriptis.
3196 1475 3252 1529 In
3268 1475 3370 1528 hac
3399 1491 3530 1545 ergo

1943 1561 2327 1619 Alexandrina
2356 1564 2617 1621 Ecclesia
2634 1568 2822 1621 schola
2850 1576 2903 1622 et
2931 1583 3089 1622 sacra
3124 1567 3435 1637 Scriptura,
3463 1575 3519 1622 et

1943 1652 2128 1708 divina
2162 1654 2284 1709 ﬁdei
2303 1655 2628 1711 Christiana
2669 1657 2942 1726 dogmata,
2973 1658 3168 1727 partim
3204 1659 3322 1711 viva
3360 1672 3520 1721 voce,

242 1741 371 1795 inde
425 1760 462 1797 a
528 1745 722 1813 priscis
787 1747 1106 1816 temporibus
1180 1764 1461 1801 sacrarum
1527 1722 1837 1802 litterarum
1870 1722 2145 1813 Bpartim
2167 1747 2387 1816 scriptis
2417 1722 3524 1817 explanabaiitur.AtcumEusebiusillud

241 1836 455 1899 schola,
503 1839 557 1890 in
585 1837 770 1892 eadem
817 1840 1051 1904 civitate,
1089 1839 1482 1906 Alexandrina,
1517 1839 1694 1908 fuerat
1733 1841 1840 1895 ins.
1936 1836 2330 1904 idemapriscis
2349 1838 2667 1906 temporibus
2684 1839 2884 1893 factum
2899 1839 3525 1902 esseasseveretmullus

239 1932 435 1995 tituta,
480 1945 596 1999 qua:
638 1929 849 2000 quidem
892 1940 1078 1985 nostra
1130 1939 1288 1986 atate
1323 1931 1495 1986 adhuc
1524 1941 1836 2001 perseverat.
1939 1929 2131 1999 procul
2159 1928 2328 1982 dubio
2358 1931 2637 2000 negaverit
2667 1931 2914 1985 eamdem
2947 1929 3183 1984 docendi
3206 1930 3523 1984 methodqu

238 2023 412 2092 Atqui
444 2020 782 2079 Commodus
813 2023 882 2079 ab
923 2039 1072 2079 anno
1101 2024 1208 2079 180
1252 2024 1320 2079 ad
1351 2040 1557 2079 annum
1590 2025 1694 2079 195
1727 2021 1840 2079 Ro.
1938 2020 1994 2073 in
2028 2019 2438 2089 antiquioribus
2481 2020 2730 2088 ejusdem
2770 2019 3033 2075 Ecclesia
3063 2020 3290 2082 scholis.
3327 2019 3523 2090 quidm

238 2115 396 2168 mani
445 2114 662 2183 imperii
716 2114 875 2170 frena
924 2116 1342 2171 moderabatur.
1394 2114 1500 2171 Per
1558 2116 1661 2170 hoc
1708 2131 1841 2186 ergo
1937 2122 1991 2166 et
2022 2111 2076 2165 iu
2109 2113 2234 2167 aliis
2275 2113 2550 2181 pluribus,
2599 2111 2770 2168 fuisse
2799 2113 3170 2168 observatam.
3213 2111 3385 2166 Porro
3422 2127 3522 2166 au-

241 2211 469 2273 tempus
520 2202 816 2261 Pantanus
877 2205 1083 2262 schola
1150 2205 1540 2262 Alexandrina
1587 2207 1828 2276 praefuit.

239 2293 381 2348 Cum
433 2294 620 2365 itaque
665 2295 940 2354 Eusebius
987 2298 1242 2354 eamdem
1289 2298 1535 2353 scholam
1573 2315 1605 2351 a
1643 2299 1831 2368 priscis

241 2386 570 2455 temporibus
597 2387 906 2442 institutam
947 2387 1122 2444 fuisse
1154 2397 1388 2456 asserat,
1428 2388 1556 2444 inde
1586 2389 1833 2458 profecto

237 2492 352 2530 non
367 2478 785 2549 improbabilem
799 2479 1054 2535 ducimus
1065 2480 1280 2550 conject
1291 2496 1464 2544 uram,
1480 2481 1594 2550 jam
1609 2495 1638 2534 a
1654 2483 1834 2551 primo

238 2564 505 2622 Ecclesia
557 2568 762 2623 saculo
804 2569 952 2639 jacta
993 2567 1167 2625 fuisse
1207 2569 1411 2625 schola
1453 2570 1602 2626 illius
1630 2568 1831 2626 funda-

233 2669 450 2725 menta,
476 2676 579 2717 nec
606 2677 728 2718 eam
755 2664 923 2718 alium
955 2663 1194 2719 fortasse
1216 2679 1380 2734 quam
1405 2662 1645 2719 Marcum
1671 2679 1832 2719 evan-

234 2753 518 2822 gelistam,
554 2755 794 2824 primum
825 2756 1171 2812 Alexandria
1199 2758 1544 2828 episcopum,
1567 2756 1830 2812 habuisse

234 2850 544 2898 auctorem.

301 3051 328 3083 ⁸
358 3049 588 3118 Euseb,
618 3052 715 3109 lib.
748 3070 781 3108 ν
815 3054 983 3124 Hist.,
1020 3071 1140 3126 cap.
1181 3056 1264 3112 10.

1934 2211 2046 2258 tem
2077 2212 2204 2259 ante
2229 2213 2285 2258 et
2307 2211 2431 2274 post
2462 2205 2700 2274 scriptos
2726 2212 2891 2274 atque
2918 2205 3230 2274 publicatos
3267 2203 3392 2257 novi
3417 2202 3521 2259 ῐωο

1937 2297 2088 2352 deris
2121 2296 2367 2359 codices,
2412 2297 2647 2366 apostoli
2675 2312 2980 2367 eorumque
3017 2296 3280 2365 discipuli
3327 2294 3519 2350 Chris-

1938 2389 2102 2443 tianis
2132 2388 2319 2443 eadem
2344 2387 2692 2458 explicabant
2731 2388 2853 2442 lidei
2883 2387 3158 2458 dogmata,
3186 2402 3358 2456 eaque
3385 2401 3516 2455 pro-

1939 2481 2226 2550 phetarum
2251 2480 2513 2543 oraculis,
2538 2480 2770 2550 aliisque
2782 2480 2998 2535 Veteris
3021 2477 3380 2532 instrumenti
3406 2486 3519 2531 tes-

1941 2574 2212 2638 timoniis,
2251 2588 2316 2628 ac
2359 2573 2582 2627 tandem
2612 2588 2722 2626 non
2754 2572 2934 2627 solum
2962 2570 3146 2625 divina
3174 2569 3380 2625 Christi
3419 2585 3517 2624 au-

1937 2665 2214 2729 ctoritate,
2253 2663 2529 2734 variisque
2573 2662 2875 2726 miraculis,
2910 2661 3034 2731 ejus
3065 2660 3284 2715 nomine
3325 2658 3511 2722 editis,

1935 2756 2360 2818 conﬁrmabant.
2411 2755 2507 2813 sed
2547 2755 2847 2826 saepissime
2877 2753 3001 2811 fuso
3029 2753 3196 2809 etiam
3246 2751 3512 2823 sanguine

1936 2849 2354 2921 consignabant.
