3936 6172
387 318 456 375 51
1525 314 1613 368 AD
1655 313 1712 368 S.
1754 311 1934 366 CLEM

2091 310 2177 364 ΕΜ
2219 311 2238 363 l
2276 308 2506 364 ΡΛΡΑΜ
3579 303 3645 354 3‘2

1085 651 1293 862 S.
1461 644 2690 858 CLEMENS
2845 649 2940 850 Ι

1238 988 1966 1116 PONTIFEX
2062 996 2555 1112 ROMAN
2575 994 2782 1113 US.

756 1390 1192 1470 NOTITIA
1263 1390 1385 1465 EX
1447 1389 1746 1466 LIBBO
1814 1383 2484 1466 PONTIFICALI
2566 1380 2945 1460 DAMASI
3016 1379 3323 1461 PAPIE.

433 1566 629 1634 (MANSI,
657 1564 858 1627 Concil.,
888 1566 926 1627 ι,
946 1566 1090 1615 85.-
1112 1564 1178 1615 Cl'.
1209 1565 1452 1612 variorum
1480 1569 1622 1611 notas
1645 1562 1704 1611 ad
1722 1562 1851 1610 hunc
1876 1562 2038 1610 locum
2062 1560 2198 1610 Libri
2233 1562 2338 1611 Pon
2354 1561 2563 1620 tiﬁcalls,
2592 1561 2733 1609 Patr.
2779 1554 2959 1607 Latina:
2995 1560 3030 1605 t.
3058 1555 3286 1617 CXXVII,
3310 1556 3405 1605 col.
3448 1553 3616 1617 10⁸79.)

429 459 3490 496 W

461 1790 701 1846 Clemens
717 1792 927 1844 natione
949 1789 1239 1852 Romanus,
1253 1787 1314 1841 de
1330 1788 1535 1857 regione
1551 1785 1715 1842 Caelio
1729 1799 1921 1853 monte,
1936 1807 1999 1844 ea:
2011 1799 2160 1859 patre
2176 1785 2456 1850 Faustino,
2473 1785 2604 1839 sedit
2621 1786 2772 1839 annis
2801 1785 2834 1839 9
2855 1783 3045 1853 Imens.
3066 1799 3125 1847 ιι,
3139 1781 3195 1837 d.
3213 1779 3295 1853 x].
3321 1779 3449 1833 Fuit
3467 1791 3646 1833 autem

387 1883 712 1954 temporibus
727 1881 909 1936 Galba:
921 1894 968 1934 et
998 1881 1326 1950 Vespasiani,
1343 1897 1374 1932 a
1389 1878 1670 1932 consulatu
1685 1880 1902 1952 Tragali
1919 1879 2244 1954 [Trachale
2262 1887 2310 1932 et
2331 1875 2536 1941 Italici,
2553 1894 2715 1947 usque
2726 1877 2793 1929 ad
2825 1876 3203 1946 Vespasianum
3220 1889 3357 1927 nono
3368 1881 3416 1926 et
3438 1871 3644 1926 Titum.

397 1978 498 2031 llic
514 1994 632 2030 cum
649 1977 814 2029 multo
827 1975 990 2029 libros
1009 1975 1120 2028 zelo
1137 1973 1259 2036 ﬁdei
1278 1983 1326 2025 et
1342 1970 1662 2027 Christianw
1679 1974 1945 2045 religionis
1965 1975 2208 2030 scriberet
2223 2015 2234 2034 ,
2249 1971 2506 2040 martyrio
2524 1979 2830 2024 coronatur.
2853 1968 2953 2023 Hic
2967 1971 3088 2040 fecit
3107 1983 3181 2022 vn
3237 1967 3471 2036 regiones
3488 1963 3655 2017 dividi

392 2071 618 2122 notariis
649 2068 893 2137 ﬁdelibus
919 2068 1189 2127 Ecclesiaz,
1215 2066 1304 2136 qui
1325 2074 1473 2134 gesta
1503 2077 1796 2137 martyrum
1817 2071 2041 2124 sollicite
2065 2078 2114 2123 et
2142 2068 2370 2131 curiose,
2397 2066 2750 2134 unusquisque
2770 2081 2862 2134 per
2901 2065 3160 2135 regionem
3185 2079 3359 2125 suam,
3385 2058 3656 2132 perquire-

390 2169 526 2212 rent.
563 2157 663 2211 llic
692 2159 816 2226 fecit
845 2157 978 2210 duas
1006 2155 1279 2224 epistolas,
1335 2171 1451 2224 qua:
1481 2153 1767 2211 Canonica:
1802 2162 2165 2212 nominantur.
2200 2157 2304 2210 Hic
2331 2171 2395 2210 ea:
2421 2165 2676 2224 prazcepto
2707 2154 2771 2210 Β.
2801 2155 2947 2210 Petri
2979 2155 3205 2222 suscepit
3247 2153 3496 2208 Ecclesiae
3520 2169 3654 2222 pon-

391 2251 656 2319 tiﬁcatum
686 2249 1108 2318 gubernandum,
1132 2248 1265 2301 sicut
1289 2249 1335 2301 ei
1355 2249 1530 2316 fuerat
1561 2266 1591 2301 a
1617 2249 1844 2304 Domino
1863 2249 1994 2304 Jesu
2017 2249 2226 2305 Christo
2253 2247 2506 2302 cathedra
2537 2248 2737 2300 tradita
2767 2246 2843 2301 vel
2872 2248 3172 2301 commissa.
3207 2245 3404 2300 Tamen
3437 2245 3491 2298 in
3520 2244 3655 2314 Epi-

390 2342 529 2394 stola
558 2357 676 2410 quw
705 2343 772 2393 ad
795 2340 1054 2394 Jacobum
1085 2341 1281 2407 scripta
1311 2349 1413 2404 est,
1449 2343 1679 2411 qualiter
1701 2345 1748 2397 ei
1770 2346 2054 2399 commissa
2083 2355 2160 2399 est
2187 2361 2220 2397 a
2251 2343 2316 2397 Β.
2351 2341 2509 2395 Petro
2535 2341 2798 2408 Ecclesia,
2831 2343 3070 2410 reperies.
3103 2340 3229 2394 Ideo
3257 2338 3422 2392 Linus
3453 2347 3502 2393 et
3533 2338 3661 2393 Cle-

394 2443 476 2488 tus
504 2443 624 2486 ante
663 2451 782 2488 eum
820 2433 1247 2496 conscribuntur,
1280 2436 1406 2504 quia
1447 2434 1512 2488 ab
1540 2436 1653 2502 ipso
1687 2436 1937 2507 Principe
1975 2438 2360 2509 apostolorum,
2400 2434 2468 2489 ad
2507 2437 2861 2490 ministerium
2896 2435 3227 2491 sacerdotale
3305 2433 3655 2488 exhibendum

391 2538 511 2581 sunt
532 2528 756 2595 episcopi
783 2527 1038 2582 ordinati.
1065 2526 1167 2581 Hic
1189 2527 1312 2596 fecit
1341 2528 1701 2583 ordinationes
1727 2529 1860 2584 duas
1883 2548 1973 2600 per
1999 2548 2226 2586 mensem
2251 2529 2606 2592 Decembrem,
2634 2529 2961 2599 presbyteros
3000 2529 3196 2594 decem,
3221 2530 3471 2584 diaconos
3495 2527 3652 2591 duos,

390 2621 662 2688 episcopos
689 2635 780 2686 per
809 2619 1018 2672 diversa
1049 2619 1165 2673 loca
1194 2621 1515 2689 quindecim.
1547 2621 1926 2695 Obiit-martyr
1959 2643 2096 2679 anno
2142 2623 2365 2693 Trajani
2400 2624 2572 2678 tertio.
2607 2622 2713 2689 Qui
2732 2624 2890 2678 etiam
2909 2625 3142 2693 sepultus
3161 2633 3236 2679 est
3266 2625 3323 2680 in
3347 2622 3554 2678 Grteeia
3594 2637 3650 2677 ts

392 2709 622 2764 Kalend.
655 2710 894 2764 Decemb.
929 2708 998 2762 Et
1027 2713 1246 2765 cessavit
1275 2712 1606 2780 episcopatus
1628 2712 1739 2766 dies
1772 2729 1886 2770 χχι.

999 2976 2003 3136 VARIORUM
2136 2978 3046 3134 PRO(EMIA

1620 3240 2448 3301 HISTORICO-LITTERARIA

693 3420 843 3511 AD
916 3420 1567 3515 EPISTOLAS
1623 3420 2041 3511 SANCTI
2121 3422 2247 3511 CL

1806 3420 2041 3511 iCTI
2121 3421 2805 3513 CLEMENTIS
2871 3422 2906 3511 Ι
2990 3419 3360 3510 PAPIE.

410 2839 3658 2873 Ἦ

1013 3910 1230 4038 EX
1321 3915 2062 4041 EDITIONE
2163 3916 3055 4044 COTELERII.

1389 4147 1596 4212 (Patres
1613 4151 1882 4212 apostolici,
1909 4152 2288 4212 Amstelasdami,
2316 4150 2452 4212 1724,
2477 4151 2663 4210 in-fol.)

1191 4398 1884 4518 VETERUM
1973 4323 2859 4520 TESTIMONIA

950 4631 1100 4720 DE
1175 4632 1590 4725 SANCTI
1668 4640 2344 4819 CLEMFNTIS
2420 4637 3086 4730 EPISTOLIS.

1281 4852 1341 4908 S.
1385 4855 1632 4912 Ιιιεινευε
1657 4899 1672 4921 ,
1709 4861 1802 4914 lib.
1837 4876 1936 4926 ιιι,
1967 4860 2217 4915 adversus
2261 4862 2536 4923 Hccrcses,
2568 4876 2688 4928 cap.
2729 4862 2781 4914 5.

647 4937 1021 5005 Interpretatio
1049 4953 1212 4998 vetus.
1461 4946 1620 5017 Apud
1643 4950 1937 5007 Eusebium
1963 4954 2107 5009 Hist.
2146 4954 2274 5008 eccl.
2305 4954 2340 5007 Ι.
2372 4969 2425 5015 v,
2454 4968 2504 5006 c.
2535 4951 2588 5004 6.
2847 4951 3228 5019 Interpretatio
3263 4949 3481 5006 Valesii.

473 5064 793 5123 Fundantes
823 5077 988 5140 lglllll'
1016 5077 1069 5125 et
1101 5070 1439 5126 instruentes
1574 5074 2012 5145 Θεμελιώσαντες

2105 5094 2132 5130 ν
2153 5080 2244 5140 καὶ
2265 5079 2542 5150 οἰκοδομή·
2685 5081 2933 5137 Fundata
2955 5082 3068 5152 jam
3094 5089 3148 5136 et
3168 5082 3437 5136 aediﬁcata
3464 5080 3659 5136 Eccle-

402 5157 545 5211 beati
605 5158 837 5227 apostoli
903 5157 1246 5222 Ecclesiam,
1299 5159 1438 5213 Lino
1512 5182 1700 5230 σαντες
1730 5168 1778 5220 οἱ
1817 5169 1956 5238 μακά

2129 5170 2413 5223 ἀπόστολοι
2443 5172 2540 5243 τὴν
2613 5175 2692 5227 sia
2717 5214 2730 5237 ,
2762 5171 3064 5227 beatissimi
3097 5171 3331 5240 apostoli
3364 5173 3658 5242 episcopa-

400 5254 774 5323 episcopatum
844 5253 1289 5310 administranda:
1335 5253 1438 5309 Ec-
1522 5257 1864 5329 Ἐκκλησίαν,
1894 5261 1954 5313 Al

2099 5261 2164 5332 ὴν
2195 5262 2291 5331 τῆς
2320 5263 2540 5317 ἐπισκο-
2611 5273 2700 5319 tus
2763 5262 3000 5316 ollicium
3076 5260 3216 5315 Lino
3277 5263 3653 5321 tradiderunt.

401 5344 582 5398 clesia:
641 5344 1006 5399 tradiderunt.
1073 5343 1248 5413 Hujus
1315 5345 1437 5400 Lini
1514 5349 1626 5419 πῆς
1653 5349 1955 5422 λειτουργία

2099 5352 2366 5423 χείρωσιν.
2405 5355 2538 5408 Tob-
2611 5353 2784 5424 Ilujus
2820 5352 2940 5406 Lini
2973 5353 3305 5407 mentionem
3339 5352 3470 5407 facit
3504 5352 3653 5411 Pan-

401 5439 605 5495 Daulus
631 5440 683 5493 in
717 5440 803 5495 his
827 5455 946 5509 qua:
983 5447 1112 5492 sunt
1143 5439 1209 5492 ad
1249 5437 1436 5493 Timo-
1510 5428 1955 5493 τουτοῦΛῖνουΠι

2114 5444 2544 5515 ἐνταῖςπρὸςΤι-
2617 5445 2700 5499 lus
2759 5444 2814 5498 in
2871 5443 3096 5498 Litteris
3163 5445 3231 5498 ad
3281 5443 3656 5500 Timotheum.

401 5537 586 5587 tlieum
613 5535 832 5589 Litteris
877 5534 1144 5587 meminit.
1182 5531 1435 5588 Succedit
1511 5532 1702 5601 μόθεον
1737 5532 1953 5584 Ἐπιστο

2107 5534 2407 5604 μέμνηται·
2437 5535 2544 5587 δια-
2615 5534 2752 5588 Huic
2795 5536 3066 5589 successit
3113 5533 3468 5589 Anencletus.
3519 5532 3657 5588 Post

401 5634 583 5678 autem
611 5625 660 5677 ei
685 5624 996 5680 Anacletus.
1026 5622 1154 5678 Post
1177 5640 1300 5679 eum
1329 5633 1434 5679 tcr—
1506 5623 1784 5692 δέχεταιδὲ
1799 5624 1955 5676 αὐτὸν

2111 5625 2337 5695 γκλητος
2362 5643 2374 5655 ο
2409 5626 2545 5695 μετὰ
2616 5641 2776 5694 quem
2801 5625 2960 5678 tertio
2985 5626 3052 5677 ab
3078 5627 3342 5695 apostolis
3373 5627 3493 5680 loco
3517 5642 3660 5694 pon-

403 5721 479 5772 tio
510 5720 626 5774 loco
659 5721 724 5774 ab
754 5721 1014 5793 apostolis
1060 5720 1430 5790 episcopatum
1509 5714 1696 5769 τυῦτον
1719 5714 1770 5770 δὲ
1788 5716 1952 5785 τρίτῳ

2103 5716 2250 5785 parto
2279 5717 2383 5770 τῶν
2411 5717 2542 5769 ἀπο-
2616 5716 2880 5770 til‘tcatum
2944 5716 3170 5771 sortitus
3225 5723 3307 5771 est
3364 5716 3657 5781 Clemens;
