3936 6172
203 314 276 373 55

1161 414 1221 472 S.
1246 410 1517 480 Insanis,
1543 414 1641 472 lib.
1672 430 1731 470 ut
1754 412 2004 469 adversus
2033 412 2302 476 Ha’reses,
2331 425 2450 483 cap.
2481 412 2538 467 5.

1308 507 1469 578 Apud
1498 506 1791 564 Eusebium
1814 507 1959 563 Hist.
1991 507 2132 561 Eccl.
2158 507 2196 561 l.
2215 522 2270 561 v.
2292 520 2343 559 c.
2375 504 2429 558 6.

454 514 837 585 Interpretatio
863 522 1033 567 cetus.

199 609 435 667 sortitur
476 608 764 673 Clemens;
812 604 907 675 qui
981 608 1037 658 et
1112 600 1250 656 vidit

196 701 355 772 ipsos
397 697 701 769 apostolos,
738 702 795 751 et
839 693 1075 749 contulit
1118 706 1244 745 cum

195 793 316 859 eis;
369 798 428 845 et
479 804 607 844 cum
656 787 837 843 adhuc
898 786 1245 840 insonantem

196 880 655 952 praedicationem
723 876 1134 949 apostolorum,
1192 879 1248 927 et

195 975 557 1029 traditionem
597 976 727 1025 ante
752 967 946 1024 oculos
984 964 1243 1029 haberet,

196 1079 311 1118 non
344 1063 541 1118 solus:
573 1058 753 1113 adhuc
779 1057 924 1113 enim
953 1054 1112 1109 multi
1150 1068 1246 1108 su-

196 1164 459 1229 pererant
481 1164 639 1219 tunc,
673 1153 744 1207 ab
779 1149 1045 1222 apostolis
1073 1149 1243 1203 docti.

198 1252 317 1308 Sub
348 1253 457 1307 hoc
490 1251 661 1322 igitur
686 1247 993 1310 Clemente,
1029 1242 1248 1298 dissen-

197 1350 356 1405 sione
396 1363 511 1403 non
554 1345 770 1401 modica
821 1344 966 1398 inter
1012 1356 1108 1395 eos
1150 1338 1245 1410 qui

193 1436 452 1492 Corinthi
514 1442 703 1491 essent
768 1430 969 1486 fratres
1046 1427 1199 1497 ,facta
1227 1467 1243 1493 ,

194 1526 429 1596 scripsit
445 1540 569 1595 qua:
585 1533 668 1579 est
682 1521 867 1576 Roma:
879 1518 1128 1574 Ecclesia
1145 1533 1245 1589 po-

192 1619 549 1675 tentissimas
588 1616 801 1670 litteras
822 1610 1145 1674 Corinthiis,
1174 1610 1244 1665 ad

191 1725 388 1781 pacem
436 1723 537 1765 eos
580 1719 940 1778 congregans,
988 1709 1042 1757 et
1087 1716 1246 1771 repa-

190 1817 326 1856 rans
359 1799 525 1854 ﬁdem
553 1813 741 1855 eorum
762 1836 778 1862 ,
811 1804 864 1851 et
907 1794 1243 1849 annuntians

190 1906 359 1961 quam
405 1890 463 1944 in
500 1886 713 1943 recenti
743 1887 812 1942 ab
840 1883 1106 1957 apostolis
1149 1898 1243 1937 ac-

190 1990 423 2052 ceperat
466 1981 818 2035 traditionem
845 2017 860 2042 ,
892 1975 1236 2031 annuntian-

192 2080 302 2128 tem
354 2087 531 2126 unum
578 2071 748 2125 Deum
788 2067 1239 2144 omnipotentem,

191 2167 461 2222 factorem
497 2165 625 2221 εωιί
648 2172 701 2221 et
731 2172 913 2227 terrae,
940 2162 1241 2233 plasmate-

1452 299 1793 357 PROCEMIA
1826 297 2212 357 VARIORUM.

1322 600 1528 653 στόλων
1572 600 1673 671 τὴν
1713 600 2020 672 ἐπισκοπὴν
2063 596 2364 671 κληροῦται

1317 698 1575 768 Κλήμης
1604 693 1633 744 ὁ
1662 692 1758 747 καὶ
1800 689 2062 764 ἑωρακὼς
2101 692 2228 753 τοὺς
2264 702 2368 761 μα-

1318 786 1543 857 καρίους
1566 780 1916 843 ἀποστόλους,
1946 780 2041 833 καὶ
2062 779 2369 850 συμϐεϐλη-

1318 879 1431 943 κὼς
1460 880 1645 941 αὐτοῖς
1664 894 1676 907 ·
1709 877 1804 930 καὶ
1832 875 1912 928 ἔτι
1940 873 2162 927 ἔναυλον
2176 873 2238 926 τὸ
2268 874 2367 945 κή-

1320 988 1506 1043 ρυγμα
1532 969 1640 1022 τῶν
1660 967 1993 1030 ἀποστόλων,
2023 967 2116 1019 καὶ
2134 964 2232 1037 τὴν
2262 984 2368 1019 πα-

1320 1062 1535 1133 ράδοσιν
1553 1059 1661 1131 πρὸ
1700 1056 1994 1128 ὀφθαλμῶν
2020 1055 2157 1127 ἔχων
2193 1057 2254 1110 οὐ
2277 1056 2366 1128 μό-

1319 1168 1409 1214 νος
1445 1167 1458 1181 ο
1506 1150 1587 1203 ἔτι
1631 1148 1742 1221 γὰρ
1776 1146 1970 1221 ’πολλοὶ
2009 1145 2364 1199 ὑπελείποντο

1315 1241 1438 1296 τότε
1484 1241 1590 1295 ὑπὸ
1634 1218 1743 1293 τῶν
1776 1218 2105 1292 ’ἀποστόλων
2161 1237 2363 1290 δεδιδα-

1316 1333 1527 1404 γμένοι.
1562 1332 1683 1384 Ἐπὶ
1699 1329 1889 1383 τούτου
1903 1325 1995 1381 οὖν
2009 1326 2103 1381 τοῦ
2120 1327 2235 1398 Κλή
2244 1345 2363 1399 μεν-

1314 1440 1426 1487 τος,
1462 1421 1705 1484 στάσεως
1758 1421 1860 1474 οὐκ
1902 1419 2089 1490 ὀλίγης
2142 1421 2255 1482 τοῖς
2301 1419 2360 1470 ὲν

1314 1512 1566 1585 Κορίνθῳ
1584 1510 1884 1583 γενομένης
1907 1510 2174 1579 ἀδελφοῖς,
2198 1509 2297 1563 ὲπέ
2332 1539 2360 1550 -

1318 1601 1524 1655 στειλεν
1554 1602 1587 1670 ἡ
1609 1601 1667 1652 ὲν
1703 1598 1888 1671 Ῥώμῃ
1917 1597 2210 1670 Ἐκκλησία
2242 1599 2359 1652 ἱκα-

1315 1690 1561 1761 νωτάτην
1578 1689 1921 1761 γραφὴντοῖς
1934 1687 2262 1761 Κορινθίοις,
2280 1691 2359 1753 εἰς

1318 1781 1539 1852 εἰρήνην
1593 1778 2008 1850 συμϐιϐάζουσα
2027 1779 2246 1844 αὐτοὺς,
2264 1781 2359 1833 καὶ

1315 1870 1618 1926 ἁνανεοῦσα
1661 1870 1761 1942 τήν
1805 1870 1989 1924 πίστιν
2032 1870 2234 1936 αὐτῶν,
2265 1873 2359 1925 καὶ

1313 1962 1379 2031 ἣν
1406 1959 1601 2013 νεωστὶ
1631 1957 1739 2012 ἀπὸ
1764 1956 1873 2011 τῶν
1914 1958 2226 2014 ἀποστόλων
2255 1977 2360 2014 πα-

1314 2048 1529 2121 ράδοσιν
1557 2047 1789 2120 εἰλήφει.
1906 2088 1907 2091 η

2669 504 3045 577 lnterpretatio
3084 509 3296 567 Valesii.

2436 598 2529 666 qui
2570 598 2789 668 quidem
2820 604 3167 659 beatissimos
3198 608 3479 675 apostolos

2436 689 2671 756 viderat,
2692 700 2747 747 et
2768 707 2890 748 cum
2918 695 3109 751 iisdem
3134 696 3477 756 familiariter

2437 793 2689 840 versatus
2714 786 2924 856 fuerat;
2953 796 3005 844 et
3028 791 3475 859 praedicationem

2438 872 2811 939 apostolorum
2861 875 3042 931 adhuc
3088 878 3315 933 auribus
3356 880 3477 936 suis

2439 955 2782 1013 insonantem
2804 997 2820 1022 ,
2869 960 3329 1032 traditioucmque
3364 980 3478 1034 prae

2436 1048 2610 1105 oculis
2641 1050 2895 1105 habebat.
2934 1048 3046 1106 Nec
3072 1068 3199 1108 vero
3226 1054 3341 1124 ipse
3380 1072 3475 1111 so-

2433 1139 2544 1209 lus,
2576 1142 2669 1197 sed
2704 1152 2758 1197 et
2781 1142 2872 1196 alii
2901 1142 3121 1212 plurimi
3163 1147 3326 1201 etiam
3361 1156 3479 1204 tum

2435 1238 2780 1298 supererant,
2814 1232 2883 1287 ab
2910 1235 3177 1303 apostolis
3208 1236 3467 1313 instituti.

2434 1318 2610 1389 Hujus
2645 1320 2943 1379 Clementis
2982 1327 3323 1395 temporibus
3346 1343 3471 1382 cum

2431 1416 2752 1486 gravissima
2856 1418 3130 1476 dissensio
3220 1422 3471 1480 Corinthi

2430 1516 2619 1561 exorta
2641 1516 2787 1564 esset
2816 1508 2961 1565 inter
2978 1511 3199 1579 fratres,
3226 1514 3471 1571 Ecclesia

2430 1597 2677 1655 Romana
2726 1603 3211 1661 luculentissimam
3265 1610 3464 1679 episto«

2433 1691 2537 1745 lam
2572 1692 2873 1750 Corinthiis
2901 1696 3159 1768 scripsit,
3193 1714 3301 1769 qua
3378 1715 3473 1757 eos

2430 1782 2498 1836 ad
2531 1798 2719 1853 pacem
2747 1787 3213 1860 concordiamque
3243 1806 3464 1846 revoca-

2432 1880 2551 1941 ret,
2584 1882 2639 1930 et
2686 1875 2845 1933 ﬁdem
2904 1879 3146 1945 illorum,
3200 1887 3255 1935 et
3303 1897 3466 1952 quam

2431 1980 2627 2022 recens
2698 1967 2769 2024 ab
2833 1972 3100 2039 apostolis
3150 1984 3471 2046 susceperat

2428 2056 2778 2113 traditionem
2805 2071 3113 2119 renovaret.

191 2275 306 2314 rem
333 2259 583 2315 hominis
600 2299 615 2322 ,
639 2260 737 2329 qui
764 2259 1039 2314 induxerit
1065 2260 1481 2331 cataclysmum,
1506 2264 1559 2312 et
1575 2256 1924 2313 advocaverit
1945 2256 2244 2325 Abraham,
2272 2261 2366 2331 qui
2390 2262 2644 2319 eduxerit
2668 2265 2925 2335 populum
2946 2265 3013 2322 de
3043 2273 3188 2322 terra
3217 2266 3463 2341 Egypti,

190 2353 285 2424 qui
316 2354 632 2409 collocutus
661 2353 733 2409 sit
758 2352 951 2425 Moysi,
972 2356 1064 2426 qui
1096 2356 1270 2424 legem
1306 2351 1674 2421 disposuerit,
1721 2358 1776 2405 et
1805 2350 2102 2421 praphetas
2157 2352 2389 2420 miserit,
2421 2355 2515 2426 qui
2544 2356 2722 2427 ignem
2747 2360 3133 2430 praeparaverit
3166 2361 3384 2416 diabolo
3411 2372 3467 2417 et

192 2448 407 2518 angelis
426 2447 570 2517 ejus.
591 2445 750 2502 Hunc
768 2445 985 2503 Patrem
1010 2447 1226 2503 Domini
1248 2443 1425 2498 nostri
1447 2440 1577 2498 Jesu
1603 2441 1805 2497 Christi
1830 2446 1898 2497 ab
1952 2441 2199 2499 Ecclesia
2237 2448 2573 2513 annuntiari,
2619 2463 2685 2502 ex
2716 2447 2835 2518 ipsa
2866 2447 3146 2519 Scriptura
3174 2452 3268 2520 qui
3298 2453 3467 2508 velint

192 2541 408 2595 discere
428 2544 691 2609 possunt,
720 2546 775 2593 et
797 2540 1153 2609 apostolicam
1186 2535 1447 2593 Ecclesiae
1474 2534 1829 2589 traditionem
1852 2548 2006 2589 :cum
2040 2534 2111 2589 sit
2132 2536 2399 2592 vetustior
2428 2540 2657 2608 epistola
2681 2540 2767 2596 his
2789 2540 2883 2611 qui
2906 2556 3052 2596 nunc
3077 2540 3218 2597 falso
3242 2544 3462 2610 docent,

190 2640 245 2688 et
273 2632 517 2687 alterum
549 2630 721 2686 Deum
757 2646 922 2702 super
941 2630 1299 2704 Demiurgum
1334 2638 1390 2687 et
1432 2629 1696 2685 factorem
1726 2627 1923 2683 horum
1963 2628 2210 2684 omnium
2240 2646 2363 2701 qua:
2392 2639 2558 2698 sunt,
2590 2634 3081 2691 commentiuntur.

1795 2720 1863 2777 ll.

461 2819 721 2877 CLEIENS
773 2819 1459 2890 Alexandrinus,£rpwy.
1483 2818 1580 2873 lib.
1609 2833 1649 2872 ι.
1691 2832 1815 2888 cap.
1860 2817 1913 2882 7,
1966 2817 2099 2875 edit.
2134 2816 2334 2887 Oxon.,
2377 2836 2467 2876 an.
2514 2820 2673 2885 1715,
2712 2824 2865 2877 tom.’
2892 2819 2933 2885 I,
2971 2836 3025 2893 p.
3072 2821 3198 2878 559.
3308 2874 3311 2875 ν

272 2916 403 2970 Ἐὰν
434 2915 493 2969 δὲ
525 2916 624 2988 τήν
669 2914 952 2987 βασιλικήν
982 2932 1042 2968 τε
1088 2916 1177 2969 κα.ὶ
1214 2912 1538 2984 αὐθεντικὴν
1581 2910 1786 2965 εἴσοδον

1966 2912 2122 2978 Quod
2152 2914 2198 2969 si
2223 2914 2366 2970 viam
2400 2915 2602 2985 regiam
2634 2923 2687 2971 et
2728 2916 3104 2970 authenticum
3152 2915 3460 2986 ingressum

191 3008 382 3081 ζητῇς,
407 3008 650 3080 ἀκούσῃ’
683 3007 843 3075 Αὕτη
872 3008 912 3075 ἠ
941 3008 1106 3075 πύλη
1138 3006 1247 3061 τοῦ
1278 3006 1502 3074 Κυρίου
1522 3022 1536 3035 ·
1569 3003 1777 3058 δίκαιοι

1910 3004 2116 3072 tuteris,
2145 3005 2335 3062 audies
2362 3025 2375 3061 :
2411 3006 2540 3061 ch
2565 3017 2642 3062 est
2671 3017 2825 3077 porta
2852 3006 3066 3062 Domini
3091 3021 3110 3060 :
3120 3007 3261 3075 justi
3292 3010 3461 3063 intra-

188 3102 649 3155 εἰσελεύσονται
676 3098 749 3153 ἐν
772 3097 947 3165 αὐτῇ.
977 3098 1195 3152 Πολλῶν
1222 3098 1401 3151 τοίνυν
1422 3095 1777 3168 ἀνεῳγμένων

1910 3099 2017 3142 runt
2048 3090 2104 3145 in
2130 3108 2249 3145 eam
2275 3093 2318 3148 ⁸.
2350 3092 2485 3149 Cum
2518 3111 2659 3165 ergo
2690 3096 3104 3166 multaaapertm
3140 3100 3251 3151 sint
3294 3108 3463 3168 pen-tae

192 3193 375 3246 πυλῶν
405 3195 465 3245 ὲν
495 3190 833 3262 δικαιοσύνῃ,
866 3188 1005 3262 αὕτη
1038 3186 1107 3263 ἦν
1135 3192 1194 3244 ὲν
1222 3188 1464 3263 Χριστῷ.

248 3461 464 3516 Αὐτίκα
491 3460 520 3513 ὁ
544 3459 775 3532 Κλήμης
802 3461 861 3514 ὲν
885 3463 951 3533 τῇ
982 3460 1119 3532 πρὸς
1145 3459 1471 3531 Κορινθίους
1498 3458 1779 3529 ἐπιστολῇ,

187 3553 328 3606 κατὰ
354 3552 506 3617 λέξιν
536 3552 689 3624 φησὶ,
720 3552 819 3615 τὰς
834 3551 1097 3625 διαφορὰς
1124 3550 1472 3623 ἐκτιθέμενος
1500 3550 1609 3603 τῶν
1638 3549 1781 3604 κατὰ

185 3646 281 3717 τὴν
322 3644 653 3715 Ἐκκλησίαν
690 3643 927 3715 δοκίμων
950 3662 963 3674 ·
996 3648 1153 3700 Ἧτω
1200 3660 1290 3709 τις
1338 3642 1553 3708 πιστός
1583 3658 1597 3671 ·
1658 3640 1781 3709 ἤτω

184 3738 449 3804 δυνατός
480 3755 571 3803 τις
597 3735 826 3807 γνῶσιν
852 3734 1114 3801 ἐξειπεῖν
1139 3743 1153 3757 ⁸
1178 3734 1299 3803 ἤτω
1332 3734 1526 3802 σοφὸς
1555 3732 1627 3785 ὲν
1652 3730 1780 3785 δια-

184 3832 383 3898 κρίσει
413 3830 631 3898 λόγων*
660 3827 782 3896 ἤτω
808 3828 1020 3897 γοργὸς
1046 3827 1116 3880 ἐν
1143 3826 1357 3895 ἔργοις.
1390 3824 1592 3879 Eadem
1621 3838 1777 3893 repe—

183 3921 672 3977 titAlexandrinus
691 3919 834 3975 infra
857 3920 950 3975 lib.
968 3936 1019 3973 Vl
1042 3959 1057 3981 ,
1084 3934 1207 3989 cap.
1238 3918 1294 3983 8,
1318 3916 1611 3987 tom.ll,p.
1649 3916 1772 3971 775.

1890 3179 1944 3232 in
1971 3181 2207 3251 justitia,
2252 3185 2369 3239 haec
2417 3187 2472 3241 in
2514 3186 2736 3243 Christo
2778 3188 3107 3243 invenienda
3140 3197 3246 3247 est.
3285 3191 3459 3246 Cum.

1885 3273 2048 3342 epist.
2086 3274 2140 3339 1,
2175 3290 2297 3346 cap.
2335 3276 2427 3332 48.

1386 3364 1517 3419 lusu
1539 3404 1553 3427 ,
1588 3362 1742 3429 ibid.,
1774 3360 1871 3416 lib.
1913 3372 1968 3418 et
1997 3380 2115 3436 cap.
2167 3367 2286 3423 citt.

1959 3458 2079 3515 Jam
2107 3461 2361 3519 Clemens
2400 3463 2456 3517 in
2498 3464 2729 3535 epistola
2759 3464 2827 3521 ad
2855 3464 3169 3523 Corinthios
3211 3466 3299 3523 his
3333 3484 3458 3523 ver-

1887 3551 1973 3607 bis
2002 3552 2199 3624 inquit,
2247 3570 2528 3626 exponens
2557 3557 2919 3613 dill‘erentiam
2961 3573 3150 3614 eorum
3196 3559 3291 3629 qui
3331 3570 3459 3615 sunt

1886 3645 2104 3714 probati
2137 3646 2192 3700 in
2224 3645 2469 3703 Ecclesia
2498 3667 2511 3703 :
2546 3648 2631 3704 Sit
2660 3650 2853 3720 aliquis
2875 3650 3073 3720 ﬁdelis,
3095 3651 3165 3705 sit
3194 3661 3376 3721 potens
3400 3654 3458 3707 in

1885 3738 2207 3808 explicanda
2237 3744 2556 3814 cognitione,
2580 3745 2650 3797 sit
2680 3746 2889 3814 sapiens
2917 3745 2974 3798 in
3005 3744 3317 3799 discretione
3347 3762 3459 3801 ser-

1885 3846 2121 3898 monum,
2159 3834 2230 3887 sit
2261 3838 2552 3905 stupendus
2587 3838 2646 3889 iu
2690 3836 2949 3906 operibus.
2982 3834 3162 3893 Locus
3196 3845 3374 3894 exstat
3402 3839 3455 3892 in

1883 3923 2073 3977 eodem
2105 3940 2227 3995 cap.
2261 3926 2354 3990 48,
2378 3928 2537 3997 epist.
2567 3928 2618 3983 1.

1024 4029 1194 4094 int-zu,
1238 4029 1396 4095 ibid.,
1432 4030 1528 4085 lib.
1576 4046 1653 4095 tv,
1686 4044 1811 4101 cap.
1844 4032 1933 4103 17,
1976 4042 2110 4093 tom.
2155 4035 2199 4103 Ι,
2235 4054 2328 4109 pp.
2372 4039 2501 4106 609,
2541 4040 2666 4099 6l0.

247 4122 362 4175 Ναὶ
395 4121 504 4193 μὴν
532 4121 590 4174 ὲν
619 4123 687 4193 τῇ
717 4120 853 4193 πρὸς
893 4122 1214 4195 Κορινθίους
1257 4121 1516 4195 ἐπιστολῇ
1558 4123 1587 4175 ό
1641 4121 1780 4176 ἀπό-

186 4215 373 4279 στολος
408 4214 659 4287 Κλήμης,
691 4216 785 4270 καὶ
811 4215 973 4279 αὐτὸς
1005 4217 1133 4287 ήμῖν
1159 4215 1327 4269 τύπον
1352 4215 1476 4269 τινὰ
1515 4212 1610 4269 τοῦ
1639 4231 1779 4284 γνω-

186 4306 375 4361 στικοῦ
406 4307 762 4379 ὑπογράφων,
790 4307 970 4376 λέγει’
1007 4309 1101 4375 Τίς
1128 4310 1239 4378 γὰρ
1281 4307 1777 4379 παρεπιδημήσας

183 4399 335 4467 πρὸς
353 4396 533 4467 ὑμᾶς,
563 4417 619 4453 κ.
652 4417 703 4452 τ.
725 4399 777 4453 λ.
825 4398 928 4456 llic
953 4399 1207 4457 Clemens
1235 4400 1391 4457 Alex.
1417 4400 1598 4471 capita
1628 4416 1660 4456 e
1685 4416 1775 4455 reo

184 4490 347 4560 gione
374 4498 565 4545 notata
585 4491 883 4561 excerpsit.

246 4734 249 4737 -
289 4697 454 4752 Ἀλλὰ
502 4701 607 4753 κάν
634 4701 700 4771 τῇ
744 4699 882 4771 πρὸς
936 4698 1258 4770 Κορινθίους
1317 4701 1602 4771 Ῥωμαίων
1653 4703 1775 4754 ὲπι-

186 4789 345 4862 στολῇ
366 4807 381 4820 ·
418 4793 695 4858 Ὠκεανὸς
721 4790 1053 4859 ἀπέραντος
1079 4791 1409 4860 ἀνθρώποις
1437 4793 1769 4865 γέγραπται,

184 4882 283 4934 καὶ
313 4885 370 4936 οἱ
392 4882 526 4952 μετ’
553 4882 743 4937 αὐτὸν
770 4882 1008 4951 κόσμοι.

257 5065 539 5132 Τοσούτῳ
578 5063 690 5134 γὰρ
717 5062 957 5133 μᾶλλον
994 5064 1477 5134 ταπεινοφρογεῑν
1523 5069 1771 5138 ὀφείλει,

1957 4124 2129 4183 Porro
2161 4136 2343 4184 autem
2392 4129 2644 4188 Clemens
2687 4134 2967 4204 apostolus
3022 4134 3078 4190 in
3112 4135 3345 4206 epistola
3385 4133 3487 4189 ad'

1882 4218 2221 4287 Corinthios,
2269 4224 2385 4293 ipse
2414 4240 2632 4296 quoque
2675 4227 2834 4283 nobis
2870 4229 3161 4297 quamdam
3204 4226 3451 4282 Gnostici

1882 4309 2172 4383 imaginem
2197 4313 2536 4379 describens,
2569 4316 2740 4373 dicit:
2773 4318 2907 4385 Quis
2928 4320 3066 4373 enim
3091 4318 3231 4386 apud
3259 4335 3346 4373 vos
3374 4318 3453 4370 di-

1880 4415 2139 4470 versatus,
2172 4414 2279 4462 etc.
2316 4406 2490 4477 Epist.
2520 4410 2572 4468 1.
2611 4425 2770 4481 capp.
2804 4412 2856 4478 1,
2889 4411 3058 4477 9,10,
3098 4412 3186 4475 11,
3225 4411 3315 4475 12,
3356 4411 3447 4476 17,

1880 4496 1968 4559 18.
1999 4497 2090 4563 21,
2114 4498 2206 4563 22,
2241 4498 2331 4565 56,
2361 4500 2450 4564 58,
2483 4501 2573 4565 40,
2612 4501 2703 4567 ll,
2737 4502 2827 4569 48,
2856 4502 2946 4571 49,
2981 4502 3069 4571 50,
3101 4503 3191 4571 51,
3221 4503 3311 4557 55.

1098 4604 1252 4673 lbsl,
1282 4604 1437 4670 ibid.,
1476 4605 1574 4662 lib.
1609 4623 1663 4669 ν,
1695 4620 1816 4677 cap.
1857 4606 1945 4675 12,
1978 4616 2113 4666 tom.
2146 4610 2211 4674 ll,
2256 4626 2380 4683 pag.
2424 4611 2551 4668 695.

1950 4703 2096 4770 Quin
2144 4705 2313 4758 etiam
2358 4710 2415 4759 in
2458 4705 2687 4775 cpistola
2733 4705 3104 4761 Romanorum
3146 4707 3212 4761 ad
3249 4705 3447 4763 Corin-

1879 4797 2025 4852 tliios
2066 4798 2330 4867 scriptum
2362 4805 2442 4852 est
2471 4816 2485 4851 :
2538 4796 2777 4852 Oceanus
2807 4799 3070 4868 inﬁnitus,
3100 4809 3149 4854 et
3188 4800 3279 4870 qui
3320 4808 3444 4853 sunt
3478 4808 3479 4811 ‘

1873 4899 1993 4958 post
2020 4889 2191 4957 ipsum
2224 4888 2432 4943 mundi.
2458 4887 2632 4958 Epist.
2668 4891 2719 4956 1,
2748 4905 2869 4960 cap.
2901 4890 2992 4946 20.

1119 4969 1275 5037 Ion,
1306 4973 1461 5039 ibid.,
1494 4974 1590 5032 lib.
1622 4992 1697 5041 vt,
1730 4993 1853 5051 cap.
1889 4979 1948 5045 8,
1983 4987 2119 5034 tom.
2151 4976 2216 5045 ll,
2248 4992 2369 5048 pag.
2398 4976 2521 5035 775.

1952 5071 2030 5126 Εο
2061 5073 2198 5126 enim
2235 5070 2383 5125 debet
2401 5088 2514 5126 esse
2533 5071 2801 5140 humilior,
2825 5088 2926 5144 quo
2956 5072 3164 5129 videtur
3188 5091 3301 5129 esse
3324 5094 3436 5132 ma-
3479 5068 3485 5077 ’

184 5159 309 5222 ὅσῳ
334 5154 506 5210 δοκεῖ
522 5153 762 5224 μᾶλλον
784 5152 995 5224 μείζων
1024 5156 1176 5209 εἶναι
1195 5172 1210 5185 ·
1258 5158 1287 5209 ό
1329 5156 1581 5230 Κλήμης,
1615 5163 1674 5215 ὲν
1702 5166 1767 5235 τῇ

1910 5184 1978 5231 π,
2009 5167 2142 5221 dicit
2162 5165 2414 5222 Clemens
2444 5167 2501 5221 in
2547 5166 2778 5237 epistola
2816 5166 2885 5222 ad
2911 5166 3244 5226 Corinthios.
3263 5169 3417 5247 Epist
3460 5240 3483 5249 _I

184 5250 320 5323 πρὸς
346 5246 674 5318 Κορινθίους
700 5247 852 5318 φησί.

1870 5258 1923 5323 1,
1952 5273 2071 5328 cap.
2104 5256 2195 5313 48.

1772 5347 1859 5403 Ill.

503 5430 798 5496 Οιιιοιιιεε,
820 5437 958 5509 Περὶ
980 5431 1202 5507 ἀρχῶν,
1228 5432 1323 5488 lib.
1354 5447 1417 5495 ιι,
1450 5447 1573 5505 cap.
1621 5436 1675 5501 5,
1714 5453 1777 5491 nr

1910 5437 1962 5504 6,
2000 5437 2134 5493 edit.
2167 5435 2369 5503 Paris,
2402 5436 2557 5500 1755,
2585 5445 2718 5491 tom.
2750 5437 2794 5504 l,
2824 5455 2947 5509 pag.
2977 5440 3065 5494 82.

254 5526 508 5581 Meminit
538 5540 671 5580 sane
691 5524 946 5581 Clemens
975 5526 1347 5597 apostolorum
1377 5526 1683 5598 discipulus
1710 5531 1873 5586 etiam
1900 5545 2089 5587 eorum
2118 5544 2257 5601 quos
2291 5529 2607 5601 ἀντίχθονας
2640 5527 2813 5585 (ἔγκοί
2860 5533 3234 5596 nominarunt,
3266 5542 3431 5606 atque

194 5620 335 5673 alias
360 5625 551 5688 partes
573 5615 728 5671 orbis
755 5622 917 5673 terra:
944 5618 1015 5675 ad
1039 5632 1177 5690 quas
1203 5634 1383 5692 neque
1404 5629 1720 5678 nostrorum
1750 5622 2039 5695 quisquam
2072 5624 2333 5682 accedere
2360 5630 2577 5693 potest,
2611 5638 2789 5695 neque
2819 5638 2882 5679 ex
2925 5624 3032 5682 illis
3063 5628 3154 5697 qui
3197 5627 3269 5682 ibi
3303 5637 3431 5684 sunt

260 5727 282 5756 '
310 5725 459 5783 Psal.
490 5740 661 5791 cxvu,
691 5725 786 5781 2ο.
