3936 6172
371 280 444 334 '55
1502 277 1592 330 AD
1634 277 1694 334 8.
1731 275 2114 332 CLEMENTEJ

2095 278 2157 332 ill
2201 280 2218 332 Ι
2261 280 2496 337 ΡΑΡἎΜ
3581 287 3652 344 56

370 397 663 467 quisquam
690 395 929 450 transire
957 391 1027 447 ad
1061 407 1201 459 nos;
1226 407 1368 464 quos
1395 400 1451 448 et
1482 394 1634 464 ipsos
1662 393 1887 448 mundos
1918 394 2236 465 appellavit,
2277 409 2403 450 cum
2430 398 2540 453 ait:
2581 396 2822 452 Oceanus
2853 399 3308 456 intransmeabitis
3345 410 3428 455 est
3473 403 3653 456 homi-

371 490 550 550 nibus.
575 501 624 544 et
655 489 710 542 ni
736 489 829 560 qui
859 497 1011 542 trans
1037 488 1208 554 ipsum
1243 493 1366 537 sunt
1391 485 1597 548 mundi,
1625 483 1717 553 qui
1748 483 1828 536 his
1851 483 2048 537 eisdem
2078 482 2432 538 dominatoris
2461 484 2560 538 Dei
2602 485 3040 554 dispositionibus
3069 487 3456 556 gubernantur.
3498 486 3651 544 Pau—

367 583 564 655 cisque
589 581 1009 651 interjectis.....
1043 578 1119 632 Ex
1155 576 1245 634 his
1274 585 1462 632 tamen
1493 591 1618 648 qua:
1643 577 1900 632 Clemens
1926 574 2080 630 visus
2109 581 2194 628 est
2224 573 2469 630 indicare
2498 590 2622 629 cum
2655 576 2790 631 dicit
2824 596 2837 631 ε
2881 576 3122 632 Oceanus
3151 579 3241 648 qui
3281 581 3648 636 intransmea-~

374 681 498 736 bilis
519 689 599 735 est
623 674 950 737 hominibus,
985 681 1034 727 et
1067 671 1121 725 hi
1145 670 1333 725 mundi
1353 672 1445 740 qui
1473 678 1593 742 post
1629 670 1801 739 ipsum
1836 678 1999 722 sunt:
2027 668 2124 740 qui
2150 677 2274 740 post
2320 670 2497 739 ipsum
2538 676 2667 724 sunt
2707 671 2942 726 mundos
2975 671 3264 741 pluraliter
3307 674 3606 728 nominans
3632 712 3651 736 ,

367 791 509 848 quos
534 781 589 830 et
614 772 806 828 eadem
856 771 952 827 Dei
983 767 1334 842 providentia
1365 766 1452 836 agi
1481 765 1707 836 regique
1746 762 2039 834 signiﬁcat,
2079 764 2290 818 semina
2320 765 2570 834 quaedam
2602 766 2762 821 nobis
2795 767 3108 837 hujusmodi
3133 767 3534 838 .intelligentia:
3567 770 3655 823 vi-

372 871 536 926 detur
563 881 880 937 aspergere,
909 878 1020 934 quo
1051 868 1277 934 putetur
1296 858 1479 914 omnis
1507 857 1730 928 quidem
1761 856 2098 911 universitas
2121 871 2316 910 eorum
2345 871 2468 926 quas
2503 864 2633 911 sunt
2674 865 2838 928 atque
2875 859 3213 924 subsistunt,
3247 861 3564 916 cmlestium
3594 871 3655 916 et

367 962 879 1036 supercmlestium,
913 965 1265 1015 terrenorum
1296 955 1774 1023 infernorumque,
1808 967 1953 1006 unus
1981 957 2036 1005 et
2061 948 2339 1020 perlectus
2362 950 2601 1005 mundus
2633 952 2964 1021 generaliter
2995 952 3105 1008 dici
3137 972 3150 1006 :
3186 953 3332 1007 intra
3360 970 3527 1025 quem
3561 956 3652 1010 vel

366 1071 397 1110 a
439 1071 551 1127 quo
579 1055 646 1126 (si
674 1055 766 1125 qui
793 1053 871 1107 illi
900 1053 1051 1122 sunt)
1082 1049 1308 1121 putandi
1341 1057 1471 1104 sunt
1500 1046 1792 1101 contineri.
1829 1044 2002 1116 Epist.
2041 1045 2093 1110 Ι,
2117 1061 2243 1114 cap.
2276 1043 2366 1099 20.

1273 1163 1424 1224 locis,
1450 1164 1507 1216 in
1543 1162 1832 1227 Ezechiel.,
1867 1179 1986 1233 cap.
2019 1161 2077 1226 8,
2105 1169 2242 1215 tom.
2274 1158 2364 1225 Ill,
2398 1177 2523 1232 pag.
2551 1162 2755 1224 Εἰμὶ.

427 1260 564 1330 Φησὶ
590 1259 644 1313 δὲ
663 1261 692 1312 ὁ
706 1257 938 1330 Κλήμης
957 1275 971 1289 ο
999 1257 1278 1323 Ὠκεανὸς
1292 1255 1587 1323 ἀπέρατος
1614 1254 1963 1323 ἀνθρώποις,

2151 1254 2292 1310 Dicit
2335 1270 2554 1326 quoque
2595 1255 2886 1311 Clemens:
2941 1255 3183 1311 Oceanus
3235 1259 3653 1326 impermeabitis

360 1350 459 1403 καὶ
487 1353 543 1405 οἱ
569 1351 698 1420 μετ’
727 1352 917 1405 αὐτὸν
949 1350 1163 1420 κόσμοι
1178 1349 1500 1416 τοσαύταις
1515 1349 1819 1419 διαταγαῖς
1846 1349 1952 1404 τοῦ
2051 1350 2114 1404 Ιιο

2095 1347 2373 1412 ominibus,
2401 1357 2451 1402 et
2470 1350 2560 1419 qui
2580 1358 2697 1417 post
2725 1364 2844 1402 eum
2869 1348 3076 1413 mundi,
3104 1352 3275 1405 tantis
3309 1352 3532 1408 Domini
3553 1372 3654 1409 or-

2053 1439 2422 1496 dinationibus
2444 1439 2831 1511 gubernantur.
2863 1439 3038 1511 Epist.
3072 1443 3125 1506 1,
3157 1457 3281 1514 cap.
3305 1443 3401 1501 20.

351 1444 659 1498 Aetmdrov
691 1441 1077 1497 διοικοῦνται.

935 1557 1088 1620 lusu,
1122 1557 1179 1610 in
1197 1553 1391 1620 Joan.,
1417 1563 1553 1610 tom.
1585 1552 1677 1608 IX.
1708 1561 1850 1624 part.
1887 1569 1950 1617 ιι,
1983 1568 2110 1626 pag.
2138 1552 2265 1618 145,
2297 1551 2430 1607 edit.
2456 1549 2618 1605 liuet.
2649 1549 2865 1615 Colon.,
2907 1550 3069 1607 1685.

420 1667 859 1740 Μεμαρτύρηται
891 1666 947 1720 δὲ
980 1667 1074 1720 καὶ
1105 1665 1260 1739 παρὰ
1285 1668 1401 1730 τοῖς
1432 1665 1662 1729 ἔθνεσιν,
1704 1666 1787 1719 δτι
1819 1664 1949 1718 πολ-

2120 1660 2370 1716 Relatum
2405 1665 2586 1713 autem
2610 1665 2774 1729 atque
2803 1663 3067 1715 testatum
3091 1661 3236 1732 apud
3283 1666 3518 1731 gentiles
3538 1678 3650 1733 est.

354 1761 435 1816 λοί
463 1779 608 1825 τινες
636 1759 901 1831 λοιμικῶν
949 1758 1339 1830 ὲνσκηψάντων
1371 1759 1695 1830 νοσημάτων
1724 1760 1951 1823 ἑαυτοὺς
2052 1769 2114 1808 ην

2095 1754 2256 1809 mltos
2291 1767 2416 1806 cum
2445 1750 2765 1822 pestilentes
2795 1752 2972 1807 morbi
3009 1764 3423 1824 grassarentur,
3463 1776 3528 1816 se
3554 1761 3647 1831 ip-

355 1856 560 1925 σφάγια
591 1855 732 1926 ὑπὲρ
759 1851 855 1907 τοῦ
891 1852 1077 1907 κοινοῦ
1109 1851 1526 1926 παραδεδώκασι
1549 1869 1561 1882 ·
1588 1853 1682 1906 καὶ⁹
1711 1852 1950 1922 παραδέ-

2054 1862 2148 1902 sos
2179 1855 2241 1900 ut
2275 1843 2529 1899 victimas
2567 1858 2668 1914 pro
2704 1845 2884 1912 patria
2923 1845 3266 1903 tradidisse:
3314 1857 3482 1920 atque
3526 1849 3653 1912 hac

350 1964 506 2018 χεται
545 1945 699 2000 ταῦθ’
735 1944 911 2009 οὕτως
955 1944 1240 2014 γεγονέναι
1284 1945 1387 1998 οὐκ
1417 1943 1626 2013 ἀλόγως
1654 1944 1953 2007 πιστεύσας
2058 1942 2114 1997 it:

2095 1956 2136 1995 .a
2157 1940 2409 1996 evenisse
2438 1937 2675 1992 admittit
2701 1952 2809 1992 non
2836 1936 2956 1992 sine
2985 1953 3152 1995 causa
3176 1981 3190 2004 ,
3225 1941 3476 2001 historiis
3515 1961 3650 2002 cre-

349 2042 470 2103 ταῖς
500 2039 765 2110 ἱστορίαις
801 2040 829 2091 ὁ
859 2037 1051 2100 πιστὸς
1081 2036 1334 2108 Κλήμης,
1369 2036 1475 2089 ὑπὸ
1504 2035 1718 2089 Παύλου
1752 2053 1954 2109 μαρτυ-

349 2133 638 2202 ρούμενος,
671 2129 925 2198 λέγοντος
950 2146 963 2159 ·
998 2128 1163 2184 Μετὰ
1191 2129 1555 2199 Κλήμεντος,
1593 2146 1648 2183 κ.
1680 2146 1730 2182 τ.
1762 2129 1811 2182 λ.

599 2488 793 2561 Ruﬁno
835 2490 1141 2560 interprete.

421 2599 595 2670 Hujus
622 2601 922 2658 Clementis
952 2603 1189 2674 epistola
1227 2603 1396 2658 habe-

349 2700 443 2746 tur
489 2692 558 2748 ad
585 2691 904 2749 Corinthios
937 2695 1163 2766 scripta,
1201 2695 1396 2766 praeci-

347 2801 456 2856 pua
528 2787 691 2856 plane
747 2794 802 2843 et
858 2788 1017 2843 valde
1084 2787 1392 2842 mirabilis:

346 2892 513 2947 quam
565 2878 718 2932 velut
749 2894 815 2934 ex
855 2893 1089 2948 persona
1132 2877 1396 2935 Romana:

347 2965 616 3022 Ecclesiae
653 2967 917 3035 dictavit,
952 2983 1079 3021 cum
1118 2966 1396 3022 dissensio

347 3057 492 3126 apud
551 3057 870 3114 Corinthios
924 3058 1118 3114 fuisset
1180 3068 1391 3114 exorta.

346 3145 522 3213 Quam
567 3147 856 3216 epistolam
907 3149 962 3202 in
996 3149 1248 3219 plurimis
1291 3149 1394 3204 Ec-

344 3238 532 3293 clesiis
571 3239 790 3309 publice
822 3241 947 3312 legi,
982 3249 1037 3296 et
1069 3250 1309 3297 veterum
1336 3250 1391 3298 et

347 3335 559 3390 nostris
588 3337 754 3392 etiam
784 3338 1125 3409 temporibus
1152 3348 1388 3395 constat.

346 3425 555 3482 Verum
610 3428 678 3485 de
726 3431 998 3486 seditione
1047 3431 1191 3485 facta
1248 3431 1391 3500 apud

345 3514 671 3599 Corinthios
699 3535 766 3574 ac
803 3520 1151 3577 dissensione
1192 3521 1391 3593 plebis,

350 3612 507 3667 testis
565 3615 724 3671 valde
791 3616 970 3672 ﬁdelis
1051 3616 1394 3690 llegesippus

348 3705 578 3763 indicat.

591 3918 780 3988 Ruﬁno
837 3920 1137 3989 interprete.

415 4008 673 4064 Clemens
715 4010 771 4063 in
811 4010 1042 4079 epistola
1071 4025 1236 4080 quam
1283 4010 1390 4066 Co-

346 4103 573 4158 rinthiis
620 4105 834 4168 scribit,
877 4105 1133 4160 meminit
1178 4105 1393 4176 Episto-

345 4193 413 4246 ιω
451 4191 606 4246 Pauli
661 4194 726 4248 ad
781 4193 1063 4260 Hebraeos,
1111 4203 1168 4251 et
1223 4197 1395 4249 utitur

347 4281 472 4350 ejus
514 4283 874 4339 testimoniis.
927 4281 1084 4338 Unde
1125 4292 1342 4340 constat
1375 4325 1390 4350 ,

346 4377 496 4446 quod
527 4378 827 4448 Apostolus
851 4389 1112 4451 tanquam
1149 4379 1395 4440 Hebraeis

347 4465 674 4524 mittendam
725 4468 906 4539 patrio
958 4483 1080 4524 eam
1144 4483 1395 4526 sermone

347 4562 778 4630 conscripserit,
822 4571 876 4618 et
927 4569 988 4617 ut
1019 4563 1242 4633 quidam
1283 4570 1398 4618 tra-

344 4646 507 4712 dunt,
563 4645 768 4701 Lucam
816 4649 1251 4719 evangelistam,
1303 4650 1392 4703 alii

347 4744 532 4791 autem
563 4737 714 4793 hunc
743 4740 920 4809 ipsum
946 4741 1279 4796 Clementem
1313 4741 1392 4794 in-

347 4836 709 4898 terpretatum
739 4845 884 4886 esse.
935 4831 1092 4897 Quod
1135 4839 1190 4886 et
1219 4833 1391 4903 magis

343 4934 536 4973 verum
594 4926 698 4982 est,
759 4921 888 4990 quia
942 4929 996 4976 et
1051 4923 1226 4993 stylus
1276 4923 1394 4992 ipse

343 5010 594 5082 epistola:
621 5011 919 5067 Clementis
961 5028 1088 5067 cum
1121 5014 1226 5068 hac
1257 5029 1390 5069 con-

343 5103 537 5157 cordat
559 5145 578 5171 ,
600 5110 654 5158 et
678 5119 876 5159 sensus
903 5104 1162 5160 nimirum
1187 5106 1390 5163 utrius-

343 5210 452 5264 que
482 5193 784 5266 Scriptura
811 5196 1101 5266 plurimam
1133 5198 1389 5253 similitu-

343 5286 528 5342 dinem
561 5288 763 5344 ferunt.
796 5287 1008 5345 Dicitur
1033 5299 1217 5347 tamen
1263 5307 1388 5348 esse

343 5388 400 5436 et
448 5382 554 5436 alia
585 5380 886 5438 Clementis
925 5385 1176 5454 epistola,
1221 5384 1384 5456 cujus

347 5488 449 5530 nos
479 5474 732 5532 notitiam
761 5490 877 5533 non
910 5477 1248 5550 accepimus.

2049 2214 2286 2287 cap.55.

1942 2377 2032 2434 IV.

1397 2490 1686 2557 EUSEBIUS,
1712 2492 1858 2548 Hist.
1904 2493 2066 2558 eccl.,
2102 2492 2196 2546 lib.
2228 2504 2312 2553 ιιι,
2342 2501 2463 2555 cap.
2506 2483 2593 2536 16.

1540 2606 1743 2659 Τούτου
1791 2607 1856 2679 δή
1908 2603 2004 2660 οὖν
2049 2605 2143 2659 τοῦ
2200 2604 2516 2676 Κλήμεντος

1465 2694 1870 2766 ὁμολογουμένη
1921 2694 2019 2765 μία
2067 2692 2324 2764 ἐπιστολὴ
2357 2691 2517 2763 φέρε-

1466 2802 1590 2848 ται,
1638 2785 1847 2857 μεγάλη
1877 2802 1936 2838 τε
1980 2786 2074 2837 καὶ
2109 2783 2407 2855 θαυμασία,
2450 2784 2516 2853 ἣν

1467 2876 1542 2940 ὠς
1573 2877 1682 2930 ἀπὸ
1711 2877 1809 2946 τῆς
1850 2876 2137 2947 Ῥωμαίων
2195 2875 2517 2946 Ἐκκλησίας

1469 2971 1536 3039 τῇ
1592 2968 1896 3040 Κορινθίων
1940 2966 2334 3029 διετυπώσατο,
2393 2967 2516 3019 στά-

1473 3076 1608 3122 σεως
1650 3057 1910 3130 τηνικάδε
1939 3057 2083 3112 κατὰ
2123 3058 2222 3128 τὴν
2252 3055 2514 3127 Κόρινθον

1469 3148 1786 3220 γενομένης.
1823 3149 2041 3220 Ταύτην
2077 3147 2134 3202 δὲ
2163 3149 2256 3200 καὶ
2275 3149 2332 3201 ὲν
2361 3148 2512 3200 πλεί-

1468 3236 1972 3310 σταιςῈκκλησίαις
1995 3240 2090 3292 ἐπὶ
2115 3239 2209 3292 τοῦ
2232 3238 2413 3292 κοινοῦ
2433 3239 2516 3292 δε-

1464 3331 1896 3403 δημοσιευμένην
1942 3331 2112 3386 πάλαι
2158 3349 2218 3384 τε
2261 3334 2355 3386 καὶ
2393 3329 2513 3387 καθ’

1467 3422 1614 3492 ἡμᾶς
1660 3424 1859 3486 αὐτοὺς
1898 3422 2165 3494 ἔγνωμεν.
2199 3424 2311 3476 Καὶ
2339 3424 2421 3476 ὅτι
2451 3441 2515 3493 γε

1468 3517 1610 3570 κατὰ
1641 3516 1731 3569 τὸν
1773 3517 2122 3590 δηλούμενον,
2166 3515 2237 3570 τὰ
2283 3518 2383 3588 τῆς
2417 3518 2516 3570 Ko-

1471 3612 1693 3682 ρινθίων
1749 3615 2006 3685 κεκίνητο
2054 3614 2317 3680 στάσεως,
2369 3619 2514 3683 ἀξιό-

1467 3719 1644 3772 χρεως
1667 3702 1922 3774 μάρτυςὸ
1962 3707 2322 3776 Ἡγήσιππος.
2371 3706 2513 3780 Lege

1467 3790 1843 3857 NICEPIIORUI,
1883 3794 1980 3849 lib.
2012 3810 2098 3858 ιη,
2131 3810 2258 3866 cap.
2295 3795 2382 3852 16.

1575 3923 1728 3988 lnsu,
1757 3924 1911 3990 ibid.,
1941 3925 2040 3982 lib.
2076 3941 2159 3992 ιιι,
2190 3942 2312 3998 cap.
2339 3929 2432 3984 38.

1532 4015 1640 4070 Τοῦ
1673 4017 1988 4088 Κλήμεντος
2030 4020 2088 4072 ὲν
2125 4024 2192 4092 τῇ
2231 4022 2505 4094 ἀνωμολο-

1462 4106 1676 4179 γημένῃ
1697 4106 1850 4178 παρά
1878 4110 2065 4172 πᾶσιν,
2097 4111 2163 4179 ἢν
2190 4112 2254 4164 ὲκ
2285 4113 2504 4183 προσώ-

1465 4210 1568 4245 που
1601 4193 1700 4262 τῆς
1743 4193 2031 4264 Ῥωμαίων
2080 4197 2401 4269 Ἐκκλησίας
2437 4203 2505 4273 τῇ

1467 4281 1776 4353 Κορινθίων
1804 4282 2197 4339 διετυπώσατο.
2241 4283 2382 4362 Ἐνῇ
2412 4290 2512 4361 τῆς

1471 4377 1608 4447 πρὸς
1639 4376 1923 4448 Ἐϐραίους
1951 4379 2121 4432 πολλὰ
2145 4382 2391 4453 νοήματα
2413 4401 2511 4436 πα-

1471 4470 1678 4540 ραθεὶς,
1711 4470 1810 4541 ήδη
1827 4471 1883 4523 δὲ
1903 4472 1996 4524 καὶ
2022 4471 2297 4536 αὐτολεξεὶ
2328 4476 2510 4544 ῥητοῖς

1467 4574 1609 4610 τισιν
1640 4557 1701 4623 ἐξ
1732 4559 1901 4629 αὐτῆς
1930 4563 2271 4631 χρησάμενος
2293 4599 2308 4624 ,
2354 4562 2511 4630 σαφέ-

1471 4662 1640 4699 στατα
1653 4647 1984 4717 παρίστησιν
2005 4648 2086 4700 ὅτι
2110 4648 2183 4718 μή
2199 4649 2316 4701 νέον
2335 4649 2508 4719 ὑπάρ-

1464 4751 1548 4804 χει
1590 4736 1651 4789 τὸ
1694 4734 2052 4807 σύγγραμμα.
2077 4736 2235 4790 ’Ὀθεν
2285 4737 2507 4800 είκότως

1466 4827 1665 4891 ἔδοξεν,
1713 4827 1847 4880 αὐτὸ
1889 4829 2001 4890 τοῖς
2035 4826 2243 4889 λοιποῖς
2273 4829 2506 4895 ἐγκατα-

1465 4918 1720 4989 λεχθῆναι
1773 4916 2064 4988 γράμμασι
2105 4915 2200 4969 τοῦ
2254 4916 2506 4969 Ἀποστά-

1468 5009 1583 5062 λου.
1622 5007 1895 5079 Ἑϐραίοις
1909 5006 2118 5079 γὰρδιὰ
2143 5007 2242 5077 τῆς
2269 5007 2502 5076 πατρίου

1461 5100 1706 5172 γλώττης
1733 5100 2026 5171 ἐγγράφως
2044 5098 2381 5170 ὡμιληκότας
2407 5098 2502 5152 τοῦ

1461 5192 1698 5256 Παύλου,
1734 5192 1785 5243 oi
1837 5191 1935 5262 μὲν
1965 5190 2056 5243 τὸν
2113 5189 2502 5261 εὐαγγελιστὴν

1460 5285 1698 5344 Λουκᾶν,
1720 5284 1770 5334 οἱ
1796 5281 1853 5335 δὲ
1883 5282 1974 5334 τὸν
2007 5281 2296 5352 Κλήμεντα
2315 5279 2502 5334 τοῦτον

1460 5376 1646 5438 αὐτὸν,
1668 5372 2004 5445 ἑρμηνεῦσαι
2020 5371 2236 5440 λέγουσι
2251 5373 2349 5444 τὴν
2375 5390 2501 5444 γρα-

1458 5476 1584 5546 φήν.
1625 5475 1689 5527 Ὃ
1719 5475 1813 5526 καὶ
1845 5472 2044 5544 μᾶλλον
2072 5474 2156 5542 εἴη
2189 5471 2254 5525 ἂν
2283 5472 2498 5543 ἀληθὲς,

1458 5564 1536 5637 τῷ
1562 5565 1653 5618 τὸν
1697 5565 1881 5634 ὅμοιον
1925 5563 2022 5633 τῆς
2053 5563 2303 5634 φράσεως
2330 5581 2500 5635 χαρα-

1459 5656 1638 5727 κτῆρα
1664 5657 1764 5726 τήν
1795 5672 1855 5708 τε
1897 5655 1992 5710 τοῦ
2028 5655 2343 5726 Κλήμεντος
2378 5655 2497 5707 ἐπι-

1462 5753 1691 5818 στολὴν,
1738 5753 1830 5807 καὶ
1877 5752 1976 5826 τὴν
2022 5751 2158 5823 πρὸς
2213 5750 2495 5822 Ἐϐραίους

2055 2122 2260 2179 Paulus
2309 2122 2500 2177 dicens
2541 2138 2552 2174 :

2056 2033 2193 2088 dens
2222 2031 2475 2087 Clemens
2500 2029 2592 2083 ille
2623 2027 2818 2092 fidelis,
2853 2029 2941 2084 cui
2979 2031 3359 2088 testimonium
3393 2036 3655 2106 perhibet

2606 2117 2742 2174 Cum
2807 2118 3123 2188 Clemente,
3190 2134 3298 2180 etc.
3355 2125 3535 2198 Epist.
3591 2130 3650 2195 1,

2857 2481 3070 2536 Vulcsio
3099 2484 3403 2555 interprete.

2668 2593 2844 2667 Hujus
2891 2595 3058 2667 igitur
3107 2596 3408 2654 Clementis
3459 2606 3650 2653 exstat

2593 2687 2827 2759 epistola
2873 2704 2986 2743 uno
3037 2704 3314 2745 consensu
3374 2697 3598 2760 recepta
3627 2729 3646 2754 ,

2585 2775 2789 2830 eximia
2831 2789 3060 2844 prorsus
3112 2785 3278 2848 atque
3320 2781 3600 2836 mirabilis
3627 2823 3645 2848 ,

2588 2887 2752 2941 quam
2797 2870 3018 2926 nomine
3065 2868 3327 2926 Ecclesia:
3375 2869 3651 2929 Romanae

2588 2966 2655 3019 ad
2683 2966 3092 3021 Corinthiorum
3118 2964 3428 3021 Ecclesiam
3461 2969 3653 3037 scrip-

2587 3059 2679 3121 sit,
2725 3072 2850 3110 cum
2909 3055 3055 3126 apud
3111 3070 3209 3111 eos
3261 3058 3449 3127 gravis
3492 3067 3653 3114 esset

2587 3155 2778 3203 exorta
2812 3147 3108 3204 dissensio.
3155 3145 3310 3201 Hanc
3352 3149 3407 3202 in
3442 3148 3651 3217 pleris-

2589 3259 2695 3313 que
2731 3243 2989 3299 Ecclesiis
3034 3251 3088 3299 et
3133 3252 3325 3299 nostra
3374 3251 3430 3298 et
3473 3260 3650 3315 supe-

2589 3333 2724 3388 riori
2749 3334 3010 3388 memoria
3035 3334 3213 3403 palam
3246 3334 3474 3389 recitari
3501 3350 3647 3390 con-

2589 3425 2832 3479 suevisse
2879 3425 3274 3495 comperimus.
3313 3423 3491 3480 Porro
3543 3441 3648 3480 su-

2587 3512 2824 3582 pradicti
2855 3511 3154 3569 Clementis
3197 3521 3446 3583 tempore
3484 3514 3646 3568 sedi-

2587 3603 2791 3658 tionem
2817 3604 2961 3658 inter
2981 3602 3301 3660 Corinthios
3330 3620 3456 3660 esse
3485 3621 3649 3661 com-

2587 3703 2791 3750 motam
2831 3695 3304 3767 locupletissimus
3341 3699 3506 3754 testis
3551 3708 3650 3755 est

2587 3784 2947 3855 llegesippus.

2847 3929 3056 3986 Valesio
3087 3943 3396 4003 interprete.

2645 4026 2939 4083 Clementis
2958 4029 3050 4083 illa
3069 4031 3350 4101 (epistola)
3376 4033 3446 4087 ab
3462 4038 3622 4090 οηιηί
3641 4049 3650 4056 “

2578 4118 2684 4174 bus
2723 4130 2962 4190 recepta,
2999 4137 3161 4191 quam
3209 4121 3478 4180 Ecclesiae
3523 4125 3646 4181 Ro-

2581 4224 2757 4265 manae
2805 4211 3027 4266 nomine
3079 4213 3148 4267 ad
3205 4212 3645 4275 Corinthiorum

2581 4298 2881 4356 Ecclesiam
2930 4302 3174 4373 scripsit.
3231 4305 3290 4358 ln
3335 4321 3450 4375 qua
3502 4323 3644 4366 cum

2583 4392 2786 4447 multas
2805 4393 3010 4447 inserat
3038 4395 3344 4452 sententias
3367 4398 3649 4471 desump—

2581 4485 2668 4534 tas
2699 4495 2766 4534 ex
2811 4479 3056 4549 Epistola
3088 4481 3156 4536 ad
3198 4482 3492 4551 Hebraeos,
3537 4489 3648 4544 iis-

2581 4564 2813 4637 demque
2851 4568 3129 4623 interdum
3173 4571 3362 4628 verbis
3399 4581 3604 4632 utatur
3627 4620 3645 4644 ,

2581 4654 2717 4710 satis
2769 4655 2978 4711 indicat
3031 4671 3171 4728 opus
3219 4659 3358 4716 illud
3421 4679 3647 4736 nequa-

2579 4759 2741 4815 quam
2793 4761 2988 4802 recens
3045 4764 3192 4804 esse.
3253 4749 3647 4817 Quamobrem

2578 4855 2701 4894 cum
2727 4841 2956 4911 reliquis
2979 4843 3230 4914 Apostoli
3257 4849 3494 4920 scriptis
3525 4867 3648 4908 non

2579 4933 2698 4988 sine
2750 4949 2918 4991 causa
2953 4938 3057 4993 hoc
3084 4941 3251 4994 etiam
3285 4945 3644 5001 recensitum

2582 5028 2815 5084 videtur.
2849 5027 2986 5084 Cum
3037 5033 3188 5087 enim
3241 5035 3312 5089 ad
3365 5034 3646 5097 Hebraeos

2575 5118 2754 5189 patrio
2777 5135 3029 5177 sermone
3052 5124 3375 5194 scripsisset
3397 5127 3642 5195 Paulus,

2576 5210 2669 5263 alii
2735 5208 2938 5264 Lucam
3003 5216 3408 5284 evangelistam
3439 5259 3455 5284 ,

2574 5298 2721 5353 hunc
2747 5298 2812 5352 de
2828 5314 2937 5368 quo
2953 5299 3233 5371 loquimur
3255 5303 3641 5372 Clementem.

2574 5383 2868 5456 Epistolam
2912 5390 3060 5444 illam
3115 5408 3240 5449 esse
3285 5395 3643 5468 interpreta-

2572 5480 2686 5528 tum
2733 5471 2936 5529 ferunt.
2979 5475 3136 5542 Quod
3165 5480 3394 5550 quidem
3432 5487 3642 5546 verius

2571 5565 2819 5624 videtur.
2867 5581 2994 5620 cum
3037 5572 3346 5636 praesertim
3394 5583 3454 5630 et
3503 5575 3642 5635 Cle-

2569 5659 2786 5723 mentis,
2804 5668 2856 5713 et
2878 5655 2970 5712 illa
2985 5655 3054 5711 ad
3082 5656 3342 5719 Hebraos
3369 5665 3635 5740 Epistula

2569 5748 2818 5806 eumdem
2893 5750 3129 5810 habeant
3189 5757 3437 5836 stylum,
3516 5778 3634 5819 nec

3700 3174 3765 3222 ἱ

3539 5223 3644 5280 alii
3691 5251 3704 5258 -
