3936 6172
218 263 292 319 37

1468 255 1816 313 P3002)!”
1856 254 2244 314 VARIORL'M.

3420 259 3497 314 38

216 374 564 439 ἀποσώζειν·
601 374 696 430 καὶ
726 371 803 447 τῷ
853 374 927 448 μὴ
967 371 1161 447 ητόρρω
1206 373 1275 427 τά
1301 374 1359 425 ὲν
1391 372 1674 443 ἑκατέροις
1705 374 1818 434 τοῖς

1924 374 2214 442 utriusque
2245 370 2438 441 scripti
2468 371 2757 427 sententiae
2812 370 2974 426 valde
3020 371 3163 426 inter
3190 386 3250 427 se
3292 370 3501 429 discren

218 468 628 541 συγγράμμασι
647 469 894 539 νοήματα
927 465 1278 521 καθεστάναι,
1312 465 1506 519 ’ἰστέον
1534 465 1591 518 δέ
1618 464 1694 528 ώς
1721 466 1816 518 καὶ

1930 471 2083 538 pent.
2118 461 2418 517 Sciendum
2472 470 2653 517 tamen
2680 469 2766 517 est
2829 463 3055 517 alteram
3130 478 3349 533 quoque
3378 462 3502 520 Cle-

212 562 450 633 δευτέρα
482 572 569 624 τις
617 554 758 613 εἶναι
790 559 1009 629 λέγεται
1038 558 1134 612 τοῦ
1172 559 1489 631 Κλήμεντος
1517 557 1776 629 ἐπιστολή
1796 572 1811 587 ⁸

212 656 279 709 οὐ
303 656 416 727 μὴν
434 654 513 707 ἔθ’
540 654 746 725 ὁμοίως
774 655 841 724 τῇ
871 653 1115 725 προτέρᾳ
1158 652 1253 705 καὶ
1292 649 1496 721 ταύτην
1538 650 1815 721 γνώριμον

212 746 571 818 ἐπιστάμεθα
588 764 601 776 ·
621 746 704 799 ὃτι
722 745 854 818 μηδὲ
868 745 997 808 τοὺς
1012 744 1271 816 ἀρχαίους
1286 744 1425 813 αὐτῇ
1441 742 1815 813 κεχρημένους

211 840 402 911 ἴσμεν.
425 839 492 894 Ει
538 839 681 894 infra
714 858 729 893 :
764 841 827 893 Ἡ
860 840 958 911 μὲν
1003 835 1095 892 οὖν
1124 836 1219 891 τοῦ
1265 836 1579 907 Κλήμεντος
1618 834 1811 904 ὁμολο-

211 932 465 1003 γουμένη
512 931 721 1004 γραφὴ,
753 931 1035 1002 πρόδηλος.
1072 928 1211 1002 Lege
1228 926 1599 993 Nicspuonuu,
1619 927 1715 983 lib.
1743 943 1805 993 ιι,

204 1036 341 1093 cap.
367 1024 461 1088 $6,
484 1030 542 1079 et
564 1024 662 1078 lib.
689 1037 773 1088 ιιι,
812 1037 934 1093 cap.
960 1023 1049 1080 18.

466 1251 662 1323 Ruﬁno
704 1255 1006 1321 interprete.

280 1355 468 1414 Simul
498 1370 552 1417 et
602 1363 669 1418 de
698 1362 930 1433 epistola
969 1360 1268 1424 Clementis

1913 556 2114 612 mentis
2173 554 2461 625 epistolam
2512 553 2882 610 circumferri.
2932 553 3136 611 Verum
3189 556 3331 610 hanc
3387 572 3498 612 non

1916 648 2145 720 perinde
2193 654 2468 716 receptam
2515 653 2679 715 atque
2730 646 3085 716 approbatam
3144 645 3361 712 fuisse,
3398 663 3501 719 pro

1918 750 2074 795 certo
2123 740 2429 793 habemus:
2486 737 2929 807 quandoquidem
2999 740 3332 794 vetustiores
3377 742 3499 809 ejus

1918 832 2236 889 testimonio
2296 845 2643 901 nequaquam
2672 846 2801 885 usos
2852 844 2975 885 esse
3005 832 3396 901 comperimus.
3428 832 3499 889 Et

1916 928 2062 996 infra
2098 941 2119 976 :
2152 923 2217 977 Et
2244 921 2544 978 Clementis
2578 921 2799 991 quidem
2846 936 2969 991 qua:
3016 924 3251 991 genuina
3293 930 3347 978 et
3378 939 3499 978 om-

1914 1021 2065 1073 nium
2129 1030 2404 1072 consensu
2469 1022 2689 1084 recepta
2742 1012 2855 1067 sint
2905 1014 3109 1083 scripta
3141 1053 3159 1077 ,
3191 1014 3305 1083 jam
3360 1017 3497 1071 satis

1911 1112 2102 1184 liquet.
2134 1109 2275 1181 Lege
2311 1107 2574 1162 Mutum
2615 1106 2668 1159 in
2692 1106 2909 1175 prologo
2941 1105 3010 1159 ad
3050 1123 3209 1176 opera
3232 1106 3493 1178 Dionysii.

1334 1248 1599 1304 Eusamus
1636 1247 1779 1302 "ist.
1825 1247 1986 1310 eccl.,
2019 1247 2117 1303 lib.
2148 1262 2219 1307 Iv,
2251 1259 2373 1314 cap.
2398 1244 2492 1301 22.

1416 1364 1670 1418 Ἀκοῦσαι
1714 1364 1778 1433 γέ
1821 1381 1903 1417 τοι
1944 1362 2197 1435 πάρεστι,
2243 1360 2381 1433 μετά

2697 1240 2901 1295 Valesio
2931 1242 3234 1312 interprete.

2522 1352 2816 1425 Postquam
2846 1353 3231 1428 (Hegesippus)
3269 1356 3337 1411 de
3369 1356 3496 1412 Cle-

198 1447 467 1520 quaedam
536 1458 932 1506 commemorat
980 1449 1262 1521 (Hegesip-
1334 1472 1455 1510 τινα
1484 1454 1741 1528 περὶτῆς
1768 1454 1844 1509 Κλ

1901 1471 2085 1526 μεντος
2105 1453 2242 1526 πρὸς
2269 1456 2350 1507 Κο
2452 1450 2651 1504 mentis
2721 1450 2785 1505 ad
2871 1449 3189 1506 Corinthios
3258 1452 3493 1522 epistola

203 1542 336 1614 pus)
393 1556 519 1611 que
588 1542 752 1597 etiam
811 1543 1057 1596 inserere
1134 1540 1263 1595 huic
1333 1545 1569 1618 ρινθιους
1600 1545 1844 1599 ἐπιστολὶ

1922 1542 2071 1613 αὐτῷ
2090 1544 2373 1615 εἰρημένα,
2447 1540 2696 1609 quazdam
2755 1540 3227 1605 commemoravit,
3256 1541 3368 1596 haec
3396 1541 3490 1596 ad-

199 1634 363 1704 operi
393 1642 589 1690 nostro
614 1634 996 1692 necessarium
1024 1633 1174 1688 duxi.

459 1840 655 1913 Ruﬁno
702 1843 1008 1910 interprete.

266 1949 330 2006 In
377 1952 487 2007 hac
541 1953 660 2023 ipsa
687 1952 960 2022 scriptura
1008 1950 1255 2006 meminit

200 2046 371 2098 etiam
424 2043 769 2114 (Dionysius)
818 2044 1063 2115 epistola:
1127 2044 1251 2100 Cle-

200 2134 410 2189 mentis
441 2132 515 2188 ad
544 2132 865 2190 Corinthios
895 2136 1146 2206 scriptae;
1180 2136 1258 2190 si-

200 2224 481 2295 gniﬁcans
512 2227 685 2281 veteri
737 2228 989 2282 instituto
1026 2235 1081 2283 et
1112 2229 1257 2282 anti-

200 2330 308 2383 qua
347 2316 755 2371 consuetudine
814 2332 1031 2388 semper
1080 2318 1254 2389 ipsam

201 2407 501 2476 epistolam
538 2408 737 2462 lectam
754 2424 878 2465 esse
900 2412 955 2463 in
985 2409 1253 2466 Ecclesia.

202 2496 453 2569 Denique
506 2500 589 2555 sic
637 2499 819 2556 dicit:
865 2501 1110 2567 Beatam,
1168 2502 1255 2558 in-

198 2590 341 2659 quit,
372 2589 630 2645 duximus
676 2592 983 2647 hodiernam
1011 2594 1254 2650 Domini—

198 2698 317 2735 eam
347 2682 518 2748 diem,
562 2684 620 2736 in
649 2702 754 2755 qua
812 2685 1028 2756 legimus
1058 2688 1255 2757 episto-

198 2772 306 2825 lam
333 2785 607 2839 vestram,
648 2793 809 2846 quam
852 2789 902 2832 et
948 2795 1148 2849 semper
1184 2781 1252 2834 ad

196 2869 372 2921 nostri
394 2872 860 2924 commonitionem
879 2872 1124 2941 legemus,
1151 2875 1255 2928 sic-

198 2968 256 3011 ut
302 2970 356 3013 et
386 2961 554 3014 illam
576 2964 808 3030 priorem
834 2981 865 3017 a
892 2962 1155 3020 Clemente
1178 2967 1252 3019 ad

198 3066 291 3103 nos
314 3054 604 3120 scriptam.

453 3184 650 3254 Ruﬁno
699 3187 1000 3268 interprete.

270 3302 462 3358 Utitur
485 3318 623 3359 sane
650 3307 939 3376 exemplis,
970 3309 1133 3362 etiam
1177 3326 1243 3364 ex

197 3394 285 3450 bis
321 3394 488 3449 libris
520 3395 616 3464 qui
650 3410 681 3447 a
705 3399 987 3451 nonnullis
1022 3400 1247 3456 minime

197 3485 503 3555 recipiendi
564 3484 865 3542 videntur:
902 3488 955 3542 id
994 3497 1077 3544 est
1104 3532 1119 3556 ,
1177 3507 1247 3546 ex

200 3574 489 3647 Sapientia
521 3591 643 3645 quae
666 3575 873 3632 dicitur
916 3577 1248 3649 Salomonis,

198 3674 251 3721 et
267 3684 334 3722 ex
360 3666 649 3737 Sapientia
684 3665 876 3722 Sirach
908 3685 1029 3739 qua:
1063 3672 1251 3740 appel-

1333 1636 1679 1705 ἐπιλέγοντος
1706 1635 1900 1689 ταῦτα.
1936 1635 2077 1708 Lege
2108 1633 2334 1689 NICEPH.
2356 1674 2371 1698 ,

1334 1725 1431 1781 lib.
1468 1741 1542 1789 tv,
1577 1740 1700 1795 cap.
1726 1726 1781 1782 5.

1425 1837 1582 1903 locu,
1618 1839 1773 1905 ibid.,
1811 1840 1905 1895 lib.
1943 1856 2015 1904 Iv,
2049 1854 2171 1910 cap.
2206 1838 2300 1893 25.

1410 1951 1499 2003 Ἐν
1533 1952 1670 2021 αὐτῇ
1702 1950 1757 2003 δὲ
1784 1950 1954 2021 ταύτῃ
1986 1951 2079 2004 καὶ
2105 1949 2207 2020 τῆς
2226 1949 2373 2020 Κλή-

1332 2061 1525 2116 μεντος
1570 2045 1708 2116 πρὸς
1741 2044 2059 2116 Κορινθίους
2100 2043 2370 2115 μέμνηται

1329 2137 1641 2209 ἐπιπολῆς,
1675 2137 1850 2208 δηλῶν
1881 2136 2144 2191 ἀνέκαθεν
2182 2135 2243 2200 ἐξ
2271 2137 2371 2208 ἁρ-

1328 2230 1481 2300 χαίου
1500 2228 1653 2291 ἔθους
1668 2229 1761 2281 ἐπὶ
1791 2228 1890 2299 τῆς
1923 2227 2246 2297 Ἐκκλησιας
2272 2225 2370 2297 τὴν

1326 2322 1632 2390 ἀνάγνωσιν
1673 2321 1845 2391 αὐτῆς
1876 2318 2164 2373 ποιεῖσθαι.
2208 2319 2370 2386 Λέγει

1328 2414 1494 2483 γοῦν
1547 2414 1667 2483 Τὴν
1710 2413 1978 2483 σήμερον
2017 2413 2131 2467 οὖν
2156 2416 2373 2480 Κυρια·

1325 2509 1445 2578 κήν
1485 2509 1662 2579 ἁγίαν
1706 2509 1937 2576 ἡμέραν
1975 2507 2333 2577 διηγάγομεν
2354 2546 2370 2570 ,

1324 2599 1442 2669 ἑνῇ
1476 2600 1894 2672 ἀνεγνώκαμεν
1920 2598 2086 2668 ὑμῶν
2110 2598 2225 2666 τὴν
2250 2600 2375 2651 ἐπι-

1323 2692 1558 2761 στολήν
1576 2711 1590 2724 °
1610 2692 1690 2762 ἢν
1702 2692 1920 2762 ἕξομεν
1948 2689 2041 2745 ἀεί
2060 2707 2203 2743 ποτε
2232 2692 2376 2745 ἁνα-

1324 2784 1721 2855 γινώσκοντες
1775 2782 2183 2839 νουθετεῖσθαι
2209 2821 2225 2845 ,
2294 2783 2375 2848 ὼς

1326 2877 1422 2929 καὶ
1450 2877 1563 2943 τὴν
1590 2874 1889 2943 προτέραν
1916 2872 2063 2942 ἡμῖν
2089 2872 2187 2926 διὰ
2215 2870 2373 2937 Κλή-

1318 2983 1539 3035 μεντος
1570 2965 1923 3035 γραφεῖσαν.
1957 2962 2099 3033 Lege
2120 2960 2370 3027 Nicspn.,

1321 3063 1417 3117 lib.
1450 3079 1525 3119 ιν.
1554 3078 1676 3134 cap.
1706 3062 1760 3117 8.

1433 3193 1588 3259 locu,
1619 3195 1777 3259 ibid.,
1810 3195 1904 3250 lib.
1938 3210 2011 3257 tv,
2042 3208 2163 3263 cap.
2200 3192 2286 3246 l5.

1389 3314 1671 3385 Κέχρηται
1715 3313 1759 3365 δ’
1802 3313 1860 3367 ἐν
1890 3313 2075 3375 αὐτοῖς
2103 3312 2197 3365 καὶ
2243 3312 2364 3370 ταῖς

1319 3405 1428 3458 ἀπὸ
1481 3406 1589 3458 τῶν
1654 3404 2082 3474 ἀντιλεγομένων
2138 3400 2365 3474 Γραφῶν

1326 3497 1681 3569 μαρτυρίαις
1717 3494 1817 3567 τῆς
1844 3514 1903 3549 τε
1931 3494 2228 3566 λεγομένης
2266 3495 2365 3547 Σο-

1321 3589 1595 3660 λομῶντος
1620 3587 1843 3659 Σοφίας,
1891 3588 1986 3642 καὶ
2029 3587 2131 3657 τῆς
2185 3584 2361 3657 Ἰησοῦ

1320 3680 1415 3733 τοῦ
1444 3678 1638 3750 Σιρὰχ,
1667 3677 1881 3748 καὶτῆς
1899 3677 2037 3749 πρὸς
2078 3676 2363 3749 Ἐὀραίους

2446 1633 2547 1698 dit,
2577 1647 2697 1703 quae
2722 1647 2844 1697 nos,
2876 1632 2923 1688 si
2951 1633 3151 1703 placet,
3179 1634 3491 1705 audimus,

2684 1838 2895 1893 Valesio
2914 1840 3214 1910 interprete.

2516 1950 2573 2006 lu
2620 1952 2725 2007 bac
2764 1953 2882 2022 ipsa
2920 1953 3085 2008 etiam
3132 1955 3363 2025 epistola
3398 1946 3499 2014 (ad

2446 2040 2717 2112 Soterem)
2760 2044 3011 2097 meminit
3037 2043 3353 2115 (Dionysius
3382 2046 3488 2101 Co-

2442 2134 2706 2204 rinthius)
2777 2133 3081 2190 Clementis
3134 2138 3380 2205 epistola
3419 2137 3487 2191 ad

2442 2227 2759 2282 Corinthios
2793 2227 3032 2296 scriptae,
3066 2242 3229 2297 quam
3254 2242 3317 2282 ex
3345 2228 3489 2299 pris-

2444 2332 2509 2371 ca
2537 2318 2939 2373 consuetudine
2971 2318 3024 2372 in
3084 2317 3331 2374 Ecclesia
3382 2320 3487 2391 legi

2446 2412 2661 2466 solitam
2694 2428 2817 2467 esse
2873 2419 3110 2467 testatur
3136 2412 3223 2468 his
3254 2413 3435 2468 verbis
3469 2430 3483 2467 :

2450 2502 2644 2567 Hodie,
2673 2504 2875 2574 inquit,
2901 2520 3113 2557 sacrum
3138 2502 3277 2557 diem
3309 2503 3491 2557 Domi-

2448 2595 2622 2647 nicum
2650 2595 3022 2665 transegimus,
3056 2593 3112 2645 in
3145 2610 3247 2663 quo
3291 2595 3483 2663 episto-

2449 2688 2553 2741 lam
2572 2698 2795 2742 vestram
2813 2689 3054 2759 legimus,
3101 2704 3258 2759 quam
3274 2688 3486 2758 quidem

2443 2791 2689 2848 perpetuo
2712 2781 2951 2849 deinceps
2976 2779 3199 2849 legentes
3216 2820 3230 2843 ,
3265 2778 3483 2849 perinde

2445 2888 2507 2925 ac
2531 2872 2759 2941 priorem
2792 2872 2944 2925 illam
2984 2871 3132 2925 nobis
3158 2888 3191 2924 a
3218 2869 3485 2925 Clemente

2445 2963 2698 3032 scriptam
2720 2962 3019 3032 epistolam,
3052 2962 3267 3031 optimis
3293 2978 3487 3031 prace-

2442 3054 2544 3117 ptis
2570 3069 2631 3105 ac
2655 3054 2979 3107 documentis
3071 3051 3480 3106 abundabimus.

2732 3185 2941 3239 Valesio
2970 3186 3267 3255 interprete.

2512 3304 2570 3359 ln
2590 3303 2782 3361 iisdem
2815 3304 2970 3360 libris
2996 3302 3373 3377 (Stromateis)
3398 3305 3483 3360 af-

2439 3398 2544 3452 l‘ert
2568 3396 2843 3459 (Clemens
2868 3394 3295 3467 Alexandrinus)
3327 3399 3482 3452 testi-

2440 3486 2628 3541 monia
2660 3486 3071 3557 Scripturarum
3107 3501 3229 3557 quae
3257 3501 3289 3541 a
3336 3502 3478 3543 non-

2444 3583 2612 3638 nullis
2636 3582 3030 3652 repudiantur:
3062 3597 3258 3653 nempe
3276 3597 3341 3637 ex
3374 3580 3481 3638 Sa-

2444 3675 2647 3745 pientia
2679 3689 2801 3745 quas
2824 3674 3028 3729 dicitur
3048 3673 3380 3738 Salomonis.
3423 3687 3480 3731 et

198 3759 341 3813 tatur
370 3759 799 3815 Ecclesiasticus
829 3762 968 3830 apud
996 3760 1242 3819 Latinos:
1332 3769 1672 3840 Ἐπιστολῆς,
1715 3770 1815 3840 τῆς

1901 3768 2227 3839 εΒαρνάόα,
2269 3770 2363 3823 καὶ
2436 3780 2505 3819 cx
2567 3763 2846 3835 Sapientia
2904 3762 3035 3819 Jesu
3106 3762 3202 3817 lilii
3244 3761 3475 3833 Sirach;

196 3853 291 3906 sed
322 3862 382 3907 et
434 3852 504 3908 de
544 3852 829 3919 Barnabaa,
859 3861 914 3910 et
947 3855 1246 3914 Clementis
1318 3862 1655 3935 Κλήμεντος,
1700 3862 1795 3915 καὶ

1901 3860 2044 3914 ούδα.
2092 3856 2314 3917 NICEPII.
2341 3904 2357 3930 ,
2433 3863 2562 3916 item
2599 3876 2668 3915 ex
2712 3860 2957 3930 Epistola
2998 3860 3066 3915 ad
3109 3858 3393 3925 llebmos,
3420 3866 3478 3914 et

194 3946 431 4015 epistola
459 3945 618 4017 ponit
652 3948 921 4017 exempla.

1317 3952 1412 4008 lib.
1440 3967 1513 4018 tv,
1538 3968 1657 4023 cap.
1688 3953 1775 4008 35.

1811 4125 1878 4182 ν.

2432 3968 2498 4007 ex
2529 3951 2808 4019 Barnabas,
2840 3952 3161 4018 Clementis,
3215 3951 3478 4022 Judaeque

2430 4042 2699 4113 epistolis.

1018 4236 1291 4294 CvnILLus
1317 4236 1865 4308 llierosolymitanus,
1894 4235 2185 4297 Cateclies.
2218 4259 2374 4313 xvm,
2402 4260 2523 4317 cap.
2565 4246 2621 4312 8,

1354 4331 1485 4386 edit.
1516 4328 1721 4395 Paris.,
1756 4330 1920 4397 1720,
1953 4348 2077 4404 pag.
2101 4335 2228 4401 288,
2258 4335 2320 4391 ι).

262 4446 431 4521 mea
472 4445 605 4509 Θεὸς
632 4445 741 4499 τῶν
775 4445 1079 4518 ἀνθρώπων
1119 4446 1216 4518 τὴν
1243 4446 1522 4509 ἀπιστίαν,
1553 4446 1648 4499 καὶ
1696 4446 1791 4518 δρ-
1821 4454 1844 4509 ι

1964 4447 2204 4504 Noverat
2226 4449 2372 4507 Deus
2422 4451 2565 4507 hanc
2588 4452 2869 4507 hominum
2907 4454 2963 4507 in
2991 4452 3266 4509 credendo
3290 4457 3473 4525 pervi-

196 4556 315 4592 νεον
331 4541 414 4602 εἰς
431 4536 589 4591 τοῦτο
603 4539 1026 4611 κατειργάσατο,
1047 4540 1261 4609 φοίνικα
1272 4538 1414 4593 οὕτω
1428 4539 1783 4610 καλούμενον.

197 4632 393 4696 Τοῦτο,
447 4631 524 4695 ὼς
553 4632 756 4703 γράφει
786 4631 1037 4703 Κλήμης,
1086 4633 1181 4685 καὶ
1210 4632 1483 4704 ἱστοροῦσι
1515 4632 1784 4696 πλείονες,

199 4724 493 4796 μονογενὲς
512 4723 777 4795 ὑπάρχον,
792 4724 935 4777 κατά
950 4724 1047 4795 τὴν
1061 4725 1370 4792 Αἰγυπτίων
1400 4723 1582 4795 χώραν
1612 4726 1669 4779 ὲν
1690 4742 1785 4777 πε-

1894 4541 2126 4606 caciam,
2159 4548 2323 4613 atque
2352 4542 2419 4597 ad
2448 4544 2500 4597 id
2554 4560 2709 4599 avem
2753 4546 3114 4615 comparavit,
3158 4547 3468 4617 pbmuicem

1895 4636 2245 4706 appellatam.
2276 4635 2422 4702 Haec,
2457 4645 2515 4692 ut
2558 4638 2749 4694 scribit
2778 4638 3054 4701 Clemens,
3084 4639 3286 4709 aliique
3313 4654 3467 4694 com-

1895 4729 2082 4797 plures
2127 4739 2375 4791 narrant,
2409 4745 2536 4785 cum
2580 4731 2653 4786 sit
2690 4730 2948 4801 unigena,
2980 4731 3035 4784 in
3086 4729 3468 4803 Egyptiorum

198 4816 394 4887 ριόδοις
449 4816 822 4869 πεντακοσίων
867 4815 1003 4870 ἐτῶν
1047 4815 1361 4888 ἐρχόμενον,
1406 4816 1643 4869 δείκνυσι
1686 4814 1783 4887 τὴν

1901 4820 2171 4890 regionem
2218 4821 2533 4890 quingentis
2575 4819 2887 4890 quibusque
2938 4819 3101 4874 annis
3148 4819 3466 4884 adveniens,

195 4908 517 4962 ἀνάστασιν·
567 4907 668 4960 οὐκ
709 4908 767 4960 ἐν
799 4908 1031 4979 ἐρήμοις
1071 4908 1275 4972 τόποις,
1308 4909 1394 4961 ἵνα
1427 4908 1502 4980 μὴ
1542 4908 1780 4981 ἀγνοηθῇ

1901 4910 2354 4965 resurrectionem
2382 4910 2621 4967 ostendit
2656 4928 2669 4965 :
2709 4925 2821 4963 non
2849 4909 2903 4964 in
2932 4908 3167 4965 desertis
3195 4910 3352 4974 locis,
3398 4924 3470 4965 ne

197 5001 254 5052 τδ
283 5000 588 5071 μυστήριον
615 4998 916 5069 γινόμενον,
946 4999 1059 5052 ἀλλ’
1093 5001 1150 5053 ἐν
1182 5003 1394 5073 φανερᾷ
1422 5002 1573 5055 πόλει
1603 5019 1786 5075 παρα-

1891 5016 1982 5055 res
2005 5001 2097 5054 illa
2134 5000 2454 5071 mysterium
2489 5000 2653 5064 facta,
2680 5001 2902 5066 lateret;
2928 4999 3021 5054 sed
3049 5000 3104 5055 in
3135 5001 3270 5056 urbe
3331 5013 3467 5055 con-

196 5091 509 5161 γενόμενον,
555 5090 641 5143 ἶνα
688 5090 983 5162 ψηλαφηθῇ
1029 5091 1091 5144 τὸ
1128 5093 1547 5163 ἀπιστούμενον.
1606 5094 1783 5165 Σηκὸν

1901 5096 2073 5167 spicua
2088 5104 2409 5165 praesentem
2440 5112 2501 5152 se
2528 5098 2757 5160 sistens,
2800 5102 2860 5149 ut
2900 5110 3065 5149 manu
3097 5102 3468 5150 contrectatur

195 5184 300 5255 γάρ
324 5183 511 5254 ἐαυτῷ
540 5184 772 5254 ποιῆσαν
801 5185 867 5237 ὲκ
892 5184 1110 5238 λιὸἀνου
1140 5187 1234 5238 καὶ
1275 5187 1540 5259 σμύρνης,
1564 5188 1658 5240 καὶ
1674 5187 1785 5240 λοι-

196 5277 311 5329 πῶν
355 5278 694 5349 ἀρωμάτων,
737 5279 832 5331 καὶ
861 5279 920 5331 ὲν
960 5281 1027 5349 τῇ
1071 5279 1462 5351 συμπληρώσει
1493 5281 1602 5334 τῶν
1645 5278 1783 5331 ἐτῶν

193 5372 269 5432 εἰς
314 5370 511 5423 τοῦτον
555 5370 812 5433 εἰσελθὸν,
841 5370 1064 5442 τελευτᾷ
1104 5372 1352 5443 φανερῶς
1381 5374 1475 5426 καὶ
1515 5374 1780 5444 σήπεται’

193 5456 310 5515 εἶτα
359 5464 429 5515 ἐκ
477 5462 581 5532 τῆς
630 5464 894 5533 σαπείσης
942 5462 1145 5534 σαρκὸς
1184 5462 1280 5516 τοῦ
1323 5463 1741 5536 τελευτήσαντος
1763 5502 1779 5528 ,

196 5552 414 5623 σκώληξ
438 5570 524 5621 τις
551 5557 827 5622 γεννᾶταιο
858 5555 953 5607 καὶ
996 5546 1151 5617 οὗτος
1180 5554 1454 5625 αὐξηθεὶς,
1489 5557 1569 5619 εις
1596 5555 1782 5627 ὄρνεον

198 5644 524 5718 μορφοῦται.
573 5644 879 5719 Paucisque
908 5644 1247 5717 interiectis:
1295 5643 1429 5703 Εἶτα
1472 5650 1781 5722 πτεροφυή-

1891 5187 2037 5257 quod
2068 5187 2273 5258 alioqui
2310 5186 2469 5242 ﬁdem
2506 5202 2616 5242 non
2645 5186 2939 5242 inveniret.
2966 5185 3299 5241 Constructo
3319 5184 3467 5239 enim

1891 5279 1999 5335 sibi
2019 5296 2086 5335 ex
2114 5280 2298 5346 thure,
2336 5279 2558 5349 myrrha
2583 5281 2907 5347 ueterisque
2937 5276 3274 5331 aromatibus
3310 5272 3462 5336 nido,

1892 5372 1949 5427 in
1980 5372 2128 5427 hunc
2155 5373 2372 5442 expleto
2400 5386 2671 5426 annorum
2701 5372 2982 5427 curriculo
3008 5368 3322 5439 ingrediens
3340 5381 3463 5421 mo—

1890 5468 2031 5522 ritur
2077 5464 2253 5535 palam
2307 5478 2374 5518 ac
2430 5463 2717 5533 putrescit.
2778 5462 2983 5519 Deinde
3039 5477 3105 5516 ex
3159 5457 3464 5530 putrefacta

1888 5565 2123 5612 mortuae
2162 5552 2280 5609 avis
2310 5567 2477 5607 carne
2505 5551 2710 5607 vermis
2740 5552 2961 5622 quidam
2993 5552 3310 5618 enascitur;
3344 5548 3464 5603 hic-

1888 5662 1995 5719 que
2026 5651 2379 5718 augmentum
2399 5644 2645 5717 capiens,
2682 5642 2737 5698 iu
2760 5644 3036 5699 volucrem
3062 5639 3459 5697 conformatur.
