3936 6172
398 249 467 304 59
1526 247 1616 302 AD
1659 248 1718 304 S.
1761 246 1963 302 CLEMl

2073 249 2187 304 ΓΕΜ
2225 252 2246 306 Ῑ
2284 251 2517 308 ΡΑΡΛΜ
3581 262 3648 312 ιι)

400 377 499 423 σας
540 359 569 411 6
618 357 1016 429 προειρημένος
1060 357 1253 429 φοῖνιξ,
1294 358 1393 411 καὶ
1437 358 1639 423 τέλειος
1674 352 1785 422 οἶος
1837 354 1906 432 ἦν
1950 361 1963 411 l

2086 362 2383 437 Paucisque
2434 367 2720 437 interjectis
2764 384 2782 422 :

2840 368 3041 427 Postea
3094 372 3313 441 phmnix
3356 376 3651 444 praedictus

396 452 682 525 πρότερος,
716 450 891 521 φοῖνιξ
936 451 1241 522 γενόμενος,
1282 452 1573 505 ἀνίπταται
1612 451 1853 514 τοιοῦτος
1898 453 1963 515 εἰς

2082 452 2393 523 plumescit,
2425 455 2830 528 perfectusque,
2860 460 3040 530 qualis
3071 470 3192 516 erat
3216 462 3390 532 prior,
3431 466 3649 534 phoenix

395 545 533 616 ἀέρα
554 583 569 607 ,
612 539 729 607 οἷος
777 544 872 597 καὶ
919 540 1320 614 ἐτετελευτήκει
1366 543 1710 615 σαφεστάτην
1765 542 1974 614 νεκρῶν

392 637 689 691 ἀνάστασιν
718 635 1027 708 ἀνθρώποις
1053 636 1344 700 ἐπιδείξας.

2080 543 2279 611 factus,
2310 545 2365 599 in
2394 559 2521 600 aera
2544 547 2669 602 talis
2698 549 2900 614 avolat,
2938 552 3117 621 qualis
3150 560 3271 607 erat
3319 569 3443 607 cum
3475 572 3654 610 more-

2076 644 2251 699 retur,
2299 636 2767 694 evidentissimam
2805 649 3147 696 mortuorum
3190 646 3649 701 resurrectionem

2076 723 2391 782 hominibus
2415 736 2720 787 ostentans.
2748 729 2920 799 Epist.
2950 732 3001 798 1,
3026 749 3146 803 cap.
3174 732 3265 790 25.

1978 818 2065 874 Vi.

1170 914 1521 977 EPIPHANIUS,
1546 914 1766 968 Advers.
1806 910 2223 981 Carpocrasios,
2257 912 2463 970 Haeresi
2491 915 2581 983 27,
2608 934 2759 975 num.
2809 919 2875 989 6.,

464 1010 627 1078 Λέγει
654 1009 766 1081 γὰρ
797 1010 855 1063 ἐν
890 1011 989 1081 μιᾷ
1015 1008 1123 1062 τῶν
1152 1007 1452 1062 ἐπιστολῶν
1481 1006 1645 1060 αὑτοῦ
1665 1024 1678 1037 ’
1726 1008 1981 1073 Ἀναχω-

2156 1005 2294 1061 Dicit
2318 1009 2462 1062 enim
2492 1008 2788 1081 (Clemens)
2816 1012 2869 1065 in
2900 1027 3007 1066 una
3021 1012 3376 1083 epistularum
3404 1028 3650 1069 suarum:

384 1103 493 1173 ρῶ,
518 1104 740 1174 ἄπειμι,
763 1103 817 1156 ἐι
834 1101 1108 1168 σταθήτω
1128 1105 1160 1155 ό
1178 1102 1329 1166 λαὸς
1356 1099 1461 1154 τοῦ
1484 1100 1653 1153 Θεοῦ·
1686 1099 1797 1152 τισὶ
1822 1097 1963 1151 τοῦτ‹

2080 1096 2301 1162 Recedo,
2333 1099 2481 1164 abeo,
2516 1103 2673 1156 instet
2732 1103 2957 1171 populus
3005 1103 3133 1166 Dei;
3180 1106 3459 1160 nonnullis
3501 1105 3651 1158 vidc-

395 1196 805 1268 συμϐουλεύων·
851 1195 1085 1267 εὕρομεν
1125 1192 1233 1265 γάρ
1276 1192 1333 1247 ἐν
1375 1207 1518 1245 τισιν
1561 1192 1977 1262 ὑπομνηματισ-

396 1291 517 1359 μοῖς
544 1287 700 1341 τοῦτο
721 1287 1055 1358 ἐγκείμενον.

3030 1210 3157 1249 nam
3210 1195 3265 1249 in
3324 1192 3649 1265 quibusdam

2076 1282 2490 1338 commentariis
2543 1282 2618 1337 ita
2666 1285 2930 1354 scriptum
2991 1285 3318 1356 reperimus.
3374 1284 3545 1357 Epist.
3596 1285 3647 1347 1,

2074 1388 2196 1442 cap.
2222 1374 2310 1428 54.

2076 1189 2206 1243 licet
2254 1190 2358 1244 hoc
2409 1193 2572 1247 modo
2613 1194 2910 1248 consulens
2960 1212 2976 1249 :

1334 1488 1488 1551 lusu,
1513 1487 1732 1541 Advers.
1771 1482 2071 1545 Ebionceos,
2096 1480 2299 1539 llaeresi
2326 1484 2416 1551 50,
2455 1500 2609 1540 num.
2644 1486 2730 1542 15.

463 1586 634 1651 Αύτδς
666 1585 899 1658 Κλήμης
929 1584 1127 1648 αὐτοὺς
1157 1582 1297 1637 κατά
1327 1581 1504 1635 πάντα
1533 1578 1742 1648 ἐλέγχει
1770 1575 1863 1645 ἀφ’
1896 1568 1971 1627 ὧν

390 1665 623 1753 ἔγραψεν
665 1676 965 1753 ἐπιστολῶν
1011 1675 1335 1745 ἐγκυκλίων,
1376 1672 1483 1727 τῶν
1526 1672 1589 1723 ἐν
1621 1671 1741 1732 ταῖς
1787 1666 1969 1736 ἁγίαις

391 1751 741 1841 Ἐκκλησίαιξ
772 1764 1314 1837 ἀναγινωσκομένων,
1353 1764 1433 1817 ὃτι
1462 1762 1619 1819 ἄλλον
1652 1763 1764 1833 ἐχει
1791 1780 1965 1834 χαρα-

384 1868 563 1938 κτῆρα
591 1868 623 1936 ἡ
652 1860 843 1917 ἐαυτοῦ
893 1858 1074 1922 πίστις
1107 1858 1203 1912 καὶ
1235 1858 1263 1910 6
1296 1856 1485 1925 λόγος,
1547 1854 1699 1927 παρὰ
1744 1854 1813 1909 τὰ
1858 1854 1965 1907 ὑπὸ

383 1956 587 2012 τούτων
620 1957 699 2019 είς
728 1953 897 2025 ὄνομα
920 1949 1082 2005 αὑτοῦ
1121 1951 1180 2002 ἐν
1207 1951 1328 2012 ταῖς
1368 1945 1673 2016 Περιόδοις
1716 1945 1963 2001 νενοθευ-

387 2050 523 2121 μένα
547 2065 560 2079 ⁸
590 2047 752 2110 αὐτὸς
780 2044 888 2118 γὰρ
922 2041 1218 2115 παρθενίαν
1243 2040 1526 2103 διδάσκει,
1567 2038 1662 2092 καὶ
1700 2038 1855 2092 αὐτοὶ
1902 2038 1963 2092 οὗ

382 2137 658 2208 δέχονται·
690 2135 851 2198 αὐτὸς
877 2132 988 2205 γὰρ
1020 2130 1357 2201 ἐγκωμιάζει
1394 2128 1613 2194 Ἠλίαν,
1658 2129 1752 2183 καὶ
1775 2129 1962 2187 Δαϐὶδ.

387 2226 482 2278 καὶ
525 2225 784 2297 Σαμψὼν,
817 2227 912 2280 καὶ
942 2226 1152 2288 πάντας
1182 2225 1309 2287 τοὺς
1338 2222 1646 2294 προῳήτας,
1687 2215 1781 2279 οὓς
1819 2209 1964 2266 οὗτοι

389 2314 776 2387 βδελύττονται.

2149 1573 2404 1631 Clemens
2449 1576 2564 1648 ipse
2628 1580 2882 1635 omnibus
2922 1580 3044 1636 illos
3091 1578 3421 1651 (Ehionzeos)
3466 1579 3646 1634 modis

2078 1664 2355 1737 redarguit
2383 1668 2450 1723 iis
2480 1670 2729 1739 epistolis
2762 1672 3145 1735 circularibus,
3175 1688 3295 1740 qua:
3320 1671 3388 1725 ab
3414 1686 3480 1726 eo
3506 1672 3649 1727 scri-

2074 1764 2176 1827 pta:
2225 1759 2281 1813 in
2331 1763 2703 1818 sacrosanctis
2733 1764 2995 1820 Ecclesiis
3034 1764 3305 1834 leguntur.
3335 1762 3416 1816 Ex
3442 1762 3644 1831 quibus

2072 1858 2310 1913 constat,
2347 1852 2504 1924 longe
2549 1855 2622 1909 ab
2670 1854 2738 1910 iis
2783 1869 2906 1925 quae
2950 1855 3007 1909 in
3037 1850 3359 1908 Circuitibus
3403 1853 3512 1907 illis
3538 1852 3643 1907 sub

2073 1940 2194 2009 ejus
2224 1944 2448 1999 nomine
2480 1945 2788 2001 adulterina
2814 1954 3053 2011 exstant,
3085 1946 3231 2001 illius
3256 1944 3416 2001 ﬁdem
3440 1960 3505 1998 ac
3526 1959 3641 1999 ser-

2076 2048 2290 2088 monem
2338 2036 2708 2094 abhorruisse.
2735 2037 2950 2099 Etenim
2980 2038 3345 2109 virginitatem
3387 2036 3639 2090 Clemens

2070 2124 2313 2190 edocuit,
2338 2136 2396 2182 et
2420 2128 2511 2184 isti
2547 2131 2875 2199 repudiant:
2916 2128 3007 2185 ille
3054 2128 3248 2195 Eliam,
3280 2126 3536 2182 Davidem
3584 2133 3638 2180 et

2071 2210 2427 2283 Sampsonem
2452 2232 2752 2289 omnesque
2781 2218 3076 2289 prophetas
3098 2216 3475 2282 commendat,
3498 2230 3637 2286 quos

2068 2298 2122 2352 hi
2155 2299 2520 2361 detestantur.

1940 2432 2057 2488 Vll.

849 2540 1219 2606 Hisnonrnus,
1258 2542 1363 2597 lib.
1398 2540 1470 2595 De
1491 2538 1614 2593 viris
1635 2533 1956 2592 illustribus,
1990 2541 2112 2597 cap.
2146 2527 2235 2594 15,
2270 2545 2395 2586 cum
2427 2542 2608 2589 vetere
2639 2533 2827 2591 Graaco
2857 2536 3179 2607 interprete.

458 2622 728 2697 Κλήμης,
770 2626 901 2698 περὶ
926 2621 989 2681 οὗ
1025 2627 1236 2694 Παῦλος
1259 2631 1287 2683 6
1337 2630 1655 2697 Ἀπὸστολος
1689 2634 1825 2706 πρὸς
1871 2636 1963 2690 Φι-

2135 2618 2409 2686 Clemens,
2440 2624 2508 2679 de
2534 2641 2641 2695 quo
2670 2628 2952 2696 apostolus
2998 2627 3200 2684 Paulus
3222 2628 3290 2683 ad
3324 2627 3638 2701 Philippen-

385 2713 713 2788 λιππησίους
757 2719 1005 2788 γράφων,
1037 2718 1185 2788 λέγει
1207 2736 1222 2750 ⁸
1249 2723 1412 2777 Μετὰ
1447 2721 1548 2777 καὶ
1587 2723 1963 2795 Κλήμεντος,

2073 2727 2155 2767 ses
2204 2714 2303 2784 (Iv,
2335 2716 2389 2786 '5)
2422 2718 2670 2773 scribens
2717 2720 2790 2773 ait
2832 2720 3007 2774 :Cum
3049 2720 3311 2775 Clemente
3340 2730 3388 2775 et
3427 2726 3634 2778 cwteris

384 2806 530 2871 κτλ.,
567 2808 827 2881 τέταρτος
857 2811 994 2881 μετά
1016 2812 1220 2884 Πέτρον
1253 2813 1468 2886 Ῥώμης
1495 2816 1819 2882 ἐπίσκοπος·
1848 2819 1963 2873 δεύ-

2073 2807 2487 2873 :ooperatoribus
2519 2809 2667 2873 meis,
2695 2826 2916 2880 quorum
2944 2813 3157 2865 nomina
3179 2814 3377 2881 scripta
3406 2822 3530 2865 sunt
3579 2814 3635 2866 in

381 2913 540 2969 τερος
571 2896 680 2969 γὰρ
712 2900 869 2963 Δῖνος
899 2900 1134 2969 ἐγένετο,
1169 2902 1350 2973 τρίτος
1390 2904 1766 2977 Ἀνέγκλητος,
1802 2909 1851 2961 εἰ
1873 2912 1963 2963 καὶ¹

2073 2892 2196 2944 libro
2224 2893 2341 2946 vita:
2375 2909 2394 2947 :
2436 2902 2665 2963 quartus
2693 2905 2818 2964 post
2833 2895 3053 2951 Petrum
3090 2896 3274 2952 Romae
3300 2899 3631 2970 episc0pus:

382 2989 567 3043 πολλοὶ
590 2989 699 3043 τῶν
750 2990 1033 3062 Ῥωμαίων
1056 2992 1518 3063 ὑπολαμϐάνουσι,
1544 2996 1793 3069 δεύτερον
1825 3000 1962 3070 μετὰ

2073 2982 2331 3052 siquidem
2366 2986 2648 3041 secundus
2687 2985 2859 3043 Linus
2891 2988 3014 3051 fuit,
3060 2989 3255 3044 tertius
3298 2990 3629 3059 Anacletus;

379 3084 471 3136 τὸν
503 3082 798 3136 ἀπόστολον
828 3084 1031 3156 Πέτρον
1060 3085 1386 3156 γεγενῆσθαι
1409 3088 1721 3159 Κλήμεντα.
1763 3093 1963 3165 Ἔγρα-

2073 3074 2278 3129 tametsi
2306 3075 2551 3145 plerique
2567 3075 2908 3143 Latinorum,
2934 3078 3234 3133 secundum
3265 3089 3388 3150 post
3409 3079 3631 3136 Petrum

376 3174 477 3245 ψεν
510 3177 576 3229 ἐκ
616 3174 908 3248 προσώπου
942 3178 1042 3248 τῆς
1085 3177 1412 3248 Ἐκκλησίας
1452 3179 1671 3253 Ῥώμης
1699 3183 1834 3254 πρὸς
1866 3184 1963 3257 τὴν

2073 3167 2369 3235 apostolum
2431 3174 2625 3237 putent
2664 3168 2837 3224 fuisse
2886 3169 3238 3224 Clementem.
3294 3169 3528 3241 Scripsit
3560 3187 3631 3226 ex

377 3269 437 3324 ἐν
464 3268 715 3341 Κορίνθῳ
756 3268 1082 3341 Ἐκκλησίαν
1116 3269 1403 3340 ἐπιστολὴν
1438 3272 1579 3325 πάνυ
1604 3272 1921 3347 θαυμαστὴν
1944 3315 1961 3341 ,

2073 3276 2292 3330 persona
2324 3260 2584 3316 Romana:
2608 3261 2865 3317 Ecclesia:
2902 3264 2967 3316 all
2992 3262 3291 3318 Ecclesiam
3323 3263 3633 3318 Corinthio-

375 3360 500 3432 ἥτις
534 3364 591 3415 ἐν
620 3364 872 3433 φανεροῖς
894 3362 1079 3425 τόποις
1111 3361 1346 3435 δημοσίᾳ
1393 3363 1852 3434 ἀναγινώσκεται,
1886 3366 1963 3437 τῷ

2073 3367 2177 3405 fum
2199 3352 2357 3407 valde
2386 3353 2573 3408 utilem
2605 3353 2917 3424 epistolam,
2942 3369 3064 3424 qua:
3085 3362 3139 3409 et
3167 3355 3221 3408 in
3247 3356 3525 3409 nonnullis
3549 3355 3630 3409 lo-

376 3456 688 3526 χαρακτῆρι
730 3455 828 3526 τῆς
874 3455 1011 3527 πρὸς
1055 3455 1338 3527 Ἐϐραίους
1380 3457 1698 3529 Ἐπιστολῆς
1747 3458 1961 3512 Παύλου

2073 3443 2138 3499 :is
2191 3445 2409 3516 publice
2455 3446 2672 3517 legitur,
2699 3462 2821 3516 quae
2868 3446 3000 3500 mihi
3059 3446 3275 3501 videtur
3326 3446 3630 3501 characteri

378 3547 698 3618 συνᾴδουσα,
732 3546 794 3600 οὐ
819 3547 977 3617 μόνον
1005 3548 1290 3618 νοήμασιν,
1326 3548 1464 3603 ἀλλὰ
1491 3551 1586 3604 καὶ
1615 3550 1815 3619 λόγοις.
1851 3552 1963 3607 Καὶ

2073 3532 2323 3605 Epistolae,
2343 3553 2463 3607 quae
2488 3539 2590 3592 sub
2617 3537 2769 3591 Pauli
2802 3539 3022 3593 nomine
3050 3539 3116 3593 ad
3144 3538 3398 3594 Hebraeos
3428 3538 3627 3603 fertur,

379 3635 564 3697 ἁπλῶς
596 3634 824 3705 μεγίστη
866 3634 1015 3686 ἐστὶν
1044 3634 1101 3688 ἐν
1134 3634 1371 3705 ἑκατέρᾳ.
1415 3634 1689 3704 ὁμοίωσις.
1731 3634 1956 3705 Φέρεται

377 3726 472 3778 καὶ
514 3725 675 3796 ἐτέρα
723 3724 784 3790 ἐξ
836 3725 1099 3796 ὀνόματος
1140 3724 1305 3778 αὐτοῦ
1346 3719 1487 3777 εἶναι
1525 3724 1802 3796 ἐπιστολὴ,
1835 3727 1957 3797 ἥτις

377 3814 530 3887 παρά
562 3815 778 3869 πάντων
804 3816 1285 3887 άποδοκιμάζεται.
1334 3816 1445 3869 Καὶ
1471 3815 1715 3884 διάλογος
1746 3816 1953 3887 Πέτρου

376 3907 471 3959 καὶ
513 3906 773 3969 Ἀπίωνος
816 3906 1011 3979 μακρῷ
1038 3905 1181 3977 λόγῳ
1219 3909 1563 3974 συνταγεῖσα,
1606 3908 1793 3978 ἥντινα
1848 3908 1954 3961 Εὑ-

374 3983 553 4048 σέϐιος
589 3982 803 4038 εὐθύνει
845 3986 905 4039 ἐν
931 3985 1009 4057 τῷ
1040 3984 1209 4057 τρίτῳ
1264 3983 1366 4055 τῆς
1420 3984 1958 4055 Ἐκκλησιαστικῆς

369 4077 639 4145 ἱστορίας
670 4076 869 4148 τεύχει.
893 4077 1130 4149 Τελευτᾷ
1154 4077 1233 4148 τῷ
1260 4077 1429 4150 τρίτῳ
1471 4079 1704 4150 ἐνιαυτῷ
1747 4079 1957 4149 Τραϊα-

373 4167 486 4232 νοῦ,
510 4168 603 4222 καὶ
629 4167 729 4240 τὴν
744 4166 932 4222 τούτου
958 4171 1175 4241 μνήμην
1195 4171 1323 4243 ἄχρι
1337 4171 1575 4243 τήμερον
1586 4171 1652 4241 ,ἐν
1669 4171 1737 4242 τῇ
1767 4168 1955 4243 Ῥώμῃ

374 4262 791 4335 οἰκοδομηθεῖσα
825 4261 1090 4333 ἐκκλησία
1121 4262 1406 4333 φυλάττει.

2053 3629 2369 3685 convenire.
2402 3627 2508 3683 Sed
2538 3636 2591 3684 et
2643 3630 2828 3685 multis
2855 3631 2923 3685 de
2978 3630 3167 3685 eadem
3210 3631 3461 3701 epistola,
3514 3646 3629 3684 non

2055 3720 2229 3775 solum
2252 3721 2526 3787 sensibus,
2552 3720 2648 3776 sed
2662 3720 2817 3790 juxta
2835 3722 3123 3776 verborum
3142 3737 3358 3792 quoque
3376 3719 3626 3775 ordinem

2053 3812 2314 3865 abutitur.
2341 3811 2577 3867 Omnino
2597 3813 2818 3883 grandis
2850 3813 2903 3867 in
2936 3822 3168 3883 utraque
3196 3812 3495 3867 similitudo
3517 3820 3622 3866 est.

2051 3904 2245 3959 Fertur
2273 3911 2327 3959 et
2368 3904 2607 3960 secunda
2629 3905 2748 3974 ejus
2773 3906 2992 3960 nomine
3018 3905 3273 3974 epistola,
3309 3920 3429 3975 qua:
3472 3920 3501 3957 a
3527 3918 3625 3956 vc-

2053 4000 2261 4053 tcribus
2300 3999 2644 4068 reprobatur.
2688 3997 2753 4051 Et
2798 3999 3093 4067 disputatio
3125 3996 3275 4052 Petri
3305 4005 3359 4052 et
3395 3996 3627 4066 Apionis

2050 4091 2211 4159 longo
2239 4106 2491 4145 sermone
2525 4091 2856 4160 conscripta,
2879 4106 3040 4159 quam
3069 4089 3340 4145 Eusebius
3372 4089 3425 4142 in
3457 4089 3624 4142 tertio

2053 4178 2311 4236 Historia
2349 4183 2720 4240 ecclesiastica:
2753 4185 3028 4239 volumine
3047 4184 3311 4253 coarguit.
3346 4181 3490 4238 Obiit
3510 4189 3625 4234 ter-

2049 4275 2126 4331 tio
2154 4274 2375 4343 Trajani
2404 4290 2568 4339 anno,
2593 4282 2647 4328 et
2674 4275 2910 4329 nominis
2932 4276 3050 4344 ejus
3082 4276 3401 4331 memoriam
3444 4288 3623 4343 usque

2048 4367 2211 4422 hodie
2243 4366 2428 4422 Romae
2462 4374 2737 4422 exstructa
2791 4367 3025 4422 ecclesia
3051 4368 3310 4422 custodit.

1390 4473 1543 4541 lusu,
1567 4477 1664 4534 lib.
1692 4494 1709 4532 ι
1736 4481 1940 4542 advers.
2003 4484 2367 4547 Jovinianum,
2400 4496 2521 4552 cap.
2548 4481 2600 4538 7.

442 4562 520 4617 Ad
546 4565 647 4620 hos
678 4563 1008 4638 (eunuchos)
1033 4576 1087 4625 et
1116 4569 1369 4625 Clemens
1397 4585 1690 4628 successor
1711 4580 1944 4645 apostoli
1970 4579 2138 4644 Petri,
2171 4578 2330 4647 cujus
2352 4575 2556 4629 Paulus
2578 4574 2858 4644 apostolus
2912 4574 3159 4629 meminit
3195 4571 3415 4643 (Philip.
3448 4587 3522 4636 tv,
3555 4571 3615 4641 ’5)

368 4653 565 4709 Scribit
583 4653 872 4723 epistolas,
908 4670 1237 4727 omnemque
1266 4672 1405 4727 pene
1422 4672 1729 4715 sermonem
1754 4678 1913 4718 suum
1937 4667 2005 4721 de
2026 4666 2360 4738 virginitatis
2381 4663 2619 4735 puritate
2644 4664 2945 4718 contexuit.

1396 4746 1551 4812 lusu,
1580 4751 1676 4805 lib.
1708 4768 1801 4807 xw
1832 4754 2127 4813 Comment.
2152 4757 2207 4809 in
2234 4755 2349 4811 Isa.
2381 4768 2479 4817 LII,
2506 4753 2595 4807 15.

437 4838 689 4895 Clemens
744 4837 829 4891 vir
873 4840 1231 4908 apostolicus,
1257 4840 1353 4910 qui
1411 4848 1537 4910 post
1581 4839 1802 4898 Petrum
1851 4848 1996 4901 rexit
2041 4847 2367 4910 Ecclesiam,
2421 4844 2612 4900 scribit
2658 4844 2727 4899 ad
2782 4843 3141 4899 Corinthios:
3186 4842 3461 4913 Sceptrum
3508 4845 3616 4901 Dei

366 4931 625 4989 Dominus
654 4926 811 4982 Iesus
848 4927 1118 4995 Christus,
1152 4947 1256 4984 non
1300 4931 1437 4984 venit
1478 4931 1534 4985 in
1565 4930 1839 5001 jactantia
1862 4936 2140 5005 superbiae,
2173 4953 2291 4990 cum
2318 4936 2485 5005 possit
2529 4935 2726 4997 omnia,
2759 4934 2848 4989 sed
2898 4936 2953 4987 in
2981 4934 3303 4991 humilitate.
3334 4936 3508 5007 Epist.
3549 4940 3607 5001 1,

363 5023 605 5098 cap.l6.

1254 5089 1409 5155 lusu,
1444 5091 1537 5147 lib.
1571 5107 1589 5145 ι
1623 5091 1915 5150 Comment.
1944 5095 2001 5149 in
2020 5094 2189 5165 Epist.
2227 5092 2295 5147 ad
2330 5091 2542 5160 Ephes.,
2576 5107 2635 5147 ιι.
2668 5091 2723 5147 2.

433 5190 739 5259 Quaerimus
766 5200 985 5257 quoque
1018 5187 1151 5255 quid
1183 5187 1294 5241 sit:
1323 5185 1389 5239 In
1424 5185 1613 5256 quibus
1661 5188 1949 5259 aliquando
1978 5190 2294 5244 ambulastis
2321 5187 2606 5243 secundum
2646 5186 2898 5243 swculum
2929 5188 3112 5242 mundi
3136 5188 3292 5259 hujus
3324 5205 3344 5243 :
3390 5197 3608 5246 utrum-

362 5297 487 5339 nam
522 5291 577 5338 et
615 5277 762 5334 aliud
792 5277 1051 5332 saeculum
1076 5277 1168 5343 sit,
1199 5276 1345 5346 quod
1381 5290 1489 5329 non
1518 5276 1791 5346 pertineat
1843 5277 1913 5331 ad
1950 5276 2216 5332 mundum
2265 5278 2456 5341 istum,
2511 5281 2605 5333 sed
2650 5277 2718 5330 ad
2767 5275 3000 5331 mundos
3033 5278 3192 5343 alios,
3223 5278 3292 5333 dc
3319 5280 3517 5349 quibus
3541 5287 3602 5334 et

358 5373 612 5430 Clemens
638 5374 694 5428 in
717 5370 961 5443 Epistola
991 5384 1091 5425 sua
1119 5368 1311 5424 scribit
1336 5386 1350 5423 :
1383 5366 1644 5436 Oceanus,
1674 5376 1725 5422 et
1756 5368 1939 5423 mundi
1970 5369 2061 5439 qui
2091 5379 2241 5424 trans
2264 5372 2436 5438 ipsum
2465 5378 2609 5426 sunt.
2631 5368 2802 5440 Epist.
2838 5368 2891 5435 1,
2920 5382 3041 5439 cap.
3078 5368 3170 5428 20.

1465 5459 1620 5525 ιοεκ,
1668 5458 1826 5527 ibid.,
1852 5461 1949 5516 lib.
1981 5474 2045 5526 ιι,
2080 5461 2148 5516 ad
2189 5475 2311 5532 cap.
2339 5477 2415 5526 IV,
2449 5461 2503 5518 1.

432 5555 604 5625 Cujus
629 5557 709 5611 rei
738 5564 791 5614 et
829 5554 1081 5613 Clemens
1116 5553 1183 5610 ad
1211 5551 1529 5609 Corinthios
1574 5554 1735 5610 testis
1764 5561 1850 5611 est
1878 5574 1894 5614 :
1954 5552 2229 5608 Vinculum
2258 5552 2535 5610 charitatis
2580 5553 2679 5609 Dei
2718 5556 2834 5627 quis
2873 5557 3063 5623 poterit
3093 5560 3382 5613 enarrare?
3410 5555 3595 5630 Epist.

350 5648 386 5725 ~l
401 5684 417 5714 ,
448 5662 568 5720 cap.
600 5647 689 5702 ιθ.
