3936 6172
204 311 267 371 u
1444 301 1787 358 ΡΒοοεΜιΑ
1829 299 2196 355 VARIORUM
3394 326 3461 380 η

1758 414 1894 470 VIII.

202 517 732 581 PsSBDo-Jcsrums,
794 530 890 571 seu
927 521 1124 569 auctor
1152 512 1518 579 Quwstionum
1537 520 1587 564 et
1616 512 2019 581 responsionum
2041 508 2108 581 ad
2143 506 2483 581 orthodoxos,
2522 505 2863 581 in_r_espons.
2888 501 2955 557 ad
2982 510 3177 573 quaest.
3215 501 3281 556 74
3312 500 3479 572 (inter

913 583 1091 656 Opera
1123 574 1192 640 Sf
1212 582 1416 639 Justini
1445 574 1724 652 martyris,
1767 595 1802 649 p

1915 580 2044 645 469,
2076 580 2136 642 Β,
2162 580 2293 635 edit.
2339 577 2515 631 Paris.
2549 574 2728 646 1742).

267 703 333 755 Εἰ
378 701 483 772 τῆς
526 702 811 773 παρούσης
854 698 1244 763 καταστάσεως
1287 697 1351 751 τὸ
1388 696 1540 759 τέλος
1567 696 1713 748 ἐστὶν
1760 697 1795 766 ἠ

1973 694 2030 748 Si
2060 694 2351 763 praesentis
2376 707 2560 748 rerum
2584 700 2759 748 status
2786 691 2910 747 tinis
2939 699 3024 747 est
3057 691 3347 761 impiorum
3381 704 3480 761 per

192 793 281 845 διὰ
340 794 437 848 τοῦ
480 794 649 866 πυρὸς
692 794 872 865 κρίσις
915 794 1023 845 τῶν
1065 791 1295 855 ἀσεϐῶν,
1343 789 1487 844 καθά
1534 804 1698 859 φασιν
1738 789 1795 841 αἱ

1905 786 2082 856 ignem
2132 784 2421 854 judicium,
2471 792 2634 854 prout
2690 792 2965 840 testantur
3007 782 3307 854 Scripturaa
3344 799 3478 853 pro-

193 881 418 956 Γραφαὶ
451 882 744 955 προφητῶν
766 898 826 935 τε
850 882 944 934 καὶ
975 881 1287 935 ἀποστόλων
1312 921 1326 945 ,
1361 880 1441 933 ἔτι
1467 880 1523 934 δὲ
1555 878 1646 934 καὶ
1695 884 1796 954 τῆς

1899 881 2189 949 phetarum
2238 886 2293 931 et
2347 877 2759 946 apostolorum,
2811 886 2973 947 atque
3028 880 3195 933 etiam
3234 877 3474 949 Sibylla}.

192 975 482 1045 Σιὸύλλης,
500 973 681 1037 καθώς
717 991 882 1045 φησιν
902 975 931 1026 ὁ
960 974 1229 1045 μακάριος
1244 975 1476 1045 Κλήμης
1494 976 1550 1027 ἐν
1571 977 1637 1046 τῇ
1658 976 1793 1047 πρὸς

1900 978 1959 1024 ut
1990 970 2065 1023 ait
2106 970 2301 1024 beatus
2330 967 2584 1023 Clemens
2634 968 2689 1023 in
2746 968 2988 1039 Epistola
3023 971 3090 1023 ad
3136 971 3473 1025 Corinthios.

189 1066 518 1138 Κορινθίους
559 1065 866 1137 Ἐπιστολῇ.

1781 1181 1874 1237 IX.

1048 1274 1374 1330 Dono-mens
1401 1274 1870 1342 Archimandrita,
1901 1276 2153 1331 doctrina
2176 1276 2268 1341 25,
2302 1277 2405 1332 sub
2448 1276 2629 1331 ﬁnem.

263 1390 354 1451 Ὠς
382 1388 532 1456 λέγει
555 1390 650 1441 καὶ
674 1389 869 1457 ὁᾶγιος
881 1389 1133 1461 Κλήμης·
1150 1390 1276 1443 Κᾶν
1288 1389 1373 1459 μὴ
1402 1390 1780 1459 στεφανῶταί

1975 1394 2043 1449 Ut
2073 1394 2219 1449 enim
2248 1393 2323 1447 ait
2354 1399 2408 1446 et
2442 1400 2666 1448 sanctus
2695 1393 2948 1448 Clemens
2978 1413 2988 1446 :
3043 1392 3217 1446 Etiam
3267 1394 3314 1445 si
3358 1394 3473 1459 quis

182 1499 291 1548 τις,
336 1482 505 1536 ἀλλὰ
540 1482 865 1550 σπουδάσῃ
897 1483 984 1552 μὴ
1026 1484 1265 1552 μακρὰν
1309 1482 1623 1551 εὑρεθῆναι
1673 1484 1793 1538 τῶν

1902 1504 2005 1540 non
2038 1495 2336 1550 coronetur,
2366 1485 2574 1539 studeat
2606 1495 2779 1540 tamen
2803 1504 2903 1539 non
2933 1488 3117 1554 procul
3148 1503 3179 1539 a
3208 1490 3473 1541 coronatis

179 1575 712 1645 στεφανουμένων.

1898 1580 2136 1632 inveniri.
2170 1577 2341 1647 Epist.
2377 1577 2434 1637 2,
2461 1592 2579 1646 cap.
2616 1568 2669 1629 ’7-

1804 1732 1869 1788 Χ.

969 1822 1246 1879 ϐεοιιοιυε
1293 1822 1610 1895 Syncellus,
1652 1824 1970 1896 Chronogr.,
2008 1841 2128 1896 pag.
2169 1827 2296 1891 544,
2342 1826 2477 1881 edit.
2518 1825 2695 1881 Paris.

244 1918 452 1971 Τούτου
485 1916 743 1987 ἐπιστολὴ
771 1917 804 1987 ή
840 1915 938 1985 μία
964 1917 1162 1985 γνησία
1194 1916 1505 1987 Κορινθίοις
1542 1916 1786 1988 φέρεται,

1971 1914 2146 1985 Hujus
2179 1916 2519 1986 (Clementis)
2572 1915 2803 1985 epistola
2861 1931 2981 1986 quae
3015 1920 3173 1972 unica
3236 1923 3474 1989 genuina

176 2011 255 2075 ὡς
284 2012 397 2066 ἀπὸ
423 2011 528 2080 τῆς
556 2008 847 2079 Ῥωμαίων
880 2008 1206 2079 Ἑκκλησίας
1232 2012 1525 2079 γραφεῖσα,
1550 2010 1791 2072 στάσεως

1893 2018 1997 2072 est,
2031 2007 2100 2059 ad
2154 2006 2473 2062 Corinthios
2525 2006 2728 2069 fertur,
2785 2014 3046 2076 tanquam
3098 2008 3166 2062 ab
3226 2008 3472 2065 Ecclesia

179 2106 238 2156 ὲν
271 2102 528 2176 Κορίνθῳ
560 2101 849 2173 συμϐάσης
886 2101 1029 2163 τότε,
1074 2101 1150 2165 ὡς
1194 2104 1461 2173 μαρτυρεῖ
1513 2102 1782 2172 Ἡγήσιπ-

181 2208 303 2260 πος,
361 2197 487 2265 ἥτις
520 2196 615 2248 καὶ
644 2194 1080 2265 ἐκκλησιάζεται.

1779 2400 1863 2454 XI.

1893 2100 2141 2157 Romana
2171 2102 2399 2171 scripta,
2430 2101 2697 2155 seditione
2743 2108 2872 2154 tunc
2910 2102 3195 2172 temporis,
3276 2112 3337 2157 ut
3391 2114 3471 2159 te-

1889 2202 2070 2249 statur
2104 2192 2468 2264 Hegesippus,
2515 2193 2763 2248 Corinthi
2793 2202 2942 2260 orla;
2999 2211 3119 2265 qum
3179 2197 3339 2250 etiam
3398 2200 3470 2252 ab

1888 2286 2131 2341 Ecclesia
2156 2288 2437 2357 recipitur.

1387 2495 1648 2557 Pnonus,
1683 2494 1963 2559 Bibliotli.,
1995 2496 2119 2550 cod.
2151 2496 2273 2551 115.

249 2584 422 2654 Οὗτός
440 2592 590 2644 ἐστιν
621 2593 650 2643 ὁ
692 2590 947 2663 Κλήμης,
980 2590 1108 2662 περὶ
1140 2582 1201 2643 οῦ
1234 2607 1398 2660 φησιν
1426 2592 1453 2641 ὁ
1498 2588 1783 2651 θεσπέσιος

181 2681 396 2744 Παῦλος
416 2682 474 2733 ἐν
492 2684 559 2751 τῇ
582 2680 719 2751 πρὸς
733 2681 1124 2750 Φιλιππησίους
1160 2682 1213 2734 Ἐ
1223 2682 1466 2753 πιστολῇ’
1493 2685 1653 2737 Μετὰ
1671 2686 1768 2736 καὶ

180 2775 535 2844 Κλήμεντος
560 2774 659 2826 καὶ
690 2773 812 2827 τῶν
841 2773 1069 2827 λοιπῶν
1100 2773 1413 2845 συνεργῶν
1423 2794 1566 2844 μου,
1586 2770 1673 2829 ὧν
1701 2780 1770 2831 τὰ

179 2869 448 2937 ὀνόματα
470 2867 542 2920 ἐν
559 2866 755 2932 ,ϐίϐλῳ
771 2864 934 2936 ζωῆς.
952 2862 1121 2932 Οὗτος
1141 2870 1235 2923 καὶ
1254 2868 1544 2941 ἐπιστολὴν
1565 2869 1770 2937 ἀξιόλοο

179 2973 271 3023 γον
292 2957 448 3028 ⁴πρὸς
468 2955 792 3026 Κορινθίους
820 2956 1041 3027 γράφει,
1071 2958 1192 3027 ἥτις
1223 2957 1376 3026 παρὰ
1404 2955 1617 3019 πολλοῖς
1649 2956 1785 3008 ἀπο-

178 3048 337 3120 δοχῆς
365 3046 601 3119 ὴξιώθη,
633 3049 709 3112 ὡς
751 3049 845 3101 καὶ
888 3048 1123 3119 δημοσίᾳ
1164 3048 1651 3116 ἀναγινώσκεσθαι.
1723 3049 1787 3100 ’Π

179 3142 233 3195 δὲ
272 3142 550 3214 λεγομένη
590 3143 817 3213 δευτέρα
868 3142 1005 3213 πρὸς
1062 3142 1188 3204 τοὺς
1229 3142 1447 3205 αὐτοὺς,
1506 3142 1581 3205 ὼς
1633 3139 1785 3204 νόθος

1969 2587 2068 2643 Hic
2098 2588 2351 2645 Clemens
2385 2588 2473 2643 ille
2496 2594 2601 2651 est,
2644 2589 2711 2643 de
2742 2604 2851 2659 quo
2900 2589 3119 2645 divinus
3164 2587 3368 2644 Paulus
3402 2601 3470 2645 ait

1892 2682 2272 2755 Philippenses
2295 2684 2370 2736 ait
2400 2702 2412 2736 :
2467 2681 2600 2737 Cum
2652 2682 2917 2737 Clemente
2942 2692 2991 2736 et
3020 2683 3224 2737 cwteris
3256 2682 3471 2753 adjuto-

1891 2776 2037 2829 ribus
2088 2777 2216 2831 meis
2263 2792 2486 2846 quorum
2534 2776 2749 2829 nomina
2803 2785 2925 2830 sunt
2980 2776 3035 2829 in
3072 2775 3206 2829 libro
3265 2777 3383 2831 vita:
3425 2777 3463 2829 ⁸.

1893 2868 2128 2940 Scripsit
2191 2868 2334 2923 idem
2406 2868 2589 2939 magni
2656 2868 2963 2924 faciendam
3025 2867 3095 2923 ad
3152 2868 3468 2926 Corinthios

1894 2955 2201 3029 epistolam,
2235 2974 2355 3028 qua:
2380 2973 2408 3011 a
2450 2960 2722 3029 plerisque
2765 2969 2916 3013 tanto
2946 2960 2999 3013 in
3038 2960 3213 3031 pretio
3257 2969 3342 3016 est
3365 2960 3467 3014 ha-

1891 3050 2026 3113 bita,
2059 3057 2120 3103 ut
2140 3051 2300 3103 etiam
2330 3051 2543 3119 publice
2570 3052 2676 3122 legi
2707 3053 2926 3108 soleret.
2959 3052 3028 3105 At
3073 3068 3194 3123 quae
3225 3055 3469 3109 secunda

1890 3143 2093 3197 dicitur
2122 3144 2187 3198 ad
2218 3144 2457 3209 eosdem,
2485 3152 2544 3199 ut
2583 3145 2748 3199 notha
2792 3146 3060 3216 rcjicitur,
3112 3148 3470 3217 quemadmo-

178 3212 645 3307 ἀποδοκιμάζεται
670 3254 683 3266 ·
717 3236 905 3308 ὥσπερ
942 3235 1381 3307 ἐπιγραφόμενος
1419 3234 1505 3285 ἐπ’
1556 3233 1778 3305 ὀνόματι

1893 3237 2019 3291 dum
2060 3245 2114 3291 et
2146 3238 2305 3308 longa
2339 3237 2429 3290 illa
2461 3236 2781 3307 disputatio,
2817 3212 2992 3308 ipsius
3042 3212 3187 3294 Petri
3218 3250 3271 3296 et
3301 3240 3468 3309 Apio-

177 3330 342 3385 αὑτοῦ
404 3332 617 3400 Πέτρου
665 3331 761 3384 καὶ
820 3329 1081 3392 Ἀπίωνος
1126 3327 1447 3399 πολύστιχος
1511 3327 1774 3395 διάλογος.

176 3423 379 3477 Τοῦτόν
412 3439 578 3493 φασιν
604 3422 655 3475 oi
705 3423 802 3492 μὲν
839 3420 1086 3493 δεύτερον
1132 3420 1267 3492 μετὰ
1310 3421 1516 3492 Πέτρον
1558 3422 1780 3473 ἐπισκο-

174 3516 346 3587 πῆσαι
394 3515 637 3587 Ῥώμης,
664 3515 716 3567 οἱ
747 3514 803 3567 δὲ
829 3514 1085 3586 τέταρτον
1108 3531 1119 3543 ·
1167 3515 1322 3567 Λίνον
1348 3513 1457 3584 γὰρ
1489 3514 1580 3566 καὶ
1622 3513 1779 3567 Ἀνάν-

174 3607 373 3678 κλητον
406 3604 611 3677 μεταξὺ
645 3604 812 3659 αὐτοῦ
841 3606 935 3659 καὶ
966 3606 1176 3677 Πέτρου
1211 3605 1428 3676 Ῥώμης
1448 3604 1776 3670 ἐπισκόπους

170 3698 571 3768 διαγεγονέναι*
589 3698 907 3769 τελευτῆσαι
918 3698 974 3751 δὲ
990 3688 1153 3751 αὐτὸν
1163 3699 1332 3770 τρίτῳ
1352 3698 1460 3751 ἔτει
1478 3698 1770 3770 Τραϊανοῦ.

1889 3328 1976 3384 nis
1999 3344 2196 3384 nomen
2229 3329 2367 3385 falso
2390 3329 2704 3400 prazferens.
2733 3329 2889 3385 Hunc
2916 3332 3215 3387 secundum
3246 3347 3275 3385 a
3304 3331 3468 3387 Petro

1893 3419 2078 3476 Roma
2105 3421 2482 3492 episCOpatum
2506 3423 2745 3492 gessisse
2775 3423 3000 3493 quidam
3039 3432 3345 3489 autumant,
3372 3427 3466 3480 alii

1886 3528 2017 3568 vero
2044 3525 2342 3584 quartum:
2380 3514 2575 3569 Linum
2608 3515 2752 3569 enim
2804 3522 2859 3569 et
2913 3516 3262 3577 Anacletum,
3321 3516 3471 3571 inter

1885 3607 2063 3676 ipsum
2095 3614 2147 3661 et
2175 3605 2419 3669 Petrum,
2452 3605 2637 3661 Romae
2660 3607 2949 3677 episcopos
2983 3606 3175 3673 fuisse,
3210 3622 3272 3662 ac
3302 3610 3467 3663 tertio

1884 3702 2101 3757 demum
2136 3699 2360 3770 Trajani
2390 3716 2533 3755 anno
2556 3701 2721 3755 vitam
2750 3700 2975 3756 (iniisse.

1506 3831 1660 3897 Ιοειι,
1693 3831 1848 3899 ibid.,
1877 3830 2001 3887 cod.
2029 3831 2153 3886 126.

252 3946 601 4017 ’Δνεγνώσθη
634 3945 981 4018 βιϐλιδάριον,
1024 3946 1083 3998 ἐν
1123 3940 1168 4013 ᾧ
1200 3945 1511 4017 Κλήμεντος
1558 3945 1775 3998 ἐπιστο-

168 4042 257 4097 λαὶ
274 4042 372 4096 δύο
382 4041 527 4113 πρὸς
548 4039 867 4112 Κορινθίους
884 4039 1203 4111 ἐνεφέροντο
1222 4056 1233 4067 ’
1254 4033 1376 4109 ὧνὴ
1402 4037 1594 4109 πρώτη
1614 4038 1772 4091 διἀί-

169 4135 293 4198 τίας
332 4135 539 4197 αὐτοὺς
585 4134 743 4201 ἄγει,
804 4132 1025 4185 στάσεσι
1082 4133 1178 4186 καὶ
1216 4135 1483 4203 ταραχαῖς
1524 4132 1618 4184 καὶ
1658 4131 1773 4201 σχί-

172 4243 344 4298 σμασι
394 4225 496 4297 τὴν
541 4225 856 4297 πρέπουσαν
895 4226 1079 4287 αὐτοῖς
1121 4225 1343 4295 εἰρήνην
1386 4225 1479 4278 καὶ
1522 4224 1773 4294 ὁμόνοιαν

168 4319 654 4392 ἐμπολιτεύεσθαι,
685 4319 975 4383 λύσαντας,
1020 4320 1114 4372 καὶ
1156 4322 1413 4390 παραινεί
1457 4318 1770 4371 παύσασθαι

167 4412 266 4468 τοῦ
286 4412 487 4467 κακοῦ.
536 4411 766 4475 Ἀπλοῦς
792 4412 848 4465 δὲ
877 4410 1018 4465 κατὰ
1059 4411 1158 4482 τὴν
1204 4412 1404 4482 φράσιν
1471 4411 1565 4464 καὶ
1595 4412 1773 4480 σαφής

1954 3958 2154 4014 Lectus
2173 3967 2257 4013 est
2288 3958 2526 4022 libellus,
2550 3958 2726 4027 inquo
2748 3956 3046 4012 Clementis
3075 3957 3321 4026 epistola:
3344 3955 3464 4009 duae

1886 4047 1953 4102 ad
1974 4046 2295 4102 Corinthios
2323 4047 2751 4101 continebantur
2778 4067 2790 4100 :
2823 4061 3055 4116 quarum
3100 4046 3276 4116 prima
3313 4048 3464 4115 ipsos

1884 4147 2128 4203 accusat,
2163 4139 2309 4209 quod
2339 4138 2730 4203 seditionibus,
2763 4139 2941 4193 turbis
2970 4153 3035 4192 ac
3063 4137 3328 4203 dissidiis,
3366 4152 3464 4206 pa-

1883 4246 2000 4285 cem
2033 4238 2088 4285 ct
2114 4230 2465 4285 concordiam
2496 4245 2616 4300 quae
2650 4229 2793 4284 inter
2816 4232 2964 4298 ipsos
2995 4227 3203 4283 versari
3253 4228 3459 4283 debue-

1883 4331 1988 4386 rat,
2020 4324 2319 4391 solverint;
2384 4324 2745 4392 hortaturque
2777 4322 2845 4375 ab
2884 4321 2991 4375 hoc
3039 4321 3183 4375 malo
3216 4335 3455 4375 cessare.

1885 4414 1980 4471 Est
2017 4424 2199 4471 autem
2228 4415 2469 4470 dictione
2519 4415 2749 4485 simplex
2785 4428 2850 4467 ac
2900 4411 3246 4482 perspicuus,
3300 4425 3461 4465 acce-

172 4506 347 4568 ὲστιν,
378 4506 478 4559 καὶ
509 4506 679 4573 ἐγγὺς
704 4503 800 4557 τοῦ
828 4502 1285 4574 ὲκκλησιαστικοῦ
1332 4503 1424 4557 καὶ
1443 4502 1771 4575 ἀπεριέργω

1893 4509 2129 4578 deusque
2161 4508 2229 4563 ad
2257 4508 2686 4563 ecclesiasticam
2717 4513 2771 4561 et
2801 4505 3194 4559 inelaboratam
3239 4503 3457 4558 dicendi

172 4598 551 4670 χαρακτῆρος.
586 4597 893 4651 Αίτιάσοιτο
925 4597 968 4650 δ’
1000 4598 1065 4651 ἄν
1107 4615 1193 4661 τις
1223 4591 1384 4650 αὑτὸν
1412 4598 1469 4650 ἐν
1510 4596 1764 4660 ταύταις·

171 4693 251 4745 ὃτι
294 4708 357 4744 τε
398 4689 497 4744 τοῦ
543 4690 786 4744 ὠκεανοῦ
828 4690 933 4756 ἔξω
971 4689 1210 4761 κόσμους
1258 4689 1410 4754 τινὰς
1456 4688 1768 4743 ὑποτίθεται

171 4779 313 4837 εἶναι
337 4801 349 4812 ·
380 4783 481 4836 καὶ
508 4782 757 4853 δεύτερον
789 4783 939 4847 ῐσως,
969 4783 1049 4836 ὅτι
1076 4782 1152 4845 ὡς
1197 4781 1653 4852 παναληθεστάτῳ
1690 4783 1769 4853 τῷ

170 4878 315 4931 κατὰ
356 4875 454 4930 τὸν
497 4877 719 4930 Φοίνικα
753 4874 815 4928 τὸ
850 4876 1032 4947 ὄρνεον
1074 4874 1430 4946 ὑποδείγματι
1467 4875 1757 4947 κέχρηται⁶

170 4973 265 5024 καὶ
306 4970 496 5041 τρίτον
542 4969 624 5022 ὃτι
666 4969 928 5040 ἀρχιερέα
960 4969 1053 5021 καὶ
1084 4969 1398 5039 προστάτην
1426 4966 1518 5021 τὸν
1563 4968 1762 5042 Κύριον

169 5065 200 5131 ἦ
211 5062 329 5134 μῶν
375 5060 589 5131 Ἰησοῦν
617 5061 851 5132 Χριστὸν
880 5059 1240 5131 ἐξονομάζων,
1268 5061 1390 5114 οὐδὲ
1415 5061 1514 5125 τάς
1542 5062 1766 5135 θεοπρε-

170 5159 293 5220 πεῐς
314 5157 413 5209 καὶ
455 5152 793 5227 ὑψηλοτέρας
836 5154 1015 5224 ἀφῆκε
1054 5153 1183 5225 περὶ
1225 5147 1394 5207 αὐτοῦ
1442 5155 1652 5223 φωνάς·
1702 5159 1763 5210 οὐ

172 5246 280 5317 μὴν
322 5249 437 5301 οὐδ’
471 5246 956 5319 ἀπαρακαλύπτως
997 5242 1159 5300 αὐτὸν
1202 5246 1411 5317 οὐδαμῆ
1458 5247 1518 5300 ἐν
1558 5242 1769 5311 τούτοις

1881 4600 2134 4655 formam.
2197 4598 2627 4670 Reprehenderit
2684 4613 2813 4653 vero
2868 4597 2924 4650 in
2977 4597 3086 4651 illis
3134 4596 3454 4667 quispiam:

1878 4693 2024 4764 quod
2076 4700 2230 4747 extra
2288 4706 2554 4747 oceanum
2612 4690 2849 4746 mundos
2899 4690 3167 4761 quosdam
3220 4690 3458 4745 existere

1880 4783 2140 4853 supponit
2167 4802 2178 4836 :
2208 4781 2406 4836 deinde
2431 4783 2569 4837 forte
2592 4782 2792 4847 etiam,
2840 4781 2987 4851 quod
3022 4781 3295 4847 phmnicis
3338 4782 3457 4836 avis

1879 4874 2130 4944 exemplo
2179 4881 2442 4942 tanquam
2493 4873 2781 4929 verissimo
2826 4873 2999 4927 utitur
3038 4890 3051 4926 :
3092 4875 3257 4929 tertio
3306 4875 3453 4946 quod

1878 4965 2198 5019 Pontiﬁcem
2233 4962 2639 5032 Praesidemque
2660 4961 2950 5018 Dominum
2984 4973 3235 5020 nostrum
3262 4965 3451 5023 Iesum

1877 5059 2157 5114 Christum
2187 5058 2491 5129 appellans,
2517 5056 2641 5110 illas
2682 5054 2794 5111 Deo
2840 5060 3229 5115 convenientes
3264 5075 3330 5114 ac
3358 5076 3446 5116 sn-

1877 5151 2157 5206 blimiores
2207 5149 2275 5205 de
2322 5164 2389 5205 eo
2424 5162 2587 5205 voces
2634 5164 2746 5203 non
2798 5151 3055 5218 protulit;
3088 5151 3451 5205 tametsi'ncc

1878 5249 2062 5312 aperte
2096 5242 2272 5310 ipsum
2329 5240 2485 5294 ullibi
2527 5240 2584 5293 in
2642 5239 2729 5295 his
2786 5241 3145 5311 blasphemet.
3197 5238 3449 5297 Secunda

170 5337 508 5410 βλασφημεῖ.
571 5341 633 5393 Ἠ
679 5340 735 5393 δὲ
781 5339 1006 5410 δευτέρα
1046 5340 1140 5393 καὶ
1184 5338 1322 5409 αὐτὴ
1352 5339 1633 5393 νουθεσίαν
1675 5342 1770 5394 καὶ

1893 5350 2003 5391 vero
2031 5343 2084 5389 et
2106 5334 2223 5404 ipsa
2254 5333 2655 5389 institutionem
2686 5348 2750 5387 ac
2792 5333 3220 5388 admonitionem
3249 5334 3443 5388 melio—

168 5433 503 5503 παραίνεσιν
558 5432 868 5503 κρείττονος
919 5431 1128 5501 εἰσάγει
1184 5432 1320 5502 βίου,
1370 5432 1464 5485 καὶ
1508 5434 1566 5485 ὲν
1621 5432 1763 5503 ἀρχῇ

1893 5428 1948 5484 ’ἰε
1984 5428 2110 5481 vitae
2142 5426 2388 5491 inducit;
2422 5432 2585 5495 atque
2610 5425 2949 5496 inprincipio
2973 5423 3253 5479 Christum
3271 5423 3442 5479 Deum

168 5523 412 5595 Χριστὸν
440 5524 535 5577 τον
574 5520 705 5578 Θεὸν
734 5523 1016 5595 κηρύσσει.
1062 5523 1208 5595 Πλὴν
1236 5524 1317 5577 ὅτι
1348 5520 1489 5595 ῥητά
1517 5541 1658 5588 τινα,
1690 5523 1765 5587 ὡς

1893 5522 2151 5578 irzedicat.
2184 5518 2387 5574 Verum
2413 5518 2560 5574 dicta
2610 5517 2854 5588 quaedam
2887 5517 3171 5587 peregrina
3227 5517 3376 5571 velut
3408 5533 3446 5573 ac

171 5614 283 5668 ἀπὸ
312 5616 416 5686 τῆς
465 5615 617 5681 θείας
675 5617 913 5688 Γραφῆς,
964 5615 1236 5681 ξενίζοντα
1286 5616 1640 5688 παρεισάγει·
1688 5610 1764 5673 ὧν

1893 5628 2031 5669 ιπτιι
2066 5610 2352 5681 Scriptura
2382 5609 2733 5666 subinducit:
2792 5611 2991 5679 quibus
3024 5625 3091 5665 ne
3122 5610 3294 5680 prima
3329 5614 3448 5681 quso

166 5751 197 5784 ⁴
239 5752 445 5822 Ephes.
499 5769 575 5815 tv,
636 5752 689 5807 2.

584 5848 860 5910 Parnm“
907 5846 1024 5911 Gn.
1088 5860 1134 5922 Ι,

3122 5846 3167 5905 2
