3936 6172
393 258 463 311 «13
1564 250 1655 303 AD
1685 249 1742 306 S.
1783 249 2216 306 CLEMENTEM
2257 253 2277 307 1
2317 251 2553 306 PA‘PAM
3603 255 3675 309 Η

389 371 497 424 οὐδ’
540 371 573 442 ἡ
619 369 810 441 πρώτη
843 369 1158 442 ἀπήλλακτο
1200 369 1494 430 παντελῶς.
1545 370 1654 421 Καὶ
1697 370 1959 440 ἑρμηνεία

2099 372 2221 428 dem
2251 373 2480 442 epistola
2512 370 2736 425 omnino
2768 377 2944 425 vacat.
2987 369 3052 424 Et
3087 369 3568 440 interpretationes
3594 370 3677 424 lo-

388 464 444 520 at
476 463 654 535 ῥητῶν
680 481 842 518 τινων
868 464 1190 527 ἀλλοκότους
1222 464 1332 534 ἔχει
1357 481 1369 492 ·
1403 462 1574 525 ἄλλως
1602 479 1661 514 τε
1707 463 1762 516 δὲ
1798 464 1890 516 καὶ
1919 465 1986 517 τὰ

388 558 447 610 ἐν
477 557 668 621 αὑταῖς
711 559 957 629 νοήματα
1001 557 1310 630 ἐρριμμένα
1354 575 1491 621 πως,
1539 557 1631 610 καὶ
1677 557 1736 609 οὗ
1786 558 1981 627 συνεχῆ

387 647 484 719 τὴν
515 647 835 702 ἀκολουθίαν
870 651 1081 721 ὑπῆρχε
1111 649 1461 719 φυλάττοντα.

2094 479 2288 518 corum
2350 463 2716 534 quorumdam
2771 463 3066 519 alieniores
3122 463 3350 534 profert.
3414 463 3675 537 Alioquin

2091 556 2208 624 ipsa
2243 571 2363 625 quae
2396 556 2451 609 in
2474 555 2563 609 his
2591 554 2840 624 epistolis
2863 554 3055 609 insunt
3083 569 3270 620 sensa,
3295 555 3546 610 nonnihil
3573 555 3674 610 ab-

2088 645 2232 714 jecta
2265 655 2414 708 sunt,
2468 661 2647 715 neque
2689 647 3058 701 continentem
3106 646 3302 702 seriem
3345 661 3412 699 ac
3467 661 3672 703 conse-

2086 738 2365 806 quentiam
2396 745 2637 792 servant.

1975 847 2090 903 XII.

1062 967 1398 1020 Amsrasms
1430 963 1905 1032 Bibliothecarius,
1947 965 2088 1022 "ist.
2144 970 2358 1032 ποίεε..
2391 965 2522 1021 edit.
2549 960 2756 1030 Paris.,
2785 978 2911 1036 pag.
2948 964 3032 1020 17.

468 1059 642 1130 Hujus
673 1059 1019 1132 (Clementis)
1076 1059 1318 1130 Epistola
1346 1060 1520 1114 fertur
1577 1059 1644 1113 ad
1679 1059 1998 1117 Corinthios
2052 1063 2256 1125 missa,
2294 1077 2456 1132 quam
2488 1069 2603 1116 tota
2657 1061 2868 1130 recipit,
2928 1071 2986 1114 ut
3043 1059 3381 1133 Hegesippus
3413 1070 3667 1131 testatur,

399 1151 670 1208 Ecclesia.

1962 1247 2098 1303 XI".

1350 1342 1520 1398 ΝιοοΝ
1549 1344 1875 1407 monachus,
1905 1344 1964 1397 in
2000 1343 2256 1398 Pandect.
2309 1357 2478 1399 serm.
2521 1341 2607 1397 l8.

454 1451 802 1521 Κλήμεντος
843 1451 1086 1523 Ῥώμης.
1121 1454 1340 1507 Δίκαιον
1368 1451 1462 1508 οὖν
1507 1455 1602 1508 καὶ¹
1631 1456 1841 1509 ὅσιον...
1888 1457 1981 1508 καὶ

385 1546 602 1610 στάσεις
630 1543 724 1599 τοῦ
753 1544 1190 1618 ἀπαλλοτριῶσαι
1219 1547 1368 1617 ἡμᾶς
1395 1546 1490 1600 τοῦ
1529 1547 1709 1610 καλῶς
1742 1547 1974 1618 ἔχοντος.

382 1638 572 1692 Τοίνυν
601 1636 1052 1708 ἀκολουθήσωμεν
1080 1641 1194 1701 τοῖς
1228 1640 1344 1708 μετ’
1387 1639 1732 1703 εὐσεϐείας...
1782 1639 1978 1710 Πόρῤω

2161 1452 2445 1509 Clementis
2479 1452 2724 1508 Romani.
2756 1452 2973 1510 Justum
3004 1469 3134 1526 ergo
3171 1463 3225 1510 et
3253 1463 3575 1516 sanctum...
3612 1462 3667 1515 in

2089 1547 2320 1603 dissidia
2341 1555 2397 1602 et
2427 1546 2728 1602 seditiones
2769 1546 3044 1616 (homines
3078 1547 3441 1620 collimantes)
3475 1561 3535 1606 ut
3564 1567 3671 1606 nos

2085 1655 2114 1692 a
2146 1647 2300 1694 recto
2343 1647 2397 1694 et
2444 1639 2678 1694 honesto
2709 1646 2979 1694 avertant.
3035 1638 3142 1694 Eos
3187 1655 3320 1710 ergo
3343 1656 3665 1711 sequamur,

379 1731 574 1801 ἀπέχει
611 1731 705 1784 ἀπ’
756 1729 959 1801 ἐμοῦ...
996 1730 1363 1802 Κολληθῶμεν
1396 1726 1489 1783 οὖν
1518 1734 1630 1795 τοῖς
1657 1731 1856 1795 ἀθώοις
1884 1733 1959 1784 κα⁴

2085 1731 2327 1802 quicum
2358 1732 2560 1802 pietate
2595 1774 2607 1785 .
2648 1774 2660 1786 .
2699 1773 2712 1786 .
2740 1729 2996 1785 Procula
3026 1748 3112 1787 me
3141 1732 3294 1788 abest
3329 1775 3342 1788 .
3379 1776 3393 1789 .
3431 1776 3444 1788 .
3468 1735 3669 1790 Adhae-

379 1821 609 1885 δικαίοις
630 1839 642 1852 ·
676 1822 782 1875 εἰσὶ
811 1823 867 1876 δὲ
896 1815 1042 1877 οὗτοι
1072 1823 1320 1878 ἐκλεκτοὶ
1346 1823 1443 1877 τοῦ
1473 1823 1627 1876 Θεοῦ.
1662 1820 1976 1896 Γέγραπται

379 1913 521 1985 γάρ’
557 1913 904 1969 Κολλᾶσθαι
949 1915 1074 1981 τοῖς
1117 1917 1328 1986 ἁγίοις,
1373 1910 1473 1970 ’ὅτι
1514 1920 1568 1970 οἱ
1612 1915 1977 1986 κολλώμενοι

379 2006 604 2072 αὐτοῖς,
632 2007 1122 2076 ἀγιασθήσονται.
1169 2009 1278 2062 Καὶ
1319 2009 1347 2061 ὁ
1396 2008 1600 2080 Κύριος
1644 2009 1810 2077 λέγει·
1866 2010 1975 2062 Τὸν

381 2097 843 2167 όμολογήσαντά
865 2116 1008 2168 με...
1041 2100 1145 2154 τοῦ
1169 2101 1396 2168 Πατρός
1418 2118 1555 2168 μου.
1601 2102 1685 2154 Ἑν
1713 2101 1817 2153 τίνι
1849 2100 1970 2154 δὲ...

379 2189 488 2241 τῶν
516 2189 761 2243 ἐντολῶν.
798 2189 921 2245 llaec
948 2207 1016 2245 ex
1040 2192 1195 2248 codd.
1223 2192 1402 2262 llegiis
1423 2192 1585 2253 2418,
1612 2192 1774 2255 2425,
1807 2191 1971 2259 249.4,

382 2279 677 2350 descripsit
702 2281 1027 2348 Cotelerius,
1076 2281 1354 2352 ediditque
1413 2284 1470 2336 in
1521 2295 1635 2337 not.
1683 2283 1751 2336 ad
1797 2282 1960 2352 epist.

379 2369 554 2426 Clem.
589 2388 710 2444 cap.
745 2374 832 2436 M,
866 2373 1011 2428 unde
1056 2373 1164 2428 huc
1195 2374 1464 2429 translata
1496 2384 1642 2430 sunt.

2083 1837 2304 1877 reamus
2328 1837 2459 1893 ergo
2490 1822 2623 1878 viris
2677 1822 2924 1878 honestis
2955 1831 3008 1877 et
3034 1824 3227 1893 justis:
3263 1825 3318 1878 hi
3368 1841 3500 1881 vero
3533 1836 3668 1882 sunt

2085 1915 2243 1969 electi
2266 1913 2383 1968 Dei.
2420 1913 2700 1984 Scriptum
2731 1922 2816 1970 est
2863 1915 3051 1970 enim:
3109 1914 3297 1970 Facite
3348 1927 3410 1970 ut
3462 1922 3665 1972 sanctis

2083 2006 2423 2073 adhwreatis,
2443 2008 2569 2074 quia
2595 2008 2685 2077 qui
2712 2007 2822 2062 illis
2843 2007 3133 2071 adlzwrent,
3161 2009 3660 2078 sanctiﬁcabunmr.

2081 2097 2147 2151 Et
2177 2097 2447 2153 Dominus
2478 2099 2608 2154 dicit
2636 2117 2647 2152 :
2676 2098 2789 2164 «Qui
2818 2115 2897 2152 me
2919 2099 3186 2167 confessus
3210 2099 3369 2168 fuerit
3401 2142 3419 2160 .
3453 2141 3472 2160 .
3507 2143 3520 2156 .
3552 2101 3666 2155 Pa-

2081 2193 2177 2244 tris
2250 2191 2368 2245 mei.
2420 2189 2477 2243 In
2528 2206 2769 2261 quonam
2830 2200 3011 2245 autem
3045 2233 3059 2247 .
3096 2234 3107 2245 .
3143 2233 3155 2246 .
3187 2191 3456 2246 mandata
3513 2195 3666 2249 illius

2075 2282 2207 2350 (non
2233 2281 2775 2354 spernendo).Epist.
2798 2281 2852 2347 1,
2881 2298 3004 2352 cap.
3024 2282 3110 2351 14,
3143 2283 3212 2338 15
3237 2292 3292 2338 et
3331 2285 3429 2350 46;
3480 2283 3660 2354 Epist.

2072 2371 2129 2438 2,
2164 2390 2284 2446 cap.
2317 2375 2369 2429 5.

1169 2699 1737 2815 JUDICIA
1818 2697 2852 2814 RECENTIORUM

1737 2939 1806 2978 ET
1841 2939 2047 2979 PRIIUI
2075 2926 2276 2989 quin“

1169 3095 1711 3198 'PATRICII
1789 3097 2128 3188 JUNII
2213 3093 2905 3188 ΡΒλἘΡΑΤΙΟ.

449 3371 508 3428 Si
538 3373 753 3444 plenius
805 3371 872 3427 de
911 3371 1195 3426 Clemente
1225 3380 1413 3426 nostro
1461 3380 1518 3426 et
1563 3371 1683 3440 ejus
1716 3370 1959 3441 scriptis,
1989 3376 2032 3434 C
2066 3371 2478 3426 ornatissimum
2501 3378 2555 3426 et
2583 3371 2950 3427 clarissimum
2985 3370 3163 3425 virum
3194 3370 3473 3426 dominum
3507 3370 3661 3426 Tho-

376 3467 549 3520 amice
576 3464 792 3526 Lector,
827 3464 968 3519 scire
1005 3461 1306 3528 desideras,
1328 3461 1647 3533 Gregorium
1681 3461 1964 3516 Turonen-

379 3572 493 3612 sem
530 3556 606 3611 De
631 3563 925 3625 martyrum
949 3555 1142 3625 gloria,
1189 3552 1959 3623 Simeonem'Metaphrastem,

374 3647 701 3703 Pontiﬁcum
732 3646 1101 3702 Romanorum
1147 3645 1492 3718 βιογράφους,
1516 3645 1833 3710 Baronium,
1864 3659 1964 3697 an-

375 3741 585 3796 nalium
630 3739 993 3806 conditorem,
1039 3736 1252 3792 Sixtum
1307 3735 1627 3802 Senensem,
1680 3735 1963 3790 Bellarmi-

373 3849 505 3888 num
529 3839 584 3887 et
612 3832 768 3895 alios,
799 3831 890 3900 qui
924 3829 1330 3885 ecclesiasticos
1360 3828 1657 3897 scriptores
1681 3833 1735 3882 et
1769 3841 1959 3881 eorum

373 3924 581 3993 scripta
620 3921 780 3976 nobis
829 3918 1195 3981 tradiderunt,
1229 3933 1325 3988 per
1373 3917 1543 3971 otium
1575 3926 1728 3986 potes
1759 3929 1958 3970 consu-

374 4012 506 4066 lere.
538 4009 649 4065 Nos
678 4010 824 4064 nube
855 4009 955 4061 hac
988 4016 1100 4060 tam
1130 4007 1424 4062 illustrium
1450 4005 1696 4070 testium,
1732 4020 1870 4074 quos
1903 4003 1957 4056 in

372 4114 718 4158 antecessum
762 4101 1165 4172 praemisimus,
1224 4099 1487 4162 contenti,
1539 4098 1716 4152 oculis
1761 4096 1870 4151 tuis
1904 4104 1959 4151 et

370 4195 633 4267 patientia
663 4193 870 4248 diutius
902 4192 1050 4246 abuti
1089 4191 1415 4250 desinimus.
1445 4197 1499 4244 et
1536 4189 1605 4245 de
1638 4188 1744 4243 ﬁde
1770 4196 1824 4242 et
1854 4203 1955 4242 au-

367 4289 625 4342 ctoritate
641 4288 804 4356 hujus
821 4288 1004 4355 operis
1025 4284 1246 4354 γνησίου
1269 4283 1362 4336 καὶ
1387 4281 1779 4352 ἀναμφιϐόλου,
1801 4281 1956 4349 plura

368 4380 437 4433 de
480 4387 671 4433 nostro
721 4376 959 4446 adjicere
1016 4373 1455 4443 supersedemus,
1503 4387 1572 4426 ne
1623 4372 1726 4426 soli
1778 4371 1954 4424 lucem

368 4470 627 4533 fenerari,
679 4477 734 4524 et
776 4467 1008 4522 faculam
1049 4467 1338 4520 obscuram
1390 4463 1616 4519 meridie
1657 4461 1956 4517 accendere

366 4562 510 4616 velle
546 4563 851 4616 videamur.
897 4559 1203 4628 Antequam
1236 4567 1416 4612 autem
1452 4557 1520 4611 ad
1547 4557 1838 4612 lectionem
1871 4555 1956 4610 di-

370 4653 480 4706 vini
512 4653 677 4720 hujus
719 4663 772 4706 et
816 4653 990 4721 plane
1020 4651 1304 4720 apostolici
1357 4650 1547 4720 scripti
1576 4657 1631 4705 te
1671 4649 1950 4719 accingas,

2067 3478 2209 3516 mam
2259 3461 2394 3526 Roe,
2435 3463 2672 3533 equitem
2728 3470 3000 3526 auratum,
3049 3469 3103 3517 et
3154 3462 3299 3532 apud
3345 3461 3656 3520 Turcarum

2067 3555 2235 3624 impp.
2288 3557 2622 3612 serenissimi
2656 3557 2801 3627 regis
2833 3557 3005 3612 nostri
3045 3563 3354 3621 oratorem,
3404 3571 3529 3610 cum
3584 3574 3656 3612 ex

2065 3647 2286 3702 Oriente
2324 3649 2554 3713 rediret,
2599 3647 2743 3703 dono
2778 3648 2844 3701 ad
2880 3648 3293 3702 serenissimum
3325 3662 3508 3718 regem
3548 3663 3658 3703 no»

2065 3749 2238 3795 strum
2259 3741 2587 3795 transmisit.
2605 3740 2686 3794 Ad
2709 3741 2913 3794 calcem
2935 3741 3230 3796 venerandi
3253 3739 3416 3809 hujus
3439 3739 3654 3800 codicis

2065 3839 2117 3886 et
2148 3827 2431 3902 κειμηλίου
2470 3831 2929 3902 τιμαλφεστάτου,
2959 3832 3012 3886 in
3045 3831 3380 3888 membranis
3421 3831 3647 3894 laceris,

2066 3923 2271 3991 adjecta
2298 3929 2414 3976 erat
2442 3921 2736 3978 Clementis
2765 3921 2831 3976 ad
2853 3922 3170 3977 Corinthios
3188 3921 3431 3993 Epistola
3451 3922 3649 3977 eadem

2061 4029 2225 4066 manu
2251 4014 2474 4082 scripta,
2507 4029 2669 4083 quam
2697 4029 2841 4068 nunc
2878 4013 3022 4068 bono
3047 4012 3269 4082 publico
3297 4021 3352 4069 et
3380 4021 3475 4068 tuo
3517 4016 3648 4068 usui

2062 4101 2117 4155 in
2147 4103 2321 4156 lucem
2344 4101 2560 4162 damus,
2601 4102 2737 4173 legis
2762 4101 3136 4173 Pythagoricae
3154 4116 3262 4155 non
3296 4102 3652 4157 immemores

2061 4195 2224 4264 (quin,
2257 4194 2605 4265 ut-Synesius
2659 4195 2712 4248 in
2753 4193 2911 4250 Dione
2958 4201 3154 4248 auctor
3179 4201 3284 4257 est,
3310 4194 3410 4246 οὐκ
3440 4195 3507 4264 ea
3532 4198 3653 4258 τοῖς

2063 4288 2294 4359 βιϐλίοις
2322 4289 2615 4348 ὲπιποιείν,
2639 4286 2772 4340 ἀλλά
2791 4287 3037 4357 βούλεται
3055 4287 3236 4356 μένειν
3265 4286 3405 4339 αὐτά
3434 4287 3527 4338 ἐπὶ
3546 4287 3656 4357 τῆς

2058 4375 2282 4445 πρώτης
2305 4373 2503 4444 χειρὸς,
2521 4373 2668 4436 ὅπως
2691 4374 2820 4426 ποτὲ
2842 4374 2964 4444 ἔσχε
2977 4374 3166 4444 τύχης,
3195 4374 3227 4445 ἢ
3249 4374 3486 4445 τέχνης).
3512 4375 3657 4430 nihil

2057 4467 2357 4534 dementes,
2389 4467 2523 4520 nihil
2561 4467 2629 4520 de
2677 4475 2865 4521 nostro
2896 4466 3181 4531 addentes,
3216 4481 3326 4520 non
3356 4467 3654 4537 syllabam,

2056 4573 2166 4611 non
2190 4559 2445 4619 litteram,
2469 4573 2576 4611 non
2606 4557 2814 4627 apicem
2844 4565 2938 4610 aut
2966 4556 3074 4612 iota
3110 4572 3302 4620 unum,
3329 4556 3657 4613 fidelissime

2056 4659 2320 4721 quantum
2350 4650 2526 4718 potuit
2570 4650 2684 4704 fieri
2711 4650 3103 4719 expressimus.
3137 4647 3312 4704 Voces
3339 4656 3522 4704 autem
3551 4650 3657 4704 de-

366 4753 574 4814 patere,
607 4759 812 4813 quazso,
871 4753 929 4799 ut
978 4744 1044 4800 de
1093 4743 1420 4813 antiquitate
1451 4741 1780 4812 exemplaris
1839 4756 1948 4810 quo
1982 4723 2027 4777 D
2056 4741 2299 4812 perditas
2332 4748 2386 4794 et
2419 4740 2630 4795 litteras
2660 4748 2928 4795 vetustate
2975 4755 3191 4805 exesas,
3238 4741 3430 4810 spatiis
3464 4749 3519 4795 et
3563 4742 3659 4796 in-

362 4850 467 4889 nos
499 4835 582 4890 usi
607 4850 817 4902 sumus,
847 4842 901 4889 et
929 4834 996 4888 de
1024 4834 1278 4889 versione
1309 4841 1496 4888 nostra
1523 4834 1684 4902 plana
1711 4840 1766 4886 et
1798 4833 1943 4895 rudi,

362 4926 556 4998 paucis
588 4933 641 4979 te
673 4941 1012 4980 moneamus.
1048 4926 1304 4996 Cyrillus,
1340 4927 1434 4996 qui
1485 4926 1645 4981 hodie
1677 4926 1950 4980 Constan-

361 5018 592 5088 tinopoli
625 5017 1056 5087 patriarchatum
1086 5018 1319 5080 obtinet,
1349 5019 1435 5070 vir
1465 5017 1664 5087 pietate
1685 5023 1738 5071 et
1763 5016 1949 5071 erudi-

361 5113 512 5166 tione
544 5109 795 5179 insignis,
827 5125 890 5163 ex
927 5107 1180 5179 Aigyptn,
1219 5125 1343 5162 cum
1391 5109 1575 5164 sedem
1627 5107 1951 5163 Alexandri-

361 5219 489 5257 nam
541 5203 894 5271 relinqueret,
935 5217 1186 5272 magnam
1239 5203 1499 5256 librorum
1553 5203 1943 5274 supellectilem

362 5310 549 5349 secum
582 5293 818 5356 advexit,
856 5295 996 5348 inter
1038 5309 1176 5363 quos
1224 5295 1470 5350 codicem
1511 5294 1756 5348 omnium
1785 5302 1943 5348 vetu-

361 5386 668 5441 stissimum
712 5393 764 5439 et
797 5386 954 5455 longe
989 5386 1448 5455 pretiosissimum
1496 5387 1573 5456 (in
1596 5401 1706 5456 quo
1743 5385 1943 5441 veteris

361 5489 416 5531 et
462 5479 588 5534 novi
638 5479 860 5534 fmderis
907 5479 1026 5534 libri
1081 5479 1276 5536 litteris
1326 5479 1732 5550 grandioribus,
1774 5495 1941 5533 manu

363 5569 580 5626 Thecla:
628 5572 826 5628 nobilis
870 5571 1082 5627 femime
1117 5573 1405 5645 lEgyptim,
1440 5573 1586 5626 circa
1615 5573 1776 5643 primi
1808 5589 1944 5626 eon-

373 5665 473 5721 tilii
503 5663 705 5719 Nicteni
757 5673 1021 5735 tempora,
1060 5667 1356 5723 bellissime
1400 5666 1604 5722 exarati
1655 5665 1803 5736 sunt)
1848 5680 1943 5734 per

2055 4834 2305 4889 terstitiis
2335 4833 2749 4887 accuratissime
2769 4833 3025 4894 dimensi,
3055 4848 3152 4901 pro
3176 4832 3436 4902 ingenioli
3468 4836 3651 4888 nostri

2051 4928 2318 4983 tenuitate
2347 4927 2720 4997 supplevimus
2769 4935 2824 4980 et
2862 4927 3031 4980 minio
3057 4926 3225 4980 rubro
3256 4926 3422 4994 (novo
3451 4925 3561 4980 hoc
3595 4937 3654 4981 et

2051 5021 2315 5075 inusitato
2356 5020 2703 5087 imprimeudi
2747 5018 2990 5090 genere),
3023 5017 3379 5083 notavimus;
3423 5019 3574 5087 quod
3616 5035 3649 5072 a

2053 5113 2212 5168 nobis
2243 5113 2496 5167 consulto
2529 5111 2732 5165 factum
2757 5119 2860 5177 est,
2895 5126 2964 5164 ne
3001 5110 3314 5179 rejicientes
3355 5117 3408 5165 te
3438 5111 3652 5180 saepius

2053 5207 2116 5259 ad
2150 5212 2330 5267 notas,
2373 5205 2678 5259 molestiam
2728 5204 2828 5258 tibi
2877 5203 3124 5257 inutilem
3171 5217 3512 5268 crearemus,
3557 5207 3645 5259 vel

2050 5313 2201 5351 oram
2244 5297 2368 5352 libri
2398 5297 2789 5367 supplementis
2828 5304 2883 5351 et
2921 5294 3400 5351 emendationibus
3428 5295 3649 5352 crebris

2050 5391 2276 5444 nimium
2311 5389 2666 5452 fmdaremus,
2699 5388 2935 5459 denique
2961 5404 3031 5444 ne
3058 5389 3350 5445 industriis
3386 5387 3648 5443 feliciori-

2050 5482 2154 5537 bus
2197 5491 2250 5536 et
2292 5481 2524 5552 ingeniis
2548 5481 3067 5551 στοχαστικωτέροις
3096 5481 3471 5551 conjecturam
3502 5479 3648 5535 libe-

2050 5589 2166 5626 ram
2194 5574 2260 5626 ad
2282 5573 2550 5641 judicium
2586 5571 2811 5625 liberius
2842 5571 3275 5640 prteriperemus.
3324 5567 3382 5621 In
3424 5569 3649 5638 reliquo

2049 5667 2208 5721 etiam
2239 5680 2421 5735 opere,
2451 5671 2629 5720 errata
2659 5663 3060 5735 quamplurima
3086 5677 3477 5733 expunxrmus,
3498 5671 3554 5718 et
3584 5679 3646 5718 ut
