3936 6172
312 263 383 316 ιδ
1558 253 1902 311 PROOEMIA
1946 251 2335 313 VARIORUM.
3509 258 3579 314 46

311 375 497 429 omnia
551 389 714 444 quam
756 374 1200 430 emendatissima
1246 375 1549 444 prodirent,
1584 388 1682 442 pro
1725 372 1896 426 iacul—
1925 373 1972 430 Α
1999 371 2252 435 candam,
2286 377 2339 425 et
2372 370 2600 441 gratiam
2645 384 2709 424 ac
2750 371 2978 426 salutem
3012 372 3241 428 auditori
3279 388 3582 442 procuran-

312 474 426 521 tate
450 474 643 521 nostra
671 473 726 521 et
750 467 971 521 modulo
1002 466 1179 537 adnisi
1209 482 1419 523 sumus.
1446 465 1649 522 Verum
1688 466 1792 521 hoc
1816 466 1896 520 sic

309 557 489 628 accipi
516 558 791 622 volumus,
818 574 926 612 non
956 564 1217 628 tanquam
1248 567 1532 614 assecutos
1562 573 1663 613 nos
1703 557 1896 612 creda-

308 662 460 711 mus,
496 646 592 701 sed
633 654 895 719 tanquam
943 648 1163 718 assequi
1205 647 1657 709 laboraverimus,
1691 654 1745 701 et
1786 646 1900 701 for-

306 746 457 793 tasse
488 752 598 791 non
632 736 869 803 frustra;
901 738 948 792 si
974 739 1139 793 modo
1172 745 1230 792 tu
1262 738 1552 792 candidum
1584 745 1635 791 te.
1658 738 1898 791 aestima-

307 839 488 884 torem
516 828 765 884 laborum
804 840 1141 895 nostrorum,
1169 838 1223 885 et
1245 830 1536 900 diligentia:
1573 829 1895 899 qualiscun-

305 938 415 992 que
446 922 740 991 benignum
774 924 1120 991 interpretem
1149 923 1468 993 prmbueris,
1497 924 1671 993 stylus
1706 930 1897 977 aucto-

304 1015 386 1069 ris
417 1022 472 1069 et
495 1014 769 1069 scribendi
807 1031 980 1085 genus
1010 1016 1326 1085 primaevam
1369 1016 1773 1084 simplicitatem
1807 1028 1897 1069 sa-

304 1107 403 1175 pit,
433 1112 489 1161 et
520 1114 708 1160 tenera
740 1104 919 1161 adhuc
947 1106 1225 1162 nascentis
1250 1105 1507 1161 Ecclesiae
1536 1105 1889 1169 incunabula,

302 1198 511 1268 quibus
554 1207 768 1254 veteres
811 1197 1001 1254 Patres
1038 1206 1092 1253 et
1135 1198 1393 1253 Ecclesiae
1442 1198 1601 1268 primi
1653 1198 1887 1261 nutritii,

300 1290 441 1344 nihil
468 1290 746 1345 excelsum
782 1298 875 1344 aut
903 1291 1131 1356 elatum,
1172 1305 1273 1344 nec
1303 1291 1369 1343 ad
1401 1291 1689 1344 audientiae
1719 1305 1891 1359 popu-

298 1382 436 1437 laris
468 1384 755 1438 illecebras
796 1383 944 1437 culto
972 1398 1224 1439 sermone
1259 1382 1526 1447 fucatum,
1566 1384 1621 1436 in
1650 1383 1887 1438 medium

298 1477 656 1545 proferebant
687 1494 701 1543 ;
732 1477 825 1533 sed
866 1478 935 1532 ad
985 1478 1224 1533 divinam
1257 1478 1647 1549 indulgentiam
1691 1480 1882 1552 prardi-

1893 1628 1955 1639 .—

1999 460 2123 514 dam
2158 459 2240 532 (ut
2267 459 2575 531 Cyprianus
2611 460 2677 514 ad
2712 460 3002 533 Donatum)
3037 463 3215 518 verbis
3261 480 3372 521 non
3406 467 3584 522 diser-

1998 556 2072 610 tis
2100 556 2194 609 sed
2228 554 2486 621 fortibus,
2508 562 2562 610 et
2586 555 2707 609 rudi
2738 555 2968 610 veritate
2990 554 3331 626 simplicibus
3352 560 3581 616 uteban-

1998 656 2110 703 tur.
2142 646 2323 714 Quare
2368 648 2415 703 si
2457 648 2513 701 in
2565 648 2815 704 versione
2854 656 3040 703 nostra
3087 649 3291 720 eloquii
3326 662 3583 708 venusta-

1999 746 2106 792 tem
2139 745 2232 793 aut
2262 738 2520 793 rhetorici
2558 740 2835 795 sermonis
2869 740 3098 794 nitorem
3128 751 3434 811 exspectas.
3464 743 3584 797 fru-

2000 839 2113 885 stra
2138 829 2335 891 fueris;
2368 829 2523 896 lides,
2552 845 2664 884 non
2714 837 2942 886 ornatus
3009 839 3102 885 aut
3144 834 3434 888 verborum
3466 836 3581 890 ele-

2000 924 2204 993 gantia,
2238 924 2397 979 nobis
2421 938 2531 993 prae
2564 924 2737 979 oculis
2788 924 2841 977 in
2875 924 2979 979 hoc
3008 927 3227 995 negotio
3255 934 3392 981 erat.
3424 926 3582 994 Quod

1999 1015 2270 1085 reliquum
2305 1022 2409 1079 est,
2443 1016 2735 1070 conatibus
2772 1016 2979 1071 nostris
3028 1016 3167 1082 fave,
3193 1027 3246 1073 et
3284 1020 3583 1088 pleniorem

1998 1124 2156 1179 opem
2188 1109 2315 1163 huic
2342 1120 2536 1164 nostro
2560 1109 2760 1167 tribue.
2795 1110 3040 1179 aliosque
3080 1119 3311 1173 veteres,
3345 1113 3434 1183 qui
3468 1128 3582 1167 me-

2000 1203 2228 1257 moriam
2262 1217 2417 1257 suam
2446 1203 2543 1256 tibi
2576 1203 2983 1266 commendant,
3016 1203 3085 1256 ab
3109 1204 3399 1260 oblivionis
3438 1207 3582 1274 inju-

1998 1298 2079 1351 ria
2128 1311 2350 1362 assere;
2401 1310 2636 1365 quorum
2694 1296 3089 1350 immortalitati
3134 1297 3262 1351 dum
3310 1300 3576 1362 consulis,

1996 1388 2200 1457 pariter
2235 1395 2290 1442 et
2334 1395 2437 1441 tua:
2474 1386 2793 1456 prospicies.
2832 1385 2983 1449 Vale,
3015 1397 3067 1440 et
3096 1387 3455 1443 aeternitatem
3485 1404 3579 1444 co-

1996 1484 2126 1553 gita.
2161 1482 2357 1547 Oxonii
2388 1481 2559 1551 pridie
2589 1480 2707 1537 Kal.
2734 1480 2870 1535 Nov.
2905 1480 3061 1536 1652.

1265 1738 1371 1818 EJ
1387 1741 1726 1819 USDEM
1802 1736 2654 1827 ΠΡΟΣΗΜΕΙΩΣΙΣ.

375 1896 584 1951 Veteres
614 1896 894 1966 primitivm
943 1896 1197 1953 Ecclesia:
1243 1902 1494 1969 episcopi,
1538 1918 1640 1956 non
1688 1913 1893 1956 tantum
1924 1911 1968 1965 Β
1995 1901 2264 1968 exemplar
2292 1883 2609 1954 imitandum
2638 1906 2986 1966 proponeret:
3017 1907 3064 1951 et
3097 1895 3418 1959 Corinthios,
3452 1915 3580 1968 quos

288 1989 540 2059 gregibus
573 1991 676 2043 sibi
700 1992 1018 2055 commissis,
1050 2003 1105 2045 ut
1137 2001 1309 2046 monet
1338 1992 1569 2058 Paulus,
1595 1994 1776 2048 sedulo
1812 2006 1891 2049 at-

290 2078 596 2143 tendebant,
625 2098 751 2151 quos
784 2082 935 2135 verba
961 2093 1012 2136 et
1040 2100 1297 2147 sermone,
1329 2094 1616 2155 sanctaque
1637 2096 1685 2139 et
1714 2088 1887 2141 incul-

288 2182 420 2237 pata
455 2174 851 2228 conversatione
880 2175 1241 2240 instruebant;
1264 2193 1440 2230 verum
1459 2180 1644 2243 etiam,
1675 2189 1732 2233 ut
1761 2180 1890 2234 dile-

290 2263 521 2316 ctionem
573 2262 829 2332 Spiritus,
873 2264 1187 2319 charitatem
1233 2266 1585 2332 individuam,
1618 2286 1778 2322 unam
1816 2271 1885 2338 ﬁ-

288 2354 431 2418 dem,
460 2373 625 2409 unam
652 2355 966 2422 Ecclesiam,
991 2368 1041 2413 et
1070 2361 1426 2427 episcopatum
1457 2378 1621 2414 unum
1650 2363 1887 2417 ostende-

287 2457 429 2511 rent,
453 2464 641 2501 curam
684 2465 838 2503 suam
868 2460 917 2503 et
947 2451 1360 2506 sollicitudinem
1391 2451 1460 2505 ad
1489 2454 1638 2524 longe
1667 2454 1884 2510 dissitas

285 2540 661 2606 extendebant,
694 2550 742 2595 et
783 2558 909 2612 quos
935 2544 1049 2598 viva
1104 2561 1244 2611 voce,
1294 2556 1502 2615 propter
1533 2547 1766 2601 locorum
1799 2548 1883 2602 di-

290 2634 575 2697 stantiam,
614 2636 669 2688 in
699 2635 850 2689 verbo
882 2636 1098 2690 Domini
1148 2646 1199 2692 et
1240 2655 1361 2692 vera
1410 2640 1605 2709 pietate
1674 2642 1885 2695 erudire

286 2742 393 2779 non
420 2735 685 2793 poterant,
716 2743 805 2791 per
832 2729 1084 2796 epistolas
1113 2746 1342 2794 monere,
1374 2732 1665 2796 consulere,
1695 2734 1879 2804 objur-

283 2834 416 2886 gare
464 2816 751 2881 interdum,
795 2829 845 2873 et
890 2821 1189 2874 universam
1222 2822 1614 2891 fraternitatem
1656 2824 1737 2896 (ut
1773 2826 1881 2896 Cy-

283 2910 513 2976 prianus
546 2912 611 2963 de
652 2912 890 2979 epistolis
926 2914 1040 2967 suis
1071 2913 1141 2966 ad
1171 2913 1365 2967 clerum
1406 2913 1699 2970 Romanum
1743 2921 1879 2973 scri—

283 3004 390 3069 ptis
445 3001 701 3074 loquitur)
736 3002 804 3057 ad
857 3004 1243 3075 deprecandum
1285 3007 1382 3061 Dei
1438 3010 1879 3076 misericordiam,

286 3097 490 3166 alloqui
537 3106 585 3149 et
634 3096 840 3150 hortari
893 3115 996 3151 non
1043 3099 1351 3153 desinebant
1385 3116 1402 3152 :
1435 3100 1737 3172 duplicique
1785 3102 1883 3156 hac

284 3191 498 3243 ratione
551 3186 749 3243 Christi
781 3188 1127 3261 Evangelium
1156 3191 1539 3259 praedicabant.
1580 3193 1731 3260 Quod
1764 3195 1887 3250 Cle-

1991 1996 2062 2048 ad
2103 1995 2397 2063 fraternam
2442 1990 2779 2045 concordiam
2833 1999 2882 2042 et
2923 1989 3274 2044 humilitatem
3324 2001 3435 2044 tota
3483 1990 3583 2043 hac

1988 2087 2212 2153 epistola
2248 2084 2514 2148 hortatur,
2547 2100 2650 2136 non
2702 2090 2906 2135 tantum
2962 2084 3179 2151 scripto,
3211 2082 3303 2137 sed
3346 2083 3582 2151 exemplo

1991 2180 2158 2232 etiam
2190 2193 2307 2239 suo,
2340 2192 2516 2229 veram
2541 2186 2590 2229 et
2649 2189 2752 2229 non
2798 2175 3033 2243 fucatam
3083 2174 3583 2247 ταπεινοφροσύνην

1989 2268 2215 2328 doceret,
2239 2282 2377 2337 quae,
2402 2264 2608 2319 Basilio
2642 2275 2788 2331 teste,
2806 2266 2913 2319 τῶν
2934 2264 3105 2320 ἄλλων
3138 2266 3347 2337 ἀρετῶν
3375 2265 3582 2336 θησαυ-

1992 2358 2319 2431 ροφυλάκιον
2335 2366 2431 2411 est.
2448 2360 2565 2423 Quo
2576 2375 2713 2412 anno
2738 2369 2908 2411 autem
2923 2359 3256 2427 episcopatus
3274 2359 3390 2428 ejus
3419 2360 3583 2411 missa

1989 2453 2057 2505 sit
2087 2451 2196 2505 [nec
2217 2448 2463 2519 epistola,
2496 2459 2546 2504 et
2575 2468 2643 2504 an
2677 2449 2855 2505 Roma:
2877 2460 3011 2505 esset
3034 2449 3274 2504 Clemens
3299 2467 3417 2503 cum
3447 2450 3584 2504 hanc

1988 2541 2257 2606 scriberet,
2301 2542 2441 2610 apud
2487 2544 2733 2612 antiquos
2778 2542 2985 2596 nullum
3032 2543 3353 2612 vestigium:
3384 2542 3582 2611 proba-

1989 2632 2089 2686 bile
2120 2644 2329 2687 estnon
2361 2635 2510 2703 prius
2550 2636 2800 2704 scriptam
2842 2636 3007 2704 fuisse
3048 2652 3208 2706 quam
3244 2636 3299 2689 in
3336 2635 3582 2689 exsilium

1988 2728 2327 2797 relegaretur,
2358 2726 2496 2796 quod
2526 2726 2727 2796 factum
2753 2736 2829 2780 est
2874 2726 3081 2780 biennio
3121 2736 3403 2797 antequam
3436 2744 3585 2782 mar-

1988 2820 2124 2887 tyrio
2154 2820 2316 2873 vitam
2348 2819 2524 2888 ﬁniret
2542 2834 2561 2881 ;
2589 2817 2726 2888 quod
2754 2833 2818 2871 ea:
2849 2818 3012 2886 ipsius
3032 2818 3199 2872 verbis
3230 2835 3333 2871 non
3367 2820 3586 2873 obscure

1987 2909 2165 2979 colligi
2192 2919 2383 2978 potest,
2421 2910 2511 2963 ubi
2550 2910 2613 2963 de
2646 2908 2809 2962 Pauli
2850 2909 3141 2974 laboribus,
3178 2910 3242 2964 de
3276 2912 3462 2966 mortis
3493 2927 3582 2980 ge-

1986 3018 2129 3065 nere,
2162 3011 2211 3055 et
2260 3004 2509 3074 martyrii
2553 3002 2668 3055 loco
2698 3002 2986 3067 disserens,
3018 3004 3115 3069 ait,
3152 3021 3269 3057 eum
3299 3005 3353 3057 in
3386 3005 3583 3073 ﬁnibus

1998 3094 2298 3149 Occidentis
2319 3112 2537 3165 passum
2562 3112 2693 3149 esse.
2720 3095 3017 3149 Verisimile
3040 3105 3139 3156 est,
3168 3098 3215 3150 si
3236 3098 3289 3149 in
3313 3096 3440 3151 urbe
3470 3109 3584 3151 tum

1993 3186 2199 3255 fuisset,
2235 3187 2292 3238 ὲν
2321 3186 2495 3257 ταύτῃ
2524 3189 2590 3257 τῇ
2626 3186 2854 3256 βασιλίδι
2885 3186 3058 3249 πόλει,
3099 3188 3176 3240 vel
3208 3187 3412 3256 aliquid
3436 3188 3583 3256 ejus-

282 3281 451 3335 πιαιῑὶ
463 3280 825 3333 Alexandrino
842 3282 861 3311 ⁷
884 3290 961 3335 est
986 3282 1280 3354 ἐγγράφως
1299 3282 1393 3337 καὶ
1412 3286 1776 3355 ἀγράφωςτὺν
1797 3286 1881 3340 λό-

1987 3278 2150 3343 modi,
2201 3278 2426 3332 voluisse
2462 3277 2612 3330 illum
2654 3277 2900 3333 scribere.
2941 3278 3089 3332 Adde
3133 3280 3271 3349 quod
3311 3282 3493 3334 statim
3525 3283 3584 3335 in

281 3386 385 3438 γον
416 3373 732 3442 κηρύττειν,
753 3387 871 3425 voce
897 3372 1096 3426 scilicet
1122 3384 1172 3427 et
1204 3375 1532 3443 scripto;ubi
1547 3378 1736 3443 probat
1760 3380 1882 3432 ἐπι-

286 3466 509 3535 στήμην
538 3463 636 3535 τὴν
679 3464 766 3517 διὰ
793 3464 891 3535 τῆς
930 3465 1135 3537 χειρὸς,
1180 3483 1339 3536 quam
1370 3478 1521 3523 vocat
1556 3468 1879 3542 ἀγγελικὴν,

279 3573 391 3612 non
424 3558 601 3612 minus
624 3557 888 3612 commodi
915 3569 964 3612 et
989 3559 1239 3613 utilitatis
1272 3560 1523 3615 Ecclesia,
1546 3562 1642 3615 Dei
1666 3564 1877 3632 afferre,

283 3666 450 3715 quam
489 3649 645 3702 illam
695 3649 945 3713 alteram,
990 3666 1107 3720 quas
1170 3653 1257 3709 διὰ
1282 3653 1381 3726 τῆς
1416 3649 1660 3723 γλώττης
1698 3665 1795 3719 est,
1830 3666 1882 3709 et

280 3740 561 3809 κηρυκικὴ
583 3741 893 3810 appellatur.
909 3740 1048 3795 Hinc
1074 3753 1174 3807 est,
1201 3743 1338 3813 quod
1366 3744 1503 3797 inter
1523 3743 1797 3814 Cypriani,
1830 3758 1880 3803 et

281 3829 520 3882 aliorum
560 3830 787 3883 Patrum
820 3835 1041 3902 scripta,
1072 3835 1366 3905 frequentes
1410 3838 1647 3902 epistola:
1678 3838 1745 3892 ad
1778 3841 1884 3895 cle-

280 3938 405 3973 rum
438 3932 485 3975 et
521 3922 720 3990 plebem
750 3923 1080 3979 diversarum
1110 3924 1493 3990 Ecclesiarum,
1526 3932 1878 3996 reperiantur.

278 4011 548 4083 hujusque
581 4017 781 4085 generis
836 4027 959 4070 sunt
1002 4034 1119 4087 qua:
1164 4017 1466 4087 Encyclicaz
1515 4023 1877 4087 nominantur,

280 4107 463 4176 quali:
479 4118 527 4161 et
552 4109 682 4171 ha'c,
711 4126 828 4179 qua:
855 4111 909 4162 in
938 4112 1181 4165 manibus
1209 4120 1308 4175 est,
1341 4130 1442 4165 non
1469 4114 1728 4169 immerito
1760 4133 1881 4170 cen-

280 4198 455 4254 senda
483 4210 581 4263 est,
614 4218 732 4254 cum
764 4201 968 4270 publice
997 4204 1050 4255 in
1080 4203 1322 4258 omnibus
1368 4206 1601 4260 ecclesiis
1632 4209 1877 4276 primitus

279 4292 567 4362 legeretur,
599 4295 716 4346 licet
753 4292 821 4345 ad
870 4310 1031 4347 unam
1081 4294 1302 4363 scripta,
1335 4313 1398 4348 ac
1448 4296 1544 4351 hoc
1576 4301 1784 4354 nomine
1813 4301 1877 4354 ab

283 4383 589 4455 Epiphanio
619 4386 777 4439 etiam
812 4386 1151 4457 insigniatur.
1209 4387 1459 4459 Magnam
1527 4402 1701 4445 autem
1750 4393 1876 4447 olim

283 4473 426 4527 inter
458 4472 752 4526 Ecclesiam
794 4471 1087 4529 Romanam
1126 4486 1174 4531 et
1216 4477 1614 4535 Corinthiacum
1651 4488 1876 4538 necessi-

284 4564 545 4627 tudinem,
577 4573 627 4617 et
674 4565 971 4619 animorum
1020 4568 1439 4633 conjunctionem
1470 4573 1653 4640 fuisse,
1684 4586 1875 4643 praeter

280 4658 421 4709 hanc
475 4659 866 4726 responsoriam
916 4657 1222 4726 Clementis,
1255 4672 1515 4719 testantur
1561 4669 1723 4722 etiam
1767 4672 1875 4737 epi-

281 4749 440 4802 stola:
472 4748 714 4818 Dionysii
762 4750 1155 4804 Corinthiorum
1196 4757 1441 4824 episcopi.
1473 4774 1698 4827 quarum
1730 4777 1874 4813 men-

278 4840 483 4894 tionem
517 4841 647 4909 facit
680 4841 935 4898 Eusebius
968 4845 1224 4901 Historiaz
1251 4864 1363 4901 sua:
1392 4849 1483 4902 lib.
1520 4866 1594 4914 1v,
1628 4865 1748 4920 cap.
1779 4851 1871 4913 2:2,

273 4930 472 5003 quippe
500 4949 616 5001 quia
644 4934 854 4987 eosdem
878 4938 1141 5003 apostolos
1172 4938 1379 4991 Petrum
1405 4949 1453 4993 et
1484 4938 1734 5003 Paulum,
1765 4944 1876 5011 pri-

276 5037 397 5077 mos
425 5021 735 5090 laudatores
763 5025 1034 5081 haberent.
1066 5037 1114 5081 et
1138 5027 1190 5081 in
1220 5028 1401 5083 eadem
1431 5030 1535 5097 ﬁde
1564 5032 1874 5099 conspiran-

278 5124 380 5179 tes,
411 5114 671 5169 doctrina:
710 5120 1170 5187 consanguinitate
1202 5121 1281 5190 (ut
1328 5122 1494 5174 verbis
1556 5122 1873 5178 Tertulliani

277 5208 453 5276 utar),
485 5208 633 5275 pacis
676 5212 1184 5279 communicatione,
1242 5213 1591 5275 fraternitatis
1643 5217 1876 5283 appella-

279 5304 446 5364 tione,
472 5312 523 5355 et
565 5302 946 5370 hospitalitatis
998 5308 1455 5370 contesseratione,
1499 5315 1747 5379 tanquam
1778 5309 1874 5376 ﬁr—

278 5394 524 5447 missimo
555 5394 778 5464 glutino,
810 5394 947 5449 inter
984 5413 1038 5450 se
1078 5397 1295 5450 invicem
1325 5398 1719 5467 copularentur.
1762 5395 1869 5451 Ec-

276 5488 459 5541 clesia:
484 5497 662 5540 autem
686 5487 939 5545 Romana:
996 5507 1100 5545 non
1132 5507 1285 5544 suum
1306 5507 1490 5544 nomen
1542 5492 1707 5560 fronti
1732 5507 1869 5559 pra:-

278 5580 431 5647 ﬁxit;
466 5588 523 5630 ut
578 5578 844 5636 modestia
886 5592 936 5637 et
985 5582 1301 5637 humilitatis
1346 5584 1569 5652 posteris
1624 5583 1869 5640 a'tatibus

404 5714 528 5771 Lib.
570 5734 587 5771 ι
627 5718 827 5776 Strom.

1983 3370 2159 3431 initio,
2175 3384 2294 3423 cum
2314 3366 2619 3422 tarditatem
2638 3385 2791 3421 suam
2811 3370 2862 3421 in
2880 3371 3211 3423 rescribendo
3229 3381 3469 3435 excusat,
3489 3388 3582 3425 ca-

1984 3464 2289 3517 lamitatum
2311 3479 2532 3517 suarum
2552 3473 2603 3515 et
2626 3462 3014 3533 περιπτώσεων
3046 3466 3359 3518 mentionem
3379 3466 3580 3535 faciat:

1989 3556 2104 3611 ἀλλ’
2135 3557 2317 3627 ἐπέχω
2350 3557 2443 3609 καὶ
2472 3555 2621 3609 οὐδὲν
2636 3556 2824 3626 ὁρίζω,
2844 3565 2890 3608 et
2903 3570 2967 3608 ex.
2982 3557 3065 3609 via
3080 3557 3179 3610 hac
3196 3558 3400 3628 ἀϐάτῳ,
3419 3574 3579 3629 quam

1984 3665 2134 3703 nemo
2162 3659 2284 3703 ante
2314 3649 2559 3712 calcavit,
2586 3648 2766 3718 pedem
2799 3648 2987 3716 refero.
3018 3648 3150 3703 Post
3177 3654 3575 3715 salutationem,

1982 3755 2099 3808 qua
2136 3738 2301 3792 verbis
2352 3737 2601 3791 Paulinis
2645 3738 2959 3806 concipitur,
3013 3736 3322 3792 Corinthios
3367 3749 3579 3808 propter

1983 3830 2278 3882 constantis
2313 3827 2437 3897 ﬁdei
2475 3829 2856 3892 sinceritatem,
2884 3839 3096 3898 propter
3116 3847 3320 3885 morum
3340 3833 3578 3899 probita-

1984 3928 2107 3983 tem,
2145 3929 2188 3974 ει
2213 3921 2471 3989 insignem
2502 3921 2556 3972 in
2588 3919 2831 3973 omnibus
2847 3922 3143 3991 εὐκοσμίαν
3173 3924 3266 3975 καὶ
3290 3922 3574 3987 εὐταξίαν,

1982 4010 2305 4064 vehementer
2338 4011 2547 4075 laudat,
2578 4022 2626 4065 et
2654 4013 2709 4065 in
2738 4011 2834 4065 hoc
2872 4014 3034 4065 etiam
3065 4013 3229 4067 Pauli
3256 4014 3576 4083 discipulum

1981 4120 2035 4156 se
2065 4102 2273 4171 probat,
2301 4104 2391 4174 qui
2420 4102 2687 4172 Epistolas
2713 4121 2838 4157 suas
2864 4123 2896 4157 a
2930 4105 3176 4159 laudibus
3207 4106 3375 4159 ordiri
3406 4118 3569 4163 amat.

1982 4192 2070 4248 Sic
2095 4195 2233 4248 enim
2257 4195 2326 4248 ad
2343 4195 2610 4250 Romanos
2626 4217 2645 4251 ,ο
2672 4197 2735 4248 Ἦ
2758 4198 2938 4261 πίστις
2969 4198 3119 4267 ὑμῶν
3147 4200 3573 4266 καταγγέλλεται

1980 4287 2039 4339 ἐν
2069 4286 2173 4357 ὅλῳ
2197 4287 2275 4357 τῷ
2300 4288 2510 4358 κόσμῳ,
2532 4290 2607 4341 sic
2625 4288 2694 4340 ad
2714 4286 3046 4343 Corinthios:
3068 4289 3480 4361 Ἑπλουτίσθητε
3513 4293 3575 4345 ὲν

1980 4380 2224 4450 αὐτῴ,ἐν
2254 4383 2421 4435 παντὶ
2436 4381 2577 4451 λόγῳ
2594 4382 2687 4433 καὶ
2706 4381 2854 4454 πάσῃ
2890 4380 3108 4448 γνώσει,
3128 4380 3268 4434 ὥστε
3313 4383 3455 4452 ὑμᾶς
3496 4382 3572 4454 μὴ

1981 4470 2327 4543 ὑστερεῖσθαι
2346 4474 2404 4524 ἐν
2437 4472 2623 4541 μηδενὶ
2641 4474 2964 4543 χαρίσματι.
2986 4471 3087 4525 Sed
3111 4490 3213 4526 non
3236 4486 3309 4532 est
3332 4475 3571 4542 proposi-

1981 4573 2090 4615 tum
2122 4576 2359 4617 nostrum
2383 4574 2689 4617 accuratam
2720 4564 2986 4634 analysin,
3018 4574 3108 4616 aut
3138 4565 3395 4635 longiores
3428 4583 3572 4619 com-

1984 4658 2268 4709 mentarios
2300 4658 2566 4711 scribere:
2597 4673 2756 4727 neque
2798 4672 2968 4725 opera:
3016 4659 3423 4729 typographica',
3452 4676 3579 4731 quia

1983 4760 2239 4803 connatas
2271 4749 2366 4803 has
2396 4759 2445 4803 et
2475 4751 2778 4819 congenitos
2820 4751 3102 4803 stricturas
3132 4752 3390 4820 pra'cipiti
3418 4753 3570 4821 festi-

1983 4841 2195 4894 natione
2231 4840 2540 4904 extrudunt,
2571 4841 2912 4893 immaturum
2953 4840 3115 4909 fetum
3155 4844 3408 4896 teneriore
3438 4861 3568 4896 cura

1985 4932 2232 4997 lambere,
2266 4943 2314 4987 et
2343 4935 2551 5003 paterni
2579 4934 2797 5002 affectus
2830 4934 3186 5004 γνωρίσματα
3214 4936 3376 4988 simul
3409 4951 3567 5004 expo-

1984 5042 2124 5090 nere,
2156 5030 2452 5094 patiuntur.
2481 5027 2659 5092 Quare
2696 5036 2885 5094 prwter
2915 5027 3010 5080 illa
3044 5043 3162 5095 qua:
3204 5027 3371 5095 magis
3414 5027 3566 5081 obvia

1982 5129 2154 5181 erant,
2186 5128 2233 5172 et
2277 5135 2436 5188 supra
2468 5136 2499 5171 a
2529 5120 2677 5173 uobis
2709 5120 2817 5172 suis
2849 5119 2977 5172 locis
3013 5121 3065 5170 in
3119 5120 3355 5187 margine
3388 5117 3565 5171 emen-

1976 5212 2105 5265 data
2142 5220 2285 5275 sunt,
2331 5212 2574 5281 qua'dam
2622 5212 3105 5279 inpra’sentiarum,
3137 5226 3253 5280 qua:
3304 5208 3559 5262 mcdicam

1977 5320 2194 5356 manum
2229 5304 2553 5367 desiderant,
2586 5304 2664 5357 vel
2711 5312 2895 5357 notatu
2932 5304 3177 5373 digniora
3224 5302 3557 5366 videbuntur,

1974 5396 2388 5461 observabimus,
2444 5397 2647 5465 reliqua
2709 5413 2829 5450 cum
2889 5395 3095 5449 Gra'cia
3144 5404 3234 5447 aut
3294 5392 3558 5464 ngyptus

1972 5489 2243 5558 exemplar
2262 5489 2612 5543 emaculatius
2636 5499 2684 5542 et
2710 5489 2988 5558 perfectius
3013 5488 3159 5543 nobis
3184 5487 3560 5541 subministra-

1973 5583 2101 5647 rint,
2132 5582 2210 5636 vel
2254 5583 2306 5634 in
2355 5580 2664 5652 Hieronymi
2717 5582 3002 5635 versionem
3030 5581 3278 5634 Latinam
3329 5578 3557 5636 incidere
