3936 6172
423 245 489 298 ιῖ
1586 250 1674 303 AD
1707 250 1761 305 S.
1802 250 2224 309 CLEMENTEM
2266 254 2285 308 Ι
2320 254 2554 309 PAPAM
3589 266 3657 321 £8

416 358 708 449 contigerit,
739 374 893 426 quam
933 357 986 411 in
1018 358 1337 415 bibliothecis
1381 363 1575 416 alicubi
1618 366 1800 429 latere,
1846 384 1986 435 spem
2016 376 2061 431 Α
2091 372 2283 424 calcem
2301 370 2529 440 Operam
2554 371 2854 442 Fulgentii;
2883 384 3036 443 atque
3059 390 3263 429 nimam
3294 379 3347 429 id
3378 380 3659 449 aliquando

414 449 562 503 nobis
595 448 723 518 facit
754 451 1024 521 catalogus
1063 452 1301 506 codicum
1344 455 1574 524 fratrum
1623 457 1980 521 Labiensium,

412 557 558 608 quem
589 541 731 595 domi
782 541 1027 596 habemus
1073 544 1324 612 scriptum
1382 556 1501 601 ante
1530 548 1635 603 400
1684 566 1871 613 annos,
1913 550 1981 602 ad

2086 463 2308 525 ευεηὶαι,
2334 471 2381 515 et
2413 478 2526 531 spes
2554 474 2747 517 nostra?
2773 481 2874 519 non
2904 466 3083 521 inanes
3107 466 3592 535 deprehendantur!

2004 707 2066 717 ..-

797 779 897 838 Ex
931 779 1203 857 epistola
1236 783 1472 848 Gallica
1508 788 1584 847 V.
1612 790 1687 849 A.
1724 790 2103 871 Hieronymi
2139 791 2440 871 Bignonii
2471 793 2547 854 ad
2581 794 2925 873 Hugonem
2965 794 3285 872 Grotium,

1411 891 1551 952 data
1584 894 1850 953 Lutetiae
1907 918 1960 957 a.
2018 903 2074 958 d.
2115 899 2152 956 7
2183 897 2454 975 Augusti
2491 898 2665 958 1633.

478 993 646 1049 Velim
691 992 832 1048 scire
875 990 1149 1062 quodnam
1177 991 1248 1046 sit
1278 1000 1430 1045 tuum
1455 992 1723 1060 judicium
1757 992 1824 1047 de
1863 994 1981 1063 epi-

401 1088 543 1141 stola
572 1085 869 1140 Clementis
900 1100 1073 1154 nuper
1115 1084 1171 1137 in
1199 1083 1390 1154 Anglia
1433 1083 1600 1138 edita.
1635 1081 1794 1139 Fides
1830 1085 1981 1139 codi-

399 1185 479 1237 cis
510 1180 889 1250 manuscripti,
923 1179 1016 1246 qui
1047 1194 1114 1233 ex
1146 1177 1366 1233 Oriente
1403 1178 1661 1232 advectus
1695 1179 1901 1233 dicitur
1923 1187 1978 1234 et

400 1275 470 1328 Μ.
497 1273 792 1327 Britannia:
812 1273 927 1342 regi
953 1270 1209 1331 donatus,
1235 1270 1523 1325 sinceritas
1552 1268 1771 1324 Patricii
1801 1270 1972 1335 Junii,

395 1368 484 1436 qui
513 1382 630 1421 eam
662 1365 852 1429 edidit,
879 1366 1188 1419 testimonia
1207 1380 1236 1417 a
1268 1363 1542 1417 veteribus
1566 1378 1629 1416 ex
1652 1378 1715 1416 ea
1744 1363 1975 1432 epistola

393 1461 736 1528 deprompta,
777 1472 897 1527 qua:
921 1456 973 1509 in
1003 1456 1105 1510 hac
1119 1457 1415 1509 etiamnum
1440 1454 1712 1523 leguntur,
1737 1456 1973 1523 primum

391 1564 575 1602 veram
603 1556 660 1601 ut
711 1547 989 1601 crederem
1038 1545 1336 1600 Clementis
1365 1545 1649 1613 epistolam
1684 1560 1770 1599 me
1801 1546 1974 1600 addu-

391 1648 614 1696 xerunt.
665 1638 861 1694 Postea
908 1638 1032 1709 styli
1090 1637 1338 1707 quaedam
1372 1637 1514 1691 ratio
1544 1643 1597 1691 et
1628 1638 1877 1705 spiritus,
1912 1646 1972 1692 ut

389 1734 465 1787 ita
494 1734 694 1796 dicam,
736 1730 922 1786 saeculi
990 1731 1063 1783 ita
1094 1730 1144 1785 ei
1170 1730 1350 1783 inesse
1396 1728 1744 1791 videbantur,
1777 1738 1835 1783 ut
1880 1731 1969 1783 vix

2082 997 2230 1051 ximo
2258 999 2625 1066 apostolorum
2655 997 2958 1069 discipulo;
2990 1003 3239 1071 quamvis
3266 1006 3361 1074 qui
3407 1020 3529 1061 eum
3570 1024 3655 1063 se-

2082 1092 2191 1143 cuti
2228 1101 2375 1155 sunt,
2408 1106 2474 1145 eo
2495 1100 2815 1161 argumento
2838 1095 2925 1148 usi
2960 1096 3092 1158 sint,
3124 1098 3221 1151 sed
3255 1103 3449 1152 contra
3472 1100 3654 1154 ethni-

2079 1195 2174 1235 cos
2214 1188 2267 1235 et
2312 1182 2687 1251 philosophos,
2739 1185 2903 1254 inque
2959 1188 3179 1255 scriptis
3228 1188 3369 1242 alius
3416 1192 3651 1258 generis,

2079 1286 2240 1339 quam
2276 1279 2359 1325 est
2409 1273 2637 1340 epistola
2669 1273 2733 1326 ad
2773 1273 3068 1328 Ecclesium
3112 1278 3464 1346 apostolicam
3500 1282 3651 1347 data,

2075 1376 2304 1431 quaeque
2356 1363 2677 1433 aliquandiu
2719 1380 2820 1435 pro
2861 1368 3129 1421 canonica
3178 1368 3362 1423 habita
3390 1378 3492 1426 est.
3544 1369 3651 1428 0c-

2076 1454 2249 1507 currit
2297 1455 2463 1509 etiam
2508 1455 2683 1520 locus,
2737 1458 2792 1510 in
2834 1474 2944 1527 quo
2989 1460 3296 1516 oblationes
3342 1463 3458 1516 vult
3510 1464 3650 1531 loco,

2073 1551 2317 1615 tempore
2333 1555 2386 1599 et
2408 1546 2560 1602 horis
2582 1548 2748 1602 certis
2764 1548 3086 1620 ollerri,pag.
3111 1552 3178 1606 52
3189 1560 3243 1606 et
3265 1554 3353 1617 55,
3374 1554 3464 1607 ubi
3488 1557 3650 1610 etiam

2075 1637 2276 1706 legitur
2305 1640 2501 1692 vocula
2533 1640 2723 1701 laicus,
2769 1656 2890 1709 qua:
2940 1642 3073 1695 inilii
3113 1652 3365 1713 suspecta
3395 1654 3498 1700 est.
3544 1645 3649 1699 Pa-

2073 1730 2199 1799 gina
2227 1732 2392 1785 etiam
2423 1731 2493 1785 62
2514 1731 2808 1788 Ecclesiam
2850 1732 3184 1789 Corinthiam
3209 1738 3442 1808 ἀρχαίαν
3470 1748 3646 1803 vocat,

389 1822 675 1878 dubitandi
711 1829 856 1877 esset
894 1821 1066 1876 locus.
1098 1820 1373 1883 Attamen,
1400 1819 1527 1874 dum
1558 1835 1677 1873 eam
1711 1819 1849 1889 lego,
1887 1820 1971 1873 fa-
2008 1810 2049 1863 Β
2076 1820 2221 1887 quod
2249 1820 2337 1873 vix
2366 1820 2631 1875 Clementi
2657 1827 2952 1880 convenire
2980 1836 3161 1896 queat.
3212 1826 3477 1897 Denique,
3522 1846 3649 1885 cum

388 1926 507 1971 leor
531 1916 662 1969 mihi
687 1912 933 1984 quaedam
962 1912 1017 1966 in
1045 1927 1109 1967 ea
1132 1926 1423 1969 occurrere
1444 1927 1471 1964 a
1504 1912 1644 1982 style
1667 1912 1969 1980 apostolico

387 2009 585 2062 aliena.
619 2008 810 2060 lnsunt
834 2040 837 2043 -
859 2004 1229 2075 frequentiora
1278 2004 1539 2075 epitheta,
1571 2002 1967 2073 ampliﬁcandi-

386 2116 493 2171 que
533 2099 795 2165 formula,
836 2112 959 2167 quae
990 2110 1166 2151 arvum
1218 2096 1531 2165 posterius,
1584 2093 1966 2163 Lilurgiasque

386 2202 440 2247 et
495 2190 825 2261 Euchologia
873 2187 1185 2242 Graecorum
1237 2202 1429 2257 sapere
1475 2186 1745 2240 videntur.
1796 2187 1967 2255 Argu-

386 2299 630 2344 mentum
680 2300 711 2340 e
774 2285 1022 2353 phmnice
1081 2286 1337 2349 ductum,
1386 2284 1615 2354 ejusque
1671 2281 1969 2351 descriptio

384 2382 583 2445 aliena,
617 2392 740 2433 meo
768 2377 986 2449 quidem
1015 2376 1245 2447 judicio,
1274 2383 1403 2433 sunt
1436 2390 1465 2427 a
1496 2375 1795 2439 Clemente,
1836 2388 1967 2443 pro-

1961 2493 2030 2503 ...-

2078 1910 2343 1979 scriptum
2403 1912 2697 1981 genuinum
2750 1930 3043 1980 censeam,
3093 1917 3418 1973 crediderim
3470 1932 3651 1975 tamen

2076 2002 2260 2071 plures
2285 2004 2558 2060 clausulas
2581 2016 2634 2060 et
2664 2022 2826 2062 voces
2858 2009 2909 2061 ei
2932 2008 3148 2065 additas
3174 2010 3242 2063 ab
3267 2011 3335 2066 iis
3386 2026 3417 2065 a
3448 2012 3653 2081 quibus

2074 2103 2262 2162 postea
2293 2097 2569 2167 exscripta
2596 2106 2716 2165 est;
2752 2100 2896 2169 quod
2925 2101 3091 2154 etiam
3120 2101 3251 2157 aliis
3278 2102 3520 2171 ejusdem
3558 2119 3651 2156 an-

2072 2186 2344 2255 tiquitatis
2378 2189 2624 2259 scriptis,
2661 2191 2875 2260 ipsique
2914 2191 3050 2247 adeo
3095 2191 3363 2248 Clementi
3394 2196 3643 2263 contigit.

2077 2277 2335 2335 Libenter
2366 2282 2668 2337 audiverim
2712 2285 2842 2354 quid
2872 2285 2940 2340 de
2968 2300 3028 2341 re
3075 2287 3281 2341 sentias
3311 2295 3389 2351 tu,
3424 2289 3509 2340 cui
3536 2304 3645 2342 non

2071 2372 2249 2437 facile,
2276 2374 2343 2428 ad
2377 2376 2505 2428 talia
2534 2377 2747 2445 egregie
2774 2376 3027 2445 sapienti,
3052 2378 3259 2448 imponi
3292 2386 3476 2448 queat.

384 2574 570 2649 llugo
603 2565 865 2630 Grotius
899 2562 1152 2643 epistol.
1187 2561 1262 2623 ad
1295 2559 1525 2649 Gallos
1548 2577 1713 2649 ουν,
1746 2557 1822 2649 ad
1855 2556 2335 2649 amplissimum
2379 2556 3086 2649 v‘irumnﬂieronymum
3118 2558 3533 2637 Bignonium,
3571 2555 3641 2620 in

1134 2656 1446 2719 supremo
1491 2641 1731 2699 Senatu
1763 2637 2107 2697 Parisiensi
2146 2638 2546 2697 Advocatum
2578 2639 2878 2715 Regium.

456 2768 750 2840 Epistolam
778 2782 900 2838 qua:
930 2765 1226 2821 Clementis
1256 2763 1323 2817 ad
1353 2762 1668 2818 Corinthios
1698 2763 1953 2819 inscribi-

378 2871 490 2927 tur,
537 2862 622 2915 vir
659 2859 1024 2929 amplissime,
1069 2857 1138 2910 ab
1186 2856 1373 2927 Anglis
1430 2856 1755 2925 promissam
1817 2855 1951 2910 mihi

372 2956 485 3025 jam
518 2952 748 3023 pridem,
791 2965 915 3003 cum
954 2947 1255 3017 Hamburgi
1292 2945 1496 3000 frustra
1521 2945 1613 2999 diu
1644 2955 1953 3015 exspectas-

377 3064 512 3112 sem,
546 3061 693 3100 nunc
739 3044 978 3107 domum,
1014 3050 1303 3112 postquam
1336 3038 1755 3093 Francofurtum
1803 3039 1948 3103 veni,

374 3139 479 3193 viri
511 3137 755 3200 maximi,
806 3134 1106 3189 Succorum
1157 3133 1290 3203 regii
1323 3131 1636 3187 cancellarii
1672 3140 1891 3193 vocatu,
1918 3146 1947 3184 a

374 3230 581 3286 familia
610 3226 898 3299 Anglicani
928 3225 1088 3296 legati
1116 3224 1348 3296 accipio.
1382 3222 1544 3277 Nolui
1581 3238 1709 3277 vero
1738 3221 1805 3275 ad
1840 3238 1948 3276 mo-

371 3339 489 3378 ram
512 3324 676 3387 hanc,
712 3323 831 3377 sine
860 3335 978 3375 mea
1011 3319 1168 3387 culpa
1204 3327 1408 3377 natam,
1435 3315 1596 3368 aliam
1632 3314 1947 3384 adjungere,

371 3414 623 3483 quamvis
642 3428 744 3468 nec
772 3413 967 3467 littera:
995 3419 1101 3465 tuae
1130 3410 1332 3480 quibus
1362 3421 1684 3476 responsum
1715 3413 1825 3459 tam
1854 3406 1949 3460 diu

370 3506 564 3570 debeo,
619 3514 803 3560 essent
855 3504 923 3558 ad
968 3518 1215 3565 manum,
1270 3513 1447 3569 neque
1487 3498 1775 3562 librorum,
1812 3512 1951 3567 quos

370 3602 648 3669 inspectos
680 3599 896 3660 vellem,
930 3596 1109 3665 copia.
1142 3592 1299 3660 Quod
1329 3606 1495 3645 unum
1528 3590 1700 3660 potui,
1746 3591 1951 3658 episto-

371 3692 479 3745 lam
526 3691 672 3743 illam
720 3689 825 3759 legi
880 3688 1159 3758 relegique
1215 3684 1540 3754 aliquoties,
1591 3690 1645 3737 et
1697 3682 1951 3736 omnibus

370 3792 639 3855 quantum
684 3798 931 3837 mearum
973 3790 1058 3837 est
1104 3780 1301 3835 virium
1340 3777 1617 3847 expensis,
1658 3776 1815 3829 aliter
1842 3774 1952 3829 cxi-

370 3879 598 3931 stimare
628 3890 736 3928 non
768 3874 941 3943 potui,
974 3873 1108 3943 quin
1138 3872 1255 3925 haec
1288 3869 1359 3925 sit
1387 3869 1574 3923 eadem
1622 3883 1785 3936 quam
1821 3867 1951 3937 legit

368 3968 619 4031 Photius,
653 3965 815 4035 cujus
852 3973 1095 4033 tempore
1132 3978 1257 4016 cum
1289 3959 1582 4023 exstiterit,
1614 3974 1724 4011 non
1751 3959 1949 4012 mirum

366 4068 471 4121 est,
504 4058 549 4112 si
583 4056 651 4110 ad
686 4064 876 4111 nostra
900 4061 1145 4123 tempora
1170 4054 1225 4106 in
1252 4051 1626 4107 sanctioribus
1658 4051 1813 4104 libris
1841 4064 1952 4104 ser-

366 4155 490 4198 vata
524 4145 706 4199 fuerit.
740 4143 928 4213 Neque
970 4158 1096 4197 vero
1121 4157 1302 4196 causae
1329 4140 1626 4212 quidquam
1650 4141 1830 4205 video,
1853 4155 1952 4193 cur

366 4247 459 4291 aut
490 4239 577 4291 illa
607 4252 771 4307 quam
812 4236 1040 4291 Photius
1072 4235 1221 4307 legit,
1254 4251 1364 4289 non
1392 4236 1580 4289 eadem
1607 4236 1677 4289 sit
1711 4250 1836 4288 cum
1886 4248 1950 4287 ea

363 4342 527 4395 quam
560 4324 924 4396 Hieronymus
965 4334 1020 4379 ct
1062 4333 1188 4379 ante
1230 4340 1354 4379 eum
1413 4323 1667 4378 Clemens
1715 4323 1951 4376 Alexan-

364 4416 578 4481 drinus,
613 4416 948 4486 propiusque
977 4413 1273 4469 Clementis
1315 4413 1545 4466 Romani
1574 4423 1816 4481 tempora
1840 4412 1951 4467 1ιό-

2058 2762 2349 2833 λοπρεπές,
2380 2760 2900 2833 ἀπροσωπολήπτως
2932 2761 3347 2832 ῥιψοκινδύνως,
3381 2761 3642 2814 αὐτεπαί-

2054 2873 2224 2918 νετος,
2242 2856 2675 2927 ὲργοπαρέκτης,
2723 2855 3113 2925 ἀξιαγάπητος,
3136 2854 3640 2925 μωμοσκοπεῖσθαι,

2055 2949 2411 3022 ἐτεροκλινές,
2471 2947 2881 3019 ἐτερογνὼμων,
2942 2957 3018 3012 et,
3062 2964 3171 3019 quo
3228 2949 3403 3004 Lucas
3442 2950 3639 3016 utitur,

2052 3042 2471 3114 ἀντοφθαλμεῖν,
2496 3042 2709 3111 aliaque
2738 3042 2958 3097 similia.
2988 3041 3054 3095 Et
3078 3045 3194 3113 ipse
3216 3058 3416 3107 sermo,
3443 3059 3552 3098 non
3578 3053 3640 3099 ut

2053 3137 2401 3208 ἑδραῖζουσιν
2425 3136 2477 3188 in
2506 3135 2767 3189 minutias
2792 3136 3071 3199 concisus,
3097 3135 3190 3189 sed
3212 3136 3412 3205 largius
3439 3134 3636 3193 fluens.

2051 3227 2186 3282 Nam
2237 3237 2291 3283 et
2322 3229 2519 3282 lectum
2559 3227 2628 3279 ab
2678 3227 2771 3280 illo
2830 3225 3146 3295 Euripidem
3196 3236 3250 3281 et
3308 3226 3636 3297 Sophoclem

2049 3320 2346 3377 ostendunt
2379 3320 2659 3374 sententia:
2690 3336 2757 3374 ex
2788 3319 2934 3373 illius
2964 3315 3455 3387 Phwnissis,hujus
3475 3321 3512 3373 Α
3514 3319 3643 3388 jace

2052 3413 2351 3467 translatae.
2375 3410 2657 3465 Accedunt
2692 3410 2893 3465 indicia
2938 3425 3046 3464 non
3080 3410 3351 3463 simulata:
3388 3416 3634 3462 vetusta-

2052 3504 2123 3557 tis
2150 3524 2161 3557 :
2188 3503 2342 3569 Quod
2375 3503 2442 3556 de
2472 3500 2693 3557 Christo
2739 3518 2955 3571 semper
2986 3502 3253 3571 loquitur,
3299 3516 3409 3554 non
3450 3506 3505 3552 ut
3535 3516 3634 3569 po-

2049 3597 2308 3650 steriores
2346 3594 2842 3664 πλατωνικώτερον,
2876 3593 2969 3646 sed
3001 3593 3321 3661 simpliciter
3350 3593 3529 3662 plane,
3576 3600 3635 3645 et

2051 3698 2111 3740 ut
2141 3686 2345 3741 Paulus
2370 3686 2651 3754 apostolus
2684 3686 2839 3740 solet.
2873 3683 2991 3735 Alia
3015 3698 3231 3752 quoque
3254 3682 3504 3752 dogmata
3531 3696 3629 3751 po—

2051 3785 2166 3832 stea
2195 3776 2450 3831 subtilius
2479 3774 2748 3844 explicata
2798 3781 2995 3829 tractat
3028 3772 3410 3843 ἀφελέστερον,
3439 3779 3492 3826 et
3532 3784 3633 3825 vo-

2050 3870 2209 3923 cibus
2269 3868 2534 3938 κλήσεως,
2609 3866 2843 3937 κλητῶν,
2912 3865 3201 3930 ἐκλεκτῶν,
3255 3880 3422 3920 sensu
3466 3864 3632 3934 plane

2050 3962 2279 4017 Paulino
2320 3962 2522 4025 utitur;
2580 3961 2726 4031 quod
2754 3964 2813 4014 in
2840 3956 3050 4015 Veteris
3098 3958 3449 4013 lnstrumenti
3492 3958 3629 4013 locis

2052 4055 2401 4126 purissimam
2454 4070 2631 4123 neque
2688 4052 2873 4106 adhuc
2929 4052 3310 4121 interpolatam
3378 4051 3630 4120 sequitur

2054 4145 2406 4218 Septuaginta
2430 4161 2620 4200 senum
2649 4144 2975 4199 versionem.
3010 4143 3115 4197 Sed
3141 4158 3241 4198 nec
3271 4144 3394 4197 illos
3418 4145 3629 4212 spernit

2052 4237 2404 4295 llebrmorum
2438 4238 2627 4299 libros,
2662 4237 2755 4306 qui
2786 4236 3087 4291 secundum
3106 4236 3268 4292 Vetus
3294 4236 3630 4290 Instrumen—

2054 4342 2166 4387 tum
2198 4331 2339 4402 apud
2372 4330 2811 4386 Christianorum
2858 4328 3272 4397 antiquissimos
3318 4328 3623 4381 auctorita-

2054 4434 2161 4479 tem
2199 4424 2471 4488 habuere;
2502 4422 2645 4491 quod
2686 4421 2871 4476 verbis
2903 4420 3175 4489 rebusque
3200 4420 3372 4472 utitur
3402 4420 3626 4473 desum-

366 4526 537 4572 naeus,
568 4510 876 4571 habuerunt
901 4529 913 4563 :
941 4516 1033 4562 aut
1063 4524 1161 4563 cur
1183 4508 1258 4561 illi
1282 4508 1421 4561 alius
1453 4507 1667 4561 dandus
1697 4508 1767 4559 sit
1803 4507 1942 4559 scri-
1972 4520 2017 4574 ι)
2045 4519 2155 4589 pris
2183 4532 2250 4572 ex
2298 4516 2365 4570 iis
2417 4530 2536 4584 qua;
2562 4514 2784 4577 Paulus,
2816 4512 3012 4567 Pen-us
3034 4519 3087 4565 οι
3130 4512 3221 4564 alii
3255 4511 3320 4565 ad
3367 4510 3625 4565 Hebr-gens

365 4611 508 4671 ptor,
550 4617 712 4670 quam
755 4602 802 4655 is
834 4602 948 4670 ipse
980 4600 1230 4654 Clemens
1278 4598 1580 4661 Romanus,
1613 4597 1757 4666 quod
1788 4604 1943 4650 tanto

364 4708 641 4748 consensu
672 4694 739 4747 ab
766 4692 1020 4746 omnibus
1053 4691 1329 4760 proditum
1373 4697 1472 4745 est.
1505 4688 1622 4743 Non
1672 4690 1791 4742 loca
1817 4700 1940 4744 tan-

368 4797 480 4839 tum
511 4786 715 4849 omnia,
746 4802 866 4854 qua:
894 4785 962 4837 ab
991 4783 1232 4853 antiquis
1259 4782 1627 4843 adducuntur,
1657 4781 1746 4835 hic
1772 4796 1942 4851 appa-

365 4886 509 4941 rent,
543 4878 637 4932 sed
659 4885 712 4932 et
735 4893 823 4931 res
854 4878 1147 4947 ips:e,quas
1169 4876 1423 4929 observat
1449 4874 1697 4937 Photius,
1716 4882 1769 4930 et
1794 4874 1941 4945 quod

365 4968 699 5031 maximum,
740 4967 1025 5021 character
1065 4966 1396 5037 Hieronymo
1441 4965 1650 5031 dictus,
1684 4966 1751 5020 ad
1789 4968 1940 5020 illum

363 5064 459 5132 qui
500 5068 586 5117 est
632 5060 688 5114 in
734 5060 974 5130 Epistola
1005 5061 1073 5114 ad
1128 5059 1385 5115 Hebraeos
1437 5059 1713 5114 accedere.
1766 5057 1937 5127 Cujus

363 5171 530 5212 causa
557 5164 668 5210 non
709 5155 812 5207 alia
835 5162 936 5217 est,
970 5169 1132 5223 quam
1165 5154 1313 5223 quod
1350 5153 1439 5207 hic
1474 5152 1750 5216 Clemens,
1781 5159 1840 5205 ut
1883 5157 1938 5205 et

364 5251 562 5316 Lucas,
586 5258 641 5305 et
666 5249 916 5319 quisquis
948 5248 1035 5302 ille
1063 5255 1148 5301 est.
1180 5247 1415 5316 scriptor
1436 5247 1503 5300 ad
1535 5245 1789 5300 llebrazos
1810 5242 1937 5313 Epi-

363 5346 537 5409 Stolae,
596 5351 886 5413 antequam
933 5341 1231 5395 Christiani
1279 5341 1489 5403 tierent,
1531 5340 1777 5394 Graecum
1822 5353 1926 5392 ser-

363 5452 577 5490 monem
602 5452 665 5492 ex
698 5436 929 5491 eruditis
959 5434 1275 5488 auctoribus
1302 5434 1621 5498 hauserant,
1654 5434 1812 5503 cujus
1850 5432 1935 5486 ni-

362 5535 469 5592 tor,
502 5527 591 5582 ubi
616 5544 722 5581 non
755 5528 929 5581 aliena
968 5528 1136 5590 dicta,
1164 5535 1256 5579 aut
1279 5542 1347 5581 ex
1391 5527 1564 5581 sacris
1606 5526 1802 5579 litteris
1833 5524 1930 5579 de-

362 5629 607 5689 prompta
637 5620 799 5673 verba
824 5621 939 5675 su'is
983 5621 1255 5683 inserunt,
1288 5618 1381 5673 sed
1414 5618 1655 5671 liberiori
1690 5617 1933 5672 dictione

364 5721 609 5779 utuntur,
644 5712 798 5768 facile
827 5714 1195 5783 cognoscitur.
1232 5710 1368 5766 llinc
1402 5710 1505 5766 illae
1534 5725 1714 5768 voces.
1762 5726 1928 5780 μεγα-

2048 4610 2338 4677 scripsere,
2365 4621 2475 4660 non
2524 4606 2686 4658 etiam
2731 4620 2797 4659 ex
2833 4604 2940 4658 illis
2972 4603 3129 4657 libris
3160 4618 3280 4673 quas
3330 4601 3625 4672 Evangelia

2047 4712 2150 4754 nos
2179 4711 2460 4761 vocamus,
2502 4710 2730 4765 quaeque
2778 4702 2901 4764 post
2947 4693 3220 4763 Epistolas
3260 4692 3622 4763 prodierunt;

2047 4790 2193 4862 quod
2229 4790 2376 4844 dicta
2430 4788 2679 4859 quaedam
2724 4795 2955 4856 usurpat
3002 4801 3115 4840 non
3160 4786 3386 4856 scripta,
3429 4787 3525 4842 sed
3561 4795 3624 4839 ut.

2047 4884 2310 4939 memoria
2341 4891 2559 4937 recente
2590 4896 2685 4950 per
2702 4895 2900 4933 manus
2924 4879 3126 4933 tradita
3148 4898 3161 4945 ;
3181 4878 3326 4949 quod
3346 4891 3623 4947 nusquam

2046 4977 2296 5032 meminit
2345 4974 2582 5029 exsertis
2632 4973 2778 5026 illius
2831 4973 3216 5041 episcoporum
3248 4970 3619 5031 auctoritatis,

2042 5083 2161 5138 quae
2207 5066 2463 5122 Ecclesia:
2509 5064 2927 5128 consuetudine,
2976 5072 3102 5132 post
3137 5063 3305 5116 Marci
3356 5070 3616 5120 mortem,

2040 5158 2399 5220 Alexandriae,
2426 5164 2587 5225 atque
2625 5172 2690 5210 eo
2730 5156 2977 5223 exemplo
3002 5154 3154 5217 alibi,
3182 5154 3453 5207 introduci
3502 5166 3620 5206 cm.-

2043 5251 2140 5321 pit,
2173 5250 2269 5305 sed
2300 5250 2459 5319 plane
2490 5256 2548 5301 ut
2569 5246 2773 5301 Paulus
2797 5246 3102 5315 apostolus,
3136 5244 3377 5299 ostendit
3428 5243 3615 5297 eccle-

2041 5344 2153 5396 sias
2191 5340 2466 5395 communi
2503 5338 2977 5409 presbyterorum,
3010 5336 3102 5405 qui
3140 5336 3300 5389 iidem
3336 5349 3525 5388 omnes
3558 5341 3619 5386 et

2039 5432 2281 5503 episcopi
2311 5432 2411 5500 ipsi
2440 5430 2611 5483 Paulo
2640 5430 2917 5493 dicuntur,
2955 5426 3187 5481 consilio
3218 5425 3388 5479 fuisse
3414 5424 3619 5495 guber-

2042 5532 2219 5580 natas.
2280 5522 2417 5576 Nam
2473 5521 2620 5593 quod
2674 5520 2958 5592 ἀρχιερέα,
3014 5518 3229 5579 λευίτας
3284 5523 3338 5570 et
3390 5513 3616 5576 λαῖκοὺς

2040 5617 2304 5679 nominat,
2336 5614 2520 5667 omnia
2551 5614 2655 5667 ista
2679 5613 2901 5667 nomina
2935 5627 3043 5665 non
3073 5609 3140 5663 ad
3170 5608 3493 5667 Ecclesiam,
3514 5606 3615 5660 sed

2038 5712 2103 5766 ad
2136 5709 2397 5779 templum
2436 5706 2971 5767 llierosolvmiticum
3014 5704 3321 5774 pertinent;
3353 5701 3499 5757 unde
3514 5700 3614 5754 iu-
