3936 6172
332 364 405 419 49
1585 367 1930 424 ΡΒΟΟΕΜΙΑ

2018 366 2275 423 ARIORU
2288 366 2355 422 Μ.
3538 370 3608 424 50

332 486 441 538 fert
490 481 673 535 omnia
704 488 856 536 certo
886 479 1099 538 ‘ordinc
1143 486 1372 555 agenda,
1407 486 1452 541 si
1493 485 1716 546 Judaeis,
1765 490 1919 537 tanto

2024 490 2228 547 monet,
2264 483 2338 553 μὴ
2396 482 2502 553 γάρ
2557 499 2636 544 τις
2668 480 2819 551 ὑμῶν
2874 482 3129 552 πασχέτω
3175 483 3251 545 ὡς
3304 485 3517 552 φονεὺς,
3572 487 3605 555 ἢ

328 576 512 646 magis
564 575 921 631 Christianis.
964 575 1205 647 Tempus
1249 580 1428 649 ipsum
1469 595 1579 650 quo
1602 578 1806 648 scripta
1837 583 1923 632 est

329 668 451 722 hinc
485 668 737 738 epistola,
792 683 891 737 ego
922 670 987 723 ad
1031 668 1193 724 finem
1242 670 1497 734 Neronis,
1552 678 1647 725 aut
1676 677 1824 724 certe
1854 668 1922 723 ad

327 777 428 815 eos
454 774 630 815 annos
683 760 780 830 qui
804 758 1131 831 Vespasiani
1155 763 1445 833 imperium
1472 768 1919 825 antecesserunt,

325 852 588 907 referam.
621 849 757 905 Nam
787 852 1128 909 oblationum
1160 854 1429 919 meminit,
1456 870 1579 925 qua:
1617 855 1672 908 in
1718 854 1924 923 templo

324 963 396 1001 ex
420 947 541 1017 lege
566 944 781 1013 ﬁerent,
826 947 973 1002 sicut
1007 956 1064 1003 et
1094 948 1162 1003 ad
1191 947 1451 1005 Hebraeos
1495 948 1755 1018 scriptor,
1798 953 1923 1017 post

324 1038 493 1105 cujus
548 1037 841 1109 epistolam
915 1040 1060 1094 hanc
1122 1040 1287 1097 credo
1348 1042 1610 1110 scriptam
1669 1058 1681 1094 :
1745 1052 1921 1108 eoque

326 1133 449 1185 fieri
485 1142 545 1186 ut
576 1132 759 1202 aliqua
788 1132 912 1188 inde
946 1142 1163 1203 sumpta
1200 1149 1313 1188 sua:
1345 1131 1641 1187 intexuerit
1676 1130 1922 1199 epistolae

320 1225 605 1280 Clemens.
646 1224 843 1278 Mirum
886 1226 1059 1280 videri
1100 1228 1273 1296 possit
1312 1225 1539 1281 dissidia
1590 1225 1693 1279 ista
1724 1222 1920 1276 Corin—

322 1317 572 1371 thiorum
620 1316 1066 1373 Christianorum
1099 1320 1166 1373 ad
1198 1319 1306 1373 vim
1340 1333 1537 1387 usque,
1567 1325 1621 1371 et
1650 1322 1709 1369 ut
1741 1314 1920 1383 loqui-

323 1419 438 1472 tur,
468 1410 690 1474 bellum,
716 1410 888 1476 idest,
920 1411 1119 1475 rixam,
1146 1425 1457 1482 progressa,
1485 1408 1594 1463 nisi
1624 1416 1677 1463 et
1702 1408 1770 1461 de
1795 1405 1918 1459 aliis

319 1519 394 1557 ex
421 1502 646 1558 Hebraea
675 1512 837 1573 gente
866 1502 1202 1559 Christianis
1227 1504 1429 1560 similia
1460 1506 1919 1557 commemoraret

320 1596 382 1649 in
414 1594 659 1665 Epistola
682 1596 943 1653 Iacobus.
976 1597 1054 1651 Ex
1088 1599 1155 1653 iis
1181 1609 1385 1662 autem,
1426 1611 1663 1668 quorum
1706 1594 1775 1648 ad
1805 1592 1916 1646 vim

319 1702 509 1755 usque
538 1702 831 1758 progressa
867 1698 987 1744 erat
1018 1691 1188 1744 animi
1216 1691 1555 1761 impotentia,
1588 1686 1855 1758 quosdam
1885 1701 1916 1738 a

317 1779 742 1849 magistratibus
780 1784 835 1835 in
867 1797 1145 1839 carcerem
1170 1784 1350 1846 datos,
1380 1798 1490 1839 non
1521 1791 1606 1839 est
1635 1781 1781 1852 quod
1812 1779 1918 1833 mi-

2027 574 2284 645 κλέπτης,
2334 574 2366 645 ἦ
2420 574 2730 637 κακοποιὸς.
2783 571 2875 628 lla:
2930 582 3059 628 sunt
3115 589 3316 638 causzc,
3368 591 3469 631 cur
3503 593 3607 645 ego

2025 667 2169 721 hanc
2197 667 2490 736 epistolam
2522 681 2632 719 non
2660 666 2821 721 modo
2868 665 3162 737 genuinam
3212 668 3467 732 arbitrer,
3509 669 3605 724 sed

2023 769 2078 815 et
2110 760 2260 814 nulla
2295 760 2351 813 in
2394 774 2458 814 ea
2498 774 2694 815 manus
2724 759 2986 816 adulterae
3026 762 3255 833 vestigia
3286 778 3605 832 agnoscam.

2022 854 2265 909 Alteram
2296 854 2605 924 epistolam,
2634 853 2794 924 cujus
2825 853 3187 925 fragmentum
3221 855 3466 909 additum
3496 864 3603 920 est,

2022 964 2338 1019 quanquam
2402 946 2699 1001 Clementis
2744 954 2802 1000 et
2849 947 2969 1016 ipsa
3012 946 3067 999 in
3120 946 3278 1000 libris
3324 948 3605 1002 nonnullis

2022 1058 2221 1097 nomen
2275 1042 2545 1111 praetulit,
2597 1056 2708 1095 non
2750 1054 2872 1094 esse
2918 1046 3098 1093 tamen
3144 1040 3190 1093 ei
3235 1038 3605 1104 tribuendam,

2022 1136 2186 1189 etiam
2215 1132 2763 1200 veteresjudicarunt
2790 1147 2802 1182 :
2836 1146 3070 1201 quorum
3103 1130 3416 1183 auctoritati
3448 1145 3606 1183 acce-

2023 1225 2105 1279 dit
2158 1225 2495 1279 characteris
2545 1224 2864 1279 diversitas.
2925 1222 3112 1292 Neque
3160 1232 3341 1276 tamen
3387 1222 3601 1283 dubito,

2021 1320 2154 1389 quin
2187 1318 2346 1389 primi
2402 1318 2587 1373 smculi
2640 1317 2712 1371 sit
2746 1333 2904 1388 opus,
2939 1316 3206 1385 scriptum
3239 1324 3365 1369 ante
3395 1316 3603 1370 consti-

2020 1416 2200 1463 tutum
2248 1407 2606 1463 ecclesiarum
2636 1423 2911 1462 consensu
2943 1422 3234 1469 canonem,
3267 1414 3320 1459 et
3352 1404 3492 1460 forte
3524 1406 3605 1457 al-

2021 1502 2195 1557 terius
2225 1501 2465 1570 alicujus
2498 1499 2819 1556 Clementis.
2868 1498 2993 1554 llaae
3023 1514 3144 1568 qua:
3175 1497 3305 1551 mihi
3338 1498 3479 1561 visa,
3512 1512 3605 1551 ea-

2019 1595 2143 1650 dem
2171 1594 2420 1649 libertate
2444 1609 2552 1665 qua
2582 1593 2823 1663 colloqui
2850 1600 3032 1647 tecum
3064 1590 3193 1644 mihi
3223 1604 3600 1652 concesseras,

2019 1688 2085 1742 ad
2109 1688 2524 1742 exactissimum
2552 1686 2620 1740 de
2649 1685 2814 1743 rebus
2843 1683 3106 1737 omnibus
3125 1681 3395 1751 judicium
3424 1687 3599 1742 tuum,

2021 1782 2105 1836 vir
2133 1782 2281 1836 omni
2307 1797 2371 1835 ex
2401 1778 3041 1851 parteincomparabilis,
3066 1776 3275 1839 defero,
3296 1780 3403 1829 etc.
3431 1773 3603 1828 Fran-

315 1886 531 1926 remur.
575 1872 763 1943 Neque
809 1876 953 1929 enim
1002 1877 1071 1930 de
1113 1877 1287 1930 nihilo
1326 1885 1431 1940 est,
1477 1875 1624 1947 quod
1667 1872 1912 1927 Ponticis

2020 1875 2221 1931 cofurti
2254 1875 2322 1929 l7
2341 1842 2472 1928 Julii
2496 1871 2653 1927 1654.

312 1962 655 2023 Christianis
714 1967 965 2024 scribens
1016 1968 1214 2026 Petrus
1242 1971 1287 2000 ⁷·
1341 1978 1452 2023 tam
1529 1967 1761 2024 sollicite
1810 1979 1909 2020 eos

800 2189 895 2250 Es
926 2187 1051 2250 alia
1084 2187 1357 2267 epistola
1393 2189 1687 2269 ejusdem
1733 2188 2072 2269 Bignonii,
2118 2210 2168 2247 a.
2236 2195 2291 2252 d.
2337 2187 2417 2247 28
2448 2182 2724 2264 Augusti
2762 2181 2917 2243 1631i
2953 2179 3117 2240 data.

390 2307 614 2365 Gratias
640 2308 734 2364 tibi
767 2324 901 2380 ago,
933 2310 1137 2364 eruditi
1184 2317 1239 2365 et
1274 2312 1433 2366 solidi
1477 2312 1557 2367 tui
1596 2312 1811 2381 jndieii,
1842 2313 1909 2367 de

313 2400 622 2463 Clemente,
656 2417 847 2458 causa.
884 2403 1046 2458 Solus
1079 2402 1241 2458 hodie
1272 2402 1421 2458 hora:
1460 2410 1737 2458 momento
1760 2404 1909 2471 ejus-

311 2494 465 2547 modi
504 2508 595 2547 res
624 2493 885 2548 dirimere
940 2504 1119 2563 potes,
1178 2494 1341 2564 idque
1397 2493 1575 2548 cuivis
1626 2494 1828 2548 saeculo
1857 2502 1911 2547 et

311 2586 602 2657 scriptori,
637 2587 784 2657 quod
811 2586 860 2642 ei
882 2585 1133 2652 debetur,
1162 2586 1413 2650 reddere,
1441 2596 1494 2641 et
1526 2586 1788 2651 fructum,
1814 2587 1907 2656 qui

310 2695 382 2735 ex
414 2694 482 2733 eo
519 2679 640 2750 capi
692 2680 893 2750 possit,
924 2680 1236 2737 ostendere.
1270 2679 1601 2736 Rationibus
1632 2680 1742 2735 tuis
1774 2679 1909 2733 nihil

310 2779 401 2827 est
426 2771 574 2843 quod
604 2772 923 2843 objiciatur,
953 2772 1259 2845 judieiique
1289 2775 1370 2829 tui
1413 2774 1798 2829 auctoritatem
1832 2773 1911 2826 ir-

309 2861 705 2933 refragabilem
756 2879 880 2920 esse
926 2879 1024 2935 par
1053 2876 1156 2921 est.
1199 2864 1510 2921 Genuinum
1537 2864 1755 2936 quidem
1784 2879 1904 2918 om-

309 2954 448 3007 nino
478 2963 898 3010 monumentum
931 2957 1033 3012 hoc
1067 2974 1191 3014 esse
1222 2968 1566 3029 putaveram,
1603 2958 1697 3015 sed
1725 2958 1907 3027 suspi-

310 3047 486 3101 cabar
527 3048 575 3102 ei
607 3048 865 3117 periodos
895 3060 989 3104 aut
1016 3067 1181 3108 voces
1223 3053 1434 3124 aliquot
1473 3069 1501 3106 a
1543 3052 1783 3107 librariis
1811 3066 1905 3106 as-

2023 2314 2277 2385 ptoribus
2312 2308 2646 2365 Christianis
2678 2314 2867 2376 postea
2892 2303 3157 2365 adhibita,
3192 2298 3416 2369 scriptis
3440 2296 3599 2367 primi

2023 2405 2363 2465 successoris
2415 2399 2794 2471 apostolorum
2827 2394 3103 2465 Principis
3167 2399 3277 2447 no'n
3310 2398 3395 2445 sat
3434 2389 3601 2459 digna

2020 2502 2264 2563 videtur,
2308 2495 2609 2568 prtrsertim
2640 2499 2722 2545 tot
2748 2489 2931 2545 verbis
2962 2489 3231 2557 exposita.
3258 2481 3476 2552 Alioqui
3497 2478 3603 2533 mi-

2020 2612 2146 2651 rum
2208 2592 2381 2647 videri
2451 2604 2561 2643 non
2604 2587 2779 2657 possit
2810 2598 2934 2639 eum
2974 2596 3097 2637 esse
3134 2594 3294 2634 usum
3341 2574 3601 2646 opinione

2018 2698 2153 2743 tunc
2200 2685 2462 2755 temporis
2505 2687 2747 2750 recepta,
2801 2684 2860 2732 ut
2905 2673 3156 2730 ethnicos
3206 2671 3274 2725 ad
3311 2668 3599 2723 veritatem

2017 2780 2279 2835 doctrinae
2300 2775 2625 2831 Christiana:
2650 2770 2866 2844 plenius
2884 2765 3275 2823 admittendam
3309 2762 3563 2816 invitaret
3584 2775 3598 2819 ;

2018 2872 2293 2944 quomodo
2313 2878 2365 2925 ct
2385 2869 2585 2921 Paulus
2606 2881 2738 2920 usus
2766 2872 2851 2919 est
2875 2859 3237 2931 inscriptione
3261 2855 3355 2909 Dei
3375 2852 3540 2924 ignoti
3555 2852 3597 2913 ',

2017 2964 2271 3034 quamvis
2322 2961 2590 3016 sententia
2621 2957 2838 3011 diversa
2864 2954 2932 3007 ab
2964 2951 3221 3022 opinione
3261 2944 3471 3016 vulgari
3517 2950 3603 2994 at-

2016 3073 2124 3127 que
2143 3054 2518 3124 inscriptionis
2548 3050 2666 3105 basi
2697 3064 2805 3103 arae
2834 3045 3141 3114 insculptas.
3180 3038 3444 3094 Putabam
3470 3049 3603 3104 ergo

310 3149 493 3197 sutas.
534 3140 615 3195 Tu
659 3159 785 3198 vero
814 3144 1158 3201 dubitatione
1194 3147 1283 3201 illa
1315 3164 1401 3202 me
1426 3148 1595 3211 levas,
1620 3147 1727 3200 nisi
1758 3145 1904 3215 quod
1934 3125 1977 3184 (ἶ
2016 3125 2442 3218 descriptionem
2477 3141 2743 3215 phmnieis
2774 3138 3043 3208 adjectam
3069 3135 3138 3189 ab
3162 3133 3269 3186 alio
3294 3130 3464 3185 fuisse
3492 3142 3600 3181 nu-

309 3233 565 3287 narratio
585 3234 652 3289 de
682 3235 935 3301 phoenice
956 3254 1042 3293 me
1064 3240 1364 3295 etiamnum
1385 3239 1637 3295 nonnihil
1659 3240 1906 3299 oll‘endit;
2016 3242 2099 3298 ὼε
2127 3242 2248 3311 ejus
2279 3237 2564 3302 mentioni,
2589 3252 2619 3290 a
2644 3234 2924 3289 Clemente
2950 3231 3125 3285 obiter
3146 3227 3391 3297 injectaz;
3424 3221 3519 3278 sed
3544 3219 3599 3273 in

308 3326 518 3397 quippe
535 3328 943 3399 quazeopiosior
959 3341 1044 3387 est
1061 3342 1112 3387 et
1130 3333 1584 3406 σοφιστικωτέρα,
1610 3349 1772 3403 quam
1793 3342 1909 3405 sty-
2016 3335 2242 3389 meliore
2271 3344 2363 3387 tua
2388 3330 2661 3386 sententia
2693 3327 3007 3399 acquiesco,
3054 3339 3157 3378 nec
3188 3336 3369 3376 meum
3401 3324 3487 3373 est
3518 3324 3601 3371 te-

310 3416 401 3471 lus
432 3419 770 3486 apostolicus
792 3423 1055 3491 patiatur.
1090 3423 1163 3477 Ea
1198 3424 1403 3492 fabula,
1434 3426 1687 3495 quamvis
1709 3440 1736 3478 a
1766 3426 1907 3478 scri-
2017 3443 2141 3482 eum
2174 3425 2529 3481 contendere.

290 3572 584 3647 (Επενρια
617 3580 727 3633 lucc
751 3594 873 3637 sunt
907 3600 935 3636 e
963 3586 1277 3637 testimoniis
1299 3584 1365 3641 de
1393 3584 1651 3657 Bignonio
1677 3627 1691 3649 ,
1721 3603 1836 3655 qua;
1858 3587 2015 3727 (11187
2050 3586 2268 3729 ε’άῖιὶοηὶ
2293 3587 2559 3642 Parisinw
2589 3585 2973 3643 Formularum
2999 3579 3252 3650 Marculﬁ
3281 3580 3408 3630 anm
3459 3571 3599 3631 i663

1704 3666 1825 3711 sunt
1853 3672 1963 3725 pra:
1989 3674 2097 3713 ira.

1704 3666 1825 3711 sunt
1853 3666 2097 3725 prce/(xu.

1148 3919 1305 4006 HE
1328 3919 1902 4011 RMANNUS
1974 3918 2734 4012 CONBINGIUS

814 4112 1235 4175 JOACHIMO
1289 4112 1583 4173 JOANNI
1626 4113 1998 4187 MADEBO,
2038 4111 2238 4175 VIRO
2270 4112 2762 4175 DOCTISSIMO
2795 4113 2856 4174 S.
2907 4114 2973 4173 P.
3012 4113 3080 4173 D.

385 4362 656 4417 Praeclare
680 4361 749 4416 de
771 4362 996 4431 publico
1021 4378 1271 4423 mereris,
1304 4362 1627 4417 doctissime
1662 4362 1899 4426 Madere,
1935 4368 1979 4422 D
2011 4366 2186 4428 nium,
2239 4363 2414 4417 induti
2460 4364 2573 4431 jam
2632 4361 2860 4432 proinde
2915 4362 3068 4417 stolis
3092 4362 3357 4426 candidis,
3392 4372 3441 4415 et
3473 4376 3593 4417 ante

310 4457 441 4509 illas
471 4456 657 4515 horas,
686 4469 822 4521 quas
854 4454 1139 4507 succidere
1164 4454 1261 4506 tibi
1289 4453 1415 4507 licet
1453 4454 1734 4508 ordinario
1779 4471 1899 4508 mu-

312 4548 457 4610 neri,
491 4547 548 4599 in
585 4545 638 4599 id
669 4545 1015 4615 impendens,
1057 4552 1118 4599 ut
1155 4546 1473 4601 hominibus
1508 4547 1716 4602 nostris
1747 4547 1903 4602 exhi—

310 4642 449 4695 beas
479 4640 671 4709 primae
702 4640 852 4694 illius
880 4655 1061 4695 aureae
1102 4642 1443 4711 tempestatis
1482 4656 1605 4710 quae
1640 4653 1903 4711 superant

308 4737 691 4785 monumenta.
753 4729 868 4785 Etsi
921 4732 1407 4801 enim'perfectus
1469 4734 1537 4786 sit
1589 4733 1901 4787 divinarum

311 4824 718 4890 Scripturarum
762 4840 954 4887 canon,
1001 4832 1056 4877 et
1088 4824 1411 4892 jamdudum
1457 4840 1582 4878 cum
1629 4824 1686 4880 S.
1723 4826 1902 4897 Augu-

310 4917 525 4970 stino“
555 4916 923 4984 didicerimus,
952 4918 1081 4971 solis
1115 4918 1223 4971 illis
1267 4917 1418 4972 libris
1468 4920 1606 4971 hunc
1653 4920 1901 4974 honorem

310 5013 660 5080 timoremque
689 5010 916 5078 deferre,
944 5022 1002 5063 ut
1032 5011 1240 5063 nultum
1280 5027 1463 5065 eorum
1493 5011 1768 5066 scribendo
1794 5012 1903 5066 ali-

304 5102 441 5173 quid
478 5119 708 5165 errasse,
738 5103 1045 5171 ﬁrmissime
1076 5103 1352 5156 credamus
1379 5118 1397 5155 :
1447 5119 1544 5173 per
1584 5113 1764 5159 tamen
1825 5108 1900 5160 si-

306 5193 425 5247 mul
454 5201 543 5249 est
567 5192 871 5261 jucundum
900 5202 1063 5263 atque
1089 5194 1240 5257 utile,
1278 5195 1651 5265 apostolorum
1682 5213 1901 5268 quoque

304 5283 620 5354 discipulos
649 5284 1041 5354 auditoresqne
1070 5286 1384 5350 consulere,
1418 5287 1550 5356 quid
1582 5288 1659 5340 illi
1691 5289 1901 5343 scilicet

307 5394 338 5431 a
365 5379 542 5432 tantis
571 5378 853 5449 magistris
882 5378 1219 5447 acceperint,
1254 5386 1349 5432 aut
1378 5387 1528 5433 certe
1555 5388 1761 5450 quanta
1796 5379 1900 5435 fide

306 5468 622 5521 doctrinam
656 5475 939 5538 acceptam
971 5469 1270 5533 servarint,
1300 5471 1393 5539 qui
1432 5486 1541 5525 non
1576 5471 1901 5527 dubitavere

308 5557 637 5628 sanguinem
687 5573 848 5613 suum
904 5557 1241 5628 profundere
1285 5560 1341 5614 in
1392 5559 1595 5616 Christi
1653 5562 1903 5617 testimo-

384 5740 430 5767 τ’
465 5735 481 5787 1
517 5735 663 5792 Petr.
697 5753 772 5801 ιν,
814 5738 900 5793 15.
1016 5740 1036 5770 ⁸
1067 5738 1188 5794 Act.
1226 5756 1357 5801 xvu,
1389 5740 1481 5797 25.

319 5805 369 5841 ί*
394 5805 516 5863 Lib.
554 5823 614 5864 ιιι
677 5808 926 5874 Ilistor.;
967 5808 1083 5867 Lib.
1118 5815 1181 5869 de
1217 5814 1461 5880 scriptor.
1497 5814 1681 5869 ccclcs.

1586 5744 1605 5773 θ
1640 5742 1794 5797 Vinc.
1824 5743 2103 5799 Lirinens.

1764 5814 1804 5846 ¹³
1836 5814 1955 5872 Lib.
1998 5832 2083 5881 ιιι,
2128 5832 2175 5870 c.
2208 5819 2259 5875 5.

2012 4455 2259 4508 thronum
2300 4455 2399 4508 Dei
2428 4455 2704 4507 constituti
2735 4456 2967 4508 serviunt
3002 4454 3086 4507 illi
3127 4454 3213 4508 die
3248 4472 3309 4506 ac
3356 4465 3505 4508 nocte
3538 4456 3593 4508 in

2012 4549 2206 4617 templo
2236 4548 2373 4617 ejus,
2405 4548 2499 4601 illo
2525 4549 2615 4617 qui
2654 4548 2796 4601 sedet
2837 4548 2892 4600 in
2926 4547 3111 4600 throno
3141 4547 3411 4601 habitante
3438 4564 3593 4616 super

2012 4642 2134 4697 illos
2156 4643 2220 4705 η,
2246 4657 2356 4709 quo
2387 4642 2564 4711 elogio
2595 4649 2863 4712 martyres
2911 4638 3149 4710 Spiritus
3183 4650 3408 4696 sanctus
3463 4658 3591 4711 pro-

2016 4742 2239 4788 secutus
2266 4741 2368 4788 est.
2407 4731 2614 4787 Saltem
2663 4732 2753 4785 illa
2778 4731 2935 4787 nefas
2965 4740 3050 4787 est
3072 4740 3444 4801 contemnere,
3469 4749 3591 4804 qua:

2014 4827 2232 4897 publica
2274 4826 2553 4880 auditione
2584 4825 2700 4894 ipsa
2737 4832 2894 4880 vetus
2925 4831 2979 4879 et
3008 4833 3197 4879 sancta
3230 4824 3472 4880 Ecclesia
3506 4824 3591 4877 di-

2006 4928 2173 4991 gnata
2216 4927 2300 4974 est
2326 4928 2417 4973 :ut
2446 4917 2732 4990 Polyearpi
2768 4919 3054 4989 epistolam
3105 4921 3159 4972 in
3195 4919 3339 4972 Asiae
3368 4935 3589 4972 conven-

2008 5011 2173 5077 tibus,
2194 5011 2457 5067 Clementis
2474 5012 2523 5065 in
2564 5012 2838 5066 nonnullis
2871 5012 2999 5067 locis
3030 5012 3251 5081 publice
3281 5011 3585 5065 lectitatam

2005 5120 2150 5165 esse.
2184 5115 2237 5159 et
2281 5104 2501 5160 Eusebii
2534 5112 2589 5157 et
2628 5103 2686 5160 S.
2716 5104 3037 5176 llieronymi
3066 5104 3383 5160 testimonio
3429 5102 3583 5158 novi-

2006 5198 2209 5252 mus".
2247 5196 2399 5252 Hanc
2431 5206 2578 5252 certe
2610 5207 2895 5268 utramque
2925 5196 3223 5267 Epistolam
3266 5195 3445 5265 magni
3503 5194 3584 5247 fa-

2003 5306 2129 5345 cere
2160 5305 2260 5358 par
2283 5298 2389 5352 est,
2424 5291 2507 5344 vel
2545 5291 2667 5345 ideo
2722 5291 2980 5357 quoniam
3026 5289 3091 5342 ad
3139 5300 3448 5357 utramque,
3478 5302 3579 5342 ceu

2004 5383 2070 5436 ad
2116 5383 2498 5437 secundarium
2538 5384 2828 5453 quemdam
2870 5383 3099 5439 sincera:
3130 5381 3250 5435 ﬁdei
3285 5396 3577 5442 canouem,

1999 5472 2113 5543 jam
2145 5483 2257 5528 tum
2291 5476 2420 5530 olim
2457 5476 2720 5531 adversus
2752 5476 2986 5530 haereses
3022 5475 3106 5530 sui
3163 5474 3345 5529 saeculi
3380 5489 3581 5543 provo-

2007 5568 2214 5622 caverit
2246 5568 2630 5624 sanctissimus
2661 5578 2867 5639 martyr
2893 5569 3127 5624 lrentcus
3150 5566 3212 5620 ¹⁸.
3247 5566 3302 5619 lu
3345 5575 3579 5636 utraque

2210 5748 2251 5777 ¹⁰
2290 5746 2459 5819 Epist.
2524 5764 2636 5816 xu,
2696 5748 2763 5802 ad
2796 5747 2941 5804 llicr.
3050 5748 3089 5777 “
3121 5744 3293 5817 Apoc.
3328 5759 3424 5811 vn,
3480 5743 3570 5797 15.
