3936 6172
394 388 454 445 51
1542 383 1631 439 AD
1670 384 1727 439 S.
1767 383 2191 440 CLEMENTEM
2232 386 2251 440 l
2289 384 2517 440 PAPAM
3558 392 3624 447 52

392 512 571 558 autem
600 503 691 557 illa
712 502 1039 573 publicanda
1069 504 1334 557 hactenus
1353 508 1503 555 tuam
1531 516 1750 571 operam
1781 502 1950 555 collo-
1979 503 2026 558 Α
2054 508 2262 567 perant,
2281 500 2438 568 plane
2462 500 2912 569 quemadmodum
2945 500 3238 571 Epistolam
3260 502 3403 555 illam
3438 503 3627 557 lauda-

390 596 551 657 casti,
584 595 819 664 primum
869 593 1178 665 Polycarpi,
1218 610 1363 647 nunc
1406 600 1458 647 et
1486 593 1783 647 Clementis
1828 608 1957 647 san-

390 695 509 740 ctas
536 687 659 741 illas
692 686 901 741 litteras
925 687 1113 740 edens.

464 776 650 846 Neque
688 793 817 831 vero
844 778 1143 847 quidquam
1175 777 1332 831 video
1357 791 1556 842 causze,
1588 792 1686 830 cur
1714 776 1959 845 suspice-

393 886 517 923 mur
557 870 695 923 alias
724 885 847 923 esse
896 870 1017 923 illas
1060 876 1279 922 nostras
1323 868 1390 921 ab
1430 869 1497 921 iis
1550 882 1689 937 quas
1723 874 1873 920 tanto
1902 866 1958 919 in

392 959 569 1029 pretio
622 959 802 1028 prisca
856 958 1099 1014 Ecclesia
1141 958 1351 1011 habuit.
1381 959 1439 1011 ln
1489 956 1774 1028 Polycarpi
1826 969 1959 1010 sane

391 1050 623 1120 epistola
673 1050 1078 1120 deprehendere
1131 1058 1214 1103 est
1266 1049 1438 1117 ipsam
1472 1048 1617 1100 illam
1652 1048 1717 1101 de
1769 1045 1879 1101 Deo
1904 1055 1959 1100 et

396 1139 626 1194 Domino
656 1150 843 1194 nostro
874 1138 1002 1194 Jesu
1030 1138 1252 1193 Christo
1283 1153 1472 1193 sanam
1505 1138 1833 1201 doctrinam,
1859 1152 1959 1191 cu-

392 1234 486 1304 jus
510 1234 729 1289 nomine
751 1233 1060 1289 refellendis
1086 1233 1171 1288 sui
1202 1233 1387 1287 saeculi
1417 1232 1738 1295 haeresibus,
1766 1233 1960 1284 ἱκανω-

396 1326 565 1395 τάτην
605 1324 752 1378 illam
796 1326 1170 1395 pronuntiavit
1202 1325 1713 1393 comniendavitque
1748 1322 1805 1377 S.
1844 1322 1955 1376 Ire-

396 1430 586 1469 naeus:
619 1415 1025 1485 deprehendere
1096 1422 1180 1471 est
1228 1417 1409 1470 locum
1469 1416 1741 1485 integrum
1788 1430 1958 1469 unum

394 1507 759 1576 alterumque,
795 1523 954 1576 quem
1000 1506 1224 1561 adducit
1272 1506 1621 1571 Eusebius“,
1658 1516 1711 1558 et
1741 1512 1863 1575 post
1895 1505 1961 1557 il-

397 1597 509 1652 lum
553 1597 895 1668 Nicephorus
921 1598 1203 1661 Callistus,
1232 1605 1287 1651 et
1316 1597 1535 1666 quidem
1568 1598 1640 1650 ita
1664 1604 1721 1650 ut
1754 1596 1960 1666 liquido

394 1698 671 1759 appareat,
707 1690 895 1745 fraude
924 1691 1071 1743 nulla
1106 1691 1339 1745 insertos
1366 1706 1489 1745 esse
1515 1709 1528 1744 :
1555 1690 1961 1758 deprehendere

392 1792 477 1838 est
502 1799 568 1838 ex
591 1783 765 1853 prlma
796 1781 940 1837 Petri
964 1782 1204 1852 Epistola
1228 1782 1550 1851 deprompta
1578 1781 1722 1835 haud
1763 1796 1958 1850 pauca,

394 1891 517 1945 quae
548 1874 688 1931 idem
732 1873 1003 1930 Eusebius
1027 1881 1311 1929 notaverat
1342 1894 1353 1930 :
1379 1872 1784 1943 deprehendere
1807 1872 1962 1926 deni-

393 1982 501 2036 que
530 1974 617 2021 est
663 1966 796 2019 illud
835 1980 1018 2029 omne,
1053 1964 1197 2034 quod
1233 1963 1482 2025 Photius,
1515 1965 1964 2018 accuratissimus

394 2057 662 2112 librorum
710 2071 927 2120 censor,
972 2056 1027 2110 in
1082 2057 1221 2110 lecta
1252 2054 1538 2127 Polycarpi
1569 2056 1799 2125 epistola
1843 2056 1963 2108 ani—

394 2150 782 2214 madverterat,
826 2149 1009 2202 multis
1055 2149 1305 2202 nimirum
1353 2148 1599 2215 refertam
1647 2147 1965 2201 admonitio-

394 2239 573 2303 nibus,
633 2239 768 2310 μετὰ
823 2240 1121 2309 σαφηνείας
1177 2240 1271 2292 καὶ
1326 2238 1625 2309 ἁπλότητος
1682 2239 1821 2291 κατὰ
1874 2239 1965 2292 τὸν

394 2329 840 2401 ἐκκλησιαστικὸν
927 2332 1026 2401 τῆς
1068 2333 1360 2405 ἑρμηνείας
1388 2333 1576 2396 τύπον,
1610 2334 1862 2403 quodque
1910 2334 1966 2387 in

394 2437 463 2478 ea
501 2421 648 2475 dicat
682 2428 876 2475 auctor
906 2438 960 2475 se
1004 2419 1203 2491 Ignatii
1257 2423 1506 2490 epistolas
1548 2422 1615 2475 ad
1660 2422 1966 2493 Philippen-

396 2529 482 2569 κε
516 2513 741 2577 misisse,
772 2524 1042 2583 petereque
1078 2511 1142 2566 ab
1179 2512 1290 2567 illis
1320 2514 1527 2567 edoceri
1576 2514 1624 2567 si
1656 2514 1781 2583 quid
1810 2515 1873 2569 de
1907 2532 1966 2569 eo

396 2605 697 2661 inaudiant.
766 2604 990 2667 Horum,
1049 2606 1290 2673 inquam,
1343 2606 1585 2659 omnium
1630 2606 1969 2662 desideratur

398 2695 557 2751 nihil.
606 2694 685 2749 Ad
713 2696 835 2760 hoc,
870 2696 1047 2764 ipsum
1091 2694 1347 2764 Epistola:
1375 2696 1658 2751 exordium
1704 2698 1965 2759 ostendit,

400 2787 660 2855 scriptam
718 2786 885 2849 illam,
918 2799 1025 2854 quo
1072 2794 1315 2854 tempore
1367 2801 1477 2839 non
1527 2786 1691 2841 unius
1735 2787 1969 2841 exsertis

397 2878 640 2947 episcopi
672 2878 727 2931 in
760 2893 922 2930 manu
952 2877 1205 2933 Ecclesia:
1257 2888 1373 2932 erat
1421 2878 1840 2943 administratio,
1874 2880 1970 2932 sed

400 2969 680 3022 communi
739 2968 1181 3039 presbyterorum
1243 2969 1478 3023 consilio
1528 2976 1582 3023 et
1642 2971 1971 3023 auctoritate

398 3060 585 3113 omnia
617 3068 936 3129 regerentur
966 3060 1149 3130 :quod
1179 3075 1287 3115 non
1314 3060 1408 3113 diu
1441 3068 1563 3130 post
1611 3058 1969 3130 Polycarpum

2057 591 2135 643 vit
2174 590 2235 646 S.
2276 589 2595 647 Irenasus".
2637 590 2768 657 Qua:
2812 592 3064 648 Clemens
3119 594 3523 649 Alexandrinus
3569 605 3624 647 et

2060 679 2378 751 Origenes"
2407 698 2474 736 ex
2520 684 2612 736 illa
2650 683 2890 752 Epistola
2934 684 3238 753 proferunt,
3269 685 3451 739 verbis
3494 686 3627 739 toti~

2058 774 2180 830 dem
2207 775 2263 827 in
2292 783 2480 828 nostra
2503 775 2869 843 reperiuntur,
2901 786 2953 829 et
2980 776 3197 845 quidem
3221 777 3369 829 itaut
3395 777 3465 829 ibi
3495 785 3625 831 nata

2058 864 2285 930 dixeris,
2317 882 2427 920 non
2479 874 2659 920 autem
2720 868 2907 921 dolosa
2957 884 3121 922 manu
3168 869 3411 923 inducta.
3454 868 3627 923 Euse-

2060 954 2472 1024 bius‘3quoque
2500 956 2701 1025 prodit,
2725 955 2952 1011 dissidio
2980 956 3118 1027 apud
3138 957 3450 1012 Corinthios
3480 971 3622 1021 orto,

2061 1048 2320 1118 scriptam
2350 1064 2378 1102 a
2407 1049 2683 1105 Clemente
2706 1058 2897 1104 nostro
2928 1050 3224 1119 Epistolam
3264 1052 3339 1114 ὡς
3390 1051 3497 1103 ἀπὸ
3525 1052 3625 1119 τῆς

2072 1142 2359 1211 Ῥωμαίων
2395 1142 2750 1211 Ἐκκλησίας,
2797 1152 2892 1195 aut
2950 1150 3009 1194 ut
3061 1142 3188 1195 alibi
3239 1143 3497 1211 loquitur,
3561 1146 3627 1195 ἐκ

2060 1234 2349 1306 προσώπου
2401 1234 2500 1305 τῆς
2538 1235 2817 1305 Ῥωμαίων
2858 1234 3208 1303 Ἐκκλησίας,
3270 1251 3497 1305 eamque
3542 1236 3627 1290 di-

2060 1326 2259 1381 ctionis
2297 1325 2613 1379 charactere
2653 1334 2706 1380 et
2750 1324 3038 1380 sententiis
3089 1340 3213 1378 cum
3268 1323 3508 1394 Epistola
3556 1326 3624 1377 ad

2064 1416 2321 1472 Hebraeos
2369 1418 2663 1486 plurimum
2696 1417 2988 1471 convenire
3019 1434 3031 1467 2
3064 1432 3184 1487 qua!
3212 1419 3394 1470 omnia
3424 1417 3511 1469 hic
3542 1418 3629 1469 lu-

2062 1511 2435 1565 culentissime
2488 1517 2770 1580 apparent.
2802 1508 3028 1575 Qualem
3075 1525 3204 1563 vero
3234 1508 3529 1577 Epistolam
3560 1510 3629 1561 il-

2060 1602 2169 1656 lam
2202 1602 2496 1664 Eusebius,
2527 1602 2690 1654 talem
2729 1608 2783 1655 et
2819 1600 2875 1653 S.
2911 1599 3333 1670 Hieronymus"
3364 1614 3483 1653 eam
3521 1614 3627 1651 no-

2061 1693 2147 1748 bis
2172 1693 2463 1762 descripsit
2490 1702 2580 1745 :ut
2610 1690 2837 1761 proinde
2884 1700 3073 1746 nostra
3123 1692 3239 1746 haec
3266 1691 3335 1745 ab
3386 1692 3476 1745 illa
3505 1707 3630 1761 qua:

2067 1782 2397 1853 Hieronymo
2421 1783 2489 1836 ad
2516 1798 2735 1835 manum
2770 1782 2891 1844 fuit,
2924 1783 3059 1836 nihil
3092 1784 3267 1837 abeat.
3304 1782 3406 1838 Sed
3427 1790 3479 1838 et
3509 1799 3632 1853 qua:

2068 1873 2207 1929 idem
2232 1872 2669 1945 S.Hieronymus
2688 1876 2732 1905 ²⁶
2760 1876 2925 1929 semel
2960 1876 3264 1945 iterumque
3291 1891 3358 1930 ex
3388 1876 3629 1945 Epistola

2064 1964 2158 2018 illa
2203 1966 2259 2017 in
2311 1964 2550 2018 medium
2603 1962 2781 2029 affert,
2826 1965 2971 2019 haud
3002 1966 3056 2019 in
3087 1974 3276 2021 nostra
3312 1966 3632 2021 desideran-

2065 2065 2158 2110 tur
2194 2071 2207 2107 :
2237 2056 2461 2125 perinde
2490 2064 2549 2110 ut
2580 2056 2668 2109 hic
2720 2058 2988 2126 reperitur
3035 2057 3198 2111 etiam
3240 2058 3331 2112 illa
3358 2058 3631 2125 phmiiicis

2066 2149 2534 2211 commemoratio,
2561 2164 2725 2218 quam
2757 2164 2822 2202 ex
2849 2149 3145 2204 Clementis
3171 2150 3402 2217 epistola
3426 2148 3633 2219 produ-

2066 2241 2142 2295 cit
2181 2240 2417 2313 Cyrillus
2467 2240 3071 2311 Hierosolymitanus“.
3128 2241 3290 2296 Omni
3353 2256 3415 2295 ex
3478 2250 3633 2310 parte

2067 2348 2283 2403 quoque
2309 2339 2496 2387 nostra
2520 2333 2633 2385 haec
2654 2332 2943 2402 respondet
2968 2334 3045 2387 illi
3072 2332 3423 2402 descriptioni
3469 2350 3634 2401 quam

2067 2419 2293 2477 Photius
2326 2422 2381 2475 in
2432 2423 2756 2479 Bibliotheca
2796 2422 2979 2488 habet,
3011 2432 3331 2496 argumento
3360 2422 3632 2484 videlicet,

2068 2514 2306 2569 dictione
2333 2524 2387 2569 et
2415 2515 2662 2567 doctrina
2702 2514 2768 2567 de
2800 2514 3020 2568 mundis
3052 2522 3207 2569 trans
3244 2530 3534 2575 oceanum,
3567 2515 3639 2568 de

2068 2604 2326 2659 thnice
2363 2611 2417 2658 et
2446 2603 2513 2657 de
2544 2603 2750 2657 Christi
2801 2618 3054 2673 persona.
3082 2604 3314 2657 Tantum
3343 2604 3495 2658 deest
3524 2604 3639 2658 for-

2070 2698 2236 2751 tassis
2290 2696 2435 2765 quod
2482 2694 2538 2749 S.
2590 2694 2840 2750 Justinus
2890 2697 3171 2766 martyr",
3208 2696 3320 2750 sive
3350 2696 3474 2765 quis
3496 2696 3639 2751 alius

2070 2795 2262 2841 auctor
2290 2787 2630 2855 Responsion.
2658 2786 2725 2840 ad
2757 2786 3035 2839 orthodox.
3068 2803 3130 2840 ex
3157 2786 3399 2855 Epistola
3429 2788 3521 2840 illa
3553 2804 3640 2840 re-

2071 2876 2196 2942 fert,
2225 2877 2482 2947 quodque
2520 2892 2617 2930 ceu
2651 2876 2914 2931 Clementi
2941 2877 3149 2929 dictum
3185 2877 3371 2929 laudat
3403 2878 3640 2931 Basilius

2073 2968 2138 3021 ad
2168 2967 2625 3037 Amphilochium.
2653 2966 2852 3022 Verum
2906 2984 3015 3021 non
3062 2977 3145 3022 est
3175 2968 3320 3038 quod
3351 2978 3642 3039 propterea

2073 3062 2295 3129 sequius
2327 3060 2691 3129 suspicemur,
2721 3076 2845 3113 cum
2875 3070 3113 3130 quatuor
3140 3062 3348 3131 integra
3378 3062 3505 3115 folia
3540 3077 3642 3114 no-

401 3150 652 3203 mutavit.
688 3148 794 3203 Sed
820 3157 875 3204 et
902 3148 1085 3203 videre
1111 3159 1195 3203 est
1225 3150 1481 3203 damnata
1504 3149 1701 3220 placita
1731 3149 1970 3204 Marcio-
1996 3170 2043 3235 ρ
2076 3152 2158 3207 bis
2187 3151 2379 3207 deesse
2426 3158 2655 3207 testetur
2685 3153 2731 3207 is
2762 3154 2848 3206 cui
2878 3153 3169 3208 editionem
3220 3155 3449 3222 primam
3476 3154 3644 3207 debe-

401 3241 491 3295 nis
535 3240 602 3295 de
658 3256 821 3295 carne
874 3249 929 3295 et
972 3243 1226 3310 passione
1280 3241 1508 3305 Christi,
1568 3243 1969 3298 resurrectione

402 3333 531 3386 item
586 3339 640 3387 et
682 3332 890 3402 judicio
916 3342 1278 3395 mortuorum,
1314 3334 1570 3403 illamque
1599 3334 1735 3389 adeo
1770 3336 1971 3390 solem-

402 3440 527 3477 nem
558 3431 611 3477 et
641 3425 734 3477 uni
771 3424 848 3477 illi
908 3425 1133 3494 martyri
1194 3425 1469 3493 propriam
1527 3428 1969 3491 detestationem,

401 3528 509 3586 qua
559 3512 774 3567 obviam
825 3514 930 3568 sibi
985 3511 1169 3567 Romae
1201 3513 1403 3567 factum
1452 3513 1780 3571 Marcionem
1812 3532 1971 3573 exce-

404 3606 552 3676 pisse
584 3604 965 3675 Polycarpum,
998 3604 1339 3672 πρωτοτόκου
1374 3606 1581 3661 scilicet
1613 3607 1705 3660 τοῦ
1737 3609 1970 3673 Σατανᾶ,

405 3708 671 3754 memorat
724 3698 1041 3751 lrenteus”.
1075 3697 1153 3751 Ex
1204 3699 1455 3764 adverso,
1489 3702 1691 3770 quibus
1729 3701 1970 3769 Flacius,

403 3808 642 3862 eumque
667 3792 838 3846 secuti
858 3791 970 3853 alii,
1001 3792 1222 3844 dubiam
1254 3794 1479 3849 reddere
1497 3794 1794 3864 Epistolam
1827 3796 1971 3849 illam

408 3894 712 3947 tentavere,
745 3885 877 3938 talia
917 3892 1047 3939 sunt
1098 3892 1158 3939 ut
1212 3886 1266 3939 in
1322 3886 1670 3940 commodum
1726 3886 1973 3953 συλλογι-

410 3978 547 4049 σμὸν
588 3977 795 4033 referre
847 3995 1107 4048 nequeas,
1143 3979 1392 4049 quamvis
1421 3979 1660 4033 coneris.
1698 3978 1977 4048 Simplici-

407 4077 495 4125 tas
524 4079 673 4125 certe
720 4070 977 4127 dictionis
1008 4080 1062 4125 et
1087 4072 1461 4126 inelaboratus
1505 4086 1707 4131 sermo,
1746 4085 1867 4143 quae
1898 4069 1980 4127 illi

407 4170 730 4226 causantur,
764 4170 1001 4233 arguunt
1024 4162 1205 4232 potius
1223 4162 1576 4233 apostolicam
1608 4170 1818 4216 aetatem
1840 4162 1980 4217 scri-

409 4254 783 4324 ptionemque,
816 4261 869 4306 ut
890 4269 1010 4322 qua:
1034 4253 1124 4305 uni
1159 4253 1237 4305 illi
1260 4253 1572 4322 tempestati
1603 4260 1657 4305 et
1688 4251 1820 4306 solis
1846 4265 1971 4320 apo-

409 4347 586 4412 stolis,
621 4361 920 4415 eorumque
943 4344 1228 4413 discipulis
1261 4343 1546 4397 familiaria
1578 4342 1797 4398 fuerint.

480 4437 587 4491 Par
631 4440 770 4491 ratio
817 4446 901 4492 est
924 4436 1279 4491 Clementina:
1305 4434 1453 4488 illius
1484 4432 1738 4504 Epistola:
1768 4434 1835 4488 ad
1865 4433 1974 4487 Co-

2071 3261 2216 3306 mus,
2244 3242 2515 3298 Patricius
2543 3242 2740 3299 Junius
2774 3264 2785 3296 :
2820 3254 2874 3299 et
2925 3244 3158 3299 Basilius
3187 3246 3325 3314 (sive
3352 3246 3493 3299 alius
3518 3244 3644 3297 libri

2070 3334 2215 3388 illius
2247 3333 2501 3402 scriptor)
2538 3332 2629 3385 illa
2684 3349 2780 3387 sua
2811 3350 2876 3387 ex
2908 3333 3011 3387 hac
3040 3332 3279 3402 Epistola
3338 3333 3480 3388 forte
3530 3350 3644 3389 non

2070 3428 2417 3497 prompserit.
2449 3425 2592 3479 Nihil
2646 3440 2776 3480 sane
2816 3441 2880 3479 ex
2932 3426 3080 3478 omni
3140 3426 3467 3494 antiquitate
3515 3442 3647 3495 pro-

2072 3518 2297 3572 duxeris
2343 3516 2410 3571 de
2460 3515 2757 3570 Clementis
2792 3515 2882 3567 illa
2911 3530 3170 3585 germana
3201 3516 3466 3587 Epistola,
3495 3517 3644 3585 quod

2073 3610 2267 3665 merito
2295 3623 2455 3678 quem
2484 3606 2672 3661 fecerit
2698 3605 2765 3659 de
2792 3614 2981 3659 nostra
3015 3605 3285 3659 dubitare.

2142 3700 2259 3755 Jam
2291 3714 2417 3754 vero
2440 3713 2565 3752 cum
2595 3712 2727 3751 cura
2775 3705 3019 3751 nostram
3077 3698 3219 3750 hanc
3262 3696 3463 3767 legenti
3506 3696 3648 3751 nihil

2076 3793 2318 3847 occurrit
2362 3791 2527 3845 fucati
2560 3796 2653 3842 aut
2696 3788 2945 3853 subdoli;
2973 3798 3026 3842 et
3057 3797 3238 3843 tamen
3265 3790 3451 3841 omnia
3487 3788 3635 3842 refe—

2077 3894 2205 3939 runt
2233 3886 2391 3953 plane
2420 3881 2721 3952 apostolica
2752 3889 3020 3947 tempora,
3044 3880 3364 3933 charactere
3394 3879 3646 3933 scriben—

2075 3977 2151 4040 di,
2200 3984 2253 4031 et
2294 3974 2543 4029 doctrina
2581 3973 2718 4042 ipsa.
2771 3970 2925 4036 Quod
2969 3970 3123 4023 firmo
3175 3980 3258 4025 est
3297 3979 3645 4040 argumento,

2077 4072 2270 4129 saltem
2302 4086 2366 4123 ex
2398 4069 2490 4121 illo
2527 4081 2643 4120 (evo
2680 4063 2747 4117 ad
2794 4079 2892 4117 nos
2925 4062 3223 4131 Epistolam
3272 4062 3421 4115 illam
3454 4077 3651 4130 perve-

2079 4162 2247 4226 nisse,
2276 4161 2377 4215 etsi
2408 4160 2475 4213 de
2510 4165 2733 4210 auctore
2774 4154 2913 4207 forte
2956 4168 3066 4206 non
3117 4160 3415 4205 constaret.
3457 4150 3650 4205 Sermo

2082 4270 2213 4308 sane
2250 4253 2296 4305 is
2326 4258 2431 4312 est,
2462 4249 2677 4318 qualem
2721 4261 2969 4301 summus
2998 4243 3223 4297 criticus
3254 4242 3653 4311 Photiusjudi-

2079 4345 2258 4408 cavit,
2302 4341 2503 4403 ἁπλοῦς
2549 4339 2687 4392 κατὰ
2730 4336 2826 4406 τὴν
2874 4336 3071 4404 φράσιν
3121 4334 3214 4386 καὶ
3286 4334 3496 4404 σαφὴς,
3557 4336 3651 4385 καὶ

2080 4437 2243 4503 ἐγγὺς
2271 4433 2364 4485 τοῦ
2412 4426 2858 4498 ἐκκλησιαστικοῦ
2890 4425 3234 4495 χαρακτῆρος
3255 4441 3269 4489 ;
3288 4435 3440 4479 extra
3470 4435 3653 4478 autem

412 4530 669 4593 rinthios,
703 4545 867 4599 quam
891 4544 958 4583 ex
987 4527 1360 4582 vetustissimo
1387 4524 1758 4581 Alexandrino
1787 4527 1977 4581 codice
2008 4517 2051 4571 Ι)
2086 4528 2318 4598 primum
2350 4524 2481 4576 illud
2505 4520 2761 4575 Ecclesia:
2786 4533 2959 4571 :evum
2992 4516 3195 4571 frustra
3237 4518 3468 4571 formam
3500 4517 3652 4569 illam

412 4624 573 4677 nobis
594 4638 703 4676 non
739 4621 875 4675 adeo
907 4621 1113 4689 pridem
1143 4620 1415 4673 Patricius
1442 4618 1637 4674 Junius
1662 4620 1746 4673 vir
1763 4620 1977 4673 clariss.

414 4715 863 4778 communicavit,
895 4723 948 4768 et
979 4722 1035 4767 tu
1056 4715 1217 4769 hodie
1245 4730 1312 4768 ex
1333 4712 1668 4767 Londinensi
1691 4712 1975 4781 exprimis.

416 4805 593 4858 Etiam
620 4804 709 4857 hic
736 4804 880 4857 enim
906 4804 1150 4859 invenire
1177 4811 1282 4866 est,
1307 4818 1430 4872 quae
1455 4818 1579 4857 cum
1615 4802 1683 4856 de
1716 4803 1830 4866 illa,
1863 4810 1979 4855 tum

412 4914 483 4953 ex
536 4896 629 4949 illa
668 4902 879 4949 veteres
940 4910 1130 4949 omnes
1188 4895 1563 4964 prodiderunt.
1613 4892 1982 4948 Observamus

413 5004 549 5044 sane
574 4994 627 5041 et
652 4986 837 5039 στάσιν
867 4986 968 5038 οὐκ
1001 4986 1186 5055 ὀλίγην
1225 4985 1474 5040 Corinthi
1506 4993 1681 5039 ortam
1706 4987 1845 5040 inter
1868 4986 1980 5039 fra-

413 5088 550 5141 tres,
580 5092 923 5148 progressam
978 5077 1231 5130 nimirum
1266 5076 1334 5129 ad
1377 5076 1486 5130 vim
1538 5086 1591 5130 et
1620 5076 1840 5140 bellum,
1866 5077 1983 5130 sive

414 5171 596 5229 duella
627 5188 641 5222 ι
667 5180 720 5225 et
744 5167 1001 5222 Romana:
1028 5166 1304 5232 Ecclesiae,
1333 5182 1443 5221 non
1469 5175 1646 5221 autem
1672 5168 1836 5220 unius
1860 5168 1981 5221 Cle-

417 5265 617 5320 mentis
644 5264 863 5319 nomine
887 5268 1142 5317 exaratas
1168 5259 1411 5326 litteras;
1445 5276 1649 5329 easque
1688 5260 1754 5313 ad
1792 5275 1981 5329 pacem

417 5365 472 5411 et
509 5356 859 5411 concordiam
904 5351 1223 5407 Corinthios
1255 5349 1553 5416 flectentes,
1588 5358 1985 5405 memorantes-

420 5464 525 5515 que
546 5463 733 5501 eorum
768 5445 947 5511 fidem,
980 5460 1143 5514 quam
1166 5452 1413 5498 recenter
1436 5442 1503 5495 ab
1534 5441 1793 5509 apostolis
1823 5456 1978 5495 acce—

497 5645 539 5675 ¹¹⁵
565 5643 683 5699 Lib.
718 5660 776 5696 ιιι
827 5644 993 5707 IIist.,
1033 5661 1081 5698 c.
1115 5642 1204 5703 36;
1230 5643 1267 5697 l.
1302 5657 1373 5703 Iv,
1430 5658 1480 5696 c.
1518 5642 1602 5695 li.

438 5714 576 5780 Περὶ
600 5714 822 5782 ἀρχῶν.
855 5718 895 5746 ’⁸
920 5716 1036 5768 Lib.
1072 5730 1129 5767 ιιι
1186 5712 1327 5767 Hist.
1391 5728 1440 5766 c.
1504 5713 1570 5765 12
1604 5720 1655 5766 et
1712 5714 1800 5766 5‘2.

429 5787 471 5817 "
506 5786 724 5839 (laterh.
787 5786 865 5840 l8.
947 5788 988 5817 ²²
1031 5785 1191 5854 liesp.
1252 5784 1314 5837 7i
1378 5783 1569 5847 BasiL,
1606 5801 1651 5835 ι’.
1687 5783 1774 5835 ‘29.

1685 5644 1726 5673 15
1762 5643 1779 5673 Ι
1804 5658 1867 5673 nn
1947 5643 1992 5673 In:

1762 5641 1889 5697 Lor.
1946 5658 1968 5694 ρ

1762 5714 1800 5766 2.
1884 5713 1968 5765 "1

2073 5685 2096 5697 ,.
2182 5642 2221 5671 ¹⁶
2256 5641 2371 5695 Lib.
2417 5655 2499 5698 ιιι.
2542 5652 2592 5691 c.
2657 5641 2740 5689 15.
2845 5641 2882 5665 ’⁷
2922 5641 3036 5687 Lib.
3078 5650 3129 5687 IV
3176 5641 3399 5697 Strom.;
3469 5641 3562 5687 lib.
3608 5647 3645 5687 ιι

2082 5713 2325 5767 scriutor.
2403 5708 2532 5762 "In
2596 5722 2716 5776 cap.
2772 5722 2842 5760 ιιι
2907 5704 3031 5760 lsai.
3097 5715 3149 5760 ei
3197 5722 3317 5775 cap.
3348 5722 3401 5761 iv
3448 5705 3647 5777 Ephes.

2086 4614 2357 4672 scribendi
2416 4612 2716 4682 quimsieris.
2774 4608 2865 4663 Sic
2910 4609 3055 4677 quod
3092 4609 3325 4678 epistola
3389 4607 3653 4662 Romana:

2086 4708 2364 4770 Ecclesiie,
2390 4721 2499 4758 non
2531 4717 2659 4757 vero
2688 4700 2932 4770 episcopi
2968 4708 3022 4753 et
3065 4701 3509 4770 presbyterorum
3559 4712 3653 4755 aut

2085 4799 2324 4869 episcopi
2379 4798 2550 4852 solius
2603 4793 2822 4847 nomine
2873 4800 3096 4846 exarata
3142 4801 3247 4854 est,
3294 4793 3451 4846 alteri
3505 4795 3653 4846 a-tati

2086 4905 2250 4960 quam
2282 4888 2382 4944 soli
2426 4885 2737 4955 apostolicae
2766 4898 2875 4935 non
2902 4884 3193 4937 convenit:
3232 4885 3493 4953 paulatim
3531 4898 3655 4937 cre-

2088 4989 2273 5037 scente
2317 4978 2641 5032 auctoritate
2692 4973 2925 5042 primum
2976 4975 3184 5044 collegii
3239 4976 3649 5045 presbyter-alis,

2083 5074 2210 5127 inde
2244 5072 2405 5126 unius
2434 5067 2696 5139 episcopi,
2751 5072 2804 5119 et
2854 5067 3057 5119 sensim
3087 5081 3116 5117 a
3141 5067 3428 5121 curatione
3476 5083 3657 5121 sacra-

2084 5181 2206 5220 rum
2245 5178 2429 5219 rerum
2467 5169 2676 5215 remoto
2705 5160 2925 5228 pepulo.
2970 5156 3217 5225 Sequens
3260 5158 3426 5211 etiam
3479 5174 3657 5211 :evum

2088 5260 2245 5327 longe
2282 5255 2439 5309 aliter
2469 5253 2535 5307 de
2572 5266 2801 5320 persona
2836 5251 3042 5304 Christi
3082 5250 3325 5303 locutum
3373 5260 3457 5303 est
3486 5269 3497 5303 :
3527 5266 3656 5303 cum

2088 5351 2177 5404 hic
2208 5364 2316 5401 non
2353 5346 2466 5400 fere
2492 5344 2594 5396 alia
2620 5344 3065 5412 reperias,quam
3085 5342 3175 5394 illa
3205 5342 3405 5409 quibus
3436 5341 3493 5395 S.
3514 5341 3660 5396 Pau-

2094 5442 2179 5495 lus
2209 5448 2293 5494 est
2318 5454 2469 5493 usus.
2501 5434 2693 5489 Videre
2722 5434 2886 5489 etiam
2922 5433 3007 5485 hic
3030 5441 3114 5487 est
3146 5437 3199 5485 in
3229 5433 3423 5487 ordine
3446 5433 3637 5486 hicrar

2182 5642 2221 5671 ¹⁶
2256 5641 2371 5695 Lib.
2417 5655 2499 5698 ιιι.
2542 5652 2592 5691 c.
2657 5636 2740 5689 l3.
2845 5636 2883 5665 ¹⁷
2922 5632 3036 5687 Lib.
3078 5650 3129 5687 IV
3176 5633 3399 5697 Strom.;
3468 5635 3562 5687 lib.
3608 5647 3645 5687 ιι
