  <div class='ocr_page' id='page_1' title='image "/cluster/home/n/w/nwhite01/storage/ocr_20150623/1/nnc1.0022106693/034.png"; bbox 0 0 3936 6172; ppageno 0'>
   <div class='ocr_carea' id='block_1_1' title="bbox 262 373 3547 435">
    <p class='ocr_par' dir='ltr' id='par_1_1' title="bbox 262 373 3547 435">
     <span class='ocr_line' id='line_1_1' title="bbox 262 373 3547 435; baseline -0.002 0"><span class='ocrx_word' id='word_1_1' title='bbox 262 380 332 435; x_wconf 74' lang='lat'><strong>53</strong></span> <span class='ocrx_word' id='word_1_2' title='bbox 1534 377 1880 435; x_wconf 57' lang='lat' dir='ltr'><strong>PROG‘MIA</strong></span> <span class='ocrx_word' id='word_1_3' title='bbox 1924 375 2319 433; x_wconf 79' lang='lat' dir='ltr'><strong>VARIORUM.</strong></span> <span class='ocrx_word' id='word_1_4' title='bbox 3481 373 3547 428; x_wconf 65' lang='grc'><strong>54</strong></span> 
     </span>
    </p>
   </div>
   <div class='ocr_carea' id='block_1_2' title="bbox 262 491 3537 567">
    <p class='ocr_par' dir='ltr' id='par_1_2' title="bbox 262 491 3537 567">
     <span class='ocr_line' id='line_1_2' title="bbox 262 491 3537 567; baseline -0.001 -15"><span class='ocrx_word' id='word_1_5' title='bbox 262 502 429 555; x_wconf 73' lang='lat' dir='ltr'><strong>chico</strong></span> <span class='ocrx_word' id='word_1_6' title='bbox 458 498 746 554; x_wconf 86' lang='lat' dir='ltr'><strong>numerari</strong></span> <span class='ocrx_word' id='word_1_7' title='bbox 772 512 883 551; x_wconf 90' lang='lat' dir='ltr'><strong>non</strong></span> <span class='ocrx_word' id='word_1_8' title='bbox 916 497 1055 553; x_wconf 90' lang='lat' dir='ltr'><strong>alios</strong></span> <span class='ocrx_word' id='word_1_9' title='bbox 1085 512 1249 567; x_wconf 89' lang='lat' dir='ltr'><strong>quam</strong></span> <span class='ocrx_word' id='word_1_10' title='bbox 1276 497 1568 567; x_wconf 87' lang='lat' dir='ltr'><strong>episc0pos</strong></span> <span class='ocrx_word' id='word_1_11' title='bbox 1599 508 1652 553; x_wconf 92' lang='lat' dir='ltr'><strong>et</strong></span> <span class='ocrx_word' id='word_1_12' title='bbox 1681 498 1869 552; x_wconf 89' lang='lat' dir='ltr'><strong>diaco-</strong></span> <span class='ocrx_word' id='word_1_13' title='bbox 1899 508 1946 557; x_wconf 86' lang='grc' dir='ltr'><strong>Α</strong></span> <span class='ocrx_word' id='word_1_14' title='bbox 1977 495 2356 565; x_wconf 83' lang='lat' dir='ltr'><strong>deprehendas</strong></span> <span class='ocrx_word' id='word_1_15' title='bbox 2386 492 2529 562; x_wconf 87' lang='lat' dir='ltr'><strong>quod</strong></span> <span class='ocrx_word' id='word_1_16' title='bbox 2564 491 2792 559; x_wconf 82' lang='lat' dir='ltr'><strong>Photius</strong></span> <span class='ocrx_word' id='word_1_17' title='bbox 2851 493 3083 557; x_wconf 88' lang='lat' dir='ltr'><strong>notavit,</strong></span> <span class='ocrx_word' id='word_1_18' title='bbox 3138 511 3333 564; x_wconf 79' lang='lat' dir='ltr'><strong>nempe</strong></span> <span class='ocrx_word' id='word_1_19' title='bbox 3364 496 3537 550; x_wconf 71' lang='grc' dir='ltr'><strong>νωθε-</strong></span> 
     </span>
    </p>
   </div>
   <div class='ocr_carea' id='block_1_3' title="bbox 258 590 1859 662">
    <p class='ocr_par' dir='ltr' id='par_1_3' title="bbox 258 590 1859 662">
     <span class='ocr_line' id='line_1_3' title="bbox 258 590 1859 662; baseline -0.002 -15"><span class='ocrx_word' id='word_1_20' title='bbox 258 608 388 653; x_wconf 86' lang='lat' dir='ltr'><strong>nos,</strong></span> <span class='ocrx_word' id='word_1_21' title='bbox 423 591 670 662; x_wconf 79' lang='lat' dir='ltr'><strong>episcopi</strong></span> <span class='ocrx_word' id='word_1_22' title='bbox 715 591 939 645; x_wconf 88' lang='lat' dir='ltr'><strong>nomine</strong></span> <span class='ocrx_word' id='word_1_23' title='bbox 986 606 1179 645; x_wconf 92' lang='lat' dir='ltr'><strong>omnes</strong></span> <span class='ocrx_word' id='word_1_24' title='bbox 1216 590 1569 659; x_wconf 73' lang='lat' dir='ltr'><strong>presbyteros</strong></span> <span class='ocrx_word' id='word_1_25' title='bbox 1608 604 1859 659; x_wconf 88' lang='lat' dir='ltr'><strong>compre-</strong></span> 
     </span>
    </p>
   </div>
   <div class='ocr_carea' id='block_1_4' title="bbox 261 680 1859 751">
    <p class='ocr_par' dir='ltr' id='par_1_4' title="bbox 261 680 1859 751">
     <span class='ocr_line' id='line_1_4' title="bbox 261 680 1859 751; baseline -0.003 -14"><span class='ocrx_word' id='word_1_26' title='bbox 261 683 546 737; x_wconf 82' lang='lat' dir='ltr'><strong>hendente</strong></span> <span class='ocrx_word' id='word_1_27' title='bbox 585 702 598 736; x_wconf 91' lang='lat'><strong>:</strong></span> <span class='ocrx_word' id='word_1_28' title='bbox 629 697 798 737; x_wconf 87' lang='lat' dir='ltr'><strong>secus</strong></span> <span class='ocrx_word' id='word_1_29' title='bbox 834 696 1000 751; x_wconf 88' lang='lat' dir='ltr'><strong>quam</strong></span> <span class='ocrx_word' id='word_1_30' title='bbox 1032 680 1175 734; x_wconf 84' lang='lat' dir='ltr'><strong>infra</strong></span> <span class='ocrx_word' id='word_1_31' title='bbox 1214 680 1519 749; x_wconf 84' lang='lat' dir='ltr'><strong>apostolica</strong></span> <span class='ocrx_word' id='word_1_32' title='bbox 1548 686 1603 734; x_wconf 82' lang='lat' dir='ltr'><strong>et</strong></span> <span class='ocrx_word' id='word_1_33' title='bbox 1634 686 1859 747; x_wconf 87' lang='lat' dir='ltr'><strong>aposto-</strong></span> 
     </span>
    </p>
   </div>
   <div class='ocr_carea' id='block_1_5' title="bbox 258 770 1855 843">
    <p class='ocr_par' dir='ltr' id='par_1_5' title="bbox 258 770 1855 843">
     <span class='ocr_line' id='line_1_5' title="bbox 258 770 1855 843; baseline -0.004 -13"><span class='ocrx_word' id='word_1_34' title='bbox 258 777 391 830; x_wconf 92' lang='lat' dir='ltr'><strong>licis</strong></span> <span class='ocrx_word' id='word_1_35' title='bbox 432 774 705 829; x_wconf 80' lang='lat' dir='ltr'><strong>viciniora</strong></span> <span class='ocrx_word' id='word_1_36' title='bbox 754 781 1005 843; x_wconf 90' lang='lat' dir='ltr'><strong>tempora</strong></span> <span class='ocrx_word' id='word_1_37' title='bbox 1049 772 1310 827; x_wconf 76' lang='lat' dir='ltr'><strong>obtinuit.</strong></span> <span class='ocrx_word' id='word_1_38' title='bbox 1358 770 1498 825; x_wconf 86' lang='lat' dir='ltr'><strong>Huic</strong></span> <span class='ocrx_word' id='word_1_39' title='bbox 1552 772 1648 825; x_wconf 90' lang='lat' dir='ltr'><strong>uni</strong></span> <span class='ocrx_word' id='word_1_40' title='bbox 1707 771 1855 826; x_wconf 73' lang='lat' dir='ltr'><strong>aetati</strong></span> 
     </span>
    </p>
   </div>
   <div class='ocr_carea' id='block_1_6' title="bbox 258 864 1857 938">
    <p class='ocr_par' dir='ltr' id='par_1_6' title="bbox 258 864 1857 938">
     <span class='ocr_line' id='line_1_6' title="bbox 258 864 1857 938; baseline -0.001 -16"><span class='ocrx_word' id='word_1_41' title='bbox 258 868 431 923; x_wconf 81' lang='lat' dir='ltr'><strong>etiam</strong></span> <span class='ocrx_word' id='word_1_42' title='bbox 464 882 711 938; x_wconf 87' lang='lat' dir='ltr'><strong>congrua</strong></span> <span class='ocrx_word' id='word_1_43' title='bbox 756 874 843 922; x_wconf 88' lang='lat' dir='ltr'><strong>est</strong></span> <span class='ocrx_word' id='word_1_44' title='bbox 883 865 1284 921; x_wconf 83' lang='lat' dir='ltr'><strong>sacrificiorum</strong></span> <span class='ocrx_word' id='word_1_45' title='bbox 1310 865 1609 919; x_wconf 90' lang='lat' dir='ltr'><strong>celebratio</strong></span> <span class='ocrx_word' id='word_1_46' title='bbox 1640 866 1697 918; x_wconf 91' lang='lat' dir='ltr'><strong>in</strong></span> <span class='ocrx_word' id='word_1_47' title='bbox 1726 864 1857 920; x_wconf 89' lang='lat' dir='ltr'><strong>Ilie-</strong></span> 
     </span>
    </p>
   </div>
   <div class='ocr_carea' id='block_1_7' title="bbox 224 955 1854 1030">
    <p class='ocr_par' dir='ltr' id='par_1_7' title="bbox 224 955 1854 1030">
     <span class='ocr_line' id='line_1_7' title="bbox 224 955 1854 1030; baseline 0.001 -19"><span class='ocrx_word' id='word_1_48' title='bbox 224 960 663 1030; x_wconf 80' lang='lat' dir='ltr'><strong>.rosolymitano</strong></span> <span class='ocrx_word' id='word_1_49' title='bbox 689 958 916 1028; x_wconf 90' lang='lat' dir='ltr'><strong>templo,</strong></span> <span class='ocrx_word' id='word_1_50' title='bbox 943 957 1106 1026; x_wconf 90' lang='lat' dir='ltr'><strong>cujus</strong></span> <span class='ocrx_word' id='word_1_51' title='bbox 1147 957 1262 1011; x_wconf 71' lang='lat' dir='ltr'><strong>haac</strong></span> <span class='ocrx_word' id='word_1_52' title='bbox 1295 955 1540 1026; x_wconf 90' lang='lat' dir='ltr'><strong>Epistola</strong></span> <span class='ocrx_word' id='word_1_53' title='bbox 1582 957 1854 1012; x_wconf 84' lang='lat' dir='ltr'><strong>meminit.</strong></span> 
     </span>
    </p>
   </div>
   <div class='ocr_carea' id='block_1_8' title="bbox 260 1047 1860 1120">
    <p class='ocr_par' dir='ltr' id='par_1_8' title="bbox 260 1047 1860 1120">
     <span class='ocr_line' id='line_1_8' title="bbox 260 1047 1860 1120; baseline 0 -17"><span class='ocrx_word' id='word_1_54' title='bbox 260 1050 432 1103; x_wconf 78' lang='lat' dir='ltr'><strong>Multa</strong></span> <span class='ocrx_word' id='word_1_55' title='bbox 459 1050 566 1102; x_wconf 90' lang='lat' dir='ltr'><strong>alia</strong></span> <span class='ocrx_word' id='word_1_56' title='bbox 597 1065 708 1104; x_wconf 89' lang='lat' dir='ltr'><strong>non</strong></span> <span class='ocrx_word' id='word_1_57' title='bbox 740 1050 1014 1104; x_wconf 67' lang='lat' dir='ltr'><strong>simulata:</strong></span> <span class='ocrx_word' id='word_1_58' title='bbox 1062 1048 1357 1102; x_wconf 81' lang='lat' dir='ltr'><strong>vetustatis</strong></span> <span class='ocrx_word' id='word_1_59' title='bbox 1390 1047 1597 1101; x_wconf 90' lang='lat' dir='ltr'><strong>indicia</strong></span> <span class='ocrx_word' id='word_1_60' title='bbox 1627 1063 1860 1120; x_wconf 84' lang='lat' dir='ltr'><strong>conges-</strong></span> 
     </span>
    </p>
   </div>
   <div class='ocr_carea' id='block_1_9' title="bbox 259 1137 1856 1209">
    <p class='ocr_par' dir='ltr' id='par_1_9' title="bbox 259 1137 1856 1209">
     <span class='ocr_line' id='line_1_9' title="bbox 259 1137 1856 1209; baseline -0.001 -15"><span class='ocrx_word' id='word_1_61' title='bbox 259 1143 334 1194; x_wconf 91' lang='lat' dir='ltr'><strong>sit</strong></span> <span class='ocrx_word' id='word_1_62' title='bbox 354 1140 512 1209; x_wconf 84' lang='lat' dir='ltr'><strong>Hugo</strong></span> <span class='ocrx_word' id='word_1_63' title='bbox 542 1138 790 1202; x_wconf 87' lang='lat' dir='ltr'><strong>Grotius,</strong></span> <span class='ocrx_word' id='word_1_64' title='bbox 823 1139 908 1192; x_wconf 90' lang='lat' dir='ltr'><strong>vir</strong></span> <span class='ocrx_word' id='word_1_65' title='bbox 938 1153 1212 1201; x_wconf 90' lang='lat' dir='ltr'><strong>summus,</strong></span> <span class='ocrx_word' id='word_1_66' title='bbox 1249 1137 1483 1207; x_wconf 88' lang='lat' dir='ltr'><strong>epistola</strong></span> <span class='ocrx_word' id='word_1_67' title='bbox 1515 1137 1754 1207; x_wconf 90' lang='lat' dir='ltr'><strong>quadam</strong></span> <span class='ocrx_word' id='word_1_68' title='bbox 1787 1139 1856 1193; x_wconf 92' lang='lat' dir='ltr'><strong>ad</strong></span> 
     </span>
    </p>
   </div>
   <div class='ocr_carea' id='block_1_10' title="bbox 255 1230 1853 1302">
    <p class='ocr_par' dir='ltr' id='par_1_10' title="bbox 255 1230 1853 1302">
     <span class='ocr_line' id='line_1_10' title="bbox 255 1230 1853 1302; baseline 0 -17"><span class='ocrx_word' id='word_1_69' title='bbox 255 1232 655 1302; x_wconf 75' lang='lat' dir='ltr'><strong>Hieronymum</strong></span> <span class='ocrx_word' id='word_1_70' title='bbox 702 1231 1051 1301; x_wconf 89' lang='lat' dir='ltr'><strong>Bignonium,</strong></span> <span class='ocrx_word' id='word_1_71' title='bbox 1092 1246 1215 1299; x_wconf 68' lang='lat' dir='ltr'><strong>quae</strong></span> <span class='ocrx_word' id='word_1_72' title='bbox 1258 1231 1315 1284; x_wconf 89' lang='lat' dir='ltr'><strong>in</strong></span> <span class='ocrx_word' id='word_1_73' title='bbox 1371 1230 1515 1284; x_wconf 90' lang='lat' dir='ltr'><strong>libro</strong></span> <span class='ocrx_word' id='word_1_74' title='bbox 1556 1230 1853 1298; x_wconf 81' lang='lat' dir='ltr'><strong>Epistolar.</strong></span> 
     </span>
    </p>
   </div>
   <div class='ocr_carea' id='block_1_11' title="bbox 256 1320 1856 1394">
    <p class='ocr_par' dir='ltr' id='par_1_11' title="bbox 256 1320 1856 1394">
     <span class='ocr_line' id='line_1_11' title="bbox 256 1320 1856 1394; baseline 0.002 -19"><span class='ocrx_word' id='word_1_75' title='bbox 256 1322 327 1375; x_wconf 70' lang='lat' dir='ltr'><strong>ad</strong></span> <span class='ocrx_word' id='word_1_76' title='bbox 361 1320 548 1375; x_wconf 81' lang='lat' dir='ltr'><strong>Gallos</strong></span> <span class='ocrx_word' id='word_1_77' title='bbox 587 1329 673 1376; x_wconf 90' lang='lat' dir='ltr'><strong>est</strong></span> <span class='ocrx_word' id='word_1_78' title='bbox 720 1337 841 1377; x_wconf 73' lang='grc' dir='ltr'><strong>οων</strong></span> <span class='ocrx_word' id='word_1_79' title='bbox 886 1336 1059 1391; x_wconf 70' lang='lat' dir='ltr'><strong>:quae</strong></span> <span class='ocrx_word' id='word_1_80' title='bbox 1099 1336 1208 1375; x_wconf 91' lang='lat' dir='ltr'><strong>non</strong></span> <span class='ocrx_word' id='word_1_81' title='bbox 1272 1336 1502 1391; x_wconf 86' lang='lat' dir='ltr'><strong>possum</strong></span> <span class='ocrx_word' id='word_1_82' title='bbox 1560 1338 1670 1377; x_wconf 93' lang='lat' dir='ltr'><strong>non</strong></span> <span class='ocrx_word' id='word_1_83' title='bbox 1727 1339 1856 1394; x_wconf 85' lang='lat' dir='ltr'><strong>pro-</strong></span> 
     </span>
    </p>
   </div>
   <div class='ocr_carea' id='block_1_12' title="bbox 254 1413 1857 1486">
    <p class='ocr_par' dir='ltr' id='par_1_12' title="bbox 254 1413 1857 1486">
     <span class='ocr_line' id='line_1_12' title="bbox 254 1413 1857 1486; baseline 0.001 -17"><span class='ocrx_word' id='word_1_84' title='bbox 254 1416 430 1469; x_wconf 88' lang='lat' dir='ltr'><strong>bare:</strong></span> <span class='ocrx_word' id='word_1_85' title='bbox 461 1415 567 1467; x_wconf 89' lang='lat' dir='ltr'><strong>nisi</strong></span> <span class='ocrx_word' id='word_1_86' title='bbox 600 1414 655 1467; x_wconf 90' lang='lat' dir='ltr'><strong>in</strong></span> <span class='ocrx_word' id='word_1_87' title='bbox 698 1428 765 1468; x_wconf 91' lang='lat' dir='ltr'><strong>eo</strong></span> <span class='ocrx_word' id='word_1_88' title='bbox 795 1415 1065 1468; x_wconf 88' lang='lat' dir='ltr'><strong>erraverit</strong></span> <span class='ocrx_word' id='word_1_89' title='bbox 1097 1414 1189 1469; x_wconf 91' lang='lat' dir='ltr'><strong>ille</strong></span> <span class='ocrx_word' id='word_1_90' title='bbox 1244 1415 1272 1465; x_wconf 87' lang='grc' dir='ltr'>ὁ</span> <span class='ocrx_word' id='word_1_91' title='bbox 1303 1413 1467 1477; x_wconf 83' lang='grc' dir='ltr'>πάνυ,</span> <span class='ocrx_word' id='word_1_92' title='bbox 1506 1416 1655 1485; x_wconf 92' lang='lat' dir='ltr'><strong>quod</strong></span> <span class='ocrx_word' id='word_1_93' title='bbox 1695 1426 1857 1486; x_wconf 88' lang='lat' dir='ltr'><strong>neget</strong></span> 
     </span>
    </p>
   </div>
   <div class='ocr_carea' id='block_1_13' title="bbox 252 1506 1849 1577">
    <p class='ocr_par' dir='ltr' id='par_1_13' title="bbox 252 1506 1849 1577">
     <span class='ocr_line' id='line_1_13' title="bbox 252 1506 1849 1577; baseline 0.001 -15"><span class='ocrx_word' id='word_1_94' title='bbox 252 1507 600 1563; x_wconf 84' lang='lat' dir='ltr'><strong>Clementem</strong></span> <span class='ocrx_word' id='word_1_95' title='bbox 632 1506 841 1577; x_wconf 89' lang='lat' dir='ltr'><strong>aliquid</strong></span> <span class='ocrx_word' id='word_1_96' title='bbox 870 1522 936 1561; x_wconf 83' lang='lat' dir='ltr'><strong>ex</strong></span> <span class='ocrx_word' id='word_1_97' title='bbox 972 1506 1309 1577; x_wconf 89' lang='lat' dir='ltr'><strong>Evangeliis,</strong></span> <span class='ocrx_word' id='word_1_98' title='bbox 1334 1522 1456 1577; x_wconf 76' lang='lat' dir='ltr'><strong>quae</strong></span> <span class='ocrx_word' id='word_1_99' title='bbox 1485 1508 1849 1577; x_wconf 86' lang='lat' dir='ltr'><strong>appellamus,</strong></span> 
     </span>
    </p>
   </div>
   <div class='ocr_carea' id='block_1_14' title="bbox 251 1594 1853 1665">
    <p class='ocr_par' dir='ltr' id='par_1_14' title="bbox 251 1594 1853 1665">
     <span class='ocr_line' id='line_1_14' title="bbox 251 1594 1853 1665; baseline -0.001 -15"><span class='ocrx_word' id='word_1_100' title='bbox 251 1597 579 1661; x_wconf 78' lang='lat' dir='ltr'><strong>adduxisse,</strong></span> <span class='ocrx_word' id='word_1_101' title='bbox 619 1612 746 1651; x_wconf 87' lang='lat' dir='ltr'><strong>cum</strong></span> <span class='ocrx_word' id='word_1_102' title='bbox 778 1605 963 1651; x_wconf 84' lang='lat' dir='ltr'><strong>tamen</strong></span> <span class='ocrx_word' id='word_1_103' title='bbox 995 1612 1061 1651; x_wconf 82' lang='lat' dir='ltr'><strong>ex</strong></span> <span class='ocrx_word' id='word_1_104' title='bbox 1098 1594 1156 1651; x_wconf 91' lang='lat' dir='ltr'><strong>S.</strong></span> <span class='ocrx_word' id='word_1_105' title='bbox 1191 1594 1353 1650; x_wconf 62' lang='lat' dir='ltr'><strong>Lucae</strong></span> <span class='ocrx_word' id='word_1_106' title='bbox 1400 1610 1524 1665; x_wconf 86' lang='lat' dir='ltr'><strong>cap.</strong></span> <span class='ocrx_word' id='word_1_107' title='bbox 1579 1611 1631 1649; x_wconf 75' lang='grc' dir='ltr'><strong>γι</strong></span> <span class='ocrx_word' id='word_1_108' title='bbox 1687 1596 1853 1650; x_wconf 82' lang='lat' dir='ltr'><strong>verba</strong></span> 
     </span>
    </p>
   </div>
   <div class='ocr_carea' id='block_1_15' title="bbox 255 1688 1852 1759">
    <p class='ocr_par' dir='ltr' id='par_1_15' title="bbox 255 1688 1852 1759">
     <span class='ocr_line' id='line_1_15' title="bbox 255 1688 1852 1759; baseline -0.002 -15"><span class='ocrx_word' id='word_1_109' title='bbox 255 1689 486 1744; x_wconf 86' lang='lat' dir='ltr'><strong>Domini</strong></span> <span class='ocrx_word' id='word_1_110' title='bbox 534 1690 712 1745; x_wconf 87' lang='lat' dir='ltr'><strong>nostri</strong></span> <span class='ocrx_word' id='word_1_111' title='bbox 759 1688 870 1744; x_wconf 88' lang='lat' dir='ltr'><strong>sint</strong></span> <span class='ocrx_word' id='word_1_112' title='bbox 913 1690 1167 1759; x_wconf 87' lang='lat' dir='ltr'><strong>repetita.</strong></span> <span class='ocrx_word' id='word_1_113' title='bbox 1214 1688 1361 1743; x_wconf 87' lang='lat' dir='ltr'><strong>Satis</strong></span> <span class='ocrx_word' id='word_1_114' title='bbox 1407 1703 1547 1743; x_wconf 87' lang='lat' dir='ltr'><strong>vero</strong></span> <span class='ocrx_word' id='word_1_115' title='bbox 1573 1688 1658 1743; x_wconf 90' lang='lat' dir='ltr'><strong>vel</strong></span> <span class='ocrx_word' id='word_1_116' title='bbox 1704 1689 1797 1742; x_wconf 93' lang='lat' dir='ltr'><strong>illa</strong></span> <span class='ocrx_word' id='word_1_117' title='bbox 1824 1704 1852 1741; x_wconf 89' lang='lat' dir='ltr'><strong>a</strong></span> 
     </span>
    </p>
   </div>
   <div class='ocr_carea' id='block_1_16' title="bbox 251 1779 1852 1851">
    <p class='ocr_par' dir='ltr' id='par_1_16' title="bbox 251 1779 1852 1851">
     <span class='ocr_line' id='line_1_16' title="bbox 251 1779 1852 1851; baseline -0.001 -16"><span class='ocrx_word' id='word_1_118' title='bbox 251 1782 419 1837; x_wconf 79' lang='lat' dir='ltr'><strong>nobis</strong></span> <span class='ocrx_word' id='word_1_119' title='bbox 448 1782 614 1835; x_wconf 87' lang='lat' dir='ltr'><strong>allata</strong></span> <span class='ocrx_word' id='word_1_120' title='bbox 635 1789 764 1836; x_wconf 91' lang='lat' dir='ltr'><strong>sunt</strong></span> <span class='ocrx_word' id='word_1_121' title='bbox 796 1781 950 1851; x_wconf 86' lang='lat' dir='ltr'><strong>paria</strong></span> <span class='ocrx_word' id='word_1_122' title='bbox 976 1779 1321 1835; x_wconf 72' lang='lat' dir='ltr'><strong>vindicanda:</strong></span> <span class='ocrx_word' id='word_1_123' title='bbox 1346 1796 1461 1836; x_wconf 72' lang='lat' dir='ltr'><strong>suae</strong></span> <span class='ocrx_word' id='word_1_124' title='bbox 1492 1780 1746 1850; x_wconf 84' lang='lat' dir='ltr'><strong>dignitati</strong></span> <span class='ocrx_word' id='word_1_125' title='bbox 1772 1780 1852 1833; x_wconf 91' lang='lat' dir='ltr'><strong>illi</strong></span> 
     </span>
    </p>
   </div>
   <div class='ocr_carea' id='block_1_17' title="bbox 1968 582 3540 653">
    <p class='ocr_par' dir='ltr' id='par_1_17' title="bbox 1968 582 3540 653">
     <span class='ocr_line' id='line_1_17' title="bbox 1968 582 3540 653; baseline 0.003 -18"><span class='ocrx_word' id='word_1_126' title='bbox 1968 584 2092 635; x_wconf 84' lang='grc' dir='ltr'>σίαν</span> <span class='ocrx_word' id='word_1_127' title='bbox 2160 583 2254 635; x_wconf 80' lang='grc' dir='ltr'><strong>καὶ</strong></span> <span class='ocrx_word' id='word_1_128' title='bbox 2339 582 2661 652; x_wconf 79' lang='grc' dir='ltr'>παραίνεσιν</span> <span class='ocrx_word' id='word_1_129' title='bbox 2746 583 3054 652; x_wconf 80' lang='grc' dir='ltr'>κρείττονος</span> <span class='ocrx_word' id='word_1_130' title='bbox 3122 584 3259 653; x_wconf 80' lang='grc' dir='ltr'>βίου,</span> <span class='ocrx_word' id='word_1_131' title='bbox 3346 587 3439 637; x_wconf 74' lang='grc' dir='ltr'><strong>καὶ</strong></span> <span class='ocrx_word' id='word_1_132' title='bbox 3492 590 3540 639; x_wconf 67' lang='grc' dir='ltr'><strong>ἐι</strong></span> 
     </span>
    </p>
   </div>
   <div class='ocr_carea' id='block_1_18' title="bbox 1964 670 3547 744">
    <p class='ocr_par' dir='ltr' id='par_1_18' title="bbox 1964 670 3547 744">
     <span class='ocr_line' id='line_1_18' title="bbox 1964 670 3547 744; baseline 0.002 -18"><span class='ocrx_word' id='word_1_133' title='bbox 1964 675 2108 744; x_wconf 83' lang='grc' dir='ltr'><strong>ἀρχῇ</strong></span> <span class='ocrx_word' id='word_1_134' title='bbox 2190 674 2253 725; x_wconf 76' lang='grc' dir='ltr'><strong>τὸ</strong></span> <span class='ocrx_word' id='word_1_135' title='bbox 2318 674 2580 742; x_wconf 81' lang='grc' dir='ltr'><strong>κήρυγμα</strong></span> <span class='ocrx_word' id='word_1_136' title='bbox 2635 670 2872 743; x_wconf 75' lang='grc' dir='ltr'><strong>Χριστοῦ</strong></span> <span class='ocrx_word' id='word_1_137' title='bbox 2958 671 3052 725; x_wconf 76' lang='grc' dir='ltr'><strong>τοῦ</strong></span> <span class='ocrx_word' id='word_1_138' title='bbox 3121 673 3274 726; x_wconf 82' lang='grc' dir='ltr'>Θεοῦ.</span> <span class='ocrx_word' id='word_1_139' title='bbox 3342 673 3547 739; x_wconf 84' lang='lat' dir='ltr'><strong>Solam,</strong></span> 
     </span>
    </p>
   </div>
   <div class='ocr_carea' id='block_1_19' title="bbox 1962 764 3549 837">
    <p class='ocr_par' dir='ltr' id='par_1_19' title="bbox 1962 764 3549 837">
     <span class='ocr_line' id='line_1_19' title="bbox 1962 764 3549 837; baseline 0.002 -18"><span class='ocrx_word' id='word_1_140' title='bbox 1962 766 2247 828; x_wconf 85' lang='lat' dir='ltr'><strong>nimirum,</strong></span> <span class='ocrx_word' id='word_1_141' title='bbox 2311 764 2463 818; x_wconf 85' lang='lat' dir='ltr'><strong>illam</strong></span> <span class='ocrx_word' id='word_1_142' title='bbox 2537 764 2769 834; x_wconf 89' lang='lat' dir='ltr'><strong>primam</strong></span> <span class='ocrx_word' id='word_1_143' title='bbox 2830 778 2957 818; x_wconf 92' lang='lat' dir='ltr'><strong>cum</strong></span> <span class='ocrx_word' id='word_1_144' title='bbox 3018 766 3168 819; x_wconf 90' lang='lat' dir='ltr'><strong>omni</strong></span> <span class='ocrx_word' id='word_1_145' title='bbox 3223 767 3549 837; x_wconf 86' lang='lat' dir='ltr'><strong>antiquitate</strong></span> 
     </span>
    </p>
   </div>
   <div class='ocr_carea' id='block_1_20' title="bbox 1963 856 3549 930">
    <p class='ocr_par' dir='ltr' id='par_1_20' title="bbox 1963 856 3549 930">
     <span class='ocr_line' id='line_1_20' title="bbox 1963 856 3549 930; baseline 0.002 -18"><span class='ocrx_word' id='word_1_146' title='bbox 1963 873 2282 930; x_wconf 81' lang='lat' dir='ltr'><strong>germanam</strong></span> <span class='ocrx_word' id='word_1_147' title='bbox 2381 871 2618 927; x_wconf 86' lang='lat' dir='ltr'><strong>agnosco</strong></span> <span class='ocrx_word' id='word_1_148' title='bbox 2680 876 2693 910; x_wconf 88' lang='lat'><strong>:</strong></span> <span class='ocrx_word' id='word_1_149' title='bbox 2746 856 2973 911; x_wconf 88' lang='lat' dir='ltr'><strong>alteram</strong></span> <span class='ocrx_word' id='word_1_150' title='bbox 3030 874 3140 913; x_wconf 90' lang='lat' dir='ltr'><strong>non</strong></span> <span class='ocrx_word' id='word_1_151' title='bbox 3214 860 3365 923; x_wconf 89' lang='lat' dir='ltr'><strong>item,</strong></span> <span class='ocrx_word' id='word_1_152' title='bbox 3446 864 3549 917; x_wconf 83' lang='lat' dir='ltr'><strong>etsi</strong></span> 
     </span>
    </p>
   </div>
   <div class='ocr_carea' id='block_1_21' title="bbox 1966 942 3553 1022">
    <p class='ocr_par' dir='ltr' id='par_1_21' title="bbox 1966 942 3553 1022">
     <span class='ocr_line' id='line_1_21' title="bbox 1966 942 3553 1022; baseline 0.001 -18"><span class='ocrx_word' id='word_1_153' title='bbox 1966 951 2037 1004; x_wconf 88' lang='lat' dir='ltr'><strong>sit</strong></span> <span class='ocrx_word' id='word_1_154' title='bbox 2095 957 2333 1011; x_wconf 84' lang='lat' dir='ltr'><strong>vetusta,</strong></span> <span class='ocrx_word' id='word_1_155' title='bbox 2388 958 2441 1002; x_wconf 92' lang='lat' dir='ltr'><strong>et</strong></span> <span class='ocrx_word' id='word_1_156' title='bbox 2477 942 2647 1018; x_wconf 87' lang='lat' dir='ltr'><strong>longe</strong></span> <span class='ocrx_word' id='word_1_157' title='bbox 2687 949 2933 1003; x_wconf 88' lang='lat' dir='ltr'><strong>melioris</strong></span> <span class='ocrx_word' id='word_1_158' title='bbox 2987 960 3148 1014; x_wconf 71' lang='lat' dir='ltr'><strong>noue,</strong></span> <span class='ocrx_word' id='word_1_159' title='bbox 3195 958 3359 1022; x_wconf 88' lang='lat' dir='ltr'><strong>atque</strong></span> <span class='ocrx_word' id='word_1_160' title='bbox 3423 961 3553 1005; x_wconf 87' lang='lat' dir='ltr'><strong>sunt</strong></span> 
     </span>
    </p>
   </div>
   <div class='ocr_carea' id='block_1_22' title="bbox 1961 1040 3551 1111">
    <p class='ocr_par' dir='ltr' id='par_1_22' title="bbox 1961 1040 3551 1111">
     <span class='ocr_line' id='line_1_22' title="bbox 1961 1040 3551 1111; baseline 0.001 -16"><span class='ocrx_word' id='word_1_161' title='bbox 1961 1042 2203 1111; x_wconf 57' lang='lat' dir='ltr'><strong>illasquze</strong></span> <span class='ocrx_word' id='word_1_162' title='bbox 2233 1041 2398 1110; x_wconf 83' lang='lat' dir='ltr'><strong>vulgo</strong></span> <span class='ocrx_word' id='word_1_163' title='bbox 2427 1042 2571 1110; x_wconf 89' lang='lat' dir='ltr'><strong>apud</strong></span> <span class='ocrx_word' id='word_1_164' title='bbox 2604 1040 2828 1095; x_wconf 88' lang='lat' dir='ltr'><strong>Latinos</strong></span> <span class='ocrx_word' id='word_1_165' title='bbox 2865 1040 3164 1097; x_wconf 85' lang='lat' dir='ltr'><strong>Clementis</strong></span> <span class='ocrx_word' id='word_1_166' title='bbox 3197 1045 3418 1098; x_wconf 89' lang='lat' dir='ltr'><strong>nomine</strong></span> <span class='ocrx_word' id='word_1_167' title='bbox 3440 1043 3551 1098; x_wconf 89' lang='lat' dir='ltr'><strong>cir-</strong></span> 
     </span>
    </p>
   </div>
   <div class='ocr_carea' id='block_1_23' title="bbox 1963 1129 3551 1189">
    <p class='ocr_par' dir='ltr' id='par_1_23' title="bbox 1963 1129 3551 1189">
     <span class='ocr_line' id='line_1_23' title="bbox 1963 1129 3551 1189; baseline 0.002 -5"><span class='ocrx_word' id='word_1_168' title='bbox 1963 1130 2370 1185; x_wconf 88' lang='lat' dir='ltr'><strong>cumferuntur.</strong></span> <span class='ocrx_word' id='word_1_169' title='bbox 2416 1129 2481 1183; x_wconf 91' lang='lat' dir='ltr'><strong>Et</strong></span> <span class='ocrx_word' id='word_1_170' title='bbox 2528 1146 2659 1185; x_wconf 89' lang='lat' dir='ltr'><strong>vero</strong></span> <span class='ocrx_word' id='word_1_171' title='bbox 2709 1132 2932 1185; x_wconf 85' lang='lat' dir='ltr'><strong>nonnisi</strong></span> <span class='ocrx_word' id='word_1_172' title='bbox 2964 1133 3182 1187; x_wconf 90' lang='lat' dir='ltr'><strong>unicam</strong></span> <span class='ocrx_word' id='word_1_173' title='bbox 3213 1150 3242 1187; x_wconf 91' lang='lat' dir='ltr'><strong>a</strong></span> <span class='ocrx_word' id='word_1_174' title='bbox 3272 1133 3551 1189; x_wconf 86' lang='lat' dir='ltr'><strong>Clemente</strong></span> 
     </span>
    </p>
   </div>
   <div class='ocr_carea' id='block_1_24' title="bbox 1960 1223 3550 1298">
    <p class='ocr_par' dir='ltr' id='par_1_24' title="bbox 1960 1223 3550 1298">
     <span class='ocr_line' id='line_1_24' title="bbox 1960 1223 3550 1298; baseline 0.001 -18"><span class='ocrx_word' id='word_1_175' title='bbox 1960 1224 2249 1294; x_wconf 89' lang='lat' dir='ltr'><strong>epistolam</strong></span> <span class='ocrx_word' id='word_1_176' title='bbox 2283 1223 2586 1293; x_wconf 82' lang='lat' dir='ltr'><strong>profectam</strong></span> <span class='ocrx_word' id='word_1_177' title='bbox 2622 1240 2766 1289; x_wconf 88' lang='lat' dir='ltr'><strong>esse,</strong></span> <span class='ocrx_word' id='word_1_178' title='bbox 2800 1225 3009 1295; x_wconf 90' lang='lat' dir='ltr'><strong>reliqua</strong></span> <span class='ocrx_word' id='word_1_179' title='bbox 3043 1242 3171 1281; x_wconf 87' lang='lat' dir='ltr'><strong>vero</strong></span> <span class='ocrx_word' id='word_1_180' title='bbox 3199 1231 3404 1291; x_wconf 87' lang='lat' dir='ltr'><strong>omnia,</strong></span> <span class='ocrx_word' id='word_1_181' title='bbox 3430 1245 3550 1298; x_wconf 84' lang='lat' dir='ltr'><strong>quae</strong></span> 
     </span>
    </p>
   </div>
   <div class='ocr_carea' id='block_1_25' title="bbox 1959 1315 3547 1390">
    <p class='ocr_par' dir='ltr' id='par_1_25' title="bbox 1959 1315 3547 1390">
     <span class='ocr_line' id='line_1_25' title="bbox 1959 1315 3547 1390; baseline 0.001 -18"><span class='ocrx_word' id='word_1_182' title='bbox 1959 1318 2077 1373; x_wconf 86' lang='lat' dir='ltr'><strong>sive</strong></span> <span class='ocrx_word' id='word_1_183' title='bbox 2098 1315 2566 1370; x_wconf 88' lang='lat' dir='ltr'><strong>Constitutionum</strong></span> <span class='ocrx_word' id='word_1_184' title='bbox 2598 1317 3047 1387; x_wconf 88' lang='lat' dir='ltr'><strong>apostolicarum,</strong></span> <span class='ocrx_word' id='word_1_185' title='bbox 3062 1319 3177 1374; x_wconf 88' lang='lat' dir='ltr'><strong>sive</strong></span> <span class='ocrx_word' id='word_1_186' title='bbox 3195 1317 3547 1390; x_wconf 80' lang='lat' dir='ltr'><strong>Recognitio-</strong></span> 
     </span>
    </p>
   </div>
   <div class='ocr_carea' id='block_1_26' title="bbox 1960 1409 3547 1479">
    <p class='ocr_par' dir='ltr' id='par_1_26' title="bbox 1960 1409 3547 1479">
     <span class='ocr_line' id='line_1_26' title="bbox 1960 1409 3547 1479; baseline 0.003 -16"><span class='ocrx_word' id='word_1_187' title='bbox 1960 1424 2115 1472; x_wconf 90' lang='lat' dir='ltr'><strong>num,</strong></span> <span class='ocrx_word' id='word_1_188' title='bbox 2166 1410 2289 1464; x_wconf 87' lang='lat' dir='ltr'><strong>sive</strong></span> <span class='ocrx_word' id='word_1_189' title='bbox 2325 1409 2696 1479; x_wconf 87' lang='lat' dir='ltr'><strong>Epistolarum</strong></span> <span class='ocrx_word' id='word_1_190' title='bbox 2752 1410 2975 1465; x_wconf 88' lang='lat' dir='ltr'><strong>nomine</strong></span> <span class='ocrx_word' id='word_1_191' title='bbox 3027 1411 3276 1478; x_wconf 89' lang='lat' dir='ltr'><strong>veniunt,</strong></span> <span class='ocrx_word' id='word_1_192' title='bbox 3327 1415 3547 1468; x_wconf 87' lang='lat' dir='ltr'><strong>mentiri</strong></span> 
     </span>
    </p>
   </div>
   <div class='ocr_carea' id='block_1_27' title="bbox 1959 1504 3549 1577">
    <p class='ocr_par' dir='ltr' id='par_1_27' title="bbox 1959 1504 3549 1577">
     <span class='ocr_line' id='line_1_27' title="bbox 1959 1504 3549 1577; baseline 0.001 -18"><span class='ocrx_word' id='word_1_193' title='bbox 1959 1512 2265 1568; x_wconf 89' lang='lat' dir='ltr'><strong>auctorem,</strong></span> <span class='ocrx_word' id='word_1_194' title='bbox 2298 1505 2381 1559; x_wconf 88' lang='lat' dir='ltr'><strong>vel</strong></span> <span class='ocrx_word' id='word_1_195' title='bbox 2442 1504 2581 1558; x_wconf 91' lang='lat' dir='ltr'><strong>illud</strong></span> <span class='ocrx_word' id='word_1_196' title='bbox 2613 1520 2785 1559; x_wconf 89' lang='lat' dir='ltr'><strong>unum</strong></span> <span class='ocrx_word' id='word_1_197' title='bbox 2822 1520 2923 1575; x_wconf 87' lang='lat' dir='ltr'><strong>pro</strong></span> <span class='ocrx_word' id='word_1_198' title='bbox 2949 1504 3252 1561; x_wconf 77' lang='lat' dir='ltr'><strong>sufﬁciente</strong></span> <span class='ocrx_word' id='word_1_199' title='bbox 3274 1517 3357 1561; x_wconf 91' lang='lat' dir='ltr'><strong>est</strong></span> <span class='ocrx_word' id='word_1_200' title='bbox 3384 1522 3549 1577; x_wconf 85' lang='lat' dir='ltr'><strong>argu-</strong></span> 
     </span>
    </p>
   </div>
   <div class='ocr_carea' id='block_1_28' title="bbox 1959 1596 3550 1667">
    <p class='ocr_par' dir='ltr' id='par_1_28' title="bbox 1959 1596 3550 1667">
     <span class='ocr_line' id='line_1_28' title="bbox 1959 1596 3550 1667; baseline 0.003 -17"><span class='ocrx_word' id='word_1_201' title='bbox 1959 1606 2169 1664; x_wconf 88' lang='lat' dir='ltr'><strong>mento,</strong></span> <span class='ocrx_word' id='word_1_202' title='bbox 2199 1597 2347 1667; x_wconf 90' lang='lat' dir='ltr'><strong>quod</strong></span> <span class='ocrx_word' id='word_1_203' title='bbox 2379 1596 2435 1651; x_wconf 93' lang='lat' dir='ltr'><strong>S.</strong></span> <span class='ocrx_word' id='word_1_204' title='bbox 2469 1596 2709 1653; x_wconf 69' lang='lat' dir='ltr'><strong>Irenazus</strong></span> <span class='ocrx_word' id='word_1_205' title='bbox 2738 1599 2960 1653; x_wconf 90' lang='lat' dir='ltr'><strong>nonnisi</strong></span> <span class='ocrx_word' id='word_1_206' title='bbox 2996 1600 3212 1653; x_wconf 90' lang='lat' dir='ltr'><strong>unicam</strong></span> <span class='ocrx_word' id='word_1_207' title='bbox 3254 1599 3401 1653; x_wconf 90' lang='lat' dir='ltr'><strong>illam</strong></span> <span class='ocrx_word' id='word_1_208' title='bbox 3438 1600 3550 1654; x_wconf 85' lang='lat' dir='ltr'><strong>lau-</strong></span> 
     </span>
    </p>
   </div>
   <div class='ocr_carea' id='block_1_29' title="bbox 1958 1689 3550 1753">
    <p class='ocr_par' dir='ltr' id='par_1_29' title="bbox 1958 1689 3550 1753">
     <span class='ocr_line' id='line_1_29' title="bbox 1958 1689 3550 1753; baseline 0.002 -10"><span class='ocrx_word' id='word_1_209' title='bbox 1958 1689 2051 1744; x_wconf 86' lang='lat' dir='ltr'><strong>det</strong></span> <span class='ocrx_word' id='word_1_210' title='bbox 2081 1692 2137 1745; x_wconf 92' lang='lat' dir='ltr'><strong>in</strong></span> <span class='ocrx_word' id='word_1_211' title='bbox 2172 1690 2423 1746; x_wconf 89' lang='lat' dir='ltr'><strong>veritatis</strong></span> <span class='ocrx_word' id='word_1_212' title='bbox 2469 1691 2760 1745; x_wconf 73' lang='lat' dir='ltr'><strong>catholica:</strong></span> <span class='ocrx_word' id='word_1_213' title='bbox 2792 1689 3193 1753; x_wconf 88' lang='lat' dir='ltr'><strong>testimonium,</strong></span> <span class='ocrx_word' id='word_1_214' title='bbox 3253 1689 3383 1744; x_wconf 89' lang='lat' dir='ltr'><strong>dum</strong></span> <span class='ocrx_word' id='word_1_215' title='bbox 3427 1700 3550 1746; x_wconf 84' lang='lat' dir='ltr'><strong>stu-</strong></span> 
     </span>
    </p>
   </div>
   <div class='ocr_carea' id='block_1_30' title="bbox 1962 1782 3549 1854">
    <p class='ocr_par' dir='ltr' id='par_1_30' title="bbox 1962 1782 3549 1854">
     <span class='ocr_line' id='line_1_30' title="bbox 1962 1782 3549 1854; baseline 0.002 -19"><span class='ocrx_word' id='word_1_216' title='bbox 1962 1782 2118 1839; x_wconf 89' lang='lat' dir='ltr'><strong>diose</strong></span> <span class='ocrx_word' id='word_1_217' title='bbox 2143 1792 2423 1853; x_wconf 81' lang='lat' dir='ltr'><strong>oppugnat</strong></span> <span class='ocrx_word' id='word_1_218' title='bbox 2463 1783 2723 1848; x_wconf 68' lang='lat' dir='ltr'><strong>haereses,</strong></span> <span class='ocrx_word' id='word_1_219' title='bbox 2757 1784 3143 1854; x_wconf 87' lang='lat' dir='ltr'><strong>episc0porum</strong></span> <span class='ocrx_word' id='word_1_220' title='bbox 3172 1782 3549 1838; x_wconf 83' lang='lat' dir='ltr'><strong>Romanorum</strong></span> 
     </span>
    </p>
   </div>
   <div class='ocr_carea' id='block_1_31' title="bbox 250 1865 3551 1945">
    <p class='ocr_par' dir='ltr' id='par_1_31' title="bbox 250 1865 3551 1945">
     <span class='ocr_line' id='line_1_31' title="bbox 250 1865 3551 1945; baseline 0 -19"><span class='ocrx_word' id='word_1_221' title='bbox 250 1882 464 1928; x_wconf 71' lang='lat' dir='ltr'><strong>nostrae</strong></span> <span class='ocrx_word' id='word_1_222' title='bbox 506 1874 754 1943; x_wconf 74' lang='lat' dir='ltr'><strong>epistolae</strong></span> <span class='ocrx_word' id='word_1_223' title='bbox 784 1890 795 1925; x_wconf 95' lang='lat'>:</span> <span class='ocrx_word' id='word_1_224' title='bbox 831 1888 1010 1943; x_wconf 91' lang='lat' dir='ltr'><strong>eoque</strong></span> <span class='ocrx_word' id='word_1_225' title='bbox 1048 1873 1185 1927; x_wconf 87' lang='lat' dir='ltr'><strong>nihil</strong></span> <span class='ocrx_word' id='word_1_226' title='bbox 1218 1874 1415 1929; x_wconf 85' lang='lat' dir='ltr'><strong>attinet</strong></span> <span class='ocrx_word' id='word_1_227' title='bbox 1440 1875 1600 1945; x_wconf 87' lang='lat' dir='ltr'><strong>plura</strong></span> <span class='ocrx_word' id='word_1_228' title='bbox 1629 1874 1684 1928; x_wconf 94' lang='lat' dir='ltr'><strong>in</strong></span> <span class='ocrx_word' id='word_1_229' title='bbox 1717 1890 1850 1928; x_wconf 88' lang='lat' dir='ltr'><strong>con-</strong></span> <span class='ocrx_word' id='word_1_230' title='bbox 1884 1865 1925 1918; x_wconf 80' lang='grc' dir='ltr'><strong>Β</strong></span> <span class='ocrx_word' id='word_1_231' title='bbox 1956 1889 2252 1931; x_wconf 91' lang='lat' dir='ltr'><strong>consensu.</strong></span> <span class='ocrx_word' id='word_1_232' title='bbox 2311 1876 2431 1929; x_wconf 91' lang='lat' dir='ltr'><strong>lmo</strong></span> <span class='ocrx_word' id='word_1_233' title='bbox 2483 1875 2624 1928; x_wconf 86' lang='lat' dir='ltr'><strong>tanti</strong></span> <span class='ocrx_word' id='word_1_234' title='bbox 2653 1882 2739 1930; x_wconf 92' lang='lat' dir='ltr'><strong>est</strong></span> <span class='ocrx_word' id='word_1_235' title='bbox 2783 1873 3003 1929; x_wconf 84' lang='lat' dir='ltr'><strong>roboris</strong></span> <span class='ocrx_word' id='word_1_236' title='bbox 3037 1873 3130 1927; x_wconf 90' lang='lat' dir='ltr'><strong>illa</strong></span> <span class='ocrx_word' id='word_1_237' title='bbox 3162 1871 3348 1927; x_wconf 82' lang='lat' dir='ltr'><strong>lrenaei</strong></span> <span class='ocrx_word' id='word_1_238' title='bbox 3397 1888 3551 1927; x_wconf 90' lang='lat' dir='ltr'><strong>com-</strong></span> 
     </span>
    </p>
   </div>
   <div class='ocr_carea' id='block_1_32' title="bbox 252 1964 1847 2035">
    <p class='ocr_par' dir='ltr' id='par_1_32' title="bbox 252 1964 1847 2035">
     <span class='ocr_line' id='line_1_32' title="bbox 252 1964 1847 2035; baseline 0.001 -17"><span class='ocrx_word' id='word_1_239' title='bbox 252 1964 630 2019; x_wconf 80' lang='lat' dir='ltr'><strong>ﬁrmationem</strong></span> <span class='ocrx_word' id='word_1_240' title='bbox 665 1981 814 2020; x_wconf 91' lang='lat' dir='ltr'><strong>nunc</strong></span> <span class='ocrx_word' id='word_1_241' title='bbox 839 1966 1169 2035; x_wconf 84' lang='lat' dir='ltr'><strong>producere.</strong></span> <span class='ocrx_word' id='word_1_242' title='bbox 1211 1965 1278 2019; x_wconf 86' lang='lat' dir='ltr'><strong>Et</strong></span> <span class='ocrx_word' id='word_1_243' title='bbox 1309 1980 1443 2021; x_wconf 85' lang='lat' dir='ltr'><strong>sane</strong></span> <span class='ocrx_word' id='word_1_244' title='bbox 1472 1966 1569 2020; x_wconf 89' lang='lat' dir='ltr'><strong>tibi</strong></span> <span class='ocrx_word' id='word_1_245' title='bbox 1604 1965 1847 2035; x_wconf 86' lang='lat' dir='ltr'><strong>quidem,</strong></span> 
     </span>
    </p>
   </div>
   <div class='ocr_carea' id='block_1_33' title="bbox 246 2055 1852 2126">
    <p class='ocr_par' dir='ltr' id='par_1_33' title="bbox 246 2055 1852 2126">
     <span class='ocr_line' id='line_1_33' title="bbox 246 2055 1852 2126; baseline -0.001 -16"><span class='ocrx_word' id='word_1_246' title='bbox 246 2058 323 2110; x_wconf 87' lang='lat' dir='ltr'><strong>mi</strong></span> <span class='ocrx_word' id='word_1_247' title='bbox 352 2056 597 2122; x_wconf 80' lang='lat' dir='ltr'><strong>Madere,</strong></span> <span class='ocrx_word' id='word_1_248' title='bbox 629 2056 869 2113; x_wconf 82' lang='lat' dir='ltr'><strong>fortasse</strong></span> <span class='ocrx_word' id='word_1_249' title='bbox 906 2057 1041 2113; x_wconf 88' lang='lat' dir='ltr'><strong>satis</strong></span> <span class='ocrx_word' id='word_1_250' title='bbox 1077 2064 1164 2112; x_wconf 91' lang='lat' dir='ltr'><strong>est</strong></span> <span class='ocrx_word' id='word_1_251' title='bbox 1195 2056 1273 2121; x_wconf 90' lang='lat' dir='ltr'><strong>id,</strong></span> <span class='ocrx_word' id='word_1_252' title='bbox 1309 2056 1457 2126; x_wconf 91' lang='lat' dir='ltr'><strong>quod</strong></span> <span class='ocrx_word' id='word_1_253' title='bbox 1505 2058 1726 2111; x_wconf 88' lang='lat' dir='ltr'><strong>nemine</strong></span> <span class='ocrx_word' id='word_1_254' title='bbox 1755 2055 1852 2109; x_wconf 91' lang='lat' dir='ltr'><strong>ad-</strong></span> 
     </span>
    </p>
   </div>
   <div class='ocr_carea' id='block_1_34' title="bbox 244 2148 1853 2218">
    <p class='ocr_par' dir='ltr' id='par_1_34' title="bbox 244 2148 1853 2218">
     <span class='ocr_line' id='line_1_34' title="bbox 244 2148 1853 2218; baseline 0.001 -17"><span class='ocrx_word' id='word_1_255' title='bbox 244 2157 513 2205; x_wconf 77' lang='lat' dir='ltr'><strong>versante</strong></span> <span class='ocrx_word' id='word_1_256' title='bbox 545 2164 742 2204; x_wconf 89' lang='lat' dir='ltr'><strong>omnes</strong></span> <span class='ocrx_word' id='word_1_257' title='bbox 770 2149 1018 2212; x_wconf 83' lang='lat' dir='ltr'><strong>omnino,</strong></span> <span class='ocrx_word' id='word_1_258' title='bbox 1050 2163 1221 2218; x_wconf 91' lang='lat' dir='ltr'><strong>penes</strong></span> <span class='ocrx_word' id='word_1_259' title='bbox 1257 2164 1400 2218; x_wconf 90' lang='lat' dir='ltr'><strong>quos</strong></span> <span class='ocrx_word' id='word_1_260' title='bbox 1450 2148 1615 2203; x_wconf 86' lang='lat' dir='ltr'><strong>hodie</strong></span> <span class='ocrx_word' id='word_1_261' title='bbox 1643 2149 1853 2203; x_wconf 68' lang='lat' dir='ltr'><strong>critica:</strong></span> 
     </span>
    </p>
   </div>
   <div class='ocr_carea' id='block_1_35' title="bbox 246 2240 1854 2312">
    <p class='ocr_par' dir='ltr' id='par_1_35' title="bbox 246 2240 1854 2312">
     <span class='ocr_line' id='line_1_35' title="bbox 246 2240 1854 2312; baseline 0.001 -18"><span class='ocrx_word' id='word_1_262' title='bbox 246 2255 483 2311; x_wconf 79' lang='lat' dir='ltr'><strong>regnum</strong></span> <span class='ocrx_word' id='word_1_263' title='bbox 516 2248 618 2299; x_wconf 68' lang='lat' dir='ltr'><strong>est.</strong></span> <span class='ocrx_word' id='word_1_264' title='bbox 654 2240 951 2311; x_wconf 82' lang='lat' dir='ltr'><strong>Epistulam</strong></span> <span class='ocrx_word' id='word_1_265' title='bbox 988 2241 1131 2295; x_wconf 89' lang='lat' dir='ltr'><strong>hanc</strong></span> <span class='ocrx_word' id='word_1_266' title='bbox 1162 2248 1223 2296; x_wconf 87' lang='lat' dir='ltr'><strong>ut</strong></span> <span class='ocrx_word' id='word_1_267' title='bbox 1275 2258 1591 2312; x_wconf 86' lang='lat' dir='ltr'><strong>germanam</strong></span> <span class='ocrx_word' id='word_1_268' title='bbox 1652 2243 1854 2297; x_wconf 90' lang='lat' dir='ltr'><strong>admit-</strong></span> 
     </span>
    </p>
   </div>
   <div class='ocr_carea' id='block_1_36' title="bbox 162 2333 1849 2411">
    <p class='ocr_par' dir='ltr' id='par_1_36' title="bbox 162 2333 1849 2411">
     <span class='ocr_line' id='line_1_36' title="bbox 162 2333 1849 2411; baseline 0 -23"><span class='ocrx_word' id='word_1_269' title='bbox 162 2408 163 2411; x_wconf 14' lang='grc' dir='ltr'><strong>η</strong></span> <span class='ocrx_word' id='word_1_270' title='bbox 247 2343 396 2388; x_wconf 75' lang='lat' dir='ltr'><strong>tant.</strong></span> <span class='ocrx_word' id='word_1_271' title='bbox 432 2333 641 2399; x_wconf 85' lang='lat' dir='ltr'><strong>Quidni</strong></span> <span class='ocrx_word' id='word_1_272' title='bbox 673 2335 820 2389; x_wconf 89' lang='lat' dir='ltr'><strong>enim</strong></span> <span class='ocrx_word' id='word_1_273' title='bbox 864 2341 988 2388; x_wconf 91' lang='lat' dir='ltr'><strong>tuto</strong></span> <span class='ocrx_word' id='word_1_274' title='bbox 1013 2335 1270 2405; x_wconf 86' lang='lat' dir='ltr'><strong>sequaris</strong></span> <span class='ocrx_word' id='word_1_275' title='bbox 1301 2335 1405 2390; x_wconf 90' lang='lat' dir='ltr'><strong>hac</strong></span> <span class='ocrx_word' id='word_1_276' title='bbox 1435 2336 1489 2389; x_wconf 91' lang='lat' dir='ltr'><strong>in</strong></span> <span class='ocrx_word' id='word_1_277' title='bbox 1522 2350 1580 2390; x_wconf 90' lang='lat' dir='ltr'><strong>re</strong></span> <span class='ocrx_word' id='word_1_278' title='bbox 1608 2334 1849 2398; x_wconf 86' lang='lat' dir='ltr'><strong>Grotios,</strong></span> 
     </span>
    </p>
   </div>
   <div class='ocr_carea' id='block_1_37' title="bbox 252 2423 1845 2493">
    <p class='ocr_par' dir='ltr' id='par_1_37' title="bbox 252 2423 1845 2493">
     <span class='ocr_line' id='line_1_37' title="bbox 252 2423 1845 2493; baseline 0.004 -16"><span class='ocrx_word' id='word_1_279' title='bbox 252 2423 581 2489; x_wconf 85' lang='lat' dir='ltr'><strong>Salmasios,</strong></span> <span class='ocrx_word' id='word_1_280' title='bbox 625 2424 894 2489; x_wconf 80' lang='lat' dir='ltr'><strong>Calixtos,</strong></span> <span class='ocrx_word' id='word_1_281' title='bbox 944 2425 1238 2493; x_wconf 84' lang='lat' dir='ltr'><strong>Horneios,</strong></span> <span class='ocrx_word' id='word_1_282' title='bbox 1289 2425 1539 2491; x_wconf 87' lang='lat' dir='ltr'><strong>Vossios,</strong></span> <span class='ocrx_word' id='word_1_283' title='bbox 1596 2427 1845 2492; x_wconf 80' lang='lat' dir='ltr'><strong>Rivetos,</strong></span> 
     </span>
    </p>
   </div>
   <div class='ocr_carea' id='block_1_38' title="bbox 248 2516 1853 2591">
    <p class='ocr_par' dir='ltr' id='par_1_38' title="bbox 248 2516 1853 2591">
     <span class='ocr_line' id='line_1_38' title="bbox 248 2516 1853 2591; baseline 0.004 -21"><span class='ocrx_word' id='word_1_284' title='bbox 248 2517 591 2582; x_wconf 89' lang='lat' dir='ltr'><strong>Blondellos,</strong></span> <span class='ocrx_word' id='word_1_285' title='bbox 627 2516 916 2585; x_wconf 88' lang='lat' dir='ltr'><strong>Seldenos,</strong></span> <span class='ocrx_word' id='word_1_286' title='bbox 950 2519 1227 2584; x_wconf 91' lang='lat' dir='ltr'><strong>Petavios,</strong></span> <span class='ocrx_word' id='word_1_287' title='bbox 1264 2519 1561 2583; x_wconf 87' lang='lat' dir='ltr'><strong>Patricius,</strong></span> <span class='ocrx_word' id='word_1_288' title='bbox 1604 2521 1853 2591; x_wconf 87' lang='lat' dir='ltr'><strong>aliosque</strong></span> 
     </span>
    </p>
   </div>
   <div class='ocr_carea' id='block_1_39' title="bbox 247 2611 1853 2669">
    <p class='ocr_par' dir='ltr' id='par_1_39' title="bbox 247 2611 1853 2669">
     <span class='ocr_line' id='line_1_39' title="bbox 247 2611 1853 2669; baseline 0.002 -4"><span class='ocrx_word' id='word_1_289' title='bbox 247 2626 515 2667; x_wconf 81' lang='lat' dir='ltr'><strong>censores</strong></span> <span class='ocrx_word' id='word_1_290' title='bbox 546 2611 811 2666; x_wconf 89' lang='lat' dir='ltr'><strong>librorum</strong></span> <span class='ocrx_word' id='word_1_291' title='bbox 834 2613 1222 2668; x_wconf 81' lang='lat' dir='ltr'><strong>exactissimos</strong></span> <span class='ocrx_word' id='word_1_292' title='bbox 1238 2613 1261 2665; x_wconf 83' lang='lat'><strong>‘?</strong></span> <span class='ocrx_word' id='word_1_293' title='bbox 1276 2612 1592 2668; x_wconf 57' lang='lat' dir='ltr'><strong>Prwsertim</strong></span> <span class='ocrx_word' id='word_1_294' title='bbox 1623 2615 1670 2668; x_wconf 94' lang='lat' dir='ltr'><strong>si</strong></span> <span class='ocrx_word' id='word_1_295' title='bbox 1690 2630 1853 2669; x_wconf 72' lang='lat' dir='ltr'><strong>nemo</strong></span> 
     </span>
    </p>
   </div>
   <div class='ocr_carea' id='block_1_40' title="bbox 248 2703 1849 2775">
    <p class='ocr_par' dir='ltr' id='par_1_40' title="bbox 248 2703 1849 2775">
     <span class='ocr_line' id='line_1_40' title="bbox 248 2703 1849 2775; baseline 0 -18"><span class='ocrx_word' id='word_1_296' title='bbox 248 2704 473 2759; x_wconf 88' lang='lat' dir='ltr'><strong>doctior</strong></span> <span class='ocrx_word' id='word_1_297' title='bbox 522 2704 837 2770; x_wconf 87' lang='lat' dir='ltr'><strong>dissentiat,</strong></span> <span class='ocrx_word' id='word_1_298' title='bbox 882 2711 943 2758; x_wconf 91' lang='lat' dir='ltr'><strong>ut</strong></span> <span class='ocrx_word' id='word_1_299' title='bbox 989 2705 1077 2758; x_wconf 91' lang='lat' dir='ltr'><strong>hic</strong></span> <span class='ocrx_word' id='word_1_300' title='bbox 1114 2703 1395 2769; x_wconf 86' lang='lat' dir='ltr'><strong>dissentit,</strong></span> <span class='ocrx_word' id='word_1_301' title='bbox 1450 2705 1599 2775; x_wconf 91' lang='lat' dir='ltr'><strong>quod</strong></span> <span class='ocrx_word' id='word_1_302' title='bbox 1656 2705 1849 2771; x_wconf 89' lang='lat' dir='ltr'><strong>sciam,</strong></span> 
     </span>
    </p>
   </div>
   <div class='ocr_carea' id='block_1_41' title="bbox 247 2810 435 2850">
    <p class='ocr_par' dir='ltr' id='par_1_41' title="bbox 247 2810 435 2850">
     <span class='ocr_line' id='line_1_41' title="bbox 247 2810 435 2850; baseline 0.005 -1"><span class='ocrx_word' id='word_1_303' title='bbox 247 2810 435 2850; x_wconf 88' lang='lat' dir='ltr'><strong>nemo.</strong></span> 
     </span>
    </p>
   </div>
   <div class='ocr_carea' id='block_1_42' title="bbox 320 2884 1854 2959">
    <p class='ocr_par' dir='ltr' id='par_1_42' title="bbox 320 2884 1854 2959">
     <span class='ocr_line' id='line_1_42' title="bbox 320 2884 1854 2959; baseline 0.002 -20"><span class='ocrx_word' id='word_1_304' title='bbox 320 2884 547 2955; x_wconf 87' lang='lat' dir='ltr'><strong>Loquor</strong></span> <span class='ocrx_word' id='word_1_305' title='bbox 586 2902 736 2951; x_wconf 91' lang='lat' dir='ltr'><strong>vero,</strong></span> <span class='ocrx_word' id='word_1_306' title='bbox 776 2887 853 2941; x_wconf 87' lang='lat' dir='ltr'><strong>uti</strong></span> <span class='ocrx_word' id='word_1_307' title='bbox 885 2888 1117 2953; x_wconf 84' lang='lat' dir='ltr'><strong>novisti,</strong></span> <span class='ocrx_word' id='word_1_308' title='bbox 1144 2895 1356 2943; x_wconf 89' lang='lat' dir='ltr'><strong>tantum</strong></span> <span class='ocrx_word' id='word_1_309' title='bbox 1387 2888 1453 2943; x_wconf 91' lang='lat' dir='ltr'><strong>de</strong></span> <span class='ocrx_word' id='word_1_310' title='bbox 1476 2887 1726 2959; x_wconf 88' lang='lat' dir='ltr'><strong>Epistola</strong></span> <span class='ocrx_word' id='word_1_311' title='bbox 1760 2889 1854 2942; x_wconf 87' lang='lat' dir='ltr'><strong>illa</strong></span> 
     </span>
    </p>
   </div>
   <div class='ocr_carea' id='block_1_43' title="bbox 247 2979 1851 3050">
    <p class='ocr_par' dir='ltr' id='par_1_43' title="bbox 247 2979 1851 3050">
     <span class='ocr_line' id='line_1_43' title="bbox 247 2979 1851 3050; baseline 0.004 -19"><span class='ocrx_word' id='word_1_312' title='bbox 247 2979 556 3049; x_wconf 76' lang='lat' dir='ltr'><strong>prolixiore</strong></span> <span class='ocrx_word' id='word_1_313' title='bbox 590 2979 659 3033; x_wconf 87' lang='lat' dir='ltr'><strong>ad</strong></span> <span class='ocrx_word' id='word_1_314' title='bbox 681 2980 1022 3044; x_wconf 86' lang='lat' dir='ltr'><strong>Corinthios,</strong></span> <span class='ocrx_word' id='word_1_315' title='bbox 1055 2997 1167 3036; x_wconf 91' lang='lat' dir='ltr'><strong>non</strong></span> <span class='ocrx_word' id='word_1_316' title='bbox 1199 2982 1267 3036; x_wconf 92' lang='lat' dir='ltr'><strong>de</strong></span> <span class='ocrx_word' id='word_1_317' title='bbox 1302 2982 1474 3036; x_wconf 89' lang='lat' dir='ltr'><strong>altera</strong></span> <span class='ocrx_word' id='word_1_318' title='bbox 1514 2984 1643 3045; x_wconf 91' lang='lat' dir='ltr'><strong>ista,</strong></span> <span class='ocrx_word' id='word_1_319' title='bbox 1688 2980 1851 3050; x_wconf 81' lang='lat' dir='ltr'><strong>cujus</strong></span> 
     </span>
    </p>
   </div>
   <div class='ocr_carea' id='block_1_44' title="bbox 249 3071 1849 3142">
    <p class='ocr_par' dir='ltr' id='par_1_44' title="bbox 249 3071 1849 3142">
     <span class='ocr_line' id='line_1_44' title="bbox 249 3071 1849 3142; baseline 0.003 -17"><span class='ocrx_word' id='word_1_320' title='bbox 249 3073 625 3142; x_wconf 81' lang='lat' dir='ltr'><strong>fragmentum</strong></span> <span class='ocrx_word' id='word_1_321' title='bbox 654 3071 841 3127; x_wconf 89' lang='lat' dir='ltr'><strong>itidem</strong></span> <span class='ocrx_word' id='word_1_322' title='bbox 875 3073 1175 3142; x_wconf 88' lang='lat' dir='ltr'><strong>publicavit</strong></span> <span class='ocrx_word' id='word_1_323' title='bbox 1197 3072 1473 3129; x_wconf 87' lang='lat' dir='ltr'><strong>Patricius</strong></span> <span class='ocrx_word' id='word_1_324' title='bbox 1503 3073 1595 3128; x_wconf 90' lang='lat' dir='ltr'><strong>ille</strong></span> <span class='ocrx_word' id='word_1_325' title='bbox 1628 3072 1849 3129; x_wconf 78' lang='lat' dir='ltr'><strong>Junius.</strong></span> 
     </span>
    </p>
   </div>
   <div class='ocr_carea' id='block_1_45' title="bbox 245 3162 1855 3232">
    <p class='ocr_par' dir='ltr' id='par_1_45' title="bbox 245 3162 1855 3232">
     <span class='ocr_line' id='line_1_45' title="bbox 245 3162 1855 3232; baseline 0.002 -17"><span class='ocrx_word' id='word_1_326' title='bbox 245 3162 578 3232; x_wconf 75' lang='lat' dir='ltr'><strong>Quanquam</strong></span> <span class='ocrx_word' id='word_1_327' title='bbox 600 3170 656 3216; x_wconf 87' lang='lat' dir='ltr'><strong>et</strong></span> <span class='ocrx_word' id='word_1_328' title='bbox 684 3162 827 3216; x_wconf 89' lang='lat' dir='ltr'><strong>banc</strong></span> <span class='ocrx_word' id='word_1_329' title='bbox 858 3163 1169 3218; x_wconf 83' lang='lat' dir='ltr'><strong>existimem</strong></span> <span class='ocrx_word' id='word_1_330' title='bbox 1197 3178 1321 3219; x_wconf 90' lang='lat' dir='ltr'><strong>esse</strong></span> <span class='ocrx_word' id='word_1_331' title='bbox 1358 3164 1506 3218; x_wconf 89' lang='lat' dir='ltr'><strong>illam</strong></span> <span class='ocrx_word' id='word_1_332' title='bbox 1537 3163 1731 3218; x_wconf 91' lang='lat' dir='ltr'><strong>Photio</strong></span> <span class='ocrx_word' id='word_1_333' title='bbox 1780 3164 1855 3218; x_wconf 87' lang='lat' dir='ltr'><strong>le-</strong></span> 
     </span>
    </p>
   </div>
   <div class='ocr_carea' id='block_1_46' title="bbox 1954 1964 3550 2036">
    <p class='ocr_par' dir='ltr' id='par_1_46' title="bbox 1954 1964 3550 2036">
     <span class='ocr_line' id='line_1_46' title="bbox 1954 1964 3550 2036; baseline 0 -18"><span class='ocrx_word' id='word_1_334' title='bbox 1954 1966 2251 2029; x_wconf 88' lang='lat' dir='ltr'><strong>mendatio,</strong></span> <span class='ocrx_word' id='word_1_335' title='bbox 2285 1972 2346 2020; x_wconf 89' lang='lat' dir='ltr'><strong>ut</strong></span> <span class='ocrx_word' id='word_1_336' title='bbox 2372 1981 2472 2036; x_wconf 90' lang='lat' dir='ltr'><strong>par</strong></span> <span class='ocrx_word' id='word_1_337' title='bbox 2507 1966 2579 2021; x_wconf 92' lang='lat' dir='ltr'><strong>sit</strong></span> <span class='ocrx_word' id='word_1_338' title='bbox 2608 1966 2943 2036; x_wconf 89' lang='lat' dir='ltr'><strong>reliquorum</strong></span> <span class='ocrx_word' id='word_1_339' title='bbox 2970 1966 3131 2020; x_wconf 84' lang='lat' dir='ltr'><strong>etiam</strong></span> <span class='ocrx_word' id='word_1_340' title='bbox 3163 1964 3550 2035; x_wconf 86' lang='lat' dir='ltr'><strong>episcoporum</strong></span> 
     </span>
    </p>
   </div>
   <div class='ocr_carea' id='block_1_47' title="bbox 1955 2055 3554 2128">
    <p class='ocr_par' dir='ltr' id='par_1_47' title="bbox 1955 2055 3554 2128">
     <span class='ocr_line' id='line_1_47' title="bbox 1955 2055 3554 2128; baseline -0.002 -16"><span class='ocrx_word' id='word_1_341' title='bbox 1955 2058 2329 2113; x_wconf 81' lang='lat' dir='ltr'><strong>Romanorum</strong></span> <span class='ocrx_word' id='word_1_342' title='bbox 2361 2058 2484 2127; x_wconf 84' lang='lat' dir='ltr'><strong>ejus</strong></span> <span class='ocrx_word' id='word_1_343' title='bbox 2512 2058 2613 2113; x_wconf 62' lang='grc' dir='ltr'><strong>αξιτί</strong></span> <span class='ocrx_word' id='word_1_344' title='bbox 2646 2058 2918 2128; x_wconf 88' lang='lat' dir='ltr'><strong>epistolis,</strong></span> <span class='ocrx_word' id='word_1_345' title='bbox 2952 2073 3092 2127; x_wconf 90' lang='lat' dir='ltr'><strong>quas</strong></span> <span class='ocrx_word' id='word_1_346' title='bbox 3131 2056 3375 2111; x_wconf 80' lang='lat' dir='ltr'><strong>Isidorus</strong></span> <span class='ocrx_word' id='word_1_347' title='bbox 3408 2055 3554 2111; x_wconf 84' lang='lat' dir='ltr'><strong>Mer-</strong></span> 
     </span>
    </p>
   </div>
   <div class='ocr_carea' id='block_1_48' title="bbox 1956 2149 3553 2219">
    <p class='ocr_par' dir='ltr' id='par_1_48' title="bbox 1956 2149 3553 2219">
     <span class='ocr_line' id='line_1_48' title="bbox 1956 2149 3553 2219; baseline -0.002 -13"><span class='ocrx_word' id='word_1_348' title='bbox 1956 2160 2112 2206; x_wconf 87' lang='lat' dir='ltr'><strong>cator</strong></span> <span class='ocrx_word' id='word_1_349' title='bbox 2138 2151 2328 2215; x_wconf 90' lang='lat' dir='ltr'><strong>edidit,</strong></span> <span class='ocrx_word' id='word_1_350' title='bbox 2350 2150 2470 2206; x_wconf 86' lang='lat' dir='ltr'><strong>falsi</strong></span> <span class='ocrx_word' id='word_1_351' title='bbox 2502 2151 2921 2205; x_wconf 84' lang='lat' dir='ltr'><strong>convincendis.</strong></span> <span class='ocrx_word' id='word_1_352' title='bbox 2950 2149 3110 2216; x_wconf 81' lang='lat' dir='ltr'><strong>Quod</strong></span> <span class='ocrx_word' id='word_1_353' title='bbox 3135 2149 3293 2204; x_wconf 89' lang='lat' dir='ltr'><strong>ulcus</strong></span> <span class='ocrx_word' id='word_1_354' title='bbox 3328 2157 3553 2219; x_wconf 84' lang='lat' dir='ltr'><strong>tangere</strong></span> 
     </span>
    </p>
   </div>
   <div class='ocr_carea' id='block_1_49' title="bbox 1956 2242 2679 2313">
    <p class='ocr_par' dir='ltr' id='par_1_49' title="bbox 1956 2242 2679 2313">
     <span class='ocr_line' id='line_1_49' title="bbox 1956 2242 2679 2313; baseline -0.003 -16"><span class='ocrx_word' id='word_1_355' title='bbox 1956 2258 2070 2297; x_wconf 89' lang='lat' dir='ltr'><strong>non</strong></span> <span class='ocrx_word' id='word_1_356' title='bbox 2110 2252 2194 2298; x_wconf 91' lang='lat' dir='ltr'><strong>est</strong></span> <span class='ocrx_word' id='word_1_357' title='bbox 2228 2242 2394 2313; x_wconf 91' lang='lat' dir='ltr'><strong>hujus</strong></span> <span class='ocrx_word' id='word_1_358' title='bbox 2421 2243 2679 2297; x_wconf 87' lang='lat' dir='ltr'><strong>instituti.</strong></span> 
     </span>
    </p>
   </div>
   <div class='ocr_carea' id='block_1_50' title="bbox 2030 2332 3545 2406">
    <p class='ocr_par' dir='ltr' id='par_1_50' title="bbox 2030 2332 3545 2406">
     <span class='ocr_line' id='line_1_50' title="bbox 2030 2332 3545 2406; baseline -0.003 -17"><span class='ocrx_word' id='word_1_359' title='bbox 2030 2335 2098 2390; x_wconf 88' lang='lat' dir='ltr'><strong>Ut</strong></span> <span class='ocrx_word' id='word_1_360' title='bbox 2129 2337 2347 2392; x_wconf 88' lang='lat' dir='ltr'><strong>redeam</strong></span> <span class='ocrx_word' id='word_1_361' title='bbox 2382 2336 2547 2406; x_wconf 90' lang='lat' dir='ltr'><strong>igitur</strong></span> <span class='ocrx_word' id='word_1_362' title='bbox 2577 2337 2642 2391; x_wconf 91' lang='lat' dir='ltr'><strong>ad</strong></span> <span class='ocrx_word' id='word_1_363' title='bbox 2674 2335 2919 2406; x_wconf 74' lang='lat' dir='ltr'><strong>epistola:</strong></span> <span class='ocrx_word' id='word_1_364' title='bbox 2948 2333 3111 2403; x_wconf 88' lang='lat' dir='ltr'><strong>hujus</strong></span> <span class='ocrx_word' id='word_1_365' title='bbox 3144 2348 3277 2388; x_wconf 74' lang='lat' dir='ltr'><strong>meae</strong></span> <span class='ocrx_word' id='word_1_366' title='bbox 3303 2332 3545 2395; x_wconf 88' lang='lat' dir='ltr'><strong>initium,</strong></span> 
     </span>
    </p>
   </div>
   <div class='ocr_carea' id='block_1_51' title="bbox 1956 2425 3545 2498">
    <p class='ocr_par' dir='ltr' id='par_1_51' title="bbox 1956 2425 3545 2498">
     <span class='ocr_line' id='line_1_51' title="bbox 1956 2425 3545 2498; baseline -0.001 -18"><span class='ocrx_word' id='word_1_367' title='bbox 1956 2428 2289 2483; x_wconf 88' lang='lat' dir='ltr'><strong>laudabilem</strong></span> <span class='ocrx_word' id='word_1_368' title='bbox 2327 2427 2572 2498; x_wconf 84' lang='lat' dir='ltr'><strong>profecto</strong></span> <span class='ocrx_word' id='word_1_369' title='bbox 2611 2443 2834 2498; x_wconf 89' lang='lat' dir='ltr'><strong>operam</strong></span> <span class='ocrx_word' id='word_1_370' title='bbox 2865 2434 3095 2497; x_wconf 81' lang='lat' dir='ltr'><strong>praestas</strong></span> <span class='ocrx_word' id='word_1_371' title='bbox 3122 2427 3266 2481; x_wconf 91' lang='lat' dir='ltr'><strong>bono</strong></span> <span class='ocrx_word' id='word_1_372' title='bbox 3298 2425 3545 2496; x_wconf 88' lang='lat' dir='ltr'><strong>publico,</strong></span> 
     </span>
    </p>
   </div>
   <div class='ocr_carea' id='block_1_52' title="bbox 1960 2513 3554 2586">
    <p class='ocr_par' dir='ltr' id='par_1_52' title="bbox 1960 2513 3554 2586">
     <span class='ocr_line' id='line_1_52' title="bbox 1960 2513 3554 2586; baseline -0.004 -15"><span class='ocrx_word' id='word_1_373' title='bbox 1960 2518 2046 2571; x_wconf 89' lang='lat' dir='ltr'><strong>vir</strong></span> <span class='ocrx_word' id='word_1_374' title='bbox 2074 2516 2417 2584; x_wconf 86' lang='lat' dir='ltr'><strong>doctissime,</strong></span> <span class='ocrx_word' id='word_1_375' title='bbox 2449 2532 2615 2571; x_wconf 79' lang='lat' dir='ltr'><strong>aurea</strong></span> <span class='ocrx_word' id='word_1_376' title='bbox 2665 2516 2756 2569; x_wconf 88' lang='lat' dir='ltr'><strong>illa</strong></span> <span class='ocrx_word' id='word_1_377' title='bbox 2814 2516 3106 2586; x_wconf 69' lang='lat' dir='ltr'><strong>primitiva:</strong></span> <span class='ocrx_word' id='word_1_378' title='bbox 3140 2513 3401 2569; x_wconf 68' lang='lat' dir='ltr'><strong>Ecclesiae</strong></span> <span class='ocrx_word' id='word_1_379' title='bbox 3433 2528 3554 2566; x_wconf 76' lang='lat' dir='ltr'><strong>mo-</strong></span> 
     </span>
    </p>
   </div>
   <div class='ocr_carea' id='block_1_53' title="bbox 1958 2606 3551 2674">
    <p class='ocr_par' dir='ltr' id='par_1_53' title="bbox 1958 2606 3551 2674">
     <span class='ocr_line' id='line_1_53' title="bbox 1958 2606 3551 2674; baseline -0.003 -10"><span class='ocrx_word' id='word_1_380' title='bbox 1958 2618 2246 2674; x_wconf 81' lang='lat' dir='ltr'><strong>numenta,</strong></span> <span class='ocrx_word' id='word_1_381' title='bbox 2296 2610 2508 2663; x_wconf 85' lang='lat' dir='ltr'><strong>rariora</strong></span> <span class='ocrx_word' id='word_1_382' title='bbox 2552 2609 2779 2662; x_wconf 88' lang='lat' dir='ltr'><strong>inventu</strong></span> <span class='ocrx_word' id='word_1_383' title='bbox 2824 2608 2979 2663; x_wconf 90' lang='lat' dir='ltr'><strong>hisce</strong></span> <span class='ocrx_word' id='word_1_384' title='bbox 3018 2608 3074 2661; x_wconf 90' lang='lat' dir='ltr'><strong>in</strong></span> <span class='ocrx_word' id='word_1_385' title='bbox 3105 2606 3219 2662; x_wconf 89' lang='lat' dir='ltr'><strong>oris</strong></span> <span class='ocrx_word' id='word_1_386' title='bbox 3264 2613 3317 2661; x_wconf 91' lang='lat' dir='ltr'><strong>et</strong></span> <span class='ocrx_word' id='word_1_387' title='bbox 3358 2606 3551 2674; x_wconf 91' lang='lat' dir='ltr'><strong>paucis</strong></span> 
     </span>
    </p>
   </div>
   <div class='ocr_carea' id='block_1_54' title="bbox 1957 2695 3552 2769">
    <p class='ocr_par' dir='ltr' id='par_1_54' title="bbox 1957 2695 3552 2769">
     <span class='ocr_line' id='line_1_54' title="bbox 1957 2695 3552 2769; baseline -0.005 -15"><span class='ocrx_word' id='word_1_388' title='bbox 1957 2701 2118 2764; x_wconf 89' lang='lat' dir='ltr'><strong>lecta,</strong></span> <span class='ocrx_word' id='word_1_389' title='bbox 2151 2699 2360 2753; x_wconf 90' lang='lat' dir='ltr'><strong>nostris</strong></span> <span class='ocrx_word' id='word_1_390' title='bbox 2401 2698 2543 2769; x_wconf 80' lang='lat' dir='ltr'><strong>typis</strong></span> <span class='ocrx_word' id='word_1_391' title='bbox 2594 2696 2903 2766; x_wconf 89' lang='lat' dir='ltr'><strong>publicans.</strong></span> <span class='ocrx_word' id='word_1_392' title='bbox 2964 2695 3084 2751; x_wconf 88' lang='lat' dir='ltr'><strong>Non</strong></span> <span class='ocrx_word' id='word_1_393' title='bbox 3141 2709 3367 2767; x_wconf 90' lang='lat' dir='ltr'><strong>possum</strong></span> <span class='ocrx_word' id='word_1_394' title='bbox 3418 2708 3552 2747; x_wconf 84' lang='lat' dir='ltr'><strong>sane</strong></span> 
     </span>
    </p>
   </div>
   <div class='ocr_carea' id='block_1_55' title="bbox 1956 2787 3549 2862">
    <p class='ocr_par' dir='ltr' id='par_1_55' title="bbox 1956 2787 3549 2862">
     <span class='ocr_line' id='line_1_55' title="bbox 1956 2787 3549 2862; baseline -0.006 -15"><span class='ocrx_word' id='word_1_395' title='bbox 1956 2807 2059 2862; x_wconf 87' lang='lat' dir='ltr'><strong>ego</strong></span> <span class='ocrx_word' id='word_1_396' title='bbox 2090 2806 2199 2845; x_wconf 91' lang='lat' dir='ltr'><strong>non</strong></span> <span class='ocrx_word' id='word_1_397' title='bbox 2231 2790 2325 2845; x_wconf 82' lang='lat' dir='ltr'><strong>tibi</strong></span> <span class='ocrx_word' id='word_1_398' title='bbox 2364 2798 2559 2843; x_wconf 89' lang='lat' dir='ltr'><strong>auctor</strong></span> <span class='ocrx_word' id='word_1_399' title='bbox 2602 2803 2745 2852; x_wconf 90' lang='lat' dir='ltr'><strong>esse,</strong></span> <span class='ocrx_word' id='word_1_400' title='bbox 2795 2788 2849 2841; x_wconf 91' lang='lat' dir='ltr'><strong>in</strong></span> <span class='ocrx_word' id='word_1_401' title='bbox 2896 2787 2989 2841; x_wconf 90' lang='lat' dir='ltr'><strong>illo</strong></span> <span class='ocrx_word' id='word_1_402' title='bbox 3018 2788 3271 2840; x_wconf 90' lang='lat' dir='ltr'><strong>instituto</strong></span> <span class='ocrx_word' id='word_1_403' title='bbox 3324 2792 3549 2838; x_wconf 90' lang='lat' dir='ltr'><strong>strenue</strong></span> 
     </span>
    </p>
   </div>
   <div class='ocr_carea' id='block_1_56' title="bbox 1958 2875 3551 2953">
    <p class='ocr_par' dir='ltr' id='par_1_56' title="bbox 1958 2875 3551 2953">
     <span class='ocr_line' id='line_1_56' title="bbox 1958 2875 3551 2953; baseline -0.006 -17"><span class='ocrx_word' id='word_1_404' title='bbox 1958 2882 2242 2953; x_wconf 88' lang='lat' dir='ltr'><strong>pergendi.</strong></span> <span class='ocrx_word' id='word_1_405' title='bbox 2283 2879 2568 2950; x_wconf 88' lang='lat' dir='ltr'><strong>Ejusmodi</strong></span> <span class='ocrx_word' id='word_1_406' title='bbox 2620 2880 2806 2948; x_wconf 89' lang='lat' dir='ltr'><strong>utique</strong></span> <span class='ocrx_word' id='word_1_407' title='bbox 2864 2880 3069 2949; x_wconf 90' lang='lat' dir='ltr'><strong>scripta</strong></span> <span class='ocrx_word' id='word_1_408' title='bbox 3115 2882 3353 2937; x_wconf 87' lang='lat' dir='ltr'><strong>volvere,</strong></span> <span class='ocrx_word' id='word_1_409' title='bbox 3388 2875 3551 2944; x_wconf 78' lang='lat' dir='ltr'><strong>longe</strong></span> 
     </span>
    </p>
   </div>
   <div class='ocr_carea' id='block_1_57' title="bbox 1960 2974 3547 3045">
    <p class='ocr_par' dir='ltr' id='par_1_57' title="bbox 1960 2974 3547 3045">
     <span class='ocr_line' id='line_1_57' title="bbox 1960 2974 3547 3045; baseline 0.003 -17"><span class='ocrx_word' id='word_1_410' title='bbox 1960 2974 2331 3045; x_wconf 75' lang='lat' dir='ltr'><strong>praestabilius</strong></span> <span class='ocrx_word' id='word_1_411' title='bbox 2364 2974 2664 3043; x_wconf 86' lang='lat' dir='ltr'><strong>utiliusque</strong></span> <span class='ocrx_word' id='word_1_412' title='bbox 2686 2979 2794 3034; x_wconf 86' lang='lat' dir='ltr'><strong>est,</strong></span> <span class='ocrx_word' id='word_1_413' title='bbox 2828 2986 2994 3041; x_wconf 90' lang='lat' dir='ltr'><strong>quam</strong></span> <span class='ocrx_word' id='word_1_414' title='bbox 3020 2974 3244 3041; x_wconf 84' lang='lat' dir='ltr'><strong>rixosis,</strong></span> <span class='ocrx_word' id='word_1_415' title='bbox 3273 2978 3383 3033; x_wconf 92' lang='lat' dir='ltr'><strong>imo</strong></span> <span class='ocrx_word' id='word_1_416' title='bbox 3410 2995 3547 3032; x_wconf 88' lang='lat' dir='ltr'><strong>con-</strong></span> 
     </span>
    </p>
   </div>
   <div class='ocr_carea' id='block_1_58' title="bbox 1958 3061 3550 3137">
    <p class='ocr_par' dir='ltr' id='par_1_58' title="bbox 1958 3061 3550 3137">
     <span class='ocr_line' id='line_1_58' title="bbox 1958 3061 3550 3137; baseline 0.002 -16"><span class='ocrx_word' id='word_1_417' title='bbox 1958 3066 2266 3121; x_wconf 87' lang='lat' dir='ltr'><strong>tumeliosis</strong></span> <span class='ocrx_word' id='word_1_418' title='bbox 2319 3064 2521 3120; x_wconf 88' lang='lat' dir='ltr'><strong>libellis</strong></span> <span class='ocrx_word' id='word_1_419' title='bbox 2577 3061 2824 3132; x_wconf 84' lang='lat' dir='ltr'><strong>legendis</strong></span> <span class='ocrx_word' id='word_1_420' title='bbox 2868 3070 3088 3132; x_wconf 91' lang='lat' dir='ltr'><strong>tempus</strong></span> <span class='ocrx_word' id='word_1_421' title='bbox 3126 3072 3326 3130; x_wconf 89' lang='lat' dir='ltr'><strong>terere,</strong></span> <span class='ocrx_word' id='word_1_422' title='bbox 3358 3069 3550 3137; x_wconf 80' lang='lat' dir='ltr'><strong>quales</strong></span> 
     </span>
    </p>
   </div>
   <div class='ocr_carea' id='block_1_59' title="bbox 1959 3155 3547 3228">
    <p class='ocr_par' dir='ltr' id='par_1_59' title="bbox 1959 3155 3547 3228">
     <span class='ocr_line' id='line_1_59' title="bbox 1959 3155 3547 3228; baseline 0.002 -16"><span class='ocrx_word' id='word_1_423' title='bbox 1959 3158 2077 3212; x_wconf 77' lang='lat' dir='ltr'><strong>haec</strong></span> <span class='ocrx_word' id='word_1_424' title='bbox 2109 3165 2299 3211; x_wconf 89' lang='lat' dir='ltr'><strong>nostra</strong></span> <span class='ocrx_word' id='word_1_425' title='bbox 2326 3164 2462 3211; x_wconf 58' lang='lat' dir='ltr'><strong>retas</strong></span> <span class='ocrx_word' id='word_1_426' title='bbox 2495 3163 2700 3210; x_wconf 64' lang='lat' dir='ltr'><strong>aeterna</strong></span> <span class='ocrx_word' id='word_1_427' title='bbox 2751 3170 2877 3209; x_wconf 89' lang='lat' dir='ltr'><strong>cum</strong></span> <span class='ocrx_word' id='word_1_428' title='bbox 2906 3155 3133 3209; x_wconf 85' lang='lat' dir='ltr'><strong>infamia</strong></span> <span class='ocrx_word' id='word_1_429' title='bbox 3178 3157 3291 3211; x_wconf 87' lang='lat' dir='ltr'><strong>edit</strong></span> <span class='ocrx_word' id='word_1_430' title='bbox 3341 3161 3547 3228; x_wconf 87' lang='lat' dir='ltr'><strong>passim</strong></span> 
     </span>
    </p>
   </div>
   <div class='ocr_carea' id='block_1_60' title="bbox 246 3226 2245 3327">
    <p class='ocr_par' dir='ltr' id='par_1_60' title="bbox 246 3226 2245 3327">
     <span class='ocr_line' id='line_1_60' title="bbox 246 3226 2245 3327; baseline 0.002 -21"><span class='ocrx_word' id='word_1_431' title='bbox 246 3262 416 3317; x_wconf 84' lang='lat' dir='ltr'><strong>ctam,</strong></span> <span class='ocrx_word' id='word_1_432' title='bbox 444 3256 558 3309; x_wconf 88' lang='lat' dir='ltr'><strong>imo</strong></span> <span class='ocrx_word' id='word_1_433' title='bbox 580 3254 725 3309; x_wconf 89' lang='lat' dir='ltr'><strong>illam</strong></span> <span class='ocrx_word' id='word_1_434' title='bbox 748 3255 908 3323; x_wconf 78' lang='lat' dir='ltr'><strong>cujus</strong></span> <span class='ocrx_word' id='word_1_435' title='bbox 936 3254 1229 3320; x_wconf 83' lang='lat' dir='ltr'><strong>Eusebius,</strong></span> <span class='ocrx_word' id='word_1_436' title='bbox 1264 3255 1651 3327; x_wconf 84' lang='lat' dir='ltr'><strong>Hieronymus,</strong></span> <span class='ocrx_word' id='word_1_437' title='bbox 1684 3267 1737 3311; x_wconf 89' lang='lat' dir='ltr'><strong>et</strong></span> <span class='ocrx_word' id='word_1_438' title='bbox 1760 3257 1852 3310; x_wconf 89' lang='lat' dir='ltr'><strong>alii</strong></span> <span class='ocrx_word' id='word_1_439' title='bbox 1881 3226 1923 3283; x_wconf 62' lang='grc' dir='ltr'><strong>θ</strong></span> <span class='ocrx_word' id='word_1_440' title='bbox 1956 3250 2245 3320; x_wconf 77' lang='lat' dir='ltr'><strong>plurimos-</strong></span> 
     </span>
    </p>
   </div>
   <div class='ocr_carea' id='block_1_61' title="bbox 245 3346 1846 3419">
    <p class='ocr_par' dir='ltr' id='par_1_61' title="bbox 245 3346 1846 3419">
     <span class='ocr_line' id='line_1_61' title="bbox 245 3346 1846 3419; baseline 0.002 -22"><span class='ocrx_word' id='word_1_441' title='bbox 245 3346 643 3412; x_wconf 88' lang='lat' dir='ltr'><strong>meminerunt,</strong></span> <span class='ocrx_word' id='word_1_442' title='bbox 696 3355 757 3400; x_wconf 90' lang='lat' dir='ltr'><strong>ut</strong></span> <span class='ocrx_word' id='word_1_443' title='bbox 800 3346 1069 3403; x_wconf 87' lang='lat' dir='ltr'><strong>Clementi</strong></span> <span class='ocrx_word' id='word_1_444' title='bbox 1099 3347 1319 3419; x_wconf 89' lang='lat' dir='ltr'><strong>quidem</strong></span> <span class='ocrx_word' id='word_1_445' title='bbox 1353 3348 1564 3403; x_wconf 89' lang='lat' dir='ltr'><strong>auctori</strong></span> <span class='ocrx_word' id='word_1_446' title='bbox 1605 3348 1846 3410; x_wconf 82' lang='lat' dir='ltr'><strong>tributae,</strong></span> 
     </span>
    </p>
   </div>
   <div class='ocr_carea' id='block_1_62' title="bbox 246 3436 1845 3512">
    <p class='ocr_par' dir='ltr' id='par_1_62' title="bbox 246 3436 1845 3512">
     <span class='ocr_line' id='line_1_62' title="bbox 246 3436 1845 3512; baseline -0.001 -17"><span class='ocrx_word' id='word_1_447' title='bbox 246 3436 342 3495; x_wconf 72' lang='lat' dir='ltr'><strong>sed</strong></span> <span class='ocrx_word' id='word_1_448' title='bbox 372 3453 686 3510; x_wconf 83' lang='lat' dir='ltr'><strong>perperam.</strong></span> <span class='ocrx_word' id='word_1_449' title='bbox 721 3438 919 3510; x_wconf 82' lang='lat' dir='ltr'><strong>Utique</strong></span> <span class='ocrx_word' id='word_1_450' title='bbox 944 3441 1093 3495; x_wconf 87' lang='lat' dir='ltr'><strong>enim</strong></span> <span class='ocrx_word' id='word_1_451' title='bbox 1144 3442 1198 3495; x_wconf 89' lang='lat' dir='ltr'><strong>in</strong></span> <span class='ocrx_word' id='word_1_452' title='bbox 1229 3441 1334 3496; x_wconf 91' lang='lat' dir='ltr'><strong>hoc</strong></span> <span class='ocrx_word' id='word_1_453' title='bbox 1368 3441 1490 3512; x_wconf 91' lang='lat' dir='ltr'><strong>ipso</strong></span> <span class='ocrx_word' id='word_1_454' title='bbox 1536 3440 1845 3511; x_wconf 82' lang='lat' dir='ltr'><strong>fragmento</strong></span> 
     </span>
    </p>
   </div>
   <div class='ocr_carea' id='block_1_63' title="bbox 2031 3339 3549 3409">
    <p class='ocr_par' dir='ltr' id='par_1_63' title="bbox 2031 3339 3549 3409">
     <span class='ocr_line' id='line_1_63' title="bbox 2031 3339 3549 3409; baseline 0.001 -13"><span class='ocrx_word' id='word_1_455' title='bbox 2031 3341 2186 3405; x_wconf 87' lang='lat' dir='ltr'><strong>Vale,</strong></span> <span class='ocrx_word' id='word_1_456' title='bbox 2212 3342 2293 3397; x_wconf 85' lang='lat' dir='ltr'><strong>mi</strong></span> <span class='ocrx_word' id='word_1_457' title='bbox 2316 3339 2558 3398; x_wconf 86' lang='lat' dir='ltr'><strong>Madere.</strong></span> <span class='ocrx_word' id='word_1_458' title='bbox 2593 3347 2648 3393; x_wconf 93' lang='lat' dir='ltr'><strong>et</strong></span> <span class='ocrx_word' id='word_1_459' title='bbox 2679 3339 2830 3394; x_wconf 87' lang='lat' dir='ltr'><strong>salve</strong></span> <span class='ocrx_word' id='word_1_460' title='bbox 2874 3339 3191 3409; x_wconf 88' lang='lat' dir='ltr'><strong>plurimum.</strong></span> <span class='ocrx_word' id='word_1_461' title='bbox 3244 3339 3549 3402; x_wconf 55' lang='lat' dir='ltr'><strong>llelmestav</strong></span> 
     </span>
    </p>
   </div>
   <div class='ocr_carea' id='block_1_64' title="bbox 1951 3430 3238 3496">
    <p class='ocr_par' dir='ltr' id='par_1_64' title="bbox 1951 3430 3238 3496">
     <span class='ocr_line' id='line_1_64' title="bbox 1951 3430 3238 3496; baseline -0.004 -4"><span class='ocrx_word' id='word_1_462' title='bbox 1951 3436 2025 3492; x_wconf 90' lang='lat' dir='ltr'><strong>dii</strong></span> <span class='ocrx_word' id='word_1_463' title='bbox 2054 3438 2107 3490; x_wconf 90' lang='lat' dir='ltr'><strong>in</strong></span> <span class='ocrx_word' id='word_1_464' title='bbox 2132 3435 2302 3491; x_wconf 80' lang='lat' dir='ltr'><strong>Acad.</strong></span> <span class='ocrx_word' id='word_1_465' title='bbox 2330 3433 2476 3487; x_wconf 83' lang='lat' dir='ltr'><strong>Julia</strong></span> <span class='ocrx_word' id='word_1_466' title='bbox 2511 3430 2671 3496; x_wconf 74' lang='grc'><strong>1654,</strong></span> <span class='ocrx_word' id='word_1_467' title='bbox 2712 3447 2766 3486; x_wconf 79' lang='lat' dir='ltr'><strong>v1</strong></span> <span class='ocrx_word' id='word_1_468' title='bbox 2798 3430 2919 3486; x_wconf 84' lang='lat' dir='ltr'><strong>Kal.</strong></span> <span class='ocrx_word' id='word_1_469' title='bbox 2957 3430 3238 3487; x_wconf 87' lang='lat' dir='ltr'><strong>Decembr.</strong></span> 
     </span>
    </p>
   </div>
   <div class='ocr_carea' id='block_1_65' title="bbox 906 3774 2905 3892">
    <p class='ocr_par' dir='ltr' id='par_1_65' title="bbox 906 3774 2905 3892">
     <span class='ocr_line' id='line_1_65' title="bbox 906 3774 2905 3892; baseline -0.001 -2"><span class='ocrx_word' id='word_1_470' title='bbox 906 3775 1595 3892; x_wconf 86' lang='lat' dir='ltr'><strong>JOACHIMI</strong></span> <span class='ocrx_word' id='word_1_471' title='bbox 1672 3774 2277 3892; x_wconf 85' lang='lat' dir='ltr'><strong>JOANNIS</strong></span> <span class='ocrx_word' id='word_1_472' title='bbox 2355 3776 2905 3891; x_wconf 83' lang='lat' dir='ltr'><strong>MADERI</strong></span> 
     </span>
    </p>
   </div>
   <div class='ocr_carea' id='block_1_66' title="bbox 1065 4056 2718 4175">
    <p class='ocr_par' dir='ltr' id='par_1_66' title="bbox 1065 4056 2718 4175">
     <span class='ocr_line' id='line_1_66' title="bbox 1065 4056 2718 4175; baseline 0.001 -29"><span class='ocrx_word' id='word_1_473' title='bbox 1065 4057 1217 4146; x_wconf 87' lang='lat' dir='ltr'><strong>AD</strong></span> <span class='ocrx_word' id='word_1_474' title='bbox 1292 4056 1935 4150; x_wconf 79' lang='lat' dir='ltr'><strong>LECTOREM</strong></span> <span class='ocrx_word' id='word_1_475' title='bbox 2006 4056 2718 4175; x_wconf 81' lang='lat' dir='ltr'><strong>_PR./EFATIO.</strong></span> 
     </span>
    </p>
   </div>
   <div class='ocr_carea' id='block_1_67' title="bbox 327 4321 1843 4395">
    <p class='ocr_par' dir='ltr' id='par_1_67' title="bbox 327 4321 1843 4395">
     <span class='ocr_line' id='line_1_67' title="bbox 327 4321 1843 4395; baseline -0.002 -16"><span class='ocrx_word' id='word_1_476' title='bbox 327 4323 593 4395; x_wconf 88' lang='lat' dir='ltr'><strong>Properat</strong></span> <span class='ocrx_word' id='word_1_477' title='bbox 610 4322 677 4377; x_wconf 91' lang='lat' dir='ltr'><strong>ad</strong></span> <span class='ocrx_word' id='word_1_478' title='bbox 700 4330 772 4389; x_wconf 89' lang='lat' dir='ltr'><strong>te,</strong></span> <span class='ocrx_word' id='word_1_479' title='bbox 790 4321 986 4378; x_wconf 88' lang='lat' dir='ltr'><strong>Lector</strong></span> <span class='ocrx_word' id='word_1_480' title='bbox 1007 4323 1291 4388; x_wconf 87' lang='lat' dir='ltr'><strong>benevole,</strong></span> <span class='ocrx_word' id='word_1_481' title='bbox 1314 4323 1428 4378; x_wconf 83' lang='lat' dir='ltr'><strong>haec</strong></span> <span class='ocrx_word' id='word_1_482' title='bbox 1446 4322 1748 4379; x_wconf 87' lang='lat' dir='ltr'><strong>Clementis</strong></span> <span class='ocrx_word' id='word_1_483' title='bbox 1778 4322 1843 4377; x_wconf 84' lang='lat' dir='ltr'><strong>ad</strong></span> 
     </span>
    </p>
   </div>
   <div class='ocr_carea' id='block_1_68' title="bbox 250 4413 1855 4485">
    <p class='ocr_par' dir='ltr' id='par_1_68' title="bbox 250 4413 1855 4485">
     <span class='ocr_line' id='line_1_68' title="bbox 250 4413 1855 4485; baseline -0.001 -15"><span class='ocrx_word' id='word_1_484' title='bbox 250 4413 573 4470; x_wconf 85' lang='lat' dir='ltr'><strong>Corinthios</strong></span> <span class='ocrx_word' id='word_1_485' title='bbox 583 4414 816 4483; x_wconf 86' lang='lat' dir='ltr'><strong>epistola</strong></span> <span class='ocrx_word' id='word_1_486' title='bbox 830 4414 1135 4484; x_wconf 79' lang='grc' dir='ltr'><strong>ἱκανωτάτη</strong></span> <span class='ocrx_word' id='word_1_487' title='bbox 1152 4416 1244 4467; x_wconf 74' lang='grc' dir='ltr'><strong>καὶ</strong></span> <span class='ocrx_word' id='word_1_488' title='bbox 1261 4413 1360 4466; x_wconf 87' lang='grc' dir='ltr'>θαυ</span> <span class='ocrx_word' id='word_1_489' title='bbox 1369 4415 1561 4485; x_wconf 43' lang='grc' dir='ltr'><strong>μαησία,</strong></span> <span class='ocrx_word' id='word_1_490' title='bbox 1570 4415 1726 4484; x_wconf 67' lang='lat' dir='ltr'><strong>juxta</strong></span> <span class='ocrx_word' id='word_1_491' title='bbox 1744 4416 1855 4469; x_wconf 87' lang='lat' dir='ltr'><strong>Ire-</strong></span> 
     </span>
    </p>
   </div>
   <div class='ocr_carea' id='block_1_69' title="bbox 1960 4322 3541 4398">
    <p class='ocr_par' dir='ltr' id='par_1_69' title="bbox 1960 4322 3541 4398">
     <span class='ocr_line' id='line_1_69' title="bbox 1960 4322 3541 4398; baseline 0.002 -23"><span class='ocrx_word' id='word_1_492' title='bbox 1960 4323 2155 4378; x_wconf 90' lang='lat' dir='ltr'><strong>nebula</strong></span> <span class='ocrx_word' id='word_1_493' title='bbox 2204 4339 2378 4394; x_wconf 91' lang='lat' dir='ltr'><strong>nuper</strong></span> <span class='ocrx_word' id='word_1_494' title='bbox 2427 4322 2695 4378; x_wconf 86' lang='lat' dir='ltr'><strong>voluisset</strong></span> <span class='ocrx_word' id='word_1_495' title='bbox 2726 4323 3022 4389; x_wconf 86' lang='lat' dir='ltr'><strong>obducere,</strong></span> <span class='ocrx_word' id='word_1_496' title='bbox 3052 4333 3105 4379; x_wconf 88' lang='lat' dir='ltr'><strong>et</strong></span> <span class='ocrx_word' id='word_1_497' title='bbox 3137 4325 3301 4396; x_wconf 88' lang='lat' dir='ltr'><strong>hujus</strong></span> <span class='ocrx_word' id='word_1_498' title='bbox 3350 4324 3541 4398; x_wconf 77' lang='lat' dir='ltr'><strong>scripti</strong></span> 
     </span>
    </p>
   </div>
   <div class='ocr_carea' id='block_1_70' title="bbox 1957 4414 3541 4499">
    <p class='ocr_par' dir='ltr' id='par_1_70' title="bbox 1957 4414 3541 4486">
     <span class='ocr_line' id='line_1_70' title="bbox 1957 4414 3541 4486; baseline 0.007 -20"><span class='ocrx_word' id='word_1_499' title='bbox 1957 4416 2290 4485; x_wconf 76' lang='grc' dir='ltr'><strong>γνησιότητα</strong></span> <span class='ocrx_word' id='word_1_500' title='bbox 2345 4424 2552 4471; x_wconf 92' lang='lat' dir='ltr'><strong>temere</strong></span> <span class='ocrx_word' id='word_1_501' title='bbox 2602 4414 2766 4471; x_wconf 91' lang='lat' dir='ltr'><strong>nimis</strong></span> <span class='ocrx_word' id='word_1_502' title='bbox 2815 4426 2978 4486; x_wconf 90' lang='lat' dir='ltr'><strong>atque</strong></span> <span class='ocrx_word' id='word_1_503' title='bbox 3016 4418 3422 4475; x_wconf 86' lang='lat' dir='ltr'><strong>inconsiderate</strong></span> <span class='ocrx_word' id='word_1_504' title='bbox 3444 4434 3541 4477; x_wconf 89' lang='lat' dir='ltr'><strong>ne-</strong></span> 
     </span>
    </p>
   </div>
   <div class='ocr_carea' id='block_1_71' title="bbox 258 4504 3537 4585">
    <p class='ocr_par' dir='ltr' id='par_1_71' title="bbox 258 4504 3537 4585">
     <span class='ocr_line' id='line_1_71' title="bbox 258 4504 3537 4585; baseline 0.002 -26"><span class='ocrx_word' id='word_1_505' title='bbox 258 4522 439 4561; x_wconf 70' lang='lat' dir='ltr'><strong>naaum</strong></span> <span class='ocrx_word' id='word_1_506' title='bbox 466 4513 523 4561; x_wconf 89' lang='lat' dir='ltr'><strong>et</strong></span> <span class='ocrx_word' id='word_1_507' title='bbox 546 4504 867 4570; x_wconf 88' lang='lat' dir='ltr'><strong>Eusebium,</strong></span> <span class='ocrx_word' id='word_1_508' title='bbox 901 4506 1090 4561; x_wconf 91' lang='lat' dir='ltr'><strong>multis</strong></span> <span class='ocrx_word' id='word_1_509' title='bbox 1110 4506 1222 4576; x_wconf 88' lang='lat' dir='ltr'><strong>jam</strong></span> <span class='ocrx_word' id='word_1_510' title='bbox 1256 4508 1477 4562; x_wconf 59' lang='lat' dir='ltr'><strong>saeculis</strong></span> <span class='ocrx_word' id='word_1_511' title='bbox 1509 4507 1844 4564; x_wconf 88' lang='lat' dir='ltr'><strong>desiderata.</strong></span> <span class='ocrx_word' id='word_1_512' title='bbox 1880 4531 1925 4585; x_wconf 74' lang='grc' dir='ltr'><strong>ι)</strong></span> <span class='ocrx_word' id='word_1_513' title='bbox 1956 4524 2104 4579; x_wconf 89' lang='lat' dir='ltr'><strong>gare.</strong></span> <span class='ocrx_word' id='word_1_514' title='bbox 2161 4506 2305 4564; x_wconf 89' lang='lat' dir='ltr'><strong>Sane</strong></span> <span class='ocrx_word' id='word_1_515' title='bbox 2356 4508 2411 4562; x_wconf 91' lang='lat' dir='ltr'><strong>in</strong></span> <span class='ocrx_word' id='word_1_516' title='bbox 2441 4508 2759 4564; x_wconf 89' lang='lat' dir='ltr'><strong>verminoso</strong></span> <span class='ocrx_word' id='word_1_517' title='bbox 2788 4510 2930 4564; x_wconf 88' lang='lat' dir='ltr'><strong>libro</strong></span> <span class='ocrx_word' id='word_1_518' title='bbox 2962 4525 3063 4564; x_wconf 92' lang='lat' dir='ltr'><strong>suo</strong></span> <span class='ocrx_word' id='word_1_519' title='bbox 3102 4527 3263 4580; x_wconf 90' lang='lat' dir='ltr'><strong>quem</strong></span> <span class='ocrx_word' id='word_1_520' title='bbox 3295 4512 3537 4576; x_wconf 87' lang='lat' dir='ltr'><strong>interim,</strong></span> 
     </span>
    </p>
   </div>
   <div class='ocr_carea' id='block_1_72' title="bbox 253 4597 1850 4667">
    <p class='ocr_par' dir='ltr' id='par_1_72' title="bbox 253 4597 1850 4667">
     <span class='ocr_line' id='line_1_72' title="bbox 253 4597 1850 4667; baseline 0.001 -14"><span class='ocrx_word' id='word_1_521' title='bbox 253 4598 393 4653; x_wconf 87' lang='lat' dir='ltr'><strong>Luci</strong></span> <span class='ocrx_word' id='word_1_522' title='bbox 435 4597 585 4651; x_wconf 91' lang='lat' dir='ltr'><strong>illam</strong></span> <span class='ocrx_word' id='word_1_523' title='bbox 609 4613 720 4653; x_wconf 90' lang='lat' dir='ltr'><strong>non</strong></span> <span class='ocrx_word' id='word_1_524' title='bbox 744 4597 820 4651; x_wconf 91' lang='lat' dir='ltr'><strong>ita</strong></span> <span class='ocrx_word' id='word_1_525' title='bbox 843 4597 1057 4667; x_wconf 90' lang='lat' dir='ltr'><strong>pridem</strong></span> <span class='ocrx_word' id='word_1_526' title='bbox 1102 4598 1327 4653; x_wconf 71' lang='lat' dir='ltr'><strong>donavit</strong></span> <span class='ocrx_word' id='word_1_527' title='bbox 1376 4616 1598 4656; x_wconf 88' lang='lat' dir='ltr'><strong>rursum</strong></span> <span class='ocrx_word' id='word_1_528' title='bbox 1631 4602 1714 4655; x_wconf 89' lang='lat' dir='ltr'><strong>vir</strong></span> <span class='ocrx_word' id='word_1_529' title='bbox 1737 4602 1850 4655; x_wconf 89' lang='lat' dir='ltr'><strong>cla-</strong></span> 
     </span>
    </p>
   </div>
   <div class='ocr_carea' id='block_1_73' title="bbox 253 4689 1850 4764">
    <p class='ocr_par' dir='ltr' id='par_1_73' title="bbox 253 4689 1850 4764">
     <span class='ocr_line' id='line_1_73' title="bbox 253 4689 1850 4764; baseline 0.001 -17"><span class='ocrx_word' id='word_1_530' title='bbox 253 4692 517 4749; x_wconf 87' lang='lat' dir='ltr'><strong>rissimus</strong></span> <span class='ocrx_word' id='word_1_531' title='bbox 547 4691 821 4747; x_wconf 87' lang='lat' dir='ltr'><strong>Patricius</strong></span> <span class='ocrx_word' id='word_1_532' title='bbox 868 4689 1087 4755; x_wconf 84' lang='lat' dir='ltr'><strong>Junius,</strong></span> <span class='ocrx_word' id='word_1_533' title='bbox 1122 4693 1483 4757; x_wconf 83' lang='lat' dir='ltr'><strong>serenissimi,</strong></span> <span class='ocrx_word' id='word_1_534' title='bbox 1532 4694 1636 4749; x_wconf 92' lang='lat' dir='ltr'><strong>heu</strong></span> <span class='ocrx_word' id='word_1_535' title='bbox 1670 4709 1850 4764; x_wconf 87' lang='lat' dir='ltr'><strong>quon-</strong></span> 
     </span>
    </p>
   </div>
   <div class='ocr_carea' id='block_1_74' title="bbox 250 4784 1850 4855">
    <p class='ocr_par' dir='ltr' id='par_1_74' title="bbox 250 4784 1850 4855">
     <span class='ocr_line' id='line_1_74' title="bbox 250 4784 1850 4855; baseline -0.001 -15"><span class='ocrx_word' id='word_1_536' title='bbox 250 4784 413 4840; x_wconf 87' lang='lat' dir='ltr'><strong>daml</strong></span> <span class='ocrx_word' id='word_1_537' title='bbox 483 4784 895 4839; x_wconf 90' lang='lat' dir='ltr'><strong>Britanniarum</strong></span> <span class='ocrx_word' id='word_1_538' title='bbox 966 4800 1115 4855; x_wconf 81' lang='lat' dir='ltr'><strong>regis</strong></span> <span class='ocrx_word' id='word_1_539' title='bbox 1187 4785 1686 4848; x_wconf 86' lang='lat' dir='ltr'><strong>bibliothecarius,</strong></span> <span class='ocrx_word' id='word_1_540' title='bbox 1759 4786 1850 4839; x_wconf 89' lang='lat' dir='ltr'><strong>cui</strong></span> 
     </span>
    </p>
   </div>
   <div class='ocr_carea' id='block_1_75' title="bbox 253 4876 1852 4948">
    <p class='ocr_par' dir='ltr' id='par_1_75' title="bbox 253 4876 1852 4948">
     <span class='ocr_line' id='line_1_75' title="bbox 253 4876 1852 4948; baseline 0.001 -17"><span class='ocrx_word' id='word_1_541' title='bbox 253 4885 550 4948; x_wconf 84' lang='lat' dir='ltr'><strong>propterea</strong></span> <span class='ocrx_word' id='word_1_542' title='bbox 581 4878 850 4931; x_wconf 85' lang='lat' dir='ltr'><strong>maximas</strong></span> <span class='ocrx_word' id='word_1_543' title='bbox 879 4889 1029 4932; x_wconf 87' lang='lat' dir='ltr'><strong>certe</strong></span> <span class='ocrx_word' id='word_1_544' title='bbox 1055 4877 1263 4948; x_wconf 84' lang='lat' dir='ltr'><strong>gratias</strong></span> <span class='ocrx_word' id='word_1_545' title='bbox 1289 4877 1576 4932; x_wconf 89' lang='lat' dir='ltr'><strong>debemus.</strong></span> <span class='ocrx_word' id='word_1_546' title='bbox 1622 4876 1852 4943; x_wconf 80' lang='lat' dir='ltr'><strong>Quantae</strong></span> 
     </span>
    </p>
   </div>
   <div class='ocr_carea' id='block_1_76' title="bbox 254 4967 1851 5039">
    <p class='ocr_par' dir='ltr' id='par_1_76' title="bbox 254 4967 1851 5039">
     <span class='ocr_line' id='line_1_76' title="bbox 254 4967 1851 5039; baseline -0.001 -15"><span class='ocrx_word' id='word_1_547' title='bbox 254 4985 390 5026; x_wconf 78' lang='lat' dir='ltr'><strong>vero</strong></span> <span class='ocrx_word' id='word_1_548' title='bbox 428 4968 573 5039; x_wconf 89' lang='lat' dir='ltr'><strong>apud</strong></span> <span class='ocrx_word' id='word_1_549' title='bbox 596 4975 811 5024; x_wconf 87' lang='lat' dir='ltr'><strong>veteres</strong></span> <span class='ocrx_word' id='word_1_550' title='bbox 836 4967 1000 5023; x_wconf 88' lang='lat' dir='ltr'><strong>fuerit</strong></span> <span class='ocrx_word' id='word_1_551' title='bbox 1024 4969 1398 5033; x_wconf 83' lang='lat' dir='ltr'><strong>auctoritatis,</strong></span> <span class='ocrx_word' id='word_1_552' title='bbox 1443 4976 1525 5024; x_wconf 92' lang='lat' dir='ltr'><strong>tot</strong></span> <span class='ocrx_word' id='word_1_553' title='bbox 1574 4971 1675 5025; x_wconf 92' lang='lat' dir='ltr'><strong>tibi</strong></span> <span class='ocrx_word' id='word_1_554' title='bbox 1706 4970 1851 5029; x_wconf 87' lang='lat' dir='ltr'><strong>illo-</strong></span> 
     </span>
    </p>
   </div>
   <div class='ocr_carea' id='block_1_77' title="bbox 250 5058 1849 5131">
    <p class='ocr_par' dir='ltr' id='par_1_77' title="bbox 250 5058 1849 5131">
     <span class='ocr_line' id='line_1_77' title="bbox 250 5058 1849 5131; baseline 0.001 -16"><span class='ocrx_word' id='word_1_555' title='bbox 250 5075 403 5123; x_wconf 83' lang='lat' dir='ltr'><strong>rum,</strong></span> <span class='ocrx_word' id='word_1_556' title='bbox 458 5075 601 5130; x_wconf 91' lang='lat' dir='ltr'><strong>quos</strong></span> <span class='ocrx_word' id='word_1_557' title='bbox 644 5058 907 5129; x_wconf 86' lang='lat' dir='ltr'><strong>deinceps</strong></span> <span class='ocrx_word' id='word_1_558' title='bbox 941 5060 1284 5127; x_wconf 72' lang='lat' dir='ltr'><strong>exhibemus,</strong></span> <span class='ocrx_word' id='word_1_559' title='bbox 1343 5070 1645 5131; x_wconf 89' lang='lat' dir='ltr'><strong>suggerunt</strong></span> <span class='ocrx_word' id='word_1_560' title='bbox 1687 5063 1849 5116; x_wconf 86' lang='lat' dir='ltr'><strong>testi-</strong></span> 
     </span>
    </p>
   </div>
   <div class='ocr_carea' id='block_1_78' title="bbox 252 5152 1851 5224">
    <p class='ocr_par' dir='ltr' id='par_1_78' title="bbox 252 5152 1851 5224">
     <span class='ocr_line' id='line_1_78' title="bbox 252 5152 1851 5224; baseline 0.001 -18"><span class='ocrx_word' id='word_1_561' title='bbox 252 5153 475 5217; x_wconf 88' lang='lat' dir='ltr'><strong>monia;</strong></span> <span class='ocrx_word' id='word_1_562' title='bbox 506 5167 630 5221; x_wconf 67' lang='lat' dir='ltr'><strong>quae</strong></span> <span class='ocrx_word' id='word_1_563' title='bbox 653 5167 760 5206; x_wconf 91' lang='lat' dir='ltr'><strong>una</strong></span> <span class='ocrx_word' id='word_1_564' title='bbox 793 5167 919 5205; x_wconf 92' lang='lat' dir='ltr'><strong>cum</strong></span> <span class='ocrx_word' id='word_1_565' title='bbox 970 5152 1101 5206; x_wconf 85' lang='lat' dir='ltr'><strong>aliis</strong></span> <span class='ocrx_word' id='word_1_566' title='bbox 1137 5153 1473 5222; x_wconf 90' lang='lat' dir='ltr'><strong>propheticis</strong></span> <span class='ocrx_word' id='word_1_567' title='bbox 1499 5155 1851 5224; x_wconf 82' lang='lat' dir='ltr'><strong>apostolicis-</strong></span> 
     </span>
    </p>
   </div>
   <div class='ocr_carea' id='block_1_79' title="bbox 253 5243 1848 5314">
    <p class='ocr_par' dir='ltr' id='par_1_79' title="bbox 253 5243 1848 5314">
     <span class='ocr_line' id='line_1_79' title="bbox 253 5243 1848 5314; baseline -0.001 -17"><span class='ocrx_word' id='word_1_568' title='bbox 253 5260 365 5314; x_wconf 83' lang='lat' dir='ltr'><strong>que</strong></span> <span class='ocrx_word' id='word_1_569' title='bbox 389 5244 611 5313; x_wconf 88' lang='lat' dir='ltr'><strong>scriptis</strong></span> <span class='ocrx_word' id='word_1_570' title='bbox 660 5244 764 5314; x_wconf 87' lang='lat' dir='ltr'><strong>legi</strong></span> <span class='ocrx_word' id='word_1_571' title='bbox 797 5244 925 5297; x_wconf 92' lang='lat' dir='ltr'><strong>olim</strong></span> <span class='ocrx_word' id='word_1_572' title='bbox 962 5243 1023 5298; x_wconf 90' lang='lat' dir='ltr'><strong>in</strong></span> <span class='ocrx_word' id='word_1_573' title='bbox 1057 5244 1384 5313; x_wconf 90' lang='lat' dir='ltr'><strong>quibusdam</strong></span> <span class='ocrx_word' id='word_1_574' title='bbox 1419 5243 1680 5299; x_wconf 88' lang='lat' dir='ltr'><strong>Ecclesiis</strong></span> <span class='ocrx_word' id='word_1_575' title='bbox 1711 5245 1848 5299; x_wconf 88' lang='lat' dir='ltr'><strong>soli-</strong></span> 
     </span>
    </p>
   </div>
   <div class='ocr_carea' id='block_1_80' title="bbox 256 5333 1846 5406">
    <p class='ocr_par' dir='ltr' id='par_1_80' title="bbox 256 5333 1846 5406">
     <span class='ocr_line' id='line_1_80' title="bbox 256 5333 1846 5406; baseline 0.002 -19"><span class='ocrx_word' id='word_1_576' title='bbox 256 5343 395 5397; x_wconf 87' lang='lat' dir='ltr'><strong>tam,</strong></span> <span class='ocrx_word' id='word_1_577' title='bbox 431 5334 592 5389; x_wconf 85' lang='lat' dir='ltr'><strong>ﬁdem</strong></span> <span class='ocrx_word' id='word_1_578' title='bbox 626 5333 859 5399; x_wconf 91' lang='lat' dir='ltr'><strong>faciunt,</strong></span> <span class='ocrx_word' id='word_1_579' title='bbox 891 5334 1189 5406; x_wconf 87' lang='lat' dir='ltr'><strong>itidemque</strong></span> <span class='ocrx_word' id='word_1_580' title='bbox 1210 5334 1277 5390; x_wconf 91' lang='lat' dir='ltr'><strong>de</strong></span> <span class='ocrx_word' id='word_1_581' title='bbox 1318 5350 1483 5389; x_wconf 90' lang='lat' dir='ltr'><strong>causa</strong></span> <span class='ocrx_word' id='word_1_582' title='bbox 1530 5335 1846 5404; x_wconf 89' lang='lat' dir='ltr'><strong>scriptionis</strong></span> 
     </span>
    </p>
   </div>
   <div class='ocr_carea' id='block_1_81' title="bbox 256 5424 1843 5498">
    <p class='ocr_par' dir='ltr' id='par_1_81' title="bbox 256 5424 1843 5498">
     <span class='ocr_line' id='line_1_81' title="bbox 256 5424 1843 5498; baseline 0.003 -23"><span class='ocrx_word' id='word_1_583' title='bbox 256 5433 309 5476; x_wconf 78' lang='lat' dir='ltr'><strong>et</strong></span> <span class='ocrx_word' id='word_1_584' title='bbox 332 5424 463 5495; x_wconf 77' lang='lat' dir='ltr'><strong>styli</strong></span> <span class='ocrx_word' id='word_1_585' title='bbox 487 5440 686 5494; x_wconf 89' lang='lat' dir='ltr'><strong>genere</strong></span> <span class='ocrx_word' id='word_1_586' title='bbox 714 5435 766 5480; x_wconf 84' lang='lat' dir='ltr'><strong>te</strong></span> <span class='ocrx_word' id='word_1_587' title='bbox 784 5426 1077 5482; x_wconf 87' lang='lat' dir='ltr'><strong>certiorem</strong></span> <span class='ocrx_word' id='word_1_588' title='bbox 1107 5426 1368 5483; x_wconf 89' lang='lat' dir='ltr'><strong>reddunt.</strong></span> <span class='ocrx_word' id='word_1_589' title='bbox 1402 5426 1521 5481; x_wconf 87' lang='lat' dir='ltr'><strong>Non</strong></span> <span class='ocrx_word' id='word_1_590' title='bbox 1550 5443 1680 5498; x_wconf 88' lang='lat' dir='ltr'><strong>ergo</strong></span> <span class='ocrx_word' id='word_1_591' title='bbox 1702 5435 1843 5489; x_wconf 87' lang='lat' dir='ltr'><strong>erat,</strong></span> 
     </span>
    </p>
   </div>
   <div class='ocr_carea' id='block_1_82' title="bbox 259 5518 1849 5590">
    <p class='ocr_par' dir='ltr' id='par_1_82' title="bbox 259 5518 1849 5590">
     <span class='ocr_line' id='line_1_82' title="bbox 259 5518 1849 5590; baseline 0.004 -23"><span class='ocrx_word' id='word_1_592' title='bbox 259 5530 371 5583; x_wconf 72' lang='lat' dir='ltr'><strong>quo</strong></span> <span class='ocrx_word' id='word_1_593' title='bbox 402 5523 454 5570; x_wconf 87' lang='lat' dir='ltr'><strong>te</strong></span> <span class='ocrx_word' id='word_1_594' title='bbox 492 5518 727 5585; x_wconf 91' lang='lat' dir='ltr'><strong>amplius</strong></span> <span class='ocrx_word' id='word_1_595' title='bbox 757 5533 1023 5581; x_wconf 85' lang='lat' dir='ltr'><strong>morarer,</strong></span> <span class='ocrx_word' id='word_1_596' title='bbox 1075 5519 1522 5590; x_wconf 86' lang='lat' dir='ltr'><strong>quandoquidem</strong></span> <span class='ocrx_word' id='word_1_597' title='bbox 1566 5535 1849 5589; x_wconf 88' lang='lat' dir='ltr'><strong>nunquam</strong></span> 
     </span>
    </p>
   </div>
   <div class='ocr_carea' id='block_1_83' title="bbox 261 5606 1851 5680">
    <p class='ocr_par' dir='ltr' id='par_1_83' title="bbox 261 5606 1851 5680">
     <span class='ocr_line' id='line_1_83' title="bbox 261 5606 1851 5680; baseline 0.004 -20"><span class='ocrx_word' id='word_1_598' title='bbox 261 5606 400 5660; x_wconf 79' lang='lat' dir='ltr'><strong>satis</strong></span> <span class='ocrx_word' id='word_1_599' title='bbox 431 5606 687 5662; x_wconf 88' lang='lat' dir='ltr'><strong>laudatus</strong></span> <span class='ocrx_word' id='word_1_600' title='bbox 710 5606 982 5663; x_wconf 84' lang='lat' dir='ltr'><strong>Patricius</strong></span> <span class='ocrx_word' id='word_1_601' title='bbox 1006 5623 1106 5662; x_wconf 89' lang='lat' dir='ltr'><strong>sua</strong></span> <span class='ocrx_word' id='word_1_602' title='bbox 1133 5610 1199 5664; x_wconf 90' lang='lat' dir='ltr'><strong>ad</strong></span> <span class='ocrx_word' id='word_1_603' title='bbox 1221 5608 1504 5665; x_wconf 89' lang='lat' dir='ltr'><strong>Lectorcm</strong></span> <span class='ocrx_word' id='word_1_604' title='bbox 1534 5610 1851 5680; x_wconf 62' lang='lat' dir='ltr'><strong>praefatione</strong></span> 
     </span>
    </p>
   </div>
   <div class='ocr_carea' id='block_1_84' title="bbox 262 5700 1846 5775">
    <p class='ocr_par' dir='ltr' id='par_1_84' title="bbox 262 5700 1846 5775">
     <span class='ocr_line' id='line_1_84' title="bbox 262 5700 1846 5775; baseline 0.006 -27"><span class='ocrx_word' id='word_1_605' title='bbox 262 5706 508 5752; x_wconf 82' lang='lat' dir='ltr'><strong>veterum</strong></span> <span class='ocrx_word' id='word_1_606' title='bbox 541 5700 873 5755; x_wconf 85' lang='lat' dir='ltr'><strong>testimoniis</strong></span> <span class='ocrx_word' id='word_1_607' title='bbox 911 5716 1078 5771; x_wconf 83' lang='lat' dir='ltr'><strong>supra</strong></span> <span class='ocrx_word' id='word_1_608' title='bbox 1104 5703 1372 5767; x_wconf 73' lang='lat' dir='ltr'><strong>subnexa,</strong></span> <span class='ocrx_word' id='word_1_609' title='bbox 1410 5704 1465 5757; x_wconf 94' lang='lat' dir='ltr'><strong>in</strong></span> <span class='ocrx_word' id='word_1_610' title='bbox 1494 5704 1720 5775; x_wconf 85' lang='lat' dir='ltr'><strong>reliquis</strong></span> <span class='ocrx_word' id='word_1_611' title='bbox 1751 5705 1846 5761; x_wconf 91' lang='lat' dir='ltr'><strong>tibi</strong></span> 
     </span>
    </p>
   </div>
   <div class='ocr_carea' id='block_1_85' title="bbox 262 5791 1846 5867">
    <p class='ocr_par' dir='ltr' id='par_1_85' title="bbox 262 5791 1846 5867">
     <span class='ocr_line' id='line_1_85' title="bbox 262 5791 1846 5867; baseline 0.008 -26"><span class='ocrx_word' id='word_1_612' title='bbox 262 5798 479 5858; x_wconf 81' lang='lat' dir='ltr'><strong>poterat</strong></span> <span class='ocrx_word' id='word_1_613' title='bbox 531 5791 852 5849; x_wconf 81' lang='lat' dir='ltr'><strong>satisfacere</strong></span> <span class='ocrx_word' id='word_1_614' title='bbox 908 5794 1003 5849; x_wconf 86' lang='lat' dir='ltr'><strong>:ni</strong></span> <span class='ocrx_word' id='word_1_615' title='bbox 1030 5792 1225 5853; x_wconf 85' lang='lat' dir='ltr'><strong>fuisset</strong></span> <span class='ocrx_word' id='word_1_616' title='bbox 1275 5794 1370 5867; x_wconf 81' lang='lat' dir='ltr'><strong>qui</strong></span> <span class='ocrx_word' id='word_1_617' title='bbox 1412 5802 1625 5852; x_wconf 85' lang='lat' dir='ltr'><strong>tantam</strong></span> <span class='ocrx_word' id='word_1_618' title='bbox 1670 5796 1846 5854; x_wconf 85' lang='lat' dir='ltr'><strong>lucem</strong></span> 
     </span>
    </p>
   </div>
   <div class='ocr_carea' id='block_1_86' title="bbox 1955 4600 3537 4673">
    <p class='ocr_par' dir='ltr' id='par_1_86' title="bbox 1955 4600 3537 4673">
     <span class='ocr_line' id='line_1_86' title="bbox 1955 4600 3537 4673; baseline 0.002 -17"><span class='ocrx_word' id='word_1_619' title='bbox 1955 4602 2085 4656; x_wconf 93' lang='lat' dir='ltr'><strong>dum</strong></span> <span class='ocrx_word' id='word_1_620' title='bbox 2110 4600 2177 4655; x_wconf 91' lang='lat' dir='ltr'><strong>de</strong></span> <span class='ocrx_word' id='word_1_621' title='bbox 2205 4601 2307 4655; x_wconf 92' lang='lat' dir='ltr'><strong>hac</strong></span> <span class='ocrx_word' id='word_1_622' title='bbox 2341 4601 2582 4657; x_wconf 90' lang='lat' dir='ltr'><strong>editione</strong></span> <span class='ocrx_word' id='word_1_623' title='bbox 2614 4602 2815 4672; x_wconf 89' lang='lat' dir='ltr'><strong>cogito,</strong></span> <span class='ocrx_word' id='word_1_624' title='bbox 2856 4601 2910 4655; x_wconf 93' lang='lat' dir='ltr'><strong>in</strong></span> <span class='ocrx_word' id='word_1_625' title='bbox 2938 4602 3133 4673; x_wconf 88' lang='lat' dir='ltr'><strong>vulgus</strong></span> <span class='ocrx_word' id='word_1_626' title='bbox 3163 4605 3368 4668; x_wconf 86' lang='lat' dir='ltr'><strong>emisit,</strong></span> <span class='ocrx_word' id='word_1_627' title='bbox 3424 4612 3537 4659; x_wconf 86' lang='lat' dir='ltr'><strong>tam</strong></span> 
     </span>
    </p>
   </div>
   <div class='ocr_carea' id='block_1_87' title="bbox 1954 4691 3535 4767">
    <p class='ocr_par' dir='ltr' id='par_1_87' title="bbox 1954 4691 3535 4767">
     <span class='ocr_line' id='line_1_87' title="bbox 1954 4691 3535 4767; baseline 0.001 -20"><span class='ocrx_word' id='word_1_628' title='bbox 1954 4694 2217 4748; x_wconf 87' lang='lat' dir='ltr'><strong>audacter</strong></span> <span class='ocrx_word' id='word_1_629' title='bbox 2262 4691 2463 4746; x_wconf 89' lang='lat' dir='ltr'><strong>famam</strong></span> <span class='ocrx_word' id='word_1_630' title='bbox 2495 4693 2616 4763; x_wconf 93' lang='lat' dir='ltr'><strong>ejus</strong></span> <span class='ocrx_word' id='word_1_631' title='bbox 2644 4693 2875 4757; x_wconf 90' lang='lat' dir='ltr'><strong>arrodit,</strong></span> <span class='ocrx_word' id='word_1_632' title='bbox 2912 4702 2972 4747; x_wconf 93' lang='lat' dir='ltr'><strong>ut</strong></span> <span class='ocrx_word' id='word_1_633' title='bbox 3005 4712 3072 4750; x_wconf 90' lang='lat' dir='ltr'><strong>ne</strong></span> <span class='ocrx_word' id='word_1_634' title='bbox 3113 4696 3277 4751; x_wconf 88' lang='lat' dir='ltr'><strong>tineis</strong></span> <span class='ocrx_word' id='word_1_635' title='bbox 3312 4698 3535 4767; x_wconf 90' lang='lat' dir='ltr'><strong>quidem</strong></span> 
     </span>
    </p>
   </div>
   <div class='ocr_carea' id='block_1_88' title="bbox 1953 4784 3537 4857">
    <p class='ocr_par' dir='ltr' id='par_1_88' title="bbox 1953 4784 3537 4857">
     <span class='ocr_line' id='line_1_88' title="bbox 1953 4784 3537 4857; baseline 0.001 -18"><span class='ocrx_word' id='word_1_636' title='bbox 1953 4785 2315 4854; x_wconf 88' lang='lat' dir='ltr'><strong>trucibusque</strong></span> <span class='ocrx_word' id='word_1_637' title='bbox 2366 4785 2576 4849; x_wconf 89' lang='lat' dir='ltr'><strong>blattis,</strong></span> <span class='ocrx_word' id='word_1_638' title='bbox 2630 4800 2753 4856; x_wconf 81' lang='lat' dir='ltr'><strong>quae</strong></span> <span class='ocrx_word' id='word_1_639' title='bbox 2796 4784 3060 4841; x_wconf 91' lang='lat' dir='ltr'><strong>damnum</strong></span> <span class='ocrx_word' id='word_1_640' title='bbox 3108 4788 3211 4857; x_wconf 90' lang='lat' dir='ltr'><strong>ipsi</strong></span> <span class='ocrx_word' id='word_1_641' title='bbox 3248 4788 3361 4857; x_wconf 89' lang='lat' dir='ltr'><strong>jam</strong></span> <span class='ocrx_word' id='word_1_642' title='bbox 3410 4797 3537 4842; x_wconf 86' lang='lat' dir='ltr'><strong>ante</strong></span> 
     </span>
    </p>
   </div>
   <div class='ocr_carea' id='block_1_89' title="bbox 1954 4877 3539 4941">
    <p class='ocr_par' dir='ltr' id='par_1_89' title="bbox 1954 4877 3539 4941">
     <span class='ocr_line' id='line_1_89' title="bbox 1954 4877 3539 4941; baseline 0.001 -8"><span class='ocrx_word' id='word_1_643' title='bbox 1954 4893 2228 4933; x_wconf 90' lang='lat' dir='ltr'><strong>summum</strong></span> <span class='ocrx_word' id='word_1_644' title='bbox 2260 4877 2577 4941; x_wconf 88' lang='lat' dir='ltr'><strong>intulerant,</strong></span> <span class='ocrx_word' id='word_1_645' title='bbox 2611 4878 2971 4934; x_wconf 89' lang='lat' dir='ltr'><strong>mordacitate</strong></span> <span class='ocrx_word' id='word_1_646' title='bbox 3000 4880 3178 4935; x_wconf 87' lang='lat' dir='ltr'><strong>cedat.</strong></span> <span class='ocrx_word' id='word_1_647' title='bbox 3214 4880 3325 4935; x_wconf 90' lang='lat' dir='ltr'><strong>Nec</strong></span> <span class='ocrx_word' id='word_1_648' title='bbox 3354 4888 3539 4936; x_wconf 88' lang='lat' dir='ltr'><strong>tamen</strong></span> 
     </span>
    </p>
   </div>
   <div class='ocr_carea' id='block_1_90' title="bbox 1953 4970 3538 5043">
    <p class='ocr_par' dir='ltr' id='par_1_90' title="bbox 1953 4970 3538 5043">
     <span class='ocr_line' id='line_1_90' title="bbox 1953 4970 3538 5043; baseline 0.001 -20"><span class='ocrx_word' id='word_1_649' title='bbox 1953 4971 2135 5024; x_wconf 81' lang='lat' dir='ltr'><strong>virum</strong></span> <span class='ocrx_word' id='word_1_650' title='bbox 2170 4971 2334 5024; x_wconf 89' lang='lat' dir='ltr'><strong>istum</strong></span> <span class='ocrx_word' id='word_1_651' title='bbox 2361 4970 2498 5025; x_wconf 88' lang='lat' dir='ltr'><strong>alias</strong></span> <span class='ocrx_word' id='word_1_652' title='bbox 2528 4985 2808 5040; x_wconf 85' lang='lat' dir='ltr'><strong>magnum,</strong></span> <span class='ocrx_word' id='word_1_653' title='bbox 2839 4971 2920 5024; x_wconf 85' lang='lat' dir='ltr'><strong>vel</strong></span> <span class='ocrx_word' id='word_1_654' title='bbox 2951 4971 3094 5026; x_wconf 89' lang='lat' dir='ltr'><strong>hanc</strong></span> <span class='ocrx_word' id='word_1_655' title='bbox 3120 4972 3429 5043; x_wconf 89' lang='lat' dir='ltr'><strong>epistolam,</strong></span> <span class='ocrx_word' id='word_1_656' title='bbox 3453 4975 3538 5027; x_wconf 89' lang='lat' dir='ltr'><strong>vel</strong></span> 
     </span>
    </p>
   </div>
   <div class='ocr_carea' id='block_1_91' title="bbox 1954 5062 3539 5132">
    <p class='ocr_par' dir='ltr' id='par_1_91' title="bbox 1954 5062 3539 5132">
     <span class='ocr_line' id='line_1_91' title="bbox 1954 5062 3539 5132; baseline -0.001 -13"><span class='ocrx_word' id='word_1_657' title='bbox 1954 5067 2073 5119; x_wconf 85' lang='lat' dir='ltr'><strong>loca</strong></span> <span class='ocrx_word' id='word_1_658' title='bbox 2107 5071 2393 5119; x_wconf 87' lang='lat' dir='ltr'><strong>auctorum</strong></span> <span class='ocrx_word' id='word_1_659' title='bbox 2433 5077 2463 5115; x_wconf 90' lang='lat' dir='ltr'><strong>a</strong></span> <span class='ocrx_word' id='word_1_660' title='bbox 2495 5062 2699 5132; x_wconf 91' lang='lat' dir='ltr'><strong>quibus</strong></span> <span class='ocrx_word' id='word_1_661' title='bbox 2733 5064 3053 5117; x_wconf 87' lang='lat' dir='ltr'><strong>testimonia</strong></span> <span class='ocrx_word' id='word_1_662' title='bbox 3086 5065 3277 5131; x_wconf 91' lang='lat' dir='ltr'><strong>sumit,</strong></span> <span class='ocrx_word' id='word_1_663' title='bbox 3331 5073 3539 5118; x_wconf 90' lang='lat' dir='ltr'><strong>attente</strong></span> 
     </span>
    </p>
   </div>
   <div class='ocr_carea' id='block_1_92' title="bbox 1956 5154 3537 5226">
    <p class='ocr_par' dir='ltr' id='par_1_92' title="bbox 1956 5154 3537 5226">
     <span class='ocr_line' id='line_1_92' title="bbox 1956 5154 3537 5226; baseline -0.003 -16"><span class='ocrx_word' id='word_1_664' title='bbox 1956 5172 2197 5226; x_wconf 88' lang='lat' dir='ltr'><strong>unquam</strong></span> <span class='ocrx_word' id='word_1_665' title='bbox 2230 5169 2356 5209; x_wconf 90' lang='lat' dir='ltr'><strong>reor</strong></span> <span class='ocrx_word' id='word_1_666' title='bbox 2402 5154 2603 5224; x_wconf 89' lang='lat' dir='ltr'><strong>legisse</strong></span> <span class='ocrx_word' id='word_1_667' title='bbox 2632 5161 2686 5208; x_wconf 91' lang='lat' dir='ltr'><strong>et</strong></span> <span class='ocrx_word' id='word_1_668' title='bbox 2723 5155 2893 5223; x_wconf 89' lang='lat' dir='ltr'><strong>probe</strong></span> <span class='ocrx_word' id='word_1_669' title='bbox 2917 5158 3282 5220; x_wconf 80' lang='lat' dir='ltr'><strong>examinasse,</strong></span> <span class='ocrx_word' id='word_1_670' title='bbox 3316 5154 3411 5209; x_wconf 91' lang='lat' dir='ltr'><strong>sed</strong></span> <span class='ocrx_word' id='word_1_671' title='bbox 3453 5154 3537 5207; x_wconf 88' lang='lat' dir='ltr'><strong>fn-</strong></span> 
     </span>
    </p>
   </div>
   <div class='ocr_carea' id='block_1_93' title="bbox 1956 5244 3537 5315">
    <p class='ocr_par' dir='ltr' id='par_1_93' title="bbox 1956 5244 3537 5315">
     <span class='ocr_line' id='line_1_93' title="bbox 1956 5244 3537 5315; baseline -0.001 -14"><span class='ocrx_word' id='word_1_672' title='bbox 1956 5262 2079 5301; x_wconf 89' lang='lat' dir='ltr'><strong>cum</strong></span> <span class='ocrx_word' id='word_1_673' title='bbox 2136 5245 2319 5315; x_wconf 90' lang='lat' dir='ltr'><strong>potius</strong></span> <span class='ocrx_word' id='word_1_674' title='bbox 2369 5244 2801 5313; x_wconf 89' lang='lat' dir='ltr'><strong>simplicioribus</strong></span> <span class='ocrx_word' id='word_1_675' title='bbox 2847 5261 3040 5314; x_wconf 89' lang='lat' dir='ltr'><strong>parum</strong></span> <span class='ocrx_word' id='word_1_676' title='bbox 3088 5246 3159 5300; x_wconf 90' lang='lat' dir='ltr'><strong>ab</strong></span> <span class='ocrx_word' id='word_1_677' title='bbox 3210 5245 3537 5313; x_wconf 88' lang='lat' dir='ltr'><strong>antiquitate</strong></span> 
     </span>
    </p>
   </div>
   <div class='ocr_carea' id='block_1_94' title="bbox 1953 5334 3535 5393">
    <p class='ocr_par' dir='ltr' id='par_1_94' title="bbox 1953 5334 3535 5393">
     <span class='ocr_line' id='line_1_94' title="bbox 1953 5334 3535 5393; baseline -0.001 -2"><span class='ocrx_word' id='word_1_678' title='bbox 1953 5336 2239 5393; x_wconf 89' lang='lat' dir='ltr'><strong>instructis</strong></span> <span class='ocrx_word' id='word_1_679' title='bbox 2284 5335 2467 5389; x_wconf 89' lang='lat' dir='ltr'><strong>facere</strong></span> <span class='ocrx_word' id='word_1_680' title='bbox 2502 5335 2762 5389; x_wconf 86' lang='lat' dir='ltr'><strong>voluisse.</strong></span> <span class='ocrx_word' id='word_1_681' title='bbox 2803 5334 2870 5389; x_wconf 90' lang='lat' dir='ltr'><strong>Ut</strong></span> <span class='ocrx_word' id='word_1_682' title='bbox 2902 5338 3048 5391; x_wconf 92' lang='lat' dir='ltr'><strong>enim</strong></span> <span class='ocrx_word' id='word_1_683' title='bbox 3093 5337 3312 5391; x_wconf 79' lang='lat' dir='ltr'><strong>silentio</strong></span> <span class='ocrx_word' id='word_1_684' title='bbox 3356 5338 3535 5391; x_wconf 89' lang='lat' dir='ltr'><strong>invol-</strong></span> 
     </span>
    </p>
   </div>
   <div class='ocr_carea' id='block_1_95' title="bbox 1950 5426 3535 5496">
    <p class='ocr_par' dir='ltr' id='par_1_95' title="bbox 1950 5426 3535 5496">
     <span class='ocr_line' id='line_1_95' title="bbox 1950 5426 3535 5496; baseline -0.001 -13"><span class='ocrx_word' id='word_1_685' title='bbox 1950 5444 2073 5483; x_wconf 85' lang='lat' dir='ltr'><strong>vam</strong></span> <span class='ocrx_word' id='word_1_686' title='bbox 2105 5426 2299 5481; x_wconf 89' lang='lat' dir='ltr'><strong>frivola</strong></span> <span class='ocrx_word' id='word_1_687' title='bbox 2330 5429 2434 5481; x_wconf 91' lang='lat' dir='ltr'><strong>ista</strong></span> <span class='ocrx_word' id='word_1_688' title='bbox 2467 5426 2534 5481; x_wconf 89' lang='lat' dir='ltr'><strong>de</strong></span> <span class='ocrx_word' id='word_1_689' title='bbox 2568 5427 2739 5481; x_wconf 87' lang='lat' dir='ltr'><strong>minio</strong></span> <span class='ocrx_word' id='word_1_690' title='bbox 2766 5428 2952 5493; x_wconf 83' lang='lat' dir='ltr'><strong>rubro,</strong></span> <span class='ocrx_word' id='word_1_691' title='bbox 2981 5443 3092 5496; x_wconf 85' lang='lat' dir='ltr'><strong>quo</strong></span> <span class='ocrx_word' id='word_1_692' title='bbox 3122 5428 3332 5482; x_wconf 70' lang='lat' dir='ltr'><strong>lacuna:</strong></span> <span class='ocrx_word' id='word_1_693' title='bbox 3360 5428 3411 5481; x_wconf 91' lang='lat' dir='ltr'><strong>in</strong></span> <span class='ocrx_word' id='word_1_694' title='bbox 3439 5444 3535 5484; x_wconf 90' lang='lat' dir='ltr'><strong>su-</strong></span> 
     </span>
    </p>
   </div>
   <div class='ocr_carea' id='block_1_96' title="bbox 1953 5518 3535 5590">
    <p class='ocr_par' dir='ltr' id='par_1_96' title="bbox 1953 5518 3535 5590">
     <span class='ocr_line' id='line_1_96' title="bbox 1953 5518 3535 5590; baseline -0.001 -17"><span class='ocrx_word' id='word_1_695' title='bbox 1953 5519 2169 5590; x_wconf 88' lang='lat' dir='ltr'><strong>periore</strong></span> <span class='ocrx_word' id='word_1_696' title='bbox 2211 5519 2455 5573; x_wconf 87' lang='lat' dir='ltr'><strong>editione</strong></span> <span class='ocrx_word' id='word_1_697' title='bbox 2503 5532 2699 5587; x_wconf 86' lang='lat' dir='ltr'><strong>magna</strong></span> <span class='ocrx_word' id='word_1_698' title='bbox 2728 5518 3007 5587; x_wconf 84' lang='lat' dir='ltr'><strong>diligentia</strong></span> <span class='ocrx_word' id='word_1_699' title='bbox 3044 5529 3172 5571; x_wconf 90' lang='lat' dir='ltr'><strong>sunt</strong></span> <span class='ocrx_word' id='word_1_700' title='bbox 3221 5527 3440 5582; x_wconf 70' lang='lat' dir='ltr'><strong>notataz,</strong></span> <span class='ocrx_word' id='word_1_701' title='bbox 3480 5529 3535 5573; x_wconf 82' lang='lat' dir='ltr'><strong>ct</strong></span> 
     </span>
    </p>
   </div>
   <div class='ocr_carea' id='block_1_97' title="bbox 1952 5608 3533 5683">
    <p class='ocr_par' dir='ltr' id='par_1_97' title="bbox 1952 5608 3533 5683">
     <span class='ocr_line' id='line_1_97' title="bbox 1952 5608 3533 5683; baseline -0.001 -17"><span class='ocrx_word' id='word_1_702' title='bbox 1952 5628 2073 5683; x_wconf 58' lang='lat' dir='ltr'><strong>quae</strong></span> <span class='ocrx_word' id='word_1_703' title='bbox 2103 5619 2365 5683; x_wconf 65' lang='lat' dir='ltr'><strong>prmterca</strong></span> <span class='ocrx_word' id='word_1_704' title='bbox 2393 5609 2461 5663; x_wconf 91' lang='lat' dir='ltr'><strong>de</strong></span> <span class='ocrx_word' id='word_1_705' title='bbox 2491 5609 2618 5679; x_wconf 84' lang='lat' dir='ltr'><strong>styli</strong></span> <span class='ocrx_word' id='word_1_706' title='bbox 2650 5608 3001 5678; x_wconf 85' lang='lat' dir='ltr'><strong>simplicitate</strong></span> <span class='ocrx_word' id='word_1_707' title='bbox 3022 5617 3076 5663; x_wconf 90' lang='lat' dir='ltr'><strong>et</strong></span> <span class='ocrx_word' id='word_1_708' title='bbox 3110 5610 3387 5664; x_wconf 89' lang='lat' dir='ltr'><strong>incondita</strong></span> <span class='ocrx_word' id='word_1_709' title='bbox 3411 5611 3533 5679; x_wconf 86' lang='lat' dir='ltr'><strong>ejus</strong></span> 
     </span>
    </p>
   </div>
   <div class='ocr_carea' id='block_1_98' title="bbox 1953 5701 3531 5774">
    <p class='ocr_par' dir='ltr' id='par_1_98' title="bbox 1953 5701 3531 5774">
     <span class='ocr_line' id='line_1_98' title="bbox 1953 5701 3531 5774; baseline -0.001 -15"><span class='ocrx_word' id='word_1_710' title='bbox 1953 5705 2295 5760; x_wconf 82' lang='lat' dir='ltr'><strong>connexione</strong></span> <span class='ocrx_word' id='word_1_711' title='bbox 2327 5701 2559 5774; x_wconf 89' lang='lat' dir='ltr'><strong>profert,</strong></span> <span class='ocrx_word' id='word_1_712' title='bbox 2592 5708 2653 5755; x_wconf 91' lang='lat' dir='ltr'><strong>ut</strong></span> <span class='ocrx_word' id='word_1_713' title='bbox 2699 5701 3025 5770; x_wconf 87' lang='lat' dir='ltr'><strong>jamdudum</strong></span> <span class='ocrx_word' id='word_1_714' title='bbox 3071 5703 3171 5771; x_wconf 89' lang='lat' dir='ltr'><strong>ipsi</strong></span> <span class='ocrx_word' id='word_1_715' title='bbox 3203 5702 3396 5757; x_wconf 89' lang='lat' dir='ltr'><strong>Photio</strong></span> <span class='ocrx_word' id='word_1_716' title='bbox 3430 5705 3531 5757; x_wconf 80' lang='lat' dir='ltr'><strong>ob-</strong></span> 
     </span>
    </p>
   </div>
   <div class='ocr_carea' id='block_1_99' title="bbox 1957 5795 3539 5869">
    <p class='ocr_par' dir='ltr' id='par_1_99' title="bbox 1957 5795 3539 5869">
     <span class='ocr_line' id='line_1_99' title="bbox 1957 5795 3539 5869; baseline -0.001 -13"><span class='ocrx_word' id='word_1_717' title='bbox 1957 5806 2169 5856; x_wconf 67' lang='lat' dir='ltr'><strong>serrata</strong></span> <span class='ocrx_word' id='word_1_718' title='bbox 2207 5816 2216 5827; x_wconf 67' lang='grc' dir='ltr'>ι</span> <span class='ocrx_word' id='word_1_719' title='bbox 2261 5797 2495 5869; x_wconf 87' lang='lat' dir='ltr'><strong>primum</strong></span> <span class='ocrx_word' id='word_1_720' title='bbox 2530 5795 2905 5868; x_wconf 85' lang='lat' dir='ltr'><strong>imprudenter</strong></span> <span class='ocrx_word' id='word_1_721' title='bbox 2940 5796 3073 5853; x_wconf 86' lang='lat' dir='ltr'><strong>satis</strong></span> <span class='ocrx_word' id='word_1_722' title='bbox 3120 5798 3539 5855; x_wconf 66' lang='lat' dir='ltr'><strong>corisarcina:u-</strong></span> 
     </span>
    </p>
   </div>
  </div>
