3936 6172
428 388 499 443 55
1552 386 1643 439 AD
1685 387 1740 443 S.
1782 387 1999 442 CLEMIS

2101 385 2203 440 ἘΜ
2246 386 2265 439 ι
2303 386 2535 440 ΡΑΡΑΜ
3616 396 3685 450 56

426 519 542 563 rem
566 502 810 573 epistola:
860 501 958 572 (ita
982 517 1220 573 namque
1260 503 1381 573 ejus
1426 512 1625 558 sonant
1659 503 2004 572 Germanica)
2034 508 2076 565 Α
2109 503 2257 556 bonae
2282 501 2404 571 ﬁdei
2434 503 2754 556 conscientia
2780 504 2861 557 illi
2891 504 3256 561 inseruierunt.
3284 505 3363 561 lta
3393 505 3454 561 D.
3478 506 3686 563 Paulus

426 595 599 650 multa
629 594 883 649 omisisse
912 594 1009 657 ait,
1041 608 1163 664 qua:
1184 594 1287 649 sub
1314 592 1609 649 Clementis
1640 593 1874 649 Romani
1894 610 1998 649 no-

426 689 574 747 mine
625 686 694 744 ab
732 685 857 740 aliis
888 684 1145 740 Patribus
1176 686 1440 751 citentur,
1494 688 1644 743 velut
1685 686 2001 758 Hieronymi

428 780 608 837 locum
640 778 695 839 in
720 792 840 845 cap.
897 792 935 830 u
979 778 1046 832 ad
1076 777 1340 848 Ephesios
1375 799 1386 832 :
1420 778 1662 834 Oceanus
1706 791 1756 833 et
1816 779 2003 833 mundi

426 873 517 942 qui
571 881 719 925 trans
770 871 942 939 ipsum
980 880 1133 934 sunt;
1190 877 1245 926 et
1294 871 1349 926 in
1404 879 1661 941 quartum
1710 871 1997 940 ejusdem:

439 963 718 1019 Vinculum
748 962 1024 1016 charitatis
1056 962 1153 1016 Dei
1196 964 1312 1032 quis
1340 972 1507 1032 potest
1530 980 1782 1017 enarrare
1801 968 1999 1031 ?quaSI

429 1074 539 1117 non
584 1063 896 1125 utrumque,
930 1055 1061 1109 illud
1104 1055 1314 1111 scilicet
1377 1071 1497 1125 pag.
1532 1055 1604 1109 29
1640 1055 1743 1111 sub
1798 1054 1958 1110 ﬁnem
1983 1096 1997 1121 ,

430 1150 533 1205 hoc
561 1163 685 1219 pag.
716 1147 785 1201 65
828 1148 975 1201 clare
1018 1148 1326 1202 inveniatur
1349 1149 1634 1219 scriptum.
1670 1147 1768 1203 His
1802 1148 2003 1203 subne-

429 1243 550 1304 ctit,
585 1240 751 1296 etiam
800 1241 1198 1295 centuriatores
1228 1239 1499 1311 Magdeb.,
1529 1248 1740 1298 centur.
1759 1256 1797 1303 ι,
1821 1242 1914 1296 lib.
1942 1240 1997 1304 2,

427 1349 482 1393 ι.
519 1334 843 1387 observasse
892 1332 1027 1386 illud
1056 1331 1203 1402 quod
1232 1332 1469 1387 Basilius
1495 1332 1723 1405 Magnus
1774 1349 1898 1403 cap.
1930 1333 2001 1387 29

427 1425 556 1481 libri
590 1423 665 1478 De
693 1424 899 1493 Spiritu
930 1423 987 1481 S.
1025 1439 1092 1479 ex
1135 1424 1239 1479 hoc
1283 1423 1564 1480 Clemente
1614 1427 1745 1481 citat
1789 1428 1843 1481 in
1885 1427 2001 1480 haec

426 1518 593 1571 verba
642 1517 906 1585 scriptum
934 1534 947 1571 :
978 1515 1082 1579 Sed
1115 1526 1164 1571 et
1218 1514 1457 1571 Clemens
1488 1516 1758 1574 Romanus
1790 1536 1809 1573 :
1845 1537 1862 1569 ι
1902 1519 2001 1572 Ve-

427 1606 526 1668 nit,
553 1605 739 1673 inquit,
775 1602 913 1657 Deus
940 1603 1207 1658 Dominus
1236 1604 1393 1661 Jesus
1421 1605 1664 1661 Christus
1689 1617 1737 1661 et
1766 1607 1998 1666 Spiritus

424 1705 664 1761 sanctus,
708 1715 726 1747 ι
760 1696 815 1749 in
846 1710 908 1750 ea
940 1711 1063 1766 qua:
1093 1707 1207 1750 tum
1234 1698 1486 1752 exstabat
1510 1698 1749 1753 editione
1769 1715 1877 1755 non
1902 1715 2003 1770 po-

422 1787 599 1842 tuisse
649 1787 900 1856 reperiri.
942 1787 1156 1841 Mallem
1212 1803 1341 1844 vero
1383 1790 1697 1845 ostenderet
1736 1790 1996 1861 aliquam,

2101 592 2213 661 jam
2238 601 2363 648 ante
2406 602 2540 647 satae
2576 592 2749 664 frugis
2777 604 3101 665 argumento
3132 600 3591 654 resurrectionem
3625 602 3684 653 in

2103 681 2284 751 priore
2326 696 2425 735 sua
2456 680 2524 735 ad
2564 681 2881 737 Corinthios
2909 682 3178 753 Epistola,
3218 699 3342 756 cap.
3377 702 3468 749 xv,
3498 689 3683 743 evice-

2102 780 2207 840 rat,
2240 780 2581 843 utunturque
2624 773 2813 829 eadem
2862 774 3135 844 probandi
3160 778 3375 833 ratione
3407 787 3485 832 tot
3521 779 3686 834 dein-

2102 880 2232 934 ceps
2258 864 2609 934 sequentium
2660 866 2989 921 saeculorum
3038 866 3253 923 Patres.
3299 868 3438 923 Cum
3488 872 3684 940 primis

2102 954 2196 1011 illa
2262 965 2477 1012 natura:
2530 957 2858 1014 dormientis
2927 969 2983 1015 et
3043 963 3384 1033 resurgentis
3430 964 3683 1034 exempla

2107 1047 2426 1120 Septimiani
2458 1052 2584 1122 styli
2611 1050 2895 1123 diligentia
2924 1054 3206 1125 ingeniose
3249 1056 3542 1111 admodum
3583 1074 3684 1113 au-

2103 1151 2193 1213 get
2214 1150 2268 1199 et
2302 1143 2563 1209 illustrat,
2602 1144 2763 1214 plane
2798 1160 2862 1199 ac
2895 1145 2941 1201 si
2969 1146 3115 1201 hunc
3156 1146 3335 1218 ipsum
3383 1147 3681 1207 Clementis

2104 1235 2280 1291 locum
2331 1236 2399 1291 de
2433 1237 2702 1291 industria
2753 1238 2858 1293 sibi
2902 1240 3231 1308 sumpsisset
3276 1243 3675 1300 exornandum.

2102 1331 2308 1399 Aspice,
2343 1331 2540 1401 inquit,
2569 1331 2639 1385 ad
2662 1333 2776 1399 ipsa
2806 1350 3007 1403 quoque
3059 1335 3296 1403 exempla
3321 1335 3510 1390 divina:
3536 1348 3681 1406 pote-

2102 1424 2277 1477 statis.
2312 1422 2434 1477 Dies
2468 1424 2692 1477 moritur
2720 1424 2774 1476 in
2802 1435 3026 1488 noctem,
3058 1436 3105 1479 et
3133 1426 3354 1481 tenebris
3384 1444 3681 1499 usquequa-

2100 1532 2196 1585 que
2211 1516 2476 1583 sepelitur.
2500 1514 2825 1570 Funestatur
2842 1518 3022 1571 mundi
3038 1526 3225 1582 honor,
3246 1521 3415 1573 omnis
3432 1520 3682 1576 substan-

2103 1609 2177 1661 tia
2203 1609 2531 1678 denigratur.
2562 1609 2811 1673 Sordent,
2840 1612 3020 1676 silent,
3054 1623 3262 1680 stupent
3303 1625 3494 1668 cuncta
3520 1631 3537 1669 :
3560 1617 3681 1669 ubi-

2101 1713 2198 1767 que
2217 1698 2489 1765 justitium
2521 1708 2620 1757 est.
2654 1698 2743 1753 Ita
2786 1700 2879 1753 lux
2924 1701 3126 1755 amissa
3156 1702 3383 1772 lugetur,
3414 1714 3465 1759 et
3504 1716 3680 1760 tamen

2101 1807 2287 1845 rursus
2318 1807 2438 1845 cum
2472 1808 2568 1845 suo
2593 1792 2762 1857 cultu,
2790 1810 2908 1846 cum
2941 1793 3084 1858 dote,
3110 1811 3230 1849 cum
3266 1796 3397 1861 sole,
3420 1797 3600 1851 eadem
3629 1809 3681 1852 et

425 1891 547 1945 qure
578 1885 691 1930 tum
724 1878 1018 1942 exstiterit,
1055 1878 1220 1947 hujus
1250 1880 1497 1949 epistola:
1527 1858 1847 1937 editionem:
1890 1883 1999 1952 Ipsi
2028 1858 2075 1919 Β
2102 1883 2307 1952 integra
2334 1890 2385 1937 et
2418 1891 2530 1937 tota
2560 1885 2804 1938 universo
2851 1885 2965 1938 orbi
3006 1887 3304 1951 reviviscit;
3356 1858 3678 1958 interﬁciens

424 1970 826 2025 eenturiatores
858 1971 1022 2039 paulo
1061 1980 1187 2026 ante
1217 1972 1407 2027 eodem
1443 1973 1536 2027 illo
1564 1974 1781 2043 capite:
1808 1974 2001 2029 Memi-
2040 1970 2043 1973 ’

424 2072 633 2123 nerunt,
664 2063 938 2131 inquiunt,
967 2064 1204 2130 epistola:
1226 2065 1503 2133 cujusdam
1541 2066 1655 2127 eius
1694 2069 1763 2120 ad
1813 2068 2005 2123 Corin-

426 2152 559 2205 thios
594 2150 852 2217 Irentcus,
904 2150 1164 2207 Eusebius
1196 2166 1243 2207 et
1296 2154 1674 2223 Hieronymus,
1706 2174 1822 2226 qui:
1850 2157 2003 2211 hodie

424 2258 682 2311 nusquam
714 2251 907 2297 exstat.
933 2241 1074 2297 Num
1101 2259 1229 2311 ergo
1262 2244 1522 2316 deinceps
1553 2248 1656 2302 sibi
1703 2250 1839 2319 ipsis
1876 2265 2005 2305 eon-

421 2336 738 2389 tradicunt?
765 2335 883 2389 Non
914 2351 1046 2391 sane
1072 2356 1083 2391 :
1116 2339 1212 2393 sed
1238 2339 1397 2408 longe
1419 2341 1528 2395 illis
1559 2358 1713 2396 mens
1737 2344 1843 2399 alia
1872 2360 1999 2399 ver-

422 2420 507 2477 bis
538 2436 565 2473 a
593 2422 753 2489 paulo
778 2430 904 2477 ante
930 2424 1213 2493 productis
1249 2446 1261 2481 :
1298 2425 1587 2492 Incertum,
1618 2432 1791 2497 aiunt,
1819 2443 1998 2487 utrum

419 2525 485 2563 ea:
511 2528 573 2564 ea
605 2510 867 2580 Epistola,
896 2532 964 2568 an
992 2532 1057 2570 ea:
1087 2518 1192 2572 alio
1240 2520 1417 2589 aliquo
1468 2521 1749 2578 Clementis
1779 2528 1995 2595 scripto,

421 2603 659 2659 Basilius
722 2608 777 2661 in
820 2608 953 2663 libro
982 2608 1057 2665 De
1106 2610 1312 2680 Spiritu
1349 2612 1405 2669 S.
1435 2632 1548 2683 cap.
1594 2616 1684 2682 29,
1731 2620 1839 2673 lucc
1887 2638 2000 2675 ver-

420 2695 487 2747 ba
521 2698 798 2763 protulerit
852 2701 905 2753 in
974 2706 1366 2759 enumeratione
1410 2709 1829 2765 testimoniorum
1902 2712 2000 2768 do-

418 2796 624 2841 ctorum
707 2799 932 2843 veterum
985 2793 1048 2847 de
1109 2793 1408 2862 Trinitate;
1472 2798 1563 2852 sed
1627 2810 1678 2855 et
1743 2800 1983 2858 Clemens

419 2879 718 2949 llo.n.,etc.
748 2883 826 2937 Ex
852 2885 1053 2954 quibus
1073 2888 1283 2956 paucis,
1308 2889 1482 2945 amice
1505 2890 1725 2957 Lector,
1746 2892 1999 2961 judicare

421 2989 611 3041 posses
643 2990 829 3045 quam,
862 2978 1092 3045 scilicet,
1134 2980 1190 3035 in
1214 2982 1439 3051 reliquis
1461 2985 1637 3039 oratio
1656 2986 1777 3055 ejus
1795 3003 2000 3043 merea-

418 3078 510 3122 tur
538 3068 718 3135 lidem,
749 3072 995 3142 adeoque
1030 3073 1175 3143 quod
1222 3076 1513 3145 proverbio
1561 3078 1783 3144 dicitur,
1811 3082 1874 3134 ὲκ
1901 3080 1996 3134 τοῦ

2105 1984 2326 2028 mortem
2354 1990 2529 2039 suam,
2556 1984 2783 2039 noctem,
2816 1977 3113 2033 rescindens
3144 1980 3467 2046 sepulturam
3501 1998 3677 2045 suam.

2104 2064 2381 2128 tenebras;
2407 2065 2569 2120 hazres
2597 2065 2804 2120 sibimet
2830 2068 3083 2129 existens,
3116 2067 3296 2122 'donec
3317 2080 3367 2123 et
3397 2086 3502 2124 nos:
3544 2073 3681 2125 reci-

2101 2159 2285 2219 uiscat,
2319 2174 2437 2210 cum
2468 2174 2562 2210 suo
2594 2158 2688 2213 illo
2723 2169 2988 2229 suggestu.
3028 2158 3499 2215 Redaccenduntur
3538 2163 3681 2217 enim

2101 2257 2151 2304 et
2173 2249 2449 2302 stellarum
2476 2250 2639 2314 radii,
2669 2267 2797 2320 quos
2828 2251 3092 2305 matutina
3123 2253 3393 2307 succensio
3413 2254 3683 2309 exstinxe-

2101 2348 2206 2400 rat,
2234 2338 2555 2394 reducuntur
2588 2351 2638 2395 et
2662 2342 2896 2395 siderum
2920 2340 3193 2405 absentite,
3215 2358 3348 2411 quas
3370 2344 3680 2413 temporalis

2101 2431 2371 2485 distinctio
2413 2441 2709 2495 exemerat;
2768 2430 3122 2485 redornantur
3157 2441 3209 2486 et
3256 2437 3467 2501 specula
3513 2434 3676 2499 Iunce,

2099 2540 2216 2593 qut:
2278 2533 2577 2578 menstruus
2637 2540 2886 2578 numerus
2959 2525 3274 2588 attriverat;
3346 2526 3683 2581 revolvuntur

2100 2617 2292 2671 hiemes
2309 2626 2358 2673 et
2383 2626 2617 2681 testates,
2643 2633 2801 2670 verna
2826 2626 2874 2670 et
2898 2624 3178 2681 autumna,
3205 2618 3313 2671 suis
3338 2616 3684 2681 viribus,mo-

2098 2707 2270 2773 ribus,
2303 2708 2582 2777 fructibus.
2618 2708 2682 2761 Et
2710 2709 2872 2777 paulo
2898 2715 3022 2777 post
3052 2707 3119 2762 de
3153 2708 3414 2778 phmnice
3442 2728 3454 2762 :
3491 2708 3552 2764 Si
3581 2726 3683 2778 pa-

2098 2816 2216 2853 rum
2247 2801 2561 2854 universitas
2594 2801 3030 2854 resurrectionem
3059 2801 3292 2870 ﬁgurat;
3317 2801 3363 2854 si
3394 2802 3527 2855 nihil
3573 2801 3681 2856 tale

2100 2893 2332 2946 conditio
2378 2894 2576 2963 signat,
2627 2893 2753 2962 quia
2796 2893 3011 2962 singula
3052 2893 3166 2961 ejus
3210 2910 3314 2947 non
3361 2902 3469 2945 tam
3517 2896 3681 2948 moris

2098 3002 2254 3057 quam
2282 2985 2519 3039 desinere
2553 2984 2843 3048 dicantur;
2878 3001 2969 3041 nec
3009 2984 3359 3047 redanimari,
3390 2984 3479 3040 sed
3510 2986 3683 3054 refor-

2101 3080 2239 3134 mari
2259 3080 2645 3142 existimentur,
2670 3078 2844 3146 accipe
2864 3077 3231 3146 plenissimum
3254 3086 3407 3148 atque
3429 3080 3680 3147 ﬁrmissi-

419 3159 724 3229 κρασπέδου
740 3161 799 3213 τὸ
818 3160 1045 3233 ὕφασμα
1070 3164 1378 3232 γινώσκειν,
1399 3166 1454 3219 ni
1469 3167 1625 3238 longe
1646 3170 1859 3238 turpius
1877 3186 1998 3227 sese

2101 3186 2245 3222 mum
2266 3169 2422 3237 hujus
2450 3169 2557 3237 spei
2589 3170 2869 3236 specimen.
2891 3168 3157 3237 Siquidem
3182 3170 3431 3224 animalis
3481 3180 3557 3224 est
3596 3187 3681 3223 res

419 3251 476 3307 in
506 3254 863 3322 sequentibus
911 3256 1065 3315 daret
1108 3257 1199 3312 ille
1250 3259 1319 3312 ab
1364 3258 1649 3315 allectibus
1690 3274 1995 3320 exezecatus

415 3343 603 3411 judex.
631 3344 765 3399 Cum
794 3347 1009 3416 primis,
1041 3349 1239 3421 inquit,
1262 3351 1400 3405 illud
1432 3351 1500 3405 de
1549 3353 1803 3423 phtenice
1843 3371 1996 3410 com-

420 3444 663 3489 mentum
696 3439 877 3507 prodit
909 3448 1188 3496 auctorem
1222 3443 1389 3513 hujus
1418 3443 1682 3513 epistolae,
1730 3462 1839 3502 non
1870 3462 1994 3503 esse

420 3540 543 3579 eum
590 3528 898 3598 adjutorem
934 3532 991 3586 S.
1020 3532 1294 3596 Pauli,ad
1313 3535 1693 3607 Philippenses
1736 3559 1809 3603 ιν,
1847 3540 1993 3609 quod

420 3631 548 3688 pag.
574 3618 641 3671 54
668 3626 721 3672 et
744 3620 812 3674 55
853 3633 937 3678 est
970 3623 1229 3692 reperire.
1262 3622 1367 3677 Ubi
1394 3625 1645 3682 Clemens
1687 3628 1776 3681 ille
1804 3644 1995 3698 perso-

421 3717 586 3765 natus
642 3711 683 3764 it
738 3714 1031 3781 probatum
1086 3716 1251 3785 (quod
1296 3718 1520 3775 minime
1551 3737 1740 3775 verum
1772 3725 1876 3795 est)
1906 3739 1996 3779 re-

420 3803 817 3857 surrectionem
851 3806 1034 3861 carnis
1062 3808 1313 3875 quotidie
1350 3810 1491 3874 ﬁeri,
1525 3814 1994 3881 quemadmodum

420 3908 527 3947 nox
559 3894 745 3957 cubat,
773 3898 1021 3966 exsurgit
1055 3897 1195 3963 dies,
1223 3900 1336 3953 abit
1370 3902 1512 3966 dies,
1554 3920 1663 3957 nox
1695 3906 1897 3975 ingruit
1942 3915 1996 3962 et

422 3985 752 4053 insequitur,
785 3995 891 4042 etc.
923 3987 1023 4042 llic
1047 3992 1320 4061 principio
1342 4008 1452 4047 non
1484 4003 1776 4051 contentus
1806 4014 1996 4053 vocem

421 4081 621 4140 carnis,
651 4094 771 4148 qum
806 4096 1079 4150 nusquam
1104 4083 1157 4137 in
1192 4093 1450 4141 contextu
1482 4100 1784 4159 comparet,
1816 4107 1997 4147 causae

423 4184 537 4223 sua:
564 4170 860 4239 probandae
890 4172 1086 4241 gratia,
1116 4173 1453 4242 inseruisse;
1485 4186 1745 4246 prmterea
1798 4197 1996 4253 magna

422 4260 623 4314 iterum
654 4276 778 4314 cum
816 4262 1154 4332 impudentia
1185 4266 1458 4326 hzereseos
1484 4285 1609 4324 eum
1653 4272 1818 4327 audet
1860 4274 1998 4328 insi-

421 4353 668 4416 mulare,
736 4353 895 4423 quasi
953 4354 1114 4410 alline
1181 4358 1464 4428 quippiam
1516 4362 1751 4415 senserit
1821 4365 1996 4419 errori

421 4442 700 4513 Hymenaei
755 4456 808 4499 et
857 4443 1073 4510 Phileti,
1129 4463 1364 4518 quorum
1416 4450 1612 4523 dogma
1650 4451 1755 4506 hoc
1806 4452 1991 4519 fuerit,

2099 3270 2149 3315 et
2175 3262 2297 3314 vitta
2340 3259 2569 3314 obnoxia
2596 3269 2646 3313 et
2674 3262 2873 3323 morti;
2906 3260 3059 3313 illum
3085 3260 3202 3314 dico
3235 3261 3414 3317 alitem
3448 3260 3681 3315 Orientis

2098 3353 2439 3423 peculiarem,
2475 3351 2538 3406 de
2576 3351 2950 3421 singularitate
2968 3352 3255 3421 famosum,
3282 3353 3345 3407 de
3371 3353 3684 3420 posteritate

2099 3454 2517 3511 monstruosum,
2568 3445 2657 3514 qui
2687 3445 3022 3512 semetipsum
3053 3444 3286 3498 lubenter
3310 3444 3559 3512 funerans
3590 3459 3681 3497 re-

2100 3545 2277 3601 nouat,
2307 3538 2480 3591 natali
2510 3536 2613 3605 ﬁne
2651 3535 2904 3589 decedens
2939 3544 3093 3605 atque
3124 3534 3447 3596 succedens;
3487 3534 3684 3586 iterum

2092 3629 2323 3697 phcnix,
2355 3629 2445 3683 ubi
2482 3628 2603 3696 jam
2633 3643 2818 3691 nemo;
2858 3628 3046 3680 iterum
3086 3629 3212 3697 ipse,
3256 3628 3348 3697 qui
3395 3643 3499 3680 non
3519 3626 3680 3694 jam;

2101 3721 2240 3774 alius
2272 3720 2444 3773 idem.‘
2469 3720 2612 3786 Quid
2647 3721 2949 3789 expressius
2980 3730 3135 3789 atque
3170 3719 3431 3789 signatius
3460 3718 3515 3770 in
3541 3716 3685 3771 hanc

2100 3814 2355 3866 causam?
2410 3820 2501 3864 aut
2546 3813 2630 3863 cui
2688 3811 2784 3864 alii
2827 3810 2904 3863 rei
2946 3810 3051 3863 tale
3093 3809 3507 3863 documentum?
3534 3807 3683 3862 Deus

2099 3905 2257 3957 etiam
2284 3904 2573 3972 Scripturis
2597 3904 2706 3957 suis
2732 3918 2749 3955 :
2783 3922 2800 3954 ι
2838 3901 2907 3955 Et
2930 3902 3137 3970 florebit
3168 3902 3329 3965 enim,
3369 3901 3561 3971 inquit,
3588 3917 3681 3953 oe-

2101 3998 2179 4049 lut
2219 3996 2461 4065 phoenix;
2491 4014 2508 4045 ι
2543 3994 2596 4047 id
2621 4005 2697 4048 est
2730 3996 2793 4048 de
2825 4004 3011 4061 morte,
3042 3994 3104 4046 de
3134 3993 3347 4062 funere;
3381 3993 3459 4044 uti
3489 3990 3676 4045 credas

2100 4088 2163 4142 de
2184 4088 2389 4157 ignibus
2422 4103 2621 4157 quoque
2643 4086 2996 4141 substantiam
3040 4086 3274 4154 corporis
3314 4085 3453 4154 exigi
3501 4100 3674 4152 posse.

2102 4180 2290 4234 Multis
2314 4178 2617 4249 passeribus
2643 4196 2737 4233 nos
2766 4180 3027 4235 antistare
3075 4177 3336 4231 Dominus
3361 4176 3680 4245 pronuntia-

2101 4271 2206 4331 vit;
2238 4270 2284 4322 si
2307 4285 2409 4322 non
2428 4268 2966 4337 etphtenicibusmihil
3025 4283 3293 4336 magnum.
3316 4264 3420 4319 Sed
3442 4265 3677 4317 homines

2101 4362 2259 4415 semel
2289 4358 2595 4425 interibunt,
2628 4360 2809 4413 avibus
2835 4359 3051 4414 Arabica
3074 4359 3137 4413 de
3179 4358 3557 4412 resurrectione
3592 4373 3678 4409 se.-

2103 4454 2281 4509 curis?
2308 4452 2400 4508 Sic
2440 4468 2603 4523 quam
2633 4453 3040 4523 elegantissime
3075 4446 3440 4508 Tertulliauus
3474 4450 3678 4504 saeculo

420 4535 567 4604 quod
593 4536 1053 4593 resurrectionem
1083 4540 1274 4594 eodem
1307 4541 1491 4606 modo,
1532 4543 1996 4612 quemadmodum
2029 4557 2073 4612 ι)
2099 4552 2223 4615 post
2254 4554 2443 4598 natum
2475 4543 2754 4599 Christum
2787 4543 2972 4607 tertio,
2999 4543 3127 4597 libri
3151 4542 3227 4596 De
3248 4551 3527 4597 resurrect.
3554 4558 3683 4594 car-

421 4626 511 4679 hie
546 4627 799 4682 Clemens
842 4631 1205 4698 explicarint;
1244 4648 1460 4703 nempe,
1507 4651 1675 4691 unum
1718 4638 1996 4693 hominem

420 4720 624 4789 perire,
659 4721 890 4778 alterum
942 4724 1069 4777 buie
1095 4724 1327 4778 similem
1359 4729 1609 4795 renasci;
1641 4729 1803 4800 idque
1824 4731 1891 4785 ad
1934 4731 1999 4785 li-

420 4826 547 4865 nem
579 4828 755 4882 usque
785 4815 973 4869 mundi
1002 4816 1365 4871 duraturum.
1388 4816 1564 4872 Sicuti
1608 4820 1697 4875 hic
1737 4821 1998 4877 Clemens

422 4914 657 4970 asserat,
697 4908 916 4976 quando
941 4918 1200 4977 parentes
1238 4910 1440 4965 liberos
1468 4913 1719 4981 gignunt,
1764 4914 1867 4968 hoc
1902 4931 1999 4969 vo-

421 4998 538 5050 cari
599 4999 1065 5053 resurrectionem
1117 5011 1483 5055 mortuorum.
1537 5000 1831 5056 Pervolvas
1871 5020 2000 5059 vero

419 5096 615 5148 totam.
650 5104 859 5158 quaeso,
892 5092 1205 5158 epistolam,
1228 5092 1530 5161 vidensque
1580 5109 1709 5145 num
1750 5095 1837 5148 vel
1872 5111 2000 5149 sen-

422 5195 545 5235 sum
570 5182 767 5246 solum,
800 5197 869 5236 ne
913 5182 1090 5235 dicam
1130 5183 1295 5237 verba
1325 5191 1624 5252 postrema,
1654 5186 1851 5241 exinde
1880 5204 2002 5256 pos-

422 5270 502 5325 sis
527 5273 870 5341 exsculpere.
903 5273 1331 5343 Argumenlatur
1359 5274 1614 5329 Clemens
1644 5276 1750 5329 hoc
1782 5278 1945 5332 modo
1981 5298 1995 5335 :

425 5361 482 5416 Si
508 5365 652 5418 diem
686 5375 1017 5435 noctemque
1050 5366 1272 5419 videant
1312 5367 1463 5421 abire
1485 5377 1539 5421 et
1575 5368 1788 5435 redire;
1816 5370 1863 5423 si
1914 5387 2001 5425 se-

322 5456 333 5465 ’
420 5456 571 5508 mina
603 5458 657 5510 in
689 5464 892 5512 terram
936 5459 1086 5528 jacta
1132 5469 1599 5527 computrescere,
1634 5469 1687 5517 et
1724 5462 2001 5517 nihilomi-

422 5563 528 5601 nus
552 5550 745 5606 deinde
771 5551 987 5606 fructus
1015 5552 1159 5607 ferre
1188 5572 1198 5606 :
1228 5554 1274 5607 si
1308 5555 1615 5623 phmnicem
1660 5555 1888 5610 credant
1923 5573 2004 5611 se-

422 5643 615 5711 pulcro
648 5644 749 5697 sibi
774 5652 1060 5698 exstructo
1092 5644 1227 5697 mori
1253 5655 1306 5699 et
1339 5662 1406 5698 ex
1438 5646 1621 5715 seipse
1644 5648 1855 5701 renasci
1883 5665 1896 5712 ;
1932 5665 2000 5700 an

422 5751 670 5802 magnum
697 5745 747 5788 et
777 5737 1018 5789 mirabile
1034 5738 1103 5789 sit
1133 5738 1467 5803 censendum,
1495 5740 1540 5792 si
1567 5755 1741 5793 rerum
1769 5740 2002 5791 onmium

426 5826 619 5895 opifex,
658 5835 716 5881 ut
751 5828 865 5898 ipse
891 5830 1154 5900 loquitur,
1185 5847 1453 5902 resurgere
1493 5848 1577 5884 eos
1605 5830 1793 5899 faciat,
1826 5834 1912 5901 qui
1943 5832 1996 5884 in

2101 4638 2182 4689 nis
2208 4651 2331 4705 cap.
2358 4634 2426 4688 12
2447 4642 2503 4689 et
2523 4635 2612 4700 15,
2638 4650 2706 4689 ne
2738 4636 2915 4689 solum
2936 4635 3274 4690 Clementem
3297 4634 3565 4704 ejusmodi
3591 4648 3680 4687 ar-

2102 4726 2381 4797 gumentis
2441 4742 2604 4781 usum
2649 4726 2952 4781 existimes.
3006 4726 3145 4781 Nam
3195 4733 3249 4782 et
3306 4725 3676 4796 Epiphanius,

2100 4818 2440 4874 Constantim
2465 4816 2629 4888 Cypri
2658 4817 2971 4887 episcopus,
3001 4822 3057 4872 in
3085 4819 3356 4872 Ancorato
3409 4833 3509 4871 suo
3560 4818 3680 4872 sive

2102 4910 2225 4965 ﬁdei
2271 4910 2598 4965 Christiana:
2633 4910 2997 4978 expositione,
3049 4918 3104 4965 et
3145 4910 3383 4981 Cyrillus
3420 4909 3680 4963 Hieroso-

2102 5002 2421 5072 lymitanus,
2442 5000 2711 5055 Catechesi
2730 5016 2889 5065 xvm,
2904 5008 3017 5054 tum
3035 4998 3361 5057 Dracontius
3382 5002 3438 5054 in
3461 5000 3677 5054 Hexae-

2101 5110 2243 5163 merq
2298 5094 2353 5147 in
2390 5092 2636 5147 eamdem
2686 5094 2939 5147 scribunt
3000 5093 3353 5157 sententiam,
3408 5102 3469 5147 ut
3535 5092 3677 5148 alios

2102 5189 2350 5241 omittam
2378 5187 2472 5255 qui
2496 5186 2562 5240 de
2586 5187 2837 5254 phmnice
2861 5193 3121 5256 tanquam
3149 5186 3568 5241 resurrectionis
3598 5186 3679 5239 si-

2103 5291 2210 5345 gno
2251 5276 2606 5345 singulariter
2657 5276 2980 5346 loquuntur.
3022 5274 3099 5331 De
3134 5292 3199 5330 ea
3239 5291 3475 5346 namque
3496 5276 3551 5329 in
3578 5290 3681 5329 ore

2102 5370 2231 5424 olim
2260 5378 2425 5439 atque
2461 5370 2517 5423 in
2545 5385 2803 5424 sermone
2847 5369 3094 5424 omnium
3130 5377 3250 5423 erat
3283 5367 3467 5423 fabula
3506 5388 3518 5422 :
3546 5367 3678 5421 lam

2104 5465 2172 5518 ad
2204 5482 2359 5519 aures
2391 5466 2679 5519 multorum
2712 5467 2943 5535 pervenit
2993 5464 3313 5519 credentium
3342 5474 3390 5518 et
3420 5481 3522 5517 non
3560 5479 3679 5516 cre-

2103 5558 2358 5623 dentium,
2388 5557 2565 5627 inquit
2594 5555 2932 5626 Epiphanius
2962 5556 3110 5611 dicto
3138 5556 3257 5610 loco
3282 5574 3295 5623 ;
3326 5555 3470 5610 unde
3493 5563 3544 5609 et
3561 5562 3678 5609 tam

2106 5647 2364 5716 frequens
2405 5649 2526 5716 ejus
2554 5662 2679 5701 cum
2708 5646 2854 5716 apud
2900 5648 3152 5714 gentiles,
3179 5655 3296 5701 tum
3323 5646 3671 5700 Christianos

2106 5741 2331 5803 mentio,
2382 5740 2509 5794 licet
2547 5740 2601 5793 in
2652 5740 2871 5794 illorum
2911 5739 3323 5793 narrationibus
3364 5753 3474 5791 non
3508 5752 3676 5807 parva

2106 5832 2417 5902 reperiatur
2440 5833 2691 5890 varietas.
2722 5832 2980 5888 Videntur
3011 5832 3209 5903 clelis
3240 5830 3549 5888 Herodotus
3574 5829 3669 5883 lib.
