3936 6172
229 365 297 422 57
1114 333 1119 336 ’
1473 369 1815 427 PROOEMIA
1855 366 2242 425 VARIORUM.
3429 376 3498 433 53

232 506 293 552 ll,
326 503 446 559 cap.
480 485 793 555 73;Ovid.,
846 503 919 543 xv
962 485 1316 552 Metamorph.
1345 500 1486 541 ver-s.
1527 487 1664 551 592;
1709 485 1817 540 Pli-
1849 487 1896 544 A
1924 498 2115 538 ansam
2155 499 2185 536 a
2226 482 2464 537 Patricio
2494 482 2878 550 dissentiendi,
2906 491 3187 557 totamque
3210 485 3500 556 epistolam

228 582 382 647 nius,
414 580 510 635 lib.
537 596 572 633 ι
607 578 816 635 Hister.
842 579 1110 635 naturalis
1136 595 1258 649 cap.
1304 578 1371 645 2;
1406 577 1561 647 Mela,
1588 579 1683 635 lib.
1714 593 1774 630 ιιι
1800 595 1814 643 ;

231 672 454 727 Solinus
479 670 770 742 Polyhist.,
802 687 926 743 cap.
948 688 1097 739 XLVI;
1135 671 1406 726 Aristides
1437 672 1492 725 in
1530 670 1818 724 Palinodia

226 766 290 819 de
310 764 544 834 Smyrna
576 773 903 831 restaurata,
925 772 1062 820 tom.
1082 765 1124 828 Ι,
1143 765 1337 834 ι).470;
1356 762 1623 829 .tElianus
1653 762 1747 817 lib.
1765 778 1816 815 γι

233 858 441 911 Hister.
458 855 707 920 animal.,
731 871 854 926 cap.
877 856 967 923 58;
989 856 1289 921 Lucianus,
1314 855 1538 926 Dialogo
1568 855 1696 926 περὶ
1722 853 1817 906 τοῦ

226 948 559 1019 Περεγρίνου
576 946 829 1018 τελευτῆς
843 966 858 1013 ;
872 946 1230 1013 Claudianus,
1247 947 1514 1018 Eidyltion
1527 948 1722 1019 primo.
1738 943 1820 1001 Ex

226 1040 564 1096 Christianis
593 1055 747 1106 vero,
786 1055 895 1095 una
927 1056 1052 1096 cum
1092 1041 1353 1112 superius
1396 1041 1732 1103 memoratis,
1764 1047 1819 1093 et

226 1149 368 1204 quos
419 1133 780 1187 doctissimus
837 1132 1105 1188 Weitzius
1162 1134 1231 1188 ad
1283 1132 1661 1195 Dracontium,
1721 1130 1819 1185 Ju-

228 1226 468 1295 niusque
494 1225 548 1279 in
576 1226 720 1280 notis
750 1226 881 1280 huic
916 1226 1167 1295 epistolae
1197 1226 1464 1295 subjectis
1513 1226 1669 1287 citat,
1708 1223 1820 1277 Eu-

227 1317 438 1381 sebius,
490 1334 542 1371 iv
574 1317 649 1372 De
672 1319 781 1371 vita
822 1316 1186 1383 Constantini,
1227 1332 1351 1387 cap.
1388 1316 1475 1381 72,
1527 1315 1727 1371 Suidas
1760 1315 1815 1369 in

224 1409 425 1472 Φοῖνιξ.
462 1408 584 1463 Νοη
634 1424 766 1480 ergo
793 1410 996 1463 mirum
1027 1417 1167 1474 erat,
1205 1409 1250 1465 si
1282 1409 1691 1465 Christianismi
1718 1410 1818 1465 do-

225 1509 414 1555 ctorcs
453 1500 523 1555 ad
570 1516 685 1555 rem
718 1502 880 1571 vulgo
911 1501 1176 1556 creditam
1213 1509 1614 1571 provocarent;
1641 1517 1806 1572 quan-

225 1592 526 1662 doquidem
543 1599 597 1647 et
620 1592 719 1647 Dio
740 1608 992 1649 asserere
1027 1593 1190 1648 audet
1220 1594 1313 1649 lib.
1335 1610 1493 1659 Lvm,
1521 1593 1687 1649 Sexto
1712 1594 1817 1649 Pa—

224 1684 379 1754 pinio
407 1693 462 1739 et
490 1683 556 1750 ρ.
583 1684 800 1740 Plautio
834 1700 982 1741 coss.
1017 1687 1182 1756 paulo
1203 1695 1331 1742 ante
1352 1687 1556 1743 Tiberii
1601 1689 1814 1743 obitum

1925 575 2242 645 rejiciendi;
2288 590 2415 629 cum
2438 590 2538 631 nec
2568 572 2870 641 Scultetus,
2891 590 2991 630 nec
3013 575 3216 639 Cocus,
3247 591 3493 646 unquam

1922 670 2191 734 eamdem,
2224 679 2285 723 ut
2308 668 2553 723 nondum
2593 683 2624 722 a
2643 668 2882 724 Patricio
2910 668 3047 724 forte
3066 670 3263 733 visam,
3293 670 3499 723 nedum

1918 762 2249 830 evulgatam,
2275 761 2533 827 viderint,
2556 761 2804 831 adeoque
2834 760 2902 816 de
2931 776 2990 816 re
3014 760 3195 831 ignota
3223 759 3497 830 judicium

1921 868 2080 908 suum
2105 868 2214 906 non
2239 854 2519 922 potuerint
2546 854 2917 926 interponere.
2948 852 3180 923 lpsemet
3200 855 3306 907 hoc
3329 859 3499 907 testa-

1920 952 2012 999 tur
2030 944 2375 1000 Abrahamus
2403 944 2702 1005 Scultetus.
2734 945 3012 1015 quondam
3058 944 3341 1015 professor
3369 943 3499 999 Hei-

1920 1038 2297 1109 delbergensis
2348 1039 2602 1096 Medulla:
2655 1051 2769 1094 sua:
2796 1042 2842 1073 ’³
2879 1056 3001 1112 pag.
3032 1042 3129 1097 571
3167 1048 3222 1096 et
3252 1041 3378 1105 572,
3427 1040 3499 1097 de

1922 1132 2086 1201 hujus
2115 1133 2408 1189 Clementis
2444 1134 2663 1203 scriptis
2694 1142 2838 1189 inter
2887 1136 2993 1189 alia
3041 1135 3295 1206 inquiens
3322 1155 3334 1190 :
3363 1133 3495 1205 Epi-

1920 1225 2113 1279 stolam
2160 1224 2242 1278 hic
2280 1226 2545 1295 quondam
2582 1223 2650 1279 ad
2707 1225 3011 1281 Corinthios
3062 1228 3296 1296 scripsit,
3343 1227 3493 1296 cujus

1920 1320 2156 1371 meminit
2192 1318 2475 1389 Dionysius
2508 1318 2821 1374 Corinthius
2860 1319 3001 1388 apud
3047 1320 3237 1376 Euseb.
3269 1316 3384 1385 (lib.
3416 1336 3490 1385 tv,

1918 1424 2039 1479 cap.
2063 1410 2134 1464 25
2154 1428 2168 1477 ;
2203 1411 2401 1477 libuit,
2424 1426 2547 1481 cap.
2567 1412 2678 1481 58.)
2704 1413 2871 1467 Periit
2888 1412 3099 1468 celebris
3116 1413 3219 1465 ista
3233 1411 3455 1481 epistola
3475 1449 3491 1472 ,

1919 1504 2009 1557 sed
2039 1504 2095 1556 in
2117 1503 2290 1556 locum
2321 1503 2435 1572 ejus
2480 1503 2783 1557 substitutce
2804 1512 2928 1558 sunt
2960 1502 3186 1572 quinque
3241 1501 3385 1565 alite,
3442 1510 3493 1555 et

1916 1594 2337 1663 Recognitionum
2363 1597 2487 1653 libri
2506 1596 2703 1659 decem,
2730 1598 2823 1666 qui
2861 1594 3016 1648 hodie
3063 1592 3347 1650 Clementis
3393 1611 3491 1648 no-

1918 1691 2057 1743 mine
2093 1687 2561 1757 circumferuntur.
2620 1687 2875 1755 Epistolte
2919 1696 3127 1741 exstant
3153 1696 3292 1741 tomo
3322 1687 3493 1755 primo

222 1776 278 1829 in
331 1775 575 1848 Egypto
612 1777 926 1846 phcenicem
972 1779 1319 1848 apparuisse,
1376 1779 1431 1833 id
1467 1780 1613 1849 quod
1644 1781 1809 1834 etiam
1847 1834 1887 1849 η
1913 1776 2427 1848 Conciliorum,qutr
2451 1780 2673 1849 singulis
2698 1780 2805 1848 fere
2831 1779 2982 1833 lineis
3008 1778 3324 1832 Clementem
3346 1778 3497 1831 adul-

222 1869 440 1924 Plinius
472 1879 776 1925 memorato
801 1870 924 1924 loco
942 1885 1008 1926 ex
1031 1870 1287 1926 Cornelio
1309 1870 1601 1926 Valeriano
1622 1872 1811 1928 refert.

221 1956 452 2013 Tacitus
477 1975 631 2024 vero,
660 1977 715 2015 vr
734 1958 951 2026 Annal.,
971 1960 1063 2026 28,
1102 1963 1247 2017 idem
1282 1963 1350 2017 ad
1371 1961 1529 2016 Pauli
1555 1962 1732 2027 Fabii,
1762 1970 1817 2018 et

220 2049 283 2108 L.
340 2049 551 2106 Vitellii
605 2060 858 2123 tempora
916 2053 1152 2119 reducit,
1207 2069 1442 2124 quorum
1491 2057 1815 2112 consulatus

216 2144 375 2213 juxta
403 2141 677 2214 Onuphrii
722 2143 918 2199 Fastos
944 2147 1001 2199 in
1030 2161 1236 2199 annum
1273 2145 1340 2201 U.
1372 2146 1434 2202 C.
1467 2162 1813 2215 nccaxxxvu,

220 2237 438 2292 Christi
489 2238 561 2292 55
617 2237 810 2293 incidit
850 2258 863 2293 :
913 2255 1035 2310 quae
1090 2239 1235 2294 fama
1290 2241 1465 2295 nostri
1515 2242 1813 2297 Clementis

219 2337 479 2399 tempore
512 2328 692 2383 adhuc
742 2338 864 2383 erat
897 2345 1113 2395 recens,
1139 2338 1330 2400 utpote
1357 2331 1450 2400 qui
1477 2331 1633 2399 juxta
1664 2333 1814 2386 Ana-

212 2423 456 2487 stasium
489 2420 975 2477 Bibliothecarium
1012 2438 1158 2478 anno
1211 2425 1333 2493 ejus
1366 2426 1553 2479 saeculi
1593 2425 1683 2490 95,
1720 2442 1813 2480 se—

215 2511 467 2566 cundum
528 2512 667 2567 alios
726 2528 858 2567 vero
907 2514 1095 2581 citius,
1153 2516 1499 2585 episcopatui
1566 2515 1815 2573 Romano

215 2620 462 2676 praeesse
510 2606 700 2676 erepit.
739 2605 882 2672 Quid
923 2607 1071 2677 quod
1120 2606 1470 2666 Christianos
1521 2610 1632 2665 illis
1679 2619 1817 2666 tem-

213 2699 449 2768 poribus
481 2698 793 2767 plimnicem
821 2701 1252 2757 resurrectionis
1287 2704 1597 2774 symbolum
1619 2721 1815 2760 coeme-

212 2792 510 2846 tcrialibus
536 2791 759 2847 tumulis
790 2792 933 2847 inter
962 2792 1066 2846 alia
1090 2793 1469 2865 insculpsisse,
1496 2812 1563 2851 ex
1593 2797 1659 2853 B.
1691 2798 1811 2852 Ca:-

214 2883 357 2935 cilia:
395 2882 550 2935 Actis
588 2881 772 2938 discas
807 2901 822 2937 :
852 2899 975 2953 quas
1023 2885 1260 2955 idipsum
1306 2885 1370 2943 B.
1412 2887 1633 2942 Maximi
1669 2905 1815 2943 mar-

216 2976 353 3046 tyris
378 2975 734 3047 sarc0phago
766 2978 985 3033 curavit
1016 2978 1464 3050 insculpendum.
1497 2981 1677 3038 Verba
1708 2982 1814 3037 Ac-

214 3080 417 3134 torum,
449 3078 513 3123 ut
537 3085 601 3124 ex
628 3068 752 3125 eod.
784 3085 892 3126 ms.
938 3069 1115 3127 Vatic.
1148 3071 1345 3128 Vallic.
1393 3075 1449 3129 in
1496 3076 1670 3131 Roma
1692 3079 1815 3131 sub-

1921 1873 2145 1927 terinum
2175 1871 2478 1939 loquuntur.
2544 1869 2873 1924 Earumdem
2926 1871 3171 1940 quinque
3202 1867 3489 1924 Clementi-

1920 1982 2131 2031 narum,
2167 1980 2289 2035 quae
2334 1964 2633 2018 Decrelales
2689 1964 2873 2034 vulgo,
2906 1978 3021 2017 non
3054 1978 3181 2017 vero
3209 1963 3375 2032 hujus
3426 1964 3495 2017 ad

1918 2059 2489 2121 Corinthios,examen
2513 2056 2750 2111 instituit
2771 2054 3048 2110 Robertus
3077 2054 3258 2109 Cocus
3288 2054 3498 2125 Anglus

1920 2150 1975 2203 in
2022 2164 2123 2203 sua
2147 2147 2383 2202 Censura
2403 2147 2448 2178 “
2485 2162 2606 2217 pag.
2640 2146 2704 2200 41
2742 2157 2795 2200 et
2830 2160 2982 2215 seqq.
3016 2143 3337 2199 Blondellus
3365 2145 3495 2198 item

1919 2260 2183 2332 singulari
2213 2259 2356 2314 libro
2392 2258 2658 2313 adversus
2688 2256 2888 2313 lsidori
2927 2255 3250 2311 Mercatoris
3279 2256 3500 2327 figmen-

1919 2363 1994 2418 ta,
2030 2351 2261 2407 Gcnevse
2313 2366 2403 2406 an.
2455 2350 2662 2406 Christi
2726 2348 2865 2404 1628
2914 2365 3153 2415 excuso,
3202 2348 3296 2403 ubi
3334 2347 3501 2404 simul

1918 2443 2161 2499 ostendit
2199 2460 2265 2498 ex
2295 2443 2497 2514 quibus
2553 2442 2881 2497 centonibus
2903 2457 2980 2496 cae
3018 2448 3263 2496 consuta:
3293 2440 3501 2496 fuerint

1917 2549 1971 2595 et
1996 2538 2279 2595 confectae.
2325 2538 2543 2603 Quanto
2573 2552 2700 2592 vero
2730 2536 2785 2589 in
2815 2536 2990 2606 pretio
3018 2535 3161 2589 hanc
3188 2534 3363 2603 ipsam
3394 2535 3499 2589 ha~

1919 2632 2099 2686 buerit
2146 2629 2466 2698 Epistolam,
2522 2628 2784 2698 Apologia
2839 2626 2959 2695 ejus
3015 2625 3330 2697 pererudita
3389 2642 3486 2695 pro

1921 2722 2231 2792 Hieronymi
2248 2721 2503 2775 sententia
2520 2719 2582 2772 de
2610 2719 2861 2787 episcopis
2875 2717 3251 2788 etpresbyteris
3278 2717 3496 2787 probat,

1922 2818 1979 2871 in
2000 2831 2108 2887 qua
2140 2830 2249 2869 non
2275 2822 2500 2868 veretur
2522 2811 2580 2865 B.
2601 2810 2782 2866 Patris
2807 2811 3136 2866 sententiam
3164 2808 3497 2864 testimoniis

1917 2925 1982 2963 ex
2011 2922 2075 2962 ea
2112 2905 2415 2974 desumptis
2459 2900 2787 2956 conﬁrmare
2831 2909 2885 2955 et
2917 2914 3184 2955 asserere.
3225 2896 3493 2963 Quemad-

1918 2998 2139 3054 modum
2173 2996 2336 3050 etiam
2386 3011 2452 3050 ex
2483 2993 2677 3048 Voetio
2724 3001 2778 3045 ct
2808 2991 3025 3055 Riveto,
3051 2991 3146 3061 qui
3182 3004 3307 3044 cum
3334 2988 3494 3041 Blon-

1918 3088 2060 3143 dello
2089 3102 2206 3141 eam
2238 3096 2290 3141 et
2317 3086 2569 3140 viderunt
2590 3092 2644 3139 et
2678 3083 2954 3153 legerunt,
2976 3080 3119 3133 haud
3149 3078 3307 3133 facile
3328 3094 3500 3149 queas

214 3165 495 3251 terraneai
538 3162 824 3216 novissima
872 3162 1176 3235 Aringliius
1225 3166 1360 3220 citat
1385 3207 1425 3232 ,.
1450 3167 1566 3222 haec
1622 3177 1751 3223 sunt
1797 3190 1809 3225 :
1843 3174 1883 3231 C
1919 3181 2233 3251 perspicere
2262 3188 2315 3233 et
2358 3177 2687 3245 dijudicare,
2722 3190 2852 3228 num
2875 3174 2959 3227 vel
2978 3172 3385 3241 recipientium,
3413 3171 3499 3225 vel

213 3253 413 3319 Quem,
447 3250 745 3306 Maximum
784 3255 1018 3319 scilicet,
1054 3255 1112 3311 S.
1149 3256 1372 3312 chilia
1402 3260 1547 3330 virgo
1579 3262 1815 3329 sepelivit

212 3345 268 3397 in
300 3361 439 3398 novo
472 3344 823 3415 sarcophago,
858 3358 904 3399 et
925 3348 1095 3416 jussit
1149 3360 1208 3404 ut
1245 3352 1300 3404 in
1342 3352 1670 3424 sarcophago
1700 3356 1813 3424 ejus

212 3435 555 3503 scalperetur
595 3436 830 3517 phoenix,
866 3438 934 3490 ad
972 3441 1232 3495 indicium
1263 3444 1389 3512 ﬁdei
1418 3445 1553 3509 eius,
1604 3447 1694 3516 qui
1734 3464 1817 3501 re-

128 3528 135 3533 ’
215 3527 605 3580 surrectionem
626 3544 682 3581 se
700 3529 1032 3584 inventurum
1072 3535 1310 3602 exemplo
1336 3536 1589 3603 phasnicis
1619 3553 1683 3591 ea:
1706 3548 1814 3592 toto

216 3618 377 3673 corde
414 3620 673 3688 suscepit.
698 3618 867 3676 Vides
897 3638 1051 3693 ergo,
1086 3641 1249 3695 quam
1286 3627 1437 3695 juste
1467 3629 1523 3682 in
1552 3629 1668 3687 haec
1694 3639 1815 3684 tau-

216 3712 342 3765 dem
371 3711 546 3765 verba
573 3722 827 3783 erumpat
854 3716 1045 3791 κριτὴς
1073 3719 1164 3772 ille
1192 3721 1444 3791 egregius
1483 3741 1494 3776 :
1530 3721 1699 3777 Estne
1726 3725 1815 3779 hic

220 3804 528 3874 (Clemens,
555 3806 791 3877 scilicet)
819 3808 1020 3875 bonus,
1056 3810 1270 3880 fideque
1303 3813 1504 3882 dignus
1533 3816 1814 3883 apostolus

218 3904 273 3948 et
296 3895 526 3964 adjutor
553 3894 610 3951 S.
634 3896 813 3961 Pauli,
831 3899 928 3968 qui
957 3904 1419 3959 resurrectionem
1446 3908 1629 3961 carnis
1655 3906 1813 3961 fabu-

217 3986 287 4040 lis
318 3994 439 4039 tam
487 3986 650 4042 bellis
679 3996 858 4058 potest
888 3994 1174 4048 astruere?
1220 4002 1274 4049 et
1298 4010 1481 4050 annon
1510 3998 1683 4051 multo
1732 4014 1816 4053 re-

216 4080 366 4135 etius
389 4079 663 4147 judicarit
710 4081 847 4135 illud
893 4083 1063 4155 Belgii
1123 4086 1301 4151 sidus,
1359 4086 1515 4159 Hugo
1566 4088 1811 4156 Grotius,

220 4170 363 4226 [also
396 4172 592 4228 itidem
631 4175 724 4229 illo
754 4175 875 4244 ipso
928 4178 1136 4247 scripto
1194 4181 1378 4236 verbis
1436 4198 1563 4237 mox
1619 4184 1816 4239 subse-

218 4267 548 4336 quentibus,
579 4274 637 4321 ut
668 4268 746 4322 rei
778 4270 1031 4326 absurdae
1077 4282 1294 4338 auctor,
1341 4276 1655 4345 sugillatus,
1696 4279 1814 4349 epi-

222 4361 365 4414 stola
394 4359 639 4428 quadam
679 4361 745 4415 ad
777 4361 1108 4433 Bignonium
1137 4366 1406 4422 hactenus
1450 4369 1653 4424 inedita
1692 4391 1703 4424 :
1740 4370 1817 4424 De

220 4454 459 4520 pltirnice
487 4469 599 4505 rem
635 4452 882 4522 fuisse'eo
911 4465 1139 4526 tempore
1168 4462 1392 4515 eruditis
1418 4464 1696 4527 creditam,
1723 4480 1815 4516 nec

1920 3273 2297 3342 rcspuentimn
2350 3278 2657 3338 sequantur
2692 3274 2878 3337 partes
2908 3266 3111 3333 :hujus
3142 3278 3379 3332 namque
3430 3278 3499 3317 ex

1923 3368 2165 3423 editione
2190 3365 2378 3418 ultima
2410 3361 2717 3415 Cenevensi
2740 3358 2870 3412 anni
2896 3357 3053 3419 1652,
3080 3356 3196 3409 haec
3227 3361 3355 3409 sunt
3376 3371 3498 3409 νει·-

1925 3462 1993 3515 ba
2022 3479 2034 3513 :
2064 3456 2289 3524 Scripsit
2314 3453 2573 3512 Clemens.
2610 3459 2736 3505 teste
2763 3449 3089 3519 Hieronymo
3132 3448 3185 3500 in
3210 3446 3490 3516 Catalogo,

1918 3566 1982 3605 ea:
2020 3565 2242 3619 persona
2268 3547 2520 3601 Ecclesiae
2545 3544 2799 3598 Romana:
2825 3542 2893 3597 ad
2931 3540 3224 3595 Ecclesium
3253 3537 3498 3594 Corinthi

1918 3641 2067 3695 valde
2101 3640 2282 3692 utilem
2328 3636 2648 3706 Epistolain,
2683 3651 2799 3705 quae
2821 3632 3090 3687 nonnullis
3142 3631 3197 3685 in
3241 3630 3369 3682 locis
3391 3644 3493 3697 pu-

1918 3734 2048 3787 blice
2099 3742 2209 3785 tum
2278 3731 2565 3803 legebatur.
2615 3726 2867 3780 -——Ilanc
2904 3734 3080 3778 autem
3132 3721 3494 3776 desideratam

1920 3826 2188 3880 Patricius
2230 3824 2425 3878 Iunius
2458 3824 2535 3877 vir
2577 3820 2932 3883 clarissimus,
2970 3817 3106 3887 regis
3142 3830 3345 3885 magna:
3372 3812 3501 3867 Bri-

1919 3919 2115 3974 tannia:
2148 3916 2593 3977 bibliothecarius,
2628 3928 2692 3967 ex
2723 3911 2914 3965 laceris
2943 3909 3185 3978 reliquiis
3210 3903 3501 3960 vetustissi‘

1920 4029 1993 4068 mi
2022 4010 2337 4080 exemplaris
2384 4008 2515 4078 regii
2541 4008 2700 4071 eruit,
2761 4005 2984 4059 lacunas
3032 4001 3281 4070 explevit,
3311 3995 3501 4051 Latine

1919 4103 2091 4166 vertit,
2122 4110 2172 4156 et
2224 4098 2462 4153 brevibus
2497 4098 2635 4150 notis
2692 4094 3005 4158 illustravit,
3061 4105 3277 4161 eamque
3304 4088 3493 4150 edidit,

1919 4212 2037 4249 cum
2062 4195 2356 4263 fragmento
2389 4188 2630 4244 secundis
2653 4186 2891 4256 epistola:
2921 4183 2989 4238 ad
3009 4183 3238 4246 eosdem,
3268 4178 3495 4235 Oxonite

1919 4303 2058 4339 anno
2099 4284 2257 4339 1655.
2301 4280 2367 4335 In
2397 4298 2460 4335 ea
2490 4280 2821 4349 reperiuntur
2843 4293 2959 4347 quoe
2984 4294 3016 4329 a
3069 4273 3337 4328 nonnullis
3362 4281 3498 4325 vete-

1929 4376 2075 4429 ribus
2111 4375 2367 4435 citantur,
2400 4379 2457 4423 ιιι
2483 4372 2538 4423 in
2564 4370 2699 4423 notis
2746 4368 2878 4432 suis,
2909 4381 2974 4420 ex
2996 4365 3295 4426 collatione,
3323 4372 3499 4415 ostenu

1933 4468 2011 4520 dit
2042 4466 2435 4525 eruditissimus
2476 4462 2667 4525 editor,
2694 4461 2783 4531 qui
2813 4474 2987 4513 veram
3009 4467 3057 4512 et
3085 4456 3365 4527 genuinam
3385 4472 3497 4509 esse

220 4565 282 4600 eo
313 4557 628 4618 argumento
658 4549 737 4601 uti
767 4547 1083 4604 Clementem
1115 4561 1174 4605 ut
1227 4552 1406 4621 probet
1434 4553 1541 4608 τῶν
1596 4556 1806 4626 νεκρῶν
1848 4542 1891 4597 D
1923 4557 2201 4613 Clementis
2235 4553 2530 4622 Epistolam
2570 4552 2863 4613 existimat,
2893 4565 2997 4603 non
3050 4546 3289 4602 obstante
3310 4544 3498 4615 fabula

220 4638 653 4703 ἁνάστασιν,εεά
684 4649 740 4693 ut
768 4641 1009 4695 ostendat
1036 4657 1100 4696 ea:
1128 4660 1183 4697 re
1207 4643 1407 4699 credita
1437 4663 1540 4700 non
1563 4663 1674 4701 esse
1701 4664 1817 4701 eam

220 4732 331 4785 τῶν
353 4731 654 4786 ἀδυνάτων.
687 4730 907 4789 Iuscitia
930 4734 1177 4803 profecto
1199 4752 1411 4792 summa
1452 4748 1556 4803 est,
1584 4741 1660 4794 illi
1692 4758 1819 4811 pro-

224 4835 421 4896 pterea
501 4824 650 4880 hanc
720 4827 1014 4895 epistolam
1083 4828 1411 4898 abjudicare
1444 4871 1458 4897 ,
1540 4835 1817 4905 praecipue

222 4932 352 4972 cum
422 4916 544 4985 jam
601 4917 717 4972 suis
774 4920 1113 4988 temporibus
1191 4921 1430 4992 Cyrillus
1493 4923 1812 4998 Hierosoly-

222 5010 521 5074 mitanus,
594 5006 937 5079 Photiusque
1001 5010 1674 5084 Constantinopolitanus,
1725 5018 1815 5074 hic

224 5101 436 5157 mulo
505 5113 695 5167 nono,
766 5100 857 5154 ille
939 5109 1170 5171 quarto,
1247 5114 1613 5162 commentum
1680 5110 1813 5165 illud

222 5199 281 5252 in
304 5195 502 5251 eadem
540 5193 793 5264 legerint,
831 5201 887 5248 et
924 5194 1121 5249 exinde
1148 5194 1204 5248 in
1268 5199 1487 5266 scriptis
1519 5199 1636 5253 suis
1661 5201 1800 5255 cita-

221 5288 363 5355 rint,
397 5293 463 5339 ut
488 5300 557 5340 ex
576 5286 794 5340 illorum
818 5286 1149 5342 testimoniis
1178 5289 1432 5358 superius
1460 5292 1812 5347 manilestum

224 5376 354 5431 fuit.
411 5373 528 5430 Nec
595 5376 829 5432 minoris
854 5385 941 5431 est
970 5376 1235 5441 audaciae,
1294 5381 1627 5447 persuadere
1676 5384 1815 5439 velle

220 5469 488 5534 eruditis,
519 5464 853 5533 Scultetum,
884 5468 1113 5534 Cocum,
1132 5469 1498 5537 Blondellum,
1534 5472 1813 5541 Rivetum,

223 5558 489 5617 Voctiuns
528 5562 777 5635 partibus
799 5561 1245 5627 reformatorum,
1266 5569 1326 5617 ut
1378 5563 1490 5633 jam
1515 5566 1678 5636 vulgo
1707 5568 1817 5623 dici

1925 4649 1988 4702 de
2023 4647 2273 4715 phwnice,
2314 4660 2469 4715 quant
2502 4643 2569 4696 ad
2602 4641 3016 4696 illustrationem
3040 4639 3298 4693 doctrina:
3315 4637 3378 4691 de
3414 4654 3498 4691 re-

1923 4738 2241 4791 surrectione
2269 4736 2503 4789 adducit.
2562 4734 2717 4801 Quod
2738 4742 2919 4803 postea
2951 4732 3181 4801 fecerunt
3204 4731 3301 4784 alii
3320 4729 3495 4799 plures

1920 4847 1983 4887 ex
2004 4810 2627 4899 veteribus.Argumenta
2646 4827 2744 4881 viri
2773 4825 3069 4879 doctissimi
3095 4822 3379 4893 expendere
3400 4837 3495 4891 po-

1926 4922 2045 4977 terit
2074 4920 2233 4973 lector
2261 4918 2519 4973 eruditus.
2543 4915 2789 4984 Epistola
2814 4924 2924 4969 tota
2951 4914 3151 4984 alioqui
3176 4914 3308 4966 satis
3336 4910 3494 4979 refert

1921 5014 2311 5083 simplicitatem
2351 5012 2677 5081 primwvam,
2716 5018 2765 5062 et
2791 5024 2907 5078 qua:
2951 5008 3006 5060 in
3044 5024 3107 5062 ea
3135 5006 3381 5076 leguntur
3423 5003 3495 5057 ad

1922 5115 2289 5177 argumentum
2322 5104 2458 5168 quod
2480 5105 2537 5157 in
2572 5120 2634 5157 ea
2658 5111 2942 5164 tractatur,
2971 5099 3103 5154 satis
3132 5107 3257 5153 sunt
3289 5114 3496 5151 accent-

1922 5197 2161 5252 modata.
2200 5196 2274 5249 Id
2317 5211 2443 5248 sane
2473 5192 2761 5248 notandum
2794 5190 2931 5261 quod
2965 5206 3085 5259 pag.
3124 5189 3186 5242 41
3241 5189 3305 5241 de
3323 5187 3491 5255 justi-

1922 5290 2168 5359 ﬁcatione
2197 5285 2447 5341 scribitur
2484 5302 2501 5340 :
2542 5283 2658 5338 Nos
2686 5299 2748 5338 ex
2781 5283 3047 5337 voluntate
3076 5281 3173 5333 Dei
3201 5280 3253 5332 in
3283 5277 3493 5331 Christo

1911 5380 2041 5435 Jesu
2067 5390 2299 5445 vocatos,
2328 5389 2433 5434 etc.
2470 5377 2756 5432 Gisbertus
2787 5374 3017 5429 Voetius
3039 5386 3169 5427 vero
3201 5370 3489 5439 theologia;

1913 5476 1969 5529 in
2025 5471 2304 5528 academia
2338 5470 2695 5539 Ultrajectina
2741 5468 2901 5536 prof.,
2930 5466 2985 5519 in
3020 5466 3251 5533 Disputt.
3283 5460 3487 5515 selectis

1918 5564 2238 5636 theologicis,
2270 5578 2391 5635 pag.
2425 5562 2529 5617 105
2574 5558 2742 5631 partis
2775 5556 2989 5627 primm,
3047 5568 3172 5609 cum
3225 5551 3488 5623 quaestio-

225 5664 560 5722 aniant,una
576 5654 1187 5721 addictosdoctores,ex
1200 5654 1301 5711 hac
1319 5654 1501 5711 fabula
1519 5659 1819 5730 arripuisse
1918 5676 2041 5715 nem
2071 5659 2341 5715 attulisset
2364 5656 2503 5712 hanc
2538 5673 2547 5708 :
2593 5651 2732 5721 Quid
2780 5649 2842 5703 de
2860 5648 3084 5719 epistola
3110 5646 3393 5703 Clementis
3414 5643 3490 5707 ad

306 5839 351 5868 ³³
396 5836 541 5892 Edit.
604 5835 951 5894 Francofurt.
1006 5837 1163 5893 1654.
1244 5837 1288 5870 ³⁸
1310 5837 1453 5894 Edit.
1497 5839 1823 5913 llelnistad.,
1860 5857 2002 5899 anno
2029 5839 2182 5899 16H.
