3936 6172
474 377 547 434 59
1611 389 1702 443 AD
1744 388 1800 447 S.
1844 392 2046 447 CLEMI

2149 394 2269 448 [ῈΜ
2312 393 2330 446 l
2371 394 2603 448 PAPAM
3654 408 3727 465 50

477 495 778 553 Corinthios
814 512 975 566 nuper
997 499 1259 571 evulgato,
1287 502 1375 555 sed
1408 520 1507 557 non
1538 506 1649 559 sine
1680 508 1859 562 multis
1887 512 2053 562 maxi—
2081 518 2127 570 Α
2154 510 2256 564 bus
2279 525 2443 579 supra
2469 512 2674 563 mentio
2702 511 2903 579 injecta
2950 520 3053 574 est,
3092 512 3461 570 decretalibus
3488 517 3727 573 conluu-

478 589 677 658 misque
709 590 911 645 lacunis
943 594 967 646 ?
1006 592 1170 647 dubie
1198 595 1405 663 pariter
1426 598 1720 665 respondet
1753 619 1764 653 :
1798 601 2047 654 Admira—

477 697 597 733 ntur
638 682 959 752 singularem
984 685 1214 739 divinam
1235 684 1652 754 Providentiam,
1677 708 1794 760 qua:
1822 695 2026 746 curavit

476 780 535 824 ut
562 772 627 824 ab
666 774 1024 841 apostolorum
1082 774 1362 843 discipulis
1394 780 1618 850 virisque
1662 783 1964 850 apostolicis
2000 792 2050 836 et

477 866 843 934 apostolorum
869 868 1065 920 sarculo
1097 870 1376 936 proximis,
1410 882 1503 925 aut
1552 873 1682 927 nihil
1713 874 2047 939 scriberetur,

475 966 571 1011 aut
612 957 741 1011 nihil
773 969 1171 1012 conservaretur
1210 968 1259 1013 et
1281 960 1349 1012 ad
1374 972 1609 1029 posteros
1644 975 1924 1028 manaret;
1958 973 2051 1019 aut

474 1048 665 1101 saltem
689 1047 820 1101 nihil
859 1048 923 1101 ab
964 1050 1113 1103 initio
1152 1048 1405 1105 Ecclesia:
1446 1069 1609 1123 usque
1648 1056 1703 1107 in
1729 1055 1865 1109 hunc
1908 1056 2049 1108 diem

473 1149 785 1208 superesset,
818 1140 881 1194 de
930 1158 1030 1211 quo
1086 1159 1190 1196 non
1236 1143 1592 1210 dubitaretur,
1645 1157 1737 1199 aut
1775 1148 1912 1217 quod
1958 1164 2051 1217 per

474 1232 643 1284 tineas
696 1229 1013 1301 blattasque,
1048 1242 1141 1285 aut
1172 1232 1337 1286 alium
1359 1237 1587 1302 quemvis
1636 1235 1735 1289 Dei
1765 1240 2051 1291 exercitum

476 1320 781 1374 mutilatum
810 1338 912 1375 non
946 1332 1076 1376 esset
1107 1338 1124 1375 .'
1181 1332 1239 1376 ut
1279 1323 1381 1375 soli
1410 1323 1701 1393 Scriptura:
1742 1336 1888 1379 tanto
1936 1330 2049 1380 evi-

474 1412 684 1466 dentius
714 1428 813 1466 sua
853 1421 1115 1465 constaret
1172 1414 1485 1473 auctoritas,
1526 1415 1706 1484 illique
1755 1416 1855 1468 soli
1916 1427 2052 1471 esset

472 1502 686 1570 propria
718 1502 1192 1569 incorruptibilitas
1218 1512 1266 1556 et
1290 1506 1579 1558 (eternitas.
1626 1504 1781 1570 Quod
1816 1507 1861 1561 si
1886 1507 2051 1578 igitur

473 1595 564 1649 ille
584 1595 911 1666 ἐπικρίσεως
937 1605 1126 1649 auctor
1156 1596 1345 1650 saltem
1372 1613 1465 1667 per
1494 1606 1870 1664 transennam,
1904 1600 2051 1670 quod

475 1688 650 1751 aiunt,
687 1702 780 1741 eos
804 1703 943 1757 quos
971 1686 1193 1741 adducit
1224 1689 1522 1757 scriptorcs
1553 1691 1904 1759 inspexisset,
1940 1708 2051 1746 non

473 1780 743 1849 potuisset
775 1780 1026 1848 ignorare
1056 1780 1239 1833 omnia
1264 1780 1355 1833 illa
1388 1782 1724 1847 testimonia,
1759 1799 1881 1852 qua:
1910 1797 2048 1836 con-

470 1882 553 1925 tra
585 1871 725 1925 hanc
751 1870 1049 1941 Epistolam
1082 1871 1359 1941 producit,
1389 1873 1571 1940 potius
1604 1873 1887 1929 adversari
1918 1875 2045 1939 sibi,
2079 1870 2121 1924 Β

468 1979 632 2032 quam
668 1962 948 2032 prodesse.
988 1962 1100 2018 Nec
1124 1963 1269 2018 enim
1312 1965 1543 2020 ulterius
1566 1980 1690 2019 eum
1738 1966 2044 2035 quidquam

465 2055 621 2125 juvat
666 2054 956 2119 Eusebius,
989 2072 1151 2126 quem
1183 2055 1337 2127 litigii
1358 2058 1455 2111 lib.
1486 2074 1562 2122 v1,
1595 2074 1645 2112 c.
1687 2059 1752 2112 15
1781 2060 2044 2125 scribere,

464 2148 579 2218 jam
612 2162 710 2202 suo
740 2157 1004 2217 tempore,
1042 2148 1190 2202 circa
1239 2164 1443 2203 annum
1482 2150 1737 2204 videlicet
1770 2152 1897 2215 5:24,
1925 2152 2049 2207 Cle«

471 2241 671 2295 mentis
703 2239 1002 2310 Epistolam
1028 2254 1137 2295 non
1176 2256 1275 2311 pro
1317 2241 1555 2311 genuina
1598 2243 1834 2312 amplius
1885 2243 2044 2298 habi-

472 2341 621 2396 tam,
658 2334 871 2388 etiamsi
900 2333 993 2387 lib.
1042 2348 1126 2398 Ill,
1176 2348 1225 2387 c.
1288 2332 1354 2387 16
1403 2334 1519 2404 ipse
1559 2332 1735 2389 fuerat
1784 2343 2045 2401 testatus,

476 2423 782 2494 adjutorem
818 2424 972 2478 Pauli
1009 2422 1345 2479 Clementem
1387 2423 1685 2495 Epistolam
1725 2424 1789 2478 ad
1848 2424 2048 2480 Corin-

472 2517 618 2572 thios
644 2517 957 2587 scripsisse,
977 2531 1098 2587 quas
1128 2517 1291 2571 etiam
1334 2517 1390 2570 in
1420 2516 1753 2587 quibusdam
1796 2518 2047 2573 ecclesiis

471 2612 543 2660 sit
592 2608 750 2661 lecta.
822 2606 957 2661 Nam
993 2609 1095 2663 ista
1136 2623 1356 2678 quoque
1406 2609 1570 2664 verba
1620 2625 1686 2665 eo
1718 2610 1880 2663 modo
1906 2611 2049 2680 apud

471 2696 765 2751 Eusebium
784 2714 893 2751 non
916 2698 1195 2769 leguntur,
1215 2700 1310 2753 sed
1331 2716 1454 2754 cum
1478 2708 1594 2755 toto
1614 2701 1679 2754 12
1703 2710 1757 2755 et
1782 2702 1847 2755 15
1870 2704 2048 2771 capite

473 2790 623 2844 illius
656 2790 780 2844 libri
806 2791 872 2845 de
895 2790 1176 2845 Clemente
1206 2792 1580 2847 Alexandrino
1603 2802 1655 2847 et
1683 2794 1801 2863 ejus
1828 2795 2050 2864 scriptis

469 2892 637 2954 agat:
673 2882 827 2936 Hunc
858 2886 957 2949 uti,
996 2884 1093 2950 ait,
1143 2886 1199 2937 in
1243 2883 1353 2937 illis
1384 2886 1547 2938 etiam
1584 2902 1768 2938 earum
1804 2886 2049 2955 Scriptu-

470 2991 655 3030 rarum
684 2975 999 3028 testimoniis
1030 2975 1219 3045 quibus
1262 2975 1675 3040 contradicitur,
1709 2985 1757 3029 et
1787 2978 1901 3047 ejus
1931 2995 2049 3048 qua:

468 3078 545 3124 est
574 3067 704 3122 Jesu
766 3067 979 3131 Sirach,
1009 3076 1059 3121 et
1100 3066 1356 3136 Epistola:
1384 3068 1452 3122 ad
1505 3068 1779 3135 Hebnvos,
1831 3070 2051 3142 denique

469 3172 519 3216 et
552 3160 815 3217 Barnaba:
838 3171 885 3214 et
910 3160 1193 3215 Clementis
1219 3170 1269 3215 et
1298 3160 1457 3215 Judce
1481 3178 1501 3225 ,'
1554 3164 1632 3216 uti
1661 3164 1824 3217 verba
1851 3173 2049 3219 sonant

2152 599 2281 652 dere
2302 619 2313 653 :
2332 601 2474 668 quod
2501 601 2674 669 ipsum
2704 616 2825 653 cum
2846 617 2953 654 non
2978 618 3085 655 uno
3108 603 3226 655 loco
3250 604 3305 656 in
3332 604 3433 659 ista
3454 606 3727 678 ἐπικρίσει

2152 708 2250 746 sua
2310 690 2457 755 facit,
2504 704 2616 745 tum
2663 694 2942 748 evidenter
2986 696 3039 748 in
3088 698 3443 765 sequentibus
3494 701 3673 756 verbis
3707 742 3723 765 ,

2150 783 2348 851 quibus
2402 783 2557 851 quasi
2615 783 2879 839 hactenus
2922 786 2989 839 de
3034 786 3314 842 Clemente
3363 788 3524 844 dictis
3574 793 3727 845 colo-

2151 875 2385 943 phonem
2410 876 2557 929 addit
2587 894 2601 932 :
2642 874 2707 927 Et
2744 877 2887 945 quod
2926 879 3098 947 magis
3138 888 3243 942 est,
3289 880 3562 950 inquiens,
3596 900 3728 937 cum

2152 984 2395 1038 nuperus
2458 970 2751 1039 episcopus
2800 970 3062 1040 Yprensis
3107 973 3399 1031 Cornelius
3427 976 3727 1035 Jausenius

2150 1061 2435 1128 Augustini
2458 1063 2541 1117 sui
2568 1070 2700 1117 tom.
2725 1062 2814 1127 lll,
2835 1064 2926 1117 lib.
2960 1081 3033 1129 γι,
3060 1082 3179 1136 cap.
3208 1069 3295 1132 12,
3320 1085 3385 1123 ex
3427 1071 3728 1128 Clementis

2149 1155 2377 1224 epistola
2422 1156 2793 1211 testimonium
2826 1158 3073 1224 citasset,
3099 1162 3307 1221 deridet
3350 1182 3473 1219 eum
3512 1165 3724 1223 Jesuita

2149 1246 2560 1301 Aurelianensis
2580 1246 2874 1317 Dionysius
2906 1248 3161 1307 Petavius
3177 1260 3309 1309 tom.
3330 1256 3399 1309 lll
3420 1256 3490 1309 De
3518 1255 3721 1310 Eccles.

2150 1339 2321 1409 dogm.
2352 1340 2445 1394 lib.
2477 1356 2560 1402 Ill,
2592 1340 2664 1394 De
2696 1341 2885 1411 Opiﬁc.
2912 1358 3033 1413 cap.
3064 1345 3117 1407 8,
3146 1362 3296 1401 num.
3321 1346 3375 1409 5,
3417 1349 3561 1418 quod
3611 1366 3724 1403 non

2150 1430 2455 1500 distinguat
2505 1431 2647 1484 inter
2704 1433 2953 1488 sinceros
2996 1443 3050 1489 et
3077 1438 3458 1506 supposititios
3490 1442 3727 1510 scripto—

2150 1537 2260 1577 res.
2302 1521 2532 1593 Dignum
2559 1538 2690 1578 sane
2721 1524 2918 1594 patella
2939 1529 3281 1596 operculum,
3315 1529 3383 1583 de
3405 1546 3514 1599 quo
3538 1538 3728 1589 tamen

2150 1631 2293 1685 aegre

2332 1705 2635 1777 Spectatum
2664 1709 2899 1779 admissi,
2915 1713 3079 1765 risum
3110 1713 3540 1779 teneatis,amici.

2152 1800 2354 1871 Ecquis
2377 1804 2523 1857 enim
2555 1805 2773 1860 nescire
2816 1815 3015 1875 potest,
3041 1807 3273 1878 ipsemet
3296 1823 3422 1863 cum
3442 1808 3715 1878 lansenii,

2151 1903 2264 1948 tum
2295 1894 2499 1950 Petavii
2523 1898 2682 1951 verba
2706 1899 3025 1968 inspiciens,
3052 1901 3118 1954 de
3162 1901 3321 1971 longe
3364 1903 3470 1956 alia
3495 1905 3711 1973 episto-

2151 1985 2223 2049 la,
2244 1995 2299 2040 et
2333 1988 2550 2056 quidem
2575 1987 2690 2057 ipsa
2720 1989 2875 2042 tertia
2898 1988 3181 2051 decretali,
3215 2005 3337 2060 qua:
3379 1997 3527 2045 tomo
3547 1990 3568 2044 Ι
3591 1991 3731 2047 Con-

2150 2080 2395 2133 ciliorum
2433 2078 2576 2134 Surii
2617 2095 2739 2150 pag.
2766 2080 2889 2144 MS,
2914 2082 2969 2134 in
3012 2081 3280 2135 Blondelli
3322 2098 3449 2138 vero
3489 2082 3731 2137 Censura

2151 2185 2273 2239 pag.
2305 2169 2372 2222 72
2400 2176 2599 2235 exstat,
2624 2180 2673 2224 et
2704 2172 2771 2223 ad
2803 2188 2980 2225 omnes
3004 2174 3354 2241 coepiscopos,
3373 2174 3725 2244 presbyteros,

2153 2263 2426 2328 diaconos,
2483 2280 2543 2317 ac
2566 2264 2794 2334 reliquos
2826 2266 3066 2329 clericos,
3111 2275 3159 2319 et
3205 2276 3421 2320 cunctos
3467 2268 3728 2336 principes

2151 2355 2378 2423 majores
2421 2354 2728 2418 minoresve,
2752 2354 2972 2407 titulum
3006 2355 3293 2419 mentitur,
3323 2363 3619 2425 utrumque
3644 2355 3729 2409 lo-

2150 2459 2359 2504 culum.
2417 2449 2547 2503 Post
2583 2450 2643 2505 S.
2670 2450 3006 2520 Dionysium,
3034 2451 3214 2521 inquit
3252 2450 3566 2515 Jansenius,
3600 2452 3729 2507 Cle-

2152 2558 2296 2595 mens
2320 2557 2477 2611 papa,
2513 2542 2565 2594 in
2586 2541 2809 2609 epistola
2842 2542 2999 2594 tertia
3026 2557 3043 2606 ;
3080 2542 3169 2594 ubi
3201 2542 3370 2610 primo
3404 2541 3554 2605 dicit,
3585 2545 3731 2612 quod

2153 2636 2477 2705 Augustinus
2503 2636 2653 2687 toties
2678 2635 2921 2699 tradidit,
2941 2652 3035 2688 nos
3053 2652 3165 2689 esse
3188 2635 3338 2688 liberi
3364 2635 3733 2703 arbitrii,quia

2155 2727 2281 2779 velle
2307 2735 2355 2778 et
2405 2725 2544 2778 nolle
2582 2723 2832 2778 habemus
2886 2726 2939 2777 in
2994 2735 3269 2793 potestate.
3324 2724 3403 2778 Ad
3452 2726 3567 2779 haec
3600 2726 3732 2780 Dio-

2156 2820 2344 2889 nysius
2370 2818 2624 2873 Petavius
2660 2840 2671 2871 :
2706 2818 2824 2872 Hoc
2854 2836 3030 2879 sensu.
3059 2821 3154 2883 ait,
3186 2821 3289 2871 vim
3311 2820 3510 2888 accepit
3541 2828 3735 2873 auctor

2154 2912 2266 2975 ille,
2325 2913 2413 2981 qui
2442 2911 2537 2965 sub
2590 2912 2875 2966 Clementis
2925 2913 3133 2966 nomine
3175 2913 3453 2981 epistolam
3514 2913 3733 2965 tertiam

2152 3006 2479 3058 concinnavit
2509 3020 2573 3057 ea:
2597 3004 2744 3057 libris
2774 3002 3243 3071 Recoguitiouum.
3270 3002 3391 3069 Qua
3414 3018 3479 3056 ex
3496 3004 3739 3071 epistola

2153 3112 2296 3150 novt:
2327 3106 2483 3150 secta:
2513 3106 2771 3164 patronus
2812 3095 3169 3149 testimonium
3210 3094 3497 3169 secundum
3526 3095 3727 3158 posuit,

2154 3186 2284 3241 adeo
2314 3188 2368 3240 in
2401 3188 2610 3239 testium
2636 3186 2837 3239 delectu
2864 3186 3180 3246 incuriosus,
3207 3197 3261 3238 ut
3294 3186 3589 3252 promiscue
3614 3187 3732 3238 sin-

464 3263 617 3324 juxta
646 3254 779 3309 edit.
808 3252 1059 3308 Latinam
1078 3252 1312 3325 Grynaei.
1344 3253 1411 3309 Ut
1442 3269 1571 3309 vero
1612 3253 1844 3311 Ruﬁnus
1862 3256 2043 3321 vertit,

2150 3295 2297 3333 ceras
2320 3296 2382 3333 ac
2416 3279 2779 3348 supposititios
2809 3278 3015 3332 habeat.
3050 3277 3201 3333 Unde
3241 3295 3364 3334 cum
3397 3279 3547 3332 nullo
3569 3289 3733 3348 pacto

470 3345 615 3417 apud
650 3361 811 3415 quem
838 3353 923 3401 est
944 3347 1050 3399 alia
1080 3348 1319 3416 capitum
1351 3346 1587 3400 divisio:
1622 3345 1821 3410 Utitur,
1871 3343 2050 3414 inquit

468 3454 590 3508 cap.
629 3439 687 3505 2,
716 3441 965 3507 exemplis
988 3441 1148 3493 etiam
1170 3456 1235 3493 ea:
1263 3439 1343 3493 his
1382 3439 1555 3505 libris,
1590 3444 1739 3510 quia
1779 3440 2046 3493 nonnullis

469 3532 682 3584 minime
708 3532 988 3600 recipiendi
1028 3533 1290 3596 videntur,
1328 3532 1380 3585 id
1414 3542 1513 3597 est,
1537 3548 1603 3586 ea:
1627 3531 1902 3601 Sapientia
1930 3549 2046 3602 qua:

468 3615 663 3676 dicitur
689 3622 1016 3691 Salomonis,
1045 3633 1092 3677 et
1142 3640 1205 3678 ea:
1233 3622 1507 3692 Sapientia
1548 3622 1760 3686 Sirach,
1788 3640 1904 3694 qua:
1951 3642 2047 3694 ap-

467 3716 697 3784 pellatur
728 3715 1135 3770 Ecclesiastieus
1178 3716 1316 3785 apud
1350 3715 1591 3770 Latinos.
1619 3716 1721 3770 Sed
1736 3726 1784 3769 et
1813 3716 1875 3771 de
1908 3717 2047 3769 Bar-

470 3808 622 3863 naba:
650 3819 699 3863 et
723 3807 1004 3864 Clementis
1047 3808 1289 3877 Epistola
1309 3810 1453 3877 ponit
1486 3808 1741 3863 Romanis
1782 3811 2041 3879 exempla,

468 3910 521 3956 et
563 3901 628 3956 de
664 3901 903 3970 Epistola
940 3900 1117 3955 Judw.
1169 3900 1302 3967 Quae
1335 3901 1522 3965 verba,
1572 3901 1618 3955 si
1654 3901 1713 3953 τὸ
1731 3902 2043 3964 contradici,

469 3994 558 4049 vel
604 4010 709 4048 non
758 3994 939 4061 recipi,
970 3996 1131 4047 etiam
1173 3992 1239 4045 ad
1270 3992 1567 4046 Clementis
1599 3991 1897 4062 Epistulam
1955 4012 2045 4051 re-

470 4086 793 4157 stringenda
822 4091 1011 4154 putes,
1035 4100 1143 4137 non
1174 4084 1241 4139 de
1284 4085 1433 4137 omni
1462 4085 1898 4141 contradictione
1930 4088 2047 4144 sive

470 4193 582 4231 non
622 4176 938 4247 receptione
964 4175 1313 4246 simpliciter,
1354 4175 1448 4231 sed
1475 4184 1685 4229 tantum
1729 4177 1796 4231 de
1821 4194 1928 4231 non
1959 4195 2045 4233 re-

470 4271 720 4342 ccptione
750 4269 805 4323 in
839 4284 1109 4324 canonem
1143 4268 1911 4339 Scripturarumloquuntur:
1950 4286 2045 4324 ea-

469 4364 703 4433 demque
727 4363 941 4417 ratione
972 4362 1161 4415 multis
1196 4362 1319 4414 aliis
1341 4376 1449 4430 qua
1482 4358 1721 4422 Veteris,
1751 4379 1858 4431 qua
1885 4363 1947 4415 N.
1976 4362 2039 4417 T.

468 4455 626 4509 libris
676 4455 1079 4521 contradictum
1102 4465 1203 4519 est,
1236 4453 1357 4507 aliis
1390 4454 1527 4505 alios
1559 4468 1705 4507 nunc
1754 4456 2043 4523 probanti-

2152 3371 2393 3425 adducar
2454 3377 2514 3425 ut
2563 3371 2783 3425 credam
2817 3385 3074 3440 magnum
3124 3371 3362 3440 aliquem
3408 3371 3729 3439 theologum

2151 3463 2207 3516 in
2242 3462 2515 3532 ejusmodi
2574 3462 2823 3516 minutiis
2874 3469 3086 3515 tantum
3123 3478 3187 3517 ex
3215 3464 3520 3533 ignorantia
3545 3478 3737 3516 errare

2150 3570 2390 3610 errorem
2417 3555 2651 3621 ;viderit
2675 3555 2784 3616 ille,
2811 3570 2920 3624 quo
2951 3555 3157 3619 animo,
3181 3571 3286 3623 qua
3314 3554 3653 3609 conscientia
3677 3555 3746 3609 id-

2151 3647 2360 3702 fecerit.
2414 3646 2527 3718 Ego
2581 3648 2707 3712 hoc,
2742 3646 2853 3701 Deo
2890 3654 3049 3710 teste,
3091 3662 3191 3716 pro
3239 3656 3393 3702 certo
3452 3648 3732 3702 allirmare

2152 3756 2314 3810 queo,
2347 3756 2433 3795 me
2460 3740 2665 3794 nullius
2697 3740 2872 3809 partis
2902 3741 3105 3806 studio,
3141 3741 3237 3795 sed
3277 3742 3449 3796 solius
3479 3742 3732 3798 veritatis

2152 3850 2336 3888 amore
2355 3833 2577 3887 ductum
2591 3834 2695 3888 hoc
2716 3834 3096 3904 qualecunque
3118 3834 3236 3903 ejus
3250 3834 3578 3906 ἐπικρίσεως
3596 3851 3660 3890 ex
3670 3850 3735 3889 a-

2151 3944 2274 3981 men
2306 3927 2638 3990 instituisse,
2667 3943 2734 3981 ne
2767 3927 2981 3982 scilicet
3010 3928 3413 3982 incautioribus
3461 3929 3564 3983 sub
3611 3931 3730 3983 veri

2150 4019 2370 4072 nomine
2392 4025 2579 4087 posset
2610 4018 2909 4088 imponere,
2935 4033 3139 4088 eosque
3164 4018 3232 4073 ab
3250 4018 3541 4073 utilissima
3560 4019 3731 4087 hujus

2149 4108 2405 4178 Epistula:
2430 4110 2660 4163 lectione
2683 4109 3011 4164 absterrere.
3068 4108 3205 4163 Tum
3233 4118 3291 4163 ut
3323 4109 3384 4165 Β.
3421 4118 3733 4180 praecepto-

2148 4213 2262 4252 rem
2286 4214 2465 4253 meum
2486 4198 2554 4253 ab
2599 4198 2801 4267 injuria
2832 4198 3170 4254 vindicarem
3204 4216 3216 4251 :
3248 4215 3411 4270 quem
3444 4200 3585 4255 idem
3608 4201 3728 4268 ille,

2148 4289 2219 4343 ob
2264 4288 2597 4344 Clementem
2653 4289 2800 4342 hunc
2843 4288 3089 4359 Apostoli
3131 4298 3545 4361 cooperatorem
3590 4307 3727 4362 pro-

2148 4389 2483 4444 nuntiatum,
2504 4380 2888 4450 imprudentiae
2910 4380 3110 4449 arguit,
3138 4380 3254 4450 ipse
3284 4382 3468 4450 potius
3501 4383 3572 4435 ita
3605 4380 3727 4437 for-

2149 4475 2313 4531 tassis
2351 4474 2753 4544 coarguendus.
2813 4472 2953 4543 Opto
2980 4489 3131 4536 vero,
3190 4482 3249 4527 ut
3290 4475 3733 4545 uniuscujusque

468 4546 599 4611 bus:
630 4562 785 4644 Δηξιιξῖο
836 4545 1290 4644 ιίοΡΓοιῧίιξηίυυδι-
1353 4544 1574 4644 mil-3"“?
1613 4548 1903 4644 Pos‘erlu§_
1941 4548 2045 4602 hoc
2078 4589 2123 4644 ο
2149 4568 2447 4624 Christiani
2494 4569 2663 4621 menti
2696 4566 2924 4621 ﬁrmiter
2956 4566 3217 4621 inhaereat
3252 4567 3386 4621 illud
3423 4544 3733 4622 Clementis

466 4651 579 4689 non
622 4637 763 4690 tollit
786 4638 958 4707 prius,
990 4635 1090 4706 legi
1132 4652 1248 4689 eam
1273 4638 1326 4689 in
1345 4636 1660 4706 quibusdam
1699 4639 1932 4693 ecclesiis
1958 4657 2044 4694 so-

469 4730 655 4794 litam;
685 4744 809 4784 cum
848 4731 904 4783 in
937 4730 1216 4800 primitiva
1273 4729 1521 4786 ECclesia
1550 4732 1882 4789 Christianis
1934 4752 2044 4790 non

466 4829 679 4875 tantum
702 4823 955 4877 canonici
984 4823 1177 4877 stricte
1200 4825 1273 4876 ita
1315 4825 1593 4894 appellati,
1623 4826 1718 4880 sed
1756 4827 1921 4880 etiam
1947 4828 2043 4881 alii

469 4914 595 4967 libri
626 4913 693 4966 ab
739 4914 1068 4984 antiquitate
1099 4930 1200 4970 sua
1228 4922 1283 4970 et
1311 4916 1544 4971 utilitate
1575 4920 2043 4982 commendati,ad

469 5004 875 5074 wdi/icationem
919 5004 1104 5074 plebis,
1164 5022 1269 5060 non
1299 5023 1419 5061 vero
1452 5007 1519 5059 ad
1552 5011 1926 5064 auctoritatem
1960 5030 2045 5067 ec-

467 5104 889 5159 clesiasticorum
942 5102 1252 5174 dogmatum
1299 5104 1743 5172 conﬁrmandam,
1788 5108 2047 5177 praelegc-

474 5203 670 5251 rentur
705 5211 853 5266 :qua
885 5195 943 5249 in
963 5211 1022 5250 re
1040 5197 1165 5252 licet
1185 5197 1437 5252 similiter
1472 5197 1789 5267 discrepare
1824 5207 2046 5267 possent

466 5290 611 5345 inter
641 5305 702 5345 se
733 5289 1001 5352 ecclesiae,
1032 5295 1087 5345 et
1130 5288 1249 5344 alia:
1287 5290 1521 5343 aliorum
1565 5290 1853 5346 lectionem
1906 5307 2047 5360 prae-

467 5385 633 5452 ferre,
665 5392 849 5439 tamen
875 5383 968 5437 illa
1018 5384 1373 5454 particularis
1412 5385 1725 5453 reprobatio
1754 5386 1822 5439 ab
1854 5385 2043 5441 Eccle-

469 5475 551 5533 sia
598 5478 837 5549 quadam
883 5484 978 5531 aut
1019 5475 1141 5546 ejus
1185 5476 1412 5531 doctore
1471 5476 1651 5543 facta,
1700 5492 1807 5532 non
1856 5478 2043 5532 statim

469 5576 685 5639 poterat
712 5571 819 5642 ipsi
875 5570 1084 5640 scripto
1127 5571 1276 5625 omni
1333 5586 1400 5625 ex
1432 5577 1587 5640 parte
1637 5571 1923 5642 derogare,
1950 5578 2047 5624 aut

469 5664 588 5730 ejus
621 5661 778 5717 [idem
809 5662 1135 5735 infringere.
1176 5661 1402 5719 Domum
1433 5678 1621 5719 crassa
1660 5671 1743 5718 est
1784 5664 2047 5734 ignoran-

472 5756 570 5817 tia,
620 5754 784 5824 inque
822 5756 1109 5827 theologire
1142 5758 1388 5823 doctore,
1414 5768 1468 5813 et
1488 5758 1707 5829 quidem
1733 5766 1908 5824 tanto,
1934 5774 2046 5813 non

469 5844 715 5905 ferenda.
749 5847 887 5902 hanc
911 5849 1117 5905 scilicet
1148 5847 1467 5921 Epistolam,
1506 5864 1631 5906 cum
1658 5848 1799 5917 istis,
1833 5849 1899 5907 de
1924 5850 2045 5920 qui-

2149 4659 2347 4725 nostri,
2378 4674 2511 4712 auro
2534 4658 2729 4727 quovis
2767 4658 3088 4727 pretiosius,
3114 4657 3382 4711 monitum
3411 4672 3423 4707 :
3450 4654 3559 4710 Cur
3587 4657 3733 4711 inter

2148 4769 2239 4806 nos
2261 4753 2366 4806 sint
2396 4751 2773 4813 contentiones,
2809 4751 2928 4815 irw,
2964 4750 3284 4812 simultates,
3333 4749 3632 4803 schismata
3672 4758 3726 4802 et

2148 4844 2339 4898 bellum
2372 4846 2395 4898 ξ)
2445 4841 2635 4895 Nonne
2659 4858 2822 4894 unum
2865 4841 3029 4895 Deum
3053 4851 3102 4895 et
3132 4857 3293 4893 unum
3326 4838 3602 4895 Christum
3627 4839 3734 4891 ha-

2148 4934 2368 4989 bemus?
2399 4950 2565 4987 nonne
2594 4949 2727 4985 unus
2753 4941 2830 4985 est
2873 4930 3106 5001 Spiritus
3156 4931 3368 5001 gratiae,
3413 4930 3504 4999 qui
3562 4945 3733 4999 super

2104 5043 2240 5079 ‘nos
2286 5026 2483 5094 e/fusus
2540 5032 2636 5087 est,
2686 5031 2735 5076 et
2784 5039 2891 5076 una
2941 5024 3147 5076 vocatio
3208 5022 3265 5075 in
3317 5018 3733 5076 Christo?Cur

2149 5114 2351 5169 Christi
2384 5115 2619 5167 membra
2659 5113 2958 5167 divellimus
2983 5122 3031 5165 et
3057 5112 3428 5182 discerpimus,
3455 5119 3505 5164 et
3537 5120 3732 5163 contra

2146 5208 2417 5275 proprium
2447 5223 2634 5275 corpus
2674 5207 2981 5261 seditionem
3013 5222 3297 5268 movemus,
3316 5220 3476 5273 eoque
3497 5203 3730 5257 vesania:

2146 5299 2465 5364 devenimus,
2496 5298 2802 5351 utaliorum
2831 5315 2925 5352 nos
2958 5298 3190 5351 membra
3206 5313 3319 5350 esse
3336 5295 3587 5349 oblivioni
3612 5304 3734 5347 tra-

2146 5388 2359 5445 damus.
2400 5388 2556 5454 Quod
2588 5396 2859 5459 superest,
2893 5387 3090 5443 Lector
3113 5388 3397 5451 benevole,
3431 5387 3574 5440 bauc
3598 5384 3734 5455 Epi-

2148 5482 2365 5545 stolam,
2385 5496 2448 5535 ea
2473 5497 2580 5550 qua
2604 5481 2881 5550 potuimus
2904 5480 3006 5534 [ide
3027 5487 3080 5534 et
3105 5479 3389 5549 diligentia
3406 5477 3734 5531 curavimus

2147 5572 2581 5644 exprimendam,
2614 5580 2674 5627 ut
2704 5573 2841 5627 nihil
2870 5573 3105 5642 amplius
3133 5571 3245 5626 fere
3280 5571 3369 5625 hic
3406 5569 3734 5625 desiderare

2147 5667 2349 5737 possis,
2380 5682 2541 5737 quam
2573 5666 2719 5735 quod
2748 5667 2959 5720 lacunae
2995 5681 3105 5719 non
3135 5664 3308 5719 minio
3332 5663 3521 5730 rubro,
3548 5672 3608 5717 ut
3660 5664 3717 5716 in

2148 5760 2389 5814 editione
2417 5758 2717 5829 Anglicana
2758 5757 2982 5821 factum,
3042 5758 3136 5812 sed
3189 5756 3496 5810 minoribus
3528 5755 3733 5809 litteris

2149 5852 2259 5909 sint
2285 5859 2505 5909 aetatm.
2541 5849 2726 5923 Neque
2757 5852 2923 5916 cnim,
2977 5851 3191 5907 etiamsi
3233 5848 3369 5905 illud
3400 5849 3561 5905 nobis
3616 5864 3732 5901 non
