3936 6172
202 367 267 423 σί
1456 374 1763 436 ΡΗΟΟΕΜΙΑ

1873 381 2215 440 ἈΙίΙΟΒΗΜ.
3372 388 3441 445 63

202 491 420 554 liceret,
463 490 737 547 voluimus
766 499 1052 563 pr0pterea
1081 500 1257 549 totum
1274 494 1657 562 intermittere,
1690 496 1786 552 sed
1815 503 1863 559 Α
1888 498 2107 552 drinum
2136 506 2384 570 repertze,
2430 503 2546 557 suis
2575 517 2804 572 qumque
2836 502 3082 572 pagellis,
3119 518 3184 556 ex
3215 501 3455 558 editione

202 581 289 635 vel
314 595 387 635 eo
415 580 577 636 modo
623 589 831 636 textum
862 584 1161 654 genuinum
1197 601 1227 639 a
1259 586 1639 655 supplemento
1668 585 1784 640 dis-
1887 586 2183 643 Parisiensi
2209 602 2260 640 a.
2287 589 2418 644 Chr.
2445 592 2577 645 1641
2624 593 2927 648 novissima
2950 592 3224 647 iudicatae.
3251 592 3309 645 in
3331 609 3451 647 om-

198 673 478 742 tinguere,
503 688 613 742 quo
667 680 722 727 et
756 682 885 741 tuae,
937 676 985 729 si
1030 676 1108 730 ita
1141 676 1438 743 videretur,
1498 676 1782 732 industriae
1889 680 2055 735 nibus
2086 680 2132 734 si
2162 696 2273 735 non
2304 684 2487 737 omnia
2518 683 2658 739 forte
2712 686 2893 754 palato
2948 691 3043 738 tuo
3067 684 3451 754 reSpondeant,

197 765 611 834 relinqueretur
632 768 885 837 palaestra
907 770 993 824 vel
1027 771 1096 825 ad
1135 769 1579 838 conjectandum,
1604 770 1690 823 vel
1714 769 1783 823 ad
1884 772 1941 827 id
1974 774 2175 843 partim
2206 774 2556 832 scholasticis
2580 776 3039 847 occupationibus
3080 776 3238 839 meis,
3256 776 3455 845 partim

192 858 579 926 iudicandum.
630 862 783 918 Alias
806 862 1120 917 testimonia
1147 864 1353 933 passim
1378 877 1407 915 a
1438 863 1597 917 nobis
1620 870 1781 916 aucta
1888 863 2153 918 absentiae
2196 879 2330 919 meae
2365 866 2434 919 ab
2455 868 2714 936 Operibus
2766 868 3174 939 typographicis
3223 868 3451 927 tribues,

193 955 353 1013 sunt,
406 948 593 1004 addita
622 951 797 1032 etiam
845 951 1050 1008 Graecis
1103 954 1356 1009 versione
1394 953 1625 1019 Latina;
1662 960 1779 1007 tum
1885 960 1941 1007 et
1967 954 2112 1024 quod
2137 955 2193 1007 in
2223 956 2387 1009 simili
2434 972 2633 1027 genere
2667 964 2907 1028 optares,
2944 958 3085 1029 aequi
3108 957 3346 1027 bonique
3375 957 3455 1011 la-

194 1039 394 1097 locaet
423 1044 703 1101 variantes
721 1045 986 1101 lectiones
1019 1046 1164 1117 apud
1182 1044 1518 1102 Clementem
1542 1043 1779 1099 Alexan—
1892 1046 2029 1100 cies.
2066 1044 2246 1109 Salve,
2276 1060 2339 1099 ac
2368 1044 2506 1100 bene
2548 1045 2686 1101 vale.

1137 1327 1824 1422 GODEFREDI
1904 1328 2573 1422 VENDELINI

735 1541 825 1596 DE
860 1539 1253 1597 CLEMENTIS
1288 1540 1383 1595 ET
1422 1539 1590 1596 EJUS
1626 1537 2130 1596 EPISTOLARUM
2172 1537 2503 1596 TEMPORE
2540 1536 2915 1597 DIVINATIO.

261 1787 524 1844 Clemens
542 1784 1111 1850 Romanus,Faustini
1141 1787 1285 1844 ﬁlius
1317 1788 1500 1860 (quem
1559 1796 1781 1860 aposto-
1811 1797 1854 1852 Β
1882 1791 2155 1845 certiorem
2185 1789 2248 1843 de
2292 1789 2446 1841 annis
2491 1788 2748 1842 invenerit
2796 1786 3288 1857 chronographiam,
3345 1805 3451 1858 qua

186 1880 279 1933 lus
307 1878 542 1945 Paulus,
575 1879 643 1934 ad
674 1878 1055 1949 Philippenses
1107 1881 1379 1947 scribens,
1418 1897 1577 1935 suum
1614 1891 1775 1936 vocat

122 2042 125 2043 ν
182 1977 608 2040 cooperatorem
654 1970 797 2024 inter
823 1979 1074 2034 caeteros,
1109 1986 1345 2039 quorum
1374 1972 1599 2025 nomina
1632 1972 1773 2024 scri-

179 2070 278 2132 pta
308 2068 444 2115 sunt
480 2062 539 2114 in
590 2060 732 2114 libro
756 2060 899 2132 vitae)
962 2059 1111 2117 Petri
1164 2062 1401 2132 apostoli
1457 2075 1769 2124 successor,

182 2155 475 2224 apostolus
523 2152 666 2209 idem
712 2154 829 2223 ipse
866 2162 1095 2208 vocatur
1145 2169 1176 2207 a
1218 2153 1501 2209 Clemente
1534 2152 1775 2207 Alexan-

182 2249 353 2304 drino
390 2248 486 2302 lib.
543 2263 597 2301 ιν
653 2245 987 2301 Stromatum
1016 2263 1036 2301 :
1081 2247 1358 2319 quomodo
1389 2253 1444 2301 et
1490 2245 1772 2300 Barnabas

189 2341 401 2409 aliique
430 2353 759 2409 magnorum
789 2340 1163 2408 apostolorum
1192 2338 1422 2393 comites
1442 2347 1495 2394 et
1515 2337 1772 2406 discipuli

178 2436 303 2504 pari
330 2434 557 2488 nomine
578 2433 813 2504 apostoli
836 2433 1099 2502 (minores
1116 2430 1321 2502 tamen)
1346 2431 1517 2485 habiti
1548 2430 1772 2485 fuerunt

176 2532 233 2579 et
282 2525 567 2594 appellati.
603 2522 859 2579 Clemens
898 2524 986 2577 hic
1017 2530 1144 2593 post
1192 2521 1414 2577 Petrum
1464 2519 1771 2575 Romanam

176 2618 320 2671 rexit
343 2616 675 2680 Ecclesiam,
710 2616 953 2685 vixitque
980 2614 1047 2668 ad
1082 2623 1330 2684 tempora
1363 2612 1591 2683 Trajani
1618 2630 1635 2676 ;
1668 2628 1769 2667 cu-

172 2708 268 2779 jus
291 2724 443 2762 anno
465 2708 652 2771 tertio,
668 2708 762 2777 qui
794 2708 896 2761 fuit
921 2708 1144 2776 epochae
1174 2714 1378 2761 nostrae
1401 2704 1764 2769 centesimus,

174 2800 415 2854 Joannis
437 2815 657 2869 quoque
688 2800 1034 2868 evangelistee
1066 2806 1240 2852 morte
1263 2797 1484 2860 nobilis,
1524 2796 1767 2851 Cherso-

176 2909 263 2947 με
297 2894 357 2947 in
383 2892 585 2954 Ponto,
616 2899 741 2961 post
789 2890 968 2945 exsilii
1021 2891 1106 2944 sui
1137 2889 1599 2959 quinquennium,
1628 2889 1772 2942 occi-

175 2988 347 3042 ditur.
378 2984 432 3041 Is
459 2993 581 3041 erat
610 3000 788 3039 annus
804 2994 927 3054 post
956 2982 1164 3039 Christi
1191 2983 1590 3038 Ascensionem
1612 2996 1771 3037 sexa—

175 3079 424 3150 gesimus
447 3086 504 3134 et
544 3087 794 3141 octavus,
828 3085 992 3146 prout
1014 3077 1281 3131 habemus
1301 3074 1586 3129 traditum.
1622 3072 1771 3141 Quot

1878 1894 2051 1937 tamen
2079 1899 2183 1937 non
2212 1881 2486 1950 rejiciatur
2513 1897 2539 1933 e
2570 1897 2785 1934 numero
2838 1880 3145 1949 pontiﬁcum
3186 1879 3450 1933 Romano-

1875 1992 1992 2028 rum
2018 1973 2218 2039 Cletus,
2257 1990 2349 2027 nec
2402 1982 2698 2043 martyrum
2728 1972 3156 2043 Lugdunensium
3187 1974 3449 2027 sincerum

1875 2067 2232 2119 testimonium
2262 2064 2656 2128 condemnetur,
2687 2063 2829 2118 haud
2872 2067 3024 2119 inviti
3075 2067 3443 2120 assentiemur.

1874 2157 1988 2228 Ego
2011 2159 2192 2228 itaque
2241 2158 2415 2211 multa
2478 2156 2805 2226 curiosaque
2836 2158 3115 2227 indagine,
3150 2170 3448 2227 postquam

1874 2253 2117 2306 rationes
2176 2265 2368 2304 omnes
2416 2249 2693 2302 variorum
2754 2249 3084 2318 scriptorum
3140 2248 3430 2319 diligenter

1874 2344 2116 2406 excussi,
2149 2341 2341 2395 videor
2379 2341 2510 2395 mihi
2540 2341 2655 2395 veri
2677 2341 2838 2397 ﬁdem
2860 2343 3286 2413 deprehendisse
3307 2342 3447 2393 hanc

1874 2436 2266 2493 certissimam.

1941 2530 2101 2586 Anno
2143 2531 2365 2600 epocha:
2403 2539 2607 2587 nostrae
2633 2531 2725 2595 41,
2760 2530 2848 2585 die
2867 2530 2939 2582 25
2964 2527 3235 2589 Januarii,
3262 2525 3447 2579 occiso

1873 2620 2029 2686 Caio,
2058 2625 2328 2679 successit
2350 2624 2405 2677 in
2437 2624 2729 2694 imperium
2753 2622 3036 2684 Claudius,
3066 2621 3158 2689 qui
3179 2617 3443 2672 ilerodcm

1873 2712 2171 2785 Agrippam
2204 2716 2391 2770 statim
2446 2716 2657 2770 dimisit
2714 2715 2771 2768 in
2812 2728 2972 2768 suum
3006 2726 3255 2782 regnum,
3290 2711 3446 2778 isque

1872 2822 2071 2876 magna
2096 2806 2376 2862 celeritate
2398 2822 2651 2861 reversus
2680 2813 2764 2861 est
2794 2806 2849 2858 in
2878 2803 3121 2857 Judaeam
3151 2816 3248 2870 per
3291 2815 3446 2853 men-

1874 2912 1989 2952 sem
2014 2896 2145 2968 (l'ac)
2174 2895 2533 2951 Februarium
2568 2904 2765 2959 totum,
2795 2896 2881 2949 vel
2907 2894 3060 2947 initia
3095 2890 3293 2945 Martii.
3335 2887 3445 2943 Ez-

1874 2996 2068 3058 ceptus
2100 3004 2131 3042 a
2178 2989 2312 3057 suis_
2335 2988 2696 3058 popularibus
2734 2985 3068 3051 honoriﬁce;
3100 2982 3305 3053 quibus
3337 2981 3437 3035 deo

1872 3081 2150 3138 merendis
2184 3091 2267 3153 (ut
2296 3098 2356 3137 se
2376 3083 2678 3152 gratiosum
2710 3096 2773 3135 ac
2803 3080 3121 3151 popularem
3152 3077 3441 3147 praeberet)

175 3187 308 3227 vero
341 3180 480 3225 tunc
516 3162 695 3225 annos
725 3164 990 3225 habuerit
1014 3169 1293 3235 Clemens,
1334 3167 1440 3223 etsi
1476 3182 1586 3221 non
1630 3167 1763 3237 legi-
1796 3153 1837 3209 Ο
1872 3170 2119 3225 odiosam
2166 3170 2279 3226 illis
2330 3170 2788 3234 Christianorum,
2841 3170 3007 3223 nimis
3063 3164 3439 3229 invalentium,

175 3280 299 3317 mus
331 3263 619 3334 proditum
645 3302 660 3325 ,
685 3269 903 3317 constat
938 3268 1123 3316 tamen
1147 3276 1258 3315 non
1298 3261 1471 3315 multo
1492 3259 1762 3313 minorem

177 3356 351 3411 fuisse
382 3354 729 3417 centenario,
770 3352 927 3409 valde
954 3368 1141 3409 senem
1171 3353 1363 3423 utique
1399 3351 1573 3407 fuisse
1600 3367 1765 3427 opor-

174 3459 289 3516 tet,
342 3450 393 3505 si
434 3447 606 3518 (quod
636 3446 838 3501 habent
875 3446 1307 3517 Recognitionum
1354 3446 1499 3510 libri,
1552 3461 1662 3499 non
1708 3446 1764 3499 in

176 3549 353 3594 totum
383 3538 699 3610 dramatici)
750 3538 818 3592 ad
849 3537 1084 3607 primam
1120 3535 1341 3605 famam.
1375 3534 1582 3591 Christi
1643 3534 1761 3604 jam

175 3634 230 3688 in
264 3633 473 3687 coelum
508 3631 738 3700 recepti,
770 3632 985 3684 vivente
1029 3629 1208 3684 adhuc
1251 3627 1497 3695 Tiberio,
1543 3626 1763 3697 juvenis

175 3729 279 3783 fuit
312 3724 567 3781 ﬂorentis
597 3722 1012 3792 aetatis,judicii
1042 3720 1239 3785 limati,
1275 3720 1765 3790 doctrinarumque

173 3821 569 3877 tul-limiorum
602 3816 785 3882 avidi;
822 3816 983 3885 plane
1018 3822 1077 3868 ut
1122 3828 1300 3869 annos
1347 3813 1507 3867 facile
1568 3812 1763 3882 viginti

172 3916 426 3988 quinque
454 3912 778 3975 excesserit,
815 3910 900 3965 vel
936 3909 1006 3963 ad
1027 3908 1373 3975 trigesimum
1406 3906 1637 3977 pr0pius
1668 3920 1762 3960 ac-

171 4005 433 4067 cesserit,
459 4009 731 4071 natusque
751 4001 1003 4055 videatur
1052 4014 1150 4069 per
1198 3998 1357 4053 initia
1388 3997 1612 4051 circiter
1658 4012 1760 4051 no-

172 4108 308 4156 stra:
321 4094 572 4167 epochae,
596 4092 793 4148 Joanni
818 4091 1166 4163 evangelista:
1188 4090 1346 4161 quasi
1370 4096 1680 4145 coaetaneus
1700 4103 1763 4143 ac

175 4193 342 4263 plane
366 4204 609 4244 coaevus.

250 4284 403 4337 Intra
432 4281 539 4335 hoc
578 4281 817 4350 primum
859 4276 1118 4331 saeculum
1140 4272 1519 4345 pontiﬁcatum
1551 4270 1759 4327 Roma-

177 4390 313 4427 num
348 4372 523 4443 gessit
544 4371 839 4441 episcOpus
868 4368 1141 4431 Clemens,
1176 4367 1335 4420 annis
1357 4364 1440 4433 (ut
1472 4365 1612 4419 inter
1645 4379 1763 4418 om-

178 4482 302 4529 nes,
333 4464 589 4535 quamvis
619 4461 997 4517 diversissima
1025 4458 1326 4523 tradentes,
1390 4454 1757 4525 consentitur)
1791 4490 1837 4546 Β

178 4572 382 4611 novem
416 4570 541 4609 cum
571 4552 856 4607 mensibus
876 4558 929 4606 et
958 4550 1153 4605 diebus
1182 4549 1410 4618 aliquot.
1436 4546 1584 4601 Intra
1616 4548 1761 4602 idem

177 4648 447 4705 sarculum
474 4644 718 4714 episcOpi
751 4642 981 4696 Romani
1004 4646 1362 4695 recensentur
1398 4639 1570 4694 Linus
1596 4680 1610 4703 ,
1636 4638 1761 4694 Cle-

176 4748 271 4794 tus
296 4746 354 4792 et
385 4736 688 4789 Anacletus
712 4752 727 4800 ;
766 4747 1083 4803 quanquam
1110 4731 1282 4787 Graeci
1301 4730 1469 4786 ferme
1500 4747 1564 4785 ex
1593 4730 1749 4785 Cleto

174 4840 233 4884 et
250 4827 521 4882 Anacleto
548 4841 716 4879 unum
742 4824 1103 4893 eumdemque
1120 4823 1408 4878 videantur
1432 4823 1755 4893 intelligere,

178 4920 347 4975 nimis
378 4918 705 4980 oscitanter,
737 4923 959 4985 propter
982 4913 1299 4969 afﬁnitatem
1330 4914 1642 4979 nominum,
1666 4929 1757 4969 so-

176 5009 377 5065 cordes
388 5050 400 5062 .

248 5101 393 5167 Quis
446 5114 577 5154 vero
605 5098 692 5152 vel
716 5105 843 5151 ante
879 5096 1001 5162 hos,
1040 5095 1123 5151 vel
1154 5094 1297 5149 inter
1332 5094 1479 5159 illos,
1518 5094 1602 5149 vel
1636 5098 1761 5163 post

178 5196 302 5254 hos,
328 5192 601 5249 Clementi
624 5192 798 5252 locus,
820 5188 964 5259 quod
986 5196 1207 5257 tempus
1222 5187 1507 5249 debeatur,
1530 5186 1761 5255 scripto-

176 5301 267 5339 res
285 5283 654 5351 eertant,jam
677 5282 746 5336 ab
769 5281 995 5349 antiquo
1024 5278 1380 5349 proximoque
1396 5278 1504 5332 illis
1535 5278 1755 5333 saeculo.

178 5377 368 5447 Itaque
398 5384 455 5431 et
485 5376 541 5429 in
563 5374 857 5430 Breviariis
911 5372 1118 5428 nostris
1160 5371 1403 5442 priorum
1457 5370 1758 5426 editionum

176 5484 209 5522 a
261 5469 665 5538 posterioribus
686 5466 964 5521 discordia
1004 5471 1108 5529 est,
1135 5471 1191 5519 et
1221 5462 1457 5533 ἀπορίαν
1497 5476 1652 5516 suam
1702 5462 1759 5515 in

178 5561 463 5625 omnibus,
482 5556 657 5629 usque
678 5559 746 5614 ad
770 5574 972 5613 annum
998 5556 1125 5620 179,
1160 5555 1446 5625 proﬁtetur
1487 5552 1759 5610 Baronius

192 5651 517 5715 identidem,
542 5651 717 5706 donec
756 5649 1019 5710 itaJidem
1056 5662 1213 5704 suam
1245 5647 1442 5702 liberat
1478 5665 1488 5700 ε
1540 5644 1596 5701 Si
1634 5644 1752 5715 quis

256 5828 299 5855 ’⁵
324 5824 447 5880 Act.
488 5843 586 5886 xu.
620 5827 672 5880 ‘2.

1867 3260 2271 3316 multitudinem
2298 3263 2628 3331 opprimere,
2676 3261 3039 3329 hominesque
3083 3259 3207 3311 illos
3244 3272 3438 3318 novos,

1868 3351 2185 3415 seditiosos,
2230 3351 2457 3405 nefaria:
2509 3350 2809 3420 impietatis
2859 3351 2913 3403 in
2962 3348 3443 3417 Deum,lcgesque

1868 3440 2136 3497 Mosaicas
2169 3441 2515 3496 insimulatos
2532 3441 2597 3495 ad
2622 3440 2889 3509 supplicia
2915 3452 3106 3506 rapere
3132 3451 3430 3507 aggressus

1866 3540 1971 3598 est,
1998 3548 2029 3586 a
2051 3533 2343 3602 praecipuis
2362 3548 2553 3587 eorum
2576 3531 2850 3601 capitibus
2868 3528 3132 3599 apostolis
3155 3526 3440 3597 grassandi

1865 3626 2010 3681 facto
2039 3625 2215 3681 initio.
2236 3625 2422 3695 Itaque
2443 3623 2629 3678 occidit
2646 3623 2928 3687 Jacobum,
2949 3620 3169 3690 fratrem
3184 3619 3435 3681 Joannis,

1865 3716 2046 3786 gladio
2068 3716 2133 3770 “.

1936 3807 2089 3861 Hanc
2123 3816 2356 3861 mortem
2382 3806 2647 3863 habemus
2673 3806 2986 3861 adnotatum
3013 3800 3268 3856 Kalendis
3287 3798 3441 3869 Apri-

1871 3900 1963 3965 lis,
2012 3914 2135 3969 qua:
2171 3897 2275 3953 hoc
2325 3914 2467 3953 anno
2495 3900 2557 3953 41
2590 3899 2901 3953 inciderunt
2926 3897 2978 3950 in
3016 3896 3338 3958 Sabbatum;
3380 3899 3439 3944 ut

1863 3986 2113 4042 videatur
2133 3984 2390 4050 Jacobus,
2418 3986 2484 4039 de
2513 3985 2990 4054 occasioneipsius
3013 3982 3261 4043 Sabbati,
3278 3980 3439 4049 quasi

1864 4083 2041 4149 iacto,
2070 4084 2287 4138 dictove
2316 4083 2499 4152 aliquo
2544 4081 2732 4136 violati
2783 4080 3121 4133 tumultuose
3150 4081 3437 4143 correptus

1865 4191 1896 4229 a
1928 4175 2263 4240 furentibus,
2296 4175 2595 4244 statimque
2622 4176 2705 4245 (ut
2734 4172 2868 4226 litin
2913 4170 3125 4225 delictis
3159 4167 3438 4238 ﬂagranti-

1863 4265 1990 4337 bus)
2020 4266 2212 4336 plexus
2250 4266 2447 4335 capite,
2481 4265 2676 4319 saltem
2709 4270 2831 4334 post
2860 4276 3116 4315 occasum
3146 4259 3305 4324 solis;
3330 4250 3439 4327 quo

1864 4364 2144 4411 momento
2196 4354 2484 4411 Judaicum
2551 4354 2849 4408 Sabbatum
2876 4393 2890 4417 ,
2934 4353 3161 4419 diesque
3207 4348 3431 4401 Kalend.

1865 4447 2067 4517 Aprilis
2110 4446 2425 4510 desinebat,
2455 4446 2734 4514 inibatque
2758 4444 2930 4513 prima
2957 4440 3221 4504 Sabbati;
3248 4437 3437 4491 eadem

1866 4540 2066 4610 Aprilis
2105 4543 2310 4594 mensis
2358 4538 2465 4592 illis
2496 4536 2894 4591 numerabatur
2936 4532 3198 4589 secunda.
3256 4530 3435 4599 Atque

1865 4609 1971 4687 hoc
1998 4640 2084 4688 est
2111 4631 2258 4703 quod
2311 4629 2679 4699 Hieronymus
2711 4629 2765 4681 in
2791 4626 2982 4681 Ezech.
3012 4609 3297 4694 cap.xuu,
3322 4630 3437 4675 tra-

1865 4724 2038 4779 ditum
2067 4738 2097 4776 a
2118 4722 2419 4793 majoribus
2446 4735 2555 4774 non
2580 4721 2714 4774 satis
2741 4716 3005 4773 intellexit
3030 4734 3045 4783 ;
3079 4716 3208 4770 dum
3240 4715 3433 4770 scribit

1864 4811 2201 4866 immolatum
2221 4809 2507 4873 Jacobum,
2536 4808 2623 4862 die
2640 4807 2879 4862 secunda
2910 4805 3198 4861 Paschatis
3223 4822 3236 4871 ;
3277 4806 3425 4875 quod

1862 4909 2117 4957 constare
2142 4900 2287 4955 haud
2320 4916 2482 4970 posse
2504 4899 2770 4953 Baronius
2800 4913 3017 4967 quoque
3064 4896 3318 4966 pervidit.
3359 4895 3425 4949 Et

1866 5002 2014 5052 certe
2044 4994 2256 5050 Pascha
2303 4992 2589 5047 Iudaicum
2630 4992 2734 5047 isto
2782 5007 2927 5045 anno
2979 4990 3171 5044 incidit
3203 4990 3257 5043 in
3286 4990 3431 5044 diem

1866 5096 2116 5158 quartam
2146 5087 2367 5158 Aprilis,
2398 5086 2466 5141 ad
2492 5100 2795 5155 vesperam.
2821 5083 2939 5138 Non
2964 5099 3094 5153 ergo
3126 5083 3214 5137 die
3234 5098 3431 5137 secun-

1862 5183 1929 5237 da
1954 5181 2238 5237 Paschalis
2262 5180 2482 5235 occisus
2508 5187 2592 5234 est
2611 5176 2872 5241 Iacobus,
2894 5176 2986 5231 sed
3012 5175 3252 5230 secunda
3275 5190 3426 5228 men-

1866 5268 1962 5330 sis,
1997 5270 2051 5322 in
2082 5283 2244 5340 quam
2267 5266 2476 5322 Pascha
2509 5267 2601 5322 illo
2626 5282 2771 5320 anno
2794 5264 3003 5319 incidit.

1934 5363 2067 5418 Post
2113 5363 2355 5418 occisum
2403 5380 2553 5433 ergo,
2600 5379 2693 5417 seu
2742 5361 2877 5431 ipsis
2931 5360 3111 5412 adhuc
3168 5352 3425 5408 Kalendis

1866 5457 2166 5526 Aprilibus,
2215 5470 2312 5511 seu
2360 5454 2622 5525 postridie
2670 5468 2851 5517 mane,
2898 5450 3181 5509 Jacobum,
3234 5444 3425 5499 videns

1868 5549 2110 5605 Herodes
2142 5550 2246 5604 hoc
2274 5548 2546 5619 placuisse
2576 5545 2799 5611 Judzeis,
2827 5540 3081 5612 apposuit
3124 5534 3424 5607 apprehen-

1869 5643 1996 5699 dere
2031 5650 2082 5697 et
2119 5640 2377 5709 Petrum;
2417 5658 2525 5696 non
2570 5639 2785 5709 quidem
2841 5634 3051 5699 eodem,
3085 5628 3268 5695 credo,
3312 5624 3424 5693 die,
