3936 6172
507 354 580 409 63
1637 345 1726 398 AD
1766 343 1822 399 S.
1865 340 2288 400 CLEMENTEM
2328 340 2347 394 l
2387 339 2621 395 PAPAM
3689 338 3757 394 64

509 467 608 526 sed
628 479 740 522 uno
771 465 964 521 saltem
1022 463 1266 517 alterove
1294 461 1638 530 interposito,
1663 460 1867 530 quibus
1892 459 2075 529 populi
2104 464 2150 520 Α
2177 458 2348 521 niens,
2379 454 2696 511 Clementem
2740 455 2852 510 loco
2902 455 3050 509 illius
3081 453 3346 508 ordinavit
3390 455 3628 519 invitum,
3677 460 3760 512 di-

507 558 830 631 applausum
859 555 1146 625 explorare
1172 569 1236 608 ac
1265 554 1662 622 persentiscere
1679 551 1877 622 potuit,
1899 556 1954 606 et
1973 549 2079 606 Pe-

512 662 629 707 trus
659 648 925 711 inveniri;
959 645 1052 718 qui
1077 647 1238 716 proin
1268 655 1459 715 raptus
1491 644 1657 702 fuerit
1688 646 1745 700 in
1774 659 2079 710 carcerem,

504 741 627 810 ipso
653 739 746 794 die
782 741 1138 810 Azymorum,
1170 736 1524 792 sanctissimo
1554 737 1867 792 securitatis
1905 736 2078 808 asylo,

503 839 560 883 et
606 838 827 898 propter
856 829 1132 899 publicam
1167 829 1412 883 la:titiam
1447 827 1514 881 ad
1545 835 1655 882 tam
1689 828 1874 882 tristia
1896 827 2078 899 inopi-

504 920 696 974 nabili.
730 918 833 974 Sed
873 917 1140 979 Herodem
1208 934 1311 974 nec
1345 917 1584 976 Sabbata
1621 918 1676 972 in
1706 916 1933 984 Jacobo,
1978 934 2081 974 nec

503 1008 708 1082 Azyma
751 1010 806 1064 in
838 1009 1001 1065 Petro
1035 1020 1308 1064 remorata
1365 1017 1516 1077 sunt,
1554 1010 1850 1081 quominus
1886 1010 2080 1065 saltem

503 1103 1117 1171 comprehenderentur,
1142 1101 1314 1157 dilato
1337 1103 1559 1157 interim
1587 1103 1862 1174 supplicio
1885 1142 1900 1167 ,
1933 1102 2079 1173 quod

501 1191 667 1247 Petro
697 1193 1066 1248 meditabatur
1118 1203 1242 1264 post
1293 1193 1525 1260 Pascha,
1563 1195 1793 1265 diesque
1841 1194 2077 1266 Azymo-

501 1298 624 1337 rum
662 1298 854 1339 omnes
901 1291 1237 1339 transactos.
1290 1285 1342 1340 Is
1378 1300 1509 1356 ergo
1565 1286 1982 1342 custodiebatur
2022 1287 2079 1342 in

500 1389 748 1440 carcere,
793 1391 860 1431 ex
897 1391 1007 1446 quo
1037 1391 1136 1446 per
1167 1378 1424 1447 angelum
1454 1378 1720 1433 liberatus
1761 1385 1868 1443 est,
1902 1379 2079 1450 pridie

500 1464 762 1518 destinati
816 1466 1096 1536 supplicii,
1143 1475 1306 1521 nocte
1345 1467 1582 1534 scilicet,
1625 1468 1770 1524 inter
1817 1469 2078 1526 duodeci-

501 1571 646 1609 mam
684 1563 738 1610 et
767 1555 1037 1610 decimam
1074 1559 1294 1612 tertiam
1325 1558 1550 1629 Aprilis.

569 1643 858 1699 Liberatus
890 1653 1044 1700 tanto
1083 1648 1351 1703 miraculo
1396 1648 1616 1716 Petrus,
1645 1651 1838 1706 relicta
1865 1649 2073 1716 Judaza,

500 1736 734 1790 contulit
762 1752 822 1791 se
859 1736 914 1791 in
949 1739 1056 1792 alia
1096 1740 1237 1804 loca,
1292 1744 1708 1813 peragratisque
1760 1744 2076 1814 regionibus

2181 549 2535 618 gnitatemque
2556 549 2716 602 istam
2753 557 3104 602 recusantem.
3149 547 3315 613 Quem
3348 547 3552 602 idoneis
3593 553 3762 606 ratio-

2182 641 2333 696 nibus
2363 657 2675 710 persuasum
2704 643 2771 704 ³⁷,
2805 658 2868 695 ac
2910 640 3175 710 conﬁdere
3204 641 3537 697 admonitum
3582 645 3638 697 in
3671 661 3764 698 ca-

2183 733 2426 788 thedram
2459 733 2762 788 divinorum
2811 733 3140 802 eloquiorum
3188 733 3369 803 (quam
3397 735 3488 788 ille
3521 735 3763 790 obtinue-

2182 825 2289 896 rat)
2322 824 2652 881 sublimavit.
2687 824 3092 880 Profectiouem
3132 825 3275 879 hanc
3319 827 3377 881 in
3422 824 3764 881 Britanniam

2182 917 2402 972 aliunde
2453 916 2591 972 vidit
2639 918 2806 974 etiam
2875 917 3166 979 Baronius,
3206 924 3262 971 et
3308 924 3394 972 est
3455 917 3765 972 luculenter

2181 1004 2487 1074 adstructa,
2529 1023 2642 1063 non
2682 1009 2755 1061 ita
2788 1007 3018 1078 pridem.
3058 1005 3165 1062 Sed
3188 1006 3386 1078 pergit,
3413 1015 3535 1078 post
3561 1023 3763 1076 pauca,

2181 1115 2485 1171 anonymus
2521 1121 2532 1156 :
2586 1100 2760 1171 Igitur
2806 1101 3081 1170 confestim
3123 1101 3338 1167 milites,
3375 1101 3766 1169 comprehensis

2181 1191 2420 1245 omnibus
2473 1192 2561 1262 qui
2594 1190 2807 1246 Christo
2840 1206 3026 1250 nomen
3047 1189 3325 1254 dederant,
3355 1191 3409 1243 in
3438 1189 3766 1243 condemna-

2182 1291 2354 1335 torum
2380 1299 2468 1336 eos
2496 1281 2827 1336 deduxerunt
2875 1282 3072 1336 locum.
3105 1280 3174 1334 Et
3222 1279 3478 1336 Clementi
3526 1281 3763 1350 quidem,

2179 1382 2377 1442 utpote
2407 1374 2470 1428 de
2503 1376 2811 1444 cognatione
2870 1372 3128 1437 Carsaris,
3174 1383 3533 1442 pepercerunt,
3587 1371 3766 1426 Hero-

2178 1469 2385 1524 dionem
2415 1487 2531 1524 vero
2563 1479 2611 1523 et
2645 1468 2926 1539 Olympam
2950 1468 2996 1498 ⁸⁸
3021 1483 3141 1520 cum
3163 1467 3370 1536 reliqua
3398 1466 3766 1530 multitudine,

2177 1561 2356 1635 gladio
2421 1570 2810 1631 percusserunt.
2878 1558 3097 1614 Petrum
3159 1568 3355 1622 autem,
3401 1573 3651 1627 magnum
3696 1557 3768 1609 il-

2180 1653 2288 1706 lum
2320 1652 2532 1704 Domini
2567 1649 2866 1720 apostolum
2898 1649 3006 1703 situ
3053 1649 3096 1680 ¹⁹
3141 1649 3345 1702 inverso
3379 1646 3769 1714 suspenderunt

2179 1746 2234 1802 in
2263 1759 2454 1806 cruce;
2487 1745 2541 1795 in
2571 1759 2675 1813 qua
2706 1741 2988 1795 vulnerum
3023 1741 3235 1796 dolores
3263 1742 3435 1794 instar
3456 1740 3660 1794 Christi
3705 1759 3770 1795 ac

504 1828 691 1893 variis,
725 1830 1089 1902 ecclesiisque
1119 1833 1489 1894 conﬁrmatis.
1551 1838 1803 1906 pervenit
1855 1836 2074 1892 tandem
2106 1809 2149 1863 Β
2183 1834 2275 1888 Dei
2305 1833 2470 1886 nostri
2492 1847 2789 1901 perpessus,
2813 1845 3005 1898 puram
3053 1845 3207 1882 suam
3253 1837 3408 1898 atque
3436 1827 3772 1880 incontami-

499 1916 750 1988 Romam,
780 1932 1058 1993 cmptaute
1089 1941 1236 1981 anno
1272 1925 1488 1982 Claudii
1518 1927 1784 1996 secundo,
1814 1929 1936 1999 ipso
1989 1943 2077 1983 se-

499 2015 741 2070 cundum
778 2025 835 2073 et
863 2017 1043 2090 Largo
1091 2021 1441 2087 consulibus,
1473 2023 1568 2093 qui
1597 2023 1699 2078 fuit
1728 2039 1906 2078 anuus
1954 2039 2078 2079 aera:

499 2113 705 2162 nostrae
733 2108 822 2172 42,
857 2109 1081 2181 ﬁxitque
1122 2113 1234 2168 illic
1269 2113 1456 2169 sedem
1509 2115 1845 2184 pontiﬁciam
1869 2156 1884 2181 ,
1915 2116 2077 2186 cujus

499 2199 776 2255 cathedrae
804 2203 1004 2258 natalis
1033 2205 1364 2273 celebratur,
1400 2207 1615 2261 decima
1653 2216 1845 2264 octava
1873 2207 2078 2264 Janua-

499 2293 590 2348 rii.
620 2292 666 2345 A
694 2309 802 2363 qua
832 2293 920 2350 die
945 2295 1011 2349 ad
1039 2297 1162 2365 ejus
1190 2306 1418 2354 mortem
1445 2311 1805 2355 numerantur
1835 2305 1960 2357 anni
1982 2303 2074 2367 25,

500 2401 721 2440 menses
749 2385 804 2448 5,
835 2385 954 2442 dies
985 2387 1072 2451 12,
1108 2389 1155 2444 si
1184 2405 1442 2446 numeres
1475 2405 1504 2444 a
1543 2392 1631 2447 die
1661 2410 1730 2448 xv
1770 2393 1888 2451 Kal.
1914 2395 2074 2452 Febr.

499 2475 571 2530 ad
609 2493 670 2529 ιιι
716 2477 836 2533 Kal.
886 2478 1062 2534 Julias
1099 2483 1229 2535 anni
1260 2483 1437 2538 nostri
1469 2483 1559 2549 67,
1617 2501 1728 2554 quo
1781 2487 2077 2543 cruciﬁxus

497 2567 736 2622 animam
767 2566 878 2623 Deo
909 2569 1164 2625 reddidit.

573 2659 747 2714 Medio
804 2661 912 2715 isto
972 2670 1243 2732 tempore,
1295 2677 1421 2718 cum
1473 2663 1735 2719 Claudius
1784 2665 2082 2736 imperator

498 2747 682 2804 edicto
711 2746 929 2804 Judseos
959 2747 1133 2805 Roma
1163 2754 1488 2822 expulisset,
1545 2755 1664 2824 ipse
1707 2772 1928 2826 quoque
1977 2755 2080 2811 Pe-

500 2843 622 2890 trus
661 2838 860 2893 cedere
895 2849 1121 2894 coactus
1168 2850 1286 2908 est;
1322 2858 1690 2915 reversusque
1741 2847 1795 2900 iu
1836 2845 2079 2901 Judaeum

501 2929 799 2984 concilium
833 2931 1023 2985 habuit
1052 2931 1184 2986 illud
1218 2934 1455 3004 primum
1487 2937 1888 3006 apostolorum,
1937 2954 2082 2994 anno

502 3031 697 3075 nostro
724 3022 814 3090 50,
851 3021 1081 3078 Claudio
1119 3023 1246 3079 dein
1281 3025 1520 3092 sublato,
1549 3042 1600 3082 a.
1629 3027 1685 3084 d.
1718 3045 1781 3082 ιιι
1824 3030 1951 3085 ldus
1975 3030 2080 3087 Oc-

501 3114 698 3179 tobris,
734 3129 879 3170 anno
917 3124 1117 3171 nostro
1148 3118 1236 3182 54,
1271 3121 1545 3175 successit
1575 3119 1742 3187 Nero,
1775 3123 1953 3193 primo
1977 3124 2081 3178 im-

502 3205 644 3276 perii
703 3207 790 3261 sui
842 3208 1224 3279 quinquennio
1285 3212 1753 3268 clementissimus
1802 3216 2079 3288 princeps.

505 3295 620 3352 Sub
649 3314 760 3369 quo
792 3298 988 3355 Petrus
1018 3317 1277 3356 reversus
1308 3301 1562 3368 Romam,
1596 3322 1707 3360 non
1741 3307 1853 3362 illic
1884 3310 2086 3365 seden-

503 3391 701 3445 tariam
730 3392 896 3447 vitam
929 3395 1232 3465 transegit,
1264 3396 1363 3450 sed
1385 3399 1634 3467 gnaviter
1664 3408 1829 3470 atque
1855 3402 2086 3474 impigre

505 3481 642 3536 alias
673 3498 894 3554 quoque
923 3485 1076 3539 orbis
1102 3485 1334 3540 Romani
1361 3490 1674 3558 provincias
1698 3492 1996 3558 circumiit,
2023 3511 2087 3549 ac

504 3571 742 3642 denique
787 3574 843 3629 in
870 3575 1184 3631 Britannias
1215 3582 1543 3646 penetravit.
1575 3580 1712 3636 Dum
1748 3599 1877 3638 vero
1907 3585 2083 3657 abest,

506 3679 576 3718 ne
603 3661 776 3718 Roma
808 3666 929 3720 sine
957 3669 1133 3736 capite
1185 3669 1409 3724 interim
1460 3680 1667 3743 ageret,
1702 3673 1896 3729 Linum
1929 3677 1973 3708 "
2008 3677 2085 3731 illi

506 3756 796 3810 constituit
824 3759 1167 3829 episcopum,
1199 3761 1487 3817 consulatu
1571 3762 1808 3820 Neronis
1841 3777 1894 3821 et
1925 3767 2060 3823 Vete

508 3848 614 3912 ris,
647 3862 792 3903 anno
823 3857 1014 3904 nostro
1035 3851 1121 3906 55.
1148 3850 1199 3906 ls
1225 3869 1356 3907 vero
1387 3853 1527 3908 sedit
1555 3870 1729 3911 annos
1753 3856 1821 3912 12
1843 3857 2090 3928 (inchoa-

507 3945 596 3992 tos
617 3937 974 4012 interpretor)
1003 3943 1107 3996 hoc
1131 3951 1236 4006 est,
1265 3943 1518 3998 undecim
1537 3954 1765 4001 exactos
1789 3962 1915 4002 cum
1938 3964 2090 4003 men-

509 4027 662 4082 sibus
691 4036 948 4098 quatuor,
983 4030 1180 4086 diebus
1209 4032 1522 4096 duodecim,
1555 4035 1836 4105 quotidem
1872 4053 2089 4094 menses

509 4131 577 4176 ac
630 4119 748 4175 dies
803 4121 1005 4176 habent
1068 4125 1406 4179 membranas
1471 4125 1852 4185 Bucherianse.
1918 4129 2090 4186 Desiit

507 4226 642 4283 ergo
671 4213 854 4271 vivere
881 4230 1026 4270 anno
1051 4225 1242 4271 nostro
1271 4217 1361 4284 66,
1387 4221 1635 4285 omnino,
1667 4221 1886 4278 vivente
1909 4222 2090 4278 adhuc

510 4301 707 4372 Petro;
731 4306 879 4377 quod
902 4307 1180 4364 luculente
1203 4310 1494 4366 confirmat
1515 4313 1754 4383 scriptor
1783 4330 2089 4386 anonymus

511 4396 590 4452 De
623 4399 1019 4463 certaminibus,
1075 4403 1607 4472 peregrinationibus,
1660 4406 1769 4461 vita
1823 4417 1874 4461 et
1925 4418 2090 4463 morte

2179 1936 2361 1981 natam
2383 1926 2620 1978 animam
2648 1925 2702 1976 in
2746 1923 2844 1978 Dei
2878 1939 3066 1976 manus
3115 1921 3324 1976 obtulit.
3374 1919 3615 1974 Clemens
3645 1935 3769 1972 uero

2175 2017 2464 2085 discipulus
2518 2015 2632 2084 ejus
2682 2023 2733 2068 et
2786 2016 3061 2082 episcopus
3093 2015 3384 2083 pretiosum
3410 2013 3525 2082 ejus
3570 2027 3770 2081 corpus

2181 2108 2462 2178 magniﬁce
2489 2107 2542 2160 in
2567 2107 2680 2161 loco
2711 2107 2914 2160 illustri
2942 2105 3240 2160 tumulavit.

2251 2199 2390 2254 Ecce
2414 2209 2494 2265 ut,
2531 2199 2748 2253 vivente
2786 2196 2966 2251 adhuc
2995 2195 3179 2261 Petro,
3216 2195 3387 2250 Linus
3417 2195 3620 2250 sederit
3649 2195 3776 2267 epi-

2180 2307 2381 2360 seopus
2427 2306 2590 2360 quem
2626 2295 2918 2359 propterea
2967 2287 3423 2357 chorepiscopum
3465 2285 3750 2341 Mariauus

2180 2384 2383 2454 aliique
2425 2384 2790 2452 scripserunt,
2841 2382 2986 2436 inter
3032 2396 3172 2452 quos
3215 2381 3324 2435 Leo
3371 2377 3436 2444 ll,
3469 2393 3774 2434 successor

2179 2473 2524 2545 Agathonis:
2575 2472 2791 2536 Petrus,
2853 2472 3052 2543 inquit,
3111 2471 3383 2542 adjutores
3435 2470 3536 2525 sibi
3579 2470 3777 2524 accivit

2180 2571 2374 2624 Linum
2423 2579 2474 2624 et
2519 2569 2766 2630 Cletum;
2796 2586 2901 2623 non
2947 2579 3126 2624 tamen
3169 2570 3426 2637 pontiﬁcii
3456 2577 3779 2638 potestatem

2179 2665 2253 2718 eis
2280 2662 2526 2725 tradidit,
2569 2662 2659 2716 sed
2693 2662 2974 2716 Clementi.
3015 2661 3149 2714 Tam
3182 2669 3392 2715 certum
3426 2676 3645 2731 semper
3668 2660 3780 2714 fuit

2182 2771 2288 2809 una
2318 2771 2443 2810 cum
2475 2755 2635 2810 Petro
2661 2754 2856 2807 Linum
2890 2753 3175 2822 przeluisse
3203 2752 3452 2807 ﬁdelibus
3479 2751 3776 2818 Romanis,

2181 2857 2229 2902 et
2265 2850 2333 2902 ab
2364 2849 2554 2902 eodem
2580 2845 2741 2901 Petro
2763 2845 3030 2900 traditum
3061 2845 3440 2914 pontiﬁcatum
3471 2845 3777 2902 Clementi.

2185 2938 2276 2993 Sic
2307 2954 2439 3009 ergo
2469 2937 2731 3008 liquidior
2769 2935 2962 3007 incipit
3009 2934 3178 2990 ﬂuere
3230 2935 3346 2989 base
3377 2934 3776 3006 Chronologia,

2182 3033 2238 3087 in
2261 3032 2410 3086 hunc
2433 3030 2656 3084 modum
2692 3049 2704 3083 :

2108 3157 2150 3214 ο
2253 3124 2411 3177 Anno
2443 3131 2633 3176 nostro
2687 3121 2757 3176 66
2805 3120 2974 3175 Linus
3021 3128 3358 3190 postremum
3406 3118 3567 3184 vixit,
3622 3132 3783 3172 mor-

2189 3225 2318 3271 tuus
2349 3215 2610 3286 vigesima
2660 3215 2822 3268 tertia
2871 3211 3232 3282 Septembris,
3287 3226 3434 3264 anno
3474 3209 3544 3264 12
3596 3208 3781 3264 Nero-

2187 3308 2295 3372 nis,
2325 3323 2435 3377 quo
2465 3305 2662 3360 Petrus
2691 3321 2759 3360 ex
2789 3303 3074 3357 Britannia
3105 3319 3363 3358 reversus
3411 3300 3643 3357 Romam
3682 3299 3783 3355 Li-

2187 3415 2318 3454 num
2345 3397 2552 3453 invenit
2576 3397 2690 3467 jam
2742 3404 3043 3451 mortuum.
3098 3393 3217 3463 Ipse
3248 3409 3394 3461 mox,
3422 3409 3546 3447 cum
3571 3393 3776 3458 Paulo,

2188 3491 2471 3560 conjectus
2495 3498 2580 3544 est
2611 3489 2667 3543 in
2698 3503 2976 3542 carcerem
3005 3485 3412 3550 Mamertinum,
3446 3486 3505 3540 iu
3535 3501 3648 3556 quo
3673 3484 3766 3539 de-

2191 3584 2321 3639 tenti
2355 3583 2578 3637 fuerunt
2623 3566 2842 3636 incuses
2892 3589 3038 3646 octo,
3087 3595 3262 3650 usque
3295 3579 3363 3633 ad
3409 3579 3570 3634 ﬁnem
3618 3575 3781 3631 Junii

2190 3675 2493 3745 sequentis.

2259 3768 2418 3822 Anno
2447 3774 2636 3820 nostro
2683 3765 2774 3830 67,
2821 3765 3017 3820 Petrus
3056 3765 3110 3819 in
3162 3780 3386 3819 carcere
3434 3767 3786 3820 constitutus.

2189 3859 2462 3930 persuasit
2489 3857 2781 3921 Clementi,
2810 3865 2868 3910 ut
2889 3857 3270 3926 episcopatum
3305 3855 3466 3910 vellet
3489 3855 3784 3924 suscipere

2188 3961 2244 4007 et
2273 3951 2409 4004 Lino
2447 3949 2764 4004 succedere.
2801 3947 2851 4002 Is
2901 3963 3032 4016 ergo
3078 3963 3143 4002 ex
3179 3947 3343 4016 hujus
3375 3948 3504 4000 anni
3547 3947 3784 4002 circiter

2190 4041 2456 4096 Paschate
2486 4040 2628 4095 sedit
2653 4055 2827 4094 annos
2858 4039 2912 4102 9,
2947 4054 3169 4094 menses
3198 4039 3287 4100 11.
3321 4039 3441 4093 dies
3467 4037 3555 4104 12,
3590 4047 3651 4092 ιιι
3677 4039 3783 4093 ha-

2189 4135 2280 4190 bet
2318 4131 2631 4195 lndiculus,
2659 4131 2814 4200 juxta
2856 4146 3016 4200 quem
3053 4130 3220 4185 occisi
3268 4129 3413 4184 Petri
3469 4129 3781 4200 pretiosum

2191 4241 2392 4295 corpus
2423 4223 2707 4296 magniﬁce
2741 4223 3013 4294 sepelivit,
3043 4221 3246 4293 insigni
3282 4222 3337 4276 in
3371 4222 3511 4286 loco,
3543 4231 3602 4275 ut
3632 4221 3782 4276 vidi-

2191 4333 2334 4372 mus.

2261 4405 2420 4459 Auno
2489 4417 2620 4472 ergo
2651 4401 2738 4465 77,
2781 4416 2909 4456 cum
2966 4397 3152 4454 Roma:
3203 4400 3349 4455 inter
3403 4399 3595 4455 ﬁdeles
3651 4409 3782 4454 orta

512 4488 660 4544 Petri
687 4499 736 4545 et
769 4489 965 4556 Pauli;
995 4508 1154 4562 quem
1181 4493 1490 4550 Arundella:
1515 4497 1733 4553 comitis
1765 4497 2085 4555 Sacellanus
2118 4517 2164 4575 D
2191 4506 2340 4552 esset
2377 4496 2578 4567 (qualis
2609 4502 2800 4565 postea
2829 4491 3104 4563 Corinthi)
3142 4506 3340 4562 magna
3371 4492 3647 4548 dissensio
3679 4509 3781 4547 su-

513 4582 797 4652 (Pertams)
824 4599 856 4638 e
897 4582 1104 4640 Gnecia
1143 4602 1332 4642 secum
1365 4589 1586 4643 advexit
1617 4588 1671 4643 in
1705 4589 1977 4659 Angliam,
2019 4608 2086 4646 ex

511 4687 622 4740 quo
672 4671 943 4730 Patricius
982 4675 1178 4732 Junius
1223 4679 1489 4734 illustrem
1541 4681 1686 4736 hunc
1717 4681 1896 4737 locum
1930 4683 2084 4750 citat,

513 4763 701 4822 Graece
722 4767 962 4837 quidem,
982 4769 1073 4824 sed
1094 4787 1253 4840 quem
1277 4787 1378 4842 ego
1408 4779 1488 4827 sic
1508 4771 1698 4830 Latine
1720 4783 2084 4844 repraeseuto:

512 4855 568 4919 Μ
577 4865 759 4913 oratus
788 4858 980 4915 Petrus
1011 4862 1066 4915 in
1088 4862 1373 4919 Britannia
1405 4863 1517 4918 dies
1546 4866 1772 4932 aliquot,
1799 4883 1920 4920 cum
1949 4867 2089 4920 mul-

516 4958 594 5006 tos
619 4948 972 5006 illuminasset
1001 4953 1152 5007 verbo
1179 4955 1387 5023 gratiae,
1412 4955 1758 5028 ecclesiasque
1783 4959 2090 5011 constituis-

513 5045 613 5100 set,
677 5048 954 5109 postquam
989 5043 1256 5112 episcopos
1304 5062 1505 5116 quoque
1545 5056 1596 5101 et
1646 5048 1977 5118 presbyteros
2027 5065 2090 5102 ac

514 5127 766 5184 diaconos
815 5132 1130 5198 ordinasset,
1178 5136 1436 5204 impositis
1485 5141 1728 5195 manibus
1777 5140 2089 5195 duodecimo

520 5220 751 5278 Neronis
781 5241 919 5281 anno
951 5229 1020 5297 (is
1052 5228 1153 5284 fuit
1181 5241 1368 5288 uoster
1397 5233 1488 5297 66,
1517 5235 1628 5304 jam
1667 5232 1968 5296 indicatus)
1992 5234 2088 5286 ite-

518 5327 638 5368 rum
667 5313 889 5370 Romam
920 5317 1116 5384 rediit;
1147 5321 1236 5376 ubi
1279 5320 1466 5378 Linum
1489 5323 1610 5394 jam
1648 5332 1914 5376 mortuum
1955 5322 2094 5375 inre~

2191 4606 2287 4660 per
2310 4590 2516 4643 honore
2567 4586 2963 4657 pontiﬁcatus,
3014 4600 3086 4638 nc
3115 4584 3273 4654 quasi
3327 4599 3392 4639 ex
3441 4591 3781 4639 testamento

2189 4681 2337 4737 Petri
2378 4680 2716 4736 successisse
2748 4678 3026 4732 videretur
3049 4677 3324 4739 Clemens,
3353 4691 3417 4730 ac
3442 4692 3512 4730 ne
3532 4677 3782 4746 posteris

2189 4775 2306 4829 hinc
2334 4772 2674 4843 principatus
2701 4769 2928 4823 ambitio
2959 4767 3250 4838 perniciosi
3276 4769 3508 4836 exempli
3538 4768 3784 4823 habere-

2188 4874 2302 4929 tur,
2335 4864 2480 4918 ultro
2507 4877 2567 4917 se
2611 4857 2932 4931 pontiﬁcatu
2965 4856 3260 4920 abdicavit,
3307 4872 3441 4911 usus
3492 4857 3616 4912 istis
3656 4875 3780 4913 ver-

2191 4958 2297 5019 bis,
2347 4970 2469 5025 quae
2528 4954 2582 5007 iu
2638 4953 2810 5006 altera
2859 4950 3090 5020 epistola
3134 4949 3437 5003 Corinthiis
3481 4953 3781 5020 proposuit

2185 5047 2447 5102 imitanda
2483 5066 2495 5100 :
2533 5043 2592 5099 Si
2624 5051 2832 5112 propter
2866 5058 2945 5095 me
2977 5039 3188 5104 seditio,
3245 5042 3513 5095 contentio
3540 5053 3594 5095 et
3625 5045 3777 5097 schi-

2187 5151 2363 5194 smata
2386 5148 2505 5192 orta
2529 5146 2676 5200 sunt,
2695 5133 2986 5204 emigrabo,
3022 5131 3176 5186 abibo
3201 5149 3508 5202 quocunque
3538 5135 3778 5189 volueri-

2187 5234 2276 5286 tis.
2306 5230 2667 5302 Epiphanius,
2702 5227 2756 5282 in
2785 5225 2980 5280 haeresi
3009 5224 3596 5292 Carpocratianorum,
3628 5226 3775 5282 hanc

2186 5321 2487 5377 Clementis
2512 5317 2918 5376 abdicationem
2957 5316 3062 5371 hoc
3107 5315 3530 5384 epiphonemata
3585 5317 3772 5372 innuit

595 5557 868 5638 "Cleturn
896 5561 1414 5638 addit_l'_)amasns_in
1442 5564 1614 5638 Cestis
1639 5570 1946 5638 pontiﬁcum
1973 5566 2235 5623 mss.lioc
2256 5568 2401 5624 enim
2435 5569 2488 5622 in
2516 5568 2678 5624 editis
2697 5581 2808 5621 non
2828 5569 3133 5638 comparet.
3173 5562 3264 5618 Sic
3291 5565 3454 5638 etiam
3484 5565 3770 5638 Mal-ianus

527 5624 744 5704 Scottis.
823 5634 866 5704 ἓν
887 5631 1018 5704 Qua:
1040 5633 1306 5704 Clementi
1331 5635 1528 5690 dixerit
1553 5624 1915 5702 Pclrtls,ctim
1946 5641 2452 5698 enmconsecravit.
2490 5654 2554 5691 ex
2583 5637 2878 5692 Anastasio
2908 5624 3010 5688 ms.
3047 5634 3193 5703 leges
3229 5636 3371 5704 apud
3407 5635 3765 5696 Salmasiun‘.

529 5696 590 5775 i_n_
617 5697 997 5775 Ettgharistieo.
1028 5703 1145 5756 Jac.
1181 5702 1494 5759 Sirmondo.
1534 5725 1582 5775 p.
1621 5696 1903 5764 66111ωο
1924 5709 2070 5766 enim
2095 5709 2162 5766 ab
2193 5696 2470 5767 Anastasii
2499 5708 2803 5766 editoribus
2833 5696 3284 5775 expuucta'sunt'.

531 5765 619 5832 il,
657 5769 740 5828 15.
818 5772 863 5804 ³⁸
887 5771 1273 5830 Theodorctum
1322 5776 1443 5832 vide
1460 5765 1595 5846 Πεξρὶ
1624 5775 1874 5846 ἀγάπης.

3382 5706 3427 5736 ’⁸
3461 5706 3622 5762 Rom.
3651 5722 3763 5772 xu,
