3936 6172
202 275 275 332 65
1436 279 1779 336 PROOEMIA
1824 278 2182 339 VARIORUM
2196 327 2207 339 .
3381 297 3450 351 66

198 390 566 447 conclusam:
600 388 815 454 Secede,
849 393 998 456 abeo,
1046 390 1171 447 bene
1213 390 1523 445 stabitiatur
1551 394 1774 461 populus
1804 395 1849 452 A
1880 405 2054 449 strum
2096 396 2200 450 119
2225 437 2239 460 ,
2290 395 2531 453 Adriano
2581 413 2639 452 ιιι
2717 408 2770 455 et
2826 399 3051 457 Rustico
3109 404 3449 472 consulibus,

198 483 331 547 Dei;
353 482 586 547 addens,
612 498 675 538 se
706 484 758 537 id
790 484 846 537 in
873 483 1292 539 commentariis
1322 484 1654 553 quibusdam
1696 485 1776 539 sic

201 576 510 631 invenisse.
536 575 894 630 Abdicaverit
922 591 1052 647 ergo
1081 576 1171 632 die
1222 577 1290 630 13
1317 576 1623 641 Februarii,
1653 593 1775 647 quae

196 676 334 720 tunc
376 665 483 719 fuit
529 665 668 719 feria
697 675 894 735 quarta
934 666 1213 721 Cinerum.
1246 664 1323 721 lta
1371 674 1496 737 post
1543 677 1779 737 quatuor

194 758 319 814 dies
341 758 560 822 Cletus,
590 766 646 813 et
669 774 728 815 re
756 768 812 814 et
841 759 1063 813 nomine
1087 759 1318 828 electus,
1369 760 1563 817 sedere
1610 764 1777 833 coepit

193 866 266 905 ex
296 850 391 905 die
415 850 483 904 16
510 836 817 913 Februarii,
848 849 1130 905 Dominica
1162 848 1279 917 ipsa
1301 852 1773 923 Quadragesimaa,

192 944 486 1013 tenuitque
510 942 910 1012 pontiﬁcatum,
944 942 1070 996 vivo
1096 942 1400 1007 Clemente,
1444 945 1603 999 annis
1651 960 1771 1009 sex,

193 1036 488 1090 mensibus
536 1034 773 1097 duobus,
809 1032 1003 1088 diebus
1053 1032 1270 1099 decem,
1312 1050 1453 1105 quos
1491 1034 1772 1092 lndiculus

191 1134 560 1197 repraesentat
618 1133 835 1181 exserte
864 1144 879 1181 :
906 1126 949 1178 Α
989 1130 1291 1192 consulatu,
1322 1125 1519 1195 inquit,
1574 1127 1773 1196 Vespa-

191 1219 339 1271 siani
412 1232 507 1271 vui
545 1227 594 1271 et
614 1217 910 1271 Domitiani
953 1234 1014 1280 v,
1048 1217 1144 1286 qui
1168 1224 1254 1273 est
1294 1231 1471 1273 annus
1500 1218 1632 1272 mihi
1656 1219 1772 1288 jam

191 1315 475 1370 indicatus
509 1313 597 1375 77,
631 1313 974 1383 planissime.

264 1405 431 1458 Anno
484 1404 652 1474 igitur
684 1410 875 1456 nostro
916 1402 1007 1465 85,
1063 1399 1374 1454 Domitiano
1415 1416 1472 1455 ix
1529 1409 1583 1455 et
1627 1399 1771 1455 Rufo

190 1496 542 1560 consulibus,
570 1495 766 1549 obierit
794 1492 1003 1557 Cletus,
1032 1493 1121 1547 die
1166 1490 1236 1544 36
1258 1492 1482 1560 Aprilis,
1508 1499 1565 1546 ut
1584 1499 1668 1547 est
1714 1493 1769 1546 in

188 1584 603 1655 liemerologio,
657 1584 1003 1638 intervallum
1047 1582 1181 1637 illud
1218 1597 1250 1636 a
1282 1582 1562 1637 creatione
1600 1582 1765 1645 illius,

186 1677 261 1730 ad
314 1691 557 1745 unguem
608 1674 992 1729 conﬁrmante.
1046 1672 1287 1728 Vacasse
1333 1672 1569 1726 traditur
1611 1672 1769 1726 sedes

1879 488 2101 557 quando
2133 489 2199 543 ad
2228 490 2370 545 diem
2409 491 2622 545 tertiam
2654 492 2777 546 Maii
2811 494 3031 551 occisus
3055 504 3160 563 est,
3194 504 3248 552 et
3296 514 3454 554 vaca-

1875 579 1953 632 vit
2000 580 2159 635 scdes
2200 580 2393 636 diebus
2445 582 2536 647 25,
2572 599 2745 653 usque
2771 586 2838 639 ad
2881 586 3194 642 vicesimam
3249 604 3452 645 nonam

1881 668 2013 723 Maii
2042 668 2405 736 Dominicam,
2436 689 2544 743 qua
2572 676 2841 729 successit
2872 675 3098 747 Xystus.
3127 677 3256 735 Post
3285 696 3449 751 quem

1876 775 2021 816 anno
2052 762 2156 817 128
2190 762 2580 834 Telesphorus,
2615 766 2717 820 158
2749 766 3010 838 Hyginus,
3037 769 3139 823 142
3171 770 3322 835 Pius,
3347 772 3451 829 sub

1874 867 1984 922 quo
2013 852 2254 909 Marcion
2284 856 2575 912 haereticus
2605 870 2829 913 exortus
2853 868 2959 924 est,
2988 863 3147 917 annis
3193 864 3297 917 115
3326 872 3451 935 post

1875 942 2014 997 duos
2037 945 2290 1014 geminos
2336 948 2615 1013 consules,
2648 949 2752 1003 hoc
2781 958 2887 1017 est,
2926 966 3072 1007 anno
3101 961 3290 1009 nostro
3321 937 3447 1021 145,

1875 1035 2105 1091 docente
2133 1037 2238 1093 hoc
2266 1037 2620 1096 Tertulliano.

1946 1124 2038 1182 Sic
2069 1144 2198 1199 ergo
2229 1132 2529 1200 specimine
2558 1132 2755 1186 saltem
2787 1134 3015 1203 praebito
3069 1137 3443 1202 restituendae,

1872 1218 2018 1286 quod
2041 1219 2359 1287 pollicebar,
2406 1220 2773 1292 chronologia:
2798 1225 3112 1293 pontiﬁciae,
3146 1227 3447 1282 intellecto-

1872 1322 1980 1375 que
2031 1317 2297 1379 tempore,
2361 1326 2470 1379 quo
2528 1312 2902 1382 episcopatum
2952 1317 3122 1386 gessit
3166 1316 3447 1384 Clemens,

1871 1416 2087 1470 quoque
2116 1409 2240 1471 post
2278 1402 2587 1456 abdicatum
2620 1405 2996 1474 pontificatum
3039 1408 3256 1463 tandem
3297 1412 3446 1464 occi-

1873 1508 1969 1548 sus
1998 1500 2105 1556 est,
2156 1494 2440 1549 videamus
2472 1510 2616 1549 nunc
2651 1503 2705 1550 et
2734 1495 2801 1550 de
2833 1513 2961 1552 vero
2992 1500 3348 1568 epistolarum
3378 1503 3446 1555 il-

1871 1586 1979 1642 lius
2005 1596 2267 1656 tempore,
2301 1586 2463 1642 istius
2497 1588 2733 1644 maxime
2760 1589 2805 1620 ³ο
2836 1606 2998 1660 quam
3044 1608 3191 1647 nunc
3221 1593 3437 1651 damus.

1872 1676 2007 1730 Nam
2049 1676 2139 1729 illa
2172 1677 2438 1746 praeclara
2483 1678 2847 1749 omnibusque
2895 1683 3135 1751 antiquis
3187 1684 3444 1740 Patribus

184 1765 390 1818 diebus
410 1744 507 1818 715.
556 1762 699 1826 ΕΙ·κο
725 1778 792 1818 ει
825 1763 912 1817 die
964 1762 1260 1817 undeCima
1293 1762 1441 1826 Maii.
1486 1777 1608 1832 quae
1637 1770 1767 1815 tunc
1799 1744 1842 1797 Β
1871 1767 2110 1835 laudata,
2142 1744 2196 1821 et
2232 1767 2285 1820 in
2320 1766 2606 1832 Ecclesiis,
2657 1744 2831 1823 instar
2873 1744 3316 1841 apostolicarum,
3361 1793 3442 1831 rc-

185 1858 291 1912 fuit
351 1857 699 1923 Pentecoste,
745 1872 965 1911 rursum
1023 1858 1231 1912 electus
1285 1857 1580 1911 Anacletus
1629 1854 1770 1910 sedit

183 1966 365 2005 annos
396 1950 487 2013 12,
512 1964 731 2004 menses
752 1948 789 2001 2
820 1947 953 2018 (non
998 1948 1087 2019 10)
1113 1949 1233 2003 dies
1256 1950 1311 2015 5,
1338 1964 1514 2019 usque
1556 1948 1622 2001 ad
1672 1964 1768 2002 an-

181 2057 315 2095 num
345 2050 600 2095 nostrum
648 2040 740 2102 95,
792 2038 1048 2109 diemque
1094 2037 1475 2109 Ilemerologio
1522 2039 1765 2109 agnitum

179 2134 461 2187 decimum
517 2131 739 2185 tertium
768 2128 918 2192 Julii,
951 2128 1265 2184 Domitiano
1320 2145 1431 2184 xvn
1482 2136 1536 2183 et
1581 2128 1766 2182 Flavio

178 2224 468 2279 Clemente
497 2222 838 2283 consulibus,
863 2236 1003 2291 quos
1028 2222 1194 2275 etiam
1248 2220 1501 2292 agnoscit
1544 2218 1765 2276 Indicu-

180 2316 291 2376 lus,
322 2316 468 2368 mira
497 2314 555 2367 in
576 2313 663 2368 his
685 2313 996 2367 constantia
1033 2320 1087 2367 et
1108 2312 1221 2365 veri
1248 2312 1370 2369 (ide.

254 2406 390 2460 Erat
418 2406 509 2459 hic
542 2420 720 2458 annus
753 2403 1052 2458 Domitiani
1101 2404 1325 2474 tyranni
1376 2405 1464 2469 M,
1504 2417 1613 2474 quo
1640 2420 1764 2474 per-

177 2498 527 2554 secutionem
556 2496 845 2551 suscitavit
874 2495 929 2549 in
957 2494 1322 2560 Christianos,
1347 2497 1507 2566 cujus
1536 2512 1762 2553 causam

174 2591 463 2654 Clemens,
490 2589 548 2642 in
588 2586 830 2657 Epistola
853 2587 945 2640 illa
978 2587 1253 2641 luculenta
1302 2586 1488 2658 (quam
1535 2603 1603 2642 ex
1640 2604 1763 2657 per-

174 2698 313 2740 sona
352 2697 471 2735 non
525 2695 643 2746 sua,
700 2679 796 2735 sed
830 2678 1089 2734 Ecclesiae
1140 2679 1399 2734 Romanae
1441 2680 1661 2750 scripsit
1692 2680 1761 2734 ad

174 2774 500 2831 Corinthios
524 2772 783 2826 adversus
811 2771 1125 2841 episcopum
1144 2786 1303 2825 suum
1327 2771 1639 2842 seditiosos)
1674 2785 1762 2826 re-

174 2866 283 2921 fert
310 2866 382 2919 ad
414 2863 654 2918 dissidia
687 2863 780 2915 illa
810 2862 1277 2926 Christianorum,
1304 2861 1566 2917 adversus
1595 2878 1653 2917 se
1683 2863 1762 2917 in-

172 2958 348 3013 vicem
372 2956 859 3026 consurgentium;
892 2955 1053 3025 quale
1077 2956 1210 3025 quid
1233 2956 1397 3010 etiam
1454 2955 1643 3010 Romae
1672 2956 1758 3010 fa-

170 3058 319 3105 ctum
352 3048 541 3102 innuit
566 3065 580 3113 ;
608 3062 767 3101 suum
797 3047 970 3116 ipsius
999 3055 1277 3103 certamen
1307 3055 1434 3102 ante
1462 3063 1637 3103 annos
1660 3063 1755 3103 oc-
1785 3076 1827 3134 ρ

171 3141 413 3195 todecim
446 3138 616 3192 tacite
640 3138 899 3193 innuens.

238 3225 475 3279 interim
520 3232 723 3290 autem,
773 3225 889 3279 sive
917 3227 1105 3282 occiso
1152 3227 1267 3297 jam
1306 3226 1592 3290 Anaclcto,
1642 3231 1758 3287 sive

168 3325 429 3395 conjecto
460 3324 520 3377 in
552 3323 797 3385 vincula,
832 3322 1115 3379 Evaristus
1177 3338 1466 3380 successor
1513 3325 1760 3396 designa-

168 3424 257 3471 tus
288 3423 406 3478 est,
437 3414 530 3469 cui
560 3413 891 3468 membrana:
923 3415 1172 3469 tribuunt
1202 3430 1377 3469 annos
1402 3416 1491 3479 15,
1537 3432 1756 3473 menses

173 3509 222 3574 7,
252 3508 381 3562 dies
407 3506 467 3571 2,
516 3520 691 3574 usque
716 3506 784 3558 ad
814 3504 1026 3558 Gallum
1076 3512 1131 3559 et
1178 3506 1470 3566 Brailuam,
1504 3507 1757 3562 consules

170 3604 298 3655 anni
327 3600 517 3654 nostri
549 3598 671 3663 108,
697 3605 757 3650 ιιι
782 3597 1005 3651 omnino
1030 3597 1339 3666 cmperitex
1366 3612 1511 3651 anno
1534 3598 1755 3666 illojam

167 3692 315 3745 dicto
345 3691 442 3745 95.
478 3687 620 3754 Quia
648 3702 779 3742 vero
810 3687 1062 3743 Clemens
1102 3686 1216 3756 jam
1248 3687 1562 3755 decrepitus
1606 3687 1755 3741 obie-

169 3793 252 3837 rat
300 3796 484 3844 anno,
542 3782 686 3835 sicut
709 3780 969 3843 diximus,
1022 3786 1215 3834 nostro
1247 3778 1368 3839 100,
1403 3780 1490 3833 die
1528 3779 1600 3832 23
1646 3778 1755 3833 Νοο

167 3875 450 3937 vembris;
486 3887 664 3941 neque
697 3887 846 3926 mors
878 3871 1001 3939 ejus
1055 3886 1124 3925 ex
1149 3868 1324 3924 Ponto
1354 3868 1582 3925 Romam
1630 3887 1754 3940 per-

167 3967 300 4021 ferri
332 3966 543 4035 potuit,
567 3963 677 4017 nisi
700 3969 825 4033 post
846 3963 963 4018 dies
994 3964 1187 4018 saltem
1217 3962 1467 4032 triginta,
1523 3963 1650 4017 hinc
1674 3962 1753 4016 fac

166 4067 319 4111 ctum
353 4062 444 4111 est
493 4062 554 4107 ut
579 4053 802 4116 abinde,
859 4061 1145 4108 numerato
1172 4053 1344 4108 altero
1379 4054 1525 4108 velut
1572 4053 1749 4118 initio,

166 4146 466 4202 Evaristus
516 4144 729 4199 sedisse
778 4144 1049 4198 scribatur
1075 4159 1248 4200 annos
1300 4144 1348 4211 7,
1399 4161 1613 4199 menses
1660 4146 1749 4210 10,

166 4244 286 4299 dies
314 4242 379 4303 ‘2,
426 4255 604 4308 usque
627 4238 695 4292 ad
724 4238 867 4292 diem
900 4237 1216 4292 vicesimam
1250 4244 1459 4292 sextam
1500 4237 1750 4293 Octobris

168 4334 300 4386 anni
324 4331 459 4394 108,
478 4338 649 4399 utque
674 4329 731 4382 in
754 4326 956 4383 Grecis
984 4329 1250 4399 legamus,
1277 4336 1400 4399 post
1428 4328 1749 4383 electionem

1869 1858 2028 1912 citari
2068 1858 2251 1921 solita,
2286 1872 2408 1926 quae
2432 1857 2557 1911 data
2581 1866 2665 1913 est
2702 1859 2806 1914 sub
2853 1877 3088 1930 persona
3130 1880 3241 1919 non
3292 1867 3441 1921 abdi-

1868 1950 1975 2003 cati
1997 1948 2313 2014 Clementis,
2345 1948 2441 2003 sed
2469 1951 2652 2019 potius
2693 1950 2953 2007 Romana:
2993 1953 3253 2011 Ecclesiae
3292 1958 3439 2027 (post

1866 2041 2192 2096 Anaeletum
2220 2040 2339 2096 sine
2365 2040 2627 2112 episcopo
2663 2042 2916 2115 degentis
2948 2046 3181 2118 scilicet)
3226 2049 3292 2104 ad
3336 2051 3439 2105 Ec-

1867 2134 2092 2189 clesiam
2139 2132 2507 2197 Corinthiam,
2558 2135 2692 2189 satis
2742 2135 2854 2205 jam
2902 2152 3057 2192 suam
3094 2141 3435 2197 occasionem

1866 2239 2179 2294 annumque
2208 2223 2491 2291 indicavit,
2529 2233 2779 2280 nostrum
2814 2226 2902 2289 95,
2952 2227 3197 2285 fervente
3247 2247 3436 2301 perse-

1866 2314 2082 2368 cutione
2114 2313 2408 2367 Domitiani
2454 2330 2616 2384 quam
2649 2316 2905 2381 maxime,
2957 2320 3301 2390 perscripta;
3337 2337 3435 2377 eo-

1865 2401 1987 2456 dem
2020 2402 2315 2457 admodum
2347 2404 2512 2474 stylo,
2543 2420 2651 2474 quo
2677 2405 2819 2459 idem
2855 2405 3135 2463 Romanus
3159 2410 3337 2466 clerus
3368 2413 3437 2467 ad

1864 2492 2196 2564 Cyprianum
2226 2496 2418 2551 utitur.
2452 2497 2520 2551 At
2568 2498 2857 2554 character
2887 2510 3089 2557 nostra:
3129 2504 3294 2572 hujus
3336 2506 3438 2559 ho-

1864 2586 2027 2639 milia:
2050 2586 2303 2652 similior,
2329 2602 2491 2657 quam
2523 2589 2785 2657 epistolae,
2814 2596 2866 2644 et
2883 2591 2950 2645 ab
2972 2592 3145 2647 altero
3172 2594 3434 2650 diversis-

1864 2678 2056 2746 simus,
2078 2680 2347 2748 privatum
2377 2681 2697 2750 scriptorem
2730 2682 2928 2751 arguit.
2961 2681 3195 2753 Tempus
3218 2701 3436 2756 quoque

1862 2770 2104 2825 insinuat
2132 2772 2568 2840 pacatissimum,
2596 2773 2762 2827 nullis
2793 2773 2849 2827 in
2882 2773 3187 2829 Ecclesiam
3219 2778 3435 2846 procel-

1863 2862 1931 2917 lis
1974 2862 2282 2930 turbidum;
2320 2871 2584 2936 tantoque
2637 2865 2812 2936 magis
2852 2866 2916 2919 ad
2950 2867 3274 2922 charitatem
3312 2886 3435 2924 mu-

1862 2962 2011 3009 tuam
2060 2955 2461 3027 fovendamque
2498 2972 2686 3027 pacem
2724 2958 3099 3012 hortatoriam.
3150 2961 3232 3015 Ad
3269 2979 3434 3031 quam

1862 3046 2213 3100 obtinendam
2243 3062 2355 3101 non
2380 3055 2630 3116 oporteat
2660 3049 2892 3105 inveniri
2920 3051 3194 3106 hominem
3242 3053 3284 3084 ³¹
3339 3055 3435 3124 qui

1860 3154 1981 3193 eam
2022 3139 2305 3210 largiatur,
2342 3141 2439 3195 sed
2482 3140 2654 3196 Deum
2710 3143 2940 3198 scilicet.
2987 3143 3197 3209 Quibus
3249 3148 3432 3203 verbis

1860 3231 1945 3285 vel
1967 3246 2068 3301 ego
2093 3232 2272 3297 fallor,
2314 3234 2401 3288 vel
2431 3233 2677 3287 innuitur
2704 3232 3077 3304 Vespasianus
3108 3237 3429 3306 imperator,

1859 3321 1951 3391 qui
1977 3337 2121 3376 anno
2146 3330 2335 3377 nostro
2366 3322 2453 3384 75,
2496 3329 2654 3377 sexto
2685 3337 2785 3378 suo
2818 3324 3130 3387 consulatu,
3162 3325 3431 3393 templum

1858 3411 2016 3469 Pacis
2048 3411 2288 3467 IEterna:
2312 3412 2554 3467 omnium
2590 3418 2703 3467 toto
2733 3412 2865 3467 orbe
2888 3413 3317 3482 pulcherrimum
3335 3416 3432 3469 de-

1858 3504 2093 3571 dicavit;
2132 3511 2301 3559 semet
2331 3504 2652 3558 existimans
2706 3503 2861 3557 illum
2910 3504 3214 3572 principem
3252 3505 3427 3573 pacis,

1858 3602 2066 3665 patrem
2098 3594 2265 3649 futuri
2296 3592 2482 3648 saeculi
2510 3592 2856 3662 praenuntiati
2889 3592 3032 3662 apud
3081 3591 3305 3657 Isaiam,
3339 3610 3432 3648 cu-

1853 3687 1944 3755 jus
1970 3686 2181 3755 imperii
2211 3699 2321 3738 non
2354 3683 2493 3737 foret
2521 3683 2664 3739 ﬁnis.
2690 3681 2808 3737 Non
2829 3683 2975 3738 hunc
2990 3698 3123 3755 ergo
3146 3685 3432 3739 mortalem

1857 3777 2155 3841 hominem,
2197 3774 2292 3831 sed
2342 3774 2513 3830 Deum
2564 3775 2799 3829 inveniri
2834 3775 3032 3829 debere
3075 3782 3258 3829 monet
3305 3777 3431 3833 Cle-

1855 3884 2032 3928 mens,
2087 3866 2180 3937 qui
2246 3874 2505 3920 aeternam
2560 3880 2751 3935 pacem
2810 3867 2927 3920 suis
2974 3866 3272 3937 largiturus
3333 3868 3428 3921 sit.

1856 3960 2032 4014 Tanto
2060 3974 2190 4029 ergo
2219 3957 2460 4028 Epistola
2490 3958 2604 4011 haec
2634 3958 2785 4027 prior
2807 3957 2921 4022 illa,
2947 3973 3066 4027 qua:
3090 3966 3212 4027 post
3236 3957 3307 4012 20
3333 3959 3430 4013 de-

1855 4067 2005 4105 mum
2031 4066 2203 4104 annos
2228 4051 2395 4105 missa
2438 4049 2540 4104 fuit
2580 4048 2924 4105 Corinthum.
2961 4047 3128 4118 quue
3181 4049 3430 4104 subindi-

1854 4148 1943 4195 cat
1974 4140 2115 4211 apud
2141 4140 2457 4205 Eusebium,
2484 4141 2578 4195 lib.
2612 4157 2686 4206 iv,
2718 4156 2838 4210 cap.
2863 4140 2956 4205 2'5,
2995 4141 3289 4209 Dionysius
3322 4140 3428 4194 Co-

1854 4233 2178 4287 rinthiorum
2210 4233 2517 4304 episcopus,
2542 4234 2597 4287 in
2614 4233 2844 4303 epistola
2870 4232 3047 4287 dicata
3076 4233 3248 4287 Soteri
3276 4247 3428 4302 papa:

1858 4328 2004 4381 circa
2036 4342 2241 4380 annum
2272 4333 2523 4381 nostrum
2555 4325 2679 4389 167,
2719 4325 2773 4378 in
2818 4340 2926 4394 qua
2977 4322 3252 4379 Romanos
3290 4325 3427 4377 allo-

169 4422 416 4476 Evaristi
447 4419 748 4490 pontiﬁcis.
799 4421 1138 4474 successisse
1187 4419 1555 4474 Alexandrum
1608 4434 1751 4473 anno
1786 4407 1826 4462 Β
1858 4418 2067 4488 quitur,
2105 4418 2190 4471 his
2220 4417 2403 4474 verbis
2443 4438 2455 4473 :
2493 4416 2666 4471 Hodie
2692 4416 3023 4469 Dominicam
3049 4432 3257 4469 sacram
3284 4415 3423 4470 diem

167 4511 237 4566 i2
256 4509 510 4579 Trajani.

238 4603 563 4658 Alexander
609 4616 741 4673 ergo
766 4600 955 4656 sedere
1000 4601 1168 4670 coepit
1211 4616 1276 4654 ex
1318 4615 1463 4655 anno
1513 4599 1615 4655 108
1637 4602 1752 4671 jam

168 4696 348 4759 dicto,
389 4694 645 4763 seditque
672 4707 848 4747 annos
875 4690 964 4755 10,
998 4706 1221 4745 menses
1251 4691 1306 4755 5,
1347 4690 1466 4747 dies
1488 4692 1579 4747 21.
1602 4691 1751 4746 Con-

162 4788 351 4855 jectus
408 4786 465 4839 in
520 4798 796 4839 carcerem
843 4797 987 4837 anno
1029 4790 1222 4837 nostro
1268 4782 1393 4850 116,
1430 4791 1623 4839 octavo
1664 4784 1750 4839 sui

167 4876 556 4948 pontiﬁcatus,
592 4872 811 4929 Eliano
840 4881 895 4927 et
919 4871 1117 4928 Vetere
1146 4874 1489 4938 consulibus,
1532 4874 1748 4930 vivente

167 4967 357 5023 adhuc
389 4968 654 5036 Trajano,
703 4973 763 5020 ut
808 4965 1009 5020 habent
1053 4963 1230 5030 Acta;
1274 4966 1330 5019 in
1378 4982 1489 5035 quo
1528 4982 1748 5022 carcere

166 5062 313 5117 duos
361 5074 545 5114 annos
566 5060 697 5128 egit,
742 5072 917 5127 usque
966 5055 1036 5111 ad
1074 5057 1293 5111 tertium
1346 5057 1596 5125 Adriani,
1645 5073 1747 5114 no-

242 5302 288 5335 ³⁶
313 5302 560 5372 lntellige
590 5302 904 5357 secundam.

168 5371 211 5448 ἡ
254 5374 399 5446 πρὸς
428 5373 745 5444 Κορινθίους
797 5374 1080 5446 Ῥωμαίων
1117 5371 1388 5442 ἐπιστολή.

1857 4510 2167 4580 peregimus,
2200 4510 2254 4561 in
2278 4524 2383 4579 qua
2414 4508 2628 4578 legimus
2654 4517 2876 4561 vestram
2893 4507 2936 4537 "
2952 4505 3247 4573 epistolam,
3265 4522 3423 4574 quam

1858 4618 2058 4670 semper
2098 4599 2166 4653 ad
2212 4610 2447 4654 nostram
2477 4600 2872 4653 instructionem
2902 4597 3125 4667 legemus
3146 4634 3163 4662 ,
3193 4598 3329 4650 sicut
3372 4606 3422 4650 et

1854 4696 2082 4762 priorem
2105 4691 2251 4746 nobis
2279 4709 2311 4745 a
2336 4690 2597 4746 Clemente
2622 4690 2893 4757 scriptam.
2915 4688 2988 4743 De
3015 4687 3210 4758 quibus
3241 4688 3427 4743 verbis

1855 4784 2002 4856 quod
2053 4784 2198 4838 volui
2237 4783 2492 4848 conﬁcio,
2532 4782 2832 4836 Clementis
2878 4781 3055 4850 ipsius
3104 4794 3228 4834 esse
3279 4779 3421 4832 hanc

1850 4876 2176 4946 epistolam;
2205 4875 2354 4928 illam
2377 4890 2507 4930 vero
2532 4876 2781 4939 alteram,
2829 4889 2939 4927 non
3005 4882 3120 4927 tam
3158 4870 3420 4941 decrepiti

1848 4967 2170 5032 Clementis,
2204 4982 2369 5038 quam
2415 4966 2579 5022 etiam
2627 4965 2859 5021 Romani
2892 4964 3044 5020 cleri.

983 5303 1025 5334 ³¹
1056 5301 1181 5357 llzcc
1211 5302 1359 5372 legas
1417 5306 1555 5357 sect.
1586 5315 1662 5355 x1.
1737 5299 1785 5332 "
1807 5298 1936 5367 Qum
1961 5297 2229 5355 Clementi
2286 5299 2674 5372 Alexandrino,
2706 5302 2906 5357 Strom.
2966 5300 3063 5357 lib.
3116 5316 3171 5367 v,
3205 5315 3259 5371 p.
3289 5296 3415 5363 786,
