3936 6172
533 211 600 263 67
1671 227 1763 281 AD
1804 226 1862 283 S.
1905 228 2074 287 CLEM

2191 234 2329 290 ΤΕΜ
2374 237 2393 291 l
2432 236 2666 294 ΡΑΡΑΜ
3721 259 3789 316 68

1972 477 2348 541 LECTORI.

606 639 883 695 Hactenus
922 638 1275 701 Vendelinus,
1320 640 1479 710 cujus
1527 641 1691 696 verba
1740 657 1804 696 ex
1879 643 2118 703 editione
2148 652 2193 711 Α
2223 649 2408 704 buisse
2438 651 2682 722 episcopi
2717 667 2939 710 nomine
2964 656 3154 721 scribi,
3191 659 3443 727 quamvis
3475 663 3789 736 episcopum

534 732 687 788 Pauli
709 732 1003 787 Colomesii
1029 731 1446 801 descripsimus.
1482 731 1748 787 Caeterum
1784 736 1877 803 qui
1913 749 2107 800 annos,

532 825 732 892 quibus
763 821 904 877 sedit
930 821 1205 885 Clemens,
1236 823 1408 877 multo
1437 824 1643 877 certius
1676 825 1881 879 rescire
1906 828 2107 893 avehit,

532 916 580 969 is
612 914 769 968 adeat
797 921 1013 983 oportet
1042 913 1447 969 eruditissimas
1486 915 1894 970 Dissertationes
1940 916 2107 971 Joan-

530 1007 617 1059 nis
645 1005 929 1060 Pearsonii
980 1015 1033 1059 et
1088 1006 1305 1060 Henrici
1340 1006 1622 1071 Dodwelli,
1669 1008 1733 1061 de
1780 1012 2106 1065 successione

528 1099 817 1167 primorum
844 1097 1097 1152 Romanm
1140 1098 1287 1152 urbis
1313 1100 1709 1167 episcoporum;
1748 1101 1841 1170 qui
1881 1102 1981 1155 viri
2031 1111 2107 1156 to-

528 1201 639 1244 tam
670 1191 1077 1261 chronologiam
1110 1192 1444 1260 pontiﬁciam
1476 1193 1710 1247 feliciter
1732 1193 2101 1258 illustrarunt,

525 1281 779 1351 quamvis
809 1297 906 1350 per
928 1283 1110 1335 omnia
1137 1297 1246 1335 non
1284 1284 1652 1337 consentiant.

595 1368 924 1424 Pcarsonius
948 1374 1065 1426 vult
1095 1371 1429 1428 Clementem
1463 1375 1676 1428 sedisse
1720 1375 1789 1429 ab
1839 1390 1983 1429 anno
2033 1376 2103 1432 69

525 1470 592 1524 ad
622 1472 710 1527 8'5.
759 1469 1059 1526 Dodwcllus
1082 1488 1212 1526 vero
1244 1472 1312 1526 ab
1358 1488 1501 1527 anno
1549 1472 1639 1535 64,
1683 1476 1767 1529 vel
1815 1475 1884 1528 65
1914 1477 1977 1527 ad
2009 1476 2098 1529 81.

522 1562 621 1619 Hic
643 1566 805 1619 etiam
835 1581 957 1635 cap.
1009 1565 1065 1618 Η
1105 1564 1241 1618 Diss.
1274 1563 1337 1618 de
1361 1580 1585 1617 success.
1617 1567 1921 1634 pontiﬁcum
1949 1567 2099 1623 Rom.

520 1658 799 1712 contendit
823 1657 1087 1713 incertum
1110 1672 1253 1721 esse,
1281 1672 1348 1710 an
1374 1656 1603 1724 epistola
1627 1656 1925 1714 Clementis
1952 1661 2102 1729 prior

519 1749 589 1803 ab
628 1764 693 1803 eo
729 1748 841 1820 jam
892 1749 1151 1821 episcOpo
1181 1748 1387 1817 scripta
1428 1748 1540 1813 sit;
1579 1756 1633 1801 at
1666 1759 1813 1806 certe
1840 1767 1950 1805 non
2002 1751 2091 1809 de-

2215 740 2327 809 jam
2361 741 2695 799 Clementem
2730 744 2897 801 fuisse
2923 748 3117 801 testari
3138 748 3429 804 videantur
3452 751 3790 827 Hegesippus

2217 840 2381 900 atque
2412 832 2668 891 lremeus.
2702 835 2873 907 Digna
2905 846 3033 892 sunt
3063 840 3208 893 lectu
3239 857 3362 911 qua:
3396 843 3535 899 hanc
3576 847 3633 901 in
3675 865 3791 905 rem

2214 924 2398 987 habet,
2452 927 2545 982 sed
2570 928 2888 997 prolixiora,
2934 946 3095 999 quam
3128 947 3250 1001 qua:
3297 934 3405 989 huc
3456 938 3787 997 transferan-

2214 1022 2323 1070 tur.
2371 1016 2514 1074 ldem
2584 1021 2638 1073 in
2688 1020 3132 1077 Dissertationum
3178 1025 3546 1083 Irenaicarum
3590 1034 3789 1101 prima,

2217 1108 2243 1180 §
2274 1109 2364 1175 28,
2398 1112 2714 1180 suspicatur
2746 1130 2855 1169 non
2895 1116 3189 1181 immerito,
3223 1121 3472 1187 alteram,
3499 1140 3622 1192 qua:
3651 1125 3792 1191 dici-

2208 1209 2319 1265 tur,
2336 1202 2635 1258 Clementis
2652 1206 2958 1275 epistolam,
2980 1223 3103 1263 esse
3120 1210 3302 1279 potius
3317 1211 3534 1283 διδαχὴν
3550 1214 3673 1283 ejus
3691 1232 3790 1271 seu

2208 1289 2328 1357 ejus
2349 1290 2677 1356 doctrinam,
2704 1296 2773 1348 ab
2795 1294 2902 1347 alio
2930 1297 3151 1366 scriptis
3177 1300 3513 1365 mandatam,
3543 1312 3703 1372 atque
3723 1322 3792 1359 ex

2206 1383 2328 1449 ejus
2351 1383 2733 1439 concionantis
2771 1400 2865 1439 ore
2901 1397 3205 1456 exceptam,
3232 1392 3316 1445 vel
3364 1406 3430 1446 ex
3474 1370 3801 1449 auditorum;

2211 1476 2279 1528 ab
2306 1491 2370 1529 eo
2403 1478 2665 1529 memoria
2700 1486 3000 1533 exaratam.
3029 1480 3186 1544 Eum,
3218 1481 3433 1549 Lector,
3474 1486 3644 1551 adito,
3678 1505 3792 1556 quo

2208 1567 2373 1621 rebus
2408 1569 2797 1625 ecclesiasticis
2830 1571 3205 1640 antiquissimi
3246 1576 3347 1630 aevi
3395 1590 3557 1631 nemo
3608 1576 3789 1633 facem

2209 1660 2695 1733 hactenus‘intulit
2716 1662 3121 1736 fulgentiorem.

1621 2169 1716 2254 J.
1814 2170 1917 2255 B.
2018 2163 2677 2256 COTELEBII

1188 2384 1562 2448 JUDICIUM
1596 2385 1703 2444 DE
1736 2386 2039 2447 PRIORE
2074 2385 2474 2449 EPISTOLA
2513 2386 2575 2447 S.
2614 2386 3089 2450 CLEMENTIS.

586 2659 719 2715 Cum
752 2673 1093 2730 quaecunque
1124 2656 1189 2711 de
1212 2654 1460 2726 Epistola
1498 2672 1528 2710 a
1559 2654 1618 2711 B.
1638 2654 1939 2722 Clemente,
1970 2655 2082 2711 Ro-
2123 2641 2166 2695 Β
2193 2654 2336 2725 piam
2370 2655 2671 2725 suspiceris
2711 2656 3086 2727 apostolorum
3118 2654 3357 2713 Canonis
3398 2658 3782 2721 Clementtnas

509 2769 682 2807 mante
713 2750 970 2807 Ecclesiae
996 2751 1216 2804 nomine
1242 2748 1308 2803 ad
1336 2748 1749 2804 Corinthiorum
1779 2747 2082 2803 Ecclesiam

503 2845 732 2913 scripta,
766 2844 999 2913 proferri
1032 2842 1364 2912 potuissent,
1398 2840 1512 2897 fere
1551 2841 1737 2895 omnia
1778 2841 1979 2911 partim
2016 2839 2083 2893 ab

504 2936 744 3005 antiquis
784 2935 1008 2999 tradita,
1049 2934 1248 3005 partim
1294 2948 1325 2987 a
1355 2935 1757 2989 recentioribus
1814 2942 2080 3004 occupata

501 3027 739 3093 fuerint,
772 3027 893 3083 vice
934 3026 1295 3098 praefationis,
1340 3042 1513 3097 pauca
1541 3025 1812 3080 duntaxat
1852 3026 2082 3080 adnota-

498 3121 681 3176 bimus
726 3121 793 3175 ad
844 3136 908 3176 ea
956 3128 1202 3175 veterum
1256 3120 1612 3183 testimonia,
1659 3135 1780 3189 qum
1828 3120 2078 3174 nonnihil

498 3211 742 3281 scrupuli
776 3211 1084 3281 legentibus
1129 3210 1267 3264 forte
1316 3209 1626 3278 injicerent,
1675 3207 1785 3263 nisi
1832 3222 2077 3277 expone-

497 3314 722 3370 rentur;
757 3318 820 3357 ac
847 3302 1044 3358 deinde
1080 3316 1388 3372 quaeremus
1419 3300 1640 3370 quando
1684 3301 1883 3372 stylum
1914 3315 2079 3353 acue-

494 3400 568 3450 rit
584 3397 699 3467 Κλή
710 3394 907 3467 μης,τὸ
924 3394 1017 3448 τοῦ
1040 3393 1275 3467 Χριστοῦ
1298 3393 1500 3463 κλῆμα.
1518 3392 1779 3462 Equidem
1812 3394 1879 3447 ab
1906 3393 2077 3446 Euse-

494 3489 586 3542 bio
617 3489 710 3543 lib.
737 3505 819 3551 ιιι,
850 3504 971 3558 cap.
1003 3488 1066 3541 16
1113 3498 1167 3542 et
1189 3487 1279 3551 38,
1333 3487 1563 3557 epistola
1608 3494 1835 3540 vocatur
1886 3484 2075 3556 ὁμολο-

493 3581 755 3651 γουμένη,
777 3581 1095 3651 ἁνωμολογη
1107 3580 1240 3651 μένη
1262 3579 1413 3650 παρὰ
1427 3580 1611 3640 πᾶσιν,
1629 3578 1692 3630 ab
1712 3579 1949 3631 omnibus
1968 3594 2071 3630 uno

493 3689 746 3725 consensu
778 3681 1001 3740 recepta.
1038 3671 1130 3724 Ille
1163 3681 1343 3725 tamen
1371 3671 1669 3724 historicus
1702 3671 1797 3724 lib.
1824 3687 1900 3732 γι,
1944 3685 2066 3737 cap.

492 3766 581 3828 15,
606 3764 770 3819 refert
799 3764 1129 3819 Clementem
1163 3763 1593 3816 Alexandrinum
1626 3764 1679 3816 in
1703 3762 1857 3817 libris
1886 3761 2071 3825 Srpco-

482 3853 718 3923 ματέων
740 3856 818 3910 ιιιί
860 3854 1189 3909 testimoniis
1218 3853 1628 3924 Scripturarum
1676 3868 1705 3907 a
1738 3853 2066 3922 quibusdam

490 3947 926 4018 repudiatarum,
944 3962 1139 4017 nempe
1167 3945 1462 4017 Sapientize
1482 3946 1814 4007 Salomonis,
1839 3944 2067 4013 Sapien-

488 4041 577 4098 tiae
604 4039 890 4101 Siracidis,
919 4038 1175 4108 Epistola
1201 4038 1266 4092 ad
1294 4037 1568 4100 Hebrazos,
1586 4037 2065 4107 Epistolarumque

487 4132 771 4195 Barnabas,
819 4132 1114 4187 Clementis
1168 4143 1222 4187 et
1250 4130 1423 4186 Iudae.
1479 4132 1598 4197 Quo
1624 4131 1785 4185 modo
1811 4132 2065 4184 volumen

488 4225 557 4279 ab
597 4225 855 4280 omnibus
915 4224 1255 4291 admissum,
1311 4240 1343 4277 a
1393 4224 1721 4293 quibusdam
1779 4222 2063 4291 rejicitur?

484 4314 616 4377 Eam
656 4316 1073 4386 repugnantiam
1127 4316 1306 4379 tolles,
1341 4315 1387 4369 si
1428 4315 1631 4369 dixeris
1663 4323 1894 4368 cunctos
1940 4313 2061 4382 qui—

484 4409 607 4463 dem
642 4424 781 4477 opus
828 4409 1120 4477 agnovisse
1170 4424 1271 4476 pro
1296 4407 1535 4477 genuino
1586 4407 1870 4461 Pontiﬁcis
1901 4407 2055 4471 laetu,

483 4500 578 4554 sed
607 4514 717 4553 non
751 4514 943 4554 omnes
978 4500 1237 4553 habuisse
1266 4513 1365 4566 pro
1394 4499 1599 4568 scripto
1641 4500 1911 4552 canonico
1941 4518 1954 4549 :
1992 4499 2058 4553 de

483 4592 685 4662 primo,
734 4592 941 4645 nullam
993 4600 1198 4645 motam
1245 4590 1547 4660 antiquitus
1587 4591 2053 4656 controversiam;

480 4687 549 4740 de
581 4685 846 4751 secundo,
892 4695 1117 4748 motam,
1153 4686 1276 4740 aliis
1308 4692 1462 4740 extra
1507 4699 1770 4738 canonem
1804 4685 2057 4754 ponenti-

479 4778 604 4839 bus,
637 4793 757 4847 quae
784 4779 1054 4831 sententia
1092 4777 1349 4840 obtinuit,
1389 4777 1511 4831 aliis
1555 4778 1719 4838 intra,
1751 4784 1809 4828 ut
1863 4784 2056 4829 auctor

475 4868 749 4922 Canonum
779 4865 1184 4933 apostolicorum
1206 4904 1221 4931 ,
1294 4880 1505 4919 canone
1546 4864 1759 4927 ultimo,
1796 4861 2052 4930 proinde-

476 4974 583 5028 que
613 4957 797 5013 forsan
827 4964 881 5011 et
912 4958 1006 5027 qui
1035 4972 1131 5013 eos
1160 4972 1400 5012 canones
1425 4957 1481 5009 in
1507 4970 1736 5009 numero
1766 4968 2048 5009 sacrarum

477 5050 885 5121 Scripturarum
911 5050 1143 5104 collocat
1169 5048 1408 5104 Joannes
1426 5048 1821 5109 Damascenus,
1846 5045 2049 5115 quique
2070 5096 2075 5107 ,η

471 5144 697 5200 eosdem
726 5144 1021 5198 admittunt
1067 5142 1315 5197 Trullani
1367 5141 1631 5211 episcopi.
1665 5141 1843 5209 Atque
1883 5138 2046 5206 hujus

470 5248 760 5311 postremae
794 5238 1069 5308 Opinionis
1118 5238 1507 5291 documentum
1545 5235 1749 5305 praebet
1779 5233 2047 5302 antiquis-

2187 2749 2484 2818 epistolas;
2535 2764 2657 2818 quae
2709 2749 2854 2819 apud
2898 2747 3117 2804 Graacos
3167 2758 3259 2802 aut
3310 2752 3475 2806 nulla:
3523 2753 3782 2823 fuerunt,

2186 2846 2278 2891 aut
2329 2856 2435 2894 non
2469 2857 2715 2895 seorsum
2748 2842 2920 2905 lectae,
2956 2842 3049 2895 sed
3096 2842 3253 2895 initio
3305 2846 3773 2916 Recognitionum.

2184 2924 2411 2981 Actuum
2436 2928 2602 3001 Petri,
2692 2929 3170 3002 Ctementinorum,
3221 2938 3525 3007 similisque
3576 2936 3781 2993 farina:

2184 3022 2640 3091 apocryphorum.

2252 3117 2334 3171 Ad
2384 3118 2629 3185 ejusdem
2676 3116 2896 3173 Eusebii
2956 3117 3432 3181 observationem,
3486 3118 3778 3173 imitatum

2181 3223 2303 3263 esse
2332 3208 2665 3265 Clementem
2688 3210 2987 3279 Epistolam
3021 3212 3085 3264 ad
3114 3210 3394 3273 Hebraeos,
3424 3212 3547 3264 addi
3582 3220 3775 3281 potest

2180 3304 2507 3367 consimilis,
2538 3305 2605 3358 de
2638 3304 2942 3359 imitatione
2982 3305 3213 3357 aliorum
3255 3304 3389 3359 Novi
3420 3304 3775 3360 Testamenti

2179 3396 2465 3462 librorum,
2501 3398 2913 3468 prmsertimque
2943 3396 3310 3465 Epistolarum
3346 3398 3411 3451 ad
3436 3398 3777 3456 Corinthios

2175 3498 2229 3545 et
2251 3490 2615 3559 Epistolarum
2643 3490 2787 3544 Petri
2818 3508 2830 3544 :
2867 3490 3153 3559 utriusque
3191 3490 3337 3543 enim
3375 3492 3609 3559 apostoli
3641 3505 3773 3547 erat

2175 3583 2501 3652 discipulus.
2554 3582 2667 3636 Nec
2710 3582 2933 3645 mirum,
2988 3584 3133 3652 quod
3167 3581 3465 3637 Dominicze
3507 3599 3572 3637 ac
3624 3599 3772 3655 apo-

2173 3674 2385 3727 stolica:
2435 3674 2716 3727 sententia:
2762 3682 2815 3729 et
2859 3674 3129 3728 dictiones
3175 3674 3231 3727 in
3277 3689 3372 3728 ore
3405 3674 3613 3730 fuerint
3652 3679 3767 3732 ho-

2171 3765 2380 3818 minum
2447 3766 2903 3832 apostolicorum,
2955 3771 3120 3835 atque
3171 3765 3230 3818 in
3286 3782 3391 3821 usu
3445 3769 3768 3837 primorum

2169 3856 2628 3910 Christianorum.

2239 3945 2467 4000 Photius
2493 3946 3014 4003 Bibliothecazcodice
3024 3960 3171 4002 cxxvi
3188 3947 3402 4005 videtur
3420 3954 3725 4024 scripsisse
3741 3978 3759 4012 :

2170 4043 2545 4095 Αἰτιάσοιτοδ⁹
2583 4044 2647 4096 ἄν
2677 4061 2760 4106 τις
2787 4044 2947 4097 αὐτὸν
2975 4048 3034 4099 ὲν
3062 4048 3292 4113 τούτοις,
3324 4067 3434 4106 non
3469 4062 3655 4109 autem
3695 4059 3765 4110 ἐν

2172 4128 2421 4191 ταύταις.
2452 4132 2848 4200 Reprehenderit
2882 4153 2996 4189 vero
3032 4155 3149 4191 eum
3181 4142 3447 4210 quispiam
3478 4145 3665 4201 initis.

2233 4222 2293 4276 1n
2322 4224 2477 4277 Libro
2494 4226 2806 4297 pontiﬁcali,
2830 4227 2919 4281 ubi
2948 4227 3016 4282 de
3045 4228 3347 4288 Clementis
3373 4236 3508 4297 vita,
3528 4252 3760 4295 necnon

2163 4316 2220 4370 in
2249 4315 2370 4384 ejus
2392 4315 2584 4386 Operis
2599 4318 3049 4387 exscriptorihus,
3076 4333 3450 4380 memorantur
3473 4327 3599 4383 duae
3620 4329 3759 4385 Cle-

2162 4407 2362 4461 mentis
2406 4407 2689 4476 epistolae,
2740 4423 2926 4477 eaeque
2991 4412 3273 4466 canonica:
3325 4424 3379 4469 et
3426 4419 3751 4478 catholicae.

2161 4496 2314 4560 Quod
2347 4498 2423 4550 ita
2452 4505 2735 4567 acceptum
2761 4500 2829 4553 ab
2875 4509 3099 4557 auctore
3148 4504 3275 4558 libri
3341 4503 3419 4559 De
3446 4508 3608 4574 gestis
3638 4508 3754 4561 Ro.-

2162 4599 2434 4641 manorum
2490 4589 2828 4658 pontiﬁcum,
2907 4594 3116 4648 credito
3152 4595 3527 4666 Luitprando,
3576 4604 3752 4669 quasi

2158 4689 2410 4750 ageretur
2454 4681 2521 4736 de
2550 4682 2765 4736 duabus
2790 4683 2982 4752 primis
3024 4685 3325 4743 Clementis
3356 4688 3753 4748 Decretalibus

2156 4772 2223 4824 ad
2246 4770 2530 4827 Jacobum.
2555 4772 2741 4837 Gravi,
2777 4783 2833 4827 ut
2853 4776 3105 4843 equidem
3132 4781 3332 4842 sentio,
3354 4796 3571 4841 errore.
3600 4783 3750 4840 Nam

2155 4860 2203 4913 si
2241 4857 2538 4920 Decretales
2568 4863 2623 4916 in
2658 4866 2841 4919 animo
2869 4865 3153 4923 habuisset
3178 4870 3417 4939 scriptor
3440 4875 3749 4946 Pontiﬁca-

2151 4953 2217 5007 lis
2240 4952 2384 5021 libri,
2428 4972 2535 5010 non
2569 4958 2745 5012 solum
2767 4958 2905 5014 duas
2934 4961 3187 5025 dixisset,
3241 4980 3430 5018 verum
3463 4967 3744 5036 quinque.

2152 5043 2615 5108 Quemadmodum
2648 5046 2940 5121 βιογράφος
2967 5051 3078 5117 ille,
3104 5052 3197 5121 qui
3230 5053 3369 5106 mira
3410 5058 3745 5124 supinitate,

2150 5144 2436 5208 postquam
2464 5139 2530 5193 de
2556 5139 2767 5194 duabus
2794 5142 3042 5210 epistolis
3072 5144 3363 5199 catholicis
3392 5160 3424 5198 a
3448 5143 3745 5204 Clemente

2149 5230 2217 5282 ad
2238 5229 2500 5287 Jacobum
2527 5234 2669 5288 datis
2706 5236 2909 5300 retulit,
2940 5237 3224 5307 subjungit
3266 5256 3521 5308 quaenam
3551 5248 3744 5298 conti-

470 5337 646 5389 simus
691 5331 863 5386 codex
892 5330 1184 5384 bibliorum
1216 5345 1378 5382 manu
1426 5328 1643 5381 Thecla:
1670 5332 1947 5387 exaratus,
1974 5339 2042 5377 ex
2074 5324 2119 5379 D
2148 5332 2380 5378 neantur
2408 5326 2463 5378 in
2493 5325 2601 5380 illis
2624 5326 2860 5392 duabus,
2914 5334 2967 5381 et
2998 5328 3053 5383 in
3081 5329 3312 5399 reliquis
3338 5332 3543 5387 tribus.
3576 5334 3743 5391 Adde

470 5442 578 5496 quo
623 5426 743 5480 duae
770 5424 888 5478 istae
937 5422 1181 5492 epistolae
1218 5421 1571 5491 prodierunt;
1598 5414 2043 5489 quandoquidem
2144 5415 2290 5482 quod
2323 5415 2378 5469 in
2426 5414 2732 5470 Pontiﬁcali
2761 5432 2925 5486 opere
2972 5420 3188 5489 sejungi
3230 5420 3452 5474 videtur
3487 5424 3739 5491 epistola

468 5533 562 5572 eas
588 5531 708 5570 cum
735 5515 891 5570 libris
923 5514 1057 5569 Novi
1087 5512 1424 5569 Testamenti
1452 5513 1775 5579 conjunctas
1798 5506 2038 5561 exhibet.

466 5606 653 5677 Neque
696 5622 823 5661 vero
863 5608 1161 5677 quidquam
1208 5613 1521 5669 causaest,
1563 5620 1661 5658 cur
1696 5603 1829 5657 alias
1872 5612 2039 5669 quas—

2140 5503 2209 5558 ad
2239 5504 2501 5560 Jacobum
2551 5520 2579 5558 a
2607 5506 2819 5562 duabus
2860 5509 3143 5563 canonicis
3174 5512 3443 5580 epistolis.
3475 5512 3580 5566 Hic
3607 5516 3740 5583 fecit

2139 5595 2274 5650 duas
2300 5600 2571 5668 epistolas,
2605 5616 2719 5669 qua:
2750 5602 3016 5656 canonica:
3044 5604 3415 5661 nominantur.
3440 5605 3506 5659 Et
3539 5607 3691 5662 infra
3715 5628 3734 5665 :
