3936 6172
265 276 336 330 69
1526 268 1819 327 PROUEM]

1978 270 2170 327 \RIOR
2181 271 2277 327 ΠΜ
2286 315 2298 328 .
3467 279 3532 333 70

265 390 469 444 Tamen
512 389 570 442 in
628 387 886 456 Epistola.
920 402 1035 458 qua:
1092 388 1162 441 ad
1191 387 1450 441 Iacobum
1514 392 1711 458 scripta
1758 400 1853 445 est.
1887 396 1935 452 Α
1963 390 2028 443 Ει
2054 406 2183 444 vero
2219 404 2342 445 eum
2366 389 2458 459 qui
2500 389 2720 445 nomine
2752 388 3013 446 Ecclesia:
3050 390 3307 449 Romana:
3329 395 3539 452 scribe-

333 480 499 535 Circa
526 486 746 549 tempus
775 496 885 549 quo
915 479 1147 533 Romani
1182 480 1394 534 litteras
1436 480 1504 533 ad
1536 480 1852 536 Corinthios
1957 484 2069 545 bat,
2102 483 2191 535 illa
2228 481 2410 550 eloqui
2435 480 2617 535 decuit
2655 496 2776 550 qua:
2809 481 2962 545 Urbi,
2990 500 3099 536 non
3129 500 3250 554 qua:
3275 487 3375 541 sibi
3403 503 3539 543 con-

262 572 563 631 dederunt.
611 585 723 624 non
753 587 863 625 una
892 578 976 624 est
1022 570 1342 624 criticorum
1391 570 1599 639 opinio.
1630 572 1735 624 Alii
1763 588 1855 628 as-
1940 575 2237 637 venirent,
2278 582 2335 627 ut
2362 580 2507 627 certe
2536 572 2667 627 Urbi
2695 576 3046 629 conveniunt.
3090 575 3243 631 Unde
3261 582 3541 636 evanescit

260 664 490 733 signant
528 661 693 716 tinem
732 660 1001 723 Neronis,
1056 670 1150 714 aut
1195 669 1342 716 certe
1392 676 1488 715 eos
1538 676 1713 716 annos
1755 662 1850 731 qui
1954 665 2221 735 quidquid
2267 664 2550 733 objicitur.
2592 664 2698 717 Alii
2742 666 3029 734 epistolam
3076 671 3304 723 missam
3348 671 3540 726 volunt

260 754 591 825 Vespasiani
635 755 931 824 imperium
979 755 1365 823 excidiumque
1397 752 1852 823 Hierosolymita-
1954 773 2100 812 anno
2132 756 2348 811 Domini
2382 756 2472 819 95,
2512 755 2755 811 fervente
2797 758 3180 827 persecutione
3222 759 3536 819 Domitiani.

257 864 396 901 num
428 857 867 902 antecesserunt.
908 847 1018 902 llos
1058 848 1260 903 refellit
1294 846 1549 915 epistola,
1582 856 1695 900 tum
1724 863 1845 915 cap.
1953 846 2176 901 Rectius
2223 854 2409 901 tamen
2442 862 2604 915 quam
2644 846 2894 911 fervens,
2941 848 3203 904 desinens
3253 860 3540 907 notaretur

253 941 349 1003 47,
402 957 530 995 cum
581 943 729 996 velut
788 943 1030 1012 antiquae
1114 943 1364 996 meminit
1434 942 1849 998 Corinthiorum
1951 940 2296 1008 persecutio,
2330 953 2493 1008 quam
2539 940 2798 993 nimirum
2832 941 3012 993 innuit
3042 943 3287 1011 epistola:
3326 944 3530 1013 princi-

251 1034 454 1101 primae
487 1034 877 1102 dissensionis,
912 1036 1014 1089 sub
1041 1035 1238 1104 Apollo
1274 1035 1547 1098 excitatze,
1586 1035 1681 1104 qui
1712 1042 1849 1088 teste
1952 1030 2125 1101 pium,
2161 1046 2392 1101 quaeque
2434 1032 2615 1102 aptior
2655 1031 2761 1086 fuit
2791 1032 2858 1085 ad
2890 1033 3250 1089 destinandos
3283 1050 3409 1088 cum
3450 1036 3539 1089 lit—

250 1122 597 1196 Hieronymo
648 1125 796 1179 circa
850 1125 1010 1179 ﬁnem
1045 1124 1580 1181 Commentariorum
1624 1126 1677 1179 in
1720 1125 1849 1194 Epi-
1950 1122 2083 1175 teris
2126 1122 2369 1192 quinque
2422 1123 2654 1193 legatos,
2691 1126 3004 1180 nominatos
3047 1126 3100 1179 in
3136 1128 3239 1181 line
3266 1128 3533 1196 epistolzc.

250 1218 460 1272 stolam
512 1218 579 1272 ad
620 1216 832 1282 Titum,
884 1218 1138 1272 Corinthi
1192 1218 1296 1273 fuit
1344 1220 1674 1289 episcopus;
1728 1226 1846 1271 tum
2018 1209 2289 1265 Caeterum
2339 1227 2465 1281 spes
2516 1212 2743 1267 Patricii
2772 1211 2922 1266 Junii
2987 1213 3054 1267 de
3105 1212 3536 1285 Hieronymiana

190 1356 195 1365 ,
248 1310 672 1365 ροτίηιιιίειςεηι
706 1309 1033 1376 Ecclesiae],
1080 1318 1322 1367 veterem
1372 1313 1608 1382 appeuai
1640 1327 1653 1362 ε
1687 1311 1848 1364 dum-
1948 1301 2301 1358 Clementinae
2330 1305 3062 1375 epistolazinterpretatione,
3090 1306 3223 1359 mihi
3254 1308 3536 1375 pertenuis

248 1420 359 1473 que
386 1419 509 1473 cap.
540 1405 592 1467 l,
633 1405 664 1457 5
694 1411 747 1457 et
772 1403 806 1456 6
839 1404 1150 1458 subindicat
1194 1405 1634 1474 persecutionem
1681 1404 1845 1457 aliam
1948 1405 2042 1449 aut
2068 1397 2215 1449 nulla
2259 1404 2364 1460 est,
2431 1396 2781 1451 librariorum
2833 1398 2990 1453 dolos
3026 1397 3425 1461 consideranti,
3478 1404 3536 1454 et

247 1496 321 1550 ab
354 1497 446 1549 illa
477 1498 653 1565 prima
678 1496 936 1551 Neronis.
984 1494 1117 1551 Post
1144 1497 1416 1553 Neronem
1447 1506 1629 1551 autem
1657 1495 1845 1550 Domi—
1947 1502 2056 1556 (1υο
2076 1495 2260 1555 Paeto:
2280 1495 2339 1540 υι
2364 1488 2777 1543 Vendibiliorem
2812 1504 3047 1543 mercem
3077 1488 3533 1555 haberem.0di0-

244 1590 442 1642 tianus
494 1589 705 1656 primus
756 1587 1104 1644 Christianos
1176 1598 1500 1658 persecutus
1548 1598 1671 1652 est,
1730 1589 1798 1658 jai

1982 1591 2068 1629 um
2098 1575 2282 1630 Rufini
2314 1593 2512 1631 nomen
2540 1594 2569 1632 e
2598 1578 2872 1648 principio
2899 1593 2962 1631 ac
2999 1578 3103 1632 fine
3126 1579 3536 1649 interpretatio-

243 1694 447 1732 eversa
500 1677 900 1748 Hierosolyma.
965 1677 1073 1732 Sed
1102 1677 1379 1740 Clemens,
1436 1678 1694 1749 inquiunt
1738 1678 1840 1731 viri
1875 1744 1911 1749 _
1947 1668 2036 1721 llis
2084 1666 2544 1736 Explanalionum
2590 1668 2839 1739 Origenis
2866 1670 2920 1723 in
2961 1669 3257 1738 Epistolam
3308 1671 3373 1724 ad
3421 1670 3533 1723 Ro-

244 1772 584 1835 (ιοριίεείιῃί,
627 1744 898 1833 manium,
933 1785 1055 1840 cap.
1086 1771 1177 1835 ιι,
1215 1744 1558 1825 οωεηίοηυῇι
1616 1772 1670 1824 in
1705 1781 1840 1825 ιρω-
1875 1744 1917 1797 Β
1946 1774 2140 1815 manos
2166 1761 2491 1816 sustulerint
2522 1762 2691 1831 {quod
2726 1772 2907 1816 tamen
2943 1763 3142 1817 retinet
3176 1762 3348 1817 codex
3382 1762 3533 1815 Thu-

242 1862 359 1930 plo.
397 1859 597 1925 Quidni
626 1860 999 1916 meminisset?
1029 1876 1157 1915 cum
1182 1877 1329 1915 nunc
1350 1877 1590 1931 quoque,
1622 1869 1703 1916 ιοι
1728 1863 1843 1917 eia-
1946 1866 2063 1905 ana:
2094 1852 2456 1924 bibliotheca)
2493 1868 2557 1908 ac
2590 1854 2885 1909 favorabile
2917 1854 3233 1925 llieronymi
3284 1855 3529 1909 intrusc-

240 1953 365 2021 psis
419 1952 666 2015 mulis,
718 1966 818 2021 pai-
862 1953 1068 2007 memio
1124 1952 1377 2020 idemque
1420 1967 1601 2008 sermo
1650 1953 1841 2008 haberi
1942 1942 2073 1998 rint.
2100 1941 2371 2008 Quocirca
2405 1945 2647 2015 suspicio
2679 1953 2825 2000 tenet
2872 1961 2978 2008 me,
3015 1944 3157 1999 idem
3210 1946 3389 1999 scelus
3440 1945 3530 1997 hic

238 2050 448 2113 queat;
500 2043 961 2112 quemadmodum
1004 2044 1206 2114 legenti
1241 2044 1467 2114 patebit.
1520 2044 1625 2098 Alii
1657 2046 1840 2115 περὶ-
1944 2043 2338 2106 perpetratum,
2371 2052 2435 2091 ac
2465 2038 2771 2093 versionem
2795 2037 3151 2093 Clementina:
3186 2038 3430 2107 epistola:
3458 2038 3528 2091 ad

172 2158 183 2173 π
238 2146 449 2191 cantur
474 2150 507 2190 a
534 2134 813 2191 Clemente
840 2138 1029 2192 exsule
1068 2137 1240 2191 factas
1272 2138 1514 2201 litteras,
1541 2138 1645 2192 sub
1675 2137 1834 2192 linem
1938 2126 2204 2184 «iambum
2232 2145 2262 2183 θ
2295 2128 2494 2185 Rufino
2533 2130 2757 2195 factam,
2792 2130 3107 2201 Hieronymi
3156 2131 3318 2184 titulo
3358 2130 3530 2185 fuisse

238 2230 371 2284 vita:
396 2248 410 2283 :
438 2232 567 2299 quia
600 2246 721 2299 cap.
765 2231 800 2285 5
823 2231 956 2284 dicit
985 2229 1216 2284 Paulum
1241 2232 1294 2284 in
1326 2232 1529 2285 finibus
1565 2229 1837 2285 Occiden-
1941 2219 2311 2278 hODBSlalam.

238 2320 314 2373 tis
337 2335 566 2390 passum
597 2336 743 2382 esse,
773 2335 877 2373 nec
920 2320 1071 2374 urbis
1104 2318 1290 2374 Romae
1322 2320 1455 2373 facit
1508 2335 1838 2374 commemo—
2013 2309 2257 2381 Denique
2299 2311 2606 2368 monendus
2654 2328 2734 2377 es.
2764 2310 2982 2376 Ῑλθοῑοτν
3026 2311 3183 2366 υηείε
3237 2319 3527 2382 Ρθτιοῑυηι

235 2410 546 2475 rationem;
567 2418 621 2465 et
652 2412 781 2479 quia
810 2410 863 2462 in
884 2410 1040 2463 initio
1063 2411 1406 2465 calamitates
1450 2409 1839 2465 adversitates-
1939 2415 2078 2471 Opus
2102 2401 2368 2472 illSpel‘siS
2391 2403 2596 2458 includi
2618 2420 2681 2459 ea
2708 2419 2830 2473 qua:
2852 2403 2907 2457 in
2939 2403 3222 2458 ms.deleta
3246 2411 3341 2456 aut
3367 2405 3530 2457 amis-

235 2512 349 2565 que
400 2511 534 2552 suas
586 2498 865 2569 proponit.
924 2495 1126 2551 Verum
1174 2498 1302 2568 quis
1346 2498 1535 2553 credat
1574 2496 1840 2552 Romanis
1940 2506 2022 2555 sa,
2055 2507 2153 2561 per
2175 2494 2550 2563 conjecturam
2569 2498 2843 2566 suppleta,
2872 2497 2925 2548 in
2955 2496 3197 2550 editione
3222 2495 3525 2566 Anglicaua

234 2588 451 2641 aditam
497 2588 929 2651 Chersonesum,
960 2598 1018 2642 ut
1048 2590 1115 2644 ad
1136 2588 1454 2647 Corinthios
1488 2591 1839 2647 scriberent?
1940 2582 2187 2639 minialis
2209 2584 2408 2641 litteris
2434 2587 2699 2658 impressa
2734 2596 2884 2643 sunt.

1379 2991 1476 3077 J.
1554 2990 1662 3075 B.
1745 2984 2401 3080 COTELERII

806 3182 1181 3249 JUDICIUM
1216 3185 1326 3246 DE
1368 3184 1884 3247 POSTERIORE
1931 3184 2328 3247 EPISTOLA
2368 3186 2430 3247 S.
2485 3185 2962 3249 CLEMENTIS.

304 3437 503 3491 Exstat
525 3434 593 3491 de
618 3435 721 3491 hac
744 3434 987 3507 Epistola
1013 3436 1279 3505 judicium
1310 3437 1491 3507 magni
1520 3436 1701 3492 critici
1724 3436 1827 3491 Eu-
1854 3457 1858 3487 ε

1971 3436 2163 3509 ραψεν,
2201 3435 2324 3490 οὔτε
2353 3435 2447 3489 τοῦ
2474 3438 2739 3507 Ῥωμαίου
2762 3439 3100 3511 Κλήμεντος,
3134 3441 3271 3513 πλὴν
3290 3440 3395 3497 ’δύο
3426 3446 3520 3500 καὶ

231 3527 401 3589 scbii,
440 3523 696 3579 Historia:
730 3526 1101 3579 ecclesiastica:
1142 3527 1235 3580 lib.
1294 3542 1379 3589 lli,
1413 3542 1535 3595 cap.
1565 3527 1655 3591 58,
1685 3526 1836 3581 hisce
1942 3529 2119 3599 μόνων
2135 3529 2450 3582 ἐπιστολῶν.
2481 3529 2543 3582 Et
2562 3545 2690 3585 vero
2708 3532 3164 3601 quemadmodum
3192 3535 3519 3594 Caesariensi

227 3618 424 3672 verbis
472 3633 791 3687 expressum
829 3635 843 3671 :
886 3617 1080 3670 ’ἰστέον
1124 3617 1168 3670 δ’
1200 3618 1277 3681 ὡς
1337 3619 1432 3671 καὶ
1479 3617 1703 3689 δευτέρα
1749 3634 1781 3669 τ

1964 3616 2195 3687 piscOpo
2242 3616 2559 3683 credimus,
2598 3618 2907 3674 dubitatum
2955 3621 3125 3677 fuisse
3178 3624 3246 3679 de
3294 3636 3518 3683 auctore

227 3705 374 3761 εἶναι
426 3709 644 3777 λέγεται
692 3708 788 3761 τοῦ
836 3709 1153 3780 Κλήμεντος
1202 3708 1481 3780 ἐπιστολή·
1512 3710 1574 3762 οὐ
1610 3710 1706 3778 μὲν
1754 3706 1779 3759 ἐ

1963 3716 2139 3762 lostra:
2210 3707 2486 3777 epistolas;
2557 3709 3013 3778 quemadmodum
3068 3728 3174 3766 non
3223 3730 3517 3784 possumus

232 3802 445 3870 ὁμοίως
476 3806 541 3872 τῇ
576 3802 816 3873 προτέρᾳ
855 3804 950 3855 καὶ
978 3801 1182 3873 ταύτην
1218 3802 1494 3874 γνώριμον
1533 3802 1786 3873 ὲπιστάμε

1958 3815 2102 3863 ωηο,
2134 3808 2256 3869 post
2284 3799 2594 3869 deperditos
2625 3808 2703 3853 tot
2732 3802 3032 3869 primorum
3070 3802 3288 3860 Patrum
3323 3809 3512 3873 libros,

228 3894 323 3954 θα,
358 3894 443 3945 ὅτι
476 3894 609 3963 μηδὲ
636 3895 760 3956 τοὺς
789 3894 1050 3966 ἀρχαίους
1082 3895 1219 3966 αὐτῇ
1251 3896 1622 3967 κεχρημένους
1650 3898 1782 3968 ἴσμε

1964 3891 2251 3947 memoriam
2296 3892 2443 3945 illius
2481 3906 2760 3957 accusare,
2797 3910 2919 3964 quae
2949 3903 3127 3950 tamen
3166 3913 3272 3952 non
3303 3916 3518 3970 semper

227 3984 369 4051 Quae
401 4001 430 4037 a
482 3986 699 4048 Rufino,
731 3985 811 4038 uti
842 3986 982 4040 solet
1008 3986 1358 4057 indiligenter
1382 3988 1687 4043 redduntur
1710 3990 1823 4045 sic:
1932 3986 2040 4040 flda
2066 3984 2311 4051 exstitit;
2346 3986 2416 4037 ita
2450 4000 2713 4053 negamus
2746 3985 2872 4040 inde
2899 3990 3183 4057 consequi,
3203 4004 3300 4057 pro
3321 3990 3515 4061 pseud-

228 4076 451 4128 Dicitur
476 4085 649 4128 tamen
676 4091 788 4129 esse
828 4085 876 4127 et
926 4076 1037 4128 alia
1070 4074 1351 4131 Clementis
1388 4079 1634 4146 epistola,
1675 4080 1827 4149 cujus
1932 4078 2229 4151 epigrapha
2308 4078 2622 4131 necessario
2647 4066 2971 4132 habendam
3014 4080 3299 4148 epistolam
3339 4100 3352 4136 :
3387 4098 3513 4136 cum

228 4183 329 4221 nos
378 4167 628 4219 notitiam
675 4183 780 4219 non
823 4168 1138 4235 accepimus.
1188 4168 1301 4223 Nec
1350 4170 1524 4240 magis
1571 4180 1827 4227 accurate
1930 4169 2046 4222 fieri
2090 4168 2345 4236 quiverit,
2375 4176 2432 4221 ut
2480 4184 2617 4237 opus
2666 4170 2959 4239 genuinum
2997 4171 3050 4223 in
3084 4174 3513 4229 controversiam

229 4259 629 4328 Hieronymus,
666 4258 806 4311 libro
852 4257 928 4309 De
978 4258 1103 4310 viris
1146 4257 1445 4311 illustribus
1478 4274 1496 4311 :
1528 4257 1727 4312 Fertur
1774 4270 1827 4314 et
1927 4260 2157 4320 venerit,
2197 4266 2251 4313 et
2280 4273 2309 4310 a
2339 4260 2530 4328 primis
2568 4261 2826 4315 Ecclesiae
2856 4263 3219 4331 scriptoribus
3248 4280 3356 4318 non
3394 4264 3513 4319 fue-

227 4353 473 4410 secunda
502 4369 613 4405 esse
634 4368 697 4405 ex
730 4352 843 4420 ejus
868 4352 1076 4403 nomine
1103 4352 1349 4420 epistola,
1379 4358 1543 4421 quwfa
1567 4353 1822 4408 veteribus
1926 4351 1999 4403 rit
2042 4350 2396 4404 celebratum.
2428 4351 2589 4405 Certe
2616 4367 2674 4405 ea
2702 4352 2989 4416 dubitatio,
3021 4369 3084 4407 ea
3113 4356 3368 4419 omissio,
3399 4372 3510 4409 non

227 4444 571 4513 reprobatur.
617 4444 685 4500 Et
706 4444 929 4499 Photius
949 4446 1349 4512 Μιιριοϐίϐλου
1383 4445 1503 4498 cod.
1540 4444 1661 4506 112,
1695 4446 1781 4499 ΗΞ

1951 4442 2308 4497 Ieterruerunt
2331 4451 2609 4497 auctorem
2630 4438 2903 4495 Canonum
2925 4445 3352 4514 apostolicorum,
3381 4462 3505 4504 can.

224 4539 263 4605 ἡ
296 4536 354 4588 δὲ
394 4533 662 4602 λεγομένη
692 4531 917 4602 δευτέρα
948 4531 1085 4601 πρὸς
1127 4533 1254 4594 τοὺς
1286 4534 1503 4595 αὐτοὺς,
1549 4532 1623 4595 ὡς
1672 4534 1778 4586 νόθε

1954 4536 2056 4600 Ilt.,
2083 4534 2446 4604 Epiphanium
2479 4536 2667 4589 hatresi
2699 4537 2787 4597 57,
2819 4551 2867 4589 c.
2901 4537 2955 4600 6,
2989 4536 3177 4591 haircsi
3209 4538 3297 4601 50,
3330 4553 3378 4592 c.
3418 4539 3508 4603 15,

226 4627 718 4697 ἁππκιμάςεται.
770 4625 955 4694 Neque
993 4626 1137 4679 enim
1167 4625 1300 4679 dicit
1332 4624 1598 4680 Eusebius
1625 4642 1824 4681 secun-
1925 4634 1981 4681 et
2012 4642 2135 4681 eum
2167 4627 2258 4695 qui
2284 4622 2504 4680 Librum
2528 4628 2884 4697 pontiﬁcalem
2913 4629 3241 4696 composuit,
3275 4645 3383 4698 quo
3407 4632 3512 4683 mi-

226 4722 358 4773 dam
407 4719 705 4773 Clementis
748 4718 1031 4787 epistolam
1062 4718 1289 4771 notham
1317 4734 1461 4782 esse,
1494 4725 1548 4773 et
1580 4720 1648 4773 ab
1679 4722 1823 4774 anti-
1853 4781 1890 4788 _
1925 4736 2030 4775 nus
2074 4719 2140 4773 de
2182 4718 2540 4774 Clementinis
2571 4718 2835 4787 epistolis,
2869 4720 3095 4788 perinde
3135 4736 3198 4774 ac
3238 4722 3374 4776 nihil
3426 4724 3511 4781 in-

227 4811 358 4881 quis
397 4810 777 4879 reprobatam;
808 4809 943 4863 dicit
975 4808 1320 4863 solummodo
1352 4809 1653 4879 ignoratum
1687 4811 1824 4867 fuis-
1853 4781 1901 4840 D
1927 4812 2228 4868 tercederet
2258 4814 2401 4865 inter
2427 4811 2548 4865 illas
2577 4810 2932 4873 discriminis,
2967 4812 3336 4882 loquerentur.
3356 4816 3510 4871 Mitto

226 4922 309 4964 se.
349 4905 408 4956 in
454 4903 809 4956 citationibus
857 4916 886 4953 a
935 4901 1209 4955 veteribus
1261 4902 1713 4969 praetermissam,
1765 4904 1821 4959 in
1929 4904 2074 4958 enim
2105 4901 2385 4965 Niconem,
2416 4901 2484 4957 de
2529 4916 2636 4971 quo
2682 4902 2747 4955 ad
2800 4904 3100 4973 snperioris
3135 4905 3389 4975 Epistolas
3416 4923 3509 4961 ca-

227 4998 463 5054 dubiuin
498 5004 781 5060 vocatam;
817 4993 960 5046 unde
991 4994 1180 5046 eodem
1212 4994 1314 5046 loci
1343 5002 1396 5047 et
1424 4995 1551 5049 alibi
1585 4996 1781 5065 priorei

1953 5002 2028 5045 »ιιι
2063 4994 2148 5047 14.
2182 4991 2294 5047 lmo
2328 4993 2471 5058 quod
2499 4993 2789 5046 admodum
2823 4997 3040 5061 mirere,
3060 4998 3111 5052 id
3137 5001 3204 5054 ab
3228 5002 3360 5070 ipsis
3381 5001 3507 5057 Hie—

221 5098 519 5160 nuncupat
545 5086 1505 5159 ὁμολογουμένην,ἀνωμολογημένην
1538 5089 1688 5159 παρὰ
1718 5091 1775 5141 πε

1951 5102 2159 5155 'onymo
2208 5101 2270 5139 ac
2319 5084 2512 5139 Photio
2563 5086 2927 5155 designatum,
2957 5093 3175 5159 quando
3202 5110 3357 5148 suam
3396 5112 3505 5151 non

227 5183 545 5252 vataque
567 5179 840 5235 rectiusin
867 5177 1539 5247 Nicephorolih.m,c.l8
1567 5180 1818 5242 habetur:
1929 5175 2152 5232 Eusebii
2197 5187 2507 5245 proponunt
2543 5177 2886 5247 opinionem;
2938 5181 3026 5236 ille
3072 5182 3123 5235 in
3172 5184 3497 5239 volumincl

223 5276 340 5329 Καὶ
376 5274 511 5343 ἄλλη
556 5273 611 5325 δὲ
662 5270 829 5323 αὐτοῦ
864 5270 1084 5340 φέρεται
1115 5270 1393 5341 ἐπιστολὴ,
1424 5271 1524 5341 τῆς
1551 5272 1777 5342 προτέρα

1948 5270 2191 5324 idversus
2237 5268 2584 5323 Jovinianum
2638 5285 2760 5339 cap.
2841 5271 2891 5336 '7,
2938 5273 3026 5327 hic
3068 5274 3122 5326 in
3200 5269 3502 5337 Myriobibli

224 5366 374 5423 κατὰ
424 5364 559 5416 πολὺ
609 5362 927 5415 ἀποδέουσα·
984 5362 1111 5430 περὶ
1158 5355 1280 5431 ἦςὸ
1312 5361 1473 5423 αὐτός
1526 5378 1689 5431 φησιν
1720 5363 1778 5414 Ei

1949 5361 2198 5432 :ap.126.
2253 5362 2562 5427 Quinetiam
2614 5369 2901 5432 utramque
2949 5364 3090 5417 inter
3137 5379 3307 5418 sacra:
3353 5363 3503 5419 Scri-

227 5457 436 5518 σέϐιος,
478 5454 553 5526 μὴ
584 5456 641 5505 ὲν
670 5455 951 5525 ἐπιστήμῃ
977 5452 1180 5522 ταύτης
1218 5455 1343 5516 τοὺς
1372 5453 1632 5523 ἀρχαίους
1661 5448 1777 5506 εἶνα

1948 5463 2101 5511 itura:
2128 5455 2297 5508 libros
2327 5454 2631 5508 collocasse
2658 5454 2909 5509 videntur
2928 5457 3180 5511 Ecclesia:
3224 5458 3347 5522 illae,
3382 5475 3502 5529 quae

230 5549 506 5601 Maximus
563 5548 618 5600 in
680 5545 910 5615 Prologo
940 5545 1007 5598 ad
1035 5546 1277 5617 Dionysii
1316 5561 1505 5616 opera,
1542 5561 1709 5615 agens
1756 5547 1822 5600 de
1925 5546 2229 5601 canonibus
2261 5544 2576 5613 apostolicis
2608 5546 2957 5615 regebantur,
2989 5548 3189 5616 quique
3220 5562 3315 5603 eos
3342 5563 3504 5602 cano-

230 5639 494 5703 liuscbio,
524 5638 616 5691 καί
662 5636 768 5707 μὴν
798 5635 919 5707 οὔτε
952 5637 1250 5689 Πανταίνου
1299 5638 1425 5701 τοὺς
1484 5636 1677 5701 πόνους
1710 5637 1784 5692 ἁνε

1944 5653 2023 5694 tes
2056 5639 2108 5693 in
2141 5637 2274 5694 Novi
2305 5638 2633 5696 Testamenti
2662 5641 3025 5700 voluminibus
3051 5649 3297 5696 recenset
3330 5638 3498 5696 Joan-
