3936 6172
460 273 522 330 ’11

1586 260 1677 323 Ab
1719 269 1777 325 s.
1817 257 2243 326 CLEMENTEM
2284 270 2303 324 1
2342 268 2571 325 ιιιιῐιειιι

3638 275 3709 327 72

459 403 557 444 nes
588 385 953 440 Damascenus
983 383 1074 439 lib.
1116 398 1166 436 tv
1245 386 1566 443 Orthodoxa:
1596 386 1723 455 ﬁdei
1772 395 1893 451 cap.
1940 380 2028 447 18,
2061 395 2108 453 Α
2136 390 2376 449 ceperant
2409 381 2426 449 (
2461 396 2527 435 ex
2563 378 2815 441 Eusebio,
2842 378 3063 443 Ruﬁno,
3098 378 3426 450 Nicephoro,
3458 389 3621 450 atque
3649 398 3719 437 ex

455 489 510 537 et
544 484 812 551 quotquot
861 476 1158 531 Bibliorum
1191 475 1475 530 codicibus
1506 476 1797 530 utebantur
1839 474 2032 529 simili-

455 574 561 628 bus
584 572 661 625 illi
692 568 927 632 Theela,
952 583 983 622 e
1006 584 1114 637 quo
1141 568 1262 622 dua
1291 568 1408 622 ista
1429 567 1669 636 epistola
1692 567 2032 636 prodierunt.

455 660 684 717 Accedit
730 660 837 714 huc
865 660 1010 729 quod
1040 660 1241 715 eadem
1273 660 1562 729 utrobique
1597 666 1860 729 apparent
1902 659 2039 712 anti-

456 752 683 823 quitatis
729 758 893 816 nota,
933 750 1121 805 eadem
1154 750 1427 805 interdum
1458 752 1624 805 verba
1654 758 1991 821 usurpantur
2019 770 2033 817 ;

455 861 557 899 nec
608 850 818 898 tantam
864 842 1233 899 diversitatem
1263 842 1422 897 habet
1452 844 1646 914 stylus.
1676 843 1807 912 quin
1847 844 1915 897 ab
1945 858 2039 896 eo-

455 936 577 991 dem
633 935 901 1005 scriptore
946 934 1116 989 variis
1159 933 1498 1004 temporibus
1545 934 1887 1004 diversisque
1938 949 2037 1003 pro

394 1066 395 1069 η
454 1028 640 1083 causis
684 1027 817 1081 oriri
862 1027 1120 1095 potuerit.
1168 1025 1458 1095 Dionysius
1488 1033 1667 1079 autem
1716 1025 2035 1081 Corinthius

455 1117 703 1173 scribens
733 1117 799 1170 ad
827 1114 1103 1171 Romanos
1135 1116 1276 1185 apud
1305 1116 1597 1171 Eusebium
1630 1116 1724 1171 lib.
1759 1132 1832 1181 iv,
1863 1134 1912 1172 c.
1939 1118 2031 1175 25.

452 1209 577 1265 ideo
618 1209 781 1263 unius
824 1214 1036 1262 tantum
1081 1209 1323 1277 epistola
1361 1208 1655 1263 Clementis
1703 1211 2033 1265 mentionem

454 1300 607 1364 facit,
638 1300 764 1370 quia
798 1300 1040 1369 loquitur
1073 1299 1141 1354 de
1181 1301 1377 1355 litteris
1408 1300 1776 1356 Romanorum
1818 1304 2038 1357 nomine

454 1394 598 1449 datis
644 1393 711 1447 ad
760 1394 1112 1457 Corinthios;
1167 1404 1219 1448 at
1262 1394 1535 1462 posterior
1558 1392 1875 1457 Clementis,
1908 1395 2033 1456 etsi,

454 1492 594 1540 teste
636 1484 854 1548 Photio,
886 1484 953 1539 ad
995 1484 1309 1538 Corinthios
1352 1499 1568 1553 quoque
1616 1491 1762 1541 esset
1809 1485 2035 1553 scripta,

453 1591 565 1630 non
612 1586 791 1630 tamen
838 1578 979 1631 sicut
1026 1578 1196 1645 prior,
1228 1574 1482 1630 Ecclesia
1520 1574 1780 1630 Romana
1811 1591 2033 1641 nomen,

455 1670 550 1727 sed
584 1669 814 1723 Romani
860 1669 1140 1724 Pontiﬁcis
1178 1669 1518 1738 praferebat.
1548 1668 1826 1723 Iudicatur
1856 1670 1906 1723 id
1938 1686 2033 1741 ap-

2138 489 2303 529 sensu
2334 473 2685 528 scribendum
2716 474 2999 544 receperat)
3021 473 3380 538 traditionem,
3404 476 3724 528 annuntian-

2139 576 2241 621 ten:
2269 582 2432 619 unum
2463 564 2631 619 Deum
2658 566 3085 634 omnipotentem,
3111 566 3367 635 [actorem
3395 566 3512 619 caeli
3539 576 3588 620 et
3614 578 3720 619 ter-

2138 673 2232 720 rw,
2252 656 2627 725 plasmatorem
2646 657 2895 720 hominis;
2914 657 3003 727 qui
3022 657 3290 710 induxerit
3315 661 3717 726 cataclysmum,

2136 756 2186 799 et
2241 747 2572 801 advocaverit
2620 746 2911 809 Abraham,
2945 750 3033 817 qui
3078 748 3321 802 eduxerit
3357 751 3608 819 populum
3654 753 3721 804 de

2140 844 2281 890 terra
2322 836 2567 907 nggpti,
2612 838 2701 907 qui
2740 838 3033 893 collocutus
3070 840 3137 893 sit
3178 837 3388 910 Moysi,
3426 843 3515 911 qui
3557 843 3719 913 legem

2138 929 2478 997 disposuerit,
2506 939 2555 983 et
2580 930 2861 1000 prophetas
2894 933 3117 997 miserit,
3142 934 3231 1001 qui
3256 934 3424 1002 ignem
3445 949 3721 1002 prtepara-

2140 1023 2269 1075 verit
2288 1021 2499 1076 diabolo
2521 1032 2569 1075 et
2601 1024 2802 1093 angelis
2829 1024 2964 1091 ejus.
2995 1022 3219 1079 Brevem
3248 1028 3720 1081 enumerationem

2140 1115 2403 1184 capitum,
2438 1117 2493 1170 in
2522 1117 2625 1171 hac
2656 1117 2917 1172 Ecclesia
2947 1116 3207 1172 Romana
3237 1118 3465 1187 epistola
3490 1128 3721 1175 conten-

2138 1210 2346 1269 torum,
2388 1215 2612 1261 sanctus
2645 1215 2851 1278 martyr
2885 1207 3141 1261 instituit.
3188 1206 3263 1261 Ea
3311 1218 3491 1261 autem
3534 1213 3720 1265 omnia

2139 1295 2317 1349 adhuc
2344 1296 2523 1366 legere
2553 1305 2667 1359 est,
2710 1306 2940 1367 excepto
2978 1298 3190 1361 ultimo,
3223 1297 3369 1367 quod
3396 1299 3560 1353 dubio
3589 1316 3719 1368 pro-

2139 1385 2226 1439 cul
2273 1385 2468 1439 lacuna
2499 1388 2589 1440 illa
2616 1388 2760 1442 circa
2793 1388 2956 1442 ﬁnem
2987 1388 3273 1457 interjecta
3314 1391 3719 1459 complet-teba-

2138 1483 2248 1531 tur.
2273 1474 2406 1541 Quis
2437 1492 2602 1547 porro
2631 1493 2739 1531 non
2770 1477 2948 1542 videt,
2982 1478 3073 1531 ubi
3112 1479 3251 1549 ignis
3279 1478 3495 1533 diabolo
3522 1493 3575 1534 et
3614 1496 3718 1534 an-

2137 1567 2270 1635 gelis
2297 1567 2417 1634 ejus
2456 1576 2792 1636 praparatus
2844 1569 3268 1632 memorabatur,
3314 1570 3390 1623 ili
3430 1572 3719 1628 commode

2140 1658 2382 1727 potuisse
2432 1659 2517 1729 agi
2566 1660 2632 1713 de
2678 1660 2862 1713 mundi
2908 1660 3031 1723 ﬁne,
3079 1675 3141 1714 ac
3189 1660 3256 1715 de
3297 1662 3585 1731 impiorum
3618 1679 3716 1733 per

454 1762 764 1831 pellatione,
811 1760 1025 1829 ἀδελφοί
1059 1778 1180 1830 μου,
1214 1775 1376 1830 quam
1424 1760 1475 1814 in
1521 1760 1761 1814 secunda
1807 1776 1914 1814 non
1946 1777 2030 1815 se-
2063 1752 2104 1811 Β
2133 1751 2540 1819 ignemjudicio
2572 1761 2701 1805 tunc
2732 1751 2944 1817 futuro;
2972 1753 3203 1822 ideoque
3223 1760 3275 1807 et
3314 1751 3533 1823 Sibylla
3561 1770 3713 1808 men-

453 1854 559 1908 mel
590 1853 819 1923 positam
852 1852 1115 1915 invenies,
1157 1867 1427 1921 nusquam
1462 1852 1517 1905 in
1546 1852 1750 1921 priore.

524 1942 725 2012 Objicit
773 1942 1012 1998 Iacobus
1062 1942 1341 2007 Usserius,
1372 1943 1760 1999 dissertatione
1802 1943 1869 1997 de
1898 1946 2035 1999 scri-

452 2035 561 2104 ptis
588 2033 802 2103 lgnatii,
829 2042 960 2098 etc.,
994 2049 1114 2103 cap.
1148 2036 1217 2091 ‘10
1247 2036 1315 2090 ad
1345 2037 1491 2090 hunc
1524 2034 1779 2089 modum:
1814 2034 2034 2105 Episto-

452 2126 505 2178 la
540 2125 700 2179 titulo
738 2124 1033 2181 Clementis
1080 2124 1148 2179 ad
1195 2125 1511 2181 Corinthios
1544 2134 1757 2189 ornata,
1791 2127 2035 2195 profere-

453 2217 547 2270 bat
565 2216 1045 2287 (quemadmodum
1108 2230 1173 2269 επ
1192 2210 1580 2282 Quwstionibus
1602 2213 1672 2264 ad
1692 2215 2029 2282 orthodoaos,

450 2308 667 2365 Iustino
711 2309 930 2380 Martyri
973 2310 1215 2373 tributis,
1247 2308 1414 2379 Resp.
1447 2310 1513 2364 ad
1541 2317 1734 2379 quaest.
1777 2310 1842 2364 74
1872 2310 2034 2363 intel-

453 2403 717 2473 ligimuS)
748 2402 990 2456 carmina
1026 2400 1311 2471 Sibyllina,
1346 2418 1465 2471 qua
1496 2401 1789 2456 Clementis
1822 2409 2025 2471 tempo-

450 2496 606 2549 ribus
655 2495 955 2563 posteriora
1002 2492 1249 2555 fuerunt;
1284 2493 1423 2548 unde
1452 2493 1726 2564 colligitur
1755 2510 1870 2549 eam
1897 2496 2034 2549 cita-

452 2588 659 2641 tionem
693 2601 819 2640 cum
852 2586 907 2639 in
935 2586 1117 2655 priore
1142 2586 1436 2639 Clementis
1479 2587 1708 2655 epistola
1752 2601 2030 2655 nusquam

452 2685 785 2748 compareat,
819 2676 886 2730 ad
916 2678 1141 2731 alteram
1171 2676 1359 2731 referri
1386 2679 1602 2739 debere,
1636 2693 1757 2747 qua
1786 2678 2032 2745 ejusdem

453 2770 674 2824 nomine
708 2770 846 2823 falso
876 2769 1229 2823 inscribatur.
1251 2766 1526 2821 lnﬁrmum
1558 2774 1716 2837 plane
1746 2785 2033 2839 argumen-

452 2866 588 2912 tum.
621 2858 761 2911 Audi
784 2858 947 2913 verba
985 2856 1419 2930 pseudo-Justini
1456 2877 1468 2912 :
1500 2860 1563 2911 Εἰ
1611 2858 1711 2929 τῆς
1751 2860 2035 2930 παρούσης

452 2952 836 3015 καταστάσεως
881 2953 942 3004 τὸ
988 2951 1139 3012 τέλος
1184 2952 1328 3004 ἐστὶν
1377 2954 1410 3021 ἡ
1461 2952 1546 3004 διὰ
1574 2952 1667 3005 τοῦ
1701 2953 1868 3023 πυρὸς
1914 2955 2037 3025 κρί-

454 3059 541 3106 σις
606 3043 713 3097 τῶν
769 3044 976 3097 ἀσεϐῶν
1009 3082 1023 3106 ,
1098 3043 1243 3096 καθά
1306 3061 1467 3113 φασιν
1533 3046 1588 3098 αἱ
1636 3045 1844 3115 γραφαὶ
1901 3060 2035 3114 προ-

452 3134 637 3205 φητῶν
698 3152 757 3187 τε
814 3135 906 3188 καὶ
949 3134 1280 3199 ἀποστόλων,
1334 3136 1412 3189 ἔτι
1464 3132 1518 3190 δὲ
1573 3139 1665 3190 καὶ
1712 3137 1810 3207 τῆς
1839 3136 2028 3189 Σιϐύλ-

451 3220 569 3296 λης,
603 3224 785 3289 καθώς
836 3242 997 3297 φησιν
1043 3226 1071 3276 ὁ
1127 3226 1391 3297 μακάριος
1440 3228 1671 3299 Κλήμης
1715 3229 1771 3281 ὲν
1799 3232 1863 3299 τῇ
1896 3228 2031 3298 πρὸς

451 3314 772 3387 Κορινθίους
816 3316 1095 3387 ἐπιστολῇ,
1133 3326 1238 3372 etc.
1296 3316 1355 3372 Si
1402 3320 1674 3387 pra'sentis
1711 3335 1882 3372 rerum
1918 3329 2031 3372 sta-

454 3418 537 3463 tus
570 3410 691 3479 ﬁnis
721 3419 800 3463 est
864 3410 1144 3478 impiorum
1189 3427 1281 3480 per
1328 3411 1498 3481 ignem
1536 3411 1839 3480 judicium,
1874 3420 2029 3479 prout

454 3507 717 3555 testantur
759 3500 1129 3569 prophetarum
1177 3511 1225 3555 et
1261 3503 1618 3571 apostolorum
1668 3504 1888 3571 scripta,
1945 3514 2029 3556 at-

451 3608 549 3660 que
595 3592 807 3660 insuper
838 3591 1060 3663 Sibylla:
1085 3594 1269 3661 ipsius,
1314 3594 1748 3664 quemadmodum
1782 3597 1856 3648 ait
1906 3596 2029 3649 bea-

452 3696 538 3736 tus
588 3680 825 3737 Clemens
872 3684 926 3736 in
958 3682 1199 3752 Epistola
1252 3684 1320 3737 ad
1365 3684 1689 3748 Corinthios,
1742 3693 1847 3739 etc.
1897 3685 2028 3751 Qua

452 3760 512 3828 in
576 3773 837 3828 Gallicam
889 3775 1128 3845 linguam
1174 3778 1250 3830 ita
1295 3780 1458 3833 vertit
1490 3777 1657 3831 David
1711 3776 2027 3833 Blondellus

453 3864 595 3920 libro
624 3867 800 3935 primo
845 3865 920 3922 De
965 3867 1206 3939 Sibyllis,
1248 3885 1369 3939 cap.
1406 3870 1509 3935 20,
1564 3886 1628 3925 ac
1682 3870 1729 3925 si
1783 3871 2023 3940 legisset,

450 3954 510 4010 ὲν
536 3958 602 4027 τῇ
633 3955 823 4029 πρώτῃ
854 3957 991 4028 πρὸς
1018 3958 1334 4030 Κορινθίους
1363 3960 1753 4033 ὲπιστολῇδοι]
1785 3973 2024 4018 erratum

450 4054 536 4101 est
581 4048 928 4117 praperantis
973 4050 1231 4116 hominis,
1266 4054 1602 4122 nimiumque
1646 4056 1909 4109 memoria
1964 4056 2027 4110 ﬁ-

449 4141 651 4196 dentis.
686 4140 871 4213 Itaque
902 4159 1026 4198 cum
1086 4145 1563 4216 pseudo-Justinus
1613 4151 1909 4219 generatim
1958 4152 2027 4209 tle

446 4234 694 4305 epistolis
720 4235 990 4306 loquatur,
1026 4245 1214 4291 neutra
1240 4247 1417 4294 autem
1448 4240 1516 4294 ad
1537 4256 1637 4297 nos
1664 4243 1873 4313 integra
1901 4259 2025 4312 ρει-ι

2060 3098 2102 3156 C

2136 1844 2211 1896 tio
2237 1843 2387 1897 ﬁeri?

2201 1957 2293 2011 Ait
2324 1964 2507 2011 tamen
2532 1957 2615 2011 vir
2643 1956 2935 2026 perdoctus
2958 1973 3065 2011 non
3095 1959 3317 2014 licuisse
3342 1974 3439 2028 per
3458 1968 3713 2028 tempora

2135 2047 2403 2101 Clementi
2449 2062 2517 2100 ex
2567 2046 2847 2117 Sibyllinis
2895 2050 3265 2115 carminibus,
3341 2058 3530 2119 utpote
3592 2051 3717 2119 ipso

2135 2140 2554 2208 posterioribus,
2582 2140 2955 2195 testimonium
2988 2148 3195 2210 petere.
3226 2141 3339 2197 Hoc
3363 2142 3712 2212 probandum

2136 2238 2278 2293 erat,
2319 2248 2426 2286 non
2466 2232 2625 2287 modo
2656 2232 2951 2287 dicendum
2978 2253 2991 2289 :
3022 2234 3167 2304 quod
3206 2235 3252 2289 si
3283 2246 3587 2300 constaret,
3622 2251 3714 2289 re-

2135 2324 2413 2394 quirerem
2458 2325 2839 2393 pradictarum
2882 2326 3259 2391 Quastionum
3310 2329 3528 2387 codices
3571 2343 3710 2386 mss.

2136 2434 2265 2472 num
2281 2432 2380 2487 pro
2397 2416 2579 2479 καθώς
2595 2417 2857 2473 haberent
2869 2419 2961 2471 καὶ
2977 2420 3053 2481 ὡς
3072 2427 3164 2472 aut
3177 2421 3268 2472 καὶ
3283 2420 3482 2481 καθὼς.
3507 2418 3710 2473 Verum

2137 2524 2302 2578 super
2334 2504 2613 2578 Sibyllinis
2647 2510 2898 2562 versibus
2929 2510 3271 2579 exploratum
3312 2526 3422 2564 non
3454 2510 3710 2574 habetur,

2137 2600 2355 2669 quando
2398 2600 2668 2669 caperint
2708 2600 2849 2669 apud
2897 2599 3241 2655 Christianos
3285 2603 3547 2669 evulgari.
3596 2601 3712 2655 Sub

2136 2693 2400 2762 apostolis
2424 2710 2536 2748 rem
2565 2693 2860 2762 contigisse
2885 2693 3267 2761 persuaderet,
3292 2694 3437 2763 quod
3463 2710 3493 2746 a
3522 2694 3712 2749 multis

2136 2782 2396 2843 refertur,
2428 2784 2764 2838 Clementem
2797 2784 3224 2837 Alexandrinum
3257 2786 3308 2837 in
3326 2798 3378 2838 τι
3398 2784 3711 2838 Stromateo

2138 2873 2228 2942 (p.
2252 2872 2387 2941 656)
2420 2875 2655 2927 recitare
2688 2873 2855 2927 verba
2884 2872 3037 2927 Pauli
3062 2875 3318 2943 apostoli,
3360 2873 3577 2928 Cracos
3610 2890 3712 2927 seu

2136 2957 2362 3027 gentiles
2413 2964 2480 3018 ad
2522 2960 2739 3032 Sibyllae
2783 2967 3006 3019 oracula
3048 2966 3430 3031 amandantis;
3474 2967 3581 3020 nisi
3616 2976 3713 3020 aut

2134 3053 2388 3111 Clemens
2432 3054 2669 3109 fabulam
2702 3070 2732 3109 a
2773 3058 3008 3126 quodam
3048 3059 3360 3129 apocrypho
3403 3060 3714 3127 sumpsisse

2134 3144 2242 3199 dici
2264 3154 2480 3216 posset;
2506 3152 2599 3198 aut
2628 3145 2813 3215 potius
2842 3146 2989 3200 illius
3020 3162 3240 3202 sensum
3264 3148 3576 3201 viderentur
3598 3165 3711 3204 non

2133 3238 2381 3308 attigisse
2403 3238 2652 3291 homines
2684 3238 2864 3304 docti;
2904 3253 3025 3307 qua
3053 3239 3273 3308 quidem
3318 3255 3437 3293 mea
3472 3250 3557 3294 est
3587 3243 3714 3311 opi-

2133 3328 2243 3382 nio.
2264 3328 2341 3382 Eo
2366 3330 2567 3398 quippe
2590 3329 2693 3382 loci
2724 3337 3013 3399 postquam
3044 3348 3109 3387 ex
3129 3331 3272 3385 Petri
3301 3333 3709 3399 praedicatione,

2135 3421 2274 3475 libro
2292 3429 2442 3474 extra
2455 3436 2719 3475 canonem
2750 3423 2949 3491 posito,
2975 3421 3301 3474 aﬁirmavitb
3317 3420 3708 3492 Στρωματεὺς,

2130 3512 2355 3579 Gracis,
2391 3521 2448 3565 ut
2480 3512 2646 3568 Deum
2672 3515 2919 3567 colerent
2948 3522 3001 3566 ct
3026 3512 3198 3583 gloria
3229 3514 3535 3576 adicerent,
3570 3528 3711 3567 con-

2130 3618 2343 3658 cessam
2388 3603 2560 3658 fuisse
2602 3603 3031 3674 philosophiam,
3064 3604 3520 3673 quemadmodum
3560 3620 3711 3658 eam-

2130 3697 2253 3750 dem
2289 3697 2358 3749 ob
2387 3711 2609 3750 causam
2645 3704 2938 3765 utrumque.
2974 3694 3385 3749 Testamentum
3415 3692 3619 3749 Judais
3652 3705 3710 3749 et

2128 3782 2490 3848 Christianis;
2543 3782 2646 3835 ista
2678 3782 2841 3851 paulo
2869 3782 3187 3836 obscuriora
3244 3782 3464 3851 subjieit
3502 3800 3515 3835 :
3556 3782 3707 3834 Ἐπεὶ

2128 3877 2207 3929 ὅτι
2277 3878 2525 3949 καθάπερ
2629 3878 2910 3941 Ἰουδαίους
3001 3876 3264 3942 σώζεσθαι
3349 3874 3597 3927 ἐϐούλετο
3675 3874 3707 3927 ὁ

2127 3967 2278 4030 Θεὸς,
2326 3970 2450 4031 τοὺς
2484 3969 2768 4039 προφήτας
2813 3968 3018 4030 διδοὺς,
3062 3966 3234 4028 οὕτως
3281 3965 3376 4018 καὶ
3435 3965 3707 4034 Ἐλλήνων

2125 4060 2250 4122 τοὺς
2280 4060 2704 4129 δοκιμωτάτους,
2734 4059 2965 4119 οἰκείους
2993 4056 3170 4110 αὐτῶν
3197 4059 3263 4125 τῇ
3284 4055 3545 4125 διαλέκτῳ
3566 4071 3706 4125 προ-

2127 4152 2301 4222 φήτας
2322 4152 2652 4221 ἀναστήσας,
2670 4152 2745 4213 ὡς
2773 4147 2873 4203 οἷοί
2901 4167 2958 4201 τε
2988 4146 3125 4220 ἦσαν
3152 4146 3399 4218 δέχεσθαι
3426 4146 3523 4217 τὴν
3547 4146 3703 4215 παρὰ

2114 4242 2249 4298 Θεοῦ
2280 4243 2617 4314 εὐεργεσίαν,
2666 4243 2772 4295 τῶν
2804 4242 3034 4312 χυδαίων
3080 4240 3380 4311 ἀνθρώπων
3408 4240 3697 4309 διέκρινεν,

445 4327 676 4394 venerit,
710 4333 913 4383 temere
957 4329 1025 4383 ab
1078 4329 1298 4386 Usserio
1340 4341 1683 4387 asseveratur
1711 4350 1819 4397 res,
1859 4350 2020 4405 quam

2131 4332 2349 4403 δηλώσει
2379 4334 2515 4405 πρὸς
2565 4328 2645 4400 τῷ
2672 4326 3291 4400 Πέτρουικηρύγματι,
3332 4330 3360 4381 ό
3398 4329 3698 4391 ἀπόστολος

446 4419 598 4473 nullo
622 4418 785 4473 modo
821 4421 997 4489 potuit
1045 4422 1271 4478 rescire.
1305 4423 1559 4489 Quinimo
1585 4426 1632 4480 si
1667 4426 2021 4481 divinationi-

2131 4424 2294 4492 λέγων
2337 4423 2565 4487 Παῦλος.
2590 4420 2795 4475 Λάϐετε
2842 4425 2937 4476 καὶ
2979 4423 3076 4485 τὰς
3117 4421 3428 4491 Ἑλληνικὰς
3459 4419 3693 4488 βίϐλους,

446 4508 550 4565 bus
578 4509 857 4579 indulgere
904 4511 1084 4573 liceat,
1117 4512 1443 4567 crediderim
1476 4514 1528 4567 in
1561 4516 1747 4586 prima
1777 4518 2023 4586 epistola

444 4600 642 4656 lacuna
673 4602 737 4656 ad
780 4617 831 4657 c.
860 4602 928 4657 57
958 4603 1154 4657 factam
1200 4602 1420 4674 Sibylla:
1464 4608 1811 4663 mentionem.
1844 4608 2021 4679 Atque

446 4690 777 4758 conjectura
831 4690 1058 4745 fundum
1114 4699 1169 4747 et
1223 4702 1502 4749 auctorem
1544 4695 1615 4749 do
1663 4694 1723 4752 S.
1757 4695 2018 4753 lrenaum

445 4778 544 4833 lib.
578 4794 639 4831 ιιι
673 4777 934 4832 Adversus
951 4779 1190 4849 haereses,
1250 4799 1370 4854 cap.
1398 4785 1451 4847 5,
1484 4786 1574 4840 ubi
1601 4786 1703 4841 hoc
1723 4797 1884 4856 pacto
1907 4789 2019 4845 dis-

446 4869 580 4924 serit
611 4888 624 4923 :
659 4868 767 4925 Sub
797 4871 893 4925 hoc
922 4873 1083 4943 igitur
1104 4872 1388 4940 Clemente,
1418 4875 1745 4933 dissensione
1774 4897 1877 4934 non
1909 4898 2018 4933 mo-

442 4962 567 5017 dica
592 4963 728 5017 inter
753 4980 840 5017 eos
871 4966 959 5034 qui
988 4964 1228 5022 Corinthi
1257 4978 1426 5024 essent
1460 4970 1654 5038 fratres
1686 4973 1859 5041 facta,
1887 4976 2020 5027 seri—

442 5054 551 5122 psit
599 5070 714 5123 qua:
756 5065 832 5108 est
864 5054 1043 5110 Roma:
1080 5056 1318 5113 Ecclesia
1366 5062 1759 5129 potentissimas
1815 5063 2019 5118 litteras

445 5141 756 5209 Corinthiis,
796 5145 864 5198 ad
891 5162 1071 5215 pacem
1101 5165 1187 5202 eos
1214 5166 1555 5221 congregans,
1587 5160 1636 5207 et
1665 5168 1919 5221 reparans
1951 5155 2019 5222 [i-

443 5232 560 5287 dem
586 5251 787 5299 eorum,
818 5245 866 5289 et
899 5239 1220 5292 annuntians
1252 5241 1614 5311 (annuntians
1662 5244 1934 5297 omittitur
1962 5244 2016 5300 in

442 5324 634 5380 Graco
680 5326 823 5395 apud
870 5325 1164 5383 Eusebium
1194 5331 1288 5385 lib.
1324 5349 1373 5396 ν,
1408 5348 1527 5405 cap.
1556 5334 1621 5401 6;
1667 5342 1721 5389 et
1746 5335 2016 5408 Nicepho-

442 5431 567 5471 rum
610 5419 704 5474 lib.
740 5436 814 5483 IV,
842 5435 963 5490 cap.
1001 5421 1084 5486 l5,
1118 5422 1258 5479 forte
1300 5425 1373 5479 ob
1407 5426 1814 5484 similitudinem
1846 5432 2018 5501 parti-

436 5508 709 5577 cipiorum
737 5511 1034 5566 ὰνανεοῦσα
1064 5523 1118 5569 et
1146 5516 1566 5585 ἀναγγέλλουσα.
1608 5518 1743 5575 Nam
1784 5521 2013 5581 Ruﬁnus

442 5600 659 5655 videtur
687 5603 789 5658 hoc
816 5621 1032 5677 quoque
1071 5607 1125 5660 in
1166 5607 1401 5664 Eusebio
1436 5610 1652 5681 legisse,
1683 5613 1809 5667 dum
1844 5617 2012 5671 inter-

440 5695 687 5755 pretatur
715 5692 1029 5764 exprimens)
1055 5711 1211 5764 quam
1243 5696 1295 5749 in
1326 5698 1519 5751 recenti
1552 5698 1613 5751 ab
1640 5701 1891 5766 apostolis
1923 5720 2006 5757 re-

2126 4516 2391 4584 ὲπίγνωτε
2435 4515 2692 4568 Σίϐυλλαν
2713 4554 2727 4579 ,
2759 4516 2833 4579 ὼς
2861 4514 3011 4584 δηλοῖ
3037 4515 3132 4566 ’ἑνα
3152 4514 3282 4570 Θεὸν
3314 4514 3406 4565 καὶ
3446 4511 3514 4563 τὰ
3567 4509 3696 4580 μέλ-

2123 4606 2281 4659 λοντα
2310 4605 2548 4658 ἔσεσθαι·
2582 4608 2675 4659 καὶ
2703 4605 2794 4658 τὸν
2830 4605 3141 4674 Ὑστάσπην
3168 4603 3420 4665 λαϐόντες
3448 4602 3694 4668 ἁνάγνω·

2121 4716 2201 4761 τε,
2231 4700 2325 4752 καὶ
2353 4700 2611 4769 εὑρήσετε
2642 4696 2821 4763 πολλῷ
2851 4696 3277 4765 τηλαυγέστερον
3308 4696 3400 4747 καὶ
3430 4694 3694 4761 σαφέστε-

2124 4808 2215 4863 ρον
2246 4790 2627 4861 γεγραμμένον
2657 4788 2747 4843 τὸν
2766 4788 2888 4841 Υίὺν
2929 4786 3021 4840 τοῦ
3060 4786 3216 4849 Θεοῦ,
3256 4786 3349 4839 καὶ
3383 4784 3565 4848 καθὼς
3595 4801 3693 4837 πα·-

2123 4880 2344 4951 ράταξιν
2374 4878 2766 4950 ποιήσουσιτῷ
2796 4878 3017 4947 Χριστῷ
3072 4876 3256 4929 πολλοὶ
3312 4876 3549 4946 βασιλεῖς
3610 4893 3693 4945 μι-

2122 4975 2340 5039 σοῦντες
2370 4975 2553 5038 αὑτὸν,
2585 4975 2679 5027 καὶ
2708 4975 2833 5036 τοὺς
2862 4972 3162 5043 φοροῦντας
3205 4970 3265 5023 τὺ
3293 4971 3465 5041 ὄνομα
3495 4970 3687 5031 αὐτοῦ,

2120 5066 2214 5119 καὶ
2247 5067 2373 5128 τοὺς
2404 5066 2630 5127 πιστοὺς
2659 5062 2847 5126 αὐτοῦ,
2880 5064 2974 5115 καὶ
2999 5061 3097 5133 τὴν
3140 5060 3437 5132 ὑπομονὴν,
3468 5061 3562 5113 καὶ
3590 5059 3691 5131 τὴν

2119 5156 2421 5227 παρουσίαν
2450 5153 2636 5207 αὐτοῦ.
2670 5148 2804 5206 Εἶτα
2850 5154 2930 5207 ἑνὶ
2972 5151 3113 5222 λόγῳ
3154 5151 3478 5205 πυνθάνεται
3508 5152 3687 5221 ἡμῶν·

2119 5248 2277 5315 Ὄλος
2291 5244 2348 5303 δὲ
2361 5250 2389 5302 ό
2406 5246 2610 5319 κόσμος
2624 5244 2804 5298 καὶτὰ
2827 5245 2885 5297 ὲν
2905 5244 2981 5315 τῷ
3002 5245 3209 5315 κόσμῳ,
3227 5244 3370 5305 τίνος
3391 5261 3405 5309 ;
3435 5244 3555 5313 οὐχὶ
3591 5243 3688 5297 τοῦ

2116 5337 2250 5391 Θεοῦ
2268 5355 2280 5403 ;
2300 5337 2429 5403 Qua
2446 5339 2609 5393 verba
2625 5339 2705 5391 sic
2721 5336 3017 5408 accipiunt,
3036 5337 3191 5405 quasi
3221 5334 3433 5399 λάϐετε,
3450 5346 3554 5390 etc.
3568 5375 3581 5397 ,
3617 5336 3690 5389 sit

2124 5430 2367 5499 Apostoli
2395 5429 2721 5484 exhortatio.
2755 5432 2824 5482 At
2852 5444 2952 5497 ego
2978 5428 3098 5493 illa,
3138 5429 3167 5481 ὁ
3194 5427 3490 5489 ἀπόστολος
3514 5427 3689 5495 λέγων

2114 5520 2343 5583 Παῦλος,
2359 5536 2466 5573 non
2494 5519 2673 5574 refero
2696 5519 2761 5574 ad
2783 5520 3172 5588 consequentia
3198 5519 3409 5581 λάϐετε,
3432 5527 3565 5581 etc.,
3587 5518 3689 5571 sed

2113 5614 2179 5665 ad
2194 5613 2574 5680 praecedentia,
2593 5614 2822 5674 οἰκείους
2842 5612 3018 5665 αὐτῶν
3032 5614 3096 5682 τῇ
3119 5611 3380 5681 διαλέκτῳ
3400 5612 3704 5682 προφήτας,

2108 5718 2211 5758 seu
2226 5704 2290 5757 ad
2307 5704 2633 5758 versiculum
2654 5703 2720 5758 12
2755 5704 2948 5773 capitis
2970 5723 2983 5759 ι
3005 5704 3256 5772 Epistola
3272 5704 3333 5755 ad
3346 5703 3550 5767 Titum,
3565 5697 3687 5754 εἶπέ
