3936 6172
276 279 348 333 73
1512 275 1840 333 ΡΒΟΈΙΙΙΑ

1947 273 2283 334 ARlORUM.
3448 280 3519 336 τι

270 411 357 457 τις
382 391 444 458 ἐξ
470 390 650 448 αὐτῶν
684 392 813 458 ἴδιος
843 392 1023 448 αὐτῶν
1053 393 1372 466 προφήτης;
1404 398 1458 447 et
1477 390 1690 454 λάϐετε,
1712 400 1840 452 etc.,

1949 404 2054 463 que
2087 389 2411 450 multorum,
2447 403 2642 445 versus
2673 388 2946 461 Sibyllina:
2961 388 3312 446 Collectionis
3335 390 3429 445 lib.
3464 410 3514 456 ι,

270 484 575 541 Clementis
613 500 739 540 esse
774 485 1033 549 arbitror,
1084 501 1193 540 non
1235 484 1389 538 Pauli
1418 504 1432 539 :
1464 492 1577 537 tum
1609 483 1753 553 quod
1793 484 1850 537 in

269 578 381 633 ﬁne
403 576 631 643 dicitur,
644 571 764 629 εἶτα
780 577 861 630 ἐνὶ
876 576 1040 646 λόγῳ,
1059 587 1163 631 etc.
1190 574 1571 630 Praedicationi
1588 572 1736 629 Petri
1750 575 1851 628 tri-

269 671 403 731 buo,
427 683 554 722 cum
580 667 740 737 cujus
770 668 962 725 ultimo
985 682 1240 723 sermone
1267 668 1431 738 paulo
1457 675 1583 720 ante
1608 682 1705 736 per
1726 665 1851 721 Cle—

271 768 517 815 mentem
552 760 775 815 laudato
811 760 1069 815 convenit
1099 760 1325 829 optime.
1357 757 1628 824 Quocirca
1658 765 1845 816 verto:

271 852 714 923 Quandoquidem
754 852 894 923 quod
928 854 1063 907 sicut
1090 851 1307 905 Iudaeos
1346 850 1487 903 Deus
1528 850 1701 904 salvos
1739 866 1851 903 esse

269 945 458 1007 voluit,
492 944 627 1000 dans
656 945 731 999 eis
759 943 1057 1014 prophetas,
1090 944 1167 997 ita
1189 943 1351 996 etiam
1388 940 1689 995 Grmcorum
1722 956 1848 1009 pro—

268 1037 610 1100 batissimos,
636 1040 874 1107 proprios
906 1054 1015 1091 sum
1050 1038 1242 1107 lingua:
1268 1036 1544 1105 prophetas
1579 1036 1845 1099 excitans,

267 1138 428 1195 prout
449 1136 690 1196 poterant
715 1143 897 1195 capere
922 1127 1016 1181 Dei
1043 1127 1457 1197 beneﬁcentiam,
1478 1145 1510 1181 a
1531 1127 1719 1181 vilibus
1742 1127 1851 1181 vul-

266 1219 586 1288 garibusque
630 1218 926 1273 hominibus
968 1220 1270 1280 secreverit,
1313 1219 1623 1283 declarabit,
1660 1229 1851 1288 praeter

266 1310 416 1365 Petri
440 1308 900 1377 pmlicationem,
926 1312 1012 1381 qui
1050 1310 1144 1363 hoc
1172 1310 1298 1363 dicit
1324 1310 1588 1378 apostolus
1622 1311 1844 1364 Paulus.

269 1399 465 1454 Libros
504 1417 706 1472 quoque
736 1399 943 1455 Gra’cos
986 1402 1204 1465 sumite;
1246 1403 1510 1471 agnoscite
1552 1400 1844 1472 Sibyllam,

264 1507 373 1560 qua
408 1489 563 1544 modo
586 1509 749 1545 unum
790 1492 957 1546 Deum
993 1492 1312 1560 manifestet,
1345 1502 1394 1546 et
1432 1509 1493 1545 ea
1523 1510 1637 1562 quae
1665 1494 1847 1562 futura

265 1592 393 1633 sunt
417 1597 437 1633 :
458 1592 724 1651 sumptum
755 1585 913 1637 etiam
942 1583 1258 1653 Hystaspem
1284 1584 1457 1652 legite,
1493 1593 1543 1639 et
1580 1586 1846 1639 invenietis

265 1668 371 1723 Dei
402 1670 603 1724 Filium
634 1673 799 1725 multo
826 1673 1023 1726 clarius
1052 1674 1386 1742 apertiusque
1422 1691 1533 1728 esse
1561 1676 1843 1744 scriptum,

265 1772 427 1828 atque
452 1764 608 1817 multi
630 1781 770 1833 reges
801 1763 1046 1818 adversus
1078 1763 1348 1820 Christum
1376 1767 1541 1821 aciem
1565 1767 1845 1831 instruent,

264 1852 390 1905 odio
412 1853 658 1909 habentes
683 1864 790 1908 tum
819 1856 991 1920 illum,
1021 1866 1132 1910 tum
1159 1874 1247 1912 eos
1274 1860 1362 1929 qui
1388 1875 1573 1911 nomen
1614 1858 1727 1927 ejus
1761 1875 1848 1927 ge-

263 1956 439 2009 stant,
467 1956 520 1999 et
546 1948 658 2015 ejus
681 1948 860 2016 ﬁdeles
882 1987 898 2012 ,
925 1949 1171 2020 illiusque
1196 1951 1532 2004 tolerantiam
1568 1959 1721 2020 atque
1750 1951 1850 2003 ad-

264 2047 500 2091 ventum.
533 2036 732 2091 Deinde
763 2056 865 2091 uno
894 2039 1045 2094 verbo
1069 2040 1197 2111 (seu
1234 2057 1342 2095 una
1378 2041 1613 2110 ratione)
1638 2057 1731 2095 nos
1766 2042 1849 2095 in-

267 2137 503 2196 terrogat
517 2142 536 2179 :
554 2127 716 2182 Totus
738 2137 911 2183 autem
934 2130 1182 2195 mundus,
1205 2140 1255 2185 et
1273 2148 1389 2202 qua:
1408 2141 1529 2186 sunt
1556 2133 1609 2185 in
1628 2132 1844 2199 munde,

264 2216 419 2285 cujus
440 2219 603 2272 sunt?
627 2216 816 2272 Nonne
838 2218 975 2275 Dei?
1002 2218 1093 2274 Sic
1122 2220 1351 2289 pulchre
1377 2220 1559 2276 omnia
1588 2221 1692 2277 sibi
1717 2235 1849 2275 con-

265 2314 439 2373 stant,
457 2308 618 2362 aliter
641 2308 1009 2378 impeditiora.
1033 2308 1186 2366 Adde
1205 2310 1352 2381 quod
1372 2311 1462 2365 vix
1491 2312 1547 2366 in
1572 2317 1688 2365 toto
1714 2310 1841 2367 Cle-

266 2405 455 2452 mente
491 2398 736 2452 invenias
758 2398 964 2468 aliquid
995 2400 1291 2471 apocryphi
1314 2401 1607 2470 prolatum,
1626 2402 1847 2457 nomine

265 2487 558 2551 duntaxat,
586 2488 850 2553 auctoris,
874 2503 984 2542 non
1014 2489 1300 2559 praemisso
1324 2491 1508 2560 operis
1536 2490 1714 2557 titulo,
1735 2506 1845 2545 non

267 2579 488 2647 adjecta
517 2578 788 2644 dictione,
821 2595 943 2650 qua:
970 2581 1131 2651 quale
1168 2581 1240 2636 sit
1274 2581 1539 2652 scriptum
1582 2580 1842 2637 declaret.

264 2669 512 2740 Legatur
558 2677 680 2724 tota
738 2671 1095 2726 Alexandrini
1145 2672 1478 2742 disputatio;
1530 2673 1847 2729 conferatur

267 2779 396 2817 cum
429 2764 499 2817 iis
524 2777 645 2832 quae
671 2763 725 2816 in
750 2761 1055 2819 Stromateo
1095 2781 1118 2819 ι
1147 2765 1401 2820 edisserit
1436 2765 1503 2820 de
1531 2764 1843 2820 Graecorum

264 2856 642 2927 sapientibus,
688 2858 993 2927 prazsertim
1034 2874 1157 2929 pag.
1190 2858 1326 2923 299,
1380 2859 1473 2915 ubi
1508 2860 1685 2915 locum
1714 2859 1843 2929 Epi-

1955 491 2009 536 et
2038 482 2132 537 lib.
2161 496 2223 535 tu
2258 480 2325 535 de
2359 478 2562 551 Sibylla
2585 480 2697 537 Noe
2720 492 2991 538 coaetanea
3015 502 3029 550 ;
3074 484 3516 555 quandoquidem

1953 588 2019 627 ex
2070 572 2286 626 illorum
2326 567 2548 625 Patrum
2595 572 2965 643 professione,
3018 577 3165 630 nulla
3212 592 3243 630 e
3294 575 3519 649 Sibyllis

1952 664 2155 721 Mosem
2179 668 2505 739 antiquitate
2528 670 2827 739 superavit.
2860 667 2937 721 Ex
2969 668 3165 737 quibus
3196 669 3519 740 intelligitur

1952 769 2060 809 non
2094 772 2261 811 unum
2292 767 2507 828 poetam
2553 757 2812 829 Sibyllam
2858 773 2916 812 se
2951 773 3076 812 esse
3119 758 3375 824 ﬁnxisse,
3422 762 3518 817 sed

1952 847 2157 918 plures,
2189 849 2407 905 diverso
2438 857 2701 920 tempore,
2739 864 2969 919 quorum
3001 866 3191 904 versus
3220 850 3517 921 disiectos,

1954 954 2119 993 unum
2150 940 2205 993 in
2242 954 2442 1009 corpus
2472 942 2888 996 cousarcinator
2913 952 3154 999 Incertus
3190 944 3364 1001 multo
3395 952 3521 1017 post

1950 1029 2182 1085 denatos
2204 1032 2480 1102 apostolos
2510 1035 2861 1104 compegerit.

2021 1118 2175 1184 Quod
2197 1132 2377 1175 autem
2396 1136 2426 1176 a
2450 1123 2695 1193 pluribus
2719 1125 3082 1189 existimatur,
3114 1127 3291 1196 primo
3315 1130 3517 1185 smculo

1951 1222 2013 1262 ac
2046 1210 2311 1280 principio
2351 1214 2577 1267 secundi
2627 1212 2885 1284 Sibyllam
2940 1230 2971 1269 a
3013 1216 3342 1273 Christianis
3375 1221 3514 1275 scri-

1951 1301 2199 1369 ptoribus
2213 1303 2372 1357 citari
2391 1304 2722 1374 nequivisse,
2752 1305 2806 1359 id
2830 1322 2957 1362 vero
2980 1324 3079 1377 ego
3101 1310 3335 1375 iuﬁcior,
3356 1313 3520 1366 ratio-

1952 1392 2113 1448 nibus
2142 1393 2407 1449 adductus
2436 1411 2544 1449 non
2572 1399 2778 1466 paucis.
2810 1398 3095 1464 Quoniam,
3127 1403 3369 1472 scilicet,
3395 1421 3517 1474 grav

1950 1478 2021 1531 tis
2056 1493 2121 1532 ac
2148 1480 2267 1535 siue
2294 1480 2644 1537 fundamento
2676 1484 2808 1538 illud
2836 1488 3123 1543 asseritur.
3152 1488 3357 1545 Deinde
3388 1493 3518 1561 quia

1954 1571 2257 1628 viventibus
2278 1575 2560 1644 apostolis,
2581 1591 2644 1629 ac
2666 1576 2812 1631 Luca
2842 1580 3114 1635 scribente
3141 1582 3516 1654 livangelium,

1951 1663 2120 1716 multa
2158 1666 2466 1736 apocrypha
2507 1674 2559 1721 et
2589 1668 3051 1739 pseudepigrapba
3084 1673 3246 1727 otiosi
3283 1682 3521 1730 temera-

1954 1754 2129 1823 riique
2155 1755 2402 1812 homines
2436 1756 2692 1823 edebant,
2724 1760 2900 1830 inquit
2928 1760 3212 1833 Origenes,
3255 1765 3443 1821 homil.
3486 1770 3513 1823 1

1951 1844 2006 1898 in
2035 1842 2253 1908 Lucam,
2278 1863 2510 1921 eumque
2535 1852 2835 1921 saepissime
2857 1868 3096 1922 sequens
3128 1854 3515 1929 Hieronymus,

1943 1938 2206 1994 Prommio
2220 1938 2740 1997 Commentariorum
2757 1959 2920 2014 super
2933 1946 2975 1997 Μ
2984 1948 3178 2001 attliaru
3188 1965 3236 2002 m
3249 1990 3263 2010 .
3282 1966 3383 2004 nec
3404 1968 3515 2006 nou

1950 2028 2127 2094 Titus,
2159 2031 2510 2100 Ambrosius,
2542 2032 2714 2101 Beda,
2778 2034 3119 2108 Eutliymius,
3167 2040 3517 2115 Theophylu-

1946 2128 2091 2184 ctus,
2111 2121 2177 2175 ad
2194 2125 2428 2192 primum
2457 2141 2674 2181 versum
2722 2126 3001 2200 Evangelii
3032 2132 3192 2189 Lucae
3211 2153 3223 2189 :
3243 2137 3432 2205 quidni
3461 2147 3516 2192 et

1949 2211 2003 2264 in
2033 2211 2140 2265 illis
2178 2213 2424 2282 quatdam
2464 2213 2732 2286 Sibyllino
2763 2220 3019 2276 nomine?
3042 2223 3122 2277 Ad
3159 2225 3273 2281 hazc
3304 2237 3514 2283 certum

1946 2308 2033 2355 est
2065 2317 2132 2357 es:
2160 2301 2440 2370 Varrone,
2479 2305 2771 2373 Cicerone,
2806 2309 3021 2378 Tacito,
3058 2313 3320 2373 Suetonio
3340 2360 3353 2382 ,
3386 2319 3515 2374 Plu-

1945 2396 2167 2460 tarcho,
2214 2399 2382 2452 multa
2422 2414 2559 2454 vana
2605 2408 2661 2457 et
2704 2406 3051 2474 supposititia
3093 2408 3235 2464 inter
3273 2426 3515 2482 paganos

1948 2488 2106 2557 quasi
2148 2486 2408 2560 Sibyllina
2448 2490 2619 2547 fuisse
2674 2494 3024 2562 circumlata,
3067 2508 3193 2555 ante
3233 2508 3287 2557 et
3329 2504 3512 2557 statim

1946 2588 2070 2650 post
2097 2582 2399 2652 primordia
2428 2595 2632 2642 nostra!
2658 2589 2939 2659 religionis
2966 2612 2978 2646 :
3012 2592 3113 2647 hoc
3136 2597 3385 2667 exemplo
3415 2610 3514 2654 cur

1945 2686 2057 2726 nun
2087 2674 2229 2729 idem
2273 2679 2517 2732 evenerit
2546 2682 2689 2750 apud
2734 2683 2874 2737 nos?
2902 2683 3092 2755 Adjice
3132 2686 3222 2743 his
3265 2690 3517 2746 testimo-

1948 2762 2101 2816 nium
2130 2762 2344 2822 Herma:
2367 2768 2440 2823 lib
2467 2785 2506 2832 ι,
2531 2770 2633 2824 vis.
2664 2772 2718 2834 2,
2738 2787 2857 2843 cap.
2880 2774 2944 2837 4,
2973 2792 3201 2847 quaeque
3227 2779 3300 2833 ibi
3338 2781 3512 2835 adno-

1943 2855 2129 2908 tabam
2150 2857 2216 2911 de
2239 2857 2436 2929 insigni
2464 2860 2572 2915 isto
2598 2862 2717 2916 loco
2746 2861 2968 2934 Josepbi
2997 2867 3511 2938 Antiquit.Judaic.,

265 2949 426 3006 stola:
452 2949 522 3003 ad
544 2946 725 3003 Titum
756 2949 978 3004 adducit
1003 2968 1015 3005 :
1048 2950 1273 3006 Conﬁdo
1308 2949 1425 3007 fore
1481 2959 1542 3005 ut
1584 2966 1705 3006 mea
1734 2966 1840 3005 non

1947 2945 2036 3001 lib.
2072 2958 2120 3016 ι,
2138 2961 2259 3019 cap.
2284 2951 2352 3005 5:
2386 2952 2518 3023 Περὶ
2553 2952 2608 3005 δὲ
2652 2952 2746 3005 τοῦ
2798 2955 3007 3027 πύργου
3058 2960 3246 3014 τούτου
3292 2964 3386 3015 καὶ
3414 2964 3515 3033 τῆς

263 3040 611 3112 improbetur
638 3040 1037 3110 interpretatio.
1061 3040 1206 3095 Nihil
1236 3057 1365 3112 ergo
1392 3042 1716 3111 adiuvamur
1739 3042 1840 3097 hoc

1947 3039 2280 3113 ἀλλοφωνίας
2304 3042 2413 3094 τῶν
2459 3042 2780 3115 ἀνθρώπων,
2814 3050 3080 3119 μέμνηται
3122 3053 3215 3105 καὶ
3246 3053 3472 3107 Σίϐυλλα
3495 3092 3513 3120 ,

266 3137 612 3201 testimonio,
638 3136 707 3191 ad
738 3134 1177 3207 investigandum
1206 3134 1352 3205 quod
1374 3134 1671 3205 quaerimus
1699 3140 1837 3188 tem-

1947 3130 2170 3201 >.έγουσα
2211 3133 2401 3197 οὕτως’
2449 3136 2671 3191 Πάντων
2713 3140 3007 3209 ὁμοφώνων
3047 3141 3213 3195 ὄντων
3260 3144 3366 3198 τῶν
3418 3147 3516 3199 ἀνω

263 3243 391 3298 pus.
1941 3219 2175 3295 θρώπων
2210 3264 2225 3289 ,
2291 3225 2500 3297 πύργον
2562 3227 2913 3299 ᾠκοδόμησάν
2966 3249 3109 3296 τινες
3162 3234 3510 3305 ὑψηλότατον,

328 3317 456 3373 Jam
497 3332 634 3373 vero
667 3318 715 3372 si
757 3325 950 3389 agatur
988 3316 1055 3372 de
1101 3314 1492 3387 Sibyllinorum
1532 3316 1837 3370 carminum

1947 3314 2015 3378 ὡς
2058 3316 2150 3369 ἐπὶ
2192 3317 2283 3371 τὸν
2326 3319 2552 3390 οὐρανὸν
2593 3320 2987 3393 ἀναϐησόμενοι
3031 3324 3096 3377 δι’
3128 3326 3315 3381 αὑτοῦ,
3361 3330 3423 3382 Οἱ
3457 3330 3513 3385 δὲ

262 3409 477 3480 sylloge
504 3423 616 3478 qua
647 3407 809 3463 hodie
841 3407 1067 3470 utimur,
1104 3420 1203 3476 pro
1240 3414 1390 3460 certo
1420 3406 1605 3461 haberi
1644 3406 1835 3468 debet,

1947 3406 2071 3471 θεοὶ,
2120 3408 2354 3479 ἀνέμους
2401 3411 2847 3482 ἐπιπέμψαντες,
2886 3416 3187 3486 ἀνέτρεψαν
3231 3419 3322 3473 τὸν
3365 3420 3508 3493 πύρ-

262 3500 412 3571 quod
442 3515 472 3554 a
502 3501 694 3556 multis
735 3498 1015 3555 evidenter
1052 3497 1153 3553 fuit
1178 3498 1487 3568 probatum,
1519 3513 1639 3553 eam
1668 3499 1839 3551 multo

1947 3516 2068 3568 γον,
2124 3502 2219 3553 καὶ
2266 3501 2399 3553 ἰδίαν
2454 3503 2667 3574 ἑκάστῳ
2722 3504 2903 3577 φωνὴν
2959 3507 3183 3561 ἔδωκαψ
3243 3511 3340 3564 καὶ
3416 3512 3509 3567 διὰ

266 3599 392 3655 post
439 3591 748 3662 apostolica
792 3599 1041 3661 tempora
1091 3591 1266 3644 lucem
1308 3589 1531 3645 vidisse.
1583 3588 1836 3643 Nonnulli

1947 3591 2100 3644 τοῦτο
2145 3591 2435 3645 Βαϐυλῶνα
2479 3594 2675 3665 συνέϐη
2722 3595 2987 3667 κληθῆναι
3065 3599 3162 3672 τὴν
3209 3601 3381 3656 πόλιν·
3412 3605 3508 3674 qui

260 3699 396 3738 sane
427 3683 485 3737 in
509 3697 575 3738 ea
599 3697 792 3737 versus
819 3681 1093 3752 leguntur,
1121 3688 1282 3736 :etatc
1314 3681 1647 3752 posteriores
1706 3681 1841 3735 seri-

261 3776 371 3846 ptis
390 3774 621 3829 Patrum
651 3771 914 3847 Sibyllina
943 3774 1167 3830 oracula
1199 3773 1498 3828 citantibus
1526 3772 1753 3841 :quales
1782 3770 1838 3824 bi

257 3870 405 3921 duo:

256 3975 461 4053 ρύκέτι
489 3973 603 4053 γὰρ
628 3974 781 4053 παρὰ
810 3977 922 4053 σεῖο
946 3975 1016 4053 τό
1033 3974 1133 4053 τῇς
1163 3975 1592 4053 φιλοθρέμμονος
1626 3975 1758 4046 ὕλης

256 3994 461 4030 υυκετι
489 3994 603 4045 γαρ
628 3994 781 4053 παρα
810 3994 922 4053 σξιο
946 3994 1006 4027 το
1033 3994 1133 4045 της
1163 3994 1314 4045 quos
1356 3994 1546 4046 εμμον‹

254 4045 602 4118 Παρθενικαὶ
628 4061 824 4115 κουραι
850 4062 963 4117 πυρ
994 4044 1172 4099 ἔνθεον
1202 3994 1546 4117 εὑρήρσουσιν,

258 4155 314 4209 in
334 4150 625 4225 Ῥαψῳδιᾳ
637 4163 817 4211 nostra
829 4155 965 4210 lib.v
986 4164 1110 4226 post
1138 4157 1406 4225 medium;
1440 4165 1569 4212 sunt
1598 4156 1741 4212 enim
1770 4156 1838 4212 de

258 4246 497 4301 incenso
534 4244 712 4302 Vesta:
734 4247 940 4317 templo
962 4248 1065 4303 sub
1093 4247 1255 4303 ﬁnem
1287 4249 1499 4319 imperii
1529 4249 1834 4315 Commodi,

255 4337 610 4408 proindeque
659 4353 785 4392 cum
834 4338 945 4409 jam
992 4339 1276 4405 Justinus,
1330 4340 1737 4411 Athenagoras,
1783 4350 1838 4398 et

256 4426 607 4497 Theophilus
644 4426 1021 4484 Antiochenus
1059 4429 1322 4503 Sibyllina
1366 4435 1421 4487 in
1464 4434 1836 4489 testimonium

254 4536 358 4591 pro
388 4519 501 4575 ﬁde
532 4518 844 4574 Christiana
875 4520 1253 4576 advocassent.
1292 4522 1368 4576 Ac
1396 4522 1708 4592 Origeniani
1741 4537 1839 4576 cu-

254 4610 483 4680 jusdam
514 4625 736 4663 manum
767 4610 977 4664 redolet
1000 4612 1123 4664 libri
1154 4627 1193 4664 ιι
1220 4612 1363 4677 ﬁnis,
1392 4614 1455 4668 ad
1481 4629 1639 4683 quem
1678 4613 1839 4668 scho-

255 4704 455 4759 liastes
486 4700 711 4758 Graecus
740 4702 822 4758 sic
849 4702 1175 4758 adnotabat:

360 4840 556 4913 Ψεύὸῃ
587 4841 897 4913 προφανῶς
930 4841 1049 4894 οὐδὲ
1076 4841 1184 4913 γὰρ
1212 4841 1358 4913 λήξει
1393 4845 1520 4897 ποτέ

360 4913 444 4997 To
471 4898 587 4997 τξδρ
612 4898 989 4997 ξὶολξάζοννῖξοὺς
1020 4898 1534 4997 καὶέῃκρἰμένρυς.

360 4981 542 5054 Κάγὼ
568 4982 677 5052 γὰρ
704 4981 770 5054 ᾃν
801 4981 1193 5054 εὖξαιμι-τουθ
1219 4981 1391 5045 οὕτως
1420 4983 1560 5054 ἔχειν
1580 5022 1593 5044 ,

359 5051 574 5122 Οὐλαῖςμ
598 5049 882 5122 μεγίσταις
910 5049 1240 5122 σφαλμάτων
1268 5049 1604 5122 ἐστιγμένος,

362 5122 434 5176 Δί
465 5120 711 5190 μείζονος
735 5120 996 5242 ξρήζουσι
1030 5120 1456 5203 φιλανθρωπξαξ.

378 5191 521 5242 Ἀλλ’
550 5192 739 5242 αίσγυν
774 5176 886 5242 σθω
915 5191 1206 5242 ωλτιναωων
1247 5191 1456 5242 Ὠριγέν

550 5176 1206 5262 ἀισχοβνιξθίκφληηέριφῶν
1226 5176 1557 5262 ἠριγένηςν

359 5260 551 5330 Πέρας
574 5260 825 5327 γενέσθαι
852 5260 960 5313 τῶν
990 5260 1261 5314 κολάσεων
1291 5260 1480 5330 λέγων.

248 5396 541 5466 Recteque
576 5395 829 5450 observat
857 5397 948 5466 qui
973 5406 1162 5451 nostra
1199 5403 1358 5452 aetate
1398 5397 1661 5467 plurimos
1684 5397 1831 5467 judi-

250 5490 342 5543 cio
387 5487 677 5557 superavit
730 5485 1003 5543 Gerardus
1046 5487 1277 5543 Vossius
1320 5487 1396 5541 De
1437 5490 1601 5554 poetis
1630 5484 1829 5542 ercis

249 5598 378 5652 cap.
414 5582 468 5643 l,
501 5594 613 5633 non
645 5580 923 5635 exstitisse
949 5580 1287 5650 temporibus
1313 5578 1510 5635 Justini
1544 5583 1826 5650 martyris,

250 5672 495 5737 Tatiani,
531 5671 832 5726 Clementis
862 5671 1247 5731 Alexandrini.
1282 5671 1532 5736 Eusebii,
1570 5673 1823 5727 aliorum-

536 5767 807 5828 Ριτιιοι..
856 5766 973 5828 GR.
1022 5770 1070 5829 l.

1940 3681 2095 3737 locus
2154 3683 2452 3753 respondet
2507 3684 2592 3740 his
2639 3683 2924 3758 Sibyllinis
2968 3689 3065 3747 lib.
3108 3693 3378 3757 m,circa
3405 3695 3511 3752 ini-

1942 3775 2075 3826 tium
2104 3790 2117 3827 :

1954 3905 2088 3958 Ἀλλ’
2118 3906 2317 3959 ὁπόταν
2351 3907 2604 3978 μεγάλοιο
2622 3908 2755 3962 Θεοῦ
2786 3911 3092 3967 πελάσωσιν
3126 3915 3367 3986 ἀπειλαί,
3400 3929 3509 3975 etc.‘

1939 4028 2222 4085 Concludo
2266 4030 2403 4085 nihil
2431 4038 2614 4087 vetare
2654 4033 2785 4103 quin
2817 4048 2948 4089 vero
2992 4034 3258 4093 Clementi
3291 4038 3510 4096 laudata

1940 4118 2103 4174 fuerit
2128 4117 2354 4191 Sibylla,
2383 4120 2437 4174 in
2467 4136 2526 4175 re
2553 4127 2857 4190 praesertim
2888 4124 3124 4182 ethnicis
3149 4144 3258 4183 non
3291 4129 3505 4201 ignota,

1940 4210 2130 4265 mundi
2167 4212 2419 4267 videlicet
2447 4211 2573 4278 ﬁne,
2605 4228 2669 4267 ac
2698 4214 2989 4285 impiorum
3030 4232 3127 4286 per
3149 4216 3329 4290 ignem
3358 4221 3508 4290 judi-

1941 4303 2066 4358 cio:
2107 4303 2174 4359 de
2205 4320 2311 4374 qua
2337 4306 2566 4360 consule
2604 4307 2875 4376 praecipue
2906 4307 3181 4364 Iustinum
3217 4308 3503 4382 Martyrem

1866 4403 1915 4463 ι)
1942 4393 2274 4463 Apologetico
2300 4408 2361 4456 ιι,
2386 4410 2439 4463 p.
2465 4393 2555 4458 66,
2579 4402 2632 4450 et
2655 4392 2916 4463 Sibyllina
2943 4404 3133 4451 nostra
3155 4396 3386 4452 Oracula
3405 4401 3499 4456 lib.

1943 4499 1981 4537 tl
2008 4494 2059 4539 et
2086 4499 2167 4538 tu.
2196 4485 2274 4539 Ac
2305 4484 2489 4540 forsan
2518 4484 2771 4541 Clemens
2807 4486 3137 4555 exemplaria
3167 4487 3376 4542 viderat
3404 4504 3505 4543 au-

1939 4580 2155 4643 tequatn
2186 4590 2215 4626 a
2246 4574 2575 4629 Christianis
2607 4575 2700 4645 (ut
2733 4576 3087 4645 conqueritur
3129 4576 3322 4633 Celsus
3358 4580 3503 4648 apud

1938 4664 2223 4735 Origenem
2254 4665 2348 4719 lib.
2385 4680 2480 4728 νη,
2509 4672 2700 4719 contra
2729 4665 2888 4734 eum)
2931 4664 3162 4721 fuissent
3199 4666 3502 4737 interiectis

1937 4758 2185 4827 pluribus
2215 4757 2566 4826 interpolata.

2006 4848 2273 4903 Caeterum
2315 4846 2530 4901 videtur
2567 4846 2681 4900 hac
2705 4846 2943 4901 secunda
2972 4847 3201 4916 epistola
3233 4857 3359 4903 ante
3391 4852 3505 4921 pris

1938 4956 2079 4994 mam
2114 4955 2237 4995 esse
2275 4939 2501 5008 scripta.
2534 4936 2983 5007 Quandoquidem
3017 4938 3196 4993 innuit
3225 4940 3497 5010 fragmeu-

1937 5041 2048 5086 tum
2078 5032 2223 5087 illius
2251 5030 2476 5101 paciﬁca
2505 5039 2780 5099 tempora;
2807 5037 2860 5083 et
2882 5046 2946 5084 ex
2974 5029 3152 5085 Photii
3179 5032 3370 5086 codice
3400 5033 3501 5085 liti

1933 5128 2239 5199 colligimus
2283 5125 2495 5181 dissidii
2556 5124 2895 5179 Corinthiaci
2936 5123 2992 5178 in
3035 5139 3100 5179 ea
3147 5123 3343 5178 factam
3391 5139 3503 5178 non

1940 5218 2109 5273 fuisse
2143 5219 2471 5271 mentionem
2499 5234 2512 5269 :
2557 5226 2611 5267 at
2637 5215 2684 5268 si
2719 5214 2845 5267 data
2877 5221 3022 5268 esset
3064 5221 3188 5283 post
3224 5213 3499 5282 priorem,

1934 5308 2039 5361 hoc
2089 5313 2175 5360 est
2208 5314 2331 5375 post
2374 5303 2532 5357 ﬁnem
2564 5303 2963 5372 persecutionis
3003 5301 3315 5364 Domitiani,
3361 5309 3501 5357 ten:-

1933 5414 2065 5467 pore
2094 5396 2267 5466 pacis,
2306 5402 2468 5463 atque
2502 5402 2627 5447 ante
2658 5391 3089 5462 persecutionem
3122 5391 3224 5446 sub
3259 5389 3502 5460 Trajano

1933 5487 2386 5555 redintegratam,
2415 5498 2526 5537 non
2563 5482 3000 5553 praetermisisset
3039 5481 3369 5536 discordiam
3404 5488 3498 5536 aut

1934 5579 2435 5635 reconciliationem
2454 5575 2883 5639 Corinthiorum,
2902 5589 3027 5629 cum
3051 5584 3344 5643 utrumque
3369 5584 3500 5629 tem-

1932 5688 2033 5744 pus
2061 5667 2403 5727 solummodo
2431 5682 2608 5723 annus
2637 5666 2906 5737 sejungat.
2939 5665 3117 5732 Quare
3150 5666 3375 5723 missam
3403 5682 3496 5721 ar-

3135 5764 3171 5823 3
