3936 6172
460 339 528 394 τις
1590 331 1680 386 AD
1719 331 1776 387 S.
1816 329 2237 388 CLEMENTEM
2280 331 2299 384 l
2339 327 2568 384 PAPAM

464 456 636 510 hitror
669 450 810 508 inter
840 451 978 507 duas
1014 450 1217 520 primas
1246 446 1675 519 persecutiones,
1698 445 1930 500 Neronis
1958 459 2020 498 ac

2151 444 2230 496 Γοῦ
2267 445 2420 511 ἁγίου
2459 443 2770 514 Κλήμεντος
2813 443 2874 494 ὲκ
2949 437 3004 495 S.
3060 441 3342 496 Clementis
3389 459 3454 497 ea:
3493 442 3703 512 Episto-

463 541 785 607 Domitiani,
825 552 877 595 et
906 546 1029 594 ante
1065 538 1388 594 seditionem
1430 535 1677 592 Corinthi
1708 535 2021 590 excitatam.

529 631 858 687 Omittebam
911 631 1028 694 hic,
1059 637 1118 683 ut
1148 629 1202 682 in
1234 635 1477 683 veterum
1515 627 1876 691 testimoniis,
1914 626 2023 679 duo

462 738 582 791 quae
606 730 794 792 postea
821 727 1176 776 occurrerunt
1206 719 1338 772 loca.
1365 718 1578 773 Primus
1602 719 1754 772 locus
1784 727 1867 771 est
1890 731 2026 787 prte-

466 814 683 869 fationis
737 813 954 867 concilii
1005 811 1242 875 Nicazni,
1292 810 1496 864 Latina:
1541 827 1605 864 ex
1651 809 1883 863 Arabico
1932 824 2027 877 per

468 905 829 958 Abrahamum
849 902 1255 957 Ecchellensem
1282 901 1464 966 factae;
1491 901 1544 954 in
1566 915 1674 970 quo
1694 899 1894 952 dicitur
1913 896 2030 952 Cle-

467 1003 701 1048 mentem
731 993 960 1063 epistola
995 993 1029 1045 2
1058 993 1387 1047 mentionem
1417 991 1613 1046 fecisse
1641 997 1911 1044 sectarum
1938 989 2024 1042 70.

469 1085 666 1140 Verum
697 1085 788 1138 illa
812 1084 1121 1154 epistola,si
1149 1084 1337 1138 eadem
1364 1094 1447 1136 est
1485 1096 1547 1135 ac
1571 1089 1789 1145 nostra,
1819 1095 1920 1134 nec
1945 1088 2029 1132 est

467 1181 628 1248 plane
657 1177 964 1247 apocrypha
993 1219 1006 1241 ,
1040 1191 1383 1246 nequaquam
1426 1175 1610 1230 retulit
1653 1174 1719 1227 70
1759 1173 2026 1236 haereses,

467 1273 648 1327 retulit
682 1270 864 1325 forsan
891 1271 940 1322 7.
969 1269 1211 1324 Alterum
1239 1269 1416 1322 locum
1459 1267 1769 1338 deprompsi
1804 1282 1868 1321 ex
1893 1267 2032 1336 opti-

467 1364 572 1416 mis
602 1361 931 1416 membranis
977 1359 1183 1412 codicis
1223 1359 1511 1413 admodum
1577 1356 1782 1426 antiqui
1847 1356 1901 1410 in
1947 1356 2030 1411 bi-

470 1452 740 1507 bliotheca
786 1450 889 1504 PP.
924 1449 1049 1504 Soc.
1080 1449 1238 1514 Jesu,
1268 1451 1478 1518 copiam
1511 1446 1741 1501 faciente
1781 1445 2031 1501 Gabriele

465 1544 770 1607 Cossartio,
807 1543 925 1596 viro
947 1557 1070 1595 cum
1102 1541 1329 1610 insignis
1359 1540 1638 1603 doctrina},
1670 1551 1781 1593 tum
1811 1539 2032 1608 prolixa:

470 1634 847 1689 humanitatis.
896 1633 988 1687 Est
1036 1640 1213 1686 autem
1258 1631 1313 1686 S.
1352 1631 1670 1686 Damasceni
1715 1629 2030 1700 Eclogarum

471 1741 745 1779 sacrarum
799 1741 920 1796 cap.
951 1725 1084 1794 Περὶ
1127 1723 1233 1776 τῶν
1264 1723 1610 1794 προσκαίρων
1640 1723 1732 1774 καὶ
1777 1721 1882 1773 τῶν
1910 1721 2033 1772 αἰω-

469 1817 596 1870 νίων
625 1785 884 1884 ἀγαθῶνί
924 1785 1042 1868 καὶ·
1072 1815 1151 1866 ὅτι
1199 1785 1438 1884 χρὴ-τῶν
1468 1785 1747 1882 παρόντων
1800 1807 1868 1862 τὰ
1911 1807 2036 1878 μέλ-
2067 1785 2108 1840 Β
2139 1789 2395 1860 περιθολῆ
2415 1789 2639 1857 γίνεται-

469 1907 626 1959 λοντα
659 1907 956 1977 προτιμᾷν,
998 1905 1142 1975 quod
1187 1903 1478 1973 respondet
1520 1901 1682 1972 capiti
1723 1900 1792 1954 20
1834 1899 1957 1953 libri
2000 1914 2035 1951 ll

471 1997 864 2053 Parallelorum
890 1998 1180 2053 editorum.

2160 540 2259 609 τῆς
2277 539 2408 610 προς
2432 538 2749 610 Κορινθίους
2768 536 2829 606 β’.

2191 653 2246 706 '0
2274 653 2381 706 τῶν
2401 651 2678 723 παρόντων
2697 649 2884 719 αἰσθη-

2126 749 2274 810 τικὸς
2318 747 2557 816 συνίησιν
2586 747 2661 810 ὡς
2689 744 2809 799 οὔτε
2849 745 2884 799 ἃ

2132 839 2434 907 λογίζονται
2451 855 2592 900 τινες
2608 832 2746 890 εἶναι
2761 853 2883 903 τερ-

2130 934 2264 996 πνὰ,
2338 933 2460 998 ξένα.
2515 934 2609 986 καὶ
2667 933 2881 1004 μακράν

2129 1027 2242 1077 ἐστι
2280 1025 2387 1079 τῶν
2417 1023 2682 1094 ἀπεχϐὦν.
2728 1022 2884 1075 Ἀλλὰ

2129 1117 2222 1168 καὶ
2303 1114 2532 1178 πλοῦτος
2625 1113 2883 1177 πολλάκις

2133 1209 2330 1280 μᾶλλον
2359 1210 2546 1272 πενίας
2576 1209 2778 1279 ἐολιψε,
2793 1212 2886 1264 καὶ

2130 1307 2282 1373 ὑγεία
2303 1305 2461 1361 πλέον
2489 1306 2675 1375 ἠνίασε
2705 1306 2880 1361 νόσου.

2129 1405 2239 1457 Καὶ
2257 1404 2482 1458 καθόλου
2495 1405 2600 1457 τῶν
2629 1403 2884 1474 λυπηρῶν

2131 1503 2223 1554 καὶ
2247 1501 2489 1571 φευκτῶν
2520 1501 2735 1554 πάντων
2753 1502 2886 1554 ὑπό-

2132 1598 2279 1662 θεσις
2306 1601 2400 1652 καὶ
2426 1598 2524 1669 ὕλη
2543 1639 2556 1663 ,
2587 1601 2619 1670 ἡ
2657 1599 2763 1651 τῶν
2798 1601 2887 1652 ἀσ-

3627 322 3696 379 '76

3002 538 3053 589 la
3087 535 3150 588 ΙΙ

3029 649 3132 714 Qui
3170 666 3249 702 res
3283 650 3554 716 pra’sentis
3583 650 3706 702 vita:

2957 741 3222 808 agnoscit,
3258 740 3499 810 intelligit
3543 757 3708 809 neque

2953 850 3015 886 ea
3045 851 3162 904 qua:
3195 835 3432 887 nonnulli
3466 832 3709 902 jucunda

2956 937 3233 997 reputant,
3261 928 3434 980 aliena
3468 941 3580 979 esse
3613 932 3709 978 aut

2953 1023 3133 1090 procul
3161 1021 3349 1074 dissita
3386 1019 3450 1073 ab
3479 1021 3546 1073 iis
3589 1033 3712 1088 qua

2957 1117 3078 1171 odio
3105 1116 3380 1171 habentur.
3404 1115 3712 1182 Quinetiam

2956 1207 3152 1261 divitia
3188 1222 3541 1275 swpenumero
3585 1221 3709 1259 ma-

2957 1307 3036 1375 gis
3077 1321 3235 1374 quam
3274 1311 3556 1372 paupertas
3621 1302 3713 1356 lte-

2955 1411 3166 1463 serunt,
3222 1409 3271 1454 et
3324 1399 3528 1452 sanitas
3586 1398 3712 1466 plus

2958 1497 3136 1549 morbo
3159 1497 3365 1566 afflixit.
3385 1492 3451 1548 In
3477 1511 3711 1555 summa,

2957 1600 3228 1660 gratarum
3253 1605 3427 1642 rerum
3461 1605 3524 1642 ac
3558 1596 3716 1655 opta—

3215 536 3283 589 ad
3317 535 3638 592 Corinthios.

2958 1692 3133 1735 tarum
3162 1682 3423 1752 affluentia
3454 1680 3626 1735 evadit
3655 1681 3714 1733 in

2959 1794 3173 1832 causam
3194 1788 3243 1831 et
3274 1779 3549 1831 materiam
3597 1793 3715 1830 om-

2962 1872 3105 1923 nium
3144 1872 3374 1924 tristium
3417 1879 3570 1939 atque
3613 1867 3712 1922 de-

2965 1975 3294 2019 testatarum.

2132 1694 2353 1747 παστῶν
2412 1694 2505 1747 καὶ
2567 1696 2679 1763 μετ’
2722 1692 2882 1762 εὐχὴν

509 2164 3690 2192 .____________._______—__._____________———-

749 2609 962 2732 EX
1058 2603 1790 2732 EDITIONE
1872 2600 2339 2725 PETRI
2437 2596 3480 2729 COUSTANTIL

1461 2851 1608 2922 (Epp.
1636 2855 1774 2904 Rom.
1797 2853 1938 2903 Pent.
1968 2858 2006 2902 t.
2037 2851 2075 2914 l,
2101 2848 2256 2902 Paris.
2287 2851 2424 2914 1721,
2461 2847 2649 2918 in-fol.)

1030 3179 1652 3274 EPISTOLIE
1742 3181 1834 3269 S.
1913 3177 2038 3270 CL

2151 3177 2586 3270 MENTIS
2667 3182 2700 3268 Ι
2778 3177 3136 3268 ΡᾹΡλἘ.

1573 3391 1846 3468 Quando
1883 3397 1946 3455 et
1976 3409 2167 3471 quam
2199 3392 2314 3454 diu
2348 3393 2602 3454 sederit.

548 3713 603 3771 1.
627 3711 878 3768 Clemens
917 3716 1158 3762 veterum
1177 3705 1486 3760 testimonio
1510 3712 1568 3756 ut
1593 3702 1958 3772 apostolorum
1987 3715 2052 3753 ευ-
2079 3703 2122 3761 C
2157 3697 2212 3751 in
2240 3697 2558 3753 Corbeiensi
2590 3705 2771 3752 autem
2800 3699 2960 3754 annis
2992 3716 3042 3754 ix
3066 3743 3080 3768 ,
3127 3701 3412 3756 mensibus
3457 3718 3487 3756 ι
3510 3745 3524 3768 ,
3573 3703 3664 3762 die
3699 3719 3721 3760 ι

476 3805 656 3876 qualis
700 3801 1025 3856 celebratur.
1055 3797 1417 3863 Quamobrem
1461 3810 1568 3848 non
1619 3795 1758 3847 alius
1798 3794 2038 3846 creditur

479 3902 548 3955 ab
569 3914 653 3961 eo,
681 3900 839 3966 cujus
871 3894 1073 3948 Paulus
1103 3891 1301 3962 Philip.
1353 3907 1406 3944 Iv
1427 3931 1441 3954 ,
1475 3892 1507 3944 5
1529 3931 1541 3953 ,
1589 3890 1855 3943 meminit.
1889 3887 2042 3941 Licet

479 3994 646 4053 hunc,
677 3991 752 4044 uti
779 3989 891 4056 jam
921 3983 1361 4056 praemonuimus,
1389 3996 1417 4034 a
1441 3980 1602 4034 Petro
1624 3981 1932 4048 episcopum
1960 3992 2045 4029 or-

479 4083 722 4136 dinatum
747 4077 1116 4132 Tertullianus
1146 4073 1258 4125 Lib.
1291 4071 1353 4126 de
1386 4071 1702 4139 ρνανδτνὶρῐ..
1729 4084 1780 4123 c.
1812 4067 1901 4130 59.,
1930 4075 2043 4119 tra-

481 4174 592 4236 dat,
620 4179 783 4240 atque
806 4183 922 4223 aevo
953 4166 1305 4235 Hieronymi,
1349 4164 1467 4232 ipso
1508 4161 1836 4231 Hieronymo
1869 4167 2006 4213 teste
2027 4200 2041 4223 ,

478 4263 706 4332 plerique
734 4259 1041 4313 Latinorum
1063 4255 1341 4308 secundant
1370 4263 1485 4321 post
1511 4252 1722 4306 Petrum
1751 4251 2042 4319 apostolum

479 4361 725 4422 putarent
756 4349 951 4419 fuisse;
990 4346 1130 4401 idem
1172 4352 1354 4397 tamen
1389 4342 1785 4410 Hieronymus,
1833 4355 2042 4393 necnon

481 4443 840 4514 Epiphanius,
871 4435 1207 4507 Augustinus
1228 4474 1242 4498 ,
1267 4431 1496 4503 Optatus
1519 4473 1532 4495 ,
1571 4431 1835 4486 Eusebius
1857 4471 1871 4494 ,
1907 4431 2046 4483 seri-

481 4543 606 4606 ptor
661 4530 927 4603 poematis
982 4527 1244 4581 adversus
1309 4524 1660 4586 Mareionem,
1709 4521 2046 4576 Tertulliano

483 4627 610 4680 olim
666 4617 1223 4686 tributi,etlrena2us,
1263 4617 1405 4670 sicut
1451 4623 1504 4668 et
1542 4623 1750 4668 veteres
1777 4612 2047 4666 Romano-

482 4731 602 4769 rum
633 4711 944 4784 pontilicum
976 4708 1229 4778 catalogi,
1250 4707 1556 4778 proximum
1585 4704 1730 4758 Petri
1761 4719 2048 4759 successo-

483 4822 598 4861 rem
620 4820 728 4859 non
762 4804 1091 4858 Clementem
1115 4841 1128 4863 ,
1164 4801 1256 4854 sed
1287 4799 1481 4853 Linum
1511 4797 1820 4866 designant.
1854 4795 1929 4850 lla
1960 4796 2049 4850 ille

486 4898 710 4968 intelligi
743 4905 921 4966 potest
949 4911 978 4947 a
1007 4893 1169 4948 Petro
1193 4893 1480 4947 ordinatus
1508 4890 1795 4958 episcopus
1840 4888 1904 4942 ad
1934 4891 2050 4958 epi-

485 4987 759 5059 scopalia,
795 5001 889 5041 seu
929 4983 1229 5054 apostolica
1259 4982 1445 5036 munia
1488 4981 1739 5034 obeunda
1761 5021 1775 5045 ,
1811 4991 1868 5034 ut
1913 4982 2047 5034 nulli

487 5088 600 5133 tum
629 5077 873 5131 ecclesia:
901 5081 1046 5128 esset
1076 5073 1348 5141 alligatus,
1383 5071 1479 5125 sed
1518 5078 1642 5141 post
1671 5079 1897 5124 mortem
1927 5070 2045 5123 Lini

484 5177 538 5223 et
560 5167 698 5222 Cleti
730 5181 764 5219 a'
790 5163 1052 5218 Romanis
1081 5163 1136 5215 in
1165 5163 1480 5230 episcopum
1513 5161 1793 5230 proprium
1826 5172 2048 5231 coopta-

485 5272 572 5316 tus
605 5259 785 5314 l‘uerit.
815 5255 1100 5326 Epiphanii
1122 5269 1184 5309 ea
1209 5254 1276 5308 de
1295 5269 1353 5308 re
1383 5254 1752 5322 conjecturam
1775 5252 2047 5321 superius,

487 5352 578 5405 ubi
607 5332 677 5404 de
697 5349 833 5402 Lino
863 5345 1240 5411 disseruimus,
1259 5343 1445 5398 relatis
1468 5343 1643 5414 ipsius
1671 5342 1853 5397 verbis
1883 5357 2050 5410 expo-

485 5443 718 5497 suimus.

557 5533 611 5586 2.
643 5533 798 5585 Anno
819 5529 1023 5585 Christi
1052 5528 1142 5590 91,
1173 5527 1422 5582 Clemens
1452 5525 1506 5578 in
1536 5524 1680 5579 Cleti
1714 5525 1892 5577 locum
1930 5520 2049 5575 suf-

489 5621 662 5675 fectus
705 5622 966 5674 creditur.
1019 5617 1319 5672 Romanam
1371 5617 1555 5673 sedem
1603 5615 1658 5668 in
1707 5611 2049 5667 Bueheriano

487 5712 706 5775 quidem
737 5711 982 5781 catalogo
1006 5711 1164 5764 annis
1189 5725 1262 5773 Ix,
1304 5708 1587 5763 mensibus
1610 5721 1687 5772 ιι,
1719 5703 1911 5760 diebus
1943 5716 2045 5769 xu,

2147 3789 2454 3844 obtinuisse
2478 3797 2833 3844 memoratur.
2873 3790 3026 3856 Eum,
3053 3807 3198 3846 anno
3227 3791 3447 3862 Trajani
3481 3795 3725 3865 impera-

2145 3883 2284 3936 toris
2317 3881 2502 3945 tertio,
2535 3882 2638 3935 hoc
2680 3890 2764 3936 est
2800 3881 3005 3936 Christi
3048 3885 3348 3940 centesimo
3376 3925 3389 3946 ,
3422 3904 3538 3939 cum
3583 3897 3723 3940 totos

2146 3991 2326 4028 norem
2363 3991 2526 4028 annos
2550 3973 2980 4042 prtedicationem
3002 3976 3142 4029 verbi
3168 3977 3332 4030 divini
3358 3991 3722 4046 procurasset,

2145 4082 2176 4120 e
2206 4066 2316 4120 vita
2357 4065 2559 4120 abiisse
2590 4064 2857 4120 Eusebius
2901 4067 2994 4121 lib.
3045 4082 3105 4120 ιιι
3149 4066 3315 4131 Hist.,
3347 4085 3396 4124 c.
3452 4070 3727 4133 54,5cri-

2150 4157 2249 4212 bit.
2289 4156 2425 4211 Hinc
2450 4157 2606 4210 valde
2638 4156 2898 4213 sublesta:
2927 4166 3011 4212 est
3047 4157 3190 4226 fidei,
3222 4159 3366 4228 quod
3392 4160 3546 4216 solus
3573 4159 3727 4215 Prae-

2147 4247 2454 4301 destinatus
2500 4261 2529 4299 a
2573 4248 2862 4302 Sirmondo
2903 4249 3152 4321 vulgatus
3205 4267 3327 4320 cap.
3363 4251 3464 4314 12,
3496 4263 3725 4320 narrat,

2146 4339 2432 4407 quemdam
2471 4337 2723 4392 videlicet
2755 4337 3015 4404 Marcum,
3047 4341 3139 4409 qui
3170 4343 3353 4395 carnis
3374 4343 3607 4412 negabat
3635 4359 3729 4399 re-

2151 4433 2571 4493 surrectionem,
2604 4429 2834 4499 ideoque
2867 4431 3147 4486 Christum
3176 4449 3284 4488 non
3316 4449 3442 4490 vere
3471 4449 3724 4503 passum,

2150 4522 2244 4577 sed
2277 4522 2537 4591 putative,
2572 4523 2873 4575 conabatur
2909 4532 3157 4577 astruere
3182 4564 3197 4589 ,
3230 4539 3260 4576 a
3300 4523 3583 4580 Clemente
3615 4524 3730 4579 Ro-

2151 4632 2312 4670 mano
2342 4617 2600 4686 episcopo
2631 4623 2690 4669 ut
2719 4615 3046 4684 dignissimo
3083 4615 3294 4670 Christi
3328 4627 3569 4688 martyre
3601 4619 3728 4674 lixis

2150 4715 2204 4761 et
2226 4708 2452 4776 integris
2475 4707 2874 4762 assertionibus
2899 4705 3263 4772 confutatum,
3293 4715 3348 4761 et
3365 4723 3547 4762 coram
3569 4710 3732 4778 plebe

2151 4798 2206 4851 in
2231 4799 2465 4852 ecclesia
2494 4797 2765 4851 detectum
2787 4837 2800 4860 ,
2849 4806 3054 4850 aeterna
3083 4797 3432 4854 damnatione
3471 4801 3728 4868 punitum

2152 4889 2346 4944 fuisse.
2380 4890 2512 4942 Nam
2533 4899 2586 4943 et
2604 4889 2836 4944 lrenteus
2861 4889 2955 4944 lib.
2980 4904 3018 4954 ι,
3043 4904 3093 4943 c.
3115 4889 3168 4951 9,
3189 4890 3337 4944 circa
3368 4905 3572 4943 annum
3599 4893 3728 4955 180,

2155 4989 2248 5035 aut
2277 4981 2440 5034 etiam
2480 4981 2602 5043 190,
2647 4979 2811 5032 Marci
2850 4989 3154 5034 commenta
3194 4979 3525 5043 confutans,
3556 4983 3627 5038 de.
3660 4998 3732 5038 eo

2155 5082 2214 5126 ut
2247 5074 2429 5126 adhuc
2473 5075 2767 5142 superstite
2806 5073 3076 5141 loquitur:
3107 5079 3160 5126 et
3194 5071 3467 5128 Eusebius
3497 5075 3596 5129 lib.
3629 5090 3684 5130 tv
3709 5117 3730 5141 ,

2153 5179 2206 5218 c.
2260 5165 2357 5226 ll,
2403 5172 2689 5233 postquam
2733 5161 3087 5217 Valentinum
3139 5164 3390 5233 aliosque
3433 5165 3732 5223 haereticos

2155 5256 2363 5326 Hygino
2405 5256 2654 5323 pontiﬁce
2687 5253 2914 5308 Romam
2942 5254 3162 5308 venisse
3183 5294 3196 5315 .
3231 5262 3396 5323 atque
3427 5255 3495 5309 ad
3527 5256 3736 5313 Anice-

2158 5355 2270 5398 tum
2329 5361 2503 5415 usque
2554 5345 2929 5414 permansisse
2981 5345 3303 5409 enarravit,
3363 5346 3620 5417 adjuugit
3680 5359 3739 5403 et

2158 5437 2302 5490 hunc
2335 5436 2573 5490 Marcum
2604 5435 2783 5491 eodem
2832 5445 3058 5504 tempore
3107 5435 3409 5492 exstitisse.
3453 5438 3614 5503 Quod
3649 5440 3739 5492 in-

2155 5527 2300 5580 dicio
2349 5534 2432 5580 est
2478 5526 2625 5580 hunc.
2681 5526 3000 5584 hiereticum
3070 5537 3200 5583 ante
3240 5527 3438 5599 Hygini
3478 5536 3736 5602 tempora

2155 5616 2324 5675 fuisse
2355 5619 2615 5689 ignotum.
2874 5633 2881 5641 '
