3936 6172
243 317 304 376 77
1448 311 1788 368 PROOEMIA
1828 311 2209 367 VARIORUM.
3387 321 3452 375 78

1086 492 1552 553 ADMONITIO
1609 494 1690 553 IN
1746 488 2203 552 EPISTOLAM
2269 488 2613 552 PRIMAM.

300 635 338 691 l.
359 634 546 705 Elapso
575 634 776 689 saeculo
805 632 1038 702 Cyrillus
1059 629 1286 685 Lucaris
1304 631 1541 701 primum
1558 629 1791 685 Alexan-
1817 635 1859 691 Α
1892 629 2092 685 tentias
2131 631 2278 701 apud
2325 631 2659 687 Clementem
2704 630 2859 689 Alex.
2895 634 2991 691 lib.
3038 652 3119 703 tv,
3155 655 3275 712 pag.
3310 640 3413 697 516
3435 686 3449 708 ,

232 726 431 789 drinus,
460 742 523 781 ac
562 723 756 780 deinde
799 724 1437 793 Constantinopolitanus
1479 721 1786 793 patriarcha

230 814 413 867 Carolo
449 813 493 877 Ι,
524 814 822 883 Anglorum
847 812 982 883 regi,
1035 813 1307 883 insignem
1333 814 1477 867 dono
1510 812 1659 867 misit
1687 826 1783 865 co-

230 904 393 958 dicem
441 903 894 968 Alexandrinum,
943 903 1335 973 grandioribus
1374 903 1570 957 litteris
1618 916 1784 955 manu

230 996 428 1050 Thecla:
473 997 674 1051 nobilis
723 995 937 1051 femina:
980 994 1251 1067 Egyptiaa
1279 1036 1294 1060 ,
1361 997 1508 1050 circa
1578 996 1783 1055 Nicteni

233 1084 249 1138 l
284 1088 518 1151 concilii,
547 1096 606 1141 ut
635 1087 828 1152 fertur,
860 1098 1102 1157 tempora
1125 1096 1428 1151 exaratum,
1466 1087 1520 1141 in
1545 1104 1653 1157 quo
1682 1088 1787 1144 Ve-

229 1180 352 1234 teris
382 1188 433 1234 et
462 1179 597 1233 Novi
636 1178 972 1235 Testamenti
1002 1179 1158 1234 libris
1188 1180 1308 1234 duae
1344 1181 1643 1237 Clementis
1670 1182 1785 1251 epi-

226 1268 368 1322 stolze
382 1269 765 1337 subjiciuntur.
785 1267 988 1321 Harum
1015 1269 1188 1338 prima
1210 1269 1364 1324 valde
1394 1270 1623 1325 celebris
1640 1271 1783 1341 apud

225 1367 423 1413 veteres
458 1358 580 1414 fuit.
611 1358 764 1412 Hanc
793 1359 991 1429 quippe
1035 1360 1257 1413 laudant
1296 1360 1531 1416 Irenaaus
1566 1362 1657 1416 lib.
1695 1378 1779 1427 ιιι,

227 1463 272 1503 c.
299 1449 360 1515 '5;
390 1456 443 1503 et
483 1449 625 1519 apud
661 1448 955 1505 Eusebium
1004 1450 1096 1505 lib.
1122 1467 1244 1514 v,c.
1273 1451 1327 1515 6,
1368 1452 1621 1508 Clemens
1656 1453 1781 1507 Ale-

226 1540 514 1595 xandrinus
547 1539 875 1595 Stromatum
912 1542 1006 1596 lib.
1044 1557 1082 1609 1,
1118 1558 1193 1606 Iv,
1238 1561 1268 1596 v
1294 1552 1346 1597 et
1396 1559 1483 1611 Vl;
1517 1544 1778 1615 Origenes

226 1630 313 1685 lib.
352 1647 389 1684 ιι
432 1631 509 1685 De
529 1632 824 1700 principiis.
852 1647 972 1701 cap.
1008 1633 1061 1695 '5,
1094 1642 1147 1687 et
1185 1633 1238 1686 in
1268 1631 1428 1688 Joan.
1462 1650 1500 1697 ι,
1541 1634 1645 1701 29;
1680 1634 1780 1690 lle-

223 1722 463 1791 gesippus
497 1725 639 1793 apud
672 1723 963 1778 Eusebium
1006 1723 1100 1778 lib.
1147 1740 1199 1777 tv
1224 1765 1237 1788 ,
1278 1740 1327 1779 c.
1370 1725 1440 1778 22
1467 1744 1481 1792 ;
1510 1726 1776 1783 Eusebius

223 1813 328 1882 ipse
349 1816 440 1868 lib.
471 1831 534 1868 ιιι
578 1812 722 1869 Hist.
768 1812 919 1879 eccl.,
939 1828 988 1868 c.
1020 1813 1119 1880 16;
1150 1814 1386 1883 scriptor
1408 1817 1775 1885 quaestionum

220 1907 405 1964 Justini
437 1910 661 1963 nomine
684 1909 1047 1978 vuigatarum,
1070 1922 1121 1964 c.
1153 1908 1247 1975 74;
1277 1908 1612 1979 Epiphanius
1640 1911 1772 1968 bter.

1887 722 2236 789 paucioribus
2266 720 2605 792 perstrictas,
2632 733 2684 778 et
2711 734 2902 781 contra
2924 744 3047 799 pag.
3077 731 3181 784 517
3207 732 3454 800 pluribus

1885 811 2180 878 explicatas
2200 812 2507 878 offendant,
2541 814 2824 883 epistolam
2851 818 2990 873 hanc
3016 835 3122 874 non
3153 821 3448 883 sinceram.

1887 900 1979 954 sed
2011 901 2132 957 aliis
2164 903 2299 959 locis
2344 912 2650 958 truncatam
2697 914 2751 961 et
2794 908 2917 963 aliis
2960 910 3341 982 interpolatam
3382 914 3454 971 ad

1885 1005 1985 1045 nos
2016 996 2326 1061 pervenisse
2357 997 2726 1064 suspicentur.
2762 997 2865 1053 Sed
2895 999 3190 1059 Clementis
3219 1003 3453 1064 Romani

1884 1080 2306 1136 Alexandrinum
2358 1083 2798 1153 interpolatorem
2847 1104 2971 1143 esse
3022 1107 3132 1145 non
3180 1095 3450 1165 ambiget,

1883 1166 1978 1234 qui
2021 1168 2184 1222 verba
2217 1168 2402 1224 addita
2433 1172 2499 1225 ad
2530 1174 2837 1228 institutum
2872 1177 3045 1247 ipsius
3074 1180 3448 1252 Alexandrini,

1883 1276 1991 1329 quo
2015 1261 2081 1317 de
2110 1262 2278 1320 Gnosi
2308 1274 2550 1323 tractare
2582 1270 2684 1324 sibi
2724 1286 3101 1342 proposuerat,
3143 1294 3455 1338 accommo-

1883 1352 2009 1406 data
2036 1366 2157 1409 esse
2190 1360 2533 1427 compererit.
2576 1360 2676 1427 Qui
2721 1372 2899 1419 autem
2934 1367 3230 1427 Clementis
3275 1377 3449 1431 nostri

1884 1446 2183 1501 sententias
2225 1452 2502 1506 nonnullis
2534 1453 2587 1506 in
2620 1454 2755 1511 locis
2799 1458 3127 1528 interpolare
3155 1466 3259 1519 sibi
3290 1467 3453 1525 licere

1881 1534 2233 1603 existimavit,
2268 1540 2321 1593 in
2354 1542 2476 1597 aliis
2505 1545 2693 1599 eadem
2741 1548 2961 1603 licentia
2993 1553 3058 1606 ad
3094 1571 3188 1610 eas
3230 1568 3453 1614 contra-

1882 1625 2089 1682 hendas
2117 1630 2197 1682 uti
2230 1634 2475 1699 potuisse
2516 1651 2623 1689 non
2655 1636 2953 1697 dubitatur.
2991 1642 3257 1703 Przeterea
3289 1650 3448 1711 Joan.

1880 1718 2124 1775 Clericus
2160 1721 2305 1777 Artis
2330 1725 2526 1781 critica:
2568 1738 2709 1797 part.
2737 1746 2819 1796 ιιι,
2855 1742 2990 1790 sect.
3034 1737 3087 1801 2,
3118 1755 3166 1794 c.
3193 1741 3245 1805 5,
3276 1759 3331 1796 ιι.
3362 1746 3450 1807 12.

1880 1809 2161 1875 observat,
2193 1828 2256 1866 ex
2302 1814 2535 1870 duorum
2583 1819 2828 1875 locorum
2873 1826 3068 1895 capitis
3108 1829 3176 1883 46
3209 1833 3452 1901 epistola

1881 1907 2083 1955 nostra:
2126 1918 2250 1955 cum
2292 1906 2475 1962 verbis
2516 1907 2813 1966 Clementis
2856 1915 3210 1974 Alexandrini
3242 1939 3449 1993 cogna-

219 2000 300 2061 97’
332 2018 386 2056 η,
436 2001 488 2063 δν
518 2009 575 2056 ει
606 2001 737 2055 ham;
798 2000 888 2063 50,
920 2016 976 2054 η,
1020 2000 1126 2065 15;
1155 1998 1541 2071 Hieronymus,
1577 1999 1695 2052 Lib,
1722 1999 1785 2053 de
1812 1980 1854 2033 Β
1884 1991 2031 2046 tione
2078 1996 2372 2050 nonnullos
2408 2002 2647 2065 moveri,
2682 2013 2741 2057 ut
2784 2005 2898 2060 bmc
2937 2007 3045 2064 duo
3089 2012 3205 2066 loca
3233 2031 3297 2069 ex
3313 1980 3451 2073 “hle-

219 2095 306 2148 τίν.
357 2094 559 2149 illustr.
615 2109 665 2147 c.
712 2092 818 2156 25,
868 2092 961 2145 lib.
1021 2108 1133 2157 x1v,
1166 2093 1221 2145 in
1270 2092 1432 2146 Isaia:
1476 2107 1573 2155 ιιι,
1614 2094 1699 2159 15,
1728 2103 1781 2149 et

217 2180 505 2238 Comment.
532 2186 589 2239 in
618 2184 812 2254 Ephes.
839 2197 915 2248 ιν,
940 2198 956 2234 ι
988 2199 1003 2248 ;
1041 2181 1268 2237 Photius
1300 2182 1420 2237 cod.
1456 2184 1559 2238 115
1581 2191 1635 2238 et
1656 2183 1779 2251 126,

219 2280 273 2325 ιιι
321 2274 452 2328 alios
504 2282 742 2327 taceam.
798 2272 1024 2327 Etiamsi
1063 2281 1243 2328 autem
1291 2289 1320 2327 a
1356 2275 1630 2344 plerisque
1659 2274 1781 2329 Cle-

220 2365 423 2428 mentis,
464 2381 494 2418 a
520 2366 799 2419 nonnullis
837 2372 1019 2420 tamen
1054 2365 1446 2429 Romanorum,
1474 2368 1600 2437 quia
1630 2368 1782 2421 vide-

220 2454 332 2509 licet
359 2472 549 2510 eorum
593 2458 813 2513 nomine
840 2472 867 2509 a
892 2456 1166 2510 Clemente
1197 2458 1509 2526 conscripta
1534 2466 1638 2522 est,
1666 2458 1782 2527 epi-

217 2548 343 2599 stola
390 2555 763 2617 nuncupatur.
816 2547 1146 2601 Nominatim
1200 2564 1328 2602 vero
1366 2548 1619 2603 Clemens
1661 2549 1782 2605 Ale«

215 2637 526 2705 xandrinus,
567 2640 660 2693 lib.
688 2656 719 2692 v
740 2640 937 2693 Strom.
965 2654 1088 2709 pag.
1124 2639 1249 2703 584,
1281 2640 1442 2693 verba
1469 2642 1681 2695 numeri
1708 2641 1779 2696 26

213 2728 285 2780 sic
308 2729 487 2783 laudat
514 2750 527 2783 :
568 2730 725 2782 Ἀλλὰ
750 2731 849 2783 κάν
879 2733 944 2801 τῇ
976 2730 1111 2801 πρὸς
1138 2730 1455 2802 Κορινθίους
1495 2732 1778 2803 Ῥωμαίων

210 2815 452 2889 ἐπιστολῇ
481 2818 724 2882 ὠκεανὸς
765 2820 1068 2890 ἀπέραντος
1111 2820 1418 2891 ἀνθρώποις
1446 2822 1775 2893 γέγραπται,

212 2906 297 2958 καὶ
326 2909 373 2958 οἱ
409 2910 525 2978 μετ’
562 2908 722 2960 αὑτὸν
753 2908 964 2979 κόσμοι.
999 2909 1314 2974 Quinetiam
1337 2912 1392 2963 in
1421 2912 1646 2981 epistola
1669 2913 1778 2969 Ro-

210 3012 473 3051 manorum
504 2999 577 3052 ad
606 2998 904 3053 Corinthios
935 3001 1189 3068 scriptum
1212 3010 1289 3055 est
1319 3016 1337 3054 :
1371 3000 1634 3070 Oceanus,
1661 3015 1770 3061 etc.

274 3087 335 3142 11.
358 3089 660 3159 Epistulam
707 3091 852 3143 illam
887 3091 1101 3159 publice
1132 3093 1258 3145 olim
1288 3094 1538 3163 plurimis
1576 3097 1634 3149 in
1683 3094 1777 3151 ec?

208 3180 378 3235 clesiis
421 3184 619 3236 lectam
671 3180 839 3235 fuisse
883 3181 1150 3237 Eusebius
1192 3183 1335 3240 Hist.
1384 3187 1512 3241 εδει.
1557 3188 1650 3242 lib.
1682 3203 1767 3253 ιιι,

206 3286 253 3367 c.
276 3273 373 3337 16,
404 3276 599 3339 tradit,
632 3282 686 3329 et
723 3274 1058 3344 Epiphanius
1094 3276 1225 3332 haer.
1264 3280 1353 3345 50,
1387 3296 1439 3335 n.
1467 3281 1555 3345 15,
1609 3290 1772 3351 atque
1798 3309 1841 3367 α

208 3360 562 3437 Hieronymus
614 3367 709 3421 lib.
748 3365 821 3419 De
868 3368 995 3419 viris
1044 3367 1243 3423 illustr.
1284 3371 1625 3428 conﬁrmant.
1656 3373 1770 3430 Hoc

206 3465 342 3512 certe
361 3456 615 3512 Corinthi
647 3473 711 3512 ex
747 3460 925 3527 prisca
969 3461 1363 3517 consuetudine
1405 3465 1602 3519 factum
1649 3482 1772 3524 esse

204 3544 486 3621 Dionysius
533 3551 941 3606 Alexandrinus
989 3551 1133 3621 apud
1184 3552 1478 3609 Eusebium
1538 3558 1633 3612 lib.
1690 3575 1764 3623 ιν,

204 3655 251 3694 c.
281 3641 377 3707 25,
419 3643 892 3714 locupletissimus
926 3648 1080 3700 testis
1108 3660 1210 3702 est.
1248 3645 1326 3700 Ex
1352 3663 1416 3702 eo
1438 3650 1599 3702 etiam
1625 3650 1765 3716 loco,

203 3746 353 3800 quem
388 3735 441 3788 in
488 3735 715 3789 laudato
750 3736 936 3790 codice
972 3736 1341 3793 Alexandrino
1377 3740 1605 3803 obtinet,
1636 3757 1770 3796 con-

197 3821 391 3891 jectare
411 3835 495 3880 est
518 3827 569 3880 ei
604 3842 633 3880 a
654 3828 929 3882 nonnullis
955 3829 1038 3883 vel
1057 3844 1239 3898 parem
1265 3831 1437 3886 sacris
1460 3833 1615 3887 libris
1635 3875 1649 3900 ,
1684 3836 1767 3889 vel

200 3916 491 3982 proximam
536 3925 664 3986 post
712 3917 836 3972 illos
878 3919 1139 3974 tributam
1180 3937 1302 3976 esse
1352 3924 1759 3981 auctoritatem.

198 4004 291 4060 Cui
313 4008 647 4076 conjectura:
697 4007 842 4063 favet
872 4010 1095 4067 ultimus
1136 4012 1525 4081 Apostolorum
1565 4030 1762 4080 canon,

198 4095 248 4148 in
276 4113 381 4166 quo
422 4099 569 4153 inter
590 4098 727 4153 NoVi
756 4097 1091 4155 Testamenti
1120 4101 1290 4156 libros
1318 4102 1439 4156 duae
1466 4102 1764 4159 Clementis

198 4190 432 4258 epistola:
475 4198 860 4247 recensentur.
896 4191 963 4245 Et
991 4193 1242 4248 Clemens
1286 4194 1503 4263 quidem
1535 4194 1768 4251 Alexan-

199 4280 378 4337 drinus
406 4282 503 4338 lib.
539 4301 594 4337 Iv
626 4283 853 4348 Slrom.,
886 4284 1015 4338 dum
1060 4284 1202 4339 hanc
1227 4291 1285 4337 ut
1311 4284 1605 4341 Clementis
1633 4302 1767 4356 apo-

199 4370 314 4423 stoli
355 4370 565 4437 laudat,
594 4372 738 4427 inter
769 4372 1098 4442 apostolicas
1131 4371 1445 4443 Scripturas
1473 4375 1686 4429 videtur
1712 4377 1762 4431 ei

199 4455 365 4511 locum
386 4460 539 4515 dare.
574 4459 688 4514 lmo
717 4477 823 4515 non
852 4461 957 4514 alia
986 4460 1050 4514 de
1071 4476 1235 4515 causa
1266 4461 1534 4518 Eusebius
1562 4464 1655 4519 lib.
1689 4481 1761 4530 v1,

197 4561 241 4602 c.
275 4549 356 4611 15,
389 4550 728 4605 Clementem
773 4550 1201 4604 Alexandrinum
1248 4549 1653 4621 Scripturarum
1693 4553 1762 4606 ab

1883 2082 2149 2138 xandrino
2172 2087 2342 2141 ascita
2373 2090 2683 2159 Opinentur.
2716 2094 2892 2164 Ipsius
2916 2100 3265 2158 Alexandrini
3289 2111 3451 2164 verba

1883 2173 1948 2225 ad
1981 2177 2300 2243 prmdictum
2329 2189 2492 2250 caput
2520 2183 2589 2237 46
2617 2185 2915 2245 referemus
2944 2199 2997 2244 et
3022 2196 3410 2263 expendemus.

1954 2265 2041 2321 IV.
2076 2266 2399 2324 Praeclaram
2438 2273 2578 2329 hanc
2608 2278 2893 2347 epistolam
2928 2284 3136 2351 primus
3176 2285 3450 2348 Patricius

1880 2355 2279 2412 JuniusLatine
2295 2375 2612 2419 conversam
2664 2381 2727 2421 ac
2772 2370 2916 2425 notis
2947 2372 3273 2430 illustratam
3306 2379 3451 2434 Oxo-

1883 2447 1957 2500 nii
1991 2462 2134 2501 anno
2166 2448 2304 2503 1655
2332 2451 2522 2509 edidit.
2562 2454 2818 2512 Eamdem
2862 2476 2984 2515 cum
3025 2463 3226 2534 insigni
3257 2469 3451 2536 prwfa-

1883 2537 2029 2591 tione
2050 2554 2192 2592 anno
2222 2541 2358 2595 1654
2412 2542 2761 2601 Helmestadii
2796 2552 2979 2606 recudi
3009 2558 3220 2610 curavit
3240 2557 3453 2616 Joachi-

1880 2642 2003 2683 mus
2039 2628 2277 2686 Joannes
2323 2633 2593 2691 Maderus.
2649 2638 2801 2695 Mitto
2842 2651 2895 2695 et
2940 2660 3101 2714 quam
3155 2648 3449 2709 Bartonius

1879 2734 2024 2774 anno
2066 2722 2233 2787 1647,
2267 2740 2331 2777 ac
2375 2728 2608 2783 subinde
2652 2730 2983 2791 Godelridus
3023 2737 3357 2798 Vendelinus
3396 2756 3450 2801 et

1876 2810 2112 2869 Joannes
2140 2815 2272 2871 Fell.
2292 2818 2618 2877 Oxoniensis
2649 2826 2877 2881 antistes
2900 2828 3100 2899 aliique
3130 2834 3361 2891 subinde
3393 2839 3449 2891 in

1877 2918 1995 2957 eam
2020 2917 2290 2962 navarunt
2319 2925 2559 2979 operam.
2599 2911 2953 2971 Postmodum
2985 2927 3038 2974 et
3075 2920 3446 2979 Joannes-Ba-

1876 2996 2041 3065 ptista
2071 2995 2375 3055 Cotelerius
2413 3016 2557 3055 anno
2587 3002 2727 3055 1672
2761 3005 2906 3058 illam
2953 3023 3089 3062 nova
3121 3010 3452 3081 interpreta-

1862 3087 2026 3145 ~tione
2058 3092 2324 3162 novisque
2364 3096 2509 3151 notis
2554 3095 2871 3151 adornatam
2915 3098 3142 3156 Parisiis
3176 3103 3232 3156 in
3270 3104 3448 3162 lucem

1874 3180 2076 3235 emisit.
2107 3180 2239 3236 Eam
2263 3184 2480 3238 demum
2514 3188 2791 3241 recensuit
2833 3203 2897 3243 ac
2938 3198 3187 3244 notarum
3224 3195 3448 3263 spicile-

1875 3269 2020 3338 gium
2050 3272 2267 3343 collegit
2313 3274 2516 3330 Paulus
2546 3277 2886 3333 Colomesius
2906 3319 2920 3343 ,
2955 3280 3114 3349 cujus
3148 3285 3447 3339 novissima

1875 3361 2039 3416 editio
2086 3361 2319 3418 Londini
2351 3381 2495 3431 anno
2523 3366 2662 3420 1694
2705 3369 2926 3437 prodiit.
2977 3369 3233 3427 Cotelerii
3278 3375 3449 3431 inter-

1873 3456 2249 3525 pretationem,
2285 3464 2343 3509 ut
2366 3457 2556 3512 littera‘
2579 3460 2926 3524 tenaciorem,
2959 3463 3142 3519 verbis
3166 3469 3443 3525 nonnullis

1874 3548 2168 3602 identidem
2196 3549 2439 3613 mutatis,
2475 3550 2817 3605 retinendam
2850 3553 3002 3609 duxi.

1950 3639 2011 3695 V.
2044 3639 2119 3695 De
2149 3648 2389 3710 tempore
2404 3658 2512 3711 quo
2533 3643 2733 3712 scripta
2756 3652 2857 3709 est,
2884 3649 3121 3704 nondum
3153 3650 3295 3707 inter
3312 3670 3442 3709 eru-

1869 3733 2015 3789 ditos
2048 3734 2323 3791 convenit.
2363 3732 2440 3788 Ac
2472 3734 2599 3789 licet
2642 3736 2815 3805 prima
2848 3739 2996 3794 illius
3025 3743 3188 3797 verba
3220 3744 3286 3799 de
3318 3764 3441 3816 per-

1869 3824 2150 3880 secutione
2188 3823 2333 3879 dicta
2363 3840 2484 3879 esse
2525 3827 2768 3896 plerique
2818 3844 3007 3885 omnes
3053 3837 3436 3904 consentiant,

1867 3930 1929 3968 ea
1954 3921 2137 3968 tamen
2161 3914 2253 3968 alii
2283 3915 2350 3967 de
2370 3911 2622 3977 Neronis,
2650 3915 2741 3967 alii
2767 3915 2831 3969 de
2860 3915 3151 3973 Domitiani
3182 3936 3442 3990 persecu-

1867 4006 2017 4060 tione
2067 4005 2516 4074 interpretantur.
2560 4005 2625 4059 Et
2661 4006 2805 4060 hanc
2835 4009 3053 4077 quidem
3094 4012 3187 4065 alii
3223 4012 3439 4068 ferven-

1864 4105 1972 4150 tem
1996 4096 2136 4159 ,ralii
2164 4096 2507 4151 desinentem
2555 4097 2887 4169 intelligunt.
2933 4099 3071 4154 l-linc
3106 4102 3252 4158 circa
3299 4113 3437 4158 tem-

1865 4203 1988 4257 pus.
2016 4202 2124 4257 quo
2154 4189 2381 4258 epistola
2427 4188 2529 4242 ista
2572 4189 2773 4258 scripta
2815 4197 2931 4254 est,
2973 4192 3169 4262 triplex
3199 4196 3437 4251 maxime

1864 4276 2049 4331 existit
2093 4276 2280 4345 opinio
2319 4294 2332 4330 :
2368 4276 2541 4345 prima
2571 4274 2797 4331 Joannis
2829 4276 3041 4332 Ernesti
3084 4277 3303 4342 Grabii,
3335 4284 3434 4352 qui

1867 4367 2115 4437 Spicileg.
2142 4366 2295 4422 Patr.
2315 4376 2356 4422 t.
2388 4368 2428 4433 l,
2458 4384 2511 4438 p.
2535 4368 2641 4422 254
2676 4375 2729 4421 et
2757 4368 2882 4432 255,
2914 4384 3033 4423 eam
3062 4368 3291 4425 Nemnis
3318 4388 3433 4442 per-

1864 4459 2145 4512 secutione
2177 4457 2478 4521 desinente,
2512 4458 2759 4528 proxime
2785 4466 2907 4527 post
2936 4462 3305 4529 apostolorum
3330 4461 3433 4518 Pe-

1862 4548 1930 4601 tri
1952 4557 2005 4602 et
2036 4547 2191 4601 Pauli
2218 4550 2562 4619 martyrium,
2594 4549 2698 4603 hoc
2724 4557 2806 4603 est
2837 4564 2980 4604 anno
3010 4549 3211 4606 Christi
3251 4553 3323 4608 68
3344 4556 3430 4609 vel

196 4639 308 4694 aliis
336 4642 773 4711 repudiatarum,
800 4642 1228 4711 nominatimque
1250 4643 1600 4711 epistularum
1632 4644 1766 4697 Bar-
1795 4663 1839 4716 ι)
1866 4638 2031 4691 etiam
2060 4638 2128 4692 65
2153 4646 2386 4692 exeunte
2429 4638 2687 4707 scriptam
2737 4655 2861 4694 esse
2903 4641 3216 4707 contendit;
3259 4644 3428 4697 altera

195 4731 356 4797 nabat,
389 4733 695 4788 Clementis
724 4740 777 4786 et
798 4730 952 4787 Juda:
983 4733 1316 4787 testimoniis
1348 4735 1425 4786 uti
1459 4742 1631 4797 notat,
1662 4736 1769 4790 nisi

194 4826 311 4890 quia
343 4839 443 4893 pro
469 4839 635 4878 sacra
668 4821 952 4893 Scriptura
979 4824 1121 4877 hanc
1151 4822 1449 4879 Clementis
1478 4826 1765 4894 epistolam

194 4914 433 4971 habebat.
466 4916 549 4969 Eo
575 4927 736 4986 pacto
781 4915 1071 4985 quamdam
1103 4931 1295 4985 pugnae
1339 4918 1574 4987 speciem
1595 4957 1610 4980 ,
1646 4934 1767 4988 quae

193 5004 243 5057 in
268 5004 484 5059 Eusebii
524 5005 765 5060 Historia
793 5005 1055 5067 occurrit,
1081 5005 1208 5058 dum
1232 5005 1527 5060 Clementis
1557 5008 1765 5076 episto-

191 5090 291 5146 lam
319 5096 438 5147 loco
464 5110 591 5147 mox
624 5094 840 5147 laudato
865 5095 932 5147 ab
950 5094 1073 5148 aliis
1095 5094 1457 5163 repudiatam,
1480 5101 1533 5149 et
1558 5096 1654 5150 lib.
1677 5111 1760 5161 ιιι,

194 5200 306 5255 cap.
338 5188 402 5240 16
432 5197 485 5241 et
512 5186 605 5250 58,
652 5187 720 5239 ab
761 5186 1017 5239 omnibus
1049 5200 1159 5239 uno
1185 5200 1455 5240 consensu
1485 5194 1755 5257 receptam

192 5277 392 5340 scribit,
423 5278 682 5347 componi
706 5292 866 5345 posse
901 5276 1208 5331 Cotelerius
1236 5277 1508 5346 observat.
1552 5278 1757 5343 Quam-

191 5368 266 5421 vis
299 5370 439 5421 enim
471 5368 545 5423 ab
575 5369 827 5422 omnibus
856 5368 997 5421 inter
1022 5368 1453 5430 ecclesiasticas,
1484 5384 1593 5421 non
1626 5368 1753 5422 item

193 5458 255 5510 ab
274 5460 525 5514 omnibus
550 5460 690 5514 inter
719 5475 907 5514 sacras
932 5458 1249 5529 Scripturas
1273 5468 1356 5514 est
1386 5467 1625 5528 recepta,
1658 5458 1752 5513 sed

193 5565 217 5600 a
248 5552 517 5623 plerisque
556 5568 587 5607 c
621 5553 934 5607 divinorum
986 5553 1251 5607 librorum
1300 5567 1510 5606 canone
1553 5551 1752 5621 rejecta

196 5639 305 5695 luit.
1686 5694 1688 5698 ,

255 5731 337 5789 ΙΙΙ.
374 5732 492 5787 Non
524 5734 758 5799 desunt,
789 5734 880 5803 qui
912 5750 1032 5788 cum
1078 5733 1378 5790 Clementis
1413 5733 1580 5787 nostri
1632 5748 1754 5785 sen—

1867 4727 2141 4782 Godel’ridi
2174 4726 2462 4782 Vendelini
2491 4728 2735 4782 eamdem
2765 4743 2909 4781 anno
2951 4728 3154 4784 Christi
3195 4730 3286 4795 95,
3322 4732 3431 4787 l'er-

1861 4826 2023 4873 vente
2061 4816 2353 4871 Domitiani
2395 4818 2776 4887 persecutione
2816 4819 3112 4891 illigantis;
3156 4831 3429 4892 postrema

1859 4905 2115 4962 Cotelerii
2131 4914 2293 4977 atque
2309 4906 2663 4970 Tillemontii,
2687 4908 2779 4977 qui
2800 4908 2945 4963 illam
2973 4910 3252 4967 desinente
3278 4913 3426 4982 ejus-

1857 4998 1977 5053 dem
2008 5000 2353 5069 imperatoris
2385 5001 2785 5069 persecutione,
2820 5001 2964 5054 circa
2991 5019 3191 5057 annum
3222 5006 3424 5061 Christi

1863 5092 1932 5146 97
1983 5092 2241 5160 scriptam
2271 5090 2624 5146 arbitrantur.
2669 5090 2927 5156 Quartam
2975 5094 3057 5147 vir
3084 5095 3425 5151 clarissimus

1860 5181 2121 5236 Claudius
2150 5179 2465 5249 Fleury,t.l
2503 5179 2647 5233 Hist.
2704 5181 2855 5246 εδει,
2890 5199 3011 5253 pag.
3045 5184 3169 5248 248,
3203 5187 3423 5255 excogi-

1860 5273 2026 5330 tavit.
2073 5288 2195 5341 qua:
2223 5272 2287 5325 ad
2329 5269 2514 5326 Grabii
2553 5273 2877 5328 sententiam
2924 5276 3146 5343 propius
3176 5277 3417 5333 accedat.

1858 5360 2063 5433 Nempe
2092 5363 2158 5417 ad
2189 5362 2242 5415 id
2269 5370 2503 5431 tempus,
2534 5363 2678 5432 quod
2702 5363 2930 5419 Neronis
2961 5366 3234 5420 interitum
3262 5382 3421 5423 exce-

1859 5455 1971 5525 pit,
2002 5464 2053 5509 et
2087 5453 2601 5524 Jerosolymitanum
2648 5456 2942 5510 antecessit
2986 5456 3286 5519 excidium,
3332 5474 3420 5512 re-

1859 5546 1987 5602 ferri
2016 5562 2175 5616 posse
2199 5546 2489 5616 opinatur;
2517 5557 2571 5601 et
2598 5561 2760 5601 casus
2790 5546 3068 5610 adversos,
3102 5548 3155 5600 in
3176 5549 3419 5618 epistola!

1860 5637 2131 5709 principio
2160 5644 2509 5698 memoratos,
2543 5635 2609 5689 de
2637 5637 2777 5689 bello
2809 5636 2983 5701 civili,
3015 5637 3158 5707 quod
3189 5637 3417 5696 Neronis

1860 5745 2007 5783 mors
2038 5728 2307 5792 excitavit,
2345 5729 2747 5796 interpretatur.
