3936 6172
477 301 561 361 ’79
1576 302 1665 355 Al)
1706 302 1762 358 S.
1805 300 2229 357 CLEMENTEM
2271 305 2289 357 l
2330 304 2558 359 PAPAM
3636 316 3693 369 80

562 420 649 476 Vl.
692 420 996 477 Obscurum
1028 437 1137 476 non
1164 429 1269 485 est,
1297 420 1627 477 Clementem
1655 422 1728 476 ibi
1758 420 1825 476 de
1854 435 2053 475 :erum-
2084 418 2129 475 Α
2159 434 2284 474 scns
2318 429 2534 491 tempus
2560 423 2849 477 enuntiare
2879 427 3122 479 narranti
3155 426 3301 482 licet.
3333 427 3473 493 Quid
3504 428 3629 483 enim
3648 430 3696 483 in

491 514 612 576 nis,
649 514 849 584 quibus
877 528 1142 583 oppressa
1187 522 1305 569 erat
1353 512 1597 569 Romana
1638 513 1883 567 Ecclesia
1928 527 2051 565 cum

489 605 895 661 Corinthiorum
926 607 1208 675 epistolam
1229 606 1457 676 accepit,
1484 606 1576 661 sed
1606 620 1635 658 a
1656 605 1854 676 quibus
1881 605 2055 674 respi-

488 698 643 751 rabat
689 712 812 750 cum
872 696 1016 749 hanc
1073 696 1394 766 rescripsit,
1451 696 1650 750 habere
1703 710 2051 760 sermonem,

488 788 731 856 adeoque
752 785 1035 840 Vendelini
1066 787 1132 840 de
1155 786 1535 855 persecutione
1564 784 1805 839 fervente
1834 792 2054 839 senten-

487 880 616 931 tiam
662 878 885 932 minime
925 878 1259 946 probandam
1289 892 1432 932 esse.
1474 874 1659 945 Neque
1688 876 1868 930 minus
1903 883 2052 929 certo

486 986 550 1022 ex
587 968 777 1023 eodem
805 969 1033 1022 exordio
1062 970 1372 1031 conﬁcitur,
1410 982 1682 1022 terumnas
1714 966 1833 1021 illas
1862 966 1927 1020 de
1947 965 2052 1021 Nec

488 1060 637 1116 ronis
681 1061 1060 1130 persecutione
1106 1058 1454 1128 interpretari
1508 1073 1617 1111 non
1662 1057 1847 1111 licere.
1904 1055 2051 1109 Nihil

484 1153 627 1209 enim
659 1161 805 1216 erat,
850 1168 950 1206 cur
992 1153 1046 1206 in
1097 1152 1397 1206 litterarum
1455 1150 1707 1204 tarditate
1753 1146 2049 1205 Corinthiis

483 1245 797 1301 excusanda
830 1244 933 1297 hoc
968 1250 1243 1298 taceretur
1264 1281 1278 1307 ,
1306 1241 1524 1297 Petrum
1562 1241 1846 1304 videlicet,
1890 1240 2049 1309 cujus

482 1345 599 1392 erat
628 1333 1226 1406 ipsorum-satisfacere
1255 1332 1682 1403 quaestionibus,
1712 1333 1779 1385 iis
1809 1332 2047 1401 acceptis

482 1429 781 1491 detentum,
814 1442 1011 1482 czesum
1036 1433 1089 1479 et
1119 1441 1149 1479 e
1169 1425 1306 1479 vivis
1336 1424 1504 1479 fuisse
1527 1424 1818 1478 sublatum.
1843 1422 2047 1478 Deinde

478 1523 535 1575 in
561 1531 671 1575 toto
691 1518 934 1590 epistola:
957 1524 1215 1571 contextu
1243 1516 1374 1568 illud
1402 1515 1676 1579 innuitur,
1713 1530 1837 1569 eum
1866 1514 2043 1583 ipsum

481 1614 574 1683 qui
601 1626 747 1665 nunc
776 1609 1053 1673 rescribit,
1089 1608 1243 1679 prius
1268 1607 1677 1662 Corinthiorum
1714 1606 1917 1675 scripta
1954 1620 2045 1658 ac-

481 1710 711 1772 cepisse.
740 1700 1006 1766 Quocirca
1040 1700 1106 1753 ad
1141 1699 1375 1752 litteram
1406 1695 1739 1767 intelligendi
1772 1702 1900 1750 sunt
1928 1703 2040 1749 tum

472 1762 714 1849 ire-naeus
865 1810 947 1857 ιιι,
977 1790 1109 1846 Adv.
1136 1790 1318 1845 hwres.
1351 1805 1401 1844 c.
1428 1789 1480 1853 3,
1506 1799 1557 1843 et
1579 1762 1721 1858 apud
1750 1788 2041 1843 Eusebium
2073 1762 2122 1824 Β

487 1886 625 1939 Hist.
677 1885 841 1949 eccl.,
874 1884 971 1940 lih.
1000 1900 1062 1948 v,
1096 1898 1219 1952 cap.
1254 1880 1322 1947 6;
1363 1890 1475 1933 tum
1520 1879 1859 1949 liegesippus
1902 1880 2045 1949 apud

480 1978 726 2032 cumdeu
769 1976 1063 2031 Eusebium
1096 1975 1192 2029 lib.
1232 1989 1321 2039 Iv,
1359 1990 1409 2026 c.
1445 1972 1544 2035 Ὦ,
1581 1987 1705 2025 cum
1745 1972 2046 2026 dissensio-

481 2085 625 2130 nem,
659 2083 819 2138 quam
850 2068 1043 2123 sedare
1071 2082 1218 2121 nunc
1247 2074 1478 2120 conatur
1500 2063 1772 2129 Clemens,
1804 2080 1911 2117 non
1943 2063 2044 2118 sub

472 2158 661 2221 ll’etro,
696 2158 790 2213 sed
815 2159 915 2214 sub
934 2157 1213 2213 Clemente
1241 2167 1415 2212 ortam
1451 2171 1573 2211 esse
1598 2163 1887 2210 testantur.
1908 2155 2047 2210 Prae-

480 2262 621 2305 terea
651 2267 773 2305 cum
799 2251 939 2306 idem
968 2249 1202 2305 lrenaaus
1224 2290 1238 2313 ,
1274 2249 1697 2319 apostolicorum
1740 2257 2042 2318 temporum

476 2353 586 2397 tam
615 2345 843 2407 vicinus,
863 2342 1194 2397 Clementem
1224 2342 1381 2396 tertio
1410 2343 1528 2395 loco
1552 2342 1620 2395 ab
1643 2343 1902 2411 apostolis
1922 2349 2043 2410 post

476 2435 671 2488 Linum
698 2441 752 2487 et
779 2432 1013 2496 Cletum,
1046 2448 1142 2486 seu
1168 2440 1226 2485 ut
1262 2440 1442 2497 vocat,
1473 2433 1786 2488 Anacletum
1808 2472 1822 2497 ,
1856 2431 2042 2489 Romae

476 2528 851 2596 episcopatum
875 2524 1131 2579 sortitum
1156 2540 1277 2580 esse
1303 2526 1543 2589 scribat,
1578 2527 1847 2596 reliquum
1876 2535 1959 2581 est
1984 2534 2041 2583 ut

475 2633 599 2673 eum
631 2617 876 2688 pluribus
902 2624 1023 2689 post
1048 2616 1312 2673 Neronem
1328 2621 1483 2675 annis
1504 2618 1763 2674 Romana:
1788 2620 2041 2677 Ecclesiae

475 2708 997 2764 administrationem
1012 2710 1319 2779 suscepisse
1341 2711 1647 2766 crediderit.
1682 2711 1836 2767 Hunc
1860 2722 2039 2769 autem

472 2815 537 2853 ea
565 2800 622 2853 in
650 2815 710 2854 re
736 2798 934 2854 falsum
977 2816 1099 2856 esse
1130 2803 1254 2871 quis
1297 2803 1399 2857 sibi
1443 2804 1804 2873 persuadeat?
1849 2804 2038 2860 Eidem

473 2890 840 2961 suﬁ‘ragantur
876 2899 929 2946 et
971 2892 1216 2963 plerique
1260 2892 1485 2957 Patres,
1532 2895 1623 2965 qui
1668 2894 2037 2952 Romanorum

472 2984 794 3040 Pontiﬁcum
825 2986 1018 3041 seriem
1048 2992 1266 3051 texunt,
1313 2996 1471 3057 atque
1515 2989 1618 3059 ipsi
1651 3001 1858 3045 veteres
1886 3000 2037 3045 cata-

471 3078 602 3147 logi,
632 3077 685 3131 in
710 3076 911 3172 quibus
936 3075 1096 3172 Petro
1134 3077 1337 3172 Linus,—
1358 3079 1495 3134 Lino
1525 3079 1729 3148 Cletus,
1762 3083 1888 3137 huic
1915 3083 2037 3139 Cle-
2062 3114 2104 3172 ο

471 3183 625 3224 mens
674 3168 1009 3227 successisse
1055 3170 1272 3241 legitur.
1318 3170 1440 3241 Ipsa
1486 3190 1700 3244 quoque
1744 3174 2035 3231 Clementis

469 3260 633 3315 verba
658 3275 807 3314 num.
836 3259 906 3314 44
935 3259 1029 3330 qui
1059 3261 1397 3330 expenderit,
1430 3264 1518 3317 ubi
1564 3266 1782 3319 laudata
1819 3275 2036 3335 aposto-

467 3348 644 3403 lorum
691 3349 1035 3421 providentia
1082 3352 1266 3406 subdit
1299 3352 1441 3418 :Qui
1489 3354 1649 3423 igitur
1689 3355 1752 3407 ab
1780 3355 1907 3419 illis,
1944 3364 2035 3409 aut

468 3440 710 3510 deinceps
756 3440 821 3494 ab
862 3442 984 3495 aliis
1034 3442 1159 3496 viris
1197 3444 1407 3497 eximiis
1450 3446 1719 3498 constituti
1748 3455 1938 3501 sunt...
1972 3463 2034 3499 ac

469 3533 623 3602 longo
668 3541 894 3602 tempore
943 3534 1260 3603 prazclarum
1301 3534 1365 3587 ab
1403 3535 1639 3590 omnibus
1680 3539 2032 3592 testimonium

469 3631 832 3692 reportarunt,
862 3623 955 3678 hos
988 3640 1254 3678 censemus
1285 3626 1447 3694 ofﬁcio
1464 3627 1656 3695 injuste
1679 3626 1865 3695 dejici;
1892 3628 2029 3695 hinc,

471 3715 713 3782 inquam,
743 3718 836 3786 qui
859 3717 1199 3786 expenderit,
1233 3717 1280 3771 is
1321 3732 1644 3787 persuasum
1675 3720 1894 3775 habebit
1916 3720 2032 3789 epi-

469 3808 663 3861 stolam
697 3807 855 3862 istam
885 3814 1013 3863 tunc
1040 3809 1300 3879 temporis
1330 3810 1698 3879 conscriptam
1724 3828 1866 3875 esse,
1905 3827 2029 3866 cum

469 3900 537 3953 ab
581 3900 754 3954 ofﬁcio
802 3915 903 3955 suo
934 3902 1127 3956 remoti
1163 3901 1396 3957 fuissent
1425 3905 1759 3973 presbyteri,
1804 3906 1896 3973 qui
1922 3921 2030 3959 non

468 3990 642 4043 solum
673 3991 742 4044 ab
770 3990 1052 4061 apostolis,
1083 3990 1175 4046 sed
1198 3991 1363 4047 etiam
1393 3992 1455 4044 ab
1484 3992 1605 4045 aliis
1634 3992 1894 4064 deinceps,
1925 3993 2029 4049 hoc

465 4087 549 4134 est
577 4079 644 4133 ab
671 4094 861 4133 eorum
899 4081 1316 4135 successoribus
1344 4082 1603 4148 ordinati,
1639 4099 1839 4137 munus
1871 4099 2027 4138 suum

466 4170 619 4241 longo
644 4180 873 4242 tempore
898 4171 1167 4227 obierant.
1205 4172 1469 4227 Standum
1500 4174 1664 4243 igitur
1703 4181 1785 4229 est
1810 4184 2029 4229 senten-

464 4264 553 4317 tiae
581 4262 823 4327 Eusebii,
856 4262 911 4316 in
934 4262 1093 4329 cuius
1124 4262 1381 4321 Chronico
1408 4280 1529 4334 cap.
1572 4266 1654 4328 15,
1682 4267 2026 4334 pontiﬁcatus

463 4357 761 4411 Clementis
800 4355 955 4410 initia
1010 4356 1076 4411 ad
1121 4364 1427 4427 postremos
1462 4356 1752 4412 Domitiani
1792 4360 2027 4428 impera-

2157 510 2259 565 hac
2287 513 2515 581 epistola
2551 514 2657 567 sibi
2702 516 2848 579 vult,
2882 514 3162 586 Sacriﬁcia
3192 536 3295 572 non
3323 520 3377 573 in
3402 523 3542 574 omni
3584 521 3695 586 loco,

2155 603 2245 656 sed
2272 601 2621 672 Jerosolymis
2654 614 2860 659 tantum
2912 608 3239 675 offeruntur,
3281 610 3387 664 nisi
3433 609 3595 674 illud,
3632 610 3697 668 Ex

2152 698 2469 767 praescripto
2500 697 2633 767 legis
2662 698 2928 751 sacriﬁcia
2945 697 3306 770 Jerosolymis
3345 710 3547 755 tantum
3590 703 3699 771 olfe-

2153 791 2383 844 runtur?
2413 788 2570 853 Quod
2612 790 2829 860 quidem
2862 792 3239 861 prazscriptum
3272 808 3395 846 cum
3426 795 3697 849 etiamnum

2152 878 2211 932 in
2243 880 2358 949 lege
2386 886 2635 945 maneat,
2677 882 2795 951 ipsa
2821 882 3119 937 Clementis
3158 883 3319 938 verba
3353 884 3516 939 etiam
3558 886 3697 941 nobis

2150 969 2341 1024 efferre
2385 987 2495 1025 non
2549 973 2729 1043 inepte
2779 988 2925 1026 nunc
2961 973 3169 1029 liceret.
3217 972 3418 1043 Nempe
3466 975 3696 1032 Clemens

2148 1063 2552 1132 comparatione
2569 1078 2632 1117 ac
2662 1079 2809 1118 more
2838 1063 3169 1126 Judacorum,
3198 1065 3393 1134 quibus
3420 1066 3700 1122 sacriﬁcio-

2149 1168 2268 1206 rum
2300 1154 2443 1223 leges
2476 1170 2504 1207 a
2542 1153 2724 1225 Moyse
2754 1155 3186 1224 praescribuntur
3206 1197 3218 1219 ,
3257 1155 3585 1211 Christianis
3608 1174 3698 1212 auo

2148 1253 2267 1299 ctor
2291 1254 2405 1311 est,
2440 1253 2497 1299 ut
2524 1254 2577 1300 et
2611 1247 2713 1316 ipsi
2758 1254 3021 1300 statutum
3067 1248 3134 1300 ab
3175 1248 3438 1317 apostolis
3485 1249 3697 1302 oblatio-

2147 1351 2273 1390 num
2303 1345 2356 1391 et
2382 1336 2683 1392 oﬁiciorum
2727 1338 2973 1393 ordinem
3006 1348 3316 1395 reverenter
3353 1341 3613 1409 accipiant
3640 1356 3698 1395 ac

2147 1436 2382 1481 servent.
2412 1426 2525 1481 Hoc
2549 1436 2754 1491 autem,
2784 1437 2842 1482 ut
2867 1429 2983 1500 ipse
3013 1446 3065 1484 v.
3097 1432 3165 1485 cl.
3199 1430 3390 1485 Claud.
3414 1429 3599 1502 Fleury
3625 1432 3698 1485 fa-

2146 1522 2313 1579 tetur,
2346 1518 2401 1571 in
2430 1517 2770 1589 exponendis
2800 1521 3303 1590 comparationibus
3336 1522 3613 1586 usuvcuit,
3644 1530 3697 1575 ut

2145 1623 2231 1663 res
2259 1610 2546 1678 praeterit-.13
2585 1612 2810 1681 perinde
2853 1626 2915 1666 ac
2946 1612 2991 1667 si
3020 1623 3313 1683 praesentes
3344 1613 3608 1682 adessent,
3635 1617 3700 1670 ob

2146 1702 2336 1756 oculos
2368 1712 2658 1772 ponantur.

2224 1790 2356 1845 VIII.
2392 1794 2619 1848 Frustra
2643 1795 2804 1849 etiam
2833 1794 3160 1850 Clementem
3191 1795 3435 1865 proxime
3467 1806 3584 1865 post
3610 1795 3699 1852 Pe-

2152 1886 2219 1937 tri
2247 1900 2308 1938 ac
2344 1884 2496 1939 Pauli
2530 1889 2851 1959 martyrium
2885 1888 3173 1958 scripsisse
3202 1904 3267 1943 ex
3300 1905 3365 1944 eo
3402 1890 3698 1960 colligitur.

2146 1975 2290 2045 quod
2318 1992 2467 2030 num.
2500 1977 2533 2030 4
2562 1979 2766 2043 Abelis,
2794 1976 2991 2044 Jacob,
3035 1978 3235 2049 Moysis
3260 1994 3323 2033 ac
3351 1979 3587 2043 Davidis,
3613 1983 3701 2049 qui

2147 2083 2241 2137 per
2272 2068 2668 2121 aemulationem
2687 2077 2737 2122 ct
2770 2068 3023 2122 invidiam
3051 2069 3216 2121 multa
3240 2070 3386 2139 passi
3410 2081 3553 2134 sunt,
3574 2087 3703 2140 pra:—

2145 2160 2330 2214 missis
2358 2161 2643 2228 exemplis,
2679 2176 2829 2214 num.
2856 2161 2888 2214 5
2932 2160 3089 2214 initio
3124 2161 3381 2229 subiicit,
3414 2160 3501 2215 sed
3534 2164 3700 2216 missis

2144 2249 2395 2302 veteribus
2416 2250 2684 2319 exemplis,
2717 2251 2982 2303 veniamus
3014 2250 3082 2303 ad
3106 2253 3373 2321 proximos
3392 2253 3632 2318 athletas,
3654 2264 3705 2307 et

2145 2342 2317 2394 a’tatis
2350 2351 2544 2395 nostra‘
2570 2358 2817 2410 generosa
2847 2342 3081 2409 exempla
3105 2358 3395 2409 sumamus,
3422 2359 3485 2399 ac
3515 2342 3703 2400 deinde

2140 2430 2286 2487 Petri
2322 2440 2375 2488 et
2416 2432 2567 2487 Pauli
2604 2436 2921 2504 martyrium
2950 2445 3187 2488 enarrat.
3221 2433 3390 2489 Nemo
3418 2435 3560 2490 enim
3596 2451 3703 2491 non

2142 2523 2288 2577 videt
2319 2540 2481 2593 quam
2512 2533 2659 2579 recte
2700 2524 2954 2578 Clemens
2982 2525 3127 2579 circa
3159 2540 3360 2578 annum
3390 2524 3590 2581 Christi
3613 2527 3700 2589 97.

2141 2613 2285 2668 Petri
2318 2632 2379 2670 ac
2410 2614 2559 2669 Pauli
2589 2616 2925 2684 martyrium,
2958 2632 3080 2670 cum
3106 2617 3439 2687 temporibus
3466 2616 3700 2681 Davidis,

2142 2705 2360 2777 Moysis.
2393 2706 2558 2762 Jacob
2582 2716 2636 2761 et
2665 2708 2847 2763 Abelis
2877 2718 3284 2777 comparatum,
3314 2711 3609 2777 proximum
3643 2727 3705 2765 ac

2140 2801 2363 2853 ricinum
2386 2801 2555 2854 a‘tatis
2588 2808 2780 2852 nostra:
2803 2800 3019 2853 dixerit.
3054 2800 3166 2854 Imo
3198 2815 3371 2870 neque
3400 2804 3705 2871 proximum

2140 2890 2207 2944 ab
2227 2906 2292 2945 eo
2317 2890 2521 2943 dicitur
2553 2890 2745 2944 diebus
2778 2892 2974 2961 quibus
3006 2892 3219 2958 scribit,
3252 2893 3344 2948 sed
3362 2893 3706 2965 ωιωῂγενεᾷ

2139 2996 2299 3055 quam
2323 2982 2473 3051 agit,
2508 2998 2603 3035 seu
2637 2983 2690 3035 in
2723 2998 2827 3051 qua
2857 2983 3030 3052 degit.
3066 2982 3291 3037 Demum
3322 3000 3469 3038 num.
3506 2984 3575 3038 47
3611 2985 3706 3040 ubi

2139 3074 2207 3128 ad
2239 3074 2549 3143 evangelica
2579 3081 2821 3143 tempora
2846 3075 3088 3127 animum
3115 3073 3316 3139 refert,
3362 3090 3534 3143 eaque
3578 3090 3705 3128 cum

2138 3165 2231 3219 illo
2275 3166 2485 3219 confert
2531 3181 2639 3234 quo
2669 3166 2894 3229 scribit,
2943 3167 3349 3220 Corinthiorum
3401 3166 3703 3222 Ecclesiam

2136 3257 2415 3326 antiquam
2447 3272 2679 3321 vocare,
2712 3266 2763 3311 et
2809 3256 3043 3326 primum
3074 3274 3264 3312 eorum
3294 3258 3604 3323 dissidium,
3637 3259 3707 3312 de

2136 3366 2243 3419 quo
2272 3348 2474 3404 Paulus
2503 3350 2523 3403 Ι
2551 3349 2681 3405 Cor.
2709 3365 2747 3415 ι,
2780 3350 3041 3418 loquitur,
3074 3357 3131 3402 ut
3152 3351 3205 3402 in
3234 3350 3490 3418 principio
3521 3348 3707 3403 Evan—

2132 3440 2253 3508 gelii
2281 3449 2458 3494 ortum
2492 3454 2812 3501 memorare,
2837 3440 3122 3509 ipsamque
3145 3441 3375 3508 apostoli
3408 3439 3569 3507 hujus
3595 3440 3714 3508 epi-

2134 3533 2368 3596 stolam,
2404 3532 2619 3586 tametsi
2666 3532 3077 3601 quatuordecim
3124 3541 3331 3585 tantum
3366 3532 3525 3586 annis
3552 3532 3711 3585 exci-

2132 3624 2281 3678 dium
2310 3623 2637 3694 Jerosolym.
2665 3624 3031 3694 praecesserit,
3066 3625 3117 3678 in
3145 3625 3399 3693 principio
3430 3624 3709 3694 Evangelii

2132 3717 2383 3785 scriptam
2416 3717 2600 3771 dicere
2638 3732 2749 3771 non
2791 3716 3026 3772 dubitat.
3070 3716 3227 3782 Quod
3280 3732 3412 3771 sane
3461 3717 3706 3772 evidenti

2131 3814 2451 3875 argumento
2480 3814 2564 3861 est
2601 3822 2756 3870 eum,
2788 3822 2910 3860 cum
2942 3806 3017 3860 ita
3047 3807 3341 3869 scriberet,
3378 3806 3596 3876 longius
3636 3809 3710 3861 ab

2130 3898 2317 3952 eodem
2347 3898 2615 3967 principio
2645 3898 2980 3965 recessisse;
3024 3913 3125 3953 nec
3151 3898 3216 3951 ab
3248 3897 3373 3952 hinc
3401 3899 3710 3952 recessisse

2129 3987 2342 4057 longius
2392 3987 2697 4051 videretur,
2750 3987 2818 4051 si,
2866 3993 2927 4041 ut
2965 3987 3079 4043 vult
3127 3985 3394 4053 Crabius,
3440 3988 3711 4059 praedicta

2130 4077 2279 4132 Pauli
2299 4077 2541 4149 Epistola
2574 4078 2689 4133 haec
2731 4077 3026 4135 Clementis
3069 4093 3264 4133 novem
3300 4078 3567 4137 duntaxat
3615 4079 3710 4133 vel

2129 4169 2196 4222 ad
2228 4184 2499 4224 summum
2529 4169 2814 4225 duodecim
2842 4170 2998 4223 annis
3026 4170 3294 4238 posterior
3321 4169 3478 4223 foret.

2196 4259 2287 4315 IX.
2319 4260 2398 4314 Ex
2432 4262 2740 4316 venerando
2785 4262 2877 4315 illo
2923 4275 3091 4315 sacrae
3123 4260 3464 4331 antiquitatis
3496 4275 3709 4313 monu-

2127 4362 2342 4415 mento,
2390 4354 2535 4423 quod
2586 4368 2853 4408 summam
2904 4354 3205 4423 primorum
3252 4353 3707 4408 Christianorum

464 4449 597 4502 toris
632 4463 805 4503 annos
850 4449 1183 4504 referuntur.
1233 4446 1387 4507 Unde
1431 4449 1567 4503 nihil
1602 4450 1800 4503 rationi
1845 4451 2019 4520 magis
2053 4444 2096 4499 D
2127 4445 2527 4513 simplicitatem
2561 4445 2721 4514 sapit,
2754 4444 2862 4498 duo
2894 4443 3142 4514 inprimis
3180 4442 3401 4497 maximi
3429 4444 3706 4497 momenti

461 4546 883 4592 consentaneum
907 4538 1170 4602 occurrit,
1203 4554 1364 4608 quam
1396 4550 1455 4592 ut
1473 4538 1879 4594 Corinthiorum
1908 4541 2023 4610 epi-

462 4628 654 4681 stolam
708 4628 961 4684 saaviente
1018 4628 1311 4683 Domitiani
1364 4632 1742 4700 persecutione
1794 4630 2020 4686 Romam

460 4719 807 4787 pervenisse,
864 4726 1027 4788 atque
1068 4719 1179 4776 illis
1226 4719 1414 4774 eadem
1450 4722 1831 4789 persecutione
1876 4722 2022 4777 desi-

459 4816 622 4863 nente
652 4824 681 4861 a
710 4808 988 4865 Clemente
1013 4810 1159 4865 circa
1192 4825 1393 4864 annum
1439 4810 1644 4866 Christi
1688 4812 1778 4877 97,
1813 4812 2018 4867 rescri-

460 4908 607 4967 ptum
643 4915 765 4954 esse
795 4914 1135 4954 censeamus.

531 4987 638 5041 ΥΠ.
680 4988 864 5058 Neque
892 4988 976 5043 his
1020 4990 1338 5043 adversatur
1366 4992 1518 5054 illud,
1556 5008 1703 5045 num.
1756 4993 1818 5046 41
1852 5009 1866 5047 :
1897 4991 2018 5046 Non

455 5080 661 5150 ubique,
693 5078 906 5147 fratres,
948 5079 1240 5147 offeruntur
1285 5082 1548 5147 sacriﬁcia
1585 5083 1754 5151 jugia,
1811 5084 1888 5137 vel
1932 5102 2017 5138 vo-

458 5171 581 5234 tiva,
614 5170 690 5224 vel
710 5186 801 5237 pro
834 5181 1044 5238 peccato
1074 5180 1121 5223 et
1157 5170 1366 5233 delicto,
1397 5172 1485 5225 sed
1516 5173 1863 5243 Jerosolymis
1893 5186 2015 5228 tan-

457 5270 588 5324 tum,
622 5262 746 5314 licet
774 5258 1006 5314 Grabius
1036 5259 1161 5313 hinc
1194 5269 1342 5315 certo
1391 5273 1644 5316 constare
1685 5265 1787 5318 sibi
1833 5264 2012 5328 dicat,

454 5353 713 5422 templum
738 5349 1249 5421 Jerosolymitanum
1273 5361 1383 5404 tum
1416 5352 1653 5416 stetisse,
1681 5361 1843 5421 atque
1866 5356 2015 5408 exci-

453 5443 600 5498 dium
633 5432 798 5505 illius,
829 5440 974 5511 quod
1004 5442 1057 5495 in
1079 5455 1277 5494 annum
1313 5441 1378 5495 7t)
1401 5441 1609 5504 incidit,
1638 5444 1865 5497 necdum
1890 5460 2016 5499 con-

448 5535 668 5603 tigisse;
701 5531 902 5601 alioqui
926 5547 1035 5586 non
1068 5531 1357 5600 oﬂ'eruntur
1381 5532 1435 5585 in
1462 5533 1738 5601 praesenti,
1763 5534 1857 5589 sed
1885 5536 2012 5589 olim

450 5624 800 5693 o/Ierebantur
829 5623 998 5678 fuisse
1024 5622 1336 5679 dicendum.
1370 5621 1571 5678 Verum
1617 5640 1724 5678 non
1766 5626 1898 5680 satis
1929 5632 2012 5678 at-

452 5724 463 5761 :
488 5717 615 5763 π’ξι
652 5716 731 5766 vir
761 5715 1010 5768 eruditus
1034 5713 1303 5769 sermdnis
1349 5727 1663 5782 usum,quo
1678 5728 1765 5767 res
1783 5720 2005 5783 praeter-

616 5826 621 5829 ι
686 5805 779 5859 uti
817 5814 1109 5878 praesentes
1139 5807 1207 5861 ob
1228 5807 1415 5863 oculos
1443 5821 1644 5875 ponere
1670 5814 1723 5863 et
1748 5821 1842 5876 per
1865 5820 2005 5877 prae-

2124 4536 2452 4590 documenta
2486 4536 2670 4590 ﬁdeles
2706 4536 3034 4606 percipiunt.
3067 4533 3310 4587 Primum
3338 4534 3479 4589 enim
3507 4533 3607 4586 ubi
3643 4535 3709 4587 in

2124 4628 2379 4697 primaria
2406 4628 2669 4690 Ecclesia,
2706 4635 2782 4681 tot
2809 4626 3046 4696 Spiritus
3077 4626 3250 4679 sancti
3282 4624 3438 4679 donis
3461 4634 3665 4679 ornata
3685 4667 3705 4690 ,

2123 4732 2185 4770 ac
2209 4717 2460 4771 maximis
2491 4717 2860 4785 apostolorum
2893 4714 3187 4769 sudoribus
3216 4714 3429 4768 exculta
3451 4754 3465 4778 ,
3500 4714 3709 4782 spinas

2120 4808 2525 4863 dissensionum
2558 4815 2778 4863 exortas
2802 4806 3007 4872 vident,
3043 4808 3225 4861 minus
3250 4806 3362 4875 jam
3389 4806 3701 4867 mirantur,

2120 4899 2166 4953 si
2199 4900 2337 4952 inter
2361 4896 2698 4953 Christianas
2719 4898 3024 4963 societates,
3048 4913 3166 4967 quae
3196 4904 3340 4949 recte
3369 4895 3708 4963 compositae

2120 4988 2391 5053 audiunt,
2445 4988 2759 5056 hujusmodi
2807 4986 3063 5042 scandala
3117 4987 3321 5041 oboriri
3372 4987 3703 5055 contigerit.

2122 5079 2411 5149 Nunquam
2464 5080 2721 5133 nimirum
2771 5079 3003 5147 quiescit
3048 5079 3303 5147 antiquus
3346 5078 3710 5131 zizaniorum

2118 5171 2446 5234 seminator,
2490 5177 2544 5223 et
2600 5184 2790 5239 agrum
2829 5169 3041 5223 Domini
3085 5169 3342 5223 infaustis
3383 5170 3709 5223 seminibus

2119 5261 2323 5315 foedare
2367 5275 2477 5314 non
2521 5268 2720 5314 cessat.
2757 5259 2862 5314 Sed
2893 5260 3143 5329 quamvis
3165 5260 3447 5327 antiquum
3477 5258 3549 5312 sit
3585 5258 3711 5311 hoc

2116 5352 2337 5416 malum,
2370 5367 2479 5405 non
2504 5350 2624 5404 ideo
2650 5356 2829 5404 tamen
2858 5351 3039 5404 minus
3071 5350 3360 5419 lugendum
3387 5365 3402 5413 ;
3433 5347 3527 5401 sed
3560 5348 3711 5399 nul--

2115 5443 2225 5495 lum
2255 5458 2405 5506 esse,
2453 5442 2542 5493 cui
2590 5439 2889 5494 remedium
2938 5441 3101 5495 citius
3150 5438 3517 5493 adhibendum
3572 5446 3705 5502 srt,

2114 5535 2242 5587 item
2272 5548 2336 5587 ex
2365 5532 2470 5585 hoc
2499 5531 2722 5600 scripto,
2751 5538 2811 5583 ut
2840 5546 2906 5584 ex
2936 5529 3089 5584 Pauli
3110 5530 3370 5600 Epistola,
3396 5528 3708 5583 docemur.

2111 5623 2314 5693 Nempe
2344 5623 2495 5677 tenui
2523 5621 2918 5677 discordiarum
2945 5620 3158 5674 ﬂamma
3179 5661 3193 5683 ,
3223 5620 3325 5673 nisi
3360 5634 3522 5687 quam
3568 5620 3713 5687 pri-

2114 5730 2261 5769 mum
2294 5714 2701 5782 exstinguatur,
2744 5712 2891 5766 brevi
2931 5712 3123 5782 ingens
3151 5709 3459 5765 incendium
3492 5711 3707 5764 conci-

2112 5807 2217 5860 tari
2242 5807 2483 5876 apprime
2502 5804 2791 5859 callebant.
