3936 6172
297 321 362 379 81
1454 352 1457 353 ν
1547 330 1861 389 Ριιοαςιιιι

1950 334 2317 394 ιΑιιιοιιυΜ.
3474 349 3567 404 83*

1123 530 1584 594 ADMONITIO
1629 533 1710 592 1N
1769 496 2230 595 EPléTOLAM
2281 536 2725 599 SECUNDAM.

371 675 414 731 Ῑ.
444 674 523 729 Ex
547 674 737 730 eodem
756 674 945 729 codice
964 674 1357 739 Alexandrino,
1376 691 1440 731 ex
1465 690 1576 746 quo
1600 675 1870 747 superior,
1900 654 1947 710 Α
1974 672 2230 731 familiari
2258 692 2410 734 more
2440 679 2830 752 intelligendus
2853 691 2936 739 est
2957 686 3121 756 loqui.
3155 687 3253 744 Ubi
3277 690 3418 744 enim
3443 692 3538 745 ali-

295 765 504 837 prodiit
530 764 871 833 subsequens
892 764 1144 833 epistola.
1168 762 1245 819 De
1270 763 1371 819 hac
1386 755 1655 820 Eusebius
1676 764 1772 820 lib.
1811 780 1869 819 ιιι

297 856 449 912 Hist.
480 856 607 911 eccl.
637 872 686 911 c.
716 857 817 910 58:
851 856 1046 909 ἰστέον
1073 858 1118 910 δ’
1149 854 1225 920 ὡς
1253 857 1346 910 καὶ
1373 856 1600 929 δευτέρα.
1624 875 1707 921 τις
1734 851 1871 910 εἶναι

294 950 516 1019 λέγεται
548 948 641 1002 τοῦ
669 948 987 1019 Κλήμεντος
1032 949 1308 1021 ἐπιστολὴ,
1338 949 1398 1002 οὗ
1432 948 1538 1021 μὴν
1566 949 1641 1002 ἔθ’
1672 949 1872 1020 ὁμοίως

291 1044 361 1112 τῇ
380 1040 623 1112 προτέρᾳ
637 1040 939 1111 καὶταύτην
956 1043 1228 1113 γνώριμον
1246 1041 1604 1113 ἐπιστάμεθα,
1622 1042 1702 1095 ὅτι
1719 1041 1776 1095 δὲ
1796 1040 1870 1113 μὴ

290 1134 422 1194 τοὺς
440 1132 701 1202 ἀρχαίους
717 1131 852 1203 αὐτῇ
881 1133 1251 1205 κεχρημένους
1279 1135 1454 1205 ἴσμεν.
1476 1133 1754 1188 Sciendum
1773 1151 1870 1187 au—

292 1233 397 1275 tem
423 1232 501 1276 est
514 1222 710 1292 quodet
723 1224 951 1277 secunda
971 1222 1210 1294 quaedam
1228 1222 1507 1279 Clementis
1520 1225 1741 1293 epistola
1757 1241 1869 1277 esse

288 1313 505 1365 dicatur
518 1332 537 1366 :
553 1330 668 1366 eam
685 1324 857 1367 autem
875 1331 977 1368 non
994 1315 1237 1369 similiter
1249 1332 1309 1367 ac
1324 1316 1550 1383 priorem
1567 1324 1743 1368 notam
1756 1332 1867 1369 esse

287 1408 639 1472 comperimus
658 1421 677 1469 ;
694 1407 939 1475 quoniam
955 1422 1045 1459 nec
1060 1416 1250 1460 veteres
1266 1423 1326 1460 ea
1343 1423 1466 1460 usos
1482 1424 1591 1461 esse
1605 1409 1861 1463 novimus.

286 1493 557 1549 Observat
581 1493 884 1552 Cotelerius
910 1496 1024 1551 haec
1060 1496 1281 1552 Eusebii
1311 1498 1477 1552 verba
1519 1497 1865 1567 indiligenter

284 1601 315 1639 a
348 1582 552 1639 Ruﬁno
568 1575 883 1641 sic’rcddita
912 1607 923 1639 :
958 1587 1169 1641 Dicitur
1197 1598 1369 1641 tamen
1394 1604 1506 1642 esse
1532 1598 1580 1642 et
1610 1583 1720 1642 alia
1745 1587 1864 1643 Cle-

285 1678 480 1731 mentis
502 1677 747 1745 epistola,
778 1677 931 1747 cujus
973 1694 1068 1732 nos
1108 1678 1353 1731 notitiam
1382 1695 1485 1733 non
1525 1680 1861 1749 accepimus;

285 1781 468 1835 neque
497 1766 673 1836 magis
718 1775 977 1821 accurate
1016 1766 1086 1820 ab
1132 1766 1463 1837 Hieronymo
1490 1767 1610 1825 Lib.
1651 1769 1715 1822 de
1760 1772 1856 1824 vir.

282 1860 490 1914 illustr.
527 1859 593 1930 (si
627 1870 807 1914 tamen
844 1860 918 1913 ibi
948 1859 1017 1913 ad
1040 1858 1261 1914 Eusebii
1288 1861 1451 1915 verba
1488 1862 1735 1932 respicit)
1765 1878 1860 1918 ex-

281 1967 478 2022 pressa
526 1952 698 2006 fuisse
744 1951 798 2004 in
829 1950 975 2004 hunc
1011 1951 1230 2005 modum
1262 1969 1276 2006 :
1325 1950 1520 2005 Fertur
1552 1962 1599 2006 et
1631 1953 1857 2007 secunda

280 2060 397 2097 esse
426 2057 493 2096 ex
518 2042 629 2112 ejus
656 2043 863 2096 nomine
892 2042 1116 2112 epistola
1134 2083 1149 2105 ,
1182 2059 1298 2114 quae
1328 2060 1361 2096 a
1386 2045 1640 2098 veteribus
1679 2061 1857 2113 repro~

282 2135 483 2199 batur;
509 2133 762 2189 Photium
794 2134 1030 2204 denique
1070 2134 1194 2189 cod.
1228 2136 1331 2189 115
1370 2134 1684 2208 Hieronymi
1728 2152 1857 2191 sen-

281 2228 513 2283 tentiam
540 2228 716 2298 sequi,
744 2228 834 2282 ubi
863 2228 970 2282 ait:
992 2226 1123 2293 Qua:
1150 2227 1381 2281 secunda
1410 2227 1479 2281 ad
1498 2226 1703 2283 eosdem
1730 2227 1856 2301 (C0-

278 2318 541 2387 rinthios)
575 2316 790 2383 dicitur,
816 2328 875 2371 ut
911 2318 1072 2371 notha
1112 2318 1389 2387 rejicitur;
1420 2328 1567 2375 certe
1595 2320 1738 2374 hanc
1768 2335 1855 2377 se-

276 2408 520 2463 cundam
551 2407 839 2477 epistolam
870 2408 1095 2462 minime
1122 2409 1190 2462 ab
1229 2407 1464 2465 Eusebio
1492 2411 1599 2465 dici
1630 2411 1851 2466 notham

275 2506 331 2553 et
378 2498 763 2560 adulterinum,
813 2503 908 2551 aut
948 2511 980 2549 a
1021 2497 1295 2552 veteribus
1339 2498 1720 2567 reprobatam,
1758 2499 1851 2553 sed

273 2591 454 2660 prima
480 2590 664 2643 minus
685 2597 869 2642 notam
895 2596 1058 2658 atque
1080 2588 1134 2643 in
1155 2588 1506 2644 citationibus
1533 2590 1852 2647 aveteribus

271 2682 727 2751 prmtermissam.
754 2681 838 2735 Ab
860 2679 1079 2736 Eusebii
1104 2691 1283 2735 mente
1307 2681 1555 2735 nonnihil
1578 2682 1742 2737 etiam
1773 2698 1853 2738 re-

271 2776 446 2829 cessit
474 2771 818 2843 Nicephorus
862 2771 1072 2826 Callisti
1102 2772 1197 2827 lib.
1226 2786 1308 2835 ιιι,
1346 2786 1395 2826 c.
1428 2772 1517 2836 18,
1548 2772 1638 2828 ubi
1667 2772 1734 2828 de
1759 2788 1853 2828 ea-

275 2864 403 2919 dem
430 2864 512 2918 sic
540 2862 922 2933 loquiturzKa‘t
940 2861 1075 2933 ἄλλη
1088 2861 1144 2917 δὲ
1163 2860 1327 2914 αὑτοῦ
1345 2862 1567 2933 φέρεται
1596 2862 1851 2934 ἐπιστολὴ

270 2956 372 3025 τῆς
404 2955 680 3026 προτέρας
708 2952 849 3007 κατὰ
871 2953 1005 3007 πολὺ
1029 2953 1349 3006 ἀποδέουσα·
1383 2955 1509 3026 περὶ
1538 2948 1605 3025 ἧς
1634 2954 1661 3006 ὁ
1690 2955 1852 3018 αὑτός

270 3061 436 3115 φησιν
451 3044 731 3107 Εὐσέϐιος,
756 3044 829 3116 μὴ
864 3046 923 3097 ὲν
951 3045 1144 3115 ἐπιστή
1155 3060 1229 3117 μῃ
1240 3044 1440 3116 ταύτης
1453 3048 1576 3108 τοὺς
1593 3046 1851 3117 ἀρχαίους

266 3132 432 3189 εἶναι.
458 3134 654 3189 Fertur
675 3146 723 3189 et
741 3136 848 3189 alia
866 3135 979 3204 ejus
1003 3135 1223 3203 epistola
1240 3136 1405 3190 multo
1422 3136 1845 3207 inferiorprima,

266 3230 331 3284 de
365 3247 473 3300 qua
516 3229 645 3282 dicit
680 3229 819 3281 idem
869 3227 1165 3293 Eusebius,
1198 3238 1390 3284 veteres
1442 3230 1557 3299 ejus
1600 3234 1848 3285 notitiam

1975 780 2081 833 qua
2112 766 2179 820 de
2210 782 2270 821 re
2288 768 2413 837 quis
2436 769 2731 826 identidem
2766 773 2981 830 locutus
3005 784 3121 841 est,
3153 777 3200 832 is
3230 792 3443 834 omnem
3473 781 3549 837 do

1974 870 2037 909 ea
2069 856 2373 913 orationem
2402 864 2753 920 contexuisse
2783 868 2915 922 satis
2944 867 3284 923 familiariter
3311 870 3535 928 dicitur.

1970 944 2223 1004 Clemens
2264 964 2391 1006 vero
2421 967 2542 1007 cum
2577 956 2736 1024 epist.
2773 957 2825 1021 1,
2861 974 2916 1014 ιι.
2947 958 3049 1023 21,
3082 958 3172 1025 29,
3203 960 3292 1025 50,
3326 961 3415 1025 58,
3443 961 3537 1027 45,

1970 1038 2061 1103 48,
2087 1041 2177 1106 58,
2209 1050 2321 1097 ιιιιιι
2347 1046 2509 1115 epist.
2545 1047 2611 1113 2,
2640 1066 2693 1104 ιι.
2728 1051 2781 1115 8,
2812 1052 2844 1106 9
2876 1068 2937 1106 ac
2962 1054 3049 1118 12,
3088 1062 3147 1109 ιιι
3180 1064 3386 1111 taceam
3416 1073 3538 1127 qua:

1971 1128 2109 1186 forte
2134 1133 2189 1187 in
2215 1132 2360 1191 foliis
2386 1139 2589 1195 avulsis
2611 1155 2673 1195 ea
2706 1142 2772 1197 de
2801 1159 2860 1197 re
2896 1143 3335 1214 disserebantur,
3383 1151 3536 1218 puri-

1970 1230 2171 1287 tatem,
2222 1230 2601 1284 continentiam
2635 1272 2649 1296 ,
2707 1235 3110 1305 castitatemque
3166 1240 3531 1297 commendat.

1970 1314 2107 1371 Hinc
2146 1326 2199 1373 et
2232 1320 2365 1375 illud
2413 1337 2756 1395 consequens
2796 1334 2895 1392 ut,
2926 1330 2972 1384 si
3006 1328 3341 1400 Epiphanius
3370 1339 3548 1402 atque-

1967 1405 2332 1479 Hieronymus
2381 1428 2487 1466 non
2532 1415 2585 1468 in
2623 1417 2889 1486 epistola,
2924 1421 3019 1475 sed
3051 1422 3107 1475 in
3132 1424 3378 1492 epistolis
3408 1423 3534 1479 Cle»

1964 1497 2163 1552 mentis
2217 1501 2504 1569 puritatem
2553 1506 2869 1576 virginitatis
2907 1510 3089 1564 doceri
3134 1512 3533 1582 prmdicantes,

1964 1593 2250 1659 utramque
2276 1592 2518 1650 indicare
2535 1599 2827 1665 voluerint,
2853 1618 3036 1673 parem
3059 1606 3221 1660 simul
3243 1610 3528 1678 ambabus,

1964 1678 2294 1771 utejusdem
2338 1687 2604 1753 parentis,
2636 1690 2929 1746 tribuerint
2964 1699 3361 1755 auctoritatem.
3409 1701 3531 1771 Ipse

1962 1764 2123 1860 etiam
2150 1768 2305 1824 locus
2332 1811 2346 1833 ,
2394 1788 2552 1841 quem
2591 1777 2645 1830 in
2676 1780 2864 1836 codice
2890 1784 3259 1842 Alexandrino
3286 1764 3526 1860 obtinet,

1961 1856 2015 1910 in
2047 1874 2155 1927 quo
2186 1875 2308 1914 cum
2346 1867 2519 1921 sacris
2551 1869 2834 1941 utriusque
2868 1873 3091 1932 fmderis
3124 1878 3279 1935 libris
3319 1856 3528 1937 nullum

1961 1950 2106 2004 aliud
2152 1968 2287 2023 opus
2327 1968 2521 2027 praeter
2571 1962 2713 2019 hanc
2754 1973 2807 2020 et
2852 1970 3184 2037 superiorem
3235 1971 3527 2029 Clementis

1957 2043 2241 2110 epistolam
2265 2051 2596 2116 continetur,
2634 2062 2917 2128 utramque
2948 2063 3226 2118 nonnullis
3258 2065 3310 2118 in
3338 2065 3527 2122 Eccle-

1957 2133 2054 2189 siis
2080 2136 2220 2192 inter
2241 2154 2425 2196 sacras
2458 2142 2769 2215 Scripturas
2801 2149 3094 2207 admissam
3129 2153 3297 2211 fuisse
3324 2157 3526 2214 indicio

1955 2233 2082 2281 est:
2123 2228 2283 2299 idque
2314 2234 2601 2290 conﬁrmat
2633 2239 2702 2293 84
2747 2256 2843 2296 seu
2885 2245 3110 2300 ultimus
3153 2249 3521 2316 apostolorum

1955 2330 2151 2385 canon,
2175 2325 2265 2390 qui
2285 2325 2499 2393 quidem
2526 2328 2579 2381 in
2608 2332 2853 2402 catalogo
2885 2335 3144 2390 librorum
3168 2336 3304 2393 Novi
3330 2338 3522 2397 Testa-

1954 2411 2121 2463 menti
2152 2411 2290 2469 duas
2319 2416 2613 2474 Clementis
2641 2422 2903 2491 epistolas
2927 2429 3098 2495 ponit.

2025 2498 2115 2557 III.
2156 2502 2214 2557 In
2242 2508 2496 2564 omnibus
2524 2513 2741 2581 quidem
2768 2517 3122 2583 editionibus,
3156 2537 3262 2575 una
3301 2522 3521 2578 Patricii

1951 2590 2608 2676 JuniiexceptaJsutépa
2634 2609 2770 2680 πρὸς
2794 2612 3115 2683 Κορινθίους
3144 2616 3399 2688 ἐπιστολή
3435 2615 3486 2670 in
3505 2648 3520 2658 -

1953 2689 2247 2746 scribitur:
2274 2694 2369 2748 sed
2390 2695 2502 2751 haec
2536 2700 2820 2772 inscriptio
2850 2705 2917 2759 ad
2937 2705 3253 2763 Corinthios
3278 2726 3407 2763 num
3430 2726 3521 2781 ge-

1952 2779 2117 2834 nuina
2150 2790 2244 2836 aut
2276 2785 2631 2846 Alexandrini
2663 2795 2873 2851 codicis
2902 2799 3228 2855 auctoritate
3255 2800 3386 2855 fulta
3421 2779 3516 2865 sit.

1950 2877 2199 2931 nonnulli
2248 2878 2535 2950 dubitant;
2597 2889 2831 2944 maxime
2879 2905 3002 2946 cum
3048 2894 3101 2947 in
3145 2894 3379 2951 Juniana
3405 2899 3522 2953 edi-

1949 2965 2116 3031 tione,
2147 2970 2200 3023 in
2219 2986 2323 3039 qua
2347 2975 2577 3041 primum
2601 2976 2782 3034 Gra‘ce
2804 2983 3024 3052 prodiit,
3055 2986 3199 3041 hunc
3222 3005 3386 3043 untuu
3410 3008 3520 3062 prce

1955 3074 2015 3111 se
2049 3057 2187 3113 ferat
2215 3062 2433 3118 titulum
2459 3106 2473 3129 ,
2510 3066 2888 3139 Fragmentum
2917 3078 3153 3145 epistolw
3179 3057 3425 3137 secunda:—
3453 3101 3519 3138 ex

1948 3147 2125 3244 eodem
2164 3169 2288 3219 ms.,
2320 3171 2421 3211 nec
2446 3157 2745 3227 Eusebius,
2780 3162 3029 3232 Rufinus,
3058 3169 3419 3244 Hieronymus
3451 3192 3514 3230 ac

1949 3236 2289 3310 Nicephorus
2335 3246 2544 3304 Callisti
2585 3252 2652 3307 de
2691 3256 2860 3309 altera
2910 3258 3193 3329 loquentes
3222 3236 3515 3321 Clementis

267 3338 373 3374 non
400 3320 716 3375 habere.Ait
735 3321 935 3391 quippe
951 3319 1221 3377 Eusebius
1237 3338 1356 3376 eam
1372 3324 1647 3379 veteribus
1672 3325 1851 3378 minus
1879 3333 1924 3391 α
1954 3332 2181 3400 epistola
2204 3376 2217 3399 ,
2253 3338 2317 3392 ad
2345 3356 2481 3409 quos
2510 3344 2715 3413 scripta
2764 3347 2835 3401 sit
2878 3319 3143 3407 indicent,
3190 3351 3385 3408 verum
3426 3319 3514 3411 hic;

265 3422 456 3467 notam
482 3414 677 3482 prima,
703 3411 798 3466 sed
830 3428 935 3465 non
955 3414 1037 3467 eis
1057 3427 1283 3483 prorsus
1312 3415 1559 3485 ignotam
1593 3418 1808 3471 scribit.

340 3503 409 3558 Il.
445 3503 545 3558 HIC
579 3504 876 3557 notandum
898 3544 915 3568 ,
944 3520 1009 3559 ex
1041 3506 1296 3561 omnibus
1331 3509 1694 3577 scriptoribus
1718 3524 1843 3563 mox

266 3598 475 3658 citatis,
507 3597 716 3649 nullum
748 3612 895 3660 esse,
927 3598 1019 3667 qui
1050 3598 1264 3653 duabus
1292 3599 1489 3654 litteris
1520 3601 1701 3670 plures
1722 3600 1843 3655 Cle-

264 3688 436 3741 menti
462 3686 708 3739 Romano
734 3687 995 3740 attribuat
1024 3698 1116 3741 aut
1138 3689 1426 3744 attributas
1458 3699 1737 3760 agnoscat.
1764 3690 1838 3745 Ex

263 3796 378 3846 quo
403 3780 660 3849 colligere
691 3786 795 3842 est,
821 3777 1179 3848 Epiphanium
1206 3797 1329 3835 cum
1356 3781 1548 3837 haeres.
1583 3782 1672 3848 27,
1696 3799 1753 3838 ιι.
1782 3783 1838 3849 6,

262 3872 605 3927 Clementem
641 3874 695 3924 in
734 3888 841 3925 una
888 3873 1239 3941 epistolarum
1272 3888 1495 3943 suarum
1537 3878 1703 3943 citat,
1748 3884 1841 3931 aut

262 3981 391 4019 cum
420 3965 551 4018 ιω.
580 3964 670 4025 50,
699 3980 753 4017 ιι.
786 3964 871 4027 15,
900 3963 1083 4017 laudat
1103 3961 1368 4033 Epistolas
1384 3941 1841 4037 .circularequuas

263 4055 433 4121 (idem
466 4052 733 4123 pontifex)
759 4053 1003 4121 scripsit,
1033 4069 1248 4122 qumque
1281 4053 1333 4106 in
1374 4055 1571 4106 sanctis
1591 4052 1837 4108 Ecclesiis

262 4144 538 4212 teguntur,
572 4150 623 4196 ct
656 4143 709 4196 in
736 4144 933 4212 quibus
962 4144 1324 4211 virginitatem
1354 4144 1531 4208 docet,
1566 4160 1674 4199 non
1703 4146 1837 4200 alias

262 4237 345 4286 vel
399 4250 427 4285 a
476 4236 756 4302 prtemissa
796 4235 875 4288 vel
917 4250 946 4288 a
985 4244 1247 4305 sequente
1284 4251 1604 4291 memorare.
1639 4237 1703 4290 Et
1732 4238 1836 4291 hoc

259 4326 488 4394 quidem
530 4340 594 4377 eo
623 4333 706 4379 est
732 4326 1088 4395 probabilius,
1124 4327 1271 4396 quod
1314 4343 1439 4381 cum
1473 4328 1835 4399 Hieronymus

260 4417 382 4470 Lib.
417 4415 482 4469 de
522 4417 705 4484 script.
739 4417 865 4470 eccl.
899 4424 1111 4471 tantum
1148 4419 1285 4473 duas
1314 4418 1605 4475 Clementis
1630 4421 1834 4490 episto-

259 4510 341 4563 las
370 4512 673 4571 recenseat,
705 4523 800 4563 eas
849 4509 1018 4578 ipsas,
1046 4525 1184 4579 quas
1225 4510 1560 4580 Epiphanius
1590 4513 1835 4583 proxime

258 4600 528 4657 laudavit,
566 4600 660 4654 lib.
695 4618 711 4655 ι
742 4600 1007 4655 Adversus
1057 4600 1403 4656 Jovinianum
1449 4605 1831 4660 commendare

257 4711 368 4748 non
414 4694 698 4747 dubitatur
737 4695 825 4748 his
868 4695 1090 4749 verbis:
1140 4695 1222 4747 Ad
1267 4695 1358 4748 hos
1402 4697 1725 4764 (eunuchosl
1780 4710 1829 4755 et

256 4788 502 4841 Clemens
532 4804 803 4841 successor
835 4789 1059 4856 apostoli
1091 4790 1261 4855 Petri,
1284 4792 1435 4859 cujus
1468 4791 1671 4846 Paulus
1702 4810 1831 4862 apo-

254 4882 429 4934 stolus
458 4880 718 4941 meminit,
751 4880 937 4933 scribit
976 4882 1254 4949 epistolas,
1297 4900 1599 4953 omnemque
1631 4902 1830 4941 sermo-

255 4991 371 5027 nem
403 4988 561 5026 suum
590 4970 654 5025 de
684 4969 1003 5041 virginitatis
1023 4975 1253 5041 puritate
1288 4977 1570 5029 contexuit.
1611 4975 1675 5029 Et
1701 4993 1830 5032 vero

251 5064 386 5134 quis
433 5061 624 5115 credat
666 5060 1058 5132 Hieronymum
1107 5078 1252 5116 anno
1301 5063 1406 5117 592
1451 5066 1504 5117 in
1555 5064 1718 5119 Libro
1764 5067 1828 5121 de

250 5154 443 5222 script.
495 5153 623 5210 eccl.
664 5154 718 5207 in
751 5169 862 5224 quo
907 5154 1033 5209 data
1059 5171 1221 5225 Opera
1252 5158 1491 5212 virorum
1531 5161 1826 5233 insignium

249 5244 465 5313 scripta
495 5252 777 5311 recenset,
809 5252 1019 5299 tantum
1051 5247 1281 5300 duarum
1312 5251 1664 5318 epistolarum
1707 5255 1827 5308 Cle-

250 5336 459 5390 mentis
482 5336 815 5390 intentionem
848 5336 1018 5392 fuisse
1049 5337 1343 5402 facturmn,
1380 5343 1425 5395 si
1449 5344 1517 5395 ab
1549 5359 1695 5398 anno
1722 5347 1826 5400 584

250 5433 452 5480 contra
484 5424 788 5481 Helvidium
819 5428 1065 5483 scribens
1092 5430 1226 5484 alias
1258 5432 1326 5484 ab
1364 5433 1450 5485 his
1475 5435 1689 5489 duabus
1712 5438 1823 5505 jam

253 5524 467 5573 nosset.
496 5515 651 5581 Quod
679 5520 725 5571 si
758 5520 937 5573 nullas
970 5521 1108 5575 alias
1142 5524 1322 5587 novit,
1372 5526 1463 5578 ubi
1489 5526 1822 5583 Clementem

250 5611 391 5664 dicit
418 5625 634 5664 omnem
666 5626 970 5666 sermonem
1006 5629 1164 5668 suum
1210 5615 1277 5671 de
1316 5618 1637 5687 virginitatis
1676 5624 1824 5689 puri-

252 5712 365 5755 tate
398 5701 766 5767 eontexuissc,
832 5704 1184 5774 hyperbolico
1230 5710 1479 5779 quidem,
1515 5712 1608 5767 sed
1641 5721 1820 5772 tamen

1946 3426 2258 3493 scrupulus,
2294 3444 2357 3484 ex
2394 3431 2729 3504 indiligentia
2755 3438 2874 3508 ejus
2923 3440 3178 3509 injectus,
3207 3445 3298 3514 qui
3325 3448 3514 3515 primae

1944 3512 2239 3574 Clementis
2292 3522 2535 3590 epistola:
2582 3540 2611 3579 a
2662 3526 2822 3583 Junio
2872 3530 3031 3585 edita:
3086 3512 3341 3589 alteram—
3371 3537 3512 3591 hanc

1943 3607 2150 3662 omisso
2178 3610 2299 3678 ejus
2332 3614 2489 3667 titulo
2520 3616 2834 3681 subnexuit,
2880 3619 3038 3675 facile
3065 3623 3343 3680 eximitur.
3374 3625 3509 3679 Nam

1943 3712 2066 3751 cum
2090 3699 2491 3759 Alexandrinus
2519 3708 2688 3762 codex
2718 3710 2959 3763 omnium
2990 3714 3319 3783 scriptorum
3344 3757 3358 3779 ,
3390 3736 3511 3788 qua:

1942 3788 1997 3843 in
2029 3804 2094 3843 eo
2124 3795 2498 3861 continentur,
2534 3801 2840 3867 generalem
2882 3817 2990 3871 prae
3021 3819 3080 3858 se
3108 3803 3247 3859 ferat
3275 3808 3508 3865 indicem

1941 3878 2129 3935 eadem
2160 3896 2346 3945 manu,
2379 3899 2484 3952 qua
2515 3894 2660 3942 totus
2702 3890 2872 3943 codex
2906 3892 3145 3965 scriptus
3169 3903 3273 3959 est,
3317 3913 3509 3952 exara-

1940 3976 2089 4036 tum;
2123 3969 2237 4024 lnrc
2267 3970 2437 4026 altera
2467 3975 2695 4043 epistola
2727 3993 2834 4029 non
2873 3980 3048 4032 solum
3082 3981 3135 4033 in
3164 3981 3265 4036 hoc
3292 3984 3470 4039 indice
3489 4026 3504 4049 ,

1942 4060 2039 4115 sed
2068 4061 2228 4117 etiam
2257 4063 2310 4117 in
2331 4064 2504 4133 ipsius
2535 4065 2713 4121 fronte
2744 4069 2999 4142 ἐπιστολὴ
3030 4072 3167 4143 πρὸς
3187 4074 3506 4145 Κορινθίους

1940 4161 2296 4221 ριτειιοιιιιιιι.
2339 4155 2525 4226 Neque
2566 4160 2741 4214 codici
2774 4161 2902 4215 huic
2943 4161 3288 4233 refragantur
3333 4164 3506 4221 Euse-

1935 4241 2088 4305 bius,
2141 4240 2371 4299 Ruﬁnus
2394 4285 2407 4309 ,
2442 4245 2803 4319 Hieronymus
2851 4257 2943 4303 aut
2973 4249 3331 4321 Nicephorus.
3366 4251 3508 4306 Dum

1937 4335 2101 4399 enim,
2127 4344 2424 4390 memorata
2466 4336 2762 4394 Clementis
2808 4339 2877 4393 ad
2913 4341 3224 4396 Corinthios
3272 4343 3502 4412 epistola

1936 4426 2133 4494 prima,
2168 4427 2413 4495 proxime
2448 4430 2747 4498 subjiciunt
2782 4448 2795 4482 :
2832 4429 3028 4484 Fertur
3073 4441 3124 4485 et
3164 4434 3367 4491 altera,
3400 4447 3501 4487 nec

1937 4515 2003 4568 ad
2030 4516 2168 4571 alios
2198 4518 2340 4572 hanc
2379 4520 2605 4574 alteram
2647 4523 2902 4590 scriptam
2929 4537 3050 4578 esse
3089 4522 3412 4593 designant,
3445 4532 3500 4579 οῖ.

1937 4607 2077 4662 hanc
2104 4608 2171 4662 ad
2195 4611 2411 4665 eosdem
2445 4612 2700 4681 scriptam
2728 4621 3021 4667 censentur
3053 4614 3370 4685 intelligere.
3391 4619 3501 4670 Aut

1933 4707 2099 4763 certe,
2126 4701 2170 4754 si
2201 4701 2267 4754 ad
2299 4702 2435 4757 alios
2466 4704 2722 4772 scriptam
2755 4716 2998 4768 nossent,
3025 4694 3137 4761 hmo
3162 4707 3376 4761 illorum
3407 4725 3493 4763 re-

1932 4790 2153 4845 ticentia
2186 4794 2379 4847 merito
2412 4796 2750 4864 negligentia:
2770 4796 3102 4865 culparetur.
3135 4797 3240 4853 Sed
3271 4807 3324 4854 et
3354 4798 3498 4854 Pho-

1933 4883 2062 4945 tius,
2096 4885 2187 4953 qui
2215 4886 2435 4955 aliquod
2478 4887 2667 4941 saltem
2717 4888 2959 4956 epistola:
3005 4889 3169 4958 hujus
3220 4894 3511 4961 exemplar.

1930 4990 2181 5044 penes‘se
2211 4977 2419 5042 habuit,
2453 4988 2503 5033 et
2537 4978 2937 5044 Damascenus,
2969 4982 3063 5050 qui
3095 4998 3260 5036 unum
3284 4990 3337 5037 et
3358 4986 3493 5037 alte-

1930 5084 2049 5121 rum
2068 5069 2225 5123 nobis
2245 5070 2603 5141 fragmentum
2621 5071 2768 5127 illius
2795 5073 3121 5144 transmisit,
3136 5074 3264 5127 dum
3284 5089 3401 5127 eam
3424 5074 3490 5125 ad
3508 5128 3515 5131 .

1931 5160 2241 5217 Corinthios
2257 5163 2515 5231 scriptam
2546 5163 2768 5219 disertis
2794 5165 2975 5221 verbis
3004 5167 3248 5227 tradunt,
3274 5166 3325 5219 id
3346 5167 3488 5235 quod

1931 5254 3484 5323 perseinnuuntEusebii,Rulini,etc.,verba,conlirmant.
3518 5312 3523 5315 ,

1999 5344 2088 5401 IV.
2141 5345 2271 5398 Eam
2302 5346 2654 5401 nihilominus
2691 5347 2936 5400 nonnulli
2971 5345 3360 5415 suppositionis
3388 5361 3482 5399 su—

1930 5447 2168 5508 spcctam
2199 5438 2434 5501 habent,
2464 5439 2623 5508 idque
2650 5440 2969 5493 nominatim
2995 5439 3155 5494 Joan.
3184 5438 3314 5493 Ern.
3345 5436 3485 5492 Gra-

1929 5532 2052 5587 bius
2103 5530 2286 5599 Spicil.
2329 5531 2481 5585 Patr.
2516 5539 2556 5587 t.
2594 5533 2635 5599 l,
2668 5549 2789 5603 pag.
2834 5532 2968 5597 265,
3021 5532 3210 5586 confici
3239 5538 3393 5601 putat
3420 5548 3493 5588 et

1927 5625 2107 5679 verbis
2138 5623 2379 5695 Dionysii
2409 5623 2815 5678 Corinthiorum
2846 5623 3087 5693 episc0pi
3137 5623 3277 5692 apud
3317 5621 3487 5677 Eusc-

1926 5717 2073 5771 bium
2100 5715 2195 5770 lib.
2232 5729 2307 5779 ιν.
2340 5730 2387 5772 c.
2420 5714 2510 5776 23.
2547 5714 2613 5769 ad
2645 5713 2942 5769 Romanam
2975 5712 3270 5770 Ecclesium
3304 5711 3381 5767 sic
3403 5726 3484 5765 re-
