3936 6172
465 332 536 388 83
1565 334 1653 388 ΑΙ)
1695 333 1750 390 S.
1791 333 2215 389 CLEMENTEM
2255 334 2274 388 l
2313 334 2543 391 ΡᾹΡΑΜ
3620 333 3686 387 84

461 450 752 506 scribentis
786 443 1011 506 {Hodie
1051 467 1261 506 sacrum
1295 451 1432 507 diem
1475 450 1804 505 Dominicum
1849 460 2026 504 trans-
2050 452 2102 512 Α
2129 464 2258 503 num
2300 448 2368 504 de
2405 449 2515 504 illis
2536 447 2799 519 judicium
2827 447 2956 504 ferri
2978 453 3180 520 posset.
3214 447 3418 504 Deinde
3442 447 3685 520 primane

459 543 681 612 egimus,
710 542 764 594 in
787 556 887 611 quo
915 542 1190 611 epistolam
1213 554 1439 598 vestram
1465 544 1705 614 legimus;
1727 560 1884 614 quam
1905 543 2023 613 qui-

457 633 574 687 dent
598 641 842 702 perpetuo
863 633 1097 703 deinceps
1125 635 1364 706 legentes,
1389 635 1600 706 perinde
1621 645 1774 706 atque
1794 638 2022 707 priorem

457 723 608 778 illam
640 723 790 778 nobis
819 742 852 778 a
889 723 1148 781 Clemente
1174 728 1460 797 scriptam,
1493 729 1705 798 optimis
1745 726 2020 798 prwceptis

458 831 519 867 ac
544 813 868 869 documentis
895 815 1300 872 abundabimus.
1334 817 1618 884 Quomodo
1645 826 1821 872 tamen
1845 832 1909 871 ex
1935 817 2019 872 his

455 903 638 959 verbis
666 904 718 958 id
745 904 891 974 quod
914 907 1027 959 vult
1055 906 1396 968 conficiatur,
1423 922 1530 962 non
1553 914 1636 962 est
1658 907 2015 976 exploratum.

457 993 571 1050 Hoc
599 1011 767 1050 unum
799 1013 865 1051 ex
905 998 974 1051 iis
1001 997 1292 1051 conficitur
1313 1039 1327 1062 ,
1361 999 1587 1068 primam
1622 998 1874 1053 videlicet
1895 997 2006 1052 Cleo

455 1089 658 1144 mentis
687 1089 992 1158 epistolam,
1023 1105 1132 1144 non
1153 1091 1277 1146 item
1309 1091 1449 1146 hanc
1479 1092 1702 1146 alteram
1723 1129 1737 1154 ,
1767 1089 2015 1144 Corinthi

454 1176 670 1246 publice
701 1178 804 1246 legi
827 1181 1182 1234 consuevisse
1208 1199 1220 1233 :
1248 1189 1302 1233 at
1324 1189 1383 1234 ut
1414 1181 1528 1234 haec
1549 1181 1718 1234 altera
1749 1178 1884 1234 falsa
1919 1179 2010 1241 sit,

453 1265 581 1322 inde
606 1284 714 1323 non
741 1277 826 1323 est
849 1284 1207 1338 consequens.
1245 1271 1325 1324 An
1356 1271 1409 1326 id
1445 1272 1614 1326 moris
1637 1280 1765 1324 tunc
1789 1277 1924 1332 erat,
1959 1277 2017 1322 ut

451 1373 644 1414 omnes
675 1375 782 1414 non
813 1362 1182 1430 apostolorum
1208 1369 1413 1415 tantum
1433 1402 1446 1425 ,
1481 1361 1575 1416 sed
1612 1368 1666 1415 et
1692 1359 2020 1430 apostolico-

451 1463 574 1502 rum
595 1449 836 1504 virorum
867 1451 1110 1519 epistola:
1140 1451 1194 1504 in
1224 1452 1458 1521 publicis
1482 1451 1846 1505 Ecclesiarum
1883 1463 2009 1502 con-

450 1540 702 1596 ventibus
755 1541 1092 1611 legerentur;
1137 1543 1366 1612 ideoque
1431 1541 1552 1596 falsi
1613 1541 1887 1612 arguenda
1945 1541 2015 1595 sit

451 1634 622 1688 altera
663 1633 962 1688 Clementis
1013 1635 1276 1703 epistola,
1323 1634 1468 1704 quod
1517 1635 1572 1688 in
1626 1635 1734 1688 illis
1785 1649 2014 1689 conven-

449 1725 597 1779 tibus
647 1723 867 1778 minime
903 1725 1044 1778 lecta
1092 1724 1297 1780 fuerit?
1339 1725 1500 1780 Certe
1545 1725 1592 1780 si
1650 1725 1854 1778 valeret
1911 1725 2011 1778 hu-

441 1817 684 1887 jusmodi
735 1827 1151 1890 argumentum,
1202 1818 1290 1872 vix
1344 1817 1720 1887 ambigendum
1762 1816 2005 1880 videtur,

446 1910 578 1977 quin
597 1924 669 1964 eo
700 1907 990 1973 Eusebius,
1024 1908 1386 1979 Hieronymus
1424 1923 1488 1962 ac
1517 1907 1744 1963 Photius
1779 1907 1847 1962 ad
1888 1909 2006 1976 epi-

445 2001 638 2055 stolam
670 2001 826 2056 istam
857 2001 1206 2070 rejiciendam
1233 2000 1314 2055 usi
1347 2008 1550 2056 essent.
1583 1999 1796 2053 Certius
1829 2006 2006 2052 autem

443 2107 512 2147 ex
540 2091 640 2145 hac
668 2091 1006 2161 disparitate,
1041 2107 1146 2161 qua
1174 2091 1400 2161 primam
1436 2090 1489 2143 in
1519 2088 1766 2144 ecclesiis
1790 2090 2004 2152 lectam,

443 2184 668 2238 alteram
700 2200 808 2238 non
835 2184 1029 2238 lectam
1075 2184 1336 2238 docemur
1357 2222 1371 2245 ,
1422 2181 1717 2251 percipitur
1741 2181 1879 2234 ratio
1908 2195 2008 2234 cur

443 2275 617 2345 prima
643 2275 822 2328 notior
857 2289 920 2327 ac
950 2272 1221 2328 celebrior
1245 2273 1412 2325 altera
1439 2271 1692 2325 evaserit.

513 2361 578 2418 ν.
616 2362 779 2416 Addit
807 2361 1039 2416 Grabius
1071 2362 1460 2431 suppositionis
1508 2361 1609 2414 sibi
1640 2359 2004 2428 suspicionem

440 2458 628 2527 augeri
659 2473 722 2511 ex
758 2458 876 2512 loco
907 2455 1188 2525 cujusdam
1237 2455 1359 2509 libri
1396 2454 1688 2524 apocryphi
1711 2494 1723 2516 ,
1757 2453 1848 2522 qui
1880 2465 2004 2505 cum

439 2549 598 2618 epist.
633 2549 684 2611 1,
727 2564 759 2601 n
805 2548 896 2611 25,
932 2549 1004 2603 sit
1036 2549 1306 2608 laudatus,
1350 2547 1403 2600 in
1435 2547 1533 2598 hac
1563 2545 1790 2615 epistola
1823 2561 1878 2597 n.
1915 2545 2001 2609 Η,

437 2639 636 2694 iterum
684 2639 921 2704 citatur;
961 2639 1116 2706 quasi
1164 2638 1389 2707 repetita
1434 2637 1676 2705 ejusdem
1721 2636 2004 2688 sentcntiae

436 2731 625 2785 citatio
651 2729 843 2784 idonea
877 2731 948 2785 sit
981 2730 1100 2784 falsi
1132 2728 1442 2798 suspicandi
1477 2743 1662 2782 causa.
1697 2726 1802 2782 Sed
1833 2743 2000 2780 unum

434 2822 795 2894 eumdemque
825 2824 1025 2887 locum,
1059 2823 1150 2876 ubi
1181 2837 1301 2876 sese
1331 2820 1486 2875 offert
1516 2821 1766 2882 occasio,
1802 2820 1870 2874 ab
1903 2834 1995 2874 eo-

433 2918 559 2975 dem
602 2919 869 2988 scriptore
899 2919 952 2972 in
983 2919 1171 2972 eodem
1196 2933 1379 2986 opere,
1410 2926 1615 2987 quanto
1639 2917 1808 2985 magis
1839 2917 1893 2970 in
1917 2916 2000 2969 di-

431 3013 630 3075 versis,
665 3011 858 3065 iterato
898 3011 1057 3065 citari
1096 3011 1226 3080 quid
1267 3011 1502 3064 mirum?
1531 3008 1648 3076 Quo
1689 3009 1851 3063 etiam
1884 3009 1998 3063 sin-

432 3101 675 3171 gularior
699 3109 784 3155 est
807 3101 1077 3156 sententia
1107 3101 1302 3154 iterum
1345 3102 1574 3170 prolata,
1610 3116 1676 3156 eo
1712 3101 1888 3170 aptior
1915 3109 1997 3156 est
2027 3117 2068 3174 ο

431 3188 497 3242 ad
522 3189 958 3259 persuadendum
979 3229 994 3253 ,
1036 3189 1293 3259 epistolas
1336 3190 1388 3241 in
1421 3189 1618 3258 quibus
1653 3191 1856 3259 pariter
1883 3190 2001 3242 lau-

429 3277 614 3342 datur,
636 3278 704 3332 ab
731 3293 840 3332 uno
867 3286 1092 3332 auctore
1117 3278 1406 3347 proficisci.
1424 3279 1528 3330 Aut
1559 3278 1604 3331 si
1633 3279 1744 3331 lucc
1778 3286 2000 3332 senten-

429 3368 524 3432 tia,
545 3368 748 3438 quiaex
778 3368 917 3422 libro
939 3368 1121 3436 aliquo
1145 3367 1455 3436 apocrypho
1472 3375 1722 3436 excerpta
1743 3351 1845 3429 est,
1869 3383 1996 3422 sus-

427 3469 638 3528 pectam
666 3457 842 3513 reddit
868 3457 1194 3524 secundani;
1217 3475 1314 3511 cur
1336 3473 1441 3511 non
1469 3458 1996 3528 reddatctpritnam?

502 3547 586 3601 Vl.
619 3545 763 3602 Idem
787 3548 1075 3602 dicendum
1098 3557 1151 3602 et
1175 3549 1240 3602 de
1267 3564 1497 3602 censura
1527 3548 1725 3614 Photii,
1755 3550 1845 3620 qui
1869 3551 1993 3620 qui-

427 3637 551 3693 dem
583 3641 675 3695 ubi
718 3641 1009 3708 praemisit,
1041 3639 1230 3693 Lectus
1261 3649 1337 3692 est
1369 3639 1575 3693 libellus
1596 3682 1610 3703 ,
1644 3641 1697 3693 in
1733 3659 1833 3711 quo
1875 3641 1995 3696 Cle-

425 3730 617 3782 mentis
640 3731 877 3798 epistola:
906 3730 1024 3784 dua:
1056 3730 1124 3782 ad
1152 3729 1453 3784 Corinthios
1481 3734 1898 3794 continebantur,
1931 3749 1994 3788 ac

425 3817 494 3872 de
518 3819 693 3888 prima
732 3821 864 3889 quid
904 3821 1133 3876 sentiret
1161 3821 1250 3873 tibi
1278 3823 1549 3889 exposuit,
1576 3823 1794 3891 subjicit
1819 3825 1885 3877 de
1914 3824 1993 3876 al-

423 3917 540 3962 tera
571 3928 583 3964 :
620 3909 864 3966 Secunda
909 3929 1026 3966 vero
1060 3921 1108 3965 et
1138 3913 1255 3978 ipsa
1299 3911 1712 3966 admonitionem
1757 3914 1990 3968 melioris

422 4001 544 4055 uitta
576 4001 798 4066 inducit,
826 4012 980 4071 atque
1012 4004 1066 4055 in
1092 4003 1344 4070 principio
1376 3999 1642 4056 Christum
1665 4003 1832 4057 Deum
1860 4021 1994 4072 prw-

420 4093 586 4147 dicat.
629 4094 820 4148 Verum
843 4094 987 4148 dicta
1015 4095 1257 4166 quwdam
1299 4098 1572 4166 peregrina
1602 4096 1737 4149 velut
1773 4114 1800 4150 e
1833 4114 1990 4152 sacra

419 4185 702 4255 Scriptura
730 4185 1062 4249 subinducit,
1096 4187 1282 4255 quibus
1316 4206 1376 4241 ne
1412 4189 1584 4258 prima
1627 4189 1834 4259 quidem
1881 4192 1989 4258 epi-

419 4279 560 4332 stola
582 4278 794 4332 omnino
824 4287 994 4332 uacat.
1040 4277 1108 4331 Et
1150 4281 1600 4347 interpretationes
1640 4281 1986 4346 quorumdam

419 4368 652 4421 locorum
703 4365 985 4419 alieniores
1027 4367 1247 4434 profert.
1279 4367 1356 4422 Ac
1385 4369 1601 4423 demum
1641 4369 1707 4425 de
1754 4381 1986 4443 utraque

2126 555 2194 594 an
2223 539 2463 595 secunda
2505 540 2800 596 Clementis
2847 541 3076 612 epistola
3123 540 3198 596 ibi
3244 540 3531 603 laudetur,
3581 558 3685 595 non

2123 643 2358 689 constat.
2391 632 2649 689 Usserius
2674 633 2894 704 quidem
2933 633 3155 688 dissert.
3184 631 3252 688 de
3280 633 3500 702 scriptis
3535 631 3690 702 lgna-

2122 721 2182 774 tii
2212 737 2331 792 cap.
2366 722 2453 786 10,
2488 721 2926 792 pseudo-Justini
2956 723 3139 777 verbis
3167 722 3459 777 secundam
3481 723 3688 792 episto—

2123 811 2225 865 lam
2257 814 2544 867 memorari
2570 819 2757 882 putat;
2787 811 2881 867 sed
2911 812 3225 868 Blondcllus
3256 812 3348 867 lib.
3380 811 3492 865 iDe
3515 807 3689 876 Sibyl-

2121 901 2207 965 lis,
2239 916 2290 955 c.
2318 901 2410 965 20,
2442 902 2520 956 sic
2550 903 2736 957 eadem
2756 900 2959 956 Gallice
2978 901 3158 965 vertit,
3183 900 3342 970 quasi
3376 900 3606 969 primam
3637 901 3690 950 in

2119 992 2200 1046 eis
2233 993 2454 1046 citatam
2497 993 2736 1063 legisset.
2776 992 2960 1047 Tertio
3001 1008 3103 1046 nec
3145 993 3299 1048 deest
3330 993 3646 1059 coniectura
3671 1027 3686 1048 .

2121 1082 2298 1136 locum
2322 1084 2493 1148 illum,
2525 1100 2682 1154 quem
2714 1082 3197 1154 pseudo-Justinus
3228 1084 3580 1155 perstringit,
3615 1083 3683 1138 ad

2118 1188 2238 1226 eum
2276 1175 2575 1243 pertinere,
2617 1189 2776 1243 quem
2822 1175 3056 1230 lrenxus
3092 1175 3184 1230 lib.
3225 1190 3285 1229 Ill
3331 1175 3464 1229 Adv.
3524 1174 3680 1236 luem,

2117 1280 2168 1319 c.
2199 1266 2253 1328 ’5,
2287 1266 2513 1320 velutex
2541 1266 2713 1334 prima
2741 1265 2970 1334 epistola
3015 1267 3184 1332 citat,
3221 1267 3312 1320 ubi
3345 1267 3682 1320 Clementem

2117 1356 2185 1410 de
2213 1357 2344 1425 igne,
2367 1372 2517 1426 quem
2547 1355 2684 1409 Deus
2716 1355 2932 1410 diabolo
2961 1366 3010 1410 et
3041 1357 3239 1426 angelis
3264 1357 3382 1426 ejus
3405 1375 3682 1429 pra'para-

2117 1448 2210 1509 vit,
2258 1462 2562 1502 sermonem
2609 1447 2868 1502 habuisse
2919 1456 3171 1504 testatur.
3209 1449 3363 1515 Quod
3389 1452 3432 1504 si
3461 1452 3532 1504 ita
3572 1459 3679 1514 est,

2116 1538 2250 1590 nihil
2276 1537 2446 1591 officit
2473 1538 2715 1608 epistolae
2744 1539 2997 1592 secunda:
3029 1542 3261 1596 veritati.
3313 1541 3553 1611 Denique
3591 1557 3684 1596 ar-

2115 1639 2426 1699 gumentum
2452 1645 2516 1683 ex
2555 1628 2774 1698 Sibyllae
2808 1630 3082 1684 mentione
3107 1633 3365 1700 petitum,
3409 1634 3564 1689 valde
3595 1634 3682 1688 in—

2116 1722 2329 1775 firmum
2359 1735 2480 1776 esse
2509 1719 2816 1774 Cotelerius
2845 1721 3058 1774 erudite
3081 1724 3340 1777 ostendit.

2187 1810 2316 1866 VIII.
2364 1809 2494 1865 Item
2541 1811 2623 1863 vir
2664 1811 3002 1867 clarissimus
3041 1815 3176 1867 nihil
3209 1816 3428 1869 obstare
3455 1827 3679 1883 censet,

2112 1904 2402 1973 quominus
2459 1910 2515 1958 et
2563 1903 2677 1957 haec
2733 1906 2971 1959 secunda
3025 1907 3252 1976 epistola
3305 1925 3403 1978 pro
3441 1911 3682 1978 genuino

2109 1995 2406 2050 Clementis
2456 1997 2567 2050 fetu
2595 1998 2879 2052 habeatur.
2906 1997 3260 2068 lllamprima:
3292 1999 3594 2054 subnexam
3625 2009 3682 2054 et

2109 2085 2404 2142 Clementis
2447 2090 2666 2144 nomine
2708 2090 3022 2160 insignitam
3067 2091 3285 2146 exhibet
3332 2101 3681 2161 pcrvetustus

2108 2181 2278 2235 codex
2309 2179 2708 2237 Alexandrinus
2733 2223 2748 2248 ,
2785 2182 2839 2235 in
2868 2197 2976 2252 quo
3006 2182 3155 2236 nulla
3186 2183 3462 2238 Clemente
3495 2195 3680 2254 poste-

2108 2271 2251 2323 riora
2295 2271 2496 2339 scripta
2524 2271 2894 2326 continentur.
2944 2269 3132 2326 Eidem
3165 2271 3534 2342 suffragantur
3567 2291 3679 2330 non

2107 2359 2268 2414 modo
2296 2359 2542 2420 Pliotius,
2571 2362 2659 2429 qui
2686 2361 2917 2415 similem
2954 2376 3120 2430 penes
3149 2377 3208 2417 se
3236 2363 3462 2425 habuit,
3495 2366 3590 2419 sed
3622 2375 3681 2420 et

2106 2452 2330 2506 ultimus
2379 2453 2746 2522 apostolorum
2777 2468 2988 2518 canon,
3027 2454 3118 2523 qui
3175 2455 3474 2509 secundam
3527 2456 3677 2511 illam

2104 2545 2386 2612 epistolam
2408 2560 2515 2597 non
2541 2559 2698 2599 secus
2727 2560 2790 2597 ac
2810 2546 3038 2614 primam
3061 2545 3306 2615 proxime
3338 2556 3462 2616 post
3486 2562 3681 2603 sacros

2105 2634 2274 2688 libros
2298 2644 2560 2691 recenset.
2598 2634 2893 2705 Utriusque
2924 2636 3087 2690 etiam
3123 2638 3508 2707 cognationem
3542 2653 3679 2708 pro-

2103 2724 2234 2778 bant
2261 2727 2560 2794 peculiares
2589 2726 2806 2796 quidam
2843 2728 2944 2781 loci
2993 2744 3060 2782 ex
3107 2729 3467 2801 apocryphis,
3499 2737 3561 2783 ut
3591 2730 3678 2784 vi-

2103 2816 2293 2882 detur,
2325 2818 2590 2886 expressi.
2640 2817 2789 2872 Alios
2839 2819 2996 2872 mitto
3042 2821 3340 2890 scriptores
3365 2861 3379 2885 ,
3420 2821 3513 2892 qui
3549 2836 3678 2876 eam

2101 2907 2395 2962 Clementis
2419 2909 2636 2963 nomine
2661 2911 2968 2966 laudarunt.
2994 2911 3226 2966 Tantum
3246 2914 3498 2975 observo,
3525 2915 3677 2984 apud

2102 3001 2430 3056 Dorotheum
2462 3003 2709 3058 abbatem
2732 3047 2746 3070 ,
2781 3007 2871 3074 qui
2899 3007 3039 3060 inter
3069 3009 3190 3062 illos
3221 3010 3414 3062 merito
3445 3017 3678 3078 propter

2101 3092 2470 3146 testimonium
2501 3108 2565 3146 ex
2588 3108 2645 3147 ea
2677 3095 2944 3162 prolatum
2979 3111 3043 3149 ac
3080 3097 3350 3150 Doctrina:
3383 3098 3453 3151 25
3488 3097 3669 3152 inser-

2102 3192 2214 3235 tum
2241 3181 2592 3251 appellandus
2622 3189 2774 3245 erat,
2811 3183 2863 3236 in
2899 3182 3146 3238 Bibliotlt.
3185 3183 3407 3239 Patrum
3435 3186 3674 3242 Climaei

2100 3271 2220 3326 loco
2249 3271 2542 3326 Clementis
2572 3287 2768 3327 nomen
2802 3291 2897 3343 per
2935 3276 3280 3330 oscitantiam
3313 3278 3670 3332 librariorum

2100 3364 2408 3433 irrepsisse.
2453 3364 2532 3418 Ad
2584 3381 2685 3420 nos
2728 3365 2874 3434 quod
2926 3367 3150 3434 attinet,
3197 3369 3482 3437 epistolam
3515 3379 3676 3424 tanto

2099 3466 2401 3526 temporum
2437 3466 2613 3512 tractu
2641 3476 2763 3513 cutn
2794 3461 2966 3528 prima
2996 3460 3342 3529 conjunctam
3373 3477 3631 3530 separare
3652 3503 3669 3523 ,

2097 3556 2189 3600 aut
2212 3564 2409 3602 nomen
2433 3549 2574 3618 quod
2602 3566 2669 3605 ex
2698 3552 2846 3604 omni
2870 3549 3148 3603 hominum
3179 3554 3438 3605 memoria
3474 3568 3587 3622 prae
3611 3570 3673 3608 se

2098 3637 2221 3703 l‘ert,
2249 3641 2296 3694 ei
2329 3640 2646 3708 abjudicare
2675 3642 2924 3712 religioni
2969 3642 3129 3697 nobis
3157 3653 3260 3697 est.
3295 3642 3445 3696 Illam
3478 3645 3626 3714 piam
3651 3686 3668 3709 ,

2095 3732 2282 3786 utilem
2315 3741 2369 3786 et
2397 3731 2676 3787 Clemente
2716 3749 2825 3787 non
2851 3733 3130 3803 indignam
3155 3749 3277 3789 esse
3307 3751 3486 3805 neque
3514 3737 3619 3806 ipsi
3649 3779 3666 3799 ,

2093 3823 2184 3893 qui
2216 3839 2332 3878 eam
2364 3825 2755 3894 suppositionis
2786 3825 3152 3894 suspicantur,
3177 3834 3399 3897 negant.
3434 3826 3669 3884 Deside-

2093 3914 2324 3967 randum
2353 3922 2518 3976 esset,
2550 3923 2609 3967 ut
2639 3914 2901 3982 integrior
2928 3913 2993 3966 ad
3031 3929 3132 3969 nos
3158 3915 3518 3983 pervenisset.

2163 4005 2249 4059 IX.
2285 4004 2394 4060 Nec
2423 4005 2626 4059 morari
2658 4020 2758 4059 nos
2788 4005 2948 4059 debet
2991 4005 3177 4074 opinio
3202 4021 3422 4070 eorum,
3461 4007 3671 4076 quibus

2091 4096 2725 4153 Grabiusincunctanter
2751 4097 3065 4161 subscribit,
3098 4097 3213 4167 qui,
3247 4107 3472 4168 propter
3499 4115 3669 4154 exor-

2089 4189 2259 4250 dium,
2288 4189 2342 4240 in
2380 4203 2490 4257 quo
2521 4187 2777 4242 salutatio
2804 4203 2926 4242 cum
2955 4203 3115 4257 prece
3145 4189 3438 4257 conjuncta
3465 4199 3668 4245 contra

2089 4279 2456 4348 apostolorum
2489 4286 2650 4346 atque
2695 4277 2866 4346 ipsius
2902 4275 3200 4332 Clementis
3228 4293 3436 4332 morem
3465 4279 3665 4339 deest.

2089 4371 2139 4424 id
2170 4370 2312 4439 quod
2339 4369 2634 4424 etiamnum
2667 4367 2951 4432 habemus,
2988 4367 3225 4423 humilia:
3266 4371 3451 4439 potius
3491 4387 3662 4441 quam

415 4459 695 4514 concludit
726 4477 738 4512 :
772 4458 1022 4529 Alioquin
1053 4461 1188 4528 ipsa,
1220 4461 1404 4530 quwin
1435 4460 1516 4515 Itis
1539 4464 1773 4531 epistolis
1802 4466 1980 4520 insunt
2017 4464 2058 4516 D
2089 4463 2327 4532 cpistola:
2368 4468 2572 4530 partem
2610 4459 2881 4527 judicant.
2915 4458 3031 4513 Non
3056 4460 3200 4514 enim
3243 4468 3394 4515 tanta
3440 4469 3526 4515 est
3567 4463 3666 4516 illa

415 4565 600 4613 sensa,
625 4547 864 4601 nonnihil
894 4547 1100 4616 abjecta
1127 4560 1269 4615 sunt,
1296 4565 1386 4602 nec
1418 4553 1764 4607 continentem
1799 4557 1983 4609 seriem

415 4650 477 4686 ac
500 4636 924 4705 consequentiam
955 4646 1183 4692 servant.
1207 4637 1341 4690 Nam
1371 4639 1506 4693 nihil
1536 4642 1589 4694 in
1621 4642 1722 4696 hac
1745 4647 1982 4698 secunda

413 4727 779 4795 reprehendit,
815 4727 957 4797 quod
976 4743 1084 4782 non
1114 4729 1302 4797 primas
1326 4743 1448 4783 cum
1469 4746 1530 4785 ea
1554 4747 1838 4787 commune
1861 4751 1983 4789 esse

414 4819 689 4894 fateatur:
723 4834 897 4888 eoque
938 4828 1096 4888 pacto
1129 4820 1456 4892 singularem
1502 4831 1654 4876 notat
1697 4826 1981 4894 utriusque

411 4910 871 4974 consensionem,
923 4910 1068 4964 unde
1116 4910 1185 4965 ad
1235 4919 1524 4982 utramque
1574 4916 1976 4985 suscipiendam

403 5004 529 5071 jure
558 5001 900 5054 inducantur.
975 5057 988 5068 ρ

484 5089 593 5144 V11.
631 5088 818 5158 Neque
849 5088 1122 5144 eﬂicacius
1171 5091 1452 5146 veritatem
1497 5094 1735 5162 epistolae
1780 5105 1979 5150 nostra:

411 5181 692 5250 impugnat
711 5178 842 5232 illud
856 5177 1119 5249 pseudo-1
1127 5182 1290 5236 ustini
1310 5198 1556 5252 respons.
1571 5187 1637 5239 ad
1653 5195 1844 5255 quaest.
1870 5187 1933 5240 74
1959 5209 1971 5241 :

413 5270 470 5326 Si
523 5271 798 5340 pra'seiitis
842 5287 1019 5325 rerum
1067 5280 1237 5326 status
1286 5275 1409 5342 ﬁnis
1444 5285 1524 5328 est
1570 5277 1846 5344 impiorum
1886 5293 1977 5344 per

411 5363 579 5427 ignem
601 5361 887 5429 judicium,
923 5368 1081 5431 prout
1115 5369 1374 5416 testantur
1396 5365 1766 5433 praphetarum
1785 5375 1833 5419 et
1853 5383 1978 5433 apo-

411 5451 668 5505 stolorum
705 5454 938 5522 scripta,
987 5461 1141 5521 atque
1188 5453 1402 5524 insuper
1433 5455 1650 5525 Sibylla
1691 5457 1969 5519 vaticinia,

412 5543 850 5610 quemadmodum
878 5545 954 5598 ait
982 5543 1050 5600 B.
1092 5542 1329 5600 Clemens
1353 5547 1410 5599 in
1447 5563 1544 5600 sua
1575 5549 1641 5600 ad
1672 5547 1971 5602 Corinthios

409 5634 649 5698 epistola.
683 5634 863 5692 Primo
892 5637 1035 5690 enim
1062 5637 1113 5690 in
1137 5637 1240 5692 hoc
1267 5638 1406 5692 libro
1435 5638 1549 5707 ipsa
1580 5647 1829 5694 tacentur
1849 5639 1972 5696 Cle»

414 5726 609 5777 mentis
641 5725 820 5791 verba,
847 5742 966 5795 qua:
996 5728 1145 5800 prius
1177 5738 1359 5785 essent
1383 5729 1754 5799 expendenda,
1790 5739 1846 5783 ut
1878 5747 1968 5785 sa-

2085 4553 2244 4614 ratio,
2272 4561 2331 4604 ut
2355 4561 2620 4612 veterum,
2646 4552 2735 4620 qui
2761 4551 3044 4620 epistolam
3069 4560 3411 4622 nuncupant,
3440 4569 3665 4608 summo

2082 4641 2373 4696 consensui
2401 4655 2507 4693 non
2538 4641 2713 4693 dicam
2739 4640 3014 4705 anteferri,
3042 4642 3135 4696 sed
3166 4644 3251 4697 vel
3277 4643 3521 4698 conferri
3545 4645 3665 4697 ullo

2080 4734 2241 4788 modo
2270 4734 2463 4787 valeat.
2492 4731 2677 4799 Neque
2704 4733 2861 4785 etiam
2885 4732 2940 4785 in
2983 4733 3336 4802 inquisitione
3364 4737 3659 4806 temporis.

2079 4841 2188 4896 quo
2226 4827 2426 4893 scripta
2455 4831 2572 4885 est,
2608 4838 2706 4877 nos
2739 4839 2876 4892 opus
2905 4832 2989 4878 est
3033 4826 3242 4882 diutius
3268 4827 3548 4882 distineri.
3586 4828 3663 4882 [7t

2079 4919 2224 4972 enim
2270 4917 2402 4970 illud
2447 4923 2597 4968 certo
2622 4913 2977 4984 dignoscatur
3002 4933 3111 4971 non
3145 4918 3442 4973 admodum
3481 4922 3660 4975 inter-

2076 5017 2179 5072 est,
2222 5024 2345 5062 cum
2399 5007 2607 5060 nullum
2640 5007 2694 5060 in
2742 5021 2805 5061 ea
2844 5005 3044 5061 factum
3077 5011 3402 5079 explicetur.
3449 5010 3658 5068 Obser-

2077 5107 2204 5151 vant
2228 5108 2405 5151 tamen
2435 5098 2653 5160 eruditi,
2684 5113 2803 5152 eam
2832 5099 3078 5154 redolere
3121 5109 3357 5170 tempus,
3401 5119 3515 5172 quo
3561 5121 3659 5160 ec-

2075 5190 2254 5242 clesiae
2283 5204 2413 5256 pace
2440 5187 2781 5242 fruebantur.
2813 5188 3053 5242 Primum
3083 5205 3229 5244 anno
3267 5192 3430 5257 1655,
3463 5194 3659 5253 Greece

2076 5285 2285 5331 tantum
2317 5278 2383 5331 ad
2413 5277 2617 5332 calcem
2655 5278 2898 5347 epistolae
2926 5277 2966 5338 l,
3007 5294 3035 5331 a
3071 5279 3307 5334 Patricio
3336 5281 3504 5337 Junio
3535 5285 3656 5338 edi-

2074 5377 2140 5422 tte
2165 5369 2419 5438 adjuncta
2448 5368 2644 5422 Oxonii
2695 5370 2916 5438 prodiit.
2963 5369 3094 5424 Eam
3130 5381 3317 5441 postea
3356 5374 3658 5432 Latinitate

2073 5459 2345 5513 donarunt
2387 5459 2584 5514 Joann.
2633 5460 2788 5530 Bapt.
2838 5461 3142 5518 Cotelerius
3196 5471 3250 5518 et
3300 5464 3658 5521 Gottifredus

2077 5549 2422 5620 Vendelinus,
2452 5551 2753 5618 exindeque
2781 5548 2968 5605 Grmce
3007 5559 3060 5605 et
3110 5551 3302 5607 Latine
3329 5555 3532 5622 salpius
3566 5572 3658 5611 re-

2071 5655 2202 5694 cusa
2225 5647 2325 5695 est.
2357 5639 2608 5693 Cotelerii
2645 5639 3120 5709 interpretationi,
3147 5657 3213 5696 ea
3239 5659 3348 5714 qua
3379 5645 3436 5700 in
3469 5647 3658 5717 prima

2075 5732 2156 5784 usi
2193 5747 2380 5784 sumus
2413 5729 2676 5793 libertate,
2711 5731 3068 5788 adhtcrcmus.
