3936 6172
426 333 491 388 87
1573 329 1662 382 AD
1694 326 1750 382 S.
1785 324 2207 381 CLEMENTEM
2248 328 2267 383 l
2306 323 2535 381 PAPAM
3585 318 3655 371 88

426 450 560 503 sime
601 444 885 511 dimensis,
930 448 1199 519 supplevit
1234 458 1289 503 et
1318 448 1487 501 minio
1523 448 1691 501 rubro
1739 444 1987 509 notavit;
2019 448 2065 502 Α
2093 444 2264 513 plaria
2304 458 2426 514 quze
2472 455 2660 497 eorum
2699 447 2925 507 uterque
2966 450 3092 491 cum
3121 450 3225 490 ms.
3257 433 3444 490 codice
3490 447 3654 502 quam

425 555 488 593 eo
518 541 773 593 nimirum
803 541 1053 602 consilio,
1087 546 1147 593 ut
1178 554 1299 610 quae
1333 541 1386 592 in
1434 539 1628 593 laceris
1659 535 1988 592 membranis

424 630 688 700 temporis
718 630 917 699 injuria
950 639 1272 700 consumpta
1307 629 1780 693 desiderabantur,
1820 628 1887 681 ab
1919 627 1987 681 iis

424 735 545 788 qua:
583 718 767 772 addita
811 721 896 775 vel
948 721 1194 791 suppleta
1256 719 1455 774 fuerint
1504 720 1735 773 lectores
1774 717 1988 771 facilius

426 817 787 864 secernerent.
842 807 973 875 Qua:
1036 810 1253 880 quidem
1321 810 1696 880 supplementa
1752 807 1985 862 Juniana

425 903 755 972 posteriores
796 902 1056 966 editores,
1091 908 1150 955 ut
1181 901 1461 955 uncinulis
1489 902 1675 955 clausa
1705 899 1847 971 typis
1878 898 1984 951 im-

424 994 826 1060 primerentur,
880 996 1168 1065 diligenter
1237 1001 1521 1050 curarunt.
1568 991 1759 1062 Magna
1819 992 1987 1046 enim-

420 1100 551 1139 vero
579 1095 632 1141 et
671 1086 940 1141 laudanda
961 1085 1107 1140 Junii
1152 1088 1374 1143 solertia
1395 1126 1410 1151 ,
1450 1086 1497 1141 si
1528 1085 1660 1139 lides
1691 1084 1791 1153 ipsi
1830 1082 1985 1136 adbi-

419 1174 617 1233 benda.
644 1176 845 1233 Verum
875 1192 1033 1231 secus
1068 1177 1311 1231 sentiunt
1339 1176 1407 1231 de
1434 1190 1500 1230 eo
1545 1175 1719 1245 deque
1752 1174 1871 1243 ejus
1905 1174 1983 1226 la-

420 1266 552 1324 bore
600 1268 655 1322 in
706 1267 1068 1323 describendo
1117 1282 1224 1322 ms.
1259 1265 1631 1320 Alexandrino
1679 1266 1779 1319 viri
1824 1265 1984 1335 longe

417 1353 743 1421 doctissimi,
794 1354 1082 1411 Wottonus
1119 1355 1193 1425 (Ι)
1226 1356 1279 1408 in
1312 1353 1524 1423 primis,
1561 1354 1760 1409 Millius
1791 1354 1869 1425 (2)
1927 1364 1981 1411 et

418 1444 652 1502 Grabius
684 1448 760 1518 (5)
798 1466 809 1501 :
841 1457 898 1500 ut
928 1448 1151 1517 proinde
1173 1449 1353 1503 minus
1382 1456 1530 1504 recte
1554 1448 1831 1503 censuerit
1859 1447 1980 1503 Fel-

419 1534 641 1605 lus(-i),
691 1554 709 1587 ι
769 1545 949 1589 actum
1004 1536 1215 1591 scilicet
1260 1538 1417 1593 irrito
1472 1546 1672 1592 conatu
1730 1546 1979 1592 acturum

421 1625 591 1681 fuisse
628 1627 803 1690 illum,
835 1629 926 1696 qui
949 1636 1071 1699 post
1099 1626 1319 1683 Junium
1350 1629 1418 1684 ad
1449 1630 1726 1699 exemplar
1753 1630 1983 1685 Alexan-

415 1718 632 1772 drinum
662 1720 847 1774 omnia
880 1720 1060 1774 denuo
1086 1721 1359 1791 exegisset
1401 1741 1414 1777 :
1451 1722 1742 1793 siquidem,
1770 1723 1981 1787 subdit,

2088 543 2343 589 accurate
2371 532 2697 595 contulerat,
2723 529 2855 583 mibi
2877 526 3216 598 comparavi,
3240 536 3405 597 atque
3431 524 3655 578 illorum

2088 629 2408 683 collationes
2463 635 2515 680 et
2572 621 2981 679 emendationes
3041 620 3330 689 diligenter
3374 616 3441 672 ad
3499 630 3656 670 oram

2088 719 2212 775 libri
2267 719 2371 773 mei
2410 716 2685 771 adnotavi.
2720 714 2876 780 Quod
2909 728 3032 766 cum
3077 712 3330 782 egissem,
3362 723 3466 764 ms.
3508 707 3657 762 codi-

2088 825 2204 863 cem
2238 816 2439 879 quanta
2478 806 2591 861 ﬁeri
2629 805 2805 874 potuit
2835 802 3115 872 diligentia
3150 801 3272 871 plus
3295 814 3458 870 quam
3484 799 3654 854 semel

2086 898 2154 953 de
2182 914 2327 953 novo
2360 896 2605 961 contuli;
2638 909 2823 963 quem.
2864 908 2989 946 cum
3015 892 3210 945 unicus
3244 890 3336 953 sit,
3375 903 3549 955 usque
3582 888 3654 943 ad

2088 992 2321 1045 litteram
2363 996 2585 1044 secutus
2620 1000 2762 1049 sum,
2804 992 3171 1055 praeterquam
3199 983 3253 1035 in
3284 980 3648 1036 abbreviatio-

2085 1084 2269 1145 nibus,
2317 1096 2453 1151 quas
2496 1081 2600 1135 hoc
2648 1078 2704 1159 in
2731 1078 2854 1134 loco
2888 1077 3069 1149 potius
3068 1073 3453 1159 Enotandas
3493 1070 3655 1159 duxi:

2086 1174 2416 1245 Hujusmodi
2447 1182 2574 1228 sunt
2606 1193 2619 1228 :
2652 1158 2735 1228 ei:
2765 1187 2863 1243 pro
2895 1171 3046 1233 Θεὸς,
3068 1152 3170 1221 ﬁ
3203 1182 3302 1235 pro
3331 1164 3555 1245 detoc,
3584 1152 3657 1217 ᾖ

2085 1283 2182 1336 pro
2210 1266 2436 1337 Ἰησοῦς,
2490 1252 2593 1320 ﬁ
2628 1280 2725 1336 pro
2782 1262 3037 1332 Χριστός,
3081 1247 3237 1317 ῙΙῙᾹ
3266 1270 3321 1317 et
3366 1247 3507 1314 ﬁ
3549 1274 3654 1328 pro

2084 1357 2306 1429 Πνεῦμα
2344 1366 2399 1413 et
2429 1357 2761 1428 Πνεῦματος,
2792 1358 3016 1410 οΥΝΟΣ
3050 1371 3147 1428 pro
3188 1357 3433 1426 οὐρανός,
3472 1353 3657 1408 ΑΠΟΣ

2084 1470 2183 1525 pro
2235 1454 2541 1526 ἄνθρωπος,
2596 1435 2707 1505 Et
2738 1459 2792 1506 et
2843 1434 2961 1505 ῘῙῙΚ
2992 1466 3089 1522 pro
3116 1451 3356 1522 Ἰσραήλ,
3379 1432 3511 1503 ᾖ
3546 1465 3649 1520 pro

2084 1540 2455 1617 Ἰερουσαλήμ,
2475 1548 2611 1599 ΠΡΑ
2642 1560 2742 1615 pro
2772 1544 3005 1615 πατέρα.
3035 1541 3138 1597 Ubi
3168 1558 3298 1597 vero
3331 1542 3502 1596 codex
3541 1556 3647 1596 ms.

2081 1634 2315 1689 discedit
2363 1651 2392 1689 a
2440 1636 2651 1706 vulgari
2707 1632 2986 1689 scribendi
3036 1632 3268 1696 ratione,
3328 1632 3412 1685 vel
3458 1646 3653 1699 parum

2083 1733 2229 1781 recte
2252 1741 2310 1781 se
2332 1726 2515 1791 habet,
2560 1740 2747 1780 veram
2784 1739 2849 1778 ac
2877 1725 3221 1779 usitatiorem
3248 1722 3523 1778 scribendi
3557 1737 3651 1776 ra—

3366 1242 3507 1255 --

2776 1339 3017 1349 _—_———-

415 1822 477 1862 ea
502 1807 735 1863 habetur
763 1808 829 1863 de
860 1809 1185 1875 eruditione,
1220 1809 1492 1867 industria
1523 1820 1576 1868 et
1608 1812 1711 1867 ﬁde
1740 1811 1803 1868 D.
1836 1812 1984 1866 Junii
2015 1806 2058 1860 Β
2088 1818 2311 1881 tionem,
2346 1824 2404 1870 ut
2430 1826 2483 1871 et
2523 1816 2807 1881 lectiones,
2833 1813 3244 1869 emendationes
3287 1820 3341 1867 et
3371 1812 3656 1881 conjectu-

416 1899 559 1968 apud
604 1914 794 1955 omnes
842 1898 1007 1964 fama,
1059 1908 1119 1953 ut
1161 1902 1408 1957 eamdem
1452 1902 1766 1973 suspicione
1801 1904 1983 1973 aliqua

416 1990 765 2058 labelactare,
791 2007 899 2045 non
932 1991 1153 2047 incivile
1192 1993 1375 2058 modo,
1404 1993 1502 2050 sed
1541 1994 1790 2065 iniquum
1824 2011 1985 2066 pror-

415 2096 511 2136 sus
534 2081 805 2138 videatur.
846 2102 866 2136 ι

484 2174 553 2227 At
575 2175 810 2245 pretium
836 2174 996 2229 fuerit
1029 2193 1210 2248 operae
1230 2178 1320 2234 hic
1363 2179 1417 2233 in
1448 2179 1685 2234 medium
1714 2177 1979 2249 proferre,

413 2280 534 2335 quae
567 2266 634 2320 de
671 2266 903 2321 Juniana
948 2268 1414 2325 Clementinarum
1462 2269 1829 2341 Epistolarum
1868 2272 1985 2326 edi-

413 2357 560 2410 tione
598 2355 751 2412 fuere
787 2358 855 2412 ab
891 2358 1010 2428 ipso
1037 2358 1241 2415 Grabio
1274 2361 1553 2415 adnotata.
1591 2360 1682 2415 Sic
1714 2369 1892 2414 autem
1923 2376 1983 2416 se

411 2446 613 2501 habent
632 2448 709 2520 (5)
737 2465 749 2502 :
775 2467 795 2500 ‹
821 2450 955 2516 Quae
974 2466 1040 2505 ex
1057 2452 1349 2507 collatione
1369 2452 1495 2523 (ms.
1514 2451 1723 2507 codicis
1744 2452 1981 2508 Alexan-

409 2537 580 2608 drini)
609 2542 1041 2598 emendationem
1075 2543 1340 2612 praebent,
1388 2544 1454 2599 ad
1496 2545 1611 2599 haec
1654 2544 1766 2599 fere
1803 2545 1980 2614 capita

407 2631 767 2688 reducuntur.
815 2635 857 2689 l.
900 2634 1174 2690 Nonnulla
1210 2638 1267 2691 in
1291 2636 1455 2692 editis
1492 2638 1820 2692 omittuntur
1859 2652 1980 2708 quae

409 2724 467 2778 in
493 2734 782 2796 prototypo
798 2734 1037 2794 exstant,
1059 2738 1118 2783 ut
1145 2745 1211 2785 ex
1239 2731 1489 2786 versione
1516 2727 1709 2783 Latina
1736 2736 1974 2784 constat.

409 2815 476 2870 II.
504 2814 659 2871 Haud
688 2833 859 2888 pauca
900 2821 1166 2875 vocabula
1195 2822 1395 2878 litteris
1438 2822 1680 2876 miniatis
1711 2821 1971 2886 eduntur,

408 2923 529 2977 quae
568 2909 623 2963 in
660 2910 849 2965 codice
884 2920 1134 2979 exstant;
1177 2914 1319 2983 quod
1352 2913 1555 2966 factum
1599 2929 1724 2969 esse
1752 2929 1782 2967 a
1815 2922 1978 2985 typo-

408 2998 574 3053 thetis
634 3000 928 3056 verisimile
982 3009 1082 3057 est.
1147 3003 1233 3057 lli.
1271 3003 1409 3057 Sunt
1438 3004 1580 3058 haud
1616 3019 1810 3073 pauca,
1854 3020 1977 3075 qua:

407 3104 520 3144 non
567 3099 712 3146 recte
760 3094 1055 3162 exscripsit
1103 3094 1300 3150 editor.
1359 3093 1449 3149 IV.
1504 3094 1773 3149 Nonnulla
1818 3095 1977 3151 aliter

407 3178 612 3249 scripta
645 3190 795 3245 sunt,
829 3199 993 3255 quam
1031 3184 1212 3238 editor
1246 3186 1655 3255 reprazsentavit
1686 3202 1753 3241 ex
1785 3186 1977 3255 singu-
2003 3156 2045 3214 δ

408 3271 507 3324 lari
542 3274 775 3342 quadam
800 3276 921 3345 ejus
948 3278 1240 3347 opinione;
1266 3293 1371 3349 qua
1402 3279 1596 3333 adduci
1632 3295 1741 3334 non
1774 3280 1975 3349 potuit,

408 3372 469 3418 ut
505 3367 856 3435 scriptionem
890 3376 1123 3424 veterem
1171 3371 1330 3426 aliter
1358 3371 1659 3435 exhiberet,
1698 3387 1860 3441 quam
1891 3387 1978 3427 se-

403 3465 643 3520 cundum
673 3468 948 3537 vulgarem
986 3470 1261 3525 scribendi
1308 3486 1533 3527 morem.
1572 3470 1630 3525 V.
1680 3471 1831 3542 Smpe
1853 3487 1975 3527 cum

405 3555 524 3626 ipse
553 3558 691 3611 male
718 3561 1093 3629 exscripserit,
1126 3564 1525 3617 correctionem
1557 3579 1622 3617 ex
1655 3564 1975 3632 conjectura

406 3645 555 3700 addit
597 3648 663 3701 ad
710 3650 1043 3717 marginem;
1089 3668 1207 3720 quae
1243 3654 1514 3706 correctio
1547 3654 1599 3707 in
1643 3653 1761 3723 ipso
1787 3655 1976 3709 codice

407 3739 693 3806 reperitur.
734 3760 750 3789 ι
788 3739 1062 3797 Hactenus
1095 3742 1352 3798 Grabius.
1399 3743 1610 3810 Quibus
1657 3761 1786 3815 ergo
1826 3746 1975 3801 vitiis

406 3828 657 3883 laborant
695 3831 960 3887 editiones
1005 3834 1172 3888 ferme
1208 3851 1419 3898 omnes,
1456 3844 1642 3905 utpote
1666 3852 1787 3905 qua:
1824 3836 1975 3891 fuere

407 3919 475 3972 ad
521 3918 810 3976 Junianam
860 3934 1065 3977 exacta:
1099 3946 1109 3978 :
1144 3926 1286 3994 quod
1335 3926 1551 3995 quidem
1585 3928 1786 3997 liquido
1826 3937 1973 3997 patet

404 4029 471 4065 ex
493 4011 863 4078 Wottoniana,
884 4016 1124 4069 omnium
1156 4019 1618 4074 emendatissima.

478 4101 602 4156 Haec
625 4104 788 4172 igitur
813 4105 1284 4178 Cantabrigiensis
1303 4111 1438 4165 satis
1466 4112 1739 4166 luculenta
1763 4112 1973 4176 ἐκδοσις

406 4193 460 4246 in
505 4196 699 4264 vulgus
727 4198 927 4266 prodiit
956 4214 1099 4254 anno
1141 4201 1299 4267 i718,
1333 4218 1547 4258 summa
1593 4218 1725 4258 cura
1753 4203 1971 4260 Henrici

404 4284 650 4342 Wottoni
686 4289 984 4346 elaborata.
1017 4291 1146 4345 Eam
1191 4294 1336 4348 enim
1367 4294 1511 4349 haud
1537 4296 1705 4351 semel
1746 4298 1971 4367 exigens

406 4374 471 4431 Υ.
503 4376 565 4434 C.
600 4378 665 4432 ad
699 4378 859 4433 (idem
892 4397 997 4437 ms.
1050 4382 1258 4439 codicis
1292 4385 1676 4449 Alexandrini,
1724 4387 1971 4443 adhibito

2085 1924 2176 1963 ras
2198 1907 2368 1973 Junii,
2396 1907 2586 1971 Boisii,
2611 1907 2891 1970 Cotelerii,
2922 1904 3077 1971 Felli,
3102 1904 3399 1961 Coiomesii
3429 1919 3494 1958 ac
3524 1903 3654 1959 Cle-

2082 2002 2217 2065 rici,
2289 2002 2430 2056 inter
2493 2001 2771 2055 variantes
2832 1998 3098 2053 lectiones
3154 1998 3334 2068 posui.
3395 1995 3655 2050 Plurimis

2083 2095 2246 2149 etiam
2288 2094 2341 2147 in
2380 2094 2517 2149 locis
2546 2101 2753 2146 textum
2793 2091 3077 2148 emendavi
3116 2098 3171 2145 et
3207 2103 3320 2144 suae
3351 2087 3652 2158 integritati

2082 2186 2317 2250 restitui,
2352 2185 2442 2237 ubi
2482 2199 2672 2253 parum
2700 2191 2847 2238 recte
2880 2199 2909 2236 a
2930 2182 3094 2236 Junio
3120 2178 3556 2236 describebatur.
3581 2207 3657 2220 —

2081 2277 2213 2343 Qua:
2244 2292 2330 2331 me
2360 2276 2427 2329 ad
2454 2276 2594 2330 hanc
2616 2275 2913 2330 editionem
2945 2272 3351 2345 suscipiendam
3378 2271 3655 2342 praecipue

2079 2368 2431 2438 impulerunt,
2467 2366 2581 2420 haec
2622 2367 2883 2421 fuerunt:
2926 2380 2995 2419 ne
3053 2365 3269 2420 deesset
3314 2360 3654 2418 emendatior

2080 2459 2253 2514 Graeci
2294 2466 2476 2513 textus
2500 2459 2687 2522 editio,
2731 2468 2818 2514 etc
2882 2478 2899 2511 ι
2938 2457 3091 2512 Hanc
3119 2464 3301 2512 autem
3336 2454 3650 2507 Wottonia—

2080 2566 2206 2604 nam
2229 2548 2549 2612 editionem,
2586 2550 2829 2604 omnium
2873 2549 3000 2604 licet
3023 2545 3525 2609 accuratissimam,
3556 2543 3653 2613 qui

2079 2641 2337 2711 deinceps
2383 2641 2645 2711 epistolas
2685 2641 3059 2695 Clementinas
3110 2638 3257 2709 typis
3310 2636 3654 2692 excuderunt

2078 2735 2181 2788 viri
2245 2734 2471 2799 eruditi,
2524 2735 2569 2788 si
2629 2732 2964 2787 Richardum
2995 2731 3310 2786 Russelium
3368 2729 3651 2799 excipias,

2079 2824 2389 2894 praeteriere
2417 2824 2808 2880 inconsultam.
2842 2823 2999 2889 Quod
3037 2822 3258 2893 quidem
3301 2822 3522 2886 mirum,
3564 2821 3651 2876 sin

2079 2916 2262 2971 minus
2295 2914 2362 2970 de
2387 2916 2633 2986 reliquis,
2666 2922 2721 2969 at
2738 2916 2929 2970 saltem
2950 2914 3017 2970 de
3037 2914 3255 2969 Clerico
3282 2913 3374 2983 qui
3403 2911 3652 2967 eamdem

2079 3022 2189 3077 pra:
2210 3008 2464 3062 manibus
2492 3007 2683 3061 habuit
2717 3027 2728 3060 :
2765 3022 2830 3061 ex
2857 3020 2921 3061 ea
2950 3006 3096 3060 enim
3130 3004 3447 3061 selectiores
3478 3001 3652 3056 Boisii

2079 3101 2460 3156 adnotationes
2488 3114 2517 3153 a
2540 3098 2805 3155 Wottono
2829 3107 2944 3153 tum
2974 3099 3211 3169 primum
3239 3096 3416 3152 editas
3438 3096 3650 3150 descri-

2082 3192 2211 3262 psit,
2244 3206 2383 3261 quas
2412 3192 2467 3245 in
2500 3190 2798 3246 secundam
2822 3186 3396 3241 Amsttelodamensem
3421 3180 3651 3236 Patrum

2081 3285 2505 3356 apostolicorum
2532 3281 2825 3337 editionem
2842 3278 3237 3335 Cotelerianam
3257 3274 3559 3330 transtulit.
3578 3274 3652 3327 At

2079 3390 2144 3430 eo
2171 3376 2224 3429 in
2249 3375 2441 3445 primis
2469 3375 2687 3428 nomine
2711 3373 2856 3425 illam
2887 3372 3111 3439 insuper
3139 3368 3397 3421 habuisse
3426 3364 3649 3420 videtur

2078 3465 2345 3529 Clericus,
2379 3464 2524 3535 quod
2548 3465 2726 3519 editor
2750 3460 3221 3531 Cantabrigiensis
3267 3468 3377 3512 tum
3411 3455 3648 3511 Eduardi

2078 3558 2341 3613 Bernardi
2373 3557 2591 3611 notulas
2627 3555 2829 3625 quibus
2860 3553 3113 3624 Epistolte
3152 3552 3175 3605 1
3208 3550 3494 3604 αὐθεντίαν
3529 3549 3641 3601 ειεο

2079 3664 2205 3705 vare
2245 3659 2477 3704 conatus
2504 3656 2587 3702 est
2622 3646 2951 3704 exsuiilarit,
2992 3653 3103 3697 tum
3153 3644 3442 3712 ipsummet
3471 3640 3647 3695 Cleri-

2078 3756 2201 3795 cum
2232 3741 2525 3795 identidem
2558 3740 2699 3793 haud
2749 3737 3024 3792 immerito
3053 3735 3357 3804 castigarit.

2148 3833 2595 3904 Quandoquidem
2634 3848 2763 3887 vero
2804 3832 3041 3888 Russelii
3079 3832 3287 3885 mentio
3335 3827 3549 3890 incidit,
3585 3827 3646 3879 il-

2077 3926 2167 3980 lud
2194 3928 2423 3980 interest
2451 3926 2736 3988 adnotare,
2762 3924 3091 3978 industrium
3122 3922 3269 3976 hunc
3297 3922 3558 3975 editorem
3588 3919 3643 3971 in

2076 4019 2192 4073 suis
2226 4017 2450 4071 Patrum
2490 4018 2894 4085 apostolicorum
2932 4014 3171 4083 operibus
3201 4013 3459 4083 genuinis,
3496 4010 3644 4065 Lon-

2074 4109 2188 4163 dini
2224 4124 2366 4164 anno
2400 4108 2537 4162 1746
2589 4108 2876 4178 evulgatis,
2902 4105 3313 4160 Wottonianam
3344 4102 3642 4157 editionem

2072 4217 2183 4269 prae
2207 4201 2418 4255 caeteris
2441 4201 2543 4255 sibi
2570 4198 2901 4269 sequendam
2929 4198 3053 4267 jure
3081 4196 3381 4250 censuisse.
3418 4193 3521 4260 Qui
3588 4200 3645 4247 et

2074 4293 2141 4347 ad
2193 4294 2396 4347 calcem
2442 4292 2698 4347 secundae
2747 4292 2920 4361 partis
2975 4289 3273 4345 voluminis
3309 4288 3335 4341 i
3380 4285 3641 4341 laudabili

2074 4383 2304 4436 consilio
2351 4383 2610 4452 pleraque
2669 4382 2906 4451 subjecit
2955 4381 3235 4445 adnotata,
3288 4395 3355 4434 ex
3410 4378 3643 4434 Joannis

402 4464 566 4520 etiam
604 4466 751 4523 Junii
780 4470 925 4526 edito
952 4487 1073 4527 cum
1098 4472 1288 4527 eodem
1328 4474 1516 4529 codice
1552 4489 1581 4527 a
1614 4472 1780 4530 Millio
1806 4484 1969 4546 atque
2002 4487 2044 4541 υ
2075 4471 2227 4527 Millii
2268 4476 2580 4545 apographo
2619 4482 2875 4527 accurate
2918 4470 2984 4525 ad
3015 4485 3118 4527 ms.
3165 4471 3371 4526 codicis
3405 4471 3641 4526 Alexan-

405 4578 435 4615 a
466 4558 671 4614 Grahio
718 4563 939 4628 collato,
980 4563 1276 4619 Junianum
1319 4574 1526 4621 textum
1574 4582 1736 4638 quem
1787 4570 1970 4623 caeteri

402 4658 639 4712 editores
684 4664 812 4710 sunt
851 4659 1046 4721 secuti,
1074 4659 1318 4729 octogies
1347 4660 1655 4715 emendavit
1682 4661 1972 4731 supplevit-

402 4763 540 4817 que;
580 4764 700 4817 quae
742 4763 871 4803 vero
918 4749 1143 4804 aberant
1184 4764 1213 4803 a
1248 4766 1353 4807 ms.
1387 4752 1705 4822 exemplari,
1737 4760 1900 4824 atque
1939 4770 1969 4807 a

401 4835 566 4891 Junio
599 4839 794 4893 litteris
822 4840 1064 4896 miniatis
1096 4841 1546 4913 designabantur,
1578 4844 1969 4899 minutioribus

404 4930 548 5002 typis
576 4930 935 5000 imprimenda
975 4932 1207 4988 curavit.
1244 4932 1349 4989 Sed
1392 4942 1615 5005 praestat
1647 4932 1967 4991 Wottonum

399 5020 582 5094 ipsum
643 5021 853 5086 audire,
913 5024 1005 5092 qui
1057 5025 1345 5080 consilium
1394 5026 1748 5096 studiumque
1803 5042 1963 5082 suum

401 5114 456 5169 in
487 5115 589 5169 hac
611 5114 848 5170 editione
870 5114 1185 5170 adornanda
1209 5115 1361 5172 hisce
1382 5117 1565 5174 verbis
1590 5118 1815 5188 exponit
1845 5122 1860 5187 ί
1868 5117 1923 5187 6)
1950 5138 1961 5171 :

407 5228 424 5258 ι
463 5208 598 5261 Cum
632 5208 869 5277 primum
911 5222 1121 5261 mecum
1170 5208 1535 5265 decrevissem
1564 5210 1854 5266 editionem
1904 5210 1962 5266 S.

401 5300 697 5354 Clementis
722 5298 778 5352 in
809 5314 895 5353 me
936 5300 1239 5370 suscipere,
1264 5299 1452 5356 Grabii
1483 5300 1744 5373 Milliique
1779 5318 1969 5358 exem-

402 5458 547 5581 εει(ί)
601 5456 905 5528 Prulegom.
951 5459 1017 5513 ad
1072 5458 1210 5513 Bibl.
1272 5461 1578 5532 polyglott.,
1632 5469 1766 5517 sect.
1814 5478 1888 5528 ιι,
1934 5463 1961 5534 §

403 5683 435 5735 Ρ
470 5597 719 5721 (gisépud
741 5597 979 5665 Riisscl.,
1004 5600 1134 5656 edit.
1159 5598 1491 5671 PP.Apost.,
1517 5609 1647 5656 tom.
1674 5600 1717 5666 Ι,
1738 5610 1874 5671 part.
1900 5618 1957 5669 ιι,

476 5738 550 5806 (3)
583 5737 882 5807 Prolegom.
917 5741 982 5795 ad
1017 5758 1155 5797 vers.
1179 5740 1468 5812 l.T\'X,cap.
1507 5754 1567 5807 ιι,
1600 5739 1627 5812 §
1662 5742 1707 5796 l.

2072 4564 2219 4618 drini
2255 4565 2410 4619 ﬁdem
2449 4574 2643 4620 exacto
2686 4564 3005 4634 descripta:
3047 4578 3171 4632 qua;
3204 4562 3426 4632 quidem
3467 4562 3641 4616 adnoo

2071 4663 2182 4707 tata
2200 4654 2515 4709 Wottonum
2544 4656 2979 4726 przetermisisse,
3012 4655 3262 4725 quamvis
3288 4661 3341 4710 et
3366 4655 3483 4724 ipse
3514 4669 3644 4724 apo-

2071 4746 2333 4815 graplium
2395 4747 2692 4801 Millianum
2750 4747 2853 4802 sibi
2913 4760 3267 4816 comparasse
3317 4752 3638 4809 asseveret,

2070 4840 2238 4891 miror
2268 4854 2579 4905 enimvero;
2611 4854 2676 4892 eo
2714 4838 2801 4892 vel
2836 4838 3073 4893 maxime
3101 4838 3247 4909 quod
3282 4837 3545 4891 nonnulla
3582 4838 3640 4892 in

2073 4929 2137 4982 iis
2170 4930 2530 4998 reperiantur,
2567 4930 2766 5000 quibus
2796 4945 2860 4983 ex
2903 4928 3095 4983 eodem
3122 4944 3227 4983 ms.
3255 4926 3639 4983 vetustissimo

2069 5019 2315 5072 codicum
2373 5020 2639 5073 editorum
2705 5019 2866 5072 lectio
2921 5018 3127 5088 passim
3188 5018 3439 5072 exactior
3513 5018 3639 5071 red-

2068 5108 2233 5163 ditur.

2138 5199 2320 5270 Neque
2348 5216 2509 5269 porro
2531 5200 2661 5255 illud
2693 5202 3236 5271 praetermittendum,
3264 5199 3327 5255 ν.
3351 5198 3411 5255 C.
3436 5197 3635 5255 Joanni

2067 5290 2341 5346 Ludovico
2380 5290 2536 5361 Frey,
2563 5293 2654 5362 qui
2689 5308 2831 5348 anno
2883 5294 3022 5347 ιτη
3066 5291 3337 5361 Epistolas
3405 5291 3630 5345 Patrum

2161 5448 2210 5515 4)
2242 5447 2457 5500 Prasfat.
2498 5446 2563 5499 ad
2602 5447 2764 5515 epist.
2792 5446 3031 5513 lClem.,
3060 5449 3192 5505 edit.
3220 5448 3422 5511 Oxon.,
3468 5448 3631 5503 136‘).

2161 5451 2187 5502 4
2242 5448 2457 5500 Prasfat.
2498 5448 2563 5499 ad
2602 5448 2764 5515 epist.
2792 5448 3031 5513 lClem.,
3060 5449 3192 5505 edit.
3220 5448 3422 5511 Oxon.,
3468 5448 3627 5503 ιδθι).

2134 5448 2211 5642 ΞΕέ
2230 5518 2384 5588 Apud
2405 5515 2719 5571 Wottonum
2760 5516 2826 5571 ad
2854 5520 3056 5574 calcem
3085 5521 3245 5590 epist.
3273 5520 3469 5584 Clem.,
3506 5536 3627 5590 pag.

2066 5590 2209 5729 10(26)
2239 5657 2483 5723 Praeiat.,
2517 5674 2569 5727 p.
2594 5672 2754 5711 ccvu.
