3936 6172
266 298 339 356 89
1571 287 1914 349 PROCEMIA
1950 288 2339 349 VAPJORUM.
3438 292 3510 347 90

269 414 686 485 apostolicorum
709 415 855 488 typis
882 406 1843 485 Basileenslbusconsignavit,Wot-
1875 409 2139 465 Acarum
2205 407 2433 464 latebris
2492 407 2854 463 delitesceret.
2916 407 3225 462 Summaria
3274 406 3510 476 denique

269 509 557 562 tonianum
594 510 901 579 exemplar,
942 509 1091 579 quod
1132 508 1352 580 quidem
1391 505 1709 577 exoptabat,
1755 502 1845 558 vi-

267 599 402 655 dere
430 607 546 653 tum
569 600 788 655 demum
818 601 1041 657 licuisse
1061 642 1075 666 ,
1110 616 1234 656 cum
1260 601 1374 670 jam
1402 598 1634 669 epistola
1660 597 1684 651 l
1725 593 1850 650 Cle-

268 693 473 747 mentis
504 706 537 746 e
576 693 726 762 prelo
752 693 1017 749 evasisset
1051 711 1064 747 :
1100 700 1159 747 ut
1196 691 1425 762 proinde
1464 689 1833 761 posteriorem

269 781 652 834 tantummodo
680 780 843 850 paulo
871 780 1297 836 emendatiorem
1336 778 1667 835 exhibuerit.
1699 776 1848 843 Qua-

268 870 601 942 lemcunque
635 882 817 927 tamen
848 873 1011 942 hujus
1032 874 1293 929 editionis
1326 870 1609 943 Freyanat,
1640 867 1844 938 alioqui

272 964 411 1019 satis
427 966 636 1028 nitidae,
670 965 940 1020 defectum
963 967 1215 1036 supplere
1240 964 1466 1020 adnisus
1496 969 1579 1018 est
1604 963 1690 1016 vir
1718 976 1848 1015 eru-

271 1055 424 1109 ditus
461 1057 733 1111 Antonius
758 1056 969 1112 Birrius
1001 1056 1059 1111 in
1086 1056 1295 1126 publica
1320 1054 1630 1124 Specimine,
1660 1052 1846 1107 itidem

272 1144 502 1202 Basileae
542 1162 691 1203 anno
721 1149 860 1203 1744
906 1150 1077 1214 edito,
1118 1156 1282 1219 atque
1319 1147 1654 1217 conjecturis
1701 1144 1846 1199 haud

269 1240 613 1307 pmoitendis
636 1242 705 1295 ad
731 1249 940 1297 textum
970 1241 1371 1296 Clementinum
1406 1240 1661 1296 editionis
1689 1236 1849 1291 Wot-

270 1334 516 1387 tonianaa
533 1332 765 1389 ulterius
779 1330 957 1388 adhuc
981 1333 1372 1403 detergendum
1402 1331 1626 1386 referto.
1668 1328 1847 1399 Hujus

269 1434 455 1478 autem
513 1423 841 1492 Speciminis
890 1424 1127 1479 Birriani
1157 1424 1441 1493 exemplar
1465 1438 1591 1478 cum
1638 1422 1846 1477 frustra

268 1518 367 1572 diu
408 1518 889 1588 conquisivissem,
920 1533 1137 1574 summo
1159 1518 1286 1572 licet
1319 1516 1500 1572 studio
1523 1516 1843 1587 expetitum,

264 1612 385 1665 voti
418 1611 637 1666 tandem
667 1618 973 1682 compotem
1005 1626 1093 1666 me
1123 1609 1252 1666 fecit
1280 1610 1366 1665 vir
1392 1610 1689 1665 liberaliter
1718 1625 1845 1665 cru--

267 1701 422 1756 ditus
442 1700 656 1773 Gaspar
685 1702 1128 1773 Hagenbuchius,
1155 1717 1186 1757 a
1220 1719 1330 1774 quo
1364 1718 1475 1759 una
1498 1718 1622 1757 cum
1643 1702 1844 1757 litteris

267 1792 635 1848 humanitatis
671 1801 726 1849 et
763 1794 925 1848 ollicii
955 1794 1290 1864 plenissimis
1330 1793 1533 1851 Turico
1581 1790 1847 1849 Helvetio-

266 1898 395 1937 rum
430 1884 581 1939 dono
621 1884 758 1939 illud
792 1886 979 1956 accepi
1017 1905 1031 1941 :
1078 1902 1188 1955 quo
1218 1887 1437 1958 quidem
1468 1886 1690 1941 nomine
1728 1887 1846 1940 viro

266 1978 482 2047 Optimo
506 1977 712 2047 gratias
753 1991 856 2046 ago
895 1984 949 2031 et
978 1976 1174 2032 habeo.

346 2068 447 2124 His
479 2071 662 2139 itaque
694 2070 924 2139 aliisque
962 2069 1225 2125 subsidiis
1268 2069 1590 2132 instructus,
1631 2067 1697 2121 ad
1726 2082 1846 2122 eam

269 2176 439 2232 quam
476 2162 569 2216 hic
624 2161 844 2232 profero
892 2162 1189 2217 editionem
1223 2160 1519 2232 parandam
1562 2160 1843 2215 elaboran-

268 2256 513 2323 damque
539 2269 627 2308 me
652 2254 858 2308 contuli
888 2271 900 2304 :
929 2270 1038 2323 quo
1058 2253 1281 2323 quidem
1311 2253 1369 2307 in
1390 2267 1553 2323 opere
1581 2259 1844 2321 quantum

268 2345 558 2400 industria:
586 2360 650 2399 ac
688 2345 857 2399 studii
886 2344 1261 2409 adhibuerim,
1299 2343 1529 2398 aliorum
1559 2349 1679 2398 esto
1698 2341 1847 2411 judi-

267 2436 439 2492 cium.
489 2435 628 2490 Illud
670 2452 806 2491 sane
851 2435 1120 2491 afﬁrmare
1157 2436 1357 2499 ausim,
1389 2433 1686 2489 Clementis
1719 2432 1849 2503 Epi~

268 2528 445 2583 stolas
489 2528 558 2581 ad
601 2526 917 2583 Corinthios
957 2542 1106 2581 nunc
1155 2527 1374 2582 demum
1422 2525 1640 2596 prodire
1677 2525 1850 2579 multo

266 2620 674 2689 castigatiores,
706 2636 872 2691 quam
904 2621 1170 2675 hactenus
1203 2619 1356 2674 fuere
1382 2618 1439 2672 in
1463 2619 1661 2688 vulgus
1684 2617 1852 2672 emis-

265 2724 342 2763 sae
377 2729 392 2763 :
423 2716 509 2764 tot
549 2710 696 2764 enim
740 2711 861 2765 loca
910 2719 1039 2766 sunt
1072 2711 1343 2777 restituta,
1389 2718 1471 2766 tot
1507 2708 1849 2765 mendasub-

268 2800 422 2861 lata;
482 2807 543 2854 ut
577 2816 871 2872 perpauca,
904 2802 951 2857 si
982 2819 1090 2873 qua
1122 2811 1271 2866 sunt,
1302 2802 1481 2857 adhuc
1510 2798 1851 2856 emendanda

267 2907 583 2969 superesse,
619 2893 927 2950 videantur.
983 2893 1121 2948 Cum
1180 2909 1310 2949 vero
1368 2897 1425 2947 in
1472 2901 1623 2947 textu
1661 2890 1851 2946 Graeco

264 2984 638 3040 emaculando
682 3001 895 3041 summa
926 3001 1049 3040 cum
1093 2987 1253 3041 laude
1296 3000 1409 3056 pra:
1436 2984 1690 3039 omnibus
1718 2998 1845 3038 ver-

1946 501 2124 570 capita
2171 517 2202 557 e
2244 503 2607 557 Coutantiana
2639 510 2693 557 et
2721 500 2966 574 Freyana
3004 501 3338 558 editionibus
3382 518 3511 560 con-

1945 602 2094 648 texta
2117 594 2471 664 subjecimus.

2016 686 2082 741 ll.
2115 685 2234 741 Jam
2263 702 2413 751 vero,
2447 696 2509 742 ut
2538 687 2606 743 de
2642 686 2835 741 harum
2874 685 3223 755 epistolarum
3247 695 3513 755 praestan-

1946 779 2022 832 tia
2054 786 2108 833 et
2137 780 2450 834 sinceritate
2478 780 2834 840 disseramus,
2868 778 3220 833 celeberrima
3247 785 3349 835 est.
3366 778 3511 848 quod

1946 888 2137 928 omnes
2165 873 2360 927 eruditi
2394 881 2615 939 norunt,
2649 888 2769 941 quae
2813 872 2962 941 prior
2992 872 3289 926 Corinthiis
3314 870 3513 926 inscri-

1946 968 2093 1023 bitur
2119 986 2131 1022 :
2175 966 2497 1036 Ἱκανωτάτη
2526 966 2709 1035 γραφή
2737 965 2877 1018 dicta
2902 962 2959 1018 S.
2979 965 3199 1028 Irenaeo,
3230 964 3511 1034 Ἐπιστολὴ

1951 1054 2159 1126 μεγάλη
2214 1073 2273 1107 τε
2330 1057 2424 1108 καὶ
2470 1054 2746 1125 θαυμασία
2804 1053 3038 1108 Eusebio
3089 1074 3102 1109 :
3163 1062 3325 1124 atque
3376 1056 3511 1110 adeo

1949 1154 2158 1199 tantum
2186 1160 2293 1199 non
2316 1146 2603 1209 canonica,
2648 1161 2766 1201 eam
2815 1146 2957 1216 apud
2991 1160 3180 1201 omnes
3211 1147 3509 1200 auctorita-

1947 1247 2055 1295 tem
2088 1240 2342 1305 obtinuit,
2404 1246 2462 1292 ut
2500 1238 2725 1308 perinde
2774 1254 2837 1292 ac
2871 1239 3091 1308 reliquae
3141 1240 3509 1309 apostolorum

1947 1332 2222 1403 Epistolas,
2242 1331 2457 1401 publice
2497 1332 2767 1401 aliquibus
2798 1331 2851 1384 in
2880 1330 3127 1386 ecclesiis
3159 1331 3295 1385 lecta
3327 1330 3507 1386 fuerit:

1946 1425 2091 1495 quod
2163 1425 2381 1495 quidem
2459 1432 2657 1495 praeter
2723 1423 3058 1488 Eusebium,
3124 1422 3557 1494 Hieronymum.

1948 1520 2194 1589 aliosque
2224 1528 2437 1573 veteres
2457 1519 2778 1588 scriptores,
2810 1525 3041 1571 testatur
3079 1518 3353 1586 antiquior
3384 1516 3514 1570 Dio-

1946 1612 2138 1683 nysius
2197 1610 2606 1666 Corinthiorum
2674 1609 2966 1679 episcopus
3044 1609 3139 1678 (8).
3190 1608 3314 1663 Haec
3381 1624 3513 1664 sane

1949 1703 2188 1772 priscum
2244 1700 2518 1771 Evangelii
2579 1701 2819 1769 vigorem
2876 1701 3087 1769 spirat:
3136 1701 3309 1770 stylus
3349 1716 3511 1769 quam

1952 1795 2195 1863 proxime
2224 1793 2290 1846 ad
2313 1792 2519 1848 Novum
2552 1791 2962 1848 Testamentum
2993 1791 3241 1848 accedit:
3269 1806 3358 1847 res
3394 1807 3513 1846 ver-

1947 1886 2125 1954 baque
2157 1884 2273 1953 ipsa
2304 1884 2591 1953 desumpta
2622 1885 2676 1937 in
2700 1886 2893 1954 primis
2931 1901 2998 1943 ex
3041 1884 3300 1956 Epistolis
3328 1882 3517 1937 Pauli-

1947 1976 2076 2031 nis:
2120 1975 2354 2045 denique
2396 1975 2533 2030 nihil
2581 1975 2694 2032 fere
2746 1978 2799 2030 in
2834 1992 2897 2032 ea
2954 1977 3184 2049 reperiri
3220 1976 3511 2047 contingit,

1947 2069 2093 2138 quod
2122 2069 2376 2140 primaeva
2432 2070 2711 2125 nascentis
2741 2068 2999 2126 Ecclesiae
3043 2067 3373 2124 incunabula
3401 2083 3514 2123 non

1945 2158 2184 2224 referat,
2228 2160 2471 2229 nihilque
2532 2159 2677 2229 quod
2726 2162 2902 2215 virum
2946 2161 3108 2232 plane
3154 2161 3520 2232 apostolicum

1944 2264 2052 2303 non
2081 2250 2314 2305 maxime
2334 2250 2543 2305 deceat.

2013 2342 2083 2395 At
2114 2344 2366 2411 quamvis
2394 2343 2708 2411 hujusmodi
2755 2343 3127 2400 venerandum
3176 2359 3349 2400 sacrae
3373 2346 3518 2399 anti-

1947 2436 2176 2505 quitatis
2203 2445 2615 2492 monumentum
2653 2451 2683 2490 a
2713 2437 2989 2507 plerisque
3016 2437 3244 2493 vetustis
3270 2438 3512 2508 locuple—

1948 2529 2176 2584 tissimis
2206 2530 2439 2585 testibus
2483 2545 2622 2600 quos
2664 2530 2839 2586 eidem
2877 2529 3270 2599 praemisimus,
3312 2545 3514 2600 usque-

1950 2631 2168 2686 quaque
2204 2624 2519 2685 astruatur;
2571 2625 2754 2688 atque,
2806 2618 2968 2673 simul
3029 2634 3094 2673 ac
3137 2634 3205 2674 ex
3255 2618 3516 2689 antiquis-

1950 2708 2090 2762 simo
2130 2723 2235 2763 ms.
2275 2709 2465 2764 codice
2509 2711 2879 2766 Alexandrino
2924 2710 3057 2766 illud
3106 2714 3162 2765 in
3205 2711 3382 2767 lucem
3415 2712 3518 2766 fuit

1949 2800 2177 2865 editum,
2227 2814 2442 2855 summo
2473 2801 2811 2857 eruditorum
2860 2802 3030 2858 ferme
3084 2803 3328 2858 omnium
3384 2817 3516 2858 con-

1949 2908 2136 2956 sensu,
2164 2894 2436 2949 sincerum
2464 2895 2686 2949 omnino
2712 2902 3196 2966 quantumcunque
3223 2903 3328 2959 est,
3361 2897 3519 2965 agni-

1947 2989 2061 3036 tum
2090 2981 2273 3048 l‘uerit,
2332 2993 2610 3054 receptum
2666 2986 3226 3056 comprobatumque:
3281 3001 3391 3040 non
3421 2986 3517 3041 de-

266 3086 422 3131 satus
452 3076 631 3133 fuisse
672 3079 923 3134 videatur
948 3078 1218 3134 Henricus
1242 3078 1556 3143 Wottonus,
1591 3079 1848 3133 solertem
1876 3083 1917 3143 (ζ
1953 3075 2103 3130 luere
2132 3084 2313 3131 tamen
2342 3076 2446 3131 hoc
2475 3084 2529 3131 et
2559 3078 2841 3147 superiore
2862 3079 3061 3133 saeculo
3080 3116 3097 3141 ,
3141 3078 3234 3148 qui
3264 3078 3515 3133 vitiatum

267 3168 417 3223 hunc
458 3169 726 3225 editorem
766 3170 936 3226 ferme
988 3172 1189 3241 ubique
1234 3186 1355 3225 sum
1406 3175 1713 3224 assectatus
1744 3182 1847 3223 :ea

266 3266 453 3315 tamen
494 3260 739 3314 adhibita
774 3261 1004 3324 ratione,
1036 3269 1096 3316 ut
1139 3261 1402 3317 nonnulla
1432 3259 1761 3331 quandoque
1789 3259 1845 3311 in

266 3350 418 3406 notis
452 3350 783 3419 subjecerim
831 3368 897 3407 ex
948 3353 1100 3406 Millii
1153 3353 1457 3423 praesertim
1509 3350 1843 3422 apographo,

269 3459 394 3513 qua:
415 3445 501 3498 vel
525 3443 703 3513 ipsum
725 3445 988 3500 editorem
1020 3444 1530 3515 Cantabrigiensem
1556 3444 1840 3514 fugerunt,

267 3546 327 3590 ut
368 3537 533 3591 modo
563 3536 864 3605 praemonui
889 3554 905 3603 ;
936 3538 1068 3607 quin
1098 3544 1151 3591 et
1176 3538 1231 3591 in
1261 3538 1499 3592 medium
1521 3537 1842 3607 protulerim

267 3630 481 3698 aliquot
526 3630 767 3683 virorum
788 3629 1133 3684 eruditorum
1156 3630 1533 3699 conjecturas,
1566 3630 1846 3684 Birrianas

266 3721 323 3775 in
348 3720 567 3789 primis,
599 3735 721 3788 qua:
752 3720 818 3773 ad
856 3735 1041 3773 veram
1075 3721 1364 3776 lectionem
1402 3721 1722 3783 eruendam,
1751 3720 1845 3773 ubi

265 3822 454 3867 textus
496 3812 719 3874 defecit,
762 3812 987 3882 propius
1016 3812 1315 3869 accessisse
1335 3814 1466 3871 visa:
1492 3822 1641 3867 sunt.
1672 3810 1845 3866 Inter-

267 3907 641 3979 pretatinnem
683 3904 948 3959 Cotelerii
990 3920 1021 3959 a
1061 3902 1355 3961 Coutantio
1393 3906 1722 3959 recensitam
1753 3918 1843 3957 re-

265 3998 432 4062 tinui,
482 3997 591 4052 nisi
627 3997 786 4051 aliter
809 3996 1045 4051 suaserit
1083 3998 1328 4052 exactior
1368 3996 1576 4053 codicis
1610 3996 1846 4051 Alexan—

266 4089 417 4143 drini
450 4087 697 4151 collatio,
729 4102 758 4138 a
784 4085 1048 4143 Wottono
1061 4096 1115 4143 et
1142 4088 1312 4144 Millio
1340 4090 1592 4146 instituta
1618 4107 1633 4157 ;
1666 4088 1844 4144 sicubi

263 4182 417 4236 enim
465 4194 533 4232 ex
581 4178 684 4233 ﬁde
727 4194 831 4233 ms.
870 4180 1033 4233 lectio
1061 4180 1280 4249 vulgata
1332 4180 1680 4235 reformanda
1710 4180 1834 4246 fuit,

265 4272 656 4341 interpretatio
680 4286 899 4339 quoque
936 4280 997 4324 ut
1036 4271 1104 4324 ad
1139 4278 1345 4326 textum
1373 4270 1625 4327 Graecum
1664 4274 1845 4341 exige-

267 4369 423 4415 retur
444 4360 707 4429 oportuit.
741 4359 961 4424 Adhaec,
983 4359 1239 4416 Veterum
1264 4363 1579 4416 testimonia
1605 4362 1841 4432 praemissi

266 4468 332 4505 ex
373 4449 721 4505 Coteleriana
774 4451 1015 4505 editione
1054 4450 1377 4521 desumpta;
1432 4452 1630 4521 quibus
1658 4459 1841 4505 tamen

268 4543 375 4595 alia
409 4543 671 4596 nonnulla
707 4543 937 4605 intexui,
969 4542 1182 4597 caeteris
1214 4553 1310 4596 aut
1342 4545 1709 4613 praetermissa
1749 4551 1840 4597 aut

266 4635 467 4687 invisa.
514 4631 839 4704 Fragmenta
887 4634 1014 4689 item
1057 4633 1399 4690 Clementina
1428 4636 1623 4705 adjeci,
1658 4651 1725 4690 ex
1773 4638 1840 4693 iis

264 4724 619 4795 potissimum
666 4726 834 4793 petita
884 4740 1005 4794 qua:
1047 4724 1373 4782 Coutantius
1415 4727 1694 4797 congessit
1732 4747 1744 4783 :
1784 4738 1840 4781 at

264 4821 450 4874 locum
489 4815 796 4870 lrenaicum
854 4816 923 4870 ab
978 4817 1096 4887 ipso
1124 4819 1415 4874 recitatum
1460 4821 1642 4887 omisi,
1673 4837 1834 4891 quem

262 4910 454 4979 potius
506 4907 651 4962 inter
694 4907 1011 4962 testimonia
1052 4907 1396 4965 referendum
1430 4914 1652 4980 censui;
1689 4916 1743 4968 in
1773 4929 1840 4970 eo

261 5014 507 5068 namque
538 5014 646 5053 non
694 4997 901 5068 aliquid
930 5000 1078 5063 novi,
1126 4999 1222 5055 sed
1265 5008 1474 5054 tantum
1516 5002 1777 5073 Epistola:
1819 5006 1839 5059 ι

262 5091 536 5163 synopsin
570 5092 805 5145 lrenzeus
825 5092 1138 5148 exhibuisse
1160 5093 1495 5162 perhibetur,
1530 5104 1590 5148 ut
1621 5097 1840 5151 cuilibet

262 5182 558 5252 diligenter
587 5181 887 5237 attendenti
911 5192 1249 5254 compertum
1274 5185 1365 5239 ﬁet
1399 5204 1413 5240 :
1446 5187 1593 5256 quod
1619 5189 1836 5258 quidem

262 5289 469 5344 magno
498 5272 756 5330 Ecclesia:
776 5276 1055 5330 annalium
1084 5276 1295 5346 parenti
1316 5276 1640 5346 jampridem
1671 5278 1839 5333 subo-

262 5367 367 5419 luit
400 5364 508 5437 (7),
533 5381 657 5421 cum
688 5367 869 5421 adhuc
898 5366 1195 5424 Clementis
1226 5376 1405 5424 textus
1446 5369 1503 5422 in
1545 5369 1838 5425 bibliothe-

331 5519 415 5592 (Ῑ)
453 5519 679 5592 Quom.
705 5522 769 5577 ad
794 5538 923 5579 ann.
949 5524 1037 5592 95,
1057 5541 1204 5580 num.
1238 5526 1292 5579 Ξ.

262 5588 693 5722 lib(.8llv’0cioggv'rs.
756 5588 1032 5650 Corinthf
1067 5597 1210 5667 apud
1265 5595 1463 5653 Euseb.
1511 5596 1649 5654 Hist.
1704 5598 1830 5656 eccl.

1949 3167 2091 3223 idem
2147 3169 2391 3238 mireque
2443 3169 2832 3240 interpolatum
2878 3171 3162 3227 obﬁrmate
3218 3171 3514 3226 contende-

1948 3261 2082 3318 riut.
2117 3261 2225 3318 Eos
2281 3263 2423 3318 inter
2464 3263 2668 3333 primas
2693 3270 2839 3318 tenet
2868 3262 3156 3319 Eduardus
3180 3262 3512 3326 Bernardus,

1949 3357 2107 3425 cujus
2148 3357 2349 3411 notulaa
2402 3356 2457 3410 in
2504 3363 2735 3426 utraque
2762 3352 3268 3411 Amstazlodamensi
3310 3356 3516 3412 Cotele-

1950 3440 2105 3502 riana
2134 3446 2355 3502 Patrum
2408 3448 2833 3517 apostolicorum
2863 3447 3102 3502 editione
3153 3455 3511 3516 comparent:

1948 3541 2149 3609 quibus
2186 3540 2440 3593 nimirum
2475 3540 2528 3593 in
2564 3539 2618 3594 id
2652 3539 2836 3610 operis
2878 3538 3221 3609 potissimum
3248 3539 3513 3594 omniad-

1948 3630 2119 3685 hibito
2162 3636 2362 3685 conatu
2424 3630 2692 3684 incumbit
2756 3631 2841 3685 vir
2898 3627 3325 3701 κριτικώτατος,
3402 3644 3514 3697 quo

1948 3724 2088 3777 hanc
2118 3723 2400 3792 epistolam
2434 3737 2464 3775 a
2519 3722 2682 3791 plano
2724 3722 2971 3791 improbo
3008 3722 3207 3775 misere
3255 3720 3510 3774 foedatam

1948 3813 2193 3877 suadeat,
2218 3812 2309 3883 qui
2330 3812 2595 3867 Clementi
2629 3810 2875 3865 Romano
2920 3811 3232 3865 innumeras
3264 3809 3513 3865 Clemen-

1946 3908 2018 3961 tis
2044 3906 2397 3960 Alexandrini
2421 3906 2648 3961 lacinias
2672 3906 2936 3961 adsuerit.
2972 3904 3273 3960 Severioris
3329 3914 3509 3959 autem

1945 3999 2111 4067 hujus
2131 4000 2311 4053 critici
2338 4000 2539 4069 placita
2574 3998 2771 4053 Joanni
2800 3998 3012 4053 Clerico
3044 3999 3358 4067 plerumque
3382 4013 3511 4067 pro-

1946 4090 2166 4156 bantur,
2196 4091 2287 4160 qui
2313 4106 2374 4145 ea
2403 4092 2612 4160 primus
2648 4091 2701 4143 in
2732 4090 2925 4159 vulgus
2968 4091 3165 4143 emisit.
3211 4088 3512 4158 Utrumque

1945 4198 2131 4252 porro,
2168 4183 2262 4237 sed
2300 4182 2636 4237 Bernardum
2669 4186 2993 4252 prtesertim,
3032 4181 3205 4235 solide
3254 4180 3510 4233 refutat-it

1948 4278 2199 4332 laudatus
2231 4276 2496 4331 Henricus
2530 4275 2823 4329 Wottonus
2845 4276 2899 4328 in
2931 4275 3077 4329 notis
3104 4274 3171 4327 ad
3211 4271 3498 4325 Clementi-

1945 4384 2046 4423 nas
2103 4368 2383 4437 epistolas,
2431 4383 2661 4437 quarum
2707 4367 2999 4421 editionem
3049 4380 3114 4418 eo
3162 4362 3505 4431 potissimum

1948 4463 2168 4517 nomine
2197 4478 2228 4516 a
2259 4478 2316 4517 se
2337 4462 2653 4517 adornatam
2688 4458 2972 4530 proﬁtetur
2992 4457 3089 4528 (9).
3124 4455 3321 4511 Verum
3362 4455 3506 4508 haud

1944 4556 2126 4629 pigeat
2153 4555 2446 4623 ipsummet
2498 4552 2967 4607 accuratissimum
3017 4549 3277 4603 editorem
3311 4547 3411 4600 hac
3439 4546 3508 4600 de

1945 4663 2003 4702 re
2036 4647 2393 4702 disserentem
2446 4642 2635 4698 audire
2685 4641 2831 4713 (10):
2897 4658 2915 4691 ι
2953 4638 3097 4693 lrriti
3127 4647 3274 4701 sunt,
3307 4636 3503 4706 inquit,

1945 4737 2108 4806 hujus
2140 4734 2445 4805 (Bernardi)
2490 4740 2759 4799 conatus;
2792 4732 2885 4801 qui
2918 4732 3065 4785 enim
3096 4729 3198 4783 hoc
3249 4728 3410 4782 modo
3438 4742 3506 4781 ex

1942 4828 2219 4883 Clemente
2249 4826 2619 4880 Alexandrino
2656 4824 2855 4895 arguit,
2895 4830 2987 4877 aut
3028 4838 3151 4878 eum
3200 4836 3308 4875 non
3340 4819 3507 4889 probe

1942 4919 2113 4981 novit,
2159 4926 2253 4972 aut
2296 4918 2435 4971 mala
2486 4917 2589 4971 [ide
2632 4917 2743 4985 agit
2784 4934 2798 4970 :
2856 4914 3046 4971 eadem
3093 4914 3235 4969 enim
3294 4912 3506 4966 ratione

1942 5020 2123 5067 actum
2151 5013 2257 5065 erit
2287 5012 2354 5067 de
2385 5011 2666 5065 authentia
2697 5019 2750 5063 et
2774 5008 2876 5063 [ide
2901 5024 3089 5063 eorum
3120 5007 3387 5069 omnium,
3410 5004 3504 5075 qui

1942 5121 1971 5159 a
2016 5106 2292 5161 Clemente
2348 5103 2720 5159 Alexandrino
2770 5117 2997 5171 usquam
3057 5101 3317 5164 citantur,
3364 5097 3506 5153 scri-

1940 5206 2175 5265 ptorum.
2193 5196 2363 5253 Nemo
2384 5197 2526 5252 enim
2544 5195 2765 5250 Patrum
2789 5195 2983 5264 majori
3013 5194 3230 5249 licentia
3257 5199 3339 5245 est
3369 5204 3502 5245 usus

1939 5287 1993 5341 in
2028 5286 2262 5341 citandis
2288 5287 2625 5345 auctoribus.
2643 5286 2758 5340 sive
2782 5286 2953 5340 sacris
2974 5284 3088 5339 sive
3109 5280 3498 5345 ethnicis;cum

1939 5376 1986 5431 ei
2018 5376 2073 5430 in
2104 5391 2255 5432 more
2282 5377 2372 5433 sit.
2406 5391 2515 5432 non
2539 5378 2747 5447 integra
2777 5381 3059 5429 auctorum
3089 5374 3252 5428 verba
3287 5384 3497 5440 semper

2010 5532 2086 5599 (9)
2142 5528 2714 5589 Praefat.adClcmcnt.
2749 5530 2943 5601 Epist.,
2992 5531 3194 5601 p.207.

1937 5602 2122 5727 ⁴000)
2182 5601 2237 5656 In
2287 5610 2399 5655 not.
2456 5602 2523 5655 ad
2575 5602 2745 5657 Clem.
2795 5599 3091 5672 Epistfl,
3140 5616 3262 5672 cap.
3318 5599 3389 5664 9,
3442 5617 3475 5672 τι
