3936 6172
409 295 474 354 91
1537 290 1626 344 AD
1667 289 1726 346 S.
1765 287 2188 346 CLEMENTEM
2224 287 2244 341 I
2284 286 2514 343 PAPAM
3574 283 3647 339 9‘2

409 406 662 469 recitare,
719 405 816 462 sed
870 421 970 474 pro
1014 407 1241 462 arbitrio
1299 421 1398 462 suo
1448 422 1594 460 nunc
1628 405 1970 468 contrahere,
2003 407 2050 464 Δ
2077 403 2220 457 drini
2253 418 2316 458 ex
2353 418 2461 472 quo
2487 401 2822 472 descriptum
2849 409 2934 456 est
2989 400 3287 471 pretiosum
3345 398 3475 454 illud
3529 415 3644 452 κει-ρ

412 512 558 551 nunc
587 498 655 552 de
706 513 807 552 suo
856 499 1132 564 inserere,
1195 498 1302 552 alia
1344 502 1617 561 omittere,
1669 497 1776 551 alia
1803 497 1972 550 variis

414 589 591 644 modis
644 597 880 645 mutare.
937 620 1008 630 ——
1050 591 1109 645 Si
1155 590 1224 646 ad
1297 591 1412 646 haec
1463 590 1652 646 scdulo
1699 587 1970 651 attendas,

417 694 704 749 agnosces,
729 679 818 750 pie
834 679 1048 746 Lector,
1075 696 1310 745 mecum,
1351 696 1418 736 ex
1449 681 1817 735 Alexandrino
1865 695 1972 733 non

417 769 796 838 mterpolatam
855 768 1046 835 fuisse,
1094 771 1256 826 toties
1306 771 1374 824 ab
1435 771 1673 826 Ecclesia
1722 770 1973 840 primaeva

415 859 738 915 celebratam
776 861 1048 925 laudibus,
1073 862 1181 916 imo
1207 874 1260 917 et
1303 876 1428 915 cum
1475 862 1648 917 sacris
1677 859 1975 930 Scripturis

414 951 627 1020 publice
656 951 847 1007 lectam
881 950 1112 1006 Romani
1142 951 1439 1008 Clementis
1472 951 1820 1023 Epistolam.»
1851 952 1975 1020 Haec

419 1043 710 1098 Wottonus
735 1061 749 1109 ;
775 1044 862 1098 cui
897 1052 1075 1098 tamen
1109 1044 1395 1113 praziverat
1435 1042 1674 1098 Joannes
1711 1043 1972 1097 Potterus

411 1136 498 1188 vir
526 1135 660 1190 clar.
694 1135 749 1188 in
799 1135 1362 1189 animadversiouibus
1384 1134 1453 1187 ad
1495 1133 1825 1188 Clementem
1850 1133 1975 1188 Ale-

414 1224 741 1279 xandrinum
771 1223 906 1296 (II),
940 1224 1031 1278 ubi
1065 1225 1373 1278 summatim
1412 1223 1651 1294 quidem,
1702 1223 1796 1278 sed
1835 1224 1974 1277 acri-

413 1329 515 1382 ter,
547 1317 806 1373 Bernardi
831 1316 1257 1385 conjectalioncs
1282 1318 1446 1372 elisit.

485 1409 658 1479 Hujus
685 1424 815 1464 vero
837 1409 1016 1462 critici
1045 1408 1203 1478 Angli
1226 1410 1452 1478 vstigia
1485 1424 1674 1480 presso
1705 1409 1838 1478 pede
1860 1423 1976 1477 per-

421 1502 669 1572 sequitur
695 1499 934 1556 Joannes
963 1499 1290 1555 Laurentius
1320 1502 1796 1574 Moshemius(l2),
1815 1518 1974 1572 quem

414 1594 462 1648 si
496 1591 709 1656 audias,
754 1591 1052 1648 Clementis
1100 1594 1328 1662 epistola
1380 1594 1404 1646 1
1462 1603 1653 1662 quarta
1707 1596 1792 1648 sui
1823 1604 1976 1664 parte

413 1681 723 1736 mulctanda
749 1681 843 1735 tibi
872 1683 976 1737 erit
1015 1683 1140 1736 hinc
1171 1689 1223 1736 et
1259 1683 1429 1746 illinc,
1464 1700 1493 1736 a
1527 1683 1702 1753 capite
1735 1683 1767 1737 9
1797 1684 1863 1738 ad
1884 1686 1971 1739 55.

416 1773 522 1830 Sed
563 1789 670 1828 non
719 1774 902 1843 priora
955 1774 1172 1844 quidem
1207 1773 1390 1830 decem
1423 1777 1623 1845 capita,
1673 1791 1739 1831 eo
1767 1776 1971 1845 judice,

408 1866 481 1926 ab
504 1866 922 1935 interpolatione
964 1873 1090 1920 sunt
1140 1882 1364 1935 prorsus
1392 1867 1672 1922 immunia.
1701 1869 1768 1921 At
1793 1870 1976 1923 inania

412 1975 537 2015 esse
567 1975 631 2013 ac
661 1958 837 2013 futilia
857 1958 1138 2014 Moshemii
1169 1971 1486 2028 argumenta
1515 1961 1570 2014 in
1593 1961 1768 2016 oculis
1797 1962 1979 2030 posuit

412 2049 650 2106 Joannes
681 2049 991 2104 Ludovicus
1015 2048 1152 2122 Frey
1180 2050 1290 2120 (l5)
1317 2071 1329 2106 :
1373 2052 1639 2120 siquidem
1679 2052 1875 2106 invicte
1895 2052 1979 2106 vir

411 2143 663 2198 eruditus
692 2143 1032 2198 evincitcum
1059 2159 1125 2198 ex
1157 2145 1483 2214 antiquitate
1511 2145 1720 2200 codicis
1743 2127 1979 2200 Alexan-

663 2256 830 2325 Epist.
866 2258 892 2312 I
936 2256 1217 2312 Clementis
1262 2259 1328 2312 ad
1375 2259 1694 2314 Corinthios.

483 2371 616 2441 Cap.
650 2369 692 2426 I.
725 2371 971 2436 Γυναιξίν
999 2389 1057 2424 τε
1085 2404 1153 2412 -
1182 2373 1604 2443 παρηγγέλλετε,
1649 2373 1979 2445 στεργούσας

415 2461 761 2532 καθηκόντως
810 2465 935 2527 τοὺς
982 2464 1178 2535 ἄνδρας
1211 2466 1416 2518 ἑαυτῶν
1470 2497 1536 2506 ——
1582 2467 1721 2520 πάνυ
1779 2485 1982 2539 σωφρο-

415 2570 627 2616 νουσας.

482 2647 615 2718 Cap.
646 2645 716 2702 ν.
747 2647 954 2720 Πέτρος
973 2680 1039 2689 -
1059 2647 1199 2701 οὕτω
1231 2650 1588 2720 μαρτυρήσας
1615 2650 1884 2722 ἐπορεύθη
1905 2653 1981 2714 είς

414 2738 504 2793 τὸν
537 2739 878 2811 ὀφειλόμενον
898 2740 1060 2794 τόπον
1079 2741 1178 2810 τῆς
1205 2739 1380 2810 δόξης.

485 2825 620 2896 Cap.
651 2826 765 2882 VII.
801 2829 891 2880 Διὸ
913 2828 1296 2899 ἀπολείπωμεν
1315 2829 1412 2892 τάς
1440 2831 1599 2894 κενὰς
1627 2831 1719 2884 καὶ¹
1749 2832 1982 2902 ματαίας

417 2922 720 2992 φροντίδας,
751 2923 844 2976 καὶ
887 2922 1125 2993 ἔλθωμεν
1155 2925 1247 2977 ἐπὶ⁸
1287 2925 1376 2978 τὸν
1415 2924 1608 2995 εὐκλεῆ
1645 2927 1741 2978 καὶ
1791 2926 1981 2997 σεμνὸν

415 3006 516 3076 τῆς
545 3008 704 3076 ἁγίας
735 3008 979 3079 κλήσεως
1006 3009 1162 3079 ἡμῶν
1195 3012 1410 3065 κανόνα.

488 3069 622 3167 Cap.
776 3069 866 3150 Δίὸ
895 3069 1290 3172 ὑπαέούσωμεν
1336 3107 1402 3175 τῇ
1449 3104 1850 3176 μεγαλοπρεπεῖ
1889 3105 1982 3158 καὶ
2009 3069 2051 3126 C

418 3187 610 3259 ἐνδόξῳ
665 3188 910 3260 βουλήσει
966 3190 1132 3244 αὐτοῦ
1193 3192 1376 3265 [Θεοῦ]
1408 3227 1475 3234 —
1513 3195 1861 3259 ἀπολιπόντες
1890 3197 1984 3268 τὴν

423 3279 830 3347 ματαιοπονίαν,
861 3278 959 3348 τήν
987 3296 1044 3332 τε
1074 3280 1273 3351 ἕριν,κ.
1306 3301 1357 3336 τ.
1391 3284 1441 3336 λ.

491 3369 624 3438 Cap.
682 3369 821 3424 XIII.
870 3373 1220 3444 Μεμνημένοι
1266 3375 1374 3428 τῶν
1413 3377 1586 3446 λόγων
1637 3375 1731 3430 τοῦ
1783 3379 1984 3449 Κυρίου

419 3460 617 3527 Ἰησοῦ,
649 3460 742 3524 οὓς
766 3462 1021 3534 ἐλάλησεν
1049 3465 1414 3519 διδάσκων·-
1431 3461 1479 3534 ᾧ
1489 3468 1680 3542 μέτρῳ
1700 3470 1982 3539 μετρεῖτε,

419 3547 489 3598 ἐν
519 3546 676 3611 αὐτῷ
699 3549 1133 3616 μετρηθήσεται
1160 3552 1320 3622 ὑμῖν.

493 3640 624 3706 Cap.
657 3638 800 3694 XXI.
835 3643 1059 3714 Ἴδωμεν
1090 3644 1203 3707 πῶς
1220 3644 1384 3712 ἐγγύς
1412 3646 1557 3699 ἐστιν
1580 3645 1629 3717 [ὁ
1650 3646 1874 3718 Κύριος]
1897 3648 1988 3699 καὶ

423 3727 504 3779 ὅτι
531 3729 680 3781 οὐδὲν
708 3729 928 3800 λέληθεν
959 3733 1121 3785 αὐτὸν
1148 3734 1254 3787 τῶν
1285 3734 1500 3788 ἐννοιῶν
1529 3735 1706 3805 ἡμῶν,
1737 3737 1854 3790 οὐδὲ
1881 3736 1987 3788 τῶν

424 3819 784 3891 διαλογισμῶν
811 3819 886 3873 ὧν
930 3822 1247 3893 ποιούμεθα’
1278 3855 1348 3863 -
1389 3825 1678 3896 ἐρευνητὴς
1706 3827 1813 3897 γάρ
1842 3828 1988 3880 ἐστιν

427 3911 643 3963 ἐννοιῶν
673 3913 766 3964 καί¹
796 3911 1160 3984 ἐνθυμήσεων.

499 4002 636 4056 Ibid.
672 4003 810 4066 Τοὺς
852 4005 1004 4066 νεοὺς
1048 4003 1422 4074 παιδεύσωμεν
1465 4006 1562 4076 τὴν
1607 4007 1850 4060 παιδείαν
1895 4008 1988 4061 τοῦ

427 4097 592 4168 φόϐου
623 4097 717 4150 τοῦ
747 4097 882 4150 Θεοῦ
902 4114 916 4129 ο
959 4097 1058 4160 τάς
1103 4103 1362 4166 γυναῖκας
1390 4103 1421 4169 ἡ
1433 4100 1545 4169 μῶν
1573 4102 1664 4153 ἐπὶ
1699 4101 1758 4154 τὸ
1790 4103 1990 4171 ἀγαθὸν

426 4188 877 4261 διορθωσώμεθα·
940 4189 1000 4242 τὸ
1043 4189 1413 4260 ἀξιαγὰπητον
1451 4192 1550 4262 τῆς
1592 4193 1810 4260 ἁγνείας
1861 4191 1991 4265 ἦθος

429 4279 882 4346 ἐνδειξάσθωσαν’
938 4313 1006 4322 -—
1058 4281 1155 4352 τὴν
1216 4281 1435 4351 ἀγάπην
1491 4283 1668 4352 αὐτῶν
1725 4284 1798 4356 μὴ
1851 4287 1992 4340 κατά

2082 493 2290 564 μήλιον,
2346 500 2462 546 tum
2500 507 2566 547 ex
2613 501 2854 547 veterum
2884 491 3104 547 Patrum
3133 491 3480 553 testimoniis,
3539 506 3647 545 nos

2077 583 2322 638 eamdem
2355 583 2580 638 omnino
2634 583 2916 653 epistolam
2976 583 3198 646 habere,
3255 598 3417 653 quam
3458 583 3648 636 habuit

2078 682 2294 729 vetusta
2325 673 2604 741 Ecclesia;
2639 689 2801 744 quam
2851 674 3144 729 audierunt
3181 673 3236 726 in
3285 675 3459 728 sacris
3487 674 3645 727 emti-

2079 765 2181 822 bus
2212 766 2452 836 primmvi
2479 765 2799 829 Christiani,
2841 764 2970 819 dum
3019 763 3197 818 adhuc
3241 763 3360 833 ejus
3391 763 3646 819 lectionis

2076 875 2212 914 usus
2241 859 2480 931 vigeret;
2507 874 2670 930 quam
2692 858 2926 928 denique
2955 857 3198 928 legerunt
3221 855 3512 927 Dionysius
3537 856 3646 911 Co-

2077 951 2337 1016 rinthius,
2365 949 2618 1006 Clemens
2651 947 3052 1003 Alexandrinus
3075 988 3090 1013 ,
3123 947 3362 1018 Cyrillus
3387 945 3648 1002 Hieroso-

2077 1041 2394 1114 lymitanus,
2425 1041 2809 1113 Hieronymus,
2843 1048 2898 1096 et
2926 1039 3127 1095 exteri.

2149 1131 2350 1187 Verum
2383 1133 2431 1188 si
2479 1132 2643 1188 altius
2691 1132 2872 1186 adhuc
2927 1131 3321 1186 assurrexisset
3370 1129 3453 1184 vir
3478 1131 3645 1192 clar.,

2076 1221 2313 1276 vetustis
2371 1220 2481 1275 illis
2550 1219 2807 1275 Ecclesiae
2865 1220 3227 1290 scriptoribus
3286 1221 3643 1275 vetustiorem

2075 1316 2238 1371 etiam
2269 1314 2471 1370 addere
2526 1322 2740 1384 poterat
2792 1315 3176 1387 Polycarpum,
3236 1315 3642 1370 sanctissimum

2078 1405 2462 1480 Smyrneusem
2492 1408 2806 1479 episcopum
2837 1417 2892 1463 et
2911 1416 3201 1480 martyrem
3229 1451 3242 1475 ,
3270 1409 3362 1478 qui
3399 1406 3642 1462 eamdem

2084 1497 2480 1554 Clementinam
2529 1499 2825 1569 Epistolam
2885 1515 3050 1554 manu
3101 1515 3372 1564 versasse,
3427 1499 3559 1568 quin
3589 1506 3646 1553 et

2077 1589 2341 1644 nonnulla
2368 1605 2432 1644 ex
2457 1605 2519 1644 ea
2542 1605 2679 1659 pene
2705 1589 2878 1644 verbo
2908 1599 3064 1644 tenus
3094 1598 3346 1659 excerpta
3378 1590 3433 1643 in
3486 1604 3644 1643 suam

2080 1683 2145 1736 ad
2177 1681 2554 1751 Philippenses
2590 1681 2886 1750 Epistolam
2930 1682 3280 1736 transtulisse
3306 1681 3640 1750 perhibetur.

2078 1773 2262 1844 Neque
2293 1774 2526 1828 fortasse
2555 1776 2789 1828 otiosum
2831 1772 3014 1835 fuerit,
3056 1789 3176 1842 quae
3231 1773 3366 1826 viris
3413 1773 3643 1825 eruditis

2078 1865 2345 1932 nobisque
2400 1865 2687 1918 observata
2737 1861 2804 1918 de
2848 1863 3236 1934 Polycarpiana
3287 1864 3514 1917 lectione
3551 1878 3643 1916 oc-

2079 1963 2332 2018 currunt,
2376 1955 2429 2007 in
2470 1971 2639 2008 unum
2664 1968 2920 2024 congesta
2955 1963 3118 2025 atque
3166 1955 3394 2008 invicem
3425 1969 3642 2022 compa-

2078 2054 2201 2100 rata
2233 2047 2288 2100 in
2325 2046 2562 2100 medium
2602 2046 2868 2116 proferre.
2929 2046 3006 2100 En
3060 2047 3242 2117 itaque
3273 2047 3515 2100 locorum
3546 2045 3644 2097 ali-

2080 2144 2214 2207 quot
2242 2137 2664 2206 parallelismum
2693 2138 3023 2192 institutum.

2428 2252 2601 2323 Epist.
2636 2252 2919 2324 Polycarpi
2946 2253 3014 2306 ad
3058 2252 3285 2320 Philipp.

2150 2366 2281 2436 Cap.
2319 2366 2404 2420 IV.
2439 2366 2744 2437 Διδάξωμεν
2799 2399 2866 2407 —-
2925 2366 3023 2429 τὰς
3077 2369 3338 2433 γυναῖκας
3391 2365 3542 2435 ὑμῶν
3575 2393 3634 2404 -

2082 2458 2413 2530 στεργούσας
2438 2460 2564 2521 τοὺς
2597 2457 2802 2511 ἑαυτῶν
2828 2457 3022 2528 ἄνδρας
3043 2459 3098 2509 ἐν
3130 2457 3276 2529 πάσῃ
3305 2454 3526 2526 ἀληθείᾳ
3553 2455 3646 2507 καὶ

2080 2585 2148 2593 -
2181 2554 2238 2607 ἐν
2271 2553 2419 2626 πάσῃ
2448 2553 2760 2623 ἐγκρατείᾳ.

2152 2647 2284 2717 Cap.
2309 2644 2399 2700 IX.
2427 2646 2630 2716 Πέτρος
2660 2646 2752 2697 καὶ
2785 2642 2994 2704 Παῦλος
3015 2634 3236 2694 -οῦτοι
3267 2640 3550 2702 πάντες-
3570 2640 3646 2700 είς

2081 2740 2170 2793 τὸν
2197 2738 2537 2808 ὀφειλόμενον
2569 2737 2750 2796 αὐτοῖς
2775 2733 2940 2786 τόπον
2970 2733 3074 2784 εἰσὶ
3104 2731 3253 2802 παρά
3279 2730 3355 2800 τῷ
3384 2730 3589 2800 Κυρίῳ,

2153 2834 2287 2901 Cap.
2333 2829 2446 2884 VII.
2480 2829 2570 2882 Διὸ
2613 2826 2966 2888 ἀπολιπόντες
3011 2823 3108 2893 τὴν
3155 2823 3487 2894 ματαιότητα
3540 2820 3649 2874 τῶν

2083 2924 2290 2978 πολλῶν
2316 2952 2388 2963 ——
2412 2922 2503 2972 ἐπὶ
2533 2919 2622 2972 τὸν
2666 2917 2725 2982 ἐξ
2764 2917 2937 2988 ἀρχῆς
2982 2919 3114 2985 ἡμῖν
3157 2913 3527 2986 παραδοθέντα
3571 2911 3649 2963 λό-

2083 3034 2177 3087 γον
2206 3013 2634 3085 ἐπιστρέψωμεν.

2153 3109 2288 3176 Cap.
2322 3105 2387 3159 II.
2418 3105 2509 3157 Διὸ
2539 3102 2945 3170 ἀναζωσάμενοι
2965 3100 3062 3163 τὰς
3081 3099 3306 3168 ὀσφύας,
3336 3097 3650 3151 δουλεῦσατε

2085 3196 2161 3267 τῷ
2189 3195 2306 3264 Θεῴ
2335 3195 2391 3245 ἐν
2423 3192 2572 3261 φόϐῳ
2601 3192 2694 3244 κοιλ⁹
2725 3190 2968 3260 ἀληθείᾳ,
2986 3188 3338 3250 ἀπολιπόντες
3367 3186 3462 3256 τὴν
3491 3186 3654 3255 κενὴν

2090 3284 2490 3358 ματαιολογίαν,
2524 3283 2618 3336 καὶ
2647 3281 2744 3351 τὴν
2777 3279 2884 3332 τῶν
2913 3279 3120 3331 πολλῶν
3150 3277 3374 3347 πλάνην.

2152 3376 2282 3445 Cap.
2317 3374 2379 3428 II.
2416 3372 2896 3443 Μνημονευσαντες
2924 3369 2980 3421 δὲ
3007 3364 3081 3422 ὧν
3112 3365 3261 3421 εἶπεν
3291 3370 3319 3420 ὁ
3349 3368 3553 3438 Κύριος
3583 3368 3652 3420 δι-

2085 3468 2467 3522 δάσκων-μὲν
2493 3462 2540 3528 ᾧ
2563 3465 2756 3535 μέτρῳ
2777 3461 3057 3532 μετρεῖτε,
3089 3460 3652 3530 ἀντιμετρηθήσεται

2085 3559 2244 3629 ὑμῖν.

2157 3649 2288 3717 Cap.
2329 3644 2417 3700 IV.
2452 3644 2679 3697 Γινώσκ.
2739 3673 2804 3682 -—
2860 3643 2941 3694 ὅτι
2996 3640 3046 3712 [ὁ
3091 3638 3246 3710 Θεὸς]
3289 3637 3465 3691 πάντα
3496 3637 3656 3706 ἡμῶν

2089 3741 2400 3799 σκοπείται,
2443 3737 2534 3789 καὶ
2581 3731 2799 3802 λέληθεν
2853 3730 3014 3783 αὐτὸν
3068 3728 3241 3790 οὐδὲν,
3299 3726 3421 3779 οὔτε
3479 3726 3655 3792 λογισ-

2091 3831 2206 3902 μῶν
2225 3870 2239 3894 ,
2270 3828 2392 3882 οὔτε
2420 3827 2635 3881 ἐννοιῶν
2655 3864 2669 3889 ,
2716 3823 2836 3876 οὔτε
2880 3840 2932 3874 τι
2970 3821 3076 3873 τῶν
3106 3819 3360 3891 κρυπτῶν
3391 3817 3490 3887 τῆς
3519 3833 3653 3886 acap-

2087 3922 2223 3984 δίας.

2160 4011 2294 4065 Ibid.
2345 4007 2650 4078 Διδάξωμεν
2704 4036 2773 4046 -
2823 4005 2921 4066 τὰς
2989 4004 3248 4070 γυναῖκας
3303 3997 3454 4068 ὑμῶν
3513 3995 3654 4068 [πο-

2092 4101 2377 4174 ρεύεσθαι]
2408 4102 2465 4153 ἐν
2506 4103 2574 4170 τῇ
2601 4097 2819 4170 δοθείσῃ
2863 4096 3051 4156 αὐταῖς
3096 4093 3274 4144 πίστει
3323 4092 3417 4144 καὶ
3463 4090 3654 4160 ἀγάπῃ

2091 4196 2184 4248 καὶ
2215 4194 2488 4264 ἁγνείᾳ-
2507 4192 2602 4244 καὶ
2627 4188 2928 4258 ἀγαπώσας
2959 4187 3164 4249 πάντας
3185 4184 3242 4249 ἐξ
3277 4185 3389 4237 ἴσου
3418 4183 3475 4235 ἐν
3504 4181 3654 4252 πάσῃ

2091 4284 2402 4357 ἐγκρατείᾳ·
2434 4282 2528 4336 καὶ
2554 4281 2622 4334 τὰ
2648 4280 2813 4334 τέκνα
2843 4277 3113 4332 παιδεύειν
3140 4275 3237 4347 τὴν
3281 4272 3530 4327 παιδείαν
3558 4270 3652 4323 τοῦ

429 4371 796 4442 προσκλίσεις,
828 4369 961 4424 ἀλλὰ
1001 4371 1166 4424 πᾶσιν
1193 4373 1304 4434 τοῖς
1335 4371 1684 4442 φοϐουμένοις
1729 4373 1818 4428 τὸν
1860 4375 1990 4429 Θεὸν
2022 4410 2066 4465 D
2093 4377 2257 4447 φόϐου
2286 4374 2382 4428 τοῦ
2409 4373 2566 4428 Θεοῦ.

428 4465 609 4526 ὁσίως,
639 4465 758 4535 ῐσην
789 4463 1188 4535 παρεχέτωσαν.

501 4575 578 4630 Ex
606 4576 871 4631 hactenus
901 4575 1078 4631 allatis
1103 4575 1421 4645 collatisque
1456 4576 1588 4631 locis
1627 4578 1909 4633 manifeste
1939 4579 1998 4632 li-

431 4673 582 4736 quet,
614 4674 672 4718 ut
705 4665 920 4734 quidem
960 4666 1217 4727 arbitror,
1251 4667 1320 4720 ab
1351 4667 1536 4719 ultima
1565 4683 1736 4735 usque
1754 4668 1992 4736 antiqui-

433 4765 543 4812 tate
564 4754 1118 4827 Polycarpo,Joannis
1139 4759 1489 4826 evangelista:
1509 4759 1798 4827 discipulo,
1828 4758 1996 4813 fuisse

435 4847 726 4917 perlectam
781 4846 1078 4900 Clementis
1137 4843 1367 4899 Romani
1424 4847 1719 4916 Epistolam
1768 4864 1872 4917 qua
1929 4848 1996 4901 de

435 4940 687 5010 agimus,
748 4955 974 5010 eamque
1035 4956 1145 5010 prae
1209 4939 1381 4993 oculis
1439 4938 1694 4992 habuisse
1750 4947 1995 4992 sanctum

437 5033 822 5102 Smyrnensem
881 5033 1202 5095 antistitem,
1253 5031 1382 5084 dum
1431 5045 1582 5083 suam
1638 5030 1902 5084 scriberet
1930 5031 1996 5085 ad

438 5123 853 5193 Philippeuscs:
888 5122 1032 5178 unde
1053 5130 1174 5177 orta
1220 5122 1518 5177 similitudo
1562 5122 1673 5186 illa,
1726 5136 1846 5190 qua:
1889 5137 1996 5175 non

437 5216 612 5269 solum
642 5214 891 5269 eumdem
923 5214 1122 5284 stylum
1166 5213 1388 5282 ubique.
1442 5213 1536 5266 sed
1568 5212 1754 5266 eadem
1783 5227 2001 5281 quoque

444 5321 579 5376 pene
607 5305 771 5361 verba
799 5302 1004 5359 referre
1035 5302 1180 5358 haud
1221 5303 1386 5357 semel
1425 5301 1661 5358 videtur.
1713 5301 1849 5356 Cum
1891 5303 1998 5355 ita-

438 5413 544 5468 que
593 5398 649 5452 in
687 5395 1082 5468 Polyearpiana
1134 5394 1381 5465 perbrevi
1422 5392 1666 5463 Epistola
1711 5401 1794 5448 tot
1834 5408 2000 5463 appa-

515 5533 555 5597 (l
581 5531 845 5600 ')Potter.
878 5529 946 5584 ad
983 5527 1156 5582 Clem.
1205 5527 1358 5581 Alex.
1404 5527 1600 5582 Strom.
1645 5527 1737 5582 lib.
1765 5542 1839 5588 xv,
1875 5540 1986 5594 cap.

445 5598 528 5658 l8,
565 5598 609 5669 ι.
645 5602 770 5661 610,
803 5610 914 5654 not.
951 5601 1002 5654 4.

515 5664 625 5742 (ιὲ)
657 5671 829 5725 Iustit.
861 5671 984 5729 hist,
1008 5668 1203 5724 Christ.
1234 5667 1424 5737 major.
1459 5684 1578 5722 scrc.
1608 5683 1702 5736 t,p.
1733 5664 1987 5720 ili-215.

2092 4583 2246 4631 reant
2277 4570 2628 4628 Clementina:
2652 4567 2879 4638 vestigia
2904 4585 2918 4633 ;
2951 4565 3091 4620 hanc
3122 4578 3286 4618 uuam
3316 4561 3388 4616 ob
3409 4575 3651 4624 causam,

2092 4665 2386 4729 Bernardi,
2437 4662 2635 4718 Clerici
2687 4675 2750 4714 ac
2807 4658 3089 4713 Moshemii
3136 4654 3560 4724 conjectationcs
3589 4653 3656 4706 de

2096 4757 2259 4826 hujus
2283 4754 2501 4809 laciniis
2535 4768 2602 4807 ex
2632 4751 2908 4806 Clemente
2945 4747 3309 4803 Alexandrino
3333 4745 3653 4813 desumptis,

2096 4848 2318 4902 omnino
2347 4851 2674 4901 evanescant
2704 4849 2935 4912 oportet.

2165 4937 2350 5007 Neque
2381 4937 2471 4990 alii
2501 4934 2746 5004 profecto
2773 4934 2992 4996 desunt,
3034 4931 3125 5001 qui
3165 4929 3407 4999 ejusdem
3442 4927 3656 4997 Episto-

2099 5030 2161 5082 lze
2180 5027 2548 5083 sinceritatem
2581 5025 2634 5078 in
2657 5024 2879 5076 dubium
2915 5029 3200 5085 revocent;
3227 5019 3372 5091 quod
3399 5019 3653 5072 nimirum

2097 5119 2356 5173 nonnulla
2392 5117 2638 5170 fabulosa
2671 5130 2778 5184 pra:
2807 5130 2865 5168 se
2895 5114 3067 5178 ferat;
3096 5113 3241 5182 quod
3296 5112 3475 5180 aliqua
3508 5111 3560 5162 in
3596 5125 3666 5163 ea

2099 5209 2478 5265 desiderantur
2506 5223 2535 5261 a
2584 5207 2814 5262 vetustis
2845 5205 3097 5259 Patribus
3127 5204 3375 5273 allegata,
3416 5210 3520 5256 etc.
3552 5199 3654 5255 Sed

2099 5301 2202 5356 hos
2232 5302 2566 5355 morosiores
2597 5299 2821 5353 criticos
2851 5298 3049 5352 missos
3081 5296 3344 5350 facimus:
3378 5303 3492 5348 tum
3513 5295 3666 5364 quod

2101 5409 2290 5449 eorum
2313 5393 2646 5462 objectiones
2673 5391 2814 5444 fluxo
2841 5389 2976 5443 adeo
3006 5389 3117 5442 talo
3167 5387 3432 5452 nitantur,
3477 5395 3536 5441 ut
3567 5402 3660 5456 pe-

2172 5525 2284 5651 (ἆό)
2336 5525 2548 5580 Praefat.
2605 5520 2672 5575 ad
2719 5518 2890 5588 Epist.
2952 5521 3048 5576 SS.
3087 5521 3187 5575 PP.
3221 5519 3450 5588 apostol.
3512 5520 3657 5573 circa

2101 5612 2240 5651 mcu.
2587 5615 2591 5618 ’
