3936 6172
282 296 356 353 95
1561 311 1850 369 Ριωοωιι

1954 314 2313 371 VARIORUM
3473 323 3538 378 9!

284 415 408 469 dem
434 429 561 470 cum
595 416 829 490 singulis
858 419 1110 478 conferre
1147 431 1289 479 haud
1315 428 1586 495 expediat,
1636 440 1749 483 tum
1800 431 1855 483 in
1890 441 1930 491 Α
1958 445 2123 500 porro
2156 446 2223 485 ne
2272 432 2419 485 illam
2467 432 2685 500 quidem
2718 432 3136 489 Corinthiorum
3186 438 3410 493 nomine
3461 441 3508 496 si

282 508 481 574 primis
510 510 657 577 quod
702 525 732 563 a
764 513 1038 585 plerisque
1090 516 1223 570 viris
1269 518 1499 573 eruditis
1532 536 1619 575 res
1649 521 1864 577 abunde

282 598 424 651 satis
446 598 611 653 fuerit
627 610 977 670 pertractata.
1000 604 1236 659 Firmum
1269 608 1433 678 igitur
1460 618 1745 680 ratumque
1770 613 1861 675 sit,

281 708 604 762 germanam
634 697 860 750 omnino
889 714 1011 752 esse
1058 701 1292 767 priorem
1324 702 1622 758 Clementis
1648 706 1861 774 episto-

281 784 562 854 lam,qua2
583 786 790 841 utinam
836 785 907 841 ad
952 804 1056 847 nos
1102 790 1863 866 integrapervenissethuid-

282 876 421 945 quid
444 879 588 931 enim
619 881 677 933 in
700 895 763 934 ea
795 883 1129 946 continetur,
1161 892 1407 955 tempora
1440 888 1598 958 plane
1641 899 1862 958 aposto-

280 966 392 1020 lica
424 968 629 1036 refert;
689 988 864 1042 neque
896 975 1063 1028 ullum
1095 992 1159 1030 ex
1190 980 1337 1032 omni
1385 986 1530 1033 retro
1561 982 1862 1050 antiquita-

282 1066 339 1113 te
376 1062 650 1131 quispiam
675 1071 867 1120 testem
900 1068 1238 1136 produxerit,
1270 1071 1361 1139 qui
1394 1071 1640 1126 homines
1667 1074 1861 1127 corda-

281 1157 374 1204 tos
403 1149 472 1205 de
505 1151 651 1207 illius
718 1156 1030 1212 sinceritate
1060 1159 1256 1213 merito
1311 1162 1576 1230 ancipites
1632 1163 1860 1218 reddere

278 1240 484 1295 valeat.

355 1331 451 1387 Ill.
486 1332 815 1392 Postcrioris
862 1340 987 1395 item
1020 1341 1085 1395 ad
1111 1343 1425 1399 Corinthios
1452 1345 1708 1415 Epistola:
1736 1348 1859 1403 Cle-

277 1424 564 1486 mentinaa,
596 1435 725 1480 sunt
782 1430 875 1498 qui
940 1446 1046 1484 non
1082 1434 1258 1487 solum
1306 1436 1613 1501 veritatem,
1668 1456 1853 1493 verum

277 1514 448 1565 etiam
478 1516 856 1585 antiquitatem
884 1521 1222 1592 impugnant.
1256 1524 1351 1579 llis
1382 1544 1553 1596 nuper
1581 1530 1741 1583 etiam
1773 1547 1858 1586 ac-

277 1604 450 1656 cessit
489 1605 631 1660 haud
664 1609 953 1665 incelebris
979 1614 1205 1667 criticus
1246 1616 1588 1674 llermannus
1618 1618 1854 1675 Venema

275 1692 334 1745 in
370 1692 631 1763 Epistolis
664 1698 936 1771 Harlingae
958 1705 1246 1773 evulgatis.
1281 1722 1346 1761 eo
1376 1710 1721 1777 potissimum
1755 1727 1856 1765 no-

274 1784 453 1847 mine,
488 1802 597 1855 quo
623 1790 978 1858 epistolarum
1009 1794 1304 1850 Clementis
1336 1814 1364 1850 a
1391 1800 1522 1854 clar.
1554 1800 1856 1857 Wctstenio
1889 1777 1927 1829 Β

275 1878 429 1933 haud
466 1882 541 1934 ita
572 1884 782 1951 pridem
818 1888 1088 1942 editarum
1148 1891 1510 1961 integritatem
1549 1903 1853 1951 everteret:

276 1985 390 2039 qua
418 1970 487 2026 de
517 1988 574 2026 re
620 1990 743 2028 mox
776 1975 1025 2032 inferius.
1084 1978 1162 2034 Ne
1196 1982 1378 2049 itaque
1442 1982 1617 2038 ollicio
1666 1995 1855 2039 nostro

275 2062 475 2117 deesse
512 2063 815 2130 videamur,
846 2068 1200 2136 Cotelerium,
1239 2073 1473 2135 Bullum,
1504 2074 1852 2130 Coutantium

277 2153 532 2222 aliosque
556 2157 705 2210 viros
734 2159 928 2214 doctos
972 2165 1250 2228 assectati,
1288 2166 1723 2220 adversariorum
1755 2169 1855 2221 ob-

271 2247 668 2317 jcctationibus
698 2249 880 2307 facere
914 2255 1050 2310 satis
1093 2271 1270 2325 opera:
1300 2260 1532 2327 pretium
1573 2261 1854 2313 existima-

274 2354 421 2394 IDUS.

349 2430 765 2489 Observandum
799 2437 980 2507 itaque
1028 2440 1262 2508 primum
1318 2440 1614 2511 Epistolam
1650 2451 1855 2495 utram—

275 2539 386 2593 que
414 2540 479 2579 ex
513 2542 623 2579 uno
674 2531 969 2597 superstite
999 2532 1371 2586 vetustissimo
1396 2533 1584 2586 codice
1615 2533 1852 2586 Alexan-

273 2617 440 2671 drino
470 2618 523 2671 in
560 2620 735 2674 lucem
769 2621 1059 2691 prodiisse.
1098 2621 1339 2686 Scilicet,
1385 2624 1556 2678 codex
1581 2625 1682 2678 iste
1719 2640 1853 2694 qua-

274 2716 405 2761 tuor
456 2711 826 2766 voluminibus
866 2723 1148 2775 constans,
1189 2715 1464 2783 praefixum
1502 2715 1662 2768 habet
1711 2715 1852 2767 indi-

272 2803 464 2855 culum
497 2803 763 2856 libroruin
798 2806 1084 2875 utriusque
1125 2805 1389 2867 Fazdcris,
1424 2808 1491 2859 ab
1514 2806 1755 2874 ejusdem
1788 2808 1852 2860 li-

270 2892 442 2947 brarii
499 2910 663 2947 manu
704 2897 1112 2951 characteribus
1169 2898 1478 2952 uncialibus
1532 2906 1847 2954 exaratum:

270 3000 435 3055 quem
468 2986 741 3055 integrum
765 2988 984 3041 exhibet
1016 2987 1340 3058 Beveregius
1372 2989 1504 3059 (l4),
1536 2998 1587 3044 et
1631 2991 1848 3059 quidem

272 3094 489 3133 summa
524 3079 629 3133 fide
651 3080 1007 3150 descriptum,
1040 3083 1174 3136 adeo
1198 3092 1254 3134 ut
1274 3098 1342 3135 ne
1372 3083 1602 3138 lacunas
1630 3084 1846 3153 quidem

270 3169 637 3239 suppleverit,
671 3171 765 3224 sed
795 3173 886 3225 ubi
937 3173 1129 3226 litter:e
1152 3174 1357 3241 qumvis
1401 3181 1555 3227 erant
1584 3183 1847 3231 vetustate

270 3261 511 3325 abrasas,
547 3262 621 3314 ibi
655 3262 949 3316 interstitia
980 3271 1233 3317 accurate
1258 3263 1505 3317 dimensa
1531 3265 1841 3335 reliquerit:

271 3350 422 3418 quod
483 3349 673 3403 itidem
742 3352 996 3419 praastitit
1050 3366 1115 3405 ex
1164 3351 1459 3423 Beveregio
1518 3352 1846 3411 llumfrcdus

270 3438 488 3494 Hodius
522 3440 669 3509 (15);
720 3448 773 3494 et
824 3442 1104 3510 deinceps,
1157 3450 1211 3494 at
1255 3459 1363 3495 non
1398 3443 1513 3511 pari
1563 3447 1842 3517 religione,

268 3528 523 3585 Joannes
559 3529 824 3585 Ernestus
846 3529 1083 3585 Grabius
1117 3531 1250 3603 (l6).
1287 3531 1342 3585 In
1372 3532 1475 3585 hoc
1507 3533 1673 3602 igitur
1706 3538 1847 3592 indi-

272 3622 404 3675 culo
434 3621 541 3676 sub
572 3622 753 3683 linem,
784 3622 981 3677 litteris
1008 3624 1389 3692 grandioribus
1421 3625 1625 3693 absque
1653 3642 1836 3684 accen-

272 3715 426 3769 tibus
457 3723 515 3767 et
544 3714 827 3783 spiritibus
857 3715 1057 3784 quibus
1081 3726 1247 3779 caret,
1278 3716 1359 3769 sic
1388 3716 1583 3784 legitur
1613 3738 1625 3773 :

490 3807 924 3859 ΚΛΗΜΕΝΤΟΣ
978 3807 1038 3858 E.
1075 3846 1088 3859 .
1127 3848 1137 3858 .
1175 3847 1189 3859 .
1226 3847 1237 3859 .
1275 3848 1287 3858 .
1324 3847 1337 3860 .
1369 3809 1464 3861 ΛΗ
1491 3793 1536 3862 λ’

701 3899 924 3952 ΕΝΤΟΣ
981 3900 1043 3951 Ε.
1080 3939 1093 3951 .
1129 3939 1141 3951 .
1178 3939 1190 3951 .
1226 3938 1240 3953 .
1274 3940 1286 3951 .
1325 3941 1336 3953 .
1370 3886 1537 3955 Attii

343 3988 499 4056 Quas
528 3998 707 4044 autem
742 4006 850 4060 pra:
880 4005 939 4044 se
996 3991 1099 4043 fert
1145 3991 1234 4046 hic
1264 3992 1540 4049 indiculus
1568 3994 1704 4050 duas
1727 3995 1848 4052 Cle-

268 4082 479 4135 mentis
509 4079 811 4150 Epistolas,
837 4096 935 4135 eas
966 4080 1187 4135 exhibet
1239 4082 1307 4135 ad
1343 4084 1548 4140 calcem
1599 4085 1846 4155 ejusdem

267 4190 383 4229 ms.
413 4171 622 4228 codicis
644 4173 898 4226 volumen
929 4180 1217 4242 quartum:
1246 4174 1485 4243 priorem
1525 4177 1743 4247 quidem
1767 4168 1869 4232 sici

268 4267 597 4336 inscriptam
626 4304 640 4327 ,
708 4265 1138 4318 ΚΛΗΜΕΝΤΟΣ
1192 4266 1371 4319 ΠΡΟΣ
1435 4268 1849 4323 ΚΟΡΙΝΘΙΟΥΣ

268 4357 623 4410 ΕΠΙΣΤΟΛΗ
666 4358 749 4421 A;
808 4356 1166 4425 posteriorem
1194 4372 1326 4411 vero
1371 4361 1471 4425 sic,
1520 4362 1847 4414 KAHMEN-

1968 530 2185 588 gnatam
2214 535 2277 573 ex
2310 520 2552 587 ejusdem
2588 522 2813 576 indiculi
2846 524 3061 579 silentio
3095 525 3217 593 jure
3246 530 3471 597 arguat?

2034 610 2221 679 Neque
2248 612 2374 664 item
2408 612 2685 666 silentium
2723 628 2824 668 nos
2846 626 3061 669 moveat
3097 616 3338 683 Eusebii,
3365 630 3419 673 et
3443 637 3535 689 qui

1963 713 2087 752 eum
2121 701 2294 753 setuti
2319 707 2465 763 sunt,
2495 699 2811 772 Hieronymi
2845 711 3007 773 atque
3032 703 3249 773 Rufini;
3281 710 3373 777 qui
3407 709 3537 763 dum

1966 787 2221 857 Epistolas
2274 790 2527 845 secundae
2574 793 2982 858 meminerunt,
3032 794 3290 851 Ecclesia:
3340 797 3528 853 Corin-

1962 879 2159 934 thiaca:
2190 879 2358 935 fuisse
2388 881 2532 934 illam
2561 882 2881 952 inscriptam
2916 900 3027 939 non
3059 889 3365 955 perhibent.
3398 889 3536 945 Cum

1962 974 2107 1027 enim
2160 974 2362 1027 laudati
2394 977 2714 1043 scriptorcs,
2752 983 2811 1029 ut
2842 986 2990 1032 recte
3042 978 3389 1044 Coutantius,
3422 997 3539 1039 me-

1963 1073 2171 1117 morata
2224 1064 2407 1133 priore
2456 1063 2751 1120 Clementis
2794 1065 2862 1118 ad
2908 1066 3213 1122 Corinthios
3265 1070 3534 1139 Epistola,

1961 1154 2144 1208 statim
2177 1155 2453 1209 subdant:
2501 1152 2695 1209 Fertur
2750 1165 2799 1210 et
2844 1158 3034 1221 altera,
3068 1176 3245 1230 neque
3283 1162 3348 1215 ad
3394 1162 3533 1218 alios

1960 1245 2101 1299 hanc
2132 1246 2356 1299 alteram
2392 1246 2650 1315 scriptam
2675 1262 2795 1301 esse
2824 1248 3145 1319 designent,
3177 1268 3291 1306 eam
3316 1268 3534 1322 quoque

1960 1335 2025 1388 ad
2059 1336 2279 1390 eosdem
2312 1336 2571 1405 scriptam
2622 1337 2925 1408 intelligere
2974 1342 3168 1395 merito
3212 1342 3533 1397 existiman-

1957 1435 2083 1483 tur:
2110 1429 2375 1498 alioquin,
2408 1430 2454 1482 si
2495 1430 2558 1482 ad
2586 1430 2721 1485 alios
2762 1431 2984 1485 missam
3015 1441 3260 1499 nossent,
3281 1451 3455 1505 neque
3479 1436 3529 1488 id

1957 1520 2301 1589 innuissent,
2328 1522 2439 1575 haec
2464 1523 2703 1592 ipsorum
2729 1523 3013 1577 reticentia
3039 1526 3163 1594 jure
3212 1541 3275 1579 ac
3332 1528 3531 1581 merito

1957 1613 2301 1682 negligentiie
2329 1614 2599 1682 culpanda
2645 1614 2945 1669 videretur.
2980 1616 3123 1681 Quid
3166 1618 3310 1686 quod
3356 1618 3529 1672 Doro-

1957 1706 2116 1759 theus
2148 1705 2594 1767 archimandrita,
2620 1704 2859 1760 Joannes
2883 1706 3250 1761 Damascenus
3277 1718 3329 1761 ct
3359 1708 3528 1761 Nicon

1958 1796 2264 1850 monachus
2290 1796 2574 1849 secundam
2624 1797 2921 1852 Clementis
2962 1798 3285 1867 Epistolam,
3323 1813 3375 1853 et
3407 1801 3528 1867 qni-

1956 1885 2077 1940 dem
2134 1886 2203 1939 ad
2257 1884 2562 1941 Corinthios
2624 1887 2907 1956 scriptam,
2961 1894 3243 1957 legerunt,
3298 1891 3528 1959 ejusque

1957 1994 2125 2031 unm)
2160 1979 2459 2032 alterumve
2490 1978 2850 2047 fragmentum
2882 1981 3025 2049 apud
3078 1981 3199 2036 illos
3252 1991 3525 2035 servatum

1955 2070 2254 2123 etiamnum
2278 2071 2623 2140 reperimus?
2646 2071 2787 2135 Quid
2819 2072 2965 2141 quod
3002 2074 3083 2127 vel
3130 2074 3246 2142 ipse
3299 2072 3526 2128 Photius

1956 2161 2123 2213 semel
2150 2161 2456 2229 iterumque
2479 2162 2654 2230 palam
2675 2167 2929 2227 testatur,
2950 2163 3049 2215 sibi
3074 2165 3264 2216 lectum
3292 2163 3526 2217 libellum

1954 2251 2009 2302 in
2037 2268 2136 2321 quo
2160 2250 2444 2307 Clementis
2478 2251 2731 2321 Epistola:
2754 2253 2875 2307 duce
2920 2254 2988 2307 ad
3018 2253 3317 2309 Corinthios
3351 2256 3526 2308 conti-

1953 2344 2244 2409 nebantur,
2287 2346 2515 2415 ejusque
2545 2347 2611 2402 de
2659 2357 2889 2417 utraque
2923 2348 3189 2417 judicium
3228 2350 3362 2402 mire
3388 2364 3524 2401 con-

1954 2446 2112 2491 sonat
2142 2453 2265 2489 cum
2300 2438 2365 2493 iis
2421 2456 2542 2507 qua:
2596 2440 2775 2494 adhuc
2832 2442 3164 2509 supersunt?
3207 2440 3525 2497 Consulesis

1954 2527 2097 2581 infra
2130 2538 2372 2583 veterum
2399 2532 2706 2585 testimonia
2735 2532 2991 2601 Epistolis
3016 2530 3371 2587 Clementinis
3395 2550 3527 2603 prae-

1953 2618 2141 2681 missa,
2171 2619 2577 2691 fragmentaque
2606 2621 2796 2677 iisdem
2830 2622 3097 2689 subjecta.
3142 2620 3197 2675 Si
3230 2624 3358 2692 quid
3395 2641 3525 2696 ergo

1952 2708 2155 2777 negotii
2204 2708 2476 2763 facessunt
2526 2711 2893 2779 antiquiorum
2934 2710 3175 2775 Eusebii,
3209 2712 3523 2783 llieronynn

1954 2815 2017 2854 ac
2045 2801 2223 2855 Rufini
2257 2802 2375 2856 loca
2406 2803 2547 2857 haud
2596 2802 2727 2858 satis
2776 2811 2963 2873 aperta
2996 2845 3009 2869 ,
3048 2805 3189 2872 quod
3228 2811 3405 2859 tamen
3434 2805 3520 2858 vix

1953 2894 2312 2959 admiserim,
2371 2896 2497 2949 hinc
2554 2896 2744 2966 procul
2797 2896 2963 2949 dubio
3006 2895 3291 2950 dillicultas
3346 2897 3523 2951 omnis

1952 2985 2174 3038 tollatur
2205 2994 2451 3055 oportet;
2493 3002 2614 3039 cum
2647 2987 2850 3042 diserta
2900 2990 3259 3055 posteriorum
3292 2990 3523 3057 scripto-

1953 3089 2073 3128 rum
2106 3076 2292 3142 verba,
2348 3079 2592 3146 priorum
2643 3088 2695 3133 et
2756 3081 3081 3133 sententiam
3132 3080 3421 3149 cxplanent
3470 3088 3522 3134 ct

1951 3167 2259 3222 testimonia
2289 3170 2628 3224 confirment.

2023 3258 2104 3313 Ex
2136 3260 2221 3313 his
2251 3261 2435 3329 itaque
2471 3271 2809 3332 compertum
2864 3265 3147 3327 habemus,
3183 3273 3241 3318 ut
3270 3264 3518 3334 equidem

1950 3350 2242 3414 existimo,
2299 3352 2443 3405 haud
2497 3368 2688 3421 parum
2752 3356 3008 3423 ponderis
3060 3355 3126 3407 ad
3172 3354 3517 3407 asserendani

1948 3440 2209 3496 Clementi
2239 3441 2640 3497 Romanobanc
2664 3446 2957 3499 secundam
2984 3445 3300 3515 Epistolam,
3318 3446 3520 3499 habere

1949 3534 2325 3589 auctoritatem
2372 3536 2579 3590 codicis
2633 3536 3007 3600 Alexandrini,
3046 3537 3294 3605 proximo
3345 3544 3403 3589 ut
3438 3538 3490 3589 vi

1948 3623 2109 3677 detur
2159 3627 2360 3679 sa‘culo
2406 3633 2530 3695 post
2578 3627 2871 3680 concilium
2927 3625 3207 3680 Nicaanum
3261 3641 3327 3681 ex
3376 3626 3505 3679 anti-

1947 3714 2139 3784 quiore
2187 3716 2431 3784 profecto
2485 3718 2781 3788 exemplari
2839 3718 3123 3788 descripti.
3158 3717 3233 3771 Ex
3276 3733 3341 3771 eo
3371 3719 3517 3772 enim

1946 3810 2120 3880 liquet
2138 3815 2425 3878 utramque
2451 3806 2846 3863 Clementinam
2880 3808 3178 3879 Epistolam
3202 3824 3309 3863 non
3338 3810 3515 3863 solum

1949 3899 2093 3953 inter
2159 3900 2454 3955 canonicas
2525 3897 2840 3969 Scripturas
2896 3899 3122 3969 perinde
3187 3900 3516 3955 recensitam

1948 3989 2141 4053 fuisse,
2168 4006 2233 4045 ac
2277 3991 2323 4045 si
2355 3997 2586 4060 utraque
2621 4006 2747 4045 vere
2794 3991 3053 4045 canonica
3097 3998 3271 4055 esset,
3326 4006 3513 4045 verum

1947 4081 2110 4136 etiam
2140 4081 2329 4136 ambas
2357 4090 2641 4151 propterea
2660 4082 2711 4135 in
2730 4093 3010 4137 sacrorum
3036 4082 3320 4136 Librorum
3345 4098 3513 4137 censu

1947 4174 2126 4229 locum
2159 4172 2439 4237 habuisse,
2474 4188 2691 4243 unaque
2720 4189 2842 4228 cum
2880 4174 3003 4226 aliis
3029 4173 3310 4227 canonicis
3358 4174 3513 4227 libris

1948 4265 2120 4321 fuisse
2150 4271 2462 4333 compactas
2484 4306 2497 4327 ,
2552 4265 2697 4335 quod
2730 4274 2955 4335 utraque
2986 4274 3115 4319 tunc
3170 4266 3428 4334 temporis
3459 4267 3513 4319 in

1949 4358 2183 4414 canibus
2207 4350 2602 4412 ecclesiasticis
2632 4358 2714 4410 vel
2771 4358 2874 4423 legi
2935 4358 3151 4417 soleret,
3187 4357 3268 4410 vel
3318 4358 3509 4410 saltem

269 4447 405 4499 ΤΟΣ
458 4447 806 4500 ΕΠΙΣΤΟΛΗ
856 4447 898 4498 Β
947 4461 963 4500 :
1017 4454 1076 4500 ut
1112 4448 1297 4503 videre
1350 4458 1435 4505 est
1494 4452 1637 4521 apud
1684 4451 1844 4507 Wot-
1878 4445 2117 4504 Dsacrae
2153 4448 2383 4518 publica:
2412 4448 2631 4502 lectioni
2663 4447 3048 4502 destinaretur.
3098 4446 3251 4512 Quod
3290 4446 3511 4516 quidem

269 4550 486 4602 tonum,
546 4539 967 4594 solertissimum
1025 4538 1230 4592 laudati
1276 4542 1484 4597 codicis
1537 4546 1843 4616 exscripto-

268 4647 409 4686 rem.
442 4630 521 4683 Ex
554 4630 658 4684 hoc
688 4630 853 4700 igitur
878 4630 1245 4685 Alexandrino
1275 4635 1572 4703 exemplari
1604 4651 1848 4705 comper-

266 4733 388 4778 tum
412 4730 518 4785 est,
574 4724 772 4792 primo,
827 4723 965 4778 duas
1003 4723 1277 4794 Epistolas
1337 4724 1671 4781 Clementem
1713 4729 1845 4783 scri-

266 4813 703 4886 psisse;deinde
752 4821 1042 4884 utramque
1072 4814 1243 4871 fuisse
1296 4815 1595 4873 Corinthiis
1644 4819 1841 4874 inscri-

266 4916 442 4978 ptam.
471 4904 622 4959 Licet
652 4906 796 4959 enim
827 4908 1115 4975 posterior,
1139 4923 1205 4961 ex
1229 4908 1574 4961 librariorum
1607 4909 1841 4967 fortasse

262 4998 506 5063 incuria,
525 5003 823 5066 praenotata
840 4995 978 5066 πρὸς
1008 4995 1325 5067 Κορινθίους
1341 4996 1483 5049 haud
1500 5007 1838 5067 compareat;

262 5086 463 5158 quidni
498 5094 551 5140 et
579 5102 698 5140 eam
728 5084 796 5138 ad
827 5083 1143 5138 Corinthios
1190 5086 1416 5139 missam
1448 5086 1839 5148 existimemus,

264 5195 394 5233 cum
425 5179 630 5249 prioris
660 5177 945 5246 inscriptio
969 5176 1071 5230 hac
1099 5176 1165 5231 de
1203 5191 1261 5231 re
1289 5176 1423 5231 satis
1456 5192 1727 5247 superque
1759 5179 1843 5231 in-

262 5271 469 5325 dubios
502 5286 601 5323 nos
630 5269 860 5324 reddat?
918 5268 1210 5322 Enimvero
1240 5284 1415 5338 neque
1447 5270 1596 5338 prior
1646 5270 1843 5339 legitur

264 5366 323 5418 in
372 5364 621 5417 indiculo
677 5361 849 5417 fuisse
884 5362 975 5433 ad;
1004 5360 1320 5416 Corinthios
1350 5362 1673 5431 perscripta.
1708 5362 1842 5427 Quis

342 5601 457 5677 (id)
510 5601 827 5677 Codiuean.
885 5603 1030 5659 Eccl.
1082 5607 1265 5673 prim..
1309 5606 1401 5660 lib.
1453 5622 1518 5662 ιι.
1556 5622 1675 5676 cap.
1702 5625 1756 5677 9.

269 5674 459 5797 MSS)
512 5673 586 5725 De
620 5674 757 5728 Bibl.
816 5684 940 5729 text.
1002 5677 1162 5746 orig.,
1209 5676 1303 5732 lib.
1354 5693 1427 5743 iv,
1489 5673 1725 5746 capf‘i,
1782 5695 1834 5747 p.

1944 4540 2119 4609 magis
2143 4539 2322 4592 adhuc
2350 4540 2711 4592 confirmatur
2740 4555 2803 4592 ex
2846 4539 3149 4592 canonibus
3172 4538 3508 4607 apostolicis,

1940 4632 2085 4685 circa
2107 4630 2288 4685 saeculi
2318 4646 2376 4683 ιιι
2410 4629 2645 4683 medium
2677 4629 2954 4683 collectis:
3011 4630 3064 4681 in
3115 4629 3310 4681 horum
3359 4629 3505 4683 enim

1941 4738 2211 4778 canonum
2264 4723 2475 4787 ultimo,
2534 4737 2815 4776 sacrarunt
2865 4721 3270 4790 Scripturarum
3318 4738 3511 4777 recen-

1941 4815 2151 4869 sionem
2200 4813 2535 4884 proferente,
2574 4820 2697 4880 post
2735 4821 3080 4867 enumeratas
3136 4814 3505 4882 apostolorum

1942 4906 2212 4975 Epistolas
2243 4905 2426 4960 statim
2460 4904 2828 4972 subjiciuntur
2876 4903 3187 4974 Κλήμεντος
3233 4904 3511 4957 ἐπιστολαὶ

1939 4996 2032 5049 δύο
2064 5015 2078 5051 :
2134 5011 2257 5065 qua:
2310 4994 2558 5064 profecto
2580 4994 2781 5047 caedem
2811 4992 2981 5047 fuisse
3004 4993 3258 5047 videntur
3281 5008 3404 5047 cum
3443 4995 3511 5046 iis

1941 5103 2079 5154 quas
2108 5086 2458 5140 Alexandrini
2503 5086 2712 5139 codicis
2746 5084 3019 5138 indiculus
3050 5085 3301 5150 exhibet;
3334 5101 3398 5139 eo
3427 5086 3509 5137 vel

1942 5177 2177 5230 maxime
2216 5175 2365 5247 quod
2406 5176 2597 5231 eodem
2648 5177 2809 5245 plane
2847 5176 3039 5231 ordine
3096 5192 3204 5245 quo
3255 5176 3507 5228 laudatus

1945 5268 2239 5330 indiculus,
2275 5282 2452 5321 canon
2480 5268 2582 5321 iste
2614 5268 2949 5336 apostolicus
2982 5268 3103 5322 illas
3136 5266 3342 5337 digerat
3376 5284 3389 5319 :
3450 5272 3504 5318 ut

1944 5356 2172 5425 proinde
2198 5357 2346 5410 nulla
2376 5358 2551 5412 subsit
2574 5356 2865 5422 dubitatio,
2899 5358 3190 5428 quominus
3224 5356 3506 5424 utriusque

1949 5598 2127 5736 52(16)
2195 5592 2496 5666 Prolcgom.
2540 5594 2606 5649 ad
2643 5610 2781 5651 vers.
2846 5597 3005 5665 LXX,
3032 5605 3164 5653 tom.
3200 5596 3241 5663 l,
3283 5614 3402 5669 cap.
3446 5598 3492 5660 ί,
