3936 6172
421 312 493 369 95
1577 311 1668 362 an
1706 309 1765 368 s.
1806 286 2225 365 CLEMENTEM
2263 309 2283 362 ι
2321 308 2551 363 PAPAM
3579 302 3655 355 es

421 427 758 485 recensionis
777 428 933 483 locus
966 427 1038 483 sit
1068 424 1418 496 accipiendus
1446 423 1513 479 de
1533 425 1745 480 duabus
1776 424 1988 495 Episto-
2018 433 2066 490 Α
2160 425 2551 495 Nequedesunt
2571 421 2831 490 exempla,
2850 419 3048 490 quibus
3065 416 3371 488 hujusmodi
3384 425 3654 471 assertum

420 524 487 579 lis
535 521 923 585 Corinthiacis,
981 535 1217 591 quorum
1268 527 1461 574 auctor
1510 519 1675 574 fuerit
1718 518 1975 575 Clemens

419 615 720 670 llomanus.

490 707 625 760 llinc
650 704 830 776 itaque
858 706 1213 761 meritissimo
1239 704 1554 775 exploditur
1586 718 1618 758 a
1645 704 1779 759 viris
1818 704 1995 759 doctis

420 794 701 853 Vendelini
727 804 780 850 et
813 796 1068 850 Dodwelli
1102 794 1216 867 (l7)
1266 796 1475 865 opinio,
1506 810 1627 865 quae
1653 793 1856 849 Grabio
1881 794 1993 865 (18)

418 902 637 957 quoque
667 888 897 956 aliisque
925 889 1190 957 probatur
1219 906 1234 944 :
1268 888 1505 941 homiliae
1537 888 1746 942 scilicet
1785 894 1994 956 partem

420 995 559 1043 esse,
593 995 713 1049 quae
756 980 1075 1033 inscribitur
1124 979 1359 1035 secunda
1419 979 1697 1049 Epistola;
1741 980 1994 1049 illiusque

420 1070 779 1143 fragmentum
822 1072 957 1126 satis
984 1073 1203 1142 longum
1233 1070 1378 1141 quod
1402 1072 1697 1125 etiamnum
1722 1078 1992 1140 superest,

417 1165 486 1218 ad
544 1173 781 1219 veterem
845 1164 1065 1234 διδαχήν
1138 1163 1528 1218 Clementinam
1591 1178 1714 1219 esse
1772 1164 1997 1217 omnino

418 1254 821 1308 amandandum
856 1256 1025 1325 :quin
1064 1264 1117 1309 et
1144 1270 1208 1310 eo
1234 1257 1503 1325 processit
1536 1256 1651 1323 ipse
1686 1254 1995 1310 Dodwellus

418 1345 919 1415 intemperantioris
948 1346 1167 1400 critices
1195 1353 1433 1400 sectator
1462 1346 1996 1409 studiosissimus,ut

417 1434 540 1488 loca
571 1437 834 1491 nonnulla
864 1436 1107 1506 ejusdem
1144 1436 1396 1507 Epistolae
1434 1438 1633 1507 stylum
1664 1438 1993 1507 eclogarium

417 1525 826 1597 hypotyposeon
887 1527 1181 1583 Clementis
1223 1528 1575 1583 Alexandrini
1624 1527 1826 1583 referre
1868 1545 1995 1600 pro:

417 1615 599 1675 fessus
642 1619 825 1686 fuerit,
854 1621 1097 1690 adeoque
1132 1620 1403 1675 immistos
1434 1622 1665 1675 invicem
1697 1622 1836 1677 duos
1856 1624 1995 1683 ,illos

417 1715 589 1770 fuisse
634 1712 942 1768 Clementes
990 1711 1301 1779 coniecerit.
1358 1711 1465 1767 Sed
1509 1728 1767 1768 censores
1811 1714 2000 1768 istius-

412 1806 563 1863 modi
598 1807 899 1868 mittamus,
931 1804 1022 1874 qui
1066 1818 1098 1857 a
1142 1805 1371 1858 veritate
1400 1804 1557 1873 longe
1589 1806 1847 1859 aberrare
1891 1821 1993 1859 no-

415 1904 663 1952 scuntur.
697 1894 869 1961 Quam
893 1909 1039 1949 enim
1066 1907 1306 1948 canones
1336 1895 1643 1963 apostolici,
1675 1904 1838 1964 quam
1874 1908 1996 1964 per-

414 1995 667 2044 vetustus
698 1986 869 2041 codex
902 1985 1326 2048 Alexandrinus,
1375 2000 1537 2054 quam
1564 1985 1799 2054 denique
1828 1984 1996 2040 Euse-

415 2079 558 2139 bius,
579 2075 960 2147 Hieronymus,
983 2073 1309 2138 Dorotheus,
1334 2074 1723 2139 Damascenus,
1744 2073 1997 2142 Photius,

414 2177 468 2224 et
486 2169 668 2223 caateri
688 2181 903 2222 summo
919 2180 1191 2221 consensu
1213 2165 1505 2232 Epistolam
1524 2173 1859 2236 nuncupant,
1876 2181 1995 2221 eam

415 2274 546 2314 vero
592 2257 812 2313 nonnisi
864 2257 1226 2326 conjectando
1272 2258 1327 2311 in
1364 2257 1722 2311 Homiliarum
1768 2272 1994 2311 censum

415 2349 621 2403 referre
646 2355 809 2417 atque
840 2347 983 2400 inter
1013 2348 1360 2417 supposititia
1389 2346 1716 2402 Clementina
1760 2349 1997 2402 colloca-

414 2453 475 2495 re
508 2456 520 2491 :
549 2437 604 2491 id
653 2446 765 2491 tum
814 2435 1032 2491 demum
1062 2447 1147 2492 est
1177 2438 1458 2492 hominum
1490 2439 1604 2492 otio
1629 2439 1995 2503 aliutentium,

414 2529 510 2600 qui
544 2542 651 2581 non
682 2529 947 2582 rationem
972 2528 1029 2583 in
1050 2528 1385 2599 disputando
1410 2537 1729 2599 sequantur,
1762 2530 1856 2585 sed
1882 2531 1998 2585 sive

415 2617 789 2673 contentionis
819 2617 933 2672 sive
966 2618 1221 2672 novitatis
1253 2618 1434 2673 studio
1461 2634 1518 2673 se
1545 2618 1718 2688 abripi
1763 2620 1945 2673 sinant
1978 2637 1993 2674 :

415 2716 479 2765 ut
523 2715 809 2780 propterea
855 2723 1044 2762 eorum
1095 2708 1282 2779 opinio
1310 2717 1554 2763 veterum
1580 2710 1858 2764 sententia:
1888 2724 1999 2763 non

417 2803 598 2856 solum
643 2814 754 2853 non
794 2797 1149 2868 praeferenda,
1192 2800 1287 2856 sed
1317 2815 1384 2854 ne
1413 2801 1744 2855 conferenda
1778 2801 1998 2871 quidem

423 2907 548 2945 cum
573 2891 665 2944 illa
694 2890 963 2945 videatur.

489 2980 578 3035 Ν.
621 2980 809 3049 Neque
853 2980 1071 3034 demum
1122 2979 1437 3049 singillatim
1465 2987 1702 3051 accepta:
1731 2980 1995 3036 adversa-

2096 519 2496 587 comprobetur.
2527 516 2596 571 Ut
2622 523 2799 571 autem
2831 529 2997 567 unum
3022 513 3105 567 vel
3133 512 3360 567 alterum
3390 527 3657 583 proponi-

2095 629 2239 677 mus,
2272 612 2559 680 Epistolam
2584 612 2650 663 ad
2679 609 2924 662 Hebraeos
2948 623 3055 661 non
3083 621 3205 663 esse
3227 607 3453 676 apostoli
3476 606 3649 668 Pauli.

2098 704 2191 759 sed
2234 706 2318 758 vel
2354 703 2613 756 Barnabas
2650 702 2730 754 vel
2763 701 2919 754 Lucae
2956 699 3040 753 vel
3076 698 3245 753 nostri
3278 697 3591 761 Clementis,
3621 716 3655 754 e

2097 797 2221 868 styli
2251 798 2565 849 charactere
2586 800 2829 847 veterum
2848 790 3092 845 nonnulli
3115 790 3512 855 existimarunt,
3530 790 3658 847 Orio

2097 904 2260 960 genes
2279 885 2718 959 (22),Eusebius,
2748 883 3130 953 Hieronymus,
3156 884 3353 953 aliique
3382 884 3660 955 antiquio—

2097 997 2205 1034 res.
2238 980 2489 1032 Attamen
2520 993 2682 1047 quam
2714 975 2861 1030 ﬂuxa
2886 977 2957 1031 sit
2988 976 3100 1030 haec
3127 976 3414 1041 sententia,
3436 990 3559 1030 cum
3585 992 3657 1031 ex

2098 1069 2337 1137 Epistula
2368 1067 2429 1121 11
2458 1067 2623 1129 Petri,
2667 1074 2781 1120 tum
2811 1068 2867 1121 in
2890 1068 3079 1138 primis
3106 1083 3173 1122 ex
3202 1067 3373 1136 ipsius
3403 1066 3658 1135 Epistnltz

2097 1162 2165 1214 ad
2212 1159 2462 1213 Hebrum:
2511 1166 2770 1213 contextu
2817 1159 2954 1212 satis
3002 1158 3191 1226 liquet,
3217 1164 3275 1210 ut
3302 1171 3412 1225 prae
3443 1158 3659 1211 caneris

2097 1268 2324 1307 nervose
2368 1267 2484 1306 rem
2525 1251 2722 1306 astruit
2751 1248 2986 1305 Joannes
3018 1250 3216 1304 Millius
3242 1248 3375 1319 (25).
3397 1248 3541 1303 Idem
3567 1249 3660 1317 ju-

2097 1344 2298 1397 dicium
2349 1343 2517 1396 latum
2566 1341 2698 1395 olim
2743 1339 2913 1395 fuisse
2951 1340 3019 1395 de
3047 1340 3192 1395 Petri
3219 1339 3463 1409 Epistola
3488 1338 3550 1393 II
3579 1352 3660 1395 te-

2096 1443 2308 1489 stantur
2356 1434 2515 1489 iidem
2568 1435 2865 1502 scriptores
2917 1447 3149 1502 quorum
3200 1432 3360 1486 modo
3408 1434 3661 1487 memini-

2098 1542 2217 1579 mus
2245 1525 2377 1596 (24).
2410 1523 2609 1580 Verum
2644 1532 2698 1578 et
2735 1524 2824 1579 hic
2866 1523 3067 1578 frustra
3108 1524 3375 1578 censitum
3407 1538 3470 1578 ex
3493 1523 3662 1578 dissi—

2096 1616 2403 1671 militudine
2427 1617 2573 1686 styli,
2605 1631 2698 1670 eas
2730 1614 3000 1684 Epistolas
3034 1614 3173 1670 duos
3205 1615 3499 1683 scriptores
3528 1629 3660 1682 pro-

2098 1707 2246 1771 dere,
2278 1721 2414 1775 quas
2438 1706 2599 1758 unius
2631 1704 2774 1758 Petri
2802 1718 2923 1757 esse
2950 1703 3252 1758 luculenter
3281 1703 3495 1758 aliunde
3524 1718 3661 1757 con-

2098 1804 2226 1852 stat.
2258 1795 2331 1850 De
2379 1802 2601 1848 auctore
2644 1794 2827 1847 itidem
2857 1792 3263 1862 Apocalypseos.
3289 1794 3409 1847 aliis
3438 1794 3657 1863 quidem

2095 1888 2430 1949 nominibus,
2465 1893 2520 1939 at
2567 1886 2863 1955 praesertim
2892 1901 2922 1939 e
2954 1886 3079 1955 styli
3114 1886 3326 1939 ratione
3360 1886 3663 1955 antiquitus

2096 1980 2426 2042 dubitatum,
2460 1987 2639 2031 utrum
2674 1978 2833 2031 fuerit
2858 1976 3099 2031 Joannes
3130 1977 3428 2046 apostolus.
3462 1976 3662 2048 Diony-

2098 2074 2239 2128 sium
2280 2070 2708 2125 Alexandrinum
2760 2069 2902 2139 apud
2934 2067 3226 2122 Eusebium
3256 2067 3365 2137 (25)
3396 2068 3440 2121 si
3471 2070 3663 2121 audia-

2097 2178 2241 2226 mus,
2259 2161 2599 2231 Evangelium
2626 2158 2853 2213 Joannis
2883 2166 2937 2212 et
2961 2158 3206 2228 ejusdem
3230 2157 3472 2226 Epistola
3495 2156 3523 2210 Ι
3557 2158 3678 2213 sibi.

2097 2263 2287 2309 mutuo
2326 2255 2630 2320 cohaerent;
2686 2264 2851 2322 atque
2898 2253 2951 2305 in
2983 2252 3259 2313 omnibus,
3289 2252 3334 2306 si
3369 2260 3512 2304 recte
3537 2266 3665 2320 per-

2098 2347 2371 2418 penderis,
2402 2363 2571 2400 unum
2616 2346 2866 2415 idemque
2910 2346 3193 2414 utriusque.
3223 2344 3540 2414 scriptionis
3564 2358 3658 2413 ge-

2098 2455 2203 2494 nus
2249 2439 2527 2493 evidenter
2579 2444 2831 2509 apparet;
2871 2437 3226 2507 Apoealypsis
3250 2452 3381 2491 vero
3411 2436 3481 2490 ab
3511 2442 3673 2490 utro-

2097 2546 2203 2600 que
2234 2529 2326 2583 illo
2354 2529 2559 2598 scripto
2582 2530 2756 2583 aliena
2784 2535 2869 2582 est
2898 2536 2951 2581 et
2975 2536 3252 2582 extranea.
3284 2528 3348 2581 At
3372 2542 3533 2597 quam
3569 2542 3666 2595 pa-

2098 2635 2219 2672 rum
2249 2619 2350 2671 hac
2378 2619 2432 2671 in
2463 2634 2520 2673 re
2558 2618 2906 2673 tribuendum
2930 2619 3000 2673 sit
3033 2618 3274 2689 Dionysii
3307 2618 3669 2673 Alexandrini

2100 2712 2445 2775 auctoritati,
2496 2720 2697 2765 norunt
2738 2712 2962 2773 eruditi,
3005 2718 3064 2765 ut
3103 2712 3317 2766 abunde
3364 2713 3499 2766 satis
3541 2720 3666 2767 ante

2098 2801 2289 2856 oculos
2321 2802 2503 2871 posuit
2531 2802 2613 2854 vir
2641 2802 2836 2856 doctus
2868 2802 3029 2856 modo
3054 2803 3306 2856 laudatus
3331 2802 3465 2872 (26).

2169 2890 2248 2945 Ex
2298 2892 2562 2946 hactenus
2613 2893 2793 2948 allatis
2846 2894 3107 2963 exemplis
3159 2892 3664 2963 manifesteliquet,

2099 2998 2217 3039 mea
2263 2985 2480 3055 quidem
2528 2986 2815 3051 sententia,
2848 3001 3011 3055 quam
3036 2987 3186 3040 tenui
3211 2986 3435 3041 tibicine
3468 2985 3679 3040 fultum

414 3074 623 3126 riorum
668 3071 1061 3142 objectationes
1103 3072 1240 3124 tanti
1291 3080 1419 3127 sunt
1450 3072 1726 3142 ponderis,
1762 3080 1822 3126 ut
1857 3074 1996 3127 hanc
2025 3105 2067 3163 α
2102 3074 2172 3127 sit
2214 3082 2591 3143 argumentum
2624 3090 2654 3130 e
2691 3076 2817 3145 styli
2867 3076 3312 3133 dissimilitudine
3364 3085 3669 3147 sumptum,

415 3162 715 3232 Epistulam
749 3163 1141 3234 suppositionis
1173 3172 1485 3234 suspectam
1517 3166 1741 3221 reddere
1763 3168 1996 3221 valeant.

415 3252 654 3309 Joannes
710 3252 974 3317 Morinus,
1006 3253 1090 3307 vir
1148 3262 1343 3308 caetera
1396 3255 1610 3317 doctus,
1671 3255 1916 3310 eamdem
1968 3270 2000 3310 a

416 3346 622 3401 sanctis
650 3343 904 3400 Patribus
934 3345 1296 3401 adulterinam
1333 3346 1503 3402 fuisse
1538 3348 1779 3402 habitam
1812 3362 1999 3402 secum

416 3446 697 3506 reputans,
718 3438 812 3492 sed
842 3437 1115 3493 immerito
1145 3446 1203 3492 ut
1237 3454 1359 3493 mox
1388 3440 1626 3508 patebit,
1660 3456 1770 3510 quo
1798 3441 1851 3495 id
1881 3455 2001 3494 ma-

418 3531 501 3599 gis
548 3530 727 3583 adhuc
777 3536 1011 3592 astruat,
1045 3530 1112 3583 ab
1154 3531 1327 3599 ipsius
1375 3530 1629 3599 Epistolas
1660 3531 1802 3602 stylo
1840 3547 2000 3602 argu-

414 3632 657 3674 mentum
693 3621 950 3687 desumit,
985 3630 1037 3675 et
1084 3623 1301 3691 quidem
1346 3624 1528 3679 acrius
1574 3625 1805 3681 fortasse
1831 3641 1994 3696 quam

416 3713 660 3766 decebat.
699 3730 717 3761 ‹
750 3710 899 3766 Illius
929 3712 1124 3782 stylus,
1161 3714 1336 3782 inquit
1368 3716 1500 3784 (19),
1535 3724 1592 3768 ιιι
1644 3718 1841 3785 prioris
1884 3733 1994 3772 non

415 3811 501 3858 est
526 3804 785 3873 simplex,
818 3802 913 3856 sed
948 3804 1270 3874 argutulus;
1306 3822 1411 3858 non
1444 3816 1637 3875 sponte
1666 3807 1861 3872 ﬂuens,
1898 3810 1992 3864 sed

417 3909 518 3966 pro
571 3894 813 3949 auctoris
858 3903 1021 3964 captu
1067 3898 1310 3951 studiose
1339 3899 1685 3963 elaboratus;
1720 3917 1828 3954 non
1860 3902 1995 3954 ἀπε-

419 3986 649 4058 ριοὸικὸς
693 3996 745 4040 et
775 4000 1165 4055 nonnunquam
1196 3989 1619 4053 ἁνανταπόδοτος
1659 3992 1752 4045 sed
1804 3993 1995 4047 verbo-

416 4094 539 4132 rum
591 4078 880 4141 ambitum,
933 4079 1231 4135 antitheses
1282 4096 1581 4150 earumque
1630 4083 1987 4139 redditionem

417 4169 705 4226 ambitiose
739 4169 973 4225 allectat.
1013 4191 1031 4223 ι
1074 4169 1198 4225 Haec
1229 4171 1490 4233 Morinus,
1523 4175 1681 4243 cujus
1721 4177 1989 4230 sententia

422 4259 693 4314 Richardo
724 4277 940 4330 quoque
972 4260 1215 4315 Simouio
1249 4265 1467 4332 probari
1498 4266 1712 4319 videtur
1741 4267 1874 4338 (20).
1902 4267 1989 4322 ln-

421 4352 588 4406 ﬁciari
637 4352 886 4422 equidem
935 4355 1100 4407 nolim
1149 4355 1292 4409 haud
1346 4357 1459 4411 leve
1508 4360 1798 4429 aliquando
1822 4376 1984 4431 argu-

2101 3181 2211 3237 quo
2242 3166 2484 3237 Epistola
2512 3166 2579 3220 ΙΙ
2615 3167 2961 3237 abjudicetur
2988 3169 3275 3224 Clementi.
3302 3166 3421 3223 Jam
3468 3176 3681 3224 cetera

2101 3272 2518 3327 prosequamur.

2171 3347 2236 3405 V.
2279 3349 2546 3405 Morinum
2578 3350 2740 3405 modo
2781 3351 3110 3419 audivimus,
3152 3353 3302 3407 nullo
3338 3360 3477 3408 teste
3512 3351 3674 3407 adhi-

2099 3440 2234 3506 bito,
2279 3443 2585 3497 asseruisse
2616 3443 2756 3497 hanc
2785 3443 3070 3512 epistolam
3101 3460 3131 3496 a
3160 3444 3365 3499 sanctis
3413 3441 3679 3497 Patribus

2100 3538 2359 3601 tanquam
2386 3534 2748 3587 adulterinam
2790 3533 2959 3589 fuisse
2989 3534 3225 3587 habitam
3252 3552 3265 3587 :
3300 3549 3420 3603 quae
3448 3533 3675 3603 quidem

2098 3625 2366 3678 sententia
2399 3626 2675 3679 nonnullis
2707 3640 2922 3695 quoque
2988 3626 3109 3679 aliis
3138 3626 3417 3694 probatur.
3445 3624 3669 3683 Jurene.

2096 3728 2166 3767 an
2198 3730 2377 3781 secus,
2415 3716 2718 3771 videamus.
2762 3715 2837 3769 De
2879 3716 2981 3769 hac
3029 3716 3145 3784 ipsa
3185 3716 3414 3785 cpistola
3450 3714 3671 3769 Eusebii

2094 3807 2464 3861 testimonium
2488 3807 2797 3876 liujusmodi
2838 3808 3100 3862 habemus
3125 3806 3235 3877 (27)
3268 3827 3279 3859 :
3310 3806 3565 3860 Ἰστέονδ
3594 3806 3672 3869 ὡς

2094 3898 2189 3951 καὶ
2236 3898 2459 3969 δευτέρα
2491 3915 2574 3960 τις
2616 3892 2752 3950 εἶναι
2797 3898 3009 3965 λέγεται
3049 3896 3144 3949 τοῦ
3188 3897 3504 3966 Κλήμεντος
3549 3897 3667 3947 ἐπι-

2095 3990 2276 4062 ο-ίιτολή⁹
2326 3992 2386 4042 οὐ
2429 3990 2525 4059 μὲν
2570 3989 2645 4042 ἔθ’
2692 3990 2893 4058 ὁμοίως
2939 3992 3003 4059 τῇ
3048 3988 3288 4060 προτέρᾳ
3330 3989 3423 4041 καὶ
3468 3988 3673 4057 ταύτην

2092 4079 2361 4151 γνώριμον
2401 4079 2759 4150 ὲπιστάμεΟα,
2792 4080 2871 4131 ὅτι
2906 4078 3038 4149 μηδὲ
3074 4080 3199 4141 τοὺς
3226 4079 3484 4149 ἀρχαίους
3529 4079 3668 4147 αὐτῇ

2090 4171 2458 4242 κεχρημένους
2496 4172 2671 4241 ἴσμεν.
2710 4189 2726 4221 ι
2780 4167 3070 4225 Sciendum
3097 4178 3181 4225 est
3207 4177 3408 4233 autem,
3441 4170 3585 4238 quod
3616 4186 3673 4237 ει

2090 4266 2327 4320 secunda
2349 4263 2592 4333 quaedam
2609 4263 2903 4319 Clementis
2926 4265 3153 4332 epistola
3173 4279 3293 4320 esse
3313 4264 3561 4319 dicatur:
3587 4280 3679 4315 ves

2089 4371 2208 4409 rum
2240 4356 2378 4408 hanc
2408 4370 2516 4408 non
2543 4354 2768 4423 perinde
2796 4370 2860 4407 ac
2888 4357 3123 4424 priorem
3151 4364 3335 4408 nolam
3362 4370 3486 4409 esse
3520 4368 3673 4409 com-

420 4450 658 4497 mentum
688 4458 755 4497 ex
782 4442 1228 4499 dissimilitudine
1257 4446 1382 4517 styli
1414 4460 1730 4517 suppetere,
1764 4466 1873 4521 quo
1902 4453 1996 4505 ali-
2027 4443 2071 4499 Ι)
2096 4446 2366 4513 perimus;
2401 4447 2658 4513 quoniam
2708 4460 2805 4499 nec
2832 4453 3041 4499 veteres
3082 4460 3144 4499 ea
3183 4460 3312 4500 usos
3352 4459 3477 4498 esse
3518 4444 3675 4496 novi-

417 4533 507 4585 cui
555 4533 809 4602 scriptori
855 4549 993 4604 opus
1040 4536 1404 4603 abjudicetur,
1437 4539 1637 4607 aliique
1670 4539 1990 4608 addicatur;

418 4624 710 4677 dummodo
762 4631 943 4679 tamen
1001 4627 1206 4693 reliqua
1266 4628 1367 4681 rite
1420 4629 1747 4685 cohaereant.
1792 4631 1991 4685 Verum

416 4712 563 4766 hunc
584 4728 845 4767 canonem
866 4715 1117 4768 criticum
1144 4732 1252 4770 non
1277 4732 1399 4771 esse
1423 4717 1647 4771 nimium
1668 4722 1990 4789 urgendum,

418 4816 579 4855 nemo
620 4816 730 4854 non
779 4801 923 4856 videt
958 4822 970 4855 :
1001 4804 1291 4871 siquidem,
1337 4814 1394 4858 ut
1446 4806 1650 4872 optime.
1692 4805 1994 4863 Cotelerius

418 4905 579 4958 quem
621 4890 868 4958 sequitur
897 4900 951 4944 et
981 4890 1214 4947 Grabius
1259 4893 1393 4960 (21),
1441 4894 1564 4964 styli
1608 4893 1995 4951 dissimilitudo

420 4983 489 5034 ab
518 4981 705 5036 eodem
738 4983 1007 5052 scriptore
1042 5000 1141 5053 pro
1173 4986 1436 5040 varietate
1464 4994 1766 5055 temporum
1798 4998 1851 5044 et
1872 5005 1995 5044 cau-

420 5087 603 5127 sarum
634 5074 763 5126 oriri
797 5074 992 5141 potuit.

520 5225 603 5301 Π)
643 5225 850 5301 Iridis},
887 5225 1110 5301 Disser}.
1150 5227 1378 5301 in_I‘r_en.
1419 5230 1446 5301 §
1482 5248 1631 5294 χχιχ,
1664 5246 1718 5301 p,
1751 5232 1838 5286 55.

518 5295 601 5357 l8)
643 5291 849 5361 Spicil..
887 5305 1016 5349 tom.
1056 5296 1096 5353 1.
1128 5313 1181 5366 p.
1209 5298 1333 5353 268.

519 5366 603 5435 19)
647 5366 878 5421 Exercit.
911 5366 1230 5432 biblic.,lib.
1274 5384 1310 5432 ι,
1337 5386 1516 5426 exere.
1572 5388 1645 5435 ix,
1698 5387 1822 5440 cap.
1876 5371 1930 5435 4,
1966 5369 1993 5441 §

484 5477 603 5582 leo)
644 5505 1007 5582 nuce/eois,
1043 5515 1083 5582 ς.
1118 5505 1157 5569 ι,
1188 5510 1348 5582 chap.
1374 5510 1464 5575 es,
1494 5527 1548 5582 p.
1578 5510 1705 5566 ese.

494 5574 604 5646 (2i)
650 5576 855 5646 $piril.,
887 5586 1019 5631 tom.
1046 5577 1085 5640 L,
1120 5593 1171 5646 p.
1207 5574 1329 5635 268..

424 5643 886 5780 ωὲὶὲἒὸριὴεεηη
926 5649 1067 5716 apud
1115 5643 1339 5716 Euseb.,
1388 5649 1521 5704 Hist.
1554 5648 1705 5717 eccl.,
1755 5649 1850 5707 lib.
1900 5666 1991 5716 vr,

423 5449 473 5488 IX

2096 4550 2236 4588 mus.
2271 4554 2288 4585 ι
2317 4533 2487 4599 Quem
2519 4535 2697 4587 locum
2734 4532 2965 4588 Ruﬁnus
3013 4532 3358 4601 indiligenter
3383 4546 3482 4600 pro
3523 4544 3676 4583 more

2095 4642 2195 4679 suo
2216 4627 2288 4679 ita
2322 4627 2708 4694 interpretatur
2734 4646 2746 4679 :
2777 4625 2981 4678 Dicitur
3012 4634 3184 4679 tamen
3205 4642 3315 4678 esse
3333 4633 3381 4677 et
3413 4623 3521 4675 alia
3553 4622 3675 4678 Cie--

2096 4719 2281 4770 utentis
2320 4717 2563 4785 epistola,
2597 4717 2748 4784 cujus
2793 4733 2887 4769 nos
2936 4717 3178 4769 notitiam
3219 4732 3321 4767 non
3351 4716 3670 4781 accepimus.

2094 4808 2277 4879 Neque
2308 4808 2480 4878 magis
2504 4816 2757 4861 accurate
2780 4807 3141 4877 Hieronymus
3174 4826 3186 4859 :
3219 4804 3413 4858 Fertur
3441 4815 3674 4858 secumla

2094 4916 2204 4953 esse
2225 4915 2288 4952 ea:
2308 4900 2421 4968 ejus
2445 4902 2649 4953 nomine
2671 4900 2913 4968 epistola,
2938 4915 3052 4967 qua?
3075 4915 3107 4950 a
3136 4897 3389 4951 veteribus
3420 4896 3675 4964 reprobo-

2098 5003 2201 5045 tur.
2233 4991 2458 5046 Photius
2498 4999 2675 5045 autem
2708 4990 2771 5043 ad
2806 4990 3117 5060 Hieronymi
3156 4988 3479 5043 sententiam
3513 5002 3675 5040 acce-

2096 5086 2251 5150 dens,
2282 5086 2395 5140 hzec
2426 5085 2588 5139 habet
2615 5084 2726 5153 (28)
2756 5103 2768 5137 :
2810 5086 2873 5137 Ἡ
2900 5083 2956 5136 δὲ
2981 5082 3244 5151 λεγομένη
3269 5080 3493 5150 δευτέρα
3536 5077 3673 5145 πρὸς

2190 5241 2279 5305 23)
2324 5240 2631 5311 ΡωιοεοηιΣ
2650 5240 2713 5292 ad
2749 5240 2812 5293 Ν.
2849 5238 3117 5311 T..n._85.
3154 5254 3308 5307 seqq.

2192 5312 2280 5380 24)
2321 5308 2564 5380 Origen.,
2592 5309 2880 5380 Comment.
2914 5313 2966 5360 in
2992 5308 3177 5367 Joan..
3213 5317 3344 5361 tom.
3384 5324 3437 5380 vA.
3472 5323 3523 5376 p.
3562 5308 3629 5361 33
3652 5327 3664 5337 ·

2098 5377 2323 5445 Euseb.,
2355 5377 2456 5433 Le.
2479 5379 2753 5446 ;Hieron.,
2784 5378 2855 5431 De
2883 5384 2979 5432 vir.
3010 5380 3233 5441 illustr.,
3266 5394 3385 5446 cap.
3412 5377 3459 5429 Ξ.

2192 5451 2281 5510 25)
2326 5449 2467 5504 Hist.
2498 5449 2648 5511 eccl.,
2687 5448 2776 5502 lib.
2810 5464 2906 5502 vn.
2940 5464 3058 5518 cap.
3091 5449 3179 5503 50.

2193 5520 2283 5589 26)
2322 5518 2480 5589 Mill.,
2516 5520 2550 5572 Ι.
2583 5534 2631 5571 c.
2667 5535 2817 5589 num.
2854 5519 2975 5578 176,
3008 5534 3157 5589 seqq.

2188 5587 2279 5652 27)
2320 5588 2464 5644 Hist.
2492 5589 2640 5651 δαείη
2678 5588 2769 5641 lib.
2802 5603 2886 5651 in,
2918 5603 3037 5658 cap.
3067 5587 3157 5643 53.

2191 5657 2280 5733 28)
2319 5659 2456 5714 Bibl.
2489 5660 2609 5715 cod.
2640 5672 2792 5714 cxm.
