3936 6172
291 301 360 358 97
1222 316 1227 321 '
1571 308 1910 367 ΡΗΟΟΕΜΙΑ
1948 313 2331 373 VARIORUM.
3489 338 3558 388 us

289 412 421 474 τοὺς
437 412 659 476 αὐτοὺς,
694 415 767 476 ὼς
795 414 949 513 νόθος
969 416 1447 489 ἀποδοκιμάζεται.
1479 440 1497 473 ι
1534 419 1666 487 Quae
1689 430 1870 477 autem
1900 429 1947 487 Α
1976 444 2077 497 ραν
2111 428 2475 501 διηγάγομεν,
2510 433 2567 485 ὲν
2682 434 3065 508 ἁνεγνὼκαμεν
3104 440 3255 510 ὑμῶν
3297 442 3395 513 τὴν
3438 443 3557 497 ἐπι-

290 507 536 561 secunda
574 507 644 561 ad
685 507 904 563 eosdem
933 509 1299 582 (Corinthios)
1338 513 1559 579 dicitur,
1602 525 1659 570 ut
1707 517 1875 571 notha

287 596 561 666 rejicitur.
595 618 614 651 ι
647 599 715 652 At
748 602 948 655 rectius
971 601 1039 655 ad
1079 611 1316 659 mentem
1348 604 1570 662 Eusebii
1600 607 1873 679 Nicepho-

286 703 386 743 rus
406 686 523 760 (29)
554 708 568 744 :
597 692 707 743 Καὶ
737 692 869 761 ἄλλη
898 693 954 746 δὲ
982 692 1146 746 αὐτοῦ
1186 696 1407 766 φέρεται
1456 698 1733 770 ἐπιστολὴ,
1773 700 1874 769 τῆς

288 780 565 851 προτέρας
608 782 750 835 κατὰ
797 783 933 837 πολὺ
982 785 1314 839 ἀποδέουσα·
1370 789 1497 860 περ).
1541 784 1607 860 ἧς
1634 791 1663 842 ὁ
1711 790 1874 853 αὑτός

285 886 454 939 φησιν
473 872 754 935 Εὑσέὸιος,
781 872 854 944 μὴ
875 874 933 926 ὲν
952 875 1146 946 emori;
1156 891 1231 948 μῃ
1246 877 1450 948 ταύτης
1466 880 1594 942 τοὺς
1612 881 1873 951 ἀρχαίους

282 956 447 1015 εἶναι.
489 980 509 1013 ι
554 962 754 1019 Fertur
795 974 849 1020 et
888 967 993 1021 alia
1034 968 1155 1036 ejus
1198 968 1565 1041 (Clementis)
1604 972 1868 1041 epistola,

283 1053 471 1121 priore
503 1055 662 1124 longe
700 1055 962 1123 inferior;
987 1057 1055 1111 de
1075 1074 1183 1127 qua
1214 1058 1349 1115 dicit
1384 1060 1523 1115 idem
1566 1060 1869 1128 Eusebius,

278 1149 499 1197 veteres
537 1142 660 1212 ejus
719 1146 971 1198 notitiam
1014 1162 1126 1201 non
1176 1147 1397 1203 habere.
1445 1168 1463 1201 ι
1510 1149 1589 1203 Ex
1641 1149 1727 1205 bis
1766 1151 1870 1205 ita-

278 1248 391 1302 que
426 1235 664 1290 testibus
713 1236 806 1290 uni
854 1236 1094 1293 Eusebio
1136 1240 1390 1293 standum
1416 1279 1431 1303 ,
1465 1256 1626 1294 nemo
1651 1257 1762 1295 non
1787 1244 1868 1296 vi-

277 1327 413 1381 det:
449 1326 582 1382 ﬁdes
612 1328 756 1382 enim
796 1345 964 1399 penes
998 1339 1299 1395 auctorem,
1328 1346 1437 1385 non
1471 1339 1654 1388 autem
1698 1350 1866 1403 penes

276 1418 611 1488 interpretes
640 1427 733 1473 aut
758 1422 1153 1491 exscriptores.
1191 1421 1421 1476 Photius
1463 1438 1597 1477 vero
1641 1424 1867 1480 minime

272 1508 610 1573 audiendus,
655 1509 749 1579 qui
797 1510 971 1564 multo
1018 1513 1292 1566 recentior
1320 1520 1406 1566 est
1470 1528 1635 1582 quam
1666 1522 1724 1567 ut
1762 1514 1864 1583 ipsi

274 1612 569 1653 assensum
598 1599 938 1669 praebeamus
971 1616 983 1652 :
1010 1617 1187 1671 neque
1215 1600 1362 1655 enim
1392 1602 1557 1656 ullius
1587 1604 1742 1657 testis
1766 1618 1865 1658 an-

1978 518 2191 589 στολὴν,
2223 521 2289 590 ἢν
2320 520 2510 592 ἕξομεν
2526 524 2610 576 ἀει
2642 541 2771 578 ποτε
2803 526 3262 595 ἀναγινώσκοντες
3289 533 3554 588 νουθετεῖ-

1977 608 2121 672 σθαι,
2148 610 2223 675 ὡς
2242 612 2336 664 καὶ
2369 613 2466 683 τὴν
2496 615 2767 686 προτέραν
2797 619 2928 688 ἡμῖν
2956 618 3042 672 διὰ
3078 621 3393 691 Κλήμεντος
3419 643 3555 697 γρα-

1974 702 2181 767 φεῖσαν.
2233 719 2251 751 ι
2301 700 2472 756 Hodie
2520 713 2769 759 sanctum
2800 706 2942 761 diem
2987 707 3325 767 Dominicum
3376 725 3555 771 trans-

1971 791 2202 859 egimus,
2234 793 2288 846 in
2321 809 2429 863 quo
2472 804 2710 850 vestram
2744 798 2972 868 legimus
3019 804 3303 871 epistolam
3326 846 3340 869 ,
3386 824 3550 876 quam

1971 882 2187 951 quidem
2222 893 2481 954 perpetuo
2504 888 2760 959 deinceps
2784 890 3042 960 legentes.
3068 895 3293 962 perinde
3315 912 3378 951 ac
3402 900 3551 968 prio-

1970 986 2083 1026 rem
2116 974 2260 1028 illam
2298 990 2328 1028 a
2360 976 2637 1033 Clemente
2685 981 2969 1050 scriptam,
3006 986 3150 1039 unde
3179 989 3400 1057 optimis
3432 1005 3548 1045 mo-

1968 1065 2101 1119 nitis
2160 1066 2495 1121 instruamur
2548 1070 2941 1127 habebimusn
2996 1073 3133 1129 l’linc
3193 1078 3355 1133 infert
3410 1080 3550 1137 Gra-

1969 1154 2090 1209 bius
2121 1156 2255 1225 (55).
2289 1173 2452 1211 unam
2483 1173 2511 1211 a
2534 1158 2810 1215 Clemente
2836 1164 3093 1233 scriptam
3126 1168 3191 1220 ad
3223 1168 3544 1229 Corinthios

1967 1247 2248 1316 epistolam
2273 1264 2287 1313 ;
2333 1263 2495 1317 quam
2525 1248 2623 1320 τὴν
2652 1251 2923 1323 προτέραν
2952 1254 3038 1309 διὰ
3070 1257 3381 1328 Κλήμεντος
3408 1279 3545 1334 γρα-

1966 1340 2157 1406 φεῖσαν
2208 1337 2499 1410 Dionysius
2545 1344 2813 1412 appellat,
2863 1347 3008 1415 quod
3061 1349 3269 1404 scilicet
3319 1354 3384 1407 ad
3441 1355 3548 1411 Ec-

1964 1429 2190 1482 clesiam
2232 1429 2637 1486 Corinthiacam
2690 1436 2843 1503 prius
2875 1452 2939 1491 ea
2975 1440 3141 1495 missa
3175 1441 3356 1507 fuerit,
3377 1462 3541 1516 quam

1967 1516 2126 1574 Soter
2147 1536 2301 1575 suam
2330 1522 2587 1593 deinceps
2609 1525 2785 1581 eidem
2829 1527 3187 1600 inscripserit.
3220 1534 3352 1589 Esto
3383 1558 3396 1589 :
3426 1554 3543 1594 me-

1965 1610 2186 1664 minerit
2238 1612 2327 1666 hic
2390 1613 2683 1686 Dionysius
2740 1618 2939 1687 prioris
2984 1631 3195 1677 tantum
3242 1627 3540 1685 Clementis

272 1689 536 1793 Eiquioris
557 1693 939 1793 auctoritatem
962 1693 1351 1793 adducitguid
1375 1696 1542 1765 igitur
1563 1695 1864 1751 Eusebius?
1897 1759 1938 1793 ῃ
1964 1700 2206 1768 epistola:
2228 1721 2240 1756 :
2262 1719 2438 1773 neque
2458 1708 2600 1760 enim
2623 1710 2799 1779 placet
2819 1711 3094 1784 Beveregii
3116 1720 3384 1773 sententia
3401 1722 3535 1793 (56),

272 1779 465 1851 Neque
498 1800 530 1835 a
560 1783 817 1837 veteribus
846 1783 1175 1853 reprobatam
1206 1785 1340 1839 dicit
1375 1787 1863 1855 posteriorcm‘epi-
1897 1759 1939 1815 Β
1966 1792 2310 1858 conjicientis
2336 1759 2651 1867 episc0punri
2683 1759 3117 1869 Corinthioruom,
3142 1809 3347 1864 omissa
3383 1759 3538 1869 gate:

269 1872 493 1938 stolam,
527 1889 705 1943 neque
740 1876 923 1944 prodit
957 1886 1149 1929 veteres
1177 1875 1291 1945 ejus
1334 1878 1577 1930 notitiam
1624 1895 1727 1931 non
1766 1879 1864 1931 ha-
1966 1881 2043 1933 ris
2092 1883 2352 1952 epistola,
2386 1887 2454 1940 de
2490 1898 2718 1959 utraque
2753 1892 3089 1950 Clementina
3120 1900 3283 1953 verba
3316 1900 3532 1958 fecisse.

270 1962 469 2028 buisse,
522 1982 695 2035 neque
745 1967 891 2019 illam
946 1968 1138 2023 scribit
1188 1969 1323 2021 inter
1376 1968 1681 2022 adulterina
1729 1971 1862 2040 reje-
1963 1971 2141 2028 Minus
2191 1975 2316 2030 item
2364 1979 2523 2034 nobis
2571 1982 2833 2048 probatur
2861 1986 3007 2054 quod
3039 1988 3131 2043 alii
3166 1992 3530 2059 arbitrantur,

267 2064 450 2118 ctam;
482 2054 576 2109 sed
600 2064 816 2110 tantum
851 2075 869 2107 ι
896 2058 1067 2124 priore
1100 2058 1270 2111 minus
1315 2068 1497 2111 notam
1532 2058 1724 2124 fuisse,
1764 2076 1861 2115 ne-
1962 2061 2280 2134 Dionysium
2313 2082 2508 2137 nempe
2552 2069 2700 2124 illam
2733 2070 3034 2130 Clementis
3062 2078 3369 2147 epistolam,
3409 2054 3532 2152 qua:

267 2162 377 2215 que
408 2163 441 2199 a
476 2146 731 2202 veteribus
764 2158 1093 2217 usurpatam.
1128 2168 1147 2202 ι
1166 2148 1335 2213 Cedo,
1360 2166 1491 2204 num
1521 2151 1645 2206 inde
1664 2167 1861 2207 conse-
1959 2154 2173 2223 publice
2200 2156 2497 2225 legebatur,
2525 2159 2647 2215 ideo
2675 2160 2905 2219 fortasse
2951 2146 3225 2238 προτέραν
3282 2146 3529 2237 vocasse,

260 2238 459 2308 'quitur
496 2240 788 2309 epistolam
822 2251 1066 2295 nostram
1098 2241 1269 2297 fuisse
1297 2244 1674 2313 reprobatam,
1702 2244 1858 2314 igno-
1960 2253 2020 2298 ut
2045 2261 2164 2300 eam
2197 2247 2266 2301 ab
2289 2248 2462 2303 altera
2495 2249 2703 2307 Soteris
2728 2253 2792 2307 ad
2816 2254 3134 2313 Corinthios
3165 2261 3369 2329 pariter
3395 2263 3535 2319 scri-

265 2336 379 2383 tam
400 2368 416 2392 ,
492 2330 937 2401 postulatamque
1006 2330 1264 2394 voOstag?
1343 2332 1509 2387 Aliud
1577 2334 1857 2390 enimvero
1957 2344 2048 2405 pta
2085 2335 2466 2406 distingueret.
2499 2339 2568 2394 At
2599 2341 2686 2397 his
2714 2344 2919 2408 missis,
2953 2362 3083 2402 num
3117 2357 3401 2419 propterea
3428 2353 3533 2410 rite

262 2427 351 2473 est
375 2421 561 2477 minus
584 2424 894 2492 cognitum,
931 2422 1079 2478 aliud
1114 2423 1363 2494 ignotum
1395 2423 1656 2491 omnino;
1691 2431 1856 2493 atque
1956 2442 2080 2480 cum
2121 2426 2324 2485 Grabio
2371 2432 2619 2503 colligas,
2649 2442 2773 2504 post
2813 2452 2985 2492 azvum
3019 2439 3237 2495 demum
3288 2442 3531 2501 Dionvsii

263 2511 414 2565 aliud
446 2520 531 2568 est
552 2530 663 2569 non
694 2516 798 2579 uti,
841 2516 987 2570 aliud
1032 2517 1330 2586 reprobate.
1354 2524 1517 2584 atque
1546 2516 1688 2571 inter
1716 2532 1851 2586 sup-

260 2604 511 2673 posititia
557 2605 785 2662 referre.
844 2625 862 2658 ι
892 2605 1361 2672 Quemadmodum
1410 2607 1615 2677 igitur,
1667 2606 1851 2661 verbis

262 2703 392 2749 utor
419 2696 490 2751 cl.
525 2695 810 2763 Cotelerii,
844 2714 951 2753 non
975 2713 1273 2768 possumus
1297 2713 1465 2762 nunc,
1503 2706 1625 2768 post
1659 2699 1852 2768 deper—

260 2794 408 2849 ditos
450 2800 536 2847 tot
569 2792 873 2863 primorum
906 2788 1131 2843 Patrum
1176 2791 1370 2852 libros,
1398 2790 1713 2844 memoriam
1740 2788 1850 2843 Eu-

260 2886 402 2942 sebii
431 2898 718 2947 accusare,
751 2897 871 2951 quae
899 2889 1078 2935 tamen
1105 2897 1215 2937 non
1249 2896 1461 2949 semper
1487 2879 1593 2933 ﬁda
1615 2879 1844 2945 exstitit;

260 2980 337 3034 ita
371 2992 641 3048 negamus
669 2974 797 3030 inde
822 2975 1076 3043 consequi
1108 2989 1207 3044 pro
1238 2972 1710 3044 pseudepigrapha
1748 2987 1846 3027 ne-

1953 2528 2198 2576 vertente
2241 2525 2441 2578 saeculo
2470 2540 2507 2579 it
2540 2525 2613 2579 ita
2634 2528 2955 2592 scribentis,
2986 2530 3383 2589 Clementinam
3431 2552 3510 2591 se-

1954 2613 2188 2667 cundam
2222 2612 2391 2668 fuisse
2423 2616 2751 2671 conﬁctam?
2779 2616 2893 2672 Hoc
2923 2635 3092 2675 unum
3122 2622 3333 2677 scilicet
3362 2640 3429 2679 ex
3454 2626 3524 2683 iis

1952 2704 2144 2758 conﬁci
2177 2720 2337 2774 posse
2367 2707 2603 2772 videtur,
2637 2708 2807 2764 fuisse
2833 2710 2888 2763 in
2923 2726 3071 2767 more
3098 2714 3335 2782 positum
3367 2715 3529 2773 insti-

1952 2803 2177 2865 tutoque
2221 2796 2630 2852 Corinthiorum
2684 2798 2962 2863 Ecclesiae,
3010 2804 3247 2871 priorem
3304 2805 3526 2875 quidem

1949 2885 2246 2943 Clementis
2289 2890 2572 2958 epistolam
2626 2891 2765 2962 legi,
2818 2895 3175 2961 posteriorem
3228 2912 3357 2951 vero
3411 2913 3523 2953 non

1948 2978 2098 3033 item.
2131 2979 2406 3050 Numquid
2438 2982 2654 3037 demum
2687 2993 2816 3039 tunc
2848 2988 3109 3055 temporis
3140 2998 3297 3044 erant
3336 2991 3523 3060 legen-

258 3070 512 3125 cessario
560 3068 866 3122 habendam
902 3069 1183 3137 epistolam
1220 3087 1234 3122 :
1266 3084 1393 3123 cum
1442 3067 1558 3123 ﬁeri
1607 3069 1844 3137 quiverit
1871 3092 1913 3151 ρ
1948 3069 2105 3124 daein
2142 3072 2376 3139 publicis
2411 3070 2777 3128 Ecclesiarum
2807 3079 3167 3134 conventibus
3196 3096 3386 3139 omnes
3411 3098 3522 3140 non

260 3170 320 3215 ut
358 3176 501 3231 opus
547 3159 846 3229 genuinum
891 3159 945 3211 in
975 3160 1404 3215 controversiam
1436 3160 1668 3224 venerit,
1711 3167 1766 3214 et
1812 3175 1844 3214 a

258 3253 453 3322 primis
475 3250 737 3305 Ecclesia:
755 3250 1114 3319 scriptoribus
1134 3266 1242 3304 non
1268 3251 1429 3306 fuerit
1451 3250 1837 3306 celebratum»

327 3342 473 3410 Quid
505 3357 658 3405 vero,
685 3342 731 3397 si
762 3340 1032 3397 Eusebius
1059 3341 1173 3395 Arii
1210 3342 1428 3411 placitis
1475 3343 1720 3411 impense
1741 3342 1841 3398 ad-

256 3435 466 3497 dictus,
509 3433 577 3489 de
622 3432 862 3488 secunda
907 3432 1205 3487 Clementis
1246 3434 1476 3503 cpistola
1518 3435 1598 3489 sic
1628 3435 1842 3505 abjecte

256 3528 529 3582 sensisset
570 3525 1021 3595 scripsissetquc;
1066 3533 1353 3594 propterea
1396 3526 1655 3579 nimirum
1693 3527 1841 3596 quod

258 3618 313 3672 in
344 3633 410 3672 ea
441 3627 672 3672 sanctus
714 3615 877 3671 Pater
907 3616 1343 3669 illustrissimum
1375 3616 1441 3671 de
1465 3616 1669 3671 Christi
1700 3617 1840 3672 divi-

256 3712 431 3765 nitate
478 3710 858 3765 testimonium
907 3709 1142 3765 ediderit
1170 3710 1323 3780 (30)?
1351 3708 1489 3764 Illud
1533 3726 1666 3766 sane
1705 3710 1838 3767 viris

253 3802 435 3856 doctis
452 3817 580 3856 cum
607 3802 880 3856 veteribus
902 3808 1015 3854 tum
1040 3800 1438 3856 recentioribus
1459 3802 1833 3868 observatum,

250 3891 653 3948 Caesariensem
696 3894 1010 3963 episcopum
1041 3898 1175 3946 testu
1208 3893 1444 3962 partium
1476 3892 1624 3946 haud
1668 3893 1837 3949 semel

251 3985 565 4052 abreptum,
601 3983 655 4038 in
690 3999 788 4039 sua
816 3983 1055 4040 Historia
1085 3983 1199 4038 sive
1226 3999 1335 4038 non
1352 3985 1487 4039 satis
1517 3991 1700 4053 aperte
1726 3994 1838 4038 tra-

251 4077 485 4139 didisse,
517 4076 633 4132 sive
654 4078 915 4148 pleraque
935 4077 1336 4141 dissimulasse,
1365 4077 1481 4132 sive
1498 4077 1719 4132 silentio
1741 4093 1836 4148 pe-

250 4169 403 4223 nitus
426 4169 779 4239 praeteriisse,
809 4184 929 4238 qua:
956 4169 1072 4223 suis
1096 4169 1449 4238 opinionibus
1476 4169 1720 4224 novisset
1745 4169 1833 4223 in-

252 4263 563 4317 commoda.
599 4260 716 4328 Qua
746 4261 814 4317 de
834 4277 895 4316 re
918 4260 1178 4317 Photium
1212 4260 1352 4334 (51),
1387 4260 1686 4315 Baronium
1718 4259 1831 4331 (52)

250 4363 302 4407 et
347 4353 819 4408 Montfauconium
847 4353 957 4426 (55)
1009 4352 1297 4409 consulere
1339 4360 1583 4423 praestat.
1626 4351 1830 4408 Verum

1947 3162 2321 3229 apostolorum
2368 3163 2548 3229 modo,
2581 3165 2675 3220 sed
2718 3167 2880 3220 etiam
2913 3170 3341 3237 apostolit-orum
3372 3174 3521 3229 viro—

1945 3267 2064 3306 rum
2091 3253 2369 3323 epistolae;
2400 3265 2457 3310 ut
2488 3256 2715 3325 proinde
2740 3261 3012 3328 posterior
3030 3261 3368 3318 Clementina
3391 3281 3522 3320 cen-

1945 3343 2115 3398 senda
2143 3344 2216 3397 sit
2238 3345 2705 3416 pseudepigrapha
2730 3364 2794 3402 eo
2814 3350 3054 3415 nomine,
3086 3353 3231 3421 quod
3274 3354 3340 3409 de
3372 3357 3520 3413 illius

1944 3434 2177 3491 lectione
2220 3437 2275 3489 in
2319 3445 2589 3492 conventu
2642 3439 2993 3497 Corinthiaco
3047 3445 3251 3498 nullam
3304 3446 3518 3516 injiciat

1940 3526 2271 3582 mentionem
2297 3526 2629 3598 Dionysius?
2650 3531 2782 3585 Cum
2808 3533 2990 3603 itaque
3012 3534 3245 3603 priorem
3272 3538 3513 3606 quidem,

1940 3618 2167 3673 minime
2216 3634 2345 3673 vero
2403 3622 2788 3690 posteriorem,
2846 3624 2899 3678 in
2938 3634 3084 3680 coetu
3137 3628 3515 3684 ecclcsiastico

1939 3711 2143 3782 perlegi
2192 3713 2547 3768 consuevisse
2576 3714 2646 3768 ab
2673 3714 2933 3785 cpisc0po
2958 3717 3367 3772 Corinthiorum
3397 3720 3517 3774 edi-

1939 3815 2194 3867 scamus;
2240 3800 2368 3855 hinc
2416 3817 2550 3857 sane
2579 3804 2964 3873 perspicimus,
2999 3821 3099 3860 cur
3136 3807 3371 3877 priorem
3400 3810 3514 3863 exi-

1938 3891 2102 3944 miam
2134 3909 2351 3962 prorsus
2394 3904 2551 3964 atque
2595 3894 2891 3949 mirabilem
2916 3897 3511 3968 appellaritepiscopus

1935 3981 2318 4051 Caesariensis;
2372 3986 2439 4041 de
2488 3988 2791 4056 posteriore
2842 4004 2972 4044 vero
3020 3990 3325 4059 scripserit,
3360 3991 3507 4045 illam

1935 4075 2108 4128 minus
2129 4085 2307 4130 notam
2334 4076 2496 4145 fuisse
2519 4094 2679 4148 neque
2704 4095 2737 4131 a
2769 4079 3019 4133 veteribus
3046 4091 3377 4149 usurpatam.
3414 4080 3506 4137 Sic

1935 4165 2104 4222 ferme
2146 4175 2557 4237 argumentatur
2584 4170 2930 4235 Coutantius,
2963 4187 2993 4224 a
3023 4188 3132 4241 quo
3161 4173 3350 4242 pedem
3388 4190 3497 4228 non

1932 4257 2163 4315 discedit
2197 4276 2438 4330 nuperus
2462 4261 2788 4316 dissertator
2812 4260 3113 4317 Romanus.

2004 4348 2094 4405 Vl.
2134 4348 2431 4420 Pergamus
2459 4366 2641 4420 porro.
2686 4350 2877 4405 Subdit
2904 4360 3164 4420 praeterea
3199 4352 3280 4406 vir
3317 4353 3502 4407 erudi-

250 4445 519 4515 quidquid
569 4444 786 4499 demum
844 4445 1078 4499 senserit
1126 4443 1194 4499 de
1245 4444 1486 4498 secunda
1535 4443 1829 4500 clementis
1862 4434 1906 4489 D
1931 4446 2041 4501 tus,
2073 4440 2461 4507 suppositionis
2492 4440 2857 4509 suspicionem
2889 4441 2993 4495 sibi
3024 4440 3252 4509 injicere
3280 4451 3501 4497 senten-

247 4538 482 4608 epistola
522 4534 879 4591 Caesariensis
928 4534 1242 4605 episcopus,
1296 4536 1435 4590 satis
1484 4542 1824 4605 compertum

245 4640 330 4687 est
363 4630 503 4683 nihil
546 4645 614 4683 ex
653 4630 773 4698 ejus
814 4627 996 4682 verbis
1030 4627 1351 4698 exsculpere
1383 4642 1545 4698 posse
1570 4627 1828 4681 adversa-

246 4726 384 4786 rios,
409 4737 521 4794 quo
547 4722 695 4775 illam
725 4722 1121 4791 suppositionis
1141 4722 1338 4777 merito
1365 4728 1670 4790 suspectam
1702 4720 1827 4774 red—

245 4819 379 4872 dere
404 4814 640 4886 possint.

313 4901 548 4959 Atenim
567 4900 858 4972 Dionysius
889 4900 1301 4955 Corinthiorum
1339 4900 1635 4970 episcopus
1678 4902 1821 4970 apud

241 4996 547 5051 Eusebium
566 4992 701 5063 (54),
722 4993 791 5047 ad
820 4991 1063 5047 Soterem
1091 5005 1284 5061 papam
1304 4992 1635 5057 rescribens,
1660 4994 1822 5047 unius

239 5087 494 5158 epistola:
535 5085 868 5146 Clementis,
918 5091 973 5138 et
1019 5083 1238 5152 quidem
1287 5082 1519 5151 prioris,
1574 5084 1822 5138 meminit

240 5178 399 5231 hisce
430 5174 646 5230 verbis:
666 5173 774 5244 Τὴν
801 5173 1037 5243 σήμερον
1065 5167 1158 5224 οὖν
1188 5170 1470 5243 Κυριακὴν
1498 5171 1657 5239 ἁγίαν
1686 5172 1823 5242 ἠμέ-

308 5417 427 5485 (ἓ9)
472 5415 641 5482 Hist.,
670 5415 762 5485 lib.
796 5430 878 5476 Ill,
904 5430 1024 5484 cap.
1062 5414 1150 5485 18.

335 5418 404 5470 ‘39
472 5417 641 5482 Hist.,
670 5417 762 5469 lib.
796 5430 878 5476 Ill,
904 5430 1024 5484 cap.
1062 5417 1150 5467 18.

335 5417 429 5561 50)
469 5488 665 5561 Clem,
698 5484 953 5561 EpistJl,
978 5499 1098 5553 cap.
1132 5484 1183 5537 1.

336 5554 428 5620 51)
469 5555 615 5611 Bibl.
646 5554 768 5609 cod.
806 5571 1010 5609 cxxvn.

333 5628 425 5694 52)
475 5628 548 5679 Ad
578 5641 710 5679 ann.
741 5626 866 5688 518,
902 5623 965 5694 §§
997 5638 1234 5694 κακιεῖν.

309 5631 425 5749 (52)
475 5631 548 5679 Μ
578 5641 710 5679 ann.
741 5631 866 5688 518,
902 5631 965 5694 §§
997 5640 1082 5688 xc,
1116 5638 1234 5680 xcv.

307 5698 403 5754 (55
466 5697 598 5776 Opp.
648 5694 869 5759 Albam,
903 5703 1034 5748 tom.
1087 5693 1129 5759 1,
1182 5700 1322 5763 part.
1358 5707 1396 5760 ι,
1426 5706 1549 5761 pag.
1580 5690 1705 5747 245.

309 5492 329 5698 ἓ

1928 4531 2060 4585 tiam
2089 4548 2119 4586 e
2148 4532 2287 4586 libro
2318 4532 2552 4601 quodam
2587 4533 2902 4603 apocrypha
2935 4542 3237 4602 acceptam,
3290 4550 3411 4604 quae
3442 4536 3498 4590 in

1927 4622 2089 4692 hujus
2113 4623 2355 4693 epistolae
2377 4624 2553 4693 capite
2583 4624 2643 4677 11
2675 4630 2874 4686 exstat,
2897 4636 3022 4676 cum
3051 4622 3163 4691 jam
3186 4632 3240 4677 et
3270 4624 3324 4678 in
3351 4624 3503 4694 prio»

1926 4718 2006 4770 ris
2035 4717 2209 4785 capite
2228 4715 2299 4770 25
2328 4715 2519 4784 paucis
2548 4714 2772 4769 mutatis
2808 4720 3080 4767 occurrat.
3116 4712 3369 4767 Eamdcm
3398 4713 3500 4771 ob-

1918 4804 2214 4876 jectionem
2257 4807 2516 4877 deinceps
2548 4806 2767 4876 repetiit
2799 4804 3143 4860 Hermannus
3174 4803 3410 4859 Venema
3440 4806 3495 4860 in

1924 4897 2193 4966 epistolis,
2224 4912 2360 4967 quas
2383 4896 2846 4952 Clenientinarum
2873 4895 3231 4964 epistolarum
3267 4894 3494 4950 editioni

1923 4988 2313 5045 Wetstenianae
2343 5005 2517 5059 nuper
2539 4988 2796 5059 opposuit
2827 4988 2960 5058 (57).
2993 4985 3131 5043 Hinc
3166 4988 3312 5043 enim
3339 4987 3494 5056 judi~

1924 5081 2068 5135 cium
2102 5082 2243 5136 sumi
2276 5098 2436 5151 posse
2468 5082 2602 5137 satis
2631 5089 2875 5150 apertum
2905 5080 3202 5144 existimat,
3234 5094 3343 5150 quo
3377 5080 3493 5148 epi-

1922 5174 2078 5228 stolae
2112 5173 2364 5228 secundae
2395 5173 2533 5228 alius
2561 5187 2591 5225 a
2622 5172 2900 5227 Clemente
2938 5172 3172 5241 scriptor
3198 5177 3489 5227 statuatur.

2014 5418 2103 5480 54)
2150 5413 2290 5469 Hist.
2322 5414 2473 5475 εδει..
2506 5413 2604 5469 lib.
2635 5431 2709 5479 Iv,
2742 5429 2862 5483 cap.
2894 5413 2985 5468 25.

2013 5487 2100 5554 55)
2142 5483 2351 5552 Spicit.,
2381 5493 2511 5538 tom.
2543 5484 2583 5546 l,
2620 5501 2740 5554 pag.
2764 5484 2891 5539 266.

2014 5549 2102 5623 56)
2142 5549 2275 5609 Cod.
2309 5570 2430 5607 can.
2466 5554 2559 5608 lib.
2592 5549 2651 5617 ii,
2686 5549 2805 5623 cap.
2840 5554 2893 5617 9,
2924 5552 2951 5622 §
2984 5567 3036 5617 χ,
3063 5565 3184 5623 pag.
3221 5549 3349 5606 115.

2012 5621 2100 5698 57)
2138 5624 2384 5690 Vencm.,
2419 5623 2590 5693 Epist.
2623 5626 2681 5689 ‘2,
2720 5621 2903 5694 ξω,
2924 5621 3047 5691 pag.
3070 5621 3169 5679 '78.
