3936 6172
447 286 517 345 99
1560 280 1652 335 AD
1691 281 1746 335 S.
1788 277 2210 335 CLEMENTEM
2249 277 2268 330 l
2308 278 2538 333 PAPAM

3579 287 3676 342 lOO

383 425 387 431 ι
446 405 601 460 Itane
643 402 875 458 censes?
921 400 1092 467 Quasi
1143 413 1292 463 vero,
1327 403 1385 452 ut
1428 412 1551 450 cum
1584 399 1700 452 viro
1727 397 1888 452 docto
1935 411 2021 449 re—
2050 397 2096 454 Α
2127 393 2345 447 veritati
2383 394 2562 447 locum
2608 390 2872 460 objieiant
2901 407 2929 446 e
2965 392 3421 463 pseudo-Justino
3458 395 3677 453 desum-

448 493 742 567 spondeam
773 491 906 566 ('58),
932 493 1138 562 justam
1177 491 1508 561 suspicionis
1550 505 1740 545 ansam
1771 488 2014 558 ejusdem

447 587 729 644 sententiae
769 584 1020 654 repetitio
1057 583 1314 653 priebeat.
1346 581 1503 648 Quod
1533 581 1580 636 si
1612 597 1699 637 res
1726 581 1801 634 ita
1829 596 1888 635 se
1917 579 2014 632 ha-

446 675 619 736 beret,
650 683 831 728 actum
883 673 1126 742 profecto
1171 680 1318 726 esset
1365 671 1430 725 de
1478 671 1728 740 pluribus
1769 681 2014 724 veterum

446 763 686 820 indubiis
711 762 1098 825 monumentis,
1130 765 1183 818 in
1217 763 1415 832 quibus
1443 763 1646 831 passim
1684 778 1824 817 unus
1846 761 2014 816 idem-

445 873 553 928 que
584 864 796 918 auctor,
839 856 954 912 sive
975 856 1029 908 in
1055 856 1174 924 ipso
1197 869 1383 924 opere,
1414 854 1529 909 sive
1554 855 1717 908 etiam
1745 853 1799 906 in
1822 853 2010 914 variis,

445 950 634 1006 eadem
665 948 1070 1017 Seripturarum
1104 947 1222 999 loca
1241 946 1570 1014 easdemque
1595 943 1894 999 sententias
1917 959 2013 1013 pro

445 1057 507 1096 re
535 1049 661 1094 nata
693 1039 796 1094 sibi
830 1035 1116 1106 repetenda
1139 1050 1261 1090 esse
1290 1034 1462 1089 duxit.
1489 1032 1660 1102 Cujus
1691 1031 1910 1102 quidem
1937 1032 2012 1086 rei

445 1131 749 1200 exemplum
774 1129 916 1200 quod
942 1127 1072 1180 mihi
1104 1141 1250 1180 nunc
1270 1123 1716 1192 succurrit,apud
1738 1120 2009 1176 Justinum

446 1223 736 1291 Martyrem
783 1235 910 1275 cum
941 1219 996 1272 in
1021 1225 1250 1286 utraque
1277 1217 1532 1288 Apologia
1569 1223 1683 1268 tum
1718 1213 1771 1267 in
1799 1215 2019 1285 Di'alogo

448 1327 566 1365 cum
639 1308 932 1380 Tryphone,
992 1310 1327 1363 luculentum
1383 1307 1516 1361 satis
1570 1306 1821 1360 habetur.
1872 1303 2011 1371 Quid

442 1417 608 1472 porro
655 1410 819 1466 vetat,
855 1417 964 1472 quo
1013 1402 1194 1456 minus
1229 1416 1325 1471 pro
1361 1400 1620 1470 temporis
1671 1400 2011 1468 institutique

440 1494 652 1548 ratione
703 1509 865 1547 unam
924 1493 1279 1562 eamdemque
1340 1493 1662 1546 sententiam
1716 1493 1770 1546 in
1819 1493 2008 1546 eodem

441 1595 623 1651 opere,
655 1582 897 1652 adeoque
951 1583 1124 1652 magis
1171 1587 1216 1637 si
1264 1583 1478 1636 diversa
1519 1583 1610 1634 illa
1639 1581 1777 1648 sint,
1820 1581 2009 1636 recitet

440 1672 635 1726 iterum
675 1673 816 1726 idem
847 1675 1078 1726 auctor?
1105 1671 1215 1726 lmo
1245 1687 1395 1734 vero,
1424 1687 1533 1740 quo
1564 1671 1898 1740 singularius
1925 1676 2008 1724 est

2119 489 2292 550 ptum,
2313 483 2404 551 qui
2440 483 2519 536 sic
2550 497 2608 535 se
2631 481 2789 535 habet
2815 481 2954 552 (4‘2):
2988 482 3053 534 Et
3080 483 3180 552 τῆς
3210 484 3488 554 παρούσης
3517 505 3678 540 κατα-

2120 572 2360 636 στάσεως
2385 573 2445 624 τὸ
2473 572 2622 635 τέλος
2651 573 2816 636 ἐστὶν,
2846 575 2878 643 ἡ
2917 573 3003 625 διὰ
3036 572 3132 626 τοῦ
3175 575 3344 646 πυρὸς
3371 579 3549 647 κρίσις
3574 580 3678 632 τῶν

2116 665 2345 728 ἀσεϐῶν,
2368 664 2511 718 καοὰ
2538 682 2699 734 φασιν
2728 666 2783 716 αἱ
2811 667 3019 735 γραφαὶ
3047 667 3340 737 προφητῶν
3356 685 3412 720 τε
3441 671 3535 723 καὶ
3555 672 3681 724 ἀπδ-

2117 757 2335 819 στόλων,
2365 757 2444 810 ἔτι
2472 757 2528 811 δὲ
2555 759 2649 811 καὶ
2677 758 2775 827 τῆς
2804 757 3092 827 Σιϐύλλης,
3120 758 3302 822 καθώς
3335 777 3498 830 φησιν
3516 763 3544 814 ὁ
3575 780 3677 833 μα-

2115 849 2304 920 κάριος
2317 850 2432 919 Κλή
2442 867 2545 920 μης
2563 850 2620 902 ὲν
2636 852 2700 920 τῇ
2717 849 2851 920 πρὸς
2869 850 3188 920 Κορινθίους
3206 851 3490 924 ἐπιστολῇ,
3508 871 3560 908 κ.
3574 855 3678 910 τ.λ.

2121 957 2138 992 ι
2179 940 2237 994 Si
2270 943 2554 1011 praesentis
2587 957 2769 996 rerum
2816 950 2990 998 status
3046 942 3192 1007 ﬁnis,
3248 952 3332 998 est
3389 945 3683 1016 impiorum

2113 1049 2212 1104 per
2238 1037 2415 1105 ignem
2441 1032 2904 1104 judicium,prout
2932 1041 3206 1090 testantur
3224 1034 3519 1106 Scriptura:
3547 1047 3677 1109 pro-

2111 1127 2398 1198 phetarum
2440 1135 2495 1183 et
2543 1129 2936 1197 apostolorum,
2970 1136 3134 1198 atque
3183 1129 3408 1198 insuper
3440 1128 3677 1202 Sibyllae,

2112 1226 2172 1272 ut
2192 1219 2268 1273 ait
2286 1219 2477 1274 beatus
2494 1218 2746 1275 Clemens
2760 1220 2813 1274 in
2835 1219 3073 1290 Epistola
3090 1220 3157 1274 ad
3175 1220 3517 1287 Corinthios,
3533 1243 3550 1275 ι
3567 1233 3677 1279 etc.

2109 1309 2190 1364 Ad
2219 1327 2340 1381 quae
2365 1312 2586 1381 quidem
2610 1313 2773 1367 verba
2804 1315 2961 1382 plura
2991 1314 3203 1369 erudite
3226 1315 3482 1369 observat
3512 1315 3678 1371 Cote-

2110 1400 2299 1465 lerius,
2330 1410 2494 1471 atque
2527 1418 2594 1456 ex
2623 1417 2689 1456 eo
2731 1404 3059 1458 Coutantius
3101 1404 3324 1474 aliique.
3356 1403 3576 1472 Verum,
3610 1407 3681 1462 iis

2109 1493 2315 1557 missis,
2377 1494 2432 1547 in
2472 1495 2709 1548 medium
2767 1495 3014 1565 proferre
3064 1496 3214 1559 libet,
3248 1513 3369 1568 qua:
3412 1497 3480 1552 ad
3531 1498 3678 1554 hunc

2115 1585 2555 1652 pseudo-Justini
2612 1588 2789 1641 locum
2849 1587 3129 1642 adnotavit
3185 1605 3426 1659 nuperus
3453 1606 3679 1661 operum

2112 1676 2169 1732 S.
2201 1677 2400 1733 Justini
2431 1680 2607 1733 editor
2635 1679 3001 1736 Parisiensis:
3041 1701 3059 1732 α
3097 1681 3232 1737 Cum
3263 1681 3511 1754 Sibyllini
3550 1701 3678 1740 ver-

437 1763 655 1818 eﬂatum
686 1779 878 1819 rursus
930 1764 984 1817 in
1034 1764 1270 1818 medium
1304 1763 1620 1827 adductum,
1648 1779 1712 1817 eo
1739 1763 2005 1817 condu0i~
2037 1743 2080 1800 Β
2111 1784 2226 1828 sus,
2255 1768 2452 1837 inquit,
2485 1767 2794 1822 referantur
2816 1769 2869 1822 in
2895 1768 3181 1823 Constitut.
3232 1743 3460 1838 apostol.
3491 1771 3584 1825 lib.
3619 1788 3674 1834 v,

435 1859 600 1914 bilius
648 1861 830 1915 evadit
880 1859 946 1913 ad
996 1860 1334 1915 suadendum
1379 1876 1545 1912 unum
1575 1875 1696 1914 esse
1728 1866 2004 1912 auctorem

436 1952 674 2020 epistola:
692 1953 1004 2022 utriusque,
1037 1953 1090 2006 in
1120 1951 1320 2021 quibus
1351 1952 1583 2007 relatum
1623 1949 1826 2020 pariter
1855 1964 2006 2003 com-

473 2046 664 2099 eritur.

473 2060 664 2099 eritur.

435 2060 472 2114 Ρ
503 2136 573 2189 At
601 2135 745 2190 enim
771 2137 1096 2191 sententiam
1134 2137 1282 2190 illam
1312 2138 1378 2191 de
1410 2153 1517 2207 qua
1549 2137 1918 2207 disputamus,
1939 2154 2001 2192 ex

433 2243 598 2297 opere
650 2228 833 2297 aliquo
883 2228 1355 2300 pseudepigrapho
1403 2237 1683 2299 exceptam
1729 2229 2028 2283 novimus.‘

433 2319 599 2385 Quasi
629 2333 759 2373 vero
787 2318 1022 2387 alicujus
1053 2321 1235 2389 operis
1263 2322 1561 2375 auctoritas
1593 2328 1878 2388 pr0pterea
1902 2320 2004 2372 mi-

432 2419 651 2473 nuatur,
685 2408 830 2478 quod
863 2409 1010 2464 illius
1038 2412 1274 2480 scriptor
1303 2412 1548 2481 quzedani
1601 2427 1724 2464 vere
1768 2411 1912 2464 dicta
1950 2419 2004 2464 et

431 2506 750 2569 argumento
780 2499 924 2569 quod
963 2499 1076 2566 jam
1123 2508 1320 2554 tractat
1351 2501 1592 2570 apprime
1639 2515 1902 2569 congrua,
1934 2515 2002 2553 ex

431 2591 572 2646 libro
605 2606 714 2646 non
747 2593 1014 2645 canonico
1046 2591 1183 2646 forte
1215 2591 1521 2647 adduxerit.
1557 2591 1668 2644 Viri
1697 2591 2003 2646 eruditissi-

429 2682 506 2737 mi
549 2682 730 2738 verbis
767 2689 890 2737 utor
919 2682 1054 2751 (59).
1105 2681 1214 2747 Nae,
1248 2682 1292 2737 si
1331 2693 1518 2738 contra
1559 2684 1853 2738 secumlam
1887 2684 2002 2753 epi-

429 2774 624 2829 stolam
656 2772 772 2827 hatc
795 2773 937 2827 ratio
959 2773 1066 2828 vim
1093 2774 1309 2835 habeat,
1333 2774 1443 2841 jam
1477 2773 1545 2827 de
1575 2775 1764 2843 primae
1785 2787 2002 2842 quoque

429 2861 741 2932 integritate
772 2862 1171 2937 conclamatum
1202 2859 1458 2926 est.Quid
1491 2861 1633 2929 quod
1667 2858 1845 2912 Photii
1873 2874 2000 2912 cen-

428 2968 558 3008 sura
589 2953 829 3022 epistola:
852 2953 1136 3024 utriusque
1149 2953 1591 3013 consensionem,
1615 2951 1681 3004 ad
1709 2952 1827 3003 loca
1853 2965 2000 3020 qua:-

426 3041 550 3096 dam
579 3041 884 3112 apocrypha
918 3043 1058 3111 quod
1095 3042 1303 3107 attinet,
1331 3041 1680 3102 conﬁrmans,
1711 3040 1997 3109 utriusque

426 3133 555 3188 item
577 3149 745 3187 unum
769 3134 1127 3202 eumdemque
1151 3141 1426 3187 auctorem
1456 3133 1743 3202 agnoscit?
1765 3131 1844 3184 En
1873 3146 1996 3200 per-

424 3239 551 3280 acre
580 3225 647 3280 de
678 3225 762 3280 his
791 3224 1148 3281 Clem'entinis
1179 3225 1424 3294 epistolis
1472 3225 1649 3278 critici
1699 3224 1864 3292 hujus
1907 3223 2000 3292 ju-

424 3317 626 3371 dicium
660 3317 771 3388 (40)
808 3335 820 3370 :
858 3316 1119 3380 Secunda,
1148 3317 1346 3385 inquit,
1378 3315 1520 3368 dicta
1568 3315 1809 3386 quatiant
1851 3332 1998 3385 pere-

423 3414 576 3482 grina
611 3405 750 3466 velut
775 3429 801 3465 e
840 3429 998 3466 sacra
1048 3410 1323 3481 Scriptura
1354 3411 1671 3473 subinducit,
1707 3410 1893 3481 quibus
1934 3427 1996 3465 ne

421 3503 644 3570 epistola
673 3503 877 3574 quidem
907 3506 1079 3571 prima
1125 3505 1334 3557 omnino
1364 3513 1532 3557 vacat.
1567 3502 1636 3555 Et
1680 3504 1995 3568 interpreta-

426 3594 590 3646 tiones
612 3593 958 3663 quorumdam
1008 3594 1240 3646 locorum
1272 3593 1548 3647 alieniores
1599 3593 1818 3661 profert.
1857 3593 1992 3648 llinc

422 3682 490 3736 de
518 3690 745 3752 utraque
771 3685 844 3737 ita
876 3685 1090 3739 demum
1116 3685 1389 3738 concludit
1416 3703 1429 3738 :
1452 3686 1697 3754 Alioquin
1729 3686 1842 3752 ipsa
1879 3702 1994 3750 quae

421 3775 477 3828 in
508 3774 587 3829 his
623 3775 856 3844 epistolis
900 3776 1077 3829 insunt
1119 3794 1292 3839 sensa,
1326 3777 1561 3829 nonnihil
1605 3777 1807 3845 objecta
1847 3787 1990 3840 sunt,

421 3879 516 3918 nec
562 3866 907 3918 continentem
951 3869 1135 3919 seriem
1185 3883 1246 3919 ac
1295 3869 1715 3936 consequentiam
1762 3879 1989 3924 servant.

420 3958 658 4016 Videsne
685 3961 818 4014 nihil
834 3962 888 4015 in
911 3963 1211 4032 posteriore
1234 3968 1424 4015 notare
1443 3960 1863 4032 Photium,quod
1883 3979 1991 4018 non

419 4057 475 4106 et
497 4051 662 4120 priori
692 4065 815 4105 cum
838 4066 900 4105 ea
927 4066 1048 4106 esse
1071 4065 1360 4105 commune
1389 4051 1735 4119 pronuntiet?
1765 4050 1991 4107 Photius

420 4141 604 4212 igitur,
637 4149 696 4195 ut
728 4141 852 4210 jure
874 4140 1052 4209 arguit
1079 4139 1424 4203 Coutautius,
1458 4140 1743 4210 utriusque
1787 4141 1889 4195 hac
1935 4141 1990 4194 in

417 4250 481 4290 re
509 4249 836 4289 consensum
867 4233 1183 4304 indigitans,
1237 4233 1302 4286 ad
1336 4240 1622 4301 utramque
1665 4234 1865 4302 pariter
1896 4251 1988 4290 su-

419 4323 750 4393 scipiendam
805 4338 906 4379 nos
971 4321 1370 4393 quodammodo
1423 4322 1666 4387 inducit,
1711 4323 1981 4389 hortatur,

413 4421 687 4486 perurget.

486 4503 760 4561 Hactenus
785 4521 910 4560 cum
941 4504 1140 4560 Grabio
1164 4520 1353 4560 sumus
1381 4506 1433 4559 in
1459 4504 1650 4574 primis
1673 4505 1978 4574 congressi;

415 4597 510 4666 qui
540 4604 723 4652 tamen
754 4598 1012 4668 deinceps
1043 4599 1285 4652 animum
1316 4605 1560 4652 mutasse
1616 4596 1931 4665 perhibetur
1962 4613 1975 4649 :

417 4687 684 4756 siquidem
715 4688 842 4742 alibi
877 4688 989 4759 (41)
1022 4689 1202 4742 locum
1230 4703 1295 4742 ex
1319 4686 1559 4756 Epistola
1589 4684 1654 4752 ll,
1685 4694 1737 4740 et
1759 4687 1979 4756 quidem

414 4785 673 4847 tamquam
731 4779 1129 4834 Clementinum
1187 4787 1508 4847 acceptum,
1567 4785 1759 4830 contra
1821 4776 1978 4831 Luca:

415 4869 663 4924 Mellierii
709 4869 1011 4923 Artemonii
1043 4885 1135 4923 seu
1170 4867 1438 4922 Samuelis
1470 4867 1650 4921 Crellii
1677 4867 1978 4922 cavillatio“

415 4978 514 5017 nes
538 4961 738 5015 acriter
766 4969 1071 5030 propugnat
1099 4977 1110 5012 :
1139 4962 1273 5014 adeo
1305 4967 1364 5013 ut
1394 4961 1509 5015 sive
1537 4957 1822 5012 Grabiante
1851 4972 1975 5011 sen-

413 5056 594 5110 tentiae
623 5052 892 5123 patronis,
923 5053 1038 5107 sive
1088 5052 1168 5105 vel
1222 5051 1323 5120 ipsi
1371 5049 1569 5103 Grabio
1617 5049 1750 5104 nihil
1781 5049 1974 5120 reliqui

412 5137 534 5202 es‘se
568 5145 835 5200 videatur.

483 5237 595 5292 VII.
629 5236 767 5290 Sunt
812 5237 1056 5306 insuper,
1091 5235 1179 5305 qui
1222 5235 1473 5290 secundm
1504 5233 1667 5302 hujus
1708 5232 1965 5302 Epistolae

481 5413 592 5486 (58)
627 5412 906 5486 (lentant,
934 5405 1114 5486 ‘Epist.
1141 5407 1294 5486 Rom.
1316 5407 1544 5486 Ponti/1,
1572 5423 1696 5486 pag.
1729 5405 1816 5471 '59,
1852 5406 1878 5478 §
1913 5424 1965 5461 v.

481 5477 593 5556 (39)
632 5483 794 5556 litin"
825 5477 1126 5556 Prolegom.
1163 5482 1227 5533 ad
1254 5477 1316 5532 Ν.
1351 5480 1438 5543 Τ.,
1476 5477 1530 5532 ii.
1564 5477 1685 5531 M7.

481 5553 592 5620 (⁷41))
632 5553 766 5620 Bibl.
800 5553 920 5606 cod.
950 5565 1128 5620 chvt.

482 5617 593 5693 (Μ)
631 5617 834 5693 Annal.
861 5620 926 5673 ad
974 5617 1226 5693 G.A[31Illi
1261 5617 1467 5676 defens.
1504 5619 1591 5675 (id.
1625 5619 1766 5688 1Nic,
1827 5624 1961 5672 sect.

412 5687 630 5762 ll,‘cap.
664 5693 715 5755 5,
749 5691 776 5760 ξ
808 5690 856 5758 Β,
895 5704 1014 5759 pag.
1048 5687 1134 5740 62.

2109 1858 2253 1927 quod
2285 1873 2422 1926 opus
2454 1858 2555 1912 sub
2578 1860 2798 1914 nomine
2821 1859 3115 1916 Clementis
3137 1860 3413 1916 ferebatur
3433 1901 3447 1925 ,
3475 1863 3677 1930 conjici

2108 1958 2293 2018 posset
2320 1959 2567 2003 nostrum
2603 1951 2746 2005 hunc
2781 1953 3402 2022 scriptorem,memoria
3428 1955 3678 2008 ellluente

2108 2038 2472 2100 existimasse,
2501 2040 2601 2094 hoc
2629 2039 2846 2111 Sibyllae
2876 2042 3246 2096 testimonium
3286 2044 3430 2111 quod
3456 2044 3509 2097 in
3535 2042 3676 2098 Con-

2107 2131 2468 2184 stitutionibus
2501 2133 2804 2200 apostolicis
2831 2132 3054 2204 legerat,
3091 2134 3143 2187 in
3195 2132 3436 2202 Epistula
3478 2134 3544 2188 ad
3570 2135 3673 2189 Co-

2107 2220 2341 2274 rinthios
2371 2229 2607 2275 exstare.
2639 2221 2694 2274 Si
2727 2223 2908 2277 minus
2941 2224 3151 2292 placeat
3187 2223 3302 2278 haec
3333 2225 3670 2295 conjectura,
3707 2240 3724 2258 ⁸

2108 2312 2242 2366 illud
2295 2314 2485 2367 saltem
2519 2330 2644 2366 cum
2677 2314 3013 2370 doctissimis
3042 2316 3177 2370 viris
3217 2331 3531 2372 asseverare
3561 2335 3674 2376 non

2105 2402 2386 2467 dubitabo,
2423 2412 2668 2459 nostrum
2717 2407 3036 2474 scriptorem
3068 2406 3290 2461 minime
3319 2422 3442 2461 cum
3473 2409 3553 2463 eis
3597 2410 3674 2466 {a-

2104 2509 2248 2556 cere,
2295 2494 2386 2564 qui
2423 2495 2543 2561 ejus
2596 2495 2910 2549 testimonio
2957 2503 3208 2561 utuntur,
3256 2505 3316 2550 ut
3372 2497 3672 2568 Epistolam

2105 2582 2161 2638 S.
2189 2583 2481 2638 Clementis
2509 2584 2802 2638 secundam
2837 2587 3058 2641 minime
3085 2587 3377 2656 genuinam
3401 2606 3523 2645 esse
3545 2607 3673 2661 pro-

2103 2675 2252 2737 bent,
2287 2675 2378 2730 sed
2410 2675 2648 2731 hominis
2693 2677 2857 2731 fetum
2889 2677 2975 2731 cui
3001 2679 3113 2731 noti
3139 2687 3293 2733 erant
3325 2678 3573 2752 Sibyllini
3601 2683 3674 2739 de

2102 2773 2345 2820 extremo
2385 2765 2594 2833 judicio
2625 2781 2840 2826 versus.
2889 2769 3061 2822 multo
3099 2771 3420 2826 recentioris
3547 2773 3674 2828 Cle-

2101 2868 2298 2914 mente.
2341 2859 2409 2913 L’t
2450 2861 2696 2914 omittam
2765 2863 3272 2933 pseudo-Iustinum
3306 2867 3359 2921 in
3413 2869 3672 2940 ambiguo

2101 2951 2408 3021 reliquisse,
2442 2963 2619 3006 utrum
2654 2954 2710 3007 ὃ.
2743 2955 3039 3011 Clementis
3067 2955 3364 3026 Epistolam
3393 2962 3671 3026 citaverit;

2098 3040 2223 3110 quis
2246 3042 2458 3112 ignorat
2475 3044 2644 3096 multa
2667 3041 2888 3114 Sibyllis
2911 3046 3156 3110 oracula,
3183 3049 3516 3118 pr0pbeticis
3541 3067 3672 3106 sen-

2098 3135 2284 3188 tentiis
2304 3143 2690 3201 consentanea,
2723 3138 2946 3191 attribui
2971 3139 3130 3192 solita
3156 3139 3343 3206 fuisse,
3375 3152 3671 3214 antequam

2096 3224 2378 3292 prodirent
2427 3230 2672 3279 carmina
2721 3228 2813 3281 illa
2865 3227 3438 3299 Sibyllina?Quorum
3469 3237 3668 3291 artifex

2097 3331 2204 3370 non
2236 3317 2454 3371 videtur
2489 3317 2704 3374 facinus
2739 3328 3122 3390 suscepturus.
3156 3335 3251 3378 aut
3286 3327 3480 3380 saltem
3507 3340 3667 3397 Opta-

2096 3415 2181 3461 tos
2214 3407 2419 3463 fraudis
2450 3410 2630 3465 exitus
2666 3410 2977 3474 habiturus,
3012 3413 3114 3466 nisi
3144 3415 3255 3482 jam
3305 3424 3418 3469 tum
3466 3421 3670 3475 animis

2097 3499 2388 3553 insedisset
2441 3501 2738 3568 anticipata
2787 3501 2854 3555 de
2909 3501 3190 3573 Sibyllinis
3222 3508 3666 3575 praedictionibus

2097 3575 2299 3656 opinio.
2321 3609 2338 3641 ι
2367 3589 2638 3645 Hactenus
2661 3593 2745 3645 vir
2770 3593 2859 3645 ille
2881 3595 3094 3650 doctus.
3127 3597 3227 3662 Qui
3260 3610 3440 3653 autem
3473 3601 3572 3656 hac
3596 3604 3663 3658 de

2097 3694 2153 3731 re
2180 3680 2330 3747 plura
2357 3681 2496 3733 scire
2520 3683 2776 3750 QCSiiunl,
2811 3701 2904 3739 eos
2935 3687 3002 3740 ad
3033 3683 3328 3758 seriptores
3361 3693 3518 3746 modo
3543 3695 3662 3748 lau-

2093 3770 2250 3824 datos
2280 3772 2626 3828 remittimus.

2165 3859 2299 3913 Vlil.
2337 3859 2616 3930 Reliquum
2645 3873 2722 3918 est
2758 3874 2816 3918 ut
2856 3867 2996 3920 alius
3042 3869 3340 3925 adversarii
3375 3890 3548 3943 neque
3573 3876 3659 3928 in-

2093 3950 2325 4005 celebris
2365 3967 2540 4020 neque
2581 3952 2804 4017 indocti,
2859 3954 3153 4012 llermanni
3224 3961 3660 4035 \’enenz:e,obje-

2093 4042 2421 4098 ctationibus
2441 4059 2814 4110 occurramus,
2835 4049 3035 4117 quibus
3068 4050 3232 4120 hujus
3267 4053 3521 4123 Epistolu:
3546 4074 3659 4127 qua

2092 4131 2158 4186 de
2189 4133 2420 4202 agimus,
2454 4134 2737 4206 integritas
2787 4139 3159 4197 vehementius
3189 4142 3486 4212 impetitur.
3508 4145 3574 4198 Et
3600 4149 3654 4202 in

2090 4223 2264 4291 prima
2293 4225 2515 4294 quidem
2535 4225 2897 4302 Epistolarum
2919 4245 3140 4284 suarum
3158 4233 3513 4304 (45)quarum
3535 4255 3652 4292 mo-

2089 4311 2158 4366 do
2180 4315 2546 4378 meminimus,
2567 4315 2622 4368 in
2657 4331 2722 4370 eo
2742 4324 2889 4372 totus
2924 4326 3008 4372 est
3030 4320 3114 4373 vir
3143 4321 3276 4377 clar.
3297 4340 3406 4393 quo
3433 4328 3656 4396 probet,

2012 4424 2058 4481 ι)
2086 4419 2196 4458 non
2227 4413 2436 4458 tantum
2491 4405 2880 4478 Hieronymum
2925 4409 3200 4466 doctorem
3254 4416 3549 4472 maximum
3583 4421 3654 4474 ad

2086 4497 2380 4552 secundam
2409 4497 2706 4568 Epistolam
2740 4499 3136 4557 Clementinam
3169 4509 3652 4576 respexisse,dum

2081 4603 2191 4673 nos.
2212 4588 2429 4643 edocuit
2464 4589 2519 4645 S.
2547 4590 2880 4647 Clementem
2921 4595 2990 4647 ad
3017 4598 3325 4664 spirituales
3353 4609 3403 4654 et
3429 4618 3646 4673 evange-

2080 4673 2209 4728 licos
2236 4675 2499 4730 eunuchos
2532 4679 2841 4748 scripsisse,
2876 4698 3180 4755 omnemque
3209 4702 3337 4754 pene
3357 4707 3650 4745 sermonem

2079 4779 2230 4817 suum
2285 4764 2348 4817 de
2399 4767 2715 4836 virginitatis
2765 4771 2993 4837 puritate
3046 4779 3407 4844 contexuisse,
3456 4796 3653 4836 verum

2078 4856 2238 4908 etiam
2269 4854 2324 4908 S.
2369 4855 2730 4925 Epiphanium
2774 4861 2828 4913 in
2875 4864 3118 4918 eamdem
3169 4869 3362 4923 oculos
3390 4870 3652 4927 habuisse

2078 4945 2338 5013 intentos,
2370 4949 2496 5001 dum
2515 4951 2580 5004 de
2612 4952 2784 5020 ipsius
2806 4953 3102 5011 Clementis
3126 4957 3380 5026 Epistolis
3410 4966 3651 5034 encycli»

2078 5040 2151 5092 cis
2185 5055 2488 5094 sermonem
2518 5042 2728 5098 habuit.
2760 5043 2871 5099 Nec
2905 5047 2977 5100 ita
3007 5049 3179 5103 multo
3204 5060 3347 5120 post,
3379 5057 3461 5108 sui
3490 5060 3614 5125 peni

2076 5138 2167 5186 tus
2197 5132 2398 5186 oblitus
2427 5132 2510 5185 vir
2546 5136 2816 5198 eruditus.
2841 5139 2985 5206 quod
3015 5140 3260 5208 profecto
3283 5145 3472 5199 mirari
3511 5150 3630 5201 sul»

2076 5223 2137 5286 it,
2181 5223 2336 5293 plura
2382 5227 2626 5295 congerit
2659 5227 2770 5298 (Η)
2811 5230 3010 5298 quibus
3053 5233 3288 5297 evincat,
3324 5237 3490 5290 alium
3524 5253 3648 5291 om-

2146 5403 2478 5483 (42)Quwst.
2499 5405 2566 5483 agi
2583 5404 2787 5483 art/rod.
2813 5405 3083 5477 Respons.
3116 5412 3182 5466 ad
3209 5422 3402 5483 qumst.
3449 5430 3637 5476 Lxxw,

2072 5472 2233 5529 inter.
2266 5472 2400 5542 Opp.
2438 5474 2493 5528 S.
2526 5474 2662 5528 Just.
2691 5475 2760 5531 lli.

2276 5543 2444 5625 Epist.
2471 5545 2608 5625 l,__ad
2640 5547 2738 5625 cel.
2767 5546 3180 5625 P.3Ve_s_seling.
3216 5552 3244 5621 §
3273 5552 3354 5613 10,
3382 5569 3432 5625 p.
3471 5558 3559 5607 1.5.
3623 5580 3628 5584 -

2111 5615 2253 5736 ((41)
2283 5613 2450 5684 Epist.
2500 5613 2566 5679 ll,
2603 5616 2669 5670 ad
2739 5619 2810 5673 cl.
2844 5617 2907 5673 T.
2945 5613 3344 5685 “enisuri-um,
3384 5613 3530 5694 §20,
3575 5639 3633 5694 ι).

2129 5703 2164 5736 ι.

2129 5703 2164 5737 ι.

2088 5701 2102 5735 1
