3936 6172
208 306 305 363 191

1454 291 1797 351 ΡιιοοειιιΑ
1834 290 2216 348 VARIORUM.

3354 294 3459 351 102

207 420 344 474 nino
368 431 491 471 esse
528 429 558 468 a
585 414 868 473 Clemente
915 429 1015 471 nec
1065 428 1132 468 eo
1187 413 1348 484 paulo
1401 409 1784 467 recentiorem,
1818 410 1862 463 A
1894 420 2017 458 nam
2047 406 2559 478 institutionemque
2594 408 2833 479 primum
2866 409 3085 480 quidem
3119 420 3403 470 assecutus
3426 430 3454 468 a

208 507 301 561 cui
333 505 451 561 haec
480 506 599 574 ipsa
647 504 892 575 Epistola
942 504 1216 560 referatur
1271 510 1515 571 accepta.
1568 501 1777 555 Nollem

209 595 418 649 factum
469 595 748 649 enimvero
781 592 953 663 :quid
996 591 1233 662 loquar?
1267 590 1348 643 An
1383 591 1542 659 longa
1578 588 1665 640 illa
1695 588 1779 641 di-

209 687 527 758 sputatione
577 700 740 755 quam
785 685 1022 754 primum
1073 683 1354 737 contexuit
1403 680 1469 736 ll.
1519 679 1779 741 Venema,

208 793 313 831 nos
371 776 562 829 ludere
597 775 809 828 voluit?
836 773 920 827 An
951 788 1083 828 vero
1116 772 1504 843 llieronymum
1557 781 1609 824 et
1657 770 1784 840 Epi-

208 870 475 940 phanium
510 870 584 922 ita
618 869 822 923 bardos
853 869 1208 931 existimavit,
1244 877 1303 921 ut
1363 881 1461 934 pro
1504 864 1613 919 fetu
1657 864 1784 919 Cle-

210 961 460 1014 mentino
491 958 794 1029 Epistolam
813 960 1122 1028 reciperent
1140 957 1586 1028 supposititiam?
1617 954 1787 1008 Nimi-

208 1065 336 1102 rum
393 1050 480 1102 vir
519 1050 750 1104 criticus
804 1048 872 1104 ad
922 1049 1289 1105 subruendam
1314 1047 1781 1103 Clementinarum

209 1137 585 1207 Epistolarum
643 1138 722 1193 De
774 1139 1075 1209 virginitate
1128 1138 1515 1207 integritatem,
1572 1139 1786 1207 telaque

208 1230 346 1284 clar.
381 1228 674 1286 Wetstenii
719 1232 947 1287 editoris
999 1231 1344 1294 declinanda,
1376 1230 1613 1301 primum
1660 1232 1783 1300 qui-

208 1319 333 1374 dem
366 1321 435 1375 ad
466 1323 823 1391 posteriorem
870 1321 1169 1377 Clementis
1220 1321 1629 1376 Corinthiacum
1658 1320 1785 1389 Epi-

208 1411 409 1465 stolam
438 1412 590 1466 velut
625 1411 693 1464 ad
736 1413 947 1483 asylum
987 1411 1255 1481 confugit,
1301 1412 1623 1480 nullumque
1673 1426 1785 1465 non

206 1508 394 1555 movet
444 1502 679 1572 lapidem
736 1519 845 1573 quo
899 1504 1040 1558 hanc
1102 1502 1400 1573 Epistolam
1450 1505 1787 1559 demonstret

206 1590 359 1643 illam
388 1592 722 1661 ipsissimam
748 1608 870 1647 esse
902 1594 954 1646 in
978 1608 1139 1663 quam
1171 1594 1397 1663 digitum
1433 1595 1786 1648 intenderunt

202 1689 446 1744 veteres,
487 1680 853 1753 Hieronymus
884 1685 936 1737 in
978 1684 1172 1753 primis
1203 1692 1367 1753 atque
1390 1683 1731 1754 Epiphanius
1764 1704 1775 1737 :

202 1771 559 1840 postmodum
590 1781 792 1835 autem,
820 1775 1043 1843 perinde
1084 1789 1148 1828 ac
1192 1775 1258 1829 de
1307 1776 1583 1843 triumpho
1622 1791 1780 1829 secu-

203 1876 327 1925 rus,
356 1863 412 1914 in
446 1863 694 1917 eamdem
724 1866 1014 1934 consurgit
1043 1867 1343 1920 secundam
1370 1867 1779 1922 Corinthiacam

204 1950 535 2023 Epistolam,
562 1970 725 2023 quam
748 1957 1180 2011 commentitiam
1209 1975 1332 2014 esse
1364 1961 1523 2016 nobis
1556 1978 1783 2031 persua-

204 2044 337 2099 dere
388 2053 656 2112 conatur;
718 2047 965 2117 nihilque
1026 2051 1180 2119 pensi
1238 2050 1441 2114 habet,
1488 2053 1784 2108 dummodo

205 2137 374 2191 unius
413 2138 616 2206 prioris
669 2140 736 2194 ad
784 2140 1103 2198 Corinthios
1150 2144 1409 2214 Epistola:
1439 2156 1629 2201 auctor
1657 2146 1783 2203 Cle-

204 2243 366 2284 mens
400 2245 524 2285 esse
556 2233 818 2289 videatur.
848 2236 959 2306 Age
991 2254 1156 2303 nunc,
1188 2240 1276 2292 illa
1302 2241 1659 2297 discutiamus
1683 2259 1784 2312 p0-

208 2320 371 2383 tiora,
404 2336 527 2391 qua:
582 2324 647 2378 ad
679 2325 799 2395 ejus
852 2330 1286 2397 suppositionem
1319 2333 1672 2388 evineendam
1705 2336 1787 2390 vir

207 2412 405 2466 doctus
430 2414 668 2470 adducit.

278 2501 528 2557 Primum
557 2507 723 2576 igitur
754 2522 1135 2579 argumentum
1172 2528 1239 2567 ex
1272 2528 1337 2567 eo
1388 2515 1524 2583 petit
1579 2515 1643 2571 ll.
1682 2516 1786 2572 Ve-

207 2612 371 2648 nema
402 2597 538 2668 (45),
570 2600 713 2668 quod
747 2611 938 2657 auctor
989 2603 1245 2673 Epistolze
1305 2607 1629 2675 posterioris
1661 2623 1783 2664 sese

208 2685 427 2756 origine
478 2690 733 2757 gentilem
785 2700 970 2761 aperte
1024 2694 1219 2763 prodat
1250 2693 1385 2765 (46),
1419 2712 1542 2751 cum
1595 2705 1787 2751 contra

206 2778 435 2833 natione
490 2777 738 2834 Judzeum
801 2783 972 2839 fuisse
1024 2785 1361 2841 Clementem
1391 2787 1630 2842 clamare
1658 2803 1789 2842 cen-

207 2877 402 2922 seatur
447 2869 605 2926 locus
663 2872 757 2927 ille
804 2875 1007 2944 prioris
1054 2875 1332 2946 Epistolae,
1368 2878 1459 2933 ubi
1520 2877 1787 2934 Iacobum

203 2969 415 3025 patrem
452 2971 690 3016 nostrum
720 2967 959 3035 appellat
986 2967 1119 3038 (47).
1145 2967 1395 3026 Perbelle
1426 2987 1577 3028 sane.
1602 2972 1789 3045 Neque

1884 494 2056 549 Paulo
2086 496 2340 552 Clemens
2391 497 2691 560 Romanus,
2738 501 2996 571 deinceps
3030 518 3160 556 vero
3192 505 3378 559 volens
3406 516 3459 561 et

1885 590 2003 658 ipse
2044 588 2236 643 iisdem
2279 593 2597 659 apostolicis
2647 595 2933 662 przeceptis
2981 595 3227 650 imbuere
3255 596 3455 650 Corin~

1884 681 2050 743 thios,
2078 679 2341 735 Jacobum
2372 692 2575 751 patrem
2628 696 2868 739 nostrum
2904 689 3115 740 vocavit
3145 705 3157 738 :
3191 690 3458 765 quemad-

1884 770 2105 824 modum
2165 772 2329 826 etiam
2387 774 2584 828 ibidem
2636 778 2918 831 nonnullis
2970 778 3273 847 interjectis
3322 779 3456 849 (52),

1883 873 2085 930 patrem
2118 873 2355 916 nostrum
2385 868 2675 935 appellavit
2705 868 3098 925 Abraliamum.
3131 869 3302 936 Quam
3336 872 3461 941 qui-

1885 955 2007 1009 dem
2040 954 2346 1010 doctrinam
2373 972 2494 1010 cum
2527 959 2721 1014 deinde
2750 960 3049 1029 accepisset
3080 960 3321 1017 Ecclesia
3350 960 3459 1015 Ro-

1887 1061 2047 1099 mana
2074 1047 2188 1101 sive
2219 1048 2287 1101 ab
2317 1050 2578 1117 Apostolo
2602 1050 2717 1105 sive
2741 1051 2903 1105 etiam
2928 1052 2994 1105 ab
3014 1052 3134 1121 ipso
3157 1052 3455 1117 Clemente,

1888 1144 2133 1191 sanctam
2188 1136 2331 1192 inter
2380 1140 2650 1193 actionem
2706 1140 3078 1208 precationem
3138 1140 3456 1209 liujusmodi

1887 1228 2061 1281 sacris
2090 1229 2359 1282 ministris
2378 1228 2714 1283 recitandam
2743 1228 2940 1282 indixit
2963 1229 3072 1299 (55)
3101 1246 3113 1279 :
3141 1229 3304 1293 Deus,
3329 1230 3461 1299 ﬁde-

1887 1316 2017 1369 lium
2056 1329 2207 1387 pater
2259 1335 2479 1381 summe,
2515 1320 2605 1388 qui
2634 1321 2684 1371 in
2722 1327 2829 1372 toto
2879 1320 3000 1373 orbe
3051 1329 3310 1374 terrarum
3336 1337 3461 1390 pro-

1887 1412 2157 1465 missionis
2189 1422 2293 1465 tua:
2340 1412 2484 1479 ﬁlios
2515 1412 2714 1480 diffusa
2754 1411 3050 1480 adoptionis
3076 1413 3253 1481 gratia
3278 1414 3460 1468 multi-

1885 1503 2072 1571 plices,
2105 1513 2151 1556 et
2186 1519 2273 1571 per
2309 1504 2556 1571 paschale
2585 1512 2998 1563 sacramentum.
3026 1502 3296 1556 Abraham
3334 1521 3461 1573 pue-

1888 1611 2005 1647 rum
2043 1605 2189 1646 tuum
2220 1596 2606 1655 universarum,
2633 1596 2774 1647 sicut
2797 1594 3021 1661 jurasti,
3046 1596 3275 1662 gentium
3304 1596 3459 1665 eﬁicis

1887 1697 2113 1756 patrem,
2150 1698 2255 1741 etc.
2291 1687 2435 1739 Alibi
2469 1701 2686 1755 quoque
2735 1686 2939 1740 clarius
2970 1685 3150 1738 adhuc
3177 1688 3321 1757 (54):
3349 1687 3461 1741 Pa-

1888 1794 1965 1837 ter
2005 1782 2129 1851 ﬁdei
2156 1792 2350 1835 noslrre
2388 1780 2657 1833 Abraham
2695 1796 2951 1840 summus,
2987 1780 3174 1832 obtulit
3212 1781 3457 1833 holocau-

1885 1884 2023 1927 stum
2052 1889 2205 1941 super
2236 1871 2405 1925 altare
2425 1888 2517 1938 pro
2548 1872 2683 1939 ﬁlio.

1956 1963 2096 2029 Quid
2129 1963 2272 2032 quod
2312 1962 2646 2031 Theophilus
2691 1962 2742 2013 in
2776 1962 2891 2015 suis
2924 1960 2987 2014 ad
3029 1959 3353 2030 Autolycum
3395 1962 3461 2014 li-

1885 2057 2001 2111 bris
2048 2056 2183 2124 (55),
2220 2054 2366 2124 quod
2417 2070 2552 2123 pene
2595 2053 2910 2116 exciderat,
2956 2050 3213 2105 Davidem
3257 2062 3460 2119 patrem

1888 2166 1982 2204 seu
2019 2151 2399 2219 progenitorem
2441 2158 2676 2201 nostrum
2735 2144 3008 2214 appellat?
3039 2144 3265 2196 Ἔπειτα
3300 2144 3462 2197 Δαυὶδ

1887 2243 1914 2293 ὁ
1938 2243 2200 2312 πρόγονος
2227 2241 2384 2312 ἡμῶν
2414 2239 2799 2311 (ἐϐασίλευσεν)
2832 2238 2925 2308 ἔτη
2961 2245 3033 2309 μ’.
3069 2255 3087 2286 ι
3115 2236 3317 2290 Deinde
3352 2235 3460 2289 Da-

1887 2334 1977 2386 vid
2000 2342 2151 2400 pater
2176 2341 2350 2385 noster
2376 2332 2620 2400 regnavit
2641 2344 2815 2383 annos
2850 2326 3232 2396 quadraginta.
3260 2345 3278 2377 )
3310 2323 3461 2379 Nun-

1889 2424 2018 2493 quid
2052 2424 2173 2477 ideo
2205 2421 2489 2485 Hebraeus,
2521 2421 2815 2489 epise0pus
2841 2419 2943 2474 iste
2983 2416 3393 2471 Antiochenus?

1960 2516 2182 2579 Verum,
2215 2523 2273 2569 ut
2291 2516 2355 2569 ad
2378 2530 2441 2569 ea
2464 2515 2649 2576 verba,
2683 2512 2939 2566 Iacobum
2966 2521 3167 2581 patrem
3198 2522 3457 2572 nostrum,

1890 2610 2133 2681 apertius
2164 2608 2499 2663 enucleanda
2534 2607 2809 2676 simulque
2839 2607 3233 2677 propugnanda
3265 2606 3462 2660 redea-

1889 2720 2032 2769 mus,
2073 2718 2181 2771 quo
2224 2701 2481 2770 deinceps
2522 2716 2586 2753 ex
2644 2716 2832 2755 eorum
2883 2700 3236 2769 ambiguitate
3281 2697 3460 2752 oumis

1888 2795 2184 2866 objiciendi
2238 2794 2561 2864 pracidatur
2612 2794 2833 2847 occasio
2888 2808 2900 2844 :
2949 2791 3172 2845 Patrum
3243 2807 3460 2861 quoque

1890 2889 2257 2959 antiquissimi
2281 2888 2471 2942 eodem
2496 2887 2656 2955 plane
2685 2901 2849 2940 sensu
2882 2900 3004 2939 cum
3036 2884 3315 2940 Clemente
3338 2899 3462 2953 per-

1890 2980 2150 3035 hibentur
2190 2993 2315 3034 esse
2364 2978 2528 3031 locuti
2559 2993 2570 3027 :
2598 2976 2850 3031 Justinus
2898 2984 3106 3047 martyr
3148 2975 3279 3046 (56),
3338 2975 3462 3030 Cle-

202 3066 386 3121 nuper
414 3052 634 3109 demum
649 3066 839 3110 exorta
854 3068 938 3112 est
963 3060 1029 3113 de
1046 3059 1333 3116 Judaismo
1351 3062 1647 3120 Clementis
1667 3066 1784 3136 opi-
1812 3090 1855 3148 C
1892 3085 2045 3125 mens
2077 3068 2483 3123 Alexandrinus
2512 3068 2645 3137 (57),
2678 3066 3053 3122 Tertullianus
3090 3067 3226 3137 (58),
3268 3074 3460 3120 auctor

206 3145 320 3199 nio.
358 3145 599 3210 Primus,
625 3148 767 3218 quod
793 3151 1011 3220 quidem
1061 3155 1251 3218 sciam,
1285 3156 1377 3224 qui
1403 3171 1521 3211 eam
1558 3158 1783 3225 invexit,

208 3232 313 3287 fuit
362 3234 746 3294 Tillemontius
808 3241 941 3310 (48).
996 3240 1204 3298 Exinde
1258 3262 1389 3300 vero
1419 3246 1561 3302 idem
1608 3250 1785 3305 visum

203 3331 660 3403 Coutantio(49),
685 3335 813 3389 licet
830 3347 1017 3405 postea
1049 3340 1378 3394 sententiam
1400 3345 1623 3397 mutarit
1651 3343 1784 3415 (50).

203 3424 460 3478 Accessit
490 3425 708 3480 demum
743 3426 1073 3491 Ccillierius,
1109 3431 1202 3499 qui
1264 3431 1492 3488 ﬁdenter
1526 3435 1690 3491 nimis
1726 3435 1781 3489 id

206 3535 466 3574 asserere
509 3537 619 3575 non
651 3522 923 3576 dubitavit
955 3524 1089 3595 (51).
1146 3525 1215 3577 At
1274 3527 1493 3581 clumbe
1541 3528 1787 3597 profecto

204 3611 524 3665 habendum
580 3622 961 3683 argumentum
1025 3616 1377 3681 istiusmodi,
1426 3635 1535 3688 quo
1600 3620 1789 3675 Corin-

204 3704 404 3757 thiaca:
484 3705 805 3772 posterioris
851 3692 1117 3776 Epistula:
1181 3710 1406 3763 tollatur
1480 3713 1783 3783 integritas.

204 3794 412 3860 Quidni
463 3795 627 3849 sodes
664 3794 919 3852 Clemens
976 3797 1132 3853 Pauli
1193 3804 1471 3873 συνεργὸς,
1522 3804 1786 3860 Jacobum

202 3895 413 3953 patrem
466 3895 708 3938 nostrum
766 3902 834 3941 eo
889 3902 1055 3942 sensa
1110 3905 1309 3944 vocare
1366 3895 1626 3961 potuerit,
1680 3912 1787 3965 quo

204 3980 351 4034 idem
385 3980 681 4048 Apostolus
713 3982 1095 4050 promissionis
1123 3982 1262 4039 ﬁlios
1294 3986 1348 4038 in
1381 3988 1589 4041 semine
1613 3989 1788 4042 Abra-

205 4069 292 4122 lia:
318 4078 375 4121 et
410 4070 577 4124 Israel
615 4072 923 4140 computari
953 4072 1133 4137 docet,
1172 4081 1232 4128 ut
1269 4083 1415 4130 recte
1461 4076 1787 4134 Coutantius

203 4163 409 4216 melius
432 4164 749 4217 consultus?
770 4162 887 4217 Non
903 4166 1063 4229 enim,
1084 4166 1257 4235 inquit
1278 4167 1496 4223 divinus
1526 4186 1703 4239 praeco
1720 4172 1783 4232 ³⁸.

204 4269 390 4307 omnes
407 4253 496 4321 qui
516 4269 579 4306 ea:
595 4252 926 4316 lsraeisunt,
958 4255 999 4307 ii
1029 4264 1151 4309 sunt
1180 4254 1440 4312 Israelita:
1465 4275 1482 4310 .'
1506 4276 1666 4328 neque
1700 4262 1789 4332 qui

204 4361 385 4398 semen
402 4353 527 4397 sunt
546 4345 585 4395 Α
598 4343 975 4407 ὁγαΙιω,οιηηεδ
998 4347 1097 4414 ﬁlii
1120 4360 1137 4397 :
1160 4346 1249 4400 sed
1272 4347 1322 4399 in
1342 4345 1501 4401 Isaac
1518 4350 1788 4404 vocabitur

206 4437 303 4488 tibi
327 4452 508 4489 semen
535 4453 553 4490 :
577 4435 632 4487 id
648 4446 744 4499 est,
765 4454 866 4489 non
892 4438 981 4507 qui
999 4437 1099 4506 ﬁlii
1128 4438 1513 4507 carnis,hiﬁlii
1554 4440 1667 4505 Dei,
1696 4448 1784 4495 sed
1818 4421 1862 4475 Β

205 4529 302 4597 qui
332 4528 441 4596 lilii
474 4538 600 4580 sunt
642 4529 1032 4596 promissionis,
1084 4530 1418 4582 wstimantur
1465 4532 1519 4583 in
1570 4536 1782 4587 semine.

206 4617 352 4672 llinc
375 4618 570 4672 alibi"
594 4618 760 4671 etiam
793 4618 1028 4686 ipsemet
1055 4617 1356 4687 Apostolus
1386 4618 1555 4674 Israel
1579 4620 1676 4674 Dei
1699 4637 1793 4675 vo-

203 4717 298 4762 cat
352 4709 577 4765 eosdem
623 4707 1011 4778 promissionis
1062 4707 1223 4772 ﬁlios,
1257 4709 1371 4763 sive
1400 4726 1463 4764 ex
1496 4711 1788 4769 circumci-

202 4799 369 4854 sione
399 4799 517 4854 sive
538 4815 603 4853 ex
640 4799 905 4869 praeputio
940 4806 1182 4854 vocatos.
1212 4798 1365 4853 Hanc
1396 4799 1559 4870 igitur
1588 4801 1797 4858 doctri-

280 4986 329 5020 ⁸⁸
360 4984 755 5051 Rom.ix,6-8.
835 4985 878 5016 ³⁸
902 4982 1173 5047 Galat.vi,
1198 4982 1395 5046 15,16.

300 5147 399 5215 45)
430 5145 605 5215 Epist.
632 5144 696 5209 ll,
730 5146 765 5198 l.
799 5159 831 5198 c

302 5211 399 5285 46)
425 5211 623 5279 Clem.,
651 5216 821 5284 Epist.
854 5213 898 5266 ll
928 5212 1007 5285 ad,
1032 5212 1186 5277 Cor.,
1210 5228 1369 5283 capp.
1403 5212 1428 5265 1
1466 5220 1519 5268 et
1547 5212 1602 5267 2.

276 5288 396 5359 (47)
424 5287 526 5359 ld..
568 5285 740 5359 Epist.
768 5286 809 5347 l,
839 5299 957 5359 cap.
981 5284 1034 5337 4.

279 5352 397 5427 (48)
430 5357 589 5427 Mem.
616 5352 770 5427 inst.
794 5355 946 5427 e_ch,
979 5362 1017 5427 t.
1048 5352 1112 5417 ll,
1141 5352 1344 5427 p.149.

278 5424 399 5494 (49)
429 5426 600 5493 Epist.
630 5424 782 5479 Rom.
811 5424 1039 5493 Ponti[.,
1064 5440 1117 5494 p.
1148 5424 1236 5477 11.

278 5430 376 5489 (49
429 5430 600 5493 Epist.
630 5430 782 5479 Rom.

278 5430 399 5567 (50)
427 5497 592 5560 Ibid.,
624 5511 677 5564 p.
700 5497 790 5550 41.

278 5564 396 5637 (51)
430 5567 572 5621 Hist.
601 5583 798 5637 geriem,
830 5575 962 5619 tom.
992 5565 1033 5626 1,
1055 5578 1109 5632 p.
1135 5564 1258 5618 508.

279 5636 396 5705 (52)
429 5638 606 5704 Epist.
641 5636 683 5698 Ι,
714 5652 834 5705 cap.
874 5637 962 5689 51.

282 5704 397 5782 (55)
430 5707 643 5761 Missal.
673 5704 822 5761 Rom.
850 5708 904 5762 in
932 5705 1097 5761 Sabb.
1129 5711 1304 5759 sanet.
1335 5704 1399 5759 ad
1430 5705 1679 5775 proplict.
1710 5719 1762 5757 iv

1893 3158 2254 3228 Expositionis
2294 3157 2348 3209 in
2375 3153 2714 3226 Evangelium
2743 3155 2901 3210 Luca:
2941 3173 3061 3225 quae
3085 3157 3187 3211 sub
3216 3156 3324 3209 Titi
3349 3156 3459 3209 Bo-

1890 3254 2123 3309 strensis
2172 3251 2391 3305 nomine
2448 3249 2834 3303 circumfertur
2894 3250 3027 3321 (59),
3080 3261 3131 3304 et
3184 3248 3458 3319 Augusti-

1889 3361 1995 3401 nus
2033 3342 2167 3413 (60).
2202 3342 2339 3395 Hinc
2362 3355 2494 3409 ergo
2523 3339 2854 3394 Venemiana
2880 3341 3119 3408 objectio
3140 3340 3453 3394 evanescit:

1887 3453 1995 3509 quo
2026 3412 2170 3491 enim
2209 3448 2371 3488 sensu
2413 3433 2627 3485 locutus
2663 3438 2745 3485 est
2775 3431 3056 3499 apostolus
3094 3412 3315 3496 Paulus,
3348 3446 3457 3501 quo

1889 3528 2131 3585 Ecclesia
2160 3525 2405 3578 Romana
2449 3523 2517 3575 ab
2565 3524 2685 3592 ipso
2714 3522 2926 3587 edocta,
2951 3539 3059 3591 quo
3089 3521 3280 3577 Patres
3317 3525 3460 3576 auti-

1889 3622 2145 3692 quiores,
2196 3632 2260 3671 eo
2297 3617 2424 3669 item
2458 3614 2710 3669 Clemens
2748 3621 2934 3667 noster
2966 3614 3180 3669 locutus
3216 3631 3338 3669 esse
3382 3616 3463 3669 di-

1889 3714 2117 3775 cendus,
2151 3719 2204 3764 et
2230 3708 2451 3778 quidem
2487 3708 2552 3760 ad
2583 3706 2895 3760 Corinthios
2919 3704 3181 3761 Romanae
3203 3706 3459 3761 Ecclesiae

1889 3805 2109 3863 nomine
2155 3803 2401 3857 scribens
2435 3817 2446 3850 :
2476 3809 2533 3852 ut
2580 3809 2864 3868 propterea
2908 3815 3017 3852 non
3067 3815 3167 3853 suo
3221 3808 3452 3862 tantum,

1890 3897 1985 3952 sed
2027 3904 2079 3949 et
2125 3893 2497 3946 Romanorum
2549 3900 2714 3959 atque
2755 3890 3164 3942 Corinthiorum
3214 3891 3455 3956 nomine,

1888 3985 2257 4040 Abraliamum
2290 3991 2342 4035 et
2373 3979 2635 4033 Jacobum
2670 3989 2845 4046 patres
2877 3990 3108 4041 nostros,
3135 3980 3258 4033 fidei
3306 3981 3455 4035 scili-

1889 4084 1974 4131 cet
1996 4084 2195 4129 nostraa
2222 4080 2426 4142 patres,
2453 4071 2683 4139 ipsemet
2710 4071 3017 4139 appellasse
3047 4070 3342 4139 putandus.

1961 4166 2130 4221 Instat
2184 4177 2350 4233 porro
2392 4163 2477 4215 vir
2530 4160 2776 4222 criticus,
2829 4166 2990 4228 atque
3036 4177 3100 4213 ex
3152 4160 3235 4214 his
3274 4161 3455 4216 verbis

1889 4259 2135 4330 ejusdem
2181 4253 2435 4324 Epistola:
2463 4250 2573 4322 (61)
2608 4270 2619 4304 :
2658 4250 2848 4303 Plures
2880 4252 3014 4319 [acti
3042 4267 3224 4304 sumus
3264 4252 3331 4304 iis
3366 4253 3457 4320 qui

1891 4352 2059 4405 Deum
2104 4348 2291 4400 habere
2331 4352 2602 4398 censentur
2632 4341 2898 4413 (Judazis),
2924 4344 3131 4412 colligit
3175 4352 3454 4398 auctorem

1890 4458 1955 4497 eo
1993 4442 2209 4495 demum
2261 4445 2502 4504 tempore
2556 4435 2795 4499 vixisse,
2845 4450 2953 4503 quo
3001 4436 3455 4491 Christianismus

1890 4537 2034 4591 inter
2078 4538 2267 4598 gentes
2300 4526 2790 4581 numerosissimus
2831 4534 2950 4579 erat
2992 4541 3154 4595 supra
3184 4524 3401 4580 Judaeos
3437 4546 3450 4581 :

1891 4621 2035 4693 quod
2073 4617 2315 4688 quidem,
2350 4616 2547 4686 inquit,
2579 4616 2785 4671 rectius
2815 4630 2976 4684 quam
3031 4617 3083 4669 in
3135 4615 3450 4681 Clementis,

1890 4711 2124 4783 quadrat
2174 4709 2230 4760 in
2288 4705 2511 4775 Trajani
2558 4715 2611 4760 et
2666 4705 3007 4773 sequentium
3061 4705 3450 4774 imperatorum

1889 4815 2157 4875 tempora,
2210 4800 2408 4869 quibus
2454 4797 2695 4851 Ecclesia
2752 4799 2992 4869 gentium
3040 4799 3195 4868 longe
3240 4799 3453 4870 lateque

2111 5143 2262 5216 _Br_ev.
2293 5140 2438 5216 Rom.
2476 5139 2636 5216 Subli.
2664 5150 2784 5216 ante
2802 5138 3004 5216 Quiuq.
3027 5138 3091 5192 ad
3114 5136 3447 5206 Magni/icui.

2111 5211 2228 5283 Lib.
2254 5227 2333 5269 ιιι,
2368 5209 2865 5283 uitium/gavigg

1965 5278 2080 5345 (56)
2107 5280 2245 5333 Dial.
2278 5295 2394 5347 cum
2424 5278 2643 5347 Tryph.,
2688 5278 2715 5346 §
2744 5280 2864 5347 154.

1953 5340 2075 5418 (57)
2106 5340 2725 5418 ΟιβιηκᾼιρχηἙιτοηῑ.
2754 5344 2848 5397 lib.
2887 5357 2961 5405 vi,
2999 5356 3125 5418 cap.
3167 5340 3216 5408 7,
3252 5356 3303 5410 p.
3336 5340 3457 5395 770.

1955 5411 2070 5487 (58)
2104 5415 2237 5489 ᾼάυ.
2276 5415 2560 5489 Marcion”
2598 5416 2691 5489 lib.
2730 5411 3085 5489 iv,mcap.
3172 5480 3204 5489 υ

1954 5480 2066 5555 (59)
2104 5486 2171 5539 In
2195 5503 2313 5554 cap.
2356 5500 2370 5536 ι
2406 5485 2605 5555 Evang.
2639 5485 2771 5538 Luc.
2809 5483 2949 5537 Bibl.
2988 5480 3091 5533 PP.
3123 5480 3252 5535 edit.
3280 5480 3457 5544 Paris,

1885 5557 2273 5633 tom.xn_l_l.n.
2309 5555 2494 5633 197;,
2552 5622 2587 5633 η
2718 5631 2724 5633 Α
2881 5620 2920 5633 ..

1987 5632 2077 5685 00)
2120 5628 2293 5678 Serui.
2326 5622 2386 5683 V,
2416 5620 2442 5689 §
2470 5622 2521 5684 ις
2548 5622 2683 5691 Opp.
2713 5631 2845 5677 toni.
2881 5620 2941 5685 ν,
2970 5638 3022 5691 p.
3061 5622 3148 5681 50.

1987 5634 2077 5685 (30)
2120 5634 2293 5678 Serui.
2328 5634 2386 5683 γ,
2416 5634 2442 5689 9
2470 5634 2521 5684 4;
2548 5634 2620 5689 Up

1965 5634 2080 5769 ibi)
2124 5696 2289 5765 Epist.
2322 5692 2381 5758 1|,
2413 5708 2534 5761 cap.
2565 5692 2620 5747 ‘2.
