3936 6172
454 256 556 310 105

1587 254 1677 307 AD
1720 254 1776 309 S.
1817 254 2244 311 CLEMENTLM
2284 253 2304 309 ῐ
2342 253 2574 313 ΡΑΡΑΜ

3595 270 3692 325 101

451 376 744 440 propagata
776 376 880 424 est.
914 370 1051 436 Quid
1077 370 1261 424 multis
1288 386 1426 441 opus
1455 370 1576 424 est?
1604 369 1795 424 Nonne
1822 368 2025 424 Paulus
2056 373 2101 429 Α
2130 370 2395 441 sanguine
2427 387 2547 428 suo.
2575 393 2592 425 ι
2626 372 2737 430 Nec
2766 374 2960 431 dubito
3002 378 3133 447 quin
3166 378 3319 435 hisce
3350 382 3552 444 verbis,
3600 386 3693 438 καὶ

448 460 515 513 ad
544 460 824 516 Romanos
868 463 1116 517 scribens
1137 463 1202 524 ³⁸,
1240 463 1444 532 gratias
1484 461 1593 516 Deo
1628 462 1842 531 agebat,
1875 460 2021 530 quod

449 552 579 607 lides
609 568 796 607 eorum
826 553 1254 607 annuntiabatur
1279 555 1333 607 in
1356 555 1596 608 universo
1619 552 1851 608 mundo?
1874 552 2023 608 Non-

446 657 515 696 ne
547 642 763 697 dicebat
790 643 856 707 ³⁷,
885 645 939 697 in
969 661 1175 698 omnem
1200 655 1399 699 terram
1431 647 1633 702 exiisse
1663 662 1856 702 sonum
1888 664 2022 719 apo—

446 734 737 799 stolorum,
795 744 844 788 et
892 734 948 788 in
986 737 1117 803 ﬁnes
1171 735 1315 789 orbis
1363 747 1517 790 terra:
1571 739 1736 792 verba
1791 740 2021 793 eorum?

447 822 635 878 Nonne
666 823 835 879 Deum
880 825 1300 895 gloriﬁcabat”,
1329 828 1474 897 quod
1520 830 1840 900 mysterium
1882 838 2019 884 tem-

447 918 672 986 poribus
708 921 927 975 mternis
960 920 1212 981 tacitum,
1246 922 1580 990 patefactum
1624 932 1769 978 esset
1799 924 1867 977 ad
1898 925 2019 978 obe-

445 1012 695 1066 ditionem
725 1013 851 1081 ﬁdei
878 1013 934 1067 in
962 1016 1166 1068 cunctis
1196 1016 1482 1085 gentibus?
1517 1015 1717 1070 Eodem
1761 1017 2017 1087 loquendi

444 1121 658 1175 genere.
680 1106 809 1161 alibi
832 1122 1049 1177 quoque
1078 1110 1249 1162 utitur
1273 1110 1416 1163 idem
1447 1110 1767 1179 Apostolus.
1797 1111 1877 1165 Ad
1909 1110 2017 1165 Co-

445 1195 822 1251 Iossenses":
863 1196 929 1251 In
976 1199 1126 1252 verbo
1177 1200 1413 1254 veritatis
1459 1200 1749 1270 Evangelii,
1773 1202 1911 1271 quod
1961 1202 2015 1255 in

442 1290 682 1343 universo
704 1290 898 1345 mundo
930 1300 1029 1355 est,
1062 1302 1109 1345 et
1132 1292 1448 1361 fructiﬁcat,
1479 1304 1530 1347 et
1560 1295 1771 1350 crescit.
1811 1294 1875 1349 Et
1910 1295 2013 1349 ite-

443 1380 1067 1452 rum:Evangelium....
1129 1385 1478 1453 pra’dicatum
1536 1397 1614 1439 est
1665 1387 1721 1438 in
1768 1388 2014 1440 universa

443 1482 687 1526 creatura
718 1488 833 1541 qua?
857 1473 952 1525 sub
977 1474 1104 1527 caelo
1133 1485 1232 1529 est.
1264 1476 1345 1529 Ad
1386 1474 1741 1530 Timotheum
1783 1476 1911 1530 item
1935 1477 2008 1532 ‘°:

441 1561 694 1632 Magnum
708 1566 1007 1634 estpietatis
1029 1566 1650 1637 sacramentum,quod...
1665 1567 2012 1635 praedicatum

439 1653 1191 1761 estGENTlBD'S,creditum
1214 1667 1288 1711 est
1308 1657 1361 1710 in
1381 1657 1663 1713 MUNDO.
1681 1656 1791 1761 I‘iec
1810 1658 2008 1713 mirum
2040 1706 2083 1761 Β

440 1761 611 1801 sane:
646 1751 710 1800 ut
738 1748 885 1803 enim
920 1749 1057 1804 alios
1098 1758 1487 1819 praetereamus
1518 1751 1819 1821 apostolos,
1862 1768 2007 1807 unus

438 1851 668 1906 magnus
692 1836 915 1903 Paulus,
951 1847 1089 1895 teste
1121 1847 1308 1895 nostro
1330 1840 1609 1896 Clemente
1637 1840 1779 1912 (62),
1814 1843 2007 1897 Prwco

435 1928 613 1996 [actus
659 1930 715 1983 in
760 1932 958 1985 oriente
1001 1940 1051 1984 et
1104 1933 1461 1989 occidente....
1537 1950 1657 1989 cum
1706 1936 2006 1989 universum

434 2020 688 2075 mundum
713 2022 975 2078 docuisset
1003 2024 1290 2089 iustitiam,
1321 2035 1369 2079 et
1402 2026 1471 2078 ad
1508 2027 1797 2081 occidentis
1828 2027 2009 2080 termi-

433 2129 559 2167 num
599 2114 842 2181 uenisset,
900 2132 962 2169 ac
1017 2116 1112 2170 sub
1165 2116 1426 2186 prwfectis
1456 2121 1771 2187 martyrium
1815 2135 2005 2187 passus

430 2211 589 2267 esset,
640 2203 716 2257 ita
769 2220 797 2257 e
840 2203 1033 2259 mundo
1090 2206 1358 2275 migravit.
1418 2206 1549 2273 Qum
1604 2224 1729 2261 cum
1763 2210 1838 2263 ita
1870 2210 2003 2274 sint,

431 2294 621 2364 quidni
654 2310 785 2365 ergo
826 2312 955 2351 vere
986 2296 1272 2367 scripserit
1320 2298 1377 2352 in
1416 2298 1719 2369 posteriore
1762 2299 2006 2370 Epistola

431 2384 682 2441 Clemens
710 2385 992 2443 Romanus
1018 2406 1031 2442 :
1060 2387 1250 2444 Plures
1277 2388 1407 2459 facti
1453 2407 1637 2445 sumus
1667 2390 1889 2459 Iudaeis,
1915 2394 2004 2465 qui

429 2475 600 2531 Deum
629 2477 819 2534 habere
841 2484 1158 2537 censentur?

500 2568 703 2625 Verum
734 2573 801 2627 ad
833 2572 1038 2627 nodum
1068 2574 1375 2645 graviorem
1408 2577 1731 2632 solvendum
1760 2577 2004 2634 studiose

429 2676 804 2731 properemus.
840 2662 1044 2719 Statuit
1082 2667 1340 2721 nimirum
1358 2669 1442 2721 vir
1470 2670 1603 2723 clar.
1629 2668 1741 2740 (65)
1769 2688 1782 2724 :
1820 2687 1839 2721 ι
1869 2668 2001 2740 Epi-

429 2754 583 2810 stolas
631 2758 886 2813 secunda:
931 2767 1211 2814 auctorem
1244 2776 1303 2815 se
1331 2777 1361 2814 a
1393 2760 1674 2817 Clemente
1722 2762 1999 2818 diversum

426 2864 493 2904 eo
514 2850 635 2920 ipso
670 2852 933 2921 proﬁteri,
964 2854 1110 2923 quod
1135 2853 1339 2910 Christi
1370 2855 1711 2910 divinitatem
1742 2872 2000 2925 expresse

427 2939 686 3005 inculcet,
712 2950 766 2997 et
805 2941 1020 2998 Domini
1051 2960 1159 2998 non
1184 2952 1420 3009 tantum,
1451 2946 1542 3001 sed
1567 2954 1621 3000 et
1656 2944 1748 3001 Dei
1779 2946 1995 3000 titulum

2122 460 2190 513 τὰ
2237 462 2537 535 παθήματα
2577 465 2743 520 αὑτοῦ
2785 462 2853 539 ἦν
2908 469 3017 539 πρὸ
3044 469 3337 541 ὀφθαλμῶν
3383 473 3557 543 ὑμῶν,
3608 491 3694 529 re-

2123 554 2359 621 spexerit
2376 553 2599 611 S.Pater
2612 557 2679 610 ad
2696 557 2827 611 illud
2844 558 3086 627 ejusdem
3103 560 3598 631 Apostoli,Galatas
3616 565 3692 619 ita

2121 642 2459 713 objurgantis
2474 648 2519 676 δ’
2536 667 2548 701 :
2568 643 2639 699 Ὦ
2666 648 2876 719 ἀνόητοι
2906 650 3161 715 Γαλάται,
3179 647 3338 716 -οἷς
3366 657 3484 706 κατ’
3503 654 3693 724 ὀφθαλ-

2123 738 2236 807 μῶν
2278 736 2483 807 Ἰησοῦς
2514 737 2745 806 Χριστὸς
2780 740 3133 808 προεγράφη,
3167 740 3223 791 ὲν
3262 740 3389 807 ὑμῖν
3417 742 3691 811 ἐσταυρω-

2121 828 2279 898 μένος
2305 847 2317 883 :
2348 849 2366 880 ‹
2391 828 2433 882 Ο
2465 830 2719 883 insensati
2747 830 3065 892 Galam"...
3088 841 3214 885 ante
3241 847 3473 901 quorum
3499 834 3692 889 oculos

2113 921 2274 976 Jesns
2298 923 2551 977 Christus
2573 924 2923 992 praescriptus
2950 935 3051 988 est,
3078 925 3131 978 in
3160 925 3315 980 vobis
3336 925 3687 981 cruciﬁxus:

2111 1013 2381 1068 Nimirum
2419 1015 2687 1079 Clemens,
2709 1026 2765 1069 ut
2788 1016 3014 1081 assolet,
3043 1016 3274 1071 Paulum
3310 1019 3587 1083 imitatus,
3628 1020 3689 1075 in

2112 1108 2433 1161 memoriam
2466 1106 2663 1175 redigit
2685 1106 3009 1172 Corinthiis,
3035 1110 3314 1177 quomodo
3347 1120 3473 1164 ante
3498 1121 3685 1166 motus

2110 1198 2165 1253 in
2207 1214 2399 1253 eorum
2440 1198 2681 1253 Ecclesia
2727 1215 2899 1267 nuper
2929 1210 3179 1264 exortos,
3214 1203 3366 1255 omni
3413 1203 3681 1257 virtutum

2109 1307 2304 1362 genere
2341 1291 2619 1355 ﬂorerent,
2654 1302 2817 1361 atque
2850 1293 2944 1346 Dei
2984 1295 3253 1362 passiones
3296 1310 3508 1363 semper
3554 1303 3685 1348 ante

2116 1378 2304 1433 oculos
2337 1378 2469 1447 ipsis
2515 1381 2959 1435 obversarentur.
3017 1380 3218 1433 Divina:
3267 1380 3431 1449 igitur
3479 1390 3690 1432 natura:

2114 1470 2458 1537 majestatem
2496 1486 2619 1524 cum
2653 1472 2838 1525 carnis
2872 1473 3181 1525 humilitate
3214 1474 3503 1540 crucisque
3532 1473 3691 1541 igno-

2114 1560 2281 1613 minia
2318 1560 2419 1614 hoc
2454 1562 2557 1616 loci
2596 1563 2881 1632 conjungit
2909 1564 3294 1618 sanctissimus
3320 1562 3479 1615 Pater
3509 1581 3523 1617 :
3548 1564 3689 1618 duas

2114 1650 2241 1704 item
2274 1659 2500 1707 naturas
2522 1655 2770 1720 agnoscit
2801 1656 2853 1706 in
2877 1654 3097 1709 Christo
3125 1671 3136 1705 :
3165 1671 3327 1708 unam
3360 1653 3523 1708 Verbi
3549 1653 3690 1707 Per-

2113 1755 2325 1805 sonam,
2359 1757 2480 1811 quze
2537 1758 2701 1797 carne
2766 1759 2925 1812 passa
2987 1754 3070 1798 est
3114 1763 3127 1799 :
3171 1760 3233 1798 ac
3273 1744 3368 1797 Dei
3400 1745 3682 1813 passiones

2112 1829 2367 1887 Ecclesiae
2395 1833 2758 1888 Corinthiacus
2790 1836 3043 1904 proponit
3096 1837 3243 1889 velut
3302 1836 3463 1904 longe
3510 1835 3689 1889 maxi-

2110 1937 2258 1976 mum
2284 1925 2625 1995 mysterium,
2658 1926 2803 1979 unde
2828 1926 2949 1980 vitae
2990 1927 3285 1981 sanctioris
3315 1933 3584 1997 praecepta
3606 1926 3690 1978 in-

2110 2011 2409 2081 stitutaque
2430 2014 2608 2067 omnia
2641 2014 2934 2069 ducantur.
2969 2014 3046 2069 Ex
3077 2017 3277 2085 quibus
3318 2032 3447 2086 ergo
3476 2015 3688 2084 liquido

2109 2110 2275 2170 patet,
2308 2118 2415 2157 non
2446 2104 2623 2160 solum
2647 2104 2779 2175 quid
2806 2104 2862 2161 S.
2896 2104 3172 2171 Clemens,
3206 2106 3302 2161 sed
3336 2110 3505 2161 etiam
3547 2105 3686 2176 quid

2107 2190 2376 2259 Romani,
2439 2196 2571 2266 quid
2630 2197 2939 2264 Corinthii,
3012 2200 3142 2268 quid
3206 2199 3423 2254 demum
3495 2203 3683 2256 ueteri

2107 2283 2428 2351 Christiani,
2483 2289 2731 2343 saeculo:
2785 2290 3089 2361 apostolico
3139 2290 3207 2345 de
3255 2289 3366 2344 Deo
3410 2290 3466 2344 in
3514 2306 3685 2347 carne

2106 2391 2270 2447 passo
2313 2381 2587 2435 senserint
2639 2393 2803 2451 atque
2860 2382 3217 2437 crediderint.
3268 2380 3399 2448 Quae
3458 2382 3681 2452 quidem

2104 2478 2296 2525 contra
2342 2472 2664 2529 Socinianos
2692 2473 2869 2528 valide
2918 2482 3074 2544 urget
3124 2475 3207 2528 vir
3255 2475 3452 2529 doctus
3511 2474 3684 2529 Mara-

2102 2575 2208 2615 nus
2232 2561 2379 2633 (66):
2415 2562 2662 2634 idemque
2695 2572 3077 2635 argumentum
3103 2564 3217 2633 jam
3248 2566 3461 2635 pridem
3496 2566 3680 2635 pluri-

2104 2653 2207 2709 bus
2258 2654 2437 2709 fuerat
2483 2664 2805 2726 persecutus
2856 2654 3387 2727 Grabius(67);qui
3440 2658 3683 2712 aliorum

2105 2740 2163 2797 S.
2222 2742 2402 2799 Patris
2451 2746 2626 2799 nostri
2670 2746 2915 2801 locorum
2966 2746 3338 2816 parallelismo
3403 2747 3679 2810 instituto,

2101 2834 2248 2889 hunc
2280 2838 2455 2906 ipsum
2489 2838 2555 2893 de
2584 2853 2693 2909 quo
2723 2839 2935 2909 agimus
2988 2846 3211 2893 strenue
3245 2840 3563 2907 vindicavit,
3595 2852 3682 2896 at-

2100 2943 2207 2997 que
2236 2927 2441 2984 Christi
2473 2929 2690 2986 deitatis
2718 2931 2971 2985 hostibus
3001 2930 3235 2985 ﬁdenter
3268 2932 3494 3000 obiecit.

424 3033 474 3086 ei
499 3031 736 3087 dandum
768 3050 892 3089 esse
921 3036 1221 3090 contendat
1247 3034 1387 3107 (ὕλῃ
1409 3052 1530 3090 cum
1559 3052 1720 3092 verus
1744 3036 1997 3093 Clemens
2025 3047 2067 3105 α
2172 3017 2329 3074 Haud
2360 3036 2446 3075 me
2473 3021 2603 3075 latet
2654 3024 2957 3087 enimvero,
2992 3023 3045 3076 in
3075 3039 3140 3078 eo
3170 3022 3521 3079 Clementino
3552 3025 3681 3081 loco

426 3138 701 3192 nusquam
734 3126 787 3180 id
818 3125 944 3180 data
970 3140 1135 3197 opera
1168 3125 1382 3191 fecerit,
1412 3143 1514 3182 nec
1556 3127 1664 3180 alio
1686 3141 1749 3181 ac
1781 3125 1997 3180 Domini

424 3215 586 3270 titulo
614 3232 740 3271 eum
773 3223 1071 3282 ornaverit,
1111 3219 1237 3273 licet
1288 3219 1377 3273 hic
1424 3220 1537 3273 illic
1565 3236 1623 3274 se
1653 3219 1995 3275 divinitatem

422 3305 629 3363 Christi
665 3323 962 3379 agnoscere
1012 3310 1271 3365 insinuet.
1296 3330 1314 3362 ι
1351 3308 1492 3376 Quid
1532 3311 1769 3379 quaeris?
1816 3310 1995 3368 Locus

421 3414 489 3453 ex
525 3398 768 3469 Epistola
790 3402 833 3466 l,
868 3401 923 3456 in
957 3402 1195 3456 medium
1241 3402 1573 3471 proferatur,
1607 3418 1718 3472 quo
1750 3418 1860 3457 uno
1880 3410 1995 3456 tota

420 3488 651 3543 eliditur
678 3488 929 3545 Venemae
952 3491 1209 3560 obiectio.
1246 3489 1335 3545 Sic
1362 3500 1543 3545 autem
1569 3508 1628 3547 se
1648 3490 1810 3547 habet
1834 3490 1945 3562 (65)
1977 3510 1991 3546 :

421 3579 547 3642 Τοῖς
582 3579 813 3649 ἐφοδίοις
847 3580 939 3635 τοῦ
974 3581 1107 3634 Θεοῦ
1144 3582 1468 3653 ἀρκούμενοι
1510 3583 1604 3635 καὶ
1638 3582 1994 3652 προσέχοντες

416 3666 546 3727 τοὺς
575 3665 762 3736 λόγους
788 3668 954 3721 αὐτοῦ
983 3669 1274 3740 ἐπιμελῶς,
1318 3671 1717 3741 ἐστερνισμὲνοι
1758 3668 1853 3742 ἦτε
1882 3674 1994 3733 τοῖς

421 3755 768 3827 σπλάγχνοις,
791 3761 883 3812 καὶ
902 3760 969 3813 τὰ
990 3762 1288 3833 παθήματα
1313 3763 1476 3816 αὐτοῦ
1493 3760 1558 3834 ἦν
1577 3764 1682 3833 πρὸ
1702 3764 1991 3835 ὀφθαλμῶν

420 3844 593 3915 ὑμῶν.
618 3845 731 3901 Hoc
753 3856 838 3903 est
861 3866 873 3902 :
900 3868 917 3901 ι
944 3849 1035 3904 Dei
1062 3851 1259 3906 viatico
1287 3854 1551 3916 contenti,
1577 3860 1629 3906 et
1646 3854 1991 3910 sermonibus

420 3936 567 3994 illius
600 3939 891 4009 diligenter
921 3944 1286 4004 attendentes.
1332 3945 1542 3999 dilatati
1595 3946 1763 4002 eratis
1803 3947 1858 4000 in
1911 3946 1992 4001 vi-

420 4032 687 4097 sceribus,
716 4040 769 4086 et
800 4034 1085 4104 passiones
1108 4036 1228 4105 ejus
1258 4051 1367 4106 prce
1398 4038 1574 4091 oculis
1598 4038 1752 4091 vobis
1775 4047 1984 4092 etanta

419 4120 525 4177 Ubi
555 4123 790 4192 primum
823 4124 1249 4191 observandum,
1276 4128 1561 4182 relativum
1594 4127 1759 4181 αὐτοῦ
1814 4129 1991 4199 respi-

417 4228 544 4269 cere
576 4216 769 4284 procul
798 4216 965 4271 dubio
988 4220 1232 4287 proxime
1265 4220 1596 4275 antecedens
1654 4219 1815 4275 Θεοῦ.
1848 4220 1987 4275 Cum

417 4312 599 4361 autem
639 4306 941 4379 παθήματα
993 4311 1145 4363 nullo
1196 4320 1355 4381 pacto
1418 4310 1527 4366 Deo
1575 4311 1722 4366 Patri
1761 4311 1985 4365 attribui

2100 3127 2262 3181 quem
2320 3113 2482 3167 modo
2529 3115 2876 3183 protulimus,
2909 3115 3130 3169 iunium
3181 3116 3527 3185 conjectasse
3577 3134 3684 3188 pro

2098 3201 2397 3273 παθήματα
2452 3203 2590 3258 forte
2633 3205 2918 3274 legendum
2980 3206 3300 3277 μαθήματα.
3355 3208 3462 3261 Sed
3513 3211 3683 3279 plane

2097 3296 2462 3365 respuendum
2516 3312 2639 3351 cum
2690 3297 2909 3361 Grabio,
2944 3297 3207 3353 Wottono
3250 3300 3485 3371 aliisque
3540 3305 3683 3360 viris

2097 3386 2272 3442 doctis
2301 3389 2461 3444 inane
2494 3397 2885 3451 commentum,
2918 3389 3064 3458 quod
3092 3396 3303 3444 textum
3334 3392 3475 3445 citra
3507 3394 3680 3449 ullam

2096 3480 2498 3543 necessitatem,
2529 3495 2706 3549 neque
2736 3480 2902 3533 ullius
2939 3496 3042 3535 ms.
3088 3480 3297 3536 codicis
3342 3486 3681 3541 auctoritate

2097 3570 2397 3625 sollicitare
2427 3569 2781 3637 comperitur.
2854 3568 2919 3622 Et
2965 3568 3091 3637 jure
3152 3570 3380 3639 quidem
3419 3591 3431 3626 :
3467 3574 3679 3627 etenim

2096 3677 2277 3716 nonne
2313 3661 2529 3715 demum
2561 3667 2684 3729 apte
2733 3660 3008 3714 cohaerent
3038 3661 3243 3725 omnia,
3279 3662 3326 3715 si
3376 3663 3531 3716 verba
3578 3665 3683 3719 Dei

2096 3754 2295 3808 mentis
2325 3753 2621 3819 attentioni,
2652 3752 2885 3822 ejusque
2940 3753 3213 3822 passiones
3269 3756 3457 3810 cordis
3502 3758 3679 3811 oculis

2096 3845 2505 3915 proponantur?
2535 3844 2691 3909 Quod
2734 3846 2828 3899 ubi
2859 3845 3152 3916 diligenter
3202 3846 3449 3911 attendo,
3482 3849 3682 3905 mirari

2094 3937 2261 3998 subit,
2296 3939 2429 3989 clar.
2458 3934 2749 4005 Fleuryum
2794 3934 3051 3988 vitiosam
3098 3932 3247 3988 Junii
3292 3937 3679 4005 conjecturam

2094 4028 2247 4097 sequi
2270 4026 2722 4094 maluisse,quam
2747 4026 3020 4080 sinceram
3041 4034 3223 4080 textus
3240 4028 3557 4094 lectionem;
3576 4029 3681 4099 qui

2092 4118 2297 4174 Gallice
2321 4135 2426 4172 non
2444 4119 2733 4186 passiones,
2757 4118 2849 4172 sed
2869 4117 3170 4171 doctrinam
3199 4119 3508 4175 reddiderit
3528 4121 3677 4192 (68).

2164 4209 2288 4264 Haec
2313 4217 2493 4263 autem
2524 4208 2701 4263 fusius
2731 4217 3099 4278 pertractasse
3127 4210 3310 4275 libuit,
3346 4219 3463 4265 tum
3498 4222 3558 4267 ut
3586 4214 3679 4267 in-

2092 4306 2245 4377 signe
2290 4304 2686 4358 Clementinum
2741 4303 2807 4356 de
2852 4301 3058 4358 Christi
3103 4303 3391 4359 divinitate
3420 4307 3678 4360 testimo-

416 4397 650 4466 possint,
673 4377 941 4469 reliquum
962 4408 1047 4455 est
1090 4409 1149 4454 ut
1173 4377 1258 4455 hic
1274 4400 1981 4466 JesumChristum,Deum,
2016 4377 2063 4436 θ
2089 4398 2241 4451 nium
2275 4394 2627 4453 vindicarem,
2661 4404 2773 4446 tum
2821 4409 2946 4447 vero
2994 4394 3049 4447 in
3086 4396 3280 4464 primis
3321 4405 3380 4449 ut
3412 4396 3677 4452 Venema:

414 4485 612 4542 Filium
644 4489 760 4555 Dei,
790 4490 957 4546 Deum
987 4493 1054 4547 de
1076 4492 1205 4557 Deo,
1228 4493 1395 4548 Deum
1426 4510 1610 4549 verum
1635 4494 1703 4549 de
1722 4493 1833 4550 Deo
1857 4509 1987 4549 vero

414 4577 742 4635 intellexerit
797 4581 855 4635 S.
928 4583 1200 4639 Clemens.
1251 4585 1354 4650 Qui
1414 4585 1634 4655 quidem
1697 4585 1986 4657 passiones

413 4666 620 4724 Christi
648 4673 924 4739 passiones
974 4674 1069 4728 Dei
1100 4677 1357 4746 appellat,
1402 4678 1482 4732 sic
1518 4692 1713 4746 nempe
1759 4678 1828 4732 ab
1855 4691 1984 4747 apo-

415 4760 556 4813 stolo
609 4760 779 4817 Paulo
835 4765 1137 4831 institutus,
1190 4768 1349 4837 cujus
1406 4776 1523 4823 erat
1555 4769 1849 4841 συνεργός;
1888 4769 1984 4838 qui

413 4847 605 4905 eodem
641 4853 800 4922 plane
838 4870 1003 4911 sensu
1038 4858 1238 4913 Christi
1288 4859 1588 4914 Ecclesiam
1635 4860 1981 4931 appellavit“

411 4939 513 5013 τὴν
526 4944 866 5015 Ἐκκλησίαν,
886 4947 979 5000 τοῦ
1008 4949 1143 5002 Θεοῦ
1174 4952 1238 5021 ἣν
1268 4952 1690 5023 περιεποιήσατο
1740 4952 1827 5005 διὰ
1880 4950 1976 5005 τοῦ

416 5033 546 5088 ιδίου
590 5034 849 5105 αἵματος,
891 5055 910 5088 ι
968 5038 1267 5095 Ecclesiam
1334 5042 1428 5096 Dei
1482 5057 1646 5112 quam
1692 5043 1982 5112 acquisivit

556 5243 599 5275 ⁸⁸
620 5242 777 5298 Rom.
812 5259 849 5307 ι,
878 5244 977 5297 8."
1011 5244 1165 5298 Rom.
1199 5261 1253 5307 ι,
1286 5246 1366 5298 l8.
1446 5246 1488 5278 ⁸⁸
1518 5244 1673 5300 Rom.
1705 5259 1820 5311 xvt,
1848 5243 1997 5309 25,2

2129 5242 2173 5276 ”
2198 5243 2407 5300 Coloss.
2436 5258 2476 5305 ι,
2502 5240 2556 5305 6,
2578 5240 2669 5297 25.
2746 5242 2791 5273 ⁸⁸
2823 5240 2842 5294 l
2867 5239 3010 5296 Tim.
3045 5256 3127 5304 in,
3158 5241 3247 5296 16.

480 5310 573 5370 28.
643 5314 688 5344 ⁸⁸
712 5312 831 5369 Gal.
871 5331 951 5377 ιιι,
984 5315 1032 5369 1.

507 5470 597 5541 62)
619 5469 800 5541 Epist.
825 5471 867 5535 1,
898 5486 1022 5541 cap.
1053 5471 1104 5525 5,

508 5540 596 5611 65)
619 5538 867 5611 Yenem.,
902 5538 1100 5610 Epist..
1134 5540 1197 5601 ll,
1233 5541 1375 5611 §20,
1412 5557 1463 5611 p.
1493 5540 1560 5593 '77

508 5609 597 5681 64)
624 5610 795 5681 Epist.
822 5610 881 5681 ll,
909 5609 1029 5681 cap.
1066 5614 1171 5665 1-3.

508 5612 597 5671 64)
624 5612 795 5676 Epist.
822 5612 881 5673 ll,
909 5628 1029 5681 cap.
1066 5614 1116 5664 l-

484 5612 598 5749 203}
634 5679 803 5747 Epist.
832 5680 873 5745 l,
908 5697 1028 5751 cap.
1072 5682 1123 5734 ‘2.

2084 4487 2444 4557 objectionem
2475 4484 2736 4538 diluerem
2765 4502 2777 4536 :
2811 4485 2903 4554 qui
2937 4485 3179 4539 virorum
3212 4486 3674 4541 doctissimorum

2082 4579 2139 4633 in
2173 4580 2316 4633 hunc
2372 4578 2549 4630 locum
2600 4575 2858 4629 adnotata
2904 4578 3183 4646 praeterire
3238 4579 3453 4643 maluit,
3499 4594 3674 4648 quam

2081 4672 2261 4727 Photii
2287 4671 2549 4742 judicium
2587 4670 2771 4725 minus
2795 4677 2954 4725 caute
2986 4671 3256 4740 prolatum
3288 4669 3542 4726 deserere
3571 4677 3676 4726 aut

2081 4764 2368 4835 benignius
2415 4762 2701 4831 accipere;
2746 4775 2811 4815 eo
2851 4761 3062 4815 scilicet
3113 4762 3355 4825 nomine,
3382 4777 3493 4832 quo
3523 4777 3674 4832 prae—

2085 4864 2401 4927 conceptam
2433 4856 2744 4925 opinionem
2784 4857 2851 4911 de
2888 4857 3132 4926 epistolae
3173 4858 3429 4913 secundae
3459 4874 3673 4930 suppa.

2087 4949 2285 5003 sitione
2337 4947 2571 5002 celebris
2608 4947 2757 5001 illius
2799 4947 2974 5001 critici
3017 4948 3229 5002 calculo
3277 4952 3674 5021 comprobaret

2084 5055 2186 5094 con
2196 5040 2562 5109 ﬁrmaretque.

3327 5243 3369 5274 “
3404 5242 3527 5299 Act.
3565 5261 3668 5311 xx,

2164 5468 2274 5537 (66)
2309 5467 2533 5521 Divinit.
2592 5464 2661 5519 D.
2699 5462 2773 5518 Ν.
2834 5463 2988 5520 1.-(3.
3030 5465 3248 5534 mani/2,
3292 5466 3388 5519 lib.
3423 5482 3496 5531 tv,
3532 5481 3667 5536 cap.

2089 5540 2138 5593 5.
2162 5538 2668 5677 (ἓθ)ῗίῖι7Ἀηηοιίιι.
2693 5603 2759 5657 ad
2781 5603 2921 5677 Dulli
2947 5602 3273 5677 de[ens.iﬁd.
3319 5606 3467 5672 Nic.,
3486 5622 3542 5677 p.
3563 5606 3675 5668 60.

2159 5671 2272 5748 (68)
2301 5676 2442 5729 Hist.
2475 5674 2628 5737 eccl.,
2655 5685 2784 5727 tom.
2812 5674 2850 5739 l,
2871 5688 2925 5741 p.
2950 5674 3078 5738 242,
3101 5671 3233 5728 edit.
3262 5676 3404 5729 iii—4,
