3936 6172
278 252 381 306 105

1517 269 1857 329 PROQ-3M”
1896 274 2282 338 VARIORUM.

3424 304 3528 362 106

341 373 433 429 1x.
479 374 744 450 Superest
797 397 944 438 nunc
1000 389 1217 455 tempus
1270 384 1700 460 inquirendum,
1750 409 1860 464 quo
1889 397 1935 455 Α
1967 397 2403 464 persecutionem
2457 405 2789 475 scripsisset,
2823 418 2881 464 ut
2923 418 3117 466 auctor
3165 416 3543 475 eminentissi-

266 474 505 538 utraque
549 471 783 539 epistola
833 473 1000 531 fuerit
1043 474 1346 535 Corinthiis
1378 479 1664 553 inscripta.
1696 483 1762 539 Et
1791 487 1859 544 de
1960 502 2085 544 mus
2110 490 2314 560 optime
2342 496 2523 565 arguit
2546 471 2677 569 (75).
2707 471 2848 567 Quid
2866 503 3012 574 quod
3042 471 3541 580 Clementinispe-

263 560 452 627 priore
478 562 722 633 quidem,
754 581 950 637 magna
1001 567 1144 623 inter
1171 569 1322 626 viros
1352 574 1602 633 eruditos
1629 586 1856 634 contro-

1956 594 2028 635 ne
2054 595 2296 638 consona
2333 585 2401 641 de
2431 586 2665 647 Neronis
2692 595 3078 663 persecutione
3107 598 3400 668 scripsisse
3427 601 3535 658 Ta-

263 651 466 706 versia.
506 651 614 710 Sed
658 657 972 714 rationibus
1002 660 1281 733 utrimque
1310 663 1491 721 allatis
1519 683 1620 738 pro
1646 670 1855 729 viribus
1956 668 2099 727 citus
2129 676 2638 749 comperilul‘l76)?
2664 651 2952 739 Videbatur
2985 651 3151 754 Νενά,
3184 651 3382 761 ἰῐῖᾆυίι,
3412 709 3541 749 60n-

258 744 540 809 excussis,
569 760 761 801 eorum
795 748 1014 805 demum
1048 755 1334 810 sententiae
1381 758 1545 815 nobis
1594 763 1855 818 accedeu-
1953 760 2136 818 danda:
2165 766 2310 822 urbis
2344 787 2511 834 nam.
2549 783 2599 826 et
2647 789 2986 847 cognomento
3035 797 3131 834 suo
3186 785 3535 853 αρρειιαηάιε,

268 832 389 853 ,___
628 852 665 853 η
935 839 947 851 .
996 839 1041 853 ,τ
1184 844 1196 853 .
1599 850 1608 853 _

258 832 392 886 dum
422 836 828 903 existimamus,
853 839 949 909 qui
996 839 1307 898 Neroniana
1338 850 1721 915 persecutione
1750 854 1849 909 de-

256 922 499 990 sinente,
529 934 817 1000 stanteque
865 932 1045 988 adhuc
1092 937 1297 1006 templo
1324 936 1846 1014 Hierosolymitano,

255 1027 457 1086 nempe
494 1018 640 1074 circa
684 1035 808 1077 ast-te
857 1024 1098 1096 vulgaris
1127 1040 1333 1085 annum
1363 1029 1433 1086 68
1461 1048 1580 1088 eam
1618 1035 1787 1094 fuisse
1816 1054 1847 1093 a
1947 1036 2194 1107 infamia.

253 1104 539 1163 Clemente
570 1111 830 1181 scriptam
863 1126 1219 1173 censuerunt.
1252 1116 1311 1174 In
1339 1137 1503 1191 quam
1535 1141 1669 1182 sane
1714 1143 1844 1183 sen-

1949 853 2176 921 gloriam
2201 875 2455 929 quaerere.
2473 895 2541 903 —
2568 864 2671 920 Sed
2702 885 2804 924 non
2833 887 2927 940 ope
2954 872 3204 939 humana,
3238 894 3341 932 non
3374 878 3538 950 largi-

1951 946 2180 1003 tionibus
2206 952 2482 1022 principis,
2513 967 2611 1011 aut
2655 958 2811 1015 deum
2857 964 3205 1032 placamentis
3254 946 3534 1026 decedebat

2245 1045 2371 1113 quin
2410 1047 2625 1116 jussum
2672 1054 2969 1110 incendium
3017 1059 3335 1118 crederetur.
3390 1062 3533 1135 Ergo

1948 1130 2203 1189 abolendo
2230 1141 2435 1194 rumori
2468 1140 2612 1199 Nero
2640 1146 2873 1202 subdidit
2901 1167 3037 1214 reos,
3067 1162 3117 1205 et
3142 1157 3531 1224 quasitissimis

2931 1199 3037 1214 --η
3068 1199 3114 1205 --
3142 1199 3530 1224 ,_..-.-.--......

251 1199 487 1255 tentiam
526 1217 639 1271 prae
667 1207 880 1261 (ueteris
925 1208 1272 1267 concessisse
1309 1215 1564 1273 novimus
1591 1218 1847 1275 duumvi-
1943 1226 2108 1292 plenis
2138 1228 2336 1296 affecit,
2367 1248 2497 1301 quos
2525 1250 2616 1303 per
2659 1239 2870 1310 ﬂagitia
2910 1244 3123 1309 invisos,
3153 1249 3336 1317 vulgus
3369 1248 3531 1303 Chri-

251 1302 344 1317 uuu-
379 1289 729 1317 ,ΙΑηιεηρζη-.--
774 1293 843 1317 τι-
860 1296 998 1317 _:_.__
1039 1298 1145 1317 Inrn
1192 1316 1201 1317 κ
1232 1316 1239 1317 ,
1736 1316 1739 1317 ,

249 1302 346 1342 ros
376 1289 752 1360 doctissimos,
774 1293 1002 1367 Pagium
1035 1298 1149 1372 (69)
1182 1316 1248 1356 ac
1279 1319 1455 1375 nuper
1482 1316 1841 1377 purpuratum
1941 1289 2152 1376 stianos
2173 1289 2499 1392 appellabat.
3023 1289 3265 1408 correpti:
3275 1344 3365 1411 qui
3392 1344 3530 1412 fate-

254 1380 475 1412 ουν...
511 1386 597 1412 ..ης
632 1396 905 1412 -..--_.__.
940 1389 1226 1412 _.-r--_:_._-__
1271 1392 1334 1412 n-
1369 1404 1380 1412 .
1456 1398 1467 1408 ι
1692 1401 1705 1412 .
1768 1403 1779 1412 .
1951 1409 1959 1412 -

250 1380 475 1438 Patrem
509 1386 600 1439 cui
630 1396 909 1459 acceptam
939 1389 1231 1449 referimus
1266 1392 1555 1450 Historiam
1596 1401 1843 1456 ecclesia-

1941 1409 2135 1466 bantur
2159 1429 2177 1467 :
2205 1416 2391 1471 deinde
2422 1419 2621 1478 indicio
2649 1441 2830 1480 eorum
2867 1430 3160 1487 multitudo
3190 1409 3382 1505 ingens
3413 1436 3526 1509 (ea-

249 1472 448 1527 “itam
480 1473 760 1544 elegamel‘
788 1478 990 1537 Ῐιδιίοίε
1027 1483 1225 1541 “ureris
1267 1488 1518 1543 "adium
1554 1491 1686 1563 (το).
1720 1491 1840 1560 QUO
1938 1501 2060 1558 dem
2090 1519 2223 1562 sane
2242 1508 2450 1577 phrasi,
2480 1529 2587 1584 qua
2620 1518 2791 1572 utitur
2819 1518 2875 1575 S.
2909 1520 3091 1588 Pater,
3123 1472 3517 1600 πολὺδπλῆδος)

249 1571 435 1600 ΩιιΙΔπι
486 1574 764 1600 ΙιθηιιηηιιΛ
806 1580 988 1600 uno--.
1023 1592 1179 1600 -.-Α-,Α
1216 1578 1383 1600 l!__-!-
1417 1582 1547 1600 _-.'-
1600 1585 1633 1600 σι
1756 1587 1767 1597 ι
1945 1591 1957 1600 .
2067 1594 2077 1600 .
2307 1599 2312 1600 ,

245 1571 437 1619 autem
486 1574 765 1640 utcunque
806 1580 991 1642 pateat
1019 1592 1183 1647 quam
1214 1578 1387 1637 ﬁrmis
1417 1582 1722 1641 rationibus
1754 1587 1839 1641 in-

244 1656 464 1712 nitatur
507 1663 781 1718 sententia
829 1664 1165 1740 hujusmodi,
1200 1673 1474 1742 praecipua
1523 1675 1714 1731 saltem
1765 1694 1832 1733 ex

1936 1591 2077 1649 haud
2129 1599 2343 1665 perinde
2400 1603 2452 1656 in
2509 1607 2728 1663 crimine
2776 1611 3027 1680 incendii,
3078 1632 3237 1686 quam
3267 1591 3524 1675 odio'hu;

1937 1689 2082 1742 mani
2107 1693 2308 1761 generis
2336 1697 2559 1751 convicti
2589 1710 2733 1757 sunt.
2760 1702 2825 1756 Et
2856 1709 3194 1773 pereuntibus
3224 1714 3412 1767 addita
3442 1715 3525 1768 lu-

2107 1748 2131 1761 ν
2422 1748 2556 1751 ,-,-,-
2591 1748 2733 1757 -----—.
2760 1748 2823 1756 ..ν
2856 1748 2934 1773 ’νυν
2949 1748 3193 1764 νων-ιονωο
3224 1748 3412 1767 uua-su
3442 1748 3524 1768 ηι-

245 1748 369 1818 ipsa
418 1748 667 1821 Epistola
717 1767 1037 1827 argumenta
1066 1763 1262 1832 paucis
1291 1764 1704 1823 contrahamus.
1744 1766 1836 1824 Sic
1868 1760 1912 1813 Β
1944 1778 2141 1846 dibria,
2172 1794 2229 1837 ut
2256 1784 2493 1853 ferarum
2524 1792 2680 1861 tergis
2702 1798 2942 1864 contecti,
2975 1798 3182 1855 laniatu
3213 1820 3402 1859 canum
3440 1807 3524 1861 in-

245 1837 433 1864 :.-__.-
484 1842 674 1864 ..Α-ιιι.
730 1844 816 1864 ιη-
843 1862 904 1864 __,
965 1863 971 1864 ,
1109 1852 1120 1864 .
1171 1852 1183 1863 .
1232 1853 1288 1864 ._.
1425 1854 1524 1864 ι--ε
1622 1856 1654 1864 -

242 1837 436 1909 itaque
480 1842 680 1899 scribit
728 1844 985 1904 Clemens
1034 1852 1140 1906 sub
1169 1852 1389 1908 initium
1418 1854 1532 1926 (7i)
1565 1875 1578 1911 :
1612 1856 1835 1927 Propter

236 1932 452 1989 subitas
479 1952 545 1990 ac
565 1936 669 1991 sibi
696 1938 915 1994 invicem
942 1943 1273 2000 succedentes
1300 1946 1631 2003 calamitates
1657 1960 1705 2004 et
1736 1967 1831 2005 ca-

236 2040 333 2078 sus
361 2025 615 2082 aduersos
661 2030 753 2099 qui
799 2031 948 2085 nobis
990 2033 1315 2099 acciderunt,
1350 2036 1578 2102 tardius,
1612 2039 1831 2109 fratres,

237 2119 593 2189 nosmetipsos
640 2125 958 2179 conuertisse
988 2129 1331 2197 agnoscimus
1360 2129 1430 2184 ad
1454 2147 1519 2186 ea
1545 2148 1661 2203 qua:
1683 2151 1715 2187 a
1743 2152 1832 2189 vo-

237 2208 321 2263 bis
349 2213 580 2279 quaesita
610 2213 842 2283 fuerunt.
880 2215 1091 2283 Quibus
1120 2219 1322 2286 verbis,
1353 2222 1586 2292 primum
1612 2226 1832 2295 quidem

236 2302 677 2368 persecutionem
712 2321 833 2376 quae
862 2308 973 2378 jam
1000 2308 1358 2375 deferbuerit,
1386 2314 1470 2368 vel
1498 2316 1681 2385 potius
1711 2334 1832 2389 quae

234 2409 418 2463 nuper
448 2394 696 2463 desierit,
729 2400 1044 2470 designari;
1076 2403 1276 2461 deinde
1305 2423 1439 2463 vero
1464 2409 1548 2464 vel
1598 2409 1830 2467 Neronis

234 2485 321 2540 vel
347 2483 646 2543 Domitiani
676 2492 1114 2560 persecutionem
1165 2495 1253 2550 hic
1302 2497 1497 2565 innui,
1529 2514 1693 2556 nemo
1746 2509 1831 2558 est

233 2587 373 2629 sane
424 2575 521 2646 qui
569 2592 681 2632 non
727 2582 1043 2652 perspiciat.
1083 2582 1302 2651 Verum,
1338 2604 1459 2658 quae
1497 2591 1661 2659 paulo
1706 2600 1829 2663 post

233 2661 426 2717 subdit
455 2662 731 2735 Clemens,
775 2668 1144 2728 Neronianam
1179 2677 1392 2733 scilicet
1435 2681 1679 2737 indicare
1703 2661 1827 2753 per-

232 2750 521 2810 bibentur.
572 2755 647 2813 De
694 2760 868 2819 beatis
895 2763 1040 2818 enim
1072 2769 1337 2836 apostolis
1363 2769 1524 2827 Petro
1548 2780 1602 2828 et
1632 2750 1823 2843 Paulo,

227 2858 333 2898 ceu
386 2861 499 2902 non
548 2848 625 2902 ita
673 2851 886 2920 pridem
934 2859 1201 2928 martyrio
1243 2869 1660 2930 consummatis,
1711 2867 1827 2923 haec

228 2934 401 2992 habet
426 2938 541 3010 (72)
569 2960 583 2995 :
619 2942 899 3015 Ἔλθωμεν
927 2948 1021 3001 ἐπὶ
1045 2952 1174 3014 τοὺς
1211 2952 1459 3022 ἔγγιστα
1502 2958 1824 3029 γενομένους

224 3032 474 3105 ἀθλητάς
499 3052 513 3064 ·
571 3036 823 3111 λάϐωμεν
871 3043 972 3114 τῆς
1022 3049 1213 3115 γενεᾶς
1266 3051 1299 3120 ἡ
1310 3050 1425 3120 μῶν
1479 3052 1548 3107 τὰ
1603 3059 1823 3123 γενναῖα

226 3126 631 3200 ὑποδείγματα.
655 3134 1004 3207 -Λάὸωμεν
1042 3138 1150 3210 πρὸ
1168 3140 1460 3214 ὀφθαλμῶν
1498 3147 1531 3216 ὴ
1542 3146 1658 3217 μῶν
1699 3150 1825 3213 τοὺς
1851 3134 1893 3193 C

222 3217 473 3286 ἀγαθοὺς
494 3221 842 3289 ἀποστόλους,
883 3226 940 3282 h.
984 3243 1035 3283 e.
1081 3247 1100 3280 ι
1134 3228 1429 3289 Veniamus
1458 3234 1523 3288 ad
1554 3240 1823 3306 proximos

224 3311 486 3379 athletas,
519 3322 572 3369 et
603 3318 790 3371 saeculi
824 3321 1000 3374 nostri
1043 3338 1311 3393 generosa
1351 3330 1602 3399 exempla
1634 3346 1822 3387 suma-

223 3419 377 3459 mus.
406 3433 482 3447 -
510 3404 789 3464 Ponamus
811 3411 971 3466 nobis
998 3422 1125 3469 ante
1152 3417 1344 3472 oculos
1376 3419 1552 3478 bonos
1578 3421 1817 3494 Aposto-

222 3496 329 3551 los.
362 3516 385 3550 ι
419 3495 526 3551 Ubi
560 3499 729 3569 probe
757 3504 998 3559 notanda
1030 3521 1157 3561 cum
1210 3506 1487 3566 Dodwello
1518 3513 1631 3585 (75)
1666 3518 1819 3574 aliis-

220 3602 353 3655 que,
388 3587 690 3647 Clementis
718 3594 906 3659 verba,
935 3597 1137 3666 quibus
1163 3600 1401 3671 gloriosa
1429 3602 1576 3661 Petri
1593 3616 1647 3663 et
1662 3606 1818 3665 Pauli

220 3682 534 3736 certamina
590 3684 950 3751 describens,
1012 3689 1137 3745 illos
1207 3691 1434 3762 ἔγγιστα
1498 3700 1818 3771 γενομένους

219 3771 489 3842 ἀθλητάς,
541 3775 872 3841 nuperrimos
934 3779 1183 3846 athletas,
1242 3785 1498 3854 appellat,
1531 3804 1628 3845 seu
1657 3807 1816 3861 quam

218 3862 466 3927 proxime
511 3862 765 3919 sublatos
797 3879 829 3919 e
855 3866 1038 3922 medio
1068 3868 1238 3927 fuisse
1268 3881 1523 3943 testatur,
1555 3886 1719 3951 atque
1746 3886 1814 3956 τῇ

218 3955 387 4024 γενεᾷ
414 3953 597 4025 ἡμῶν,
639 3954 739 4010 hac
788 3969 971 4014 nostra
1029 3972 1187 4019 aetate
1240 3964 1510 4026 ﬂoruisse.
1554 3953 1813 4031 Eamdem

218 4059 392 4114 porro
418 4048 860 4115 persecutionem
892 4053 1067 4124 magis
1102 4055 1283 4113 adhuc
1315 4061 1595 4118 inculcare
1622 4066 1815 4122 viden—

217 4142 333 4199 tur,
368 4153 497 4207 qua:
527 4140 715 4208 paucis
742 4141 1045 4212 interjectis
1072 4160 1375 4205 occurrunt
1406 4153 1518 4225 (74)
1554 4175 1566 4210 :
1592 4156 1815 4224 Τούτοις

216 4231 335 4293 τοῖς
398 4229 658 4301 ἀνδράσιν
713 4233 877 4298 ὁσίως
918 4236 1391 4311 πολιτευσαμένοις
1451 4246 1811 4321 συνηθροίσθη

218 4320 361 4374 πολὺ
422 4320 629 4392 πλῆθος
695 4323 985 4381 ἐκλεκτῶν.
1046 4347 1067 4380 ι
1120 4328 1268 4388 Viris
1319 4334 1443 4391 istis
1497 4339 1591 4410 qui
1646 4320 1809 4396 vitam

219 4420 418 4469 sancte
442 4414 820 4484 instituerunt,
850 4434 1046 4490 magna
1069 4423 1368 4480 electorum
1400 4430 1693 4487 multitudo
1715 4448 1810 4505 ag-

1076 4516 1372 4584 neminem,
1403 4519 1452 4575 si
1489 4520 1711 4578 Petrum
1743 4540 1809 4583 ac

220 4593 461 4650 Paulum
490 4598 755 4668 excipias,
780 4615 811 4654 a
840 4600 1120 4660 Clemente
1151 4607 1385 4676 laudari,
1417 4626 1526 4667 non
1556 4612 1803 4672 Flavium

217 4686 585 4755 Clementem,
611 4705 720 4745 non
752 4691 989 4748 Acilium
1019 4695 1391 4767 Glabrionem,
1420 4718 1532 4759 non
1564 4704 1806 4765 Flaviam

218 4778 583 4846 Domitillam,
615 4784 826 4837 nullum
852 4785 1088 4857 denique
1131 4797 1213 4845 tot
1259 4792 1554 4851 illustrium
1603 4808 1808 4873 marty-

215 4886 344 4926 rum
367 4874 465 4943 qui
493 4875 598 4929 sub
618 4873 928 4932 Domitiano
944 4881 1093 4948 passi
1116 4893 1277 4950 sunt;
1308 4901 1540 4956 quorum
1571 4890 1806 4962 aliquem

216 4964 422 5020 saltem
470 4980 834 5025 memorasset
862 4968 921 5026 S.
954 4971 1134 5041 Pater,
1165 4977 1213 5031 si
1258 4986 1382 5048 post
1411 4979 1806 5041 Domitianeam

290 5165 341 5199 “
368 5164 541 5224 Hebr.
567 5183 646 5234 Ix,
678 5167 771 5226 25.

453 5350 589 5430 [fagi
619 5352 853 5430 Crit.,ad
879 5370 1006 5430 ann.
1042 5358 1129 5421 78,
1162 5360 1190 5430 ᾗ
1222 5362 1275 5416 '5.

291 5422 602 5512 (ςιομὴέίζ
634 5425 796 5512 [δέξιν.
830 5429 955 5482 sccl.
990 5430 1087 5485 lib.
1118 5422 1247 5503 uis
1284 5434 1373 5496 55.
1428 5444 1467 5491 t.
1503 5436 1544 5503 l,
1594 5442 1803 5512 p.411,

216 5492 357 5549 edit.
391 5492 554 5549 Rom.
584 5495 751 5550 in—8°.

320 5564 412 5639 Et)
458 5563 634 5639 Epist.
664 5567 687 5620 Ι
724 5566 793 5620 ad
821 5567 945 5623 Cor.
978 5582 1099 5639 cap.
1131 5572 1182 5626 l.

320 5566 412 5632 7i)
458 5566 634 5633 Epist.
664 5567 687 5620 Ι
724 5566 793 5620 ad
821 5567 858 5623 C

292 5566 413 5707 {72)
455 5632 624 5707 Ibid.,
656 5652 778 5707 cap.
809 5640 858 5693 5.

294 5705 412 5777 (73)
453 5706 640 5761 Addit.
672 5705 741 5760 ad
766 5708 1125 5786 Pears.()pp.,
1156 5728 1280 5788 post
1310 5735 1362 5790 p.
1394 5720 1513 5775 ξω

514 5802 785 5866 ΡΑτκοι..
825 5806 945 5869 Gn.
1042 5810 1093 5872 l.

1940 1874 2173 1942 terirent,
2204 1888 2298 1930 aut
2350 1881 2595 1937 crucibus
2639 1885 2817 1954 affixi,
2859 1900 2952 1943 aut
2979 1892 3338 1960 ﬂammandi:
3369 1907 3524 1969 atque

1936 1964 2027 2019 ubi
2054 1966 2326 2037 defecisset
2355 1972 2490 2040 dies,
2523 1977 2578 2032 in
2610 1995 2764 2034 usum
2795 1987 3041 2040 nocturni
3065 1988 3279 2044 luminis
3300 1964 3518 2047 ureren-

1938 2065 2049 2113 tur.
2083 2057 2203 2115 Non
2235 2062 2372 2119 adeo
2402 2075 2583 2125 tamen
2621 2073 2877 2131 saeviebat
2902 2076 3265 2149 Domitianus,
3297 2082 3518 2140 Tertul-

1936 2150 2085 2207 liano
2103 2160 2262 2221 teste,
2292 2158 2386 2227 qui
2407 2159 2529 2229 ejus
2550 2167 2986 2234 persecutionem
3011 2171 3083 2225 ita
3103 2172 3515 2248 describit(77):

1938 2243 2250 2301 Tentaverat
2277 2260 2326 2304 et
2352 2251 2705 2322 Domitianus,
2719 2261 2892 2328 portio
2932 2260 3160 2319 Neronis
3191 2266 3254 2320 de
3282 2243 3518 2324 crudeli-

1936 2344 2073 2401 tate;
2098 2339 2190 2393 sed
2213 2357 2319 2411 qua
2358 2354 2408 2398 et
2448 2344 2600 2401 homo
2632 2348 2793 2417 facile
2818 2363 3040 2423 coeptum
3064 2362 3333 2426 repressit,
3361 2366 3520 2418 resti-

1936 2430 2062 2483 tutis
2110 2432 2271 2487 etiam
2321 2450 2449 2506 quos
2495 2439 2856 2511 relegaverat:
2887 2455 2946 2501 ut
2976 2459 3261 2520 propterea
3304 2456 3520 2512 nullum

1931 2521 2156 2578 dubium
2179 2541 2470 2597 superesse
2488 2533 2763 2600 videatur,
2790 2538 2922 2607 quin
2952 2542 3114 2597 verba
3147 2545 3235 2598 illa
3267 2546 3518 2604 Clemen-

1930 2613 2003 2666 tis
2031 2628 2153 2683 quaa
2183 2617 2287 2672 sub
2318 2618 2539 2675 initium
2573 2623 2736 2695 hujus
2768 2626 2795 2699 ᾗ
2833 2631 3209 2701 recitarimus,
3238 2637 3306 2693 de
3344 2637 3518 2696 Nero-

1930 2704 2016 2759 nis
2044 2706 2227 2774 potius
2258 2723 2422 2778 quam
2453 2710 2743 2771 Domitiani
2783 2722 3164 2789 persecutione
3206 2728 3318 2783 sint
3365 2735 3515 2787 acci-

1927 2795 2145 2865 pienda.
2173 2797 2455 2858 Deferbuit
2488 2813 2693 2873 autem,
2725 2811 2837 2866 imo
2867 2830 2997 2871 vero
3022 2827 3077 2871 et
3105 2818 3269 2875 desiit
3291 2837 3352 2879 ea
3382 2839 3511 2895 per-

1928 2889 2159 2955 secutio,
2211 2892 2428 2950 sublato
2477 2894 2723 2966 Nerone,
2754 2918 2916 2973 quem
2947 2905 2980 2960 9
3008 2905 3155 2963 Junii
3202 2924 3346 2967 anno
3382 2889 3513 2970 aera

1924 2982 2168 3053 vulgaris
2198 2983 2268 3041 68
2296 2988 2526 3057 periisse
2554 3004 2915 3063 compertum.
2934 2996 3137 3055 Eodem
3167 3002 3334 3072 igitur
3361 3020 3508 3061 anno

1927 3084 2185 3134 currente
2214 3079 2300 3134 vel
2344 3082 2533 3136 saltem
2561 3085 2865 3153 desinente,
2898 3088 3144 3148 Romana
3179 3095 3421 3154 Ecclesia
3453 3101 3510 3154 in

1925 3180 2061 3235 pace
2117 3176 2395 3243 utcunque
2455 3178 2794 3236 constituta.
2856 3184 3143 3254 scripserit
3203 3187 3261 3243 S.
3320 3188 3504 3249 Pater.

1923 3254 2089 3314 Plura
2133 3261 2187 3316 in
2238 3263 2382 3320 hanc
2426 3272 2753 3325 sententiam
2786 3271 2990 3329 videsis
3033 3277 3177 3347 apud
3208 3281 3506 3351 scriptores

1924 3348 2088 3404 modo
2114 3350 2387 3420 laudatos,
2417 3356 2617 3426 quibus
2648 3358 2817 3415 addas
2844 3362 3004 3417 velim
3031 3348 3347 3421 Wottonum
3367 3368 3503 3441 (78),

1922 3448 1984 3494 ut
2013 3440 2151 3498 alios
2178 3453 2586 3514 praetereamus.

1993 3530 2133 3587 Huic
2168 3534 2297 3590 item
2333 3552 2479 3594 anno
2503 3539 2572 3595 68
2600 3556 2723 3598 esse
2765 3544 3080 3615 illigandam
3123 3548 3265 3605 hanc
3293 3552 3360 3608 ad
3394 3554 3504 3610 Co-

1922 3623 2156 3681 rinthios
2202 3626 2443 3697 priorem
2495 3632 2813 3701 epistolam,
2842 3637 3034 3694 suadet
3068 3641 3249 3698 cultus
3285 3641 3503 3703 Judaicl

1920 3718 2125 3771 mentio
2151 3718 2207 3772 in
2232 3721 2435 3791 templo
2458 3721 2953 3798 Hierosolymitano
2982 3738 3112 3787 tunc
3142 3734 3320 3792 adhuc
3345 3747 3501 3795 stan-

1918 3817 1970 3863 te
1993 3808 2247 3879 vigentis,
2276 3828 2397 3884 qua
2446 3815 2500 3869 in
2550 3817 2739 3874 eadem
2767 3820 2999 3891 epistola
3032 3824 3186 3881 hisce
3215 3834 3499 3902 conceptis

1917 3900 2100 3956 verbis
2131 3904 2375 3959 occurrit
2409 3905 2522 3978 (79)
2562 3926 2575 3964 :
2605 3908 2824 3968 Summo
2864 3915 3049 3985 quippe
3094 3920 3355 3976 sacerdoti
3389 3900 3500 3979 sua

1918 3993 2100 4046 munia
2139 3993 2337 4049 tributa
2377 4008 2537 4064 sunt;
2571 4010 2623 4055 et
2663 4005 3026 4063 sacerdotibus
3064 4010 3209 4064 locus
3250 4016 3494 4083 proprius

1917 4083 2219 4155 assignatus
2238 4098 2353 4153 est;
2395 4099 2445 4144 et
2503 4093 2676 4149 lenitis
2716 4113 2815 4151 sua
2842 4100 3141 4157 ministeria
3168 4106 3494 4168 incumbunt.

1914 4204 1985 4215 —-
2024 4173 2151 4231 Non
2184 4177 2393 4250 ubique,
2424 4183 2642 4251 fratres,
2673 4187 2966 4257 offeruntur
3012 4196 3281 4265 sacriﬁcia
3312 4200 3491 4271 jugia,

1914 4265 1993 4320 uel
2020 4281 2116 4337 pro
2145 4280 2359 4337 peccato
2386 4281 2436 4325 et
2467 4272 2681 4341 delicto,
2710 4277 2802 4332 sed
2834 4277 3219 4354 Hierosolymis
3243 4265 3447 4344 tantum
3473 4308 3492 4343 :

1917 4371 2078 4427 neque
2115 4358 2229 4412 illic
2257 4360 2314 4414 in
2342 4365 2523 4432 quovis
2556 4366 2672 4421 loco
2715 4367 2779 4438 ﬁt
2821 4369 3044 4439 oblatio,
3075 4376 3168 4431 sed
3208 4387 3328 4433 ante
3360 4390 3492 4436 tem-

1911 4445 2059 4514 plum
2086 4447 2157 4500 ad
2185 4447 2376 4517 altare,
2414 4454 2562 4522 prius
2611 4457 2758 4527 facta
2800 4476 2834 4514 a
2876 4479 3082 4519 summa
3124 4472 3395 4528 sacerdote
3440 4488 3491 4529 et

1912 4538 2180 4607 prwdictis
2209 4543 2491 4613 ministris,
2523 4546 2690 4604 oblati
2717 4552 3039 4622 inspectione
3065 4568 3115 4613 et
3157 4563 3490 4630 probatione.

1914 4629 2021 4698 Qui
2052 4648 2174 4704 ergo
2199 4646 2393 4703 printer
2415 4638 2471 4692 id
2493 4641 2632 4709 quod
2664 4644 2922 4701 voluntati
2948 4649 3061 4719 ejus
3083 4629 3489 4715 consentaneum

1906 4731 2007 4787 est,
2038 4724 2243 4796 aliquid
2290 4728 2515 4799 faciunt,
2558 4744 2725 4791 morte
2757 4738 3072 4799 multantur.
3106 4744 3293 4818 Neque
3334 4752 3491 4809 aliter

1908 4824 2044 4867 sane
2074 4813 2315 4885 loquitur
2340 4818 2614 4888 Clemens,
2644 4840 2708 4880 ac
2734 4825 2939 4887 Paulus
2970 4832 3039 4887 ad
3066 4813 3323 4896 Hebr-tuos
3346 4844 3487 4897 scri—

1908 4898 2072 4970 bens;
2103 4919 2264 4974 quem
2295 4909 2496 4980 ubique
2524 4912 2636 4970 fere
2664 4925 2908 4975 sectatur
2932 4918 2988 4976 S.
3010 4921 3191 4991 Pater,
3219 4928 3340 5000 ejus
3372 4948 3489 4988 ow-

1908 4992 2088 5063 εργός.
2141 4996 2199 5051 In
2251 5012 2315 5054 ea
2371 5003 2516 5058 enim
2548 5004 2791 5077 Epistola
2826 5014 3073 5070 meminit
3111 4992 3409 5092 Apostolus
3438 5025 3485 5058 ⁸³

2012 5376 2098 5455 Et)
2140 5377 2305 5455 ibid”
2329 5398 2461 5455 _cap.
2494 5386 2546 5442 ϐ.

2134 5448 2480 5530 Qt'si,_lstor.
2512 5459 2664 5525 eccl.,
2694 5470 2734 5516 t.
2767 5462 2807 5524 1,
2840 5477 2890 5530 p.
2924 5460 3050 5518 412.

2132 5520 2328 5601 ᾼηηᾳι.
2362 5523 2454 5582 lib.
2487 5543 2574 5593 xv,
2590 5519 2761 5601 capp.
2789 5519 2978 5587 cii-44.

2131 5590 2402 5666 épolpget.
2426 5589 2570 5666 cap.
2586 5599 2638 5654 5.

2128 5655 2349 5745 Εῒῳςδῖἒ
2372 5664 2439 5719 ad
2457 5655 2830 5745 Οῖθιη.ρρίβι.,
2874 5673 2979 5728 205
3021 5687 3175 5745 seqq.

1974 5731 2084 5802 (79)
2127 5729 2294 5801 Epist.
2331 5733 2378 5795 l,
2410 5750 2562 5805 capp.
2593 5729 2776 5795 ιυ-Ἇι.

3113 5839 3153 5898 li.
