3936 6172
503 266 598 318 107

1620 264 1711 319 ΑΙ)
1753 265 1807 320 S.
1852 260 2271 321 CLEMENTEM
2312 263 2328 316 1
2369 262 2600 318 ΡΑΡΑΜ

3626 261 3739 314 103

496 380 790 449 pontiﬁcis,
823 380 913 449 qui
953 381 1114 433 intrat
1164 381 1217 435 in
1269 389 1455 434 sancta
1491 394 1585 450 per
1616 382 1858 451 singulos
1891 394 2063 435 annos
2092 383 2137 440 Α
2167 378 2572 433 Corinthiorum
2601 378 2753 433 valde
2780 379 3062 443 emineret,
3088 378 3157 434 ab
3184 394 3251 435 eo
3280 376 3741 447 missusiRomam

496 472 550 523 in
580 472 842 541 sanguine
870 471 1048 524 alieno
1082 490 1093 524 :
1129 472 1373 525 meminit
1409 472 1593 525 item“
1622 473 1941 537 sacerdotis,
1965 473 2058 542 qui

492 570 687 630 privato
714 569 793 617 est
832 562 1074 631 quotidie
1116 563 1445 627 ministrare,
1494 578 1557 617 ac
1590 563 1887 618 hostiarum
1924 579 2060 633 quas

495 655 871 710 indesinenter
902 654 1128 723 oﬂ‘erunt
1160 655 1417 711 ministri.
1442 656 1573 721 Quae
1600 656 1839 726 quidem,
1873 667 1930 710 ut
1955 658 2060 711 alia

492 748 550 803 in
578 747 823 802 eamdem
870 747 1194 803 sententiam
1225 748 1370 801 dicta
1404 749 1739 812 omittamus,
1770 764 1893 802 cum
1925 758 2060 803 tem-

493 855 625 909 pore
654 839 905 910 prasenti
932 837 1073 908 apud
1094 838 1448 904 Clementem,
1480 840 1621 893 haud
1645 856 1804 896 secus
1831 856 1894 894 ac
1919 840 2061 910 apud

494 931 719 986 Paulum
769 929 1083 995 efferantur,
1122 930 1269 988 ltunc
1315 930 1492 984 adhuc
1530 932 1791 997 templum
1819 931 2059 993 stetisse,

491 1025 806 1093 cultumque
835 1022 1072 1092 viguisse
1100 1020 1386 1076 Judaicum
1416 1021 1651 1077 videtur.
1666 1020 1807 1088 Quin
1841 1033 1895 1077 et
1918 1038 2060 1076 non-

491 1119 620 1172 dum
652 1118 953 1183 obsessam,
986 1115 1081 1170 sed
1112 1124 1358 1185 pacatam
1409 1115 1589 1185 potius
1632 1116 1715 1170 vel
1744 1116 1917 1184 ipsam
1965 1131 2061 1168 ur-

492 1209 611 1263 bem
644 1206 1189 1277 Hierosolymitanam
1217 1203 1558 1259 Clementina
1589 1206 1755 1259 verba
1780 1206 2063 1260 insinuare

488 1296 931 1366 comperiuntur;
964 1304 1056 1348 aut
1088 1294 1278 1349 saltem
1328 1307 1600 1347 rumorem
1633 1292 1700 1347 de
1730 1293 1876 1351 illius
1914 1293 2063 1347 obsi-

488 1388 651 1441 dionc
679 1387 905 1442 Romam
940 1384 1179 1439 nondum
1212 1382 1380 1438 fuisse
1413 1385 1678 1455 perlatum
1710 1384 1846 1439 satis
1880 1391 2063 1454 aperte

489 1482 787 1537 declarant.
829 1480 987 1532 Anno
1040 1484 1221 1531 autem
1272 1475 1477 1531 Christi
1526 1476 1616 1538 68,
1649 1474 2015 1546 Vespasianus
2043 1514 2057 1538 ,

487 1574 764 1643 plerisque
781 1570 980 1625 Iudaeae
1010 1570 1237 1625 urbibus
1263 1570 1565 1639 occupatis,
1598 1570 1772 1639 ipsam
1805 1569 2063 1625 Hieroso-

487 1665 754 1735 lymorum
810 1662 1151 1732 metropolim
1207 1661 1599 1716 circumsidere
1657 1662 1877 1717 molitus
1926 1672 2055 1719 est:

2158 472 2327 533 venit,
2350 486 2460 541 quo
2507 471 2608 525 sibi
2657 471 2777 525 diro
2812 471 3106 526 schismate
3138 472 3405 526 laboranti
3439 486 3595 541 Opem
3624 471 3743 525 fcr—

2160 570 2240 617 ret
2265 561 2509 616 Romana
2538 561 2802 617 Ecclesia.
2828 561 3034 618 Exinde
3062 578 3191 617 vero
3218 562 3467 618 eumdem
3493 564 3742 632 legatum

2161 654 2289 707 illuc
2320 670 2444 708 cum
2474 655 2708 725 epistola
2736 652 2987 710 Clemens
3020 655 3267 719 remittit,
3295 655 3642 725 postulatque
3678 661 3740 707 ut

2160 761 2284 799 cum
2315 747 2508 801 nuntio
2556 748 2860 802 concordiae
2906 748 3053 802 inita;
3094 747 3244 802 brevi
3294 747 3361 800 ad
3410 763 3469 802 se
3519 746 3735 802 redeat.

2159 837 2292 903 Quis
2322 853 2486 907 porro
2517 838 2675 895 facile
2706 841 2806 895 sibi
2840 839 3185 909 persuadeat,
3220 848 3278 893 ut
3316 847 3590 909 praeeunte
3621 837 3741 890 Do-

2161 931 2357 986 dwello
2384 932 2496 1004 (81)
2544 932 2723 1003 arguit
2752 933 2836 987 vir
2862 932 3109 986 eruditus
3148 929 3283 999 (82),
3316 929 3567 984 eumdem
3593 925 3739 981 For—

2161 1032 2410 1076 tunatum
2442 1030 2564 1093 post
2593 1030 2804 1077 tantum
2848 1022 3110 1093 temporis
3161 1021 3521 1081 intervallum,
3552 1033 3736 1089 quan-

2167 1124 2283 1170 tum
2308 1118 2375 1171 ab
2423 1132 2567 1171 anno
2612 1118 2679 1172 57
2718 1118 2785 1171 ad
2818 1117 2975 1171 finem
3005 1116 3187 1172 saeculi
3219 1116 3459 1185 elapsum
3491 1122 3597 1175 est,
3628 1128 3739 1184 po-

2161 1210 2334 1264 tuisse
2363 1220 2455 1263 aut
2478 1210 2716 1266 voluisse
2738 1218 2896 1265 aetate
2913 1210 3025 1280 jam
3051 1208 3206 1263 valde
3228 1215 3566 1277 provectum,
3592 1209 3739 1262 adeo

2162 1301 2381 1372 longum
2414 1303 2518 1356 iter
2545 1302 2861 1373 suscipere?
2906 1304 2973 1356 At
3001 1302 3181 1357 omnia
3212 1301 3429 1355 demum
3478 1302 3582 1355 rite
3629 1318 3735 1356 co-

2163 1394 2368 1449 haerere
2422 1402 2745 1457 noscuntur,
2803 1394 2849 1449 si
2903 1393 3236 1449 Clementina
3293 1392 3521 1462 epistola
3579 1394 3734 1448 circa

2161 1501 2362 1541 annum
2418 1486 2624 1541 Christi
2673 1486 2742 1541 68
2792 1486 2995 1556 scripta
3028 1492 3336 1540 censeatur.
3377 1484 3563 1555 Neque
3619 1487 3734 1539 alia

2160 1578 2404 1649 profecto
2424 1579 2620 1634 desunt
2642 1587 2978 1649 argumenta,
3010 1575 3209 1646 quibus
3252 1577 3518 1631 sententia
3540 1575 3735 1631 isthaec

2160 1672 2334 1741 magis
2390 1672 2671 1741 magisque
2728 1669 2999 1735 firmetur;
3055 1682 3175 1738 qua:
3226 1675 3408 1723 tamen
3448 1667 3735 1723 brevitatis

484 1732 645 1825 quam
673 1752 871 1809 deinde
895 1753 1073 1817 Titus,
1104 1766 1133 1805 a
1164 1750 1502 1823 Vespasiano
1546 1760 1701 1823 patre
1744 1753 1810 1808 ad
1858 1768 2051 1810 conse-
2087 1732 2129 1786 Β
2158 1732 2288 1831 ειτεῦ
2320 1732 2953 1831 commto-praeterimus.

483 1847 762 1917 quendum
808 1846 1006 1901 bellum
1062 1846 1118 1899 in
1163 1842 1348 1898 Judzea
1392 1845 1634 1908 relictus,
1666 1854 1790 1914 post
1818 1854 2053 1915 quatuor

483 1940 752 1995 mensium
787 1937 1122 1993 obsidionem
1153 1937 1209 1991 in
1242 1936 1501 2008 paschate
1542 1937 1875 2001 inchoatam,
1908 1951 2054 1991 anno

484 2033 698 2086 demum
731 2031 799 2085 70
830 2031 973 2100 cepit
1004 2038 1165 2101 atque
1194 2045 1317 2085 cum
1348 2029 1548 2099 templo
1592 2029 1759 2083 diruit
1788 2048 1803 2085 :
1838 2037 1898 2083 ut
1926 2045 2052 2100 pro—

482 2120 611 2175 inde
638 2124 874 2191 priorem
911 2120 977 2173 ad
1008 2119 1323 2174 Corinthios
1352 2118 1638 2188 epistolam
1671 2120 1817 2175 circa
1848 2133 2052 2174 annum

479 2213 553 2268 68
575 2214 857 2283 scripserit
888 2212 945 2267 S.
977 2212 1249 2267 Clemens.

554 2306 831 2362 Hactenus
860 2322 990 2361 vero
1020 2307 1180 2362 dictis
1208 2322 1375 2362 unum
1406 2306 1584 2362 adhuc
1611 2307 1811 2363 addere
1854 2308 2047 2378 placet.

463 2388 769 2487 'Nijuirum,
813 2400 916 2456 sub
958 2400 1118 2454 ﬁnem
1166 2400 1411 2470 ejusdem
1461 2401 1703 2470 epistola:
1752 2400 1866 2469 (80)
1911 2402 2052 2454 inter

482 2492 707 2546 nuntios
728 2506 757 2545 a
782 2489 1057 2546 Clemente
1086 2490 1153 2545 ad
1175 2490 1467 2547 Ecclesiam
1492 2491 1898 2546 Corinthiacam
1918 2492 2051 2547 mis-

480 2599 574 2638 sos
600 2592 920 2637 recensetur
949 2580 1303 2646 Fortunatus,
1336 2583 1565 2653 ipsemet
1604 2584 1694 2639 ille
1725 2592 1785 2637 ut
1812 2583 2046 2647 videtur,

478 2677 574 2745 qui
603 2676 809 2744 aliquot
837 2675 905 2729 ab
935 2674 1063 2729 hinc
1090 2677 1249 2731 annis
1279 2675 1348 2729 ab
1376 2675 1568 2730 iisdem
1598 2674 1897 2730 Corinthiis
1925 2691 2049 2730 cum

482 2762 757 2834 Stepltana
785 2771 840 2818 et
867 2763 1125 2826 Achaico,
1157 2762 1224 2817 ad
1254 2764 1479 2818 Paulum
1508 2763 1636 2819 dum
1665 2776 1848 2835 ageret
1873 2764 2051 2836 Ephe-

479 2854 549 2919 si,
578 2853 754 2907 fuerat
784 2853 1084 2924 ablegatus.
1114 2853 1246 2922 Ejus
1274 2870 1400 2910 cum
1430 2856 1590 2911 laude
1620 2857 1868 2911 meminit
1899 2859 2047 2929 Apo-

478 2947 653 3002 stolus
682 2945 737 3000 in
769 2946 951 3017 priore
990 2946 1055 3001 ad
1078 2946 1390 3009 Corinthios
1410 2950 1649 3019 Epistola
1670 2949 1739 3014 ",
1770 2966 1893 3021 qua:
1918 2953 2051 3006 scri-

480 3051 571 3112 pta
600 3040 773 3097 fertur
801 3042 947 3096 circa
977 3056 1180 3096 annum
1210 3039 1293 3096 57.
1330 3041 1431 3098 ilic
1461 3042 1628 3114 igitur
1662 3057 1785 3101 cum
1817 3045 1871 3099 in
1901 3052 2049 3101 ctetu

2230 1855 2303 1909 De
2349 1856 2611 1925 temporis
2662 1862 2842 1909 autem
2873 1854 3151 1909 notatione
3179 1868 3288 1924 quo
3324 1854 3528 1924 scripta
3562 1852 3733 1907 fuerit

2156 1942 2428 2012 posterior
2454 1942 2747 1998 Clementis
2776 1942 3028 2011 epistola,
3064 1941 3199 1995 nihil
3246 1941 3463 2013 quidem
3495 1941 3626 1997 certi
3661 1956 3731 1996 ex

2154 2048 2217 2088 ea
2267 2034 2463 2087 elicere
2510 2049 2825 2103 possumus,
2854 2048 2978 2086 cum
3007 2033 3196 2087 mutila
3237 2034 3306 2087 ad
3335 2049 3434 2089 nos
3466 2049 3731 2104 pervene-

2154 2124 2248 2186 rit,
2280 2123 2424 2177 unde
2468 2123 2598 2177 illud
2628 2130 2918 2179 statuatur.
2946 2122 3049 2189 Qui
3080 2138 3197 2177 eam
3230 2123 3495 2193 integram
3527 2123 3730 2194 legisse

2153 2222 2375 2284 putatur
2416 2213 2663 2279 Photius,
2698 2214 2750 2267 in
2805 2213 2926 2282 ejus
2969 2214 3288 2268 recensione
3336 2215 3539 2269 nullam
3592 2214 3729 2269 facit

2152 2306 2365 2362 dissidii
2393 2306 2726 2360 Corinthiaci
2758 2306 3117 2366 mentionem;
3158 2306 3251 2361 sed
3279 2306 3450 2377 ipsam
3484 2315 3728 2361 tantum-

2150 2396 2314 2451 modo
2358 2396 2736 2449 institutionem
2787 2406 2836 2450 et
2885 2396 3291 2451 admonitionem
3328 2399 3557 2452 melioris
3605 2401 3728 2454 rita:

2152 2487 2393 2542 inducere
2437 2488 2627 2542 scribit
2662 2486 2795 2555 (85).
2830 2484 2969 2541 Hinc
3004 2486 3161 2542 facile
3188 2489 3313 2558 quis
3342 2490 3583 2560 colligat,
3616 2488 3726 2544 Co-

2152 2580 2334 2633 rintho
2367 2577 2593 2631 Romam
2626 2576 2823 2631 reduce
2852 2575 3150 2631 Fortunato
3179 2595 3303 2633 cum
3353 2580 3478 2634 aliis
3524 2582 3720 2645 sociis,

2151 2672 2447 2726 schismate
2492 2670 2597 2729 iam
2629 2670 2843 2723 sublato
2882 2677 2936 2722 et
2982 2670 3152 2740 quieti
3184 2671 3415 2727 ecclesia
3444 2671 3535 2725 illa
3563 2676 3726 2727 resti-

2150 2774 2290 2831 tuta,
2322 2766 2460 2820 hanc
2507 2765 2703 2821 deinde
2748 2765 2919 2821 fuisse
2966 2780 2998 2817 a
3044 2764 3322 2819 Clemente
3361 2765 3725 2835 perscriptam

2152 2860 2457 2929 epistolam,
2490 2874 2634 2915 anno
2686 2859 2826 2913 forte
2870 2859 3189 2928 insequente
3221 2856 3310 2923 69,
3346 2872 3456 2929 quo
3486 2858 3540 2911 in
3588 2870 3727 2928 pace

2151 2953 2323 3023 magis
2355 2952 2535 3009 adhuc
2564 2952 2910 3007 firmarentur
2940 2949 3233 3006 Corinthii.

1760 3342 2182 3437 SECTIO
2260 3346 2396 3433 Il.

1430 3541 1520 3596 DE
1557 3538 1837 3597 DUABUS
1874 3537 2234 3595 EPISTOLIS
2268 3539 2361 3595 AD
2400 3536 2744 3597 VIRCINES.

548 3852 615 3908 Χ.
656 3850 809 3905 Nunc
855 3857 1033 3904 autem
1084 3865 1263 3905 sermo
1309 3850 1673 3906 instituendus
1724 3849 1791 3906 de
1833 3850 2045 3906 duabus
2071 3855 2113 3913 C
2145 3849 2353 3903 editore
2392 3850 2617 3904 omnino
2662 3848 3061 3918 praetermissis.
3090 3847 3231 3916 Quin
3276 3850 3462 3913 etiam,
3496 3858 3554 3903 ut
3585 3864 3720 3904 exa-

477 3942 747 4013 epistolis,
780 3956 917 4011 quas
941 3940 1014 3993 De
1044 3940 1343 4010 virginitate
1372 3956 1466 3995 seu
1496 3941 1564 3994 ad
1586 3942 1806 4010 virgines
1826 3942 2045 4011 scripsit

480 4033 540 4090 S.
579 4034 850 4089 Clemens.
892 4032 997 4086 Eas
1046 4032 1276 4102 primum
1312 4032 1581 4101 evulgavit
1608 4030 1855 4101 Lugduni
1885 4031 2046 4085 Bata-

477 4141 668 4181 vorum
698 4140 841 4179 anno
869 4124 1007 4180 i752
1031 4142 1061 4181 e
1087 4140 1189 4180 ms.
1223 4125 1410 4178 codice
1430 4123 1563 4177 Novi
1586 4123 1916 4179 Testamenti
1945 4123 2045 4194 Sy-

477 4218 634 4281 riaci,
668 4232 790 4271 cum
820 4217 1071 4272 versione
1114 4217 1329 4281 Latina,
1364 4216 1601 4274 Joannes
1628 4216 1864 4272 Jacobus
1893 4216 2045 4271 Wet-

479 4312 722 4377 stenius;
770 4316 1096 4379 exstantque
1144 4307 1211 4361 ad
1262 4310 1466 4364 calcem
1508 4310 1799 4365 voluminis
1827 4310 1871 4363 ll
1907 4308 2039 4365 Nov.

477 4400 627 4458 Test.
682 4400 877 4464 Graeci,
906 4400 975 4454 ab
1020 4399 1208 4454 eodem
1260 4401 1403 4471 typis
1435 4395 2043 4455 Amsttelodamensihus

476 4492 687 4547 excusi.
719 4489 800 4544 Ad
848 4490 1125 4559 exemplar
1146 4487 1580 4544 Wetstenianum
1633 4498 1877 4544 nostram
1923 4489 2042 4544 edi-

478 4580 680 4635 tionem
705 4580 1004 4649 exegimus,
1040 4579 1156 4634 suis
1179 4578 1487 4649 quibusque
1508 4578 1643 4632 locis
1667 4593 1729 4632 ea
1754 4578 2045 4632 restituen-

478 4679 583 4735 tes,
615 4685 736 4741 quae
782 4670 1132 4725 doctissimus
1162 4670 1339 4725 editor
1370 4670 1768 4740 prolegomenis
1797 4670 2041 4739 subjecta

478 4764 596 4820 sive
642 4763 887 4818 addenda
936 4764 1050 4817 sive
1090 4762 1427 4817 emendanda
1458 4771 1759 4818 monuerat.
1793 4760 1850 4817 In
1891 4770 2042 4817 textu

476 4854 607 4911 item
640 4852 866 4924 Syriaco
897 4854 1165 4909 sectiones
1196 4870 1291 4910 seu
1330 4855 1507 4924 capita
1550 4855 1921 4920 distinximus,
1952 4870 2043 4910 or-

478 4947 661 5000 dinem
712 4946 885 4999 secuti
928 4962 1089 5015 quem
1134 4947 1361 5015 ipsemet
1409 4947 1677 5016 interpres
1707 4948 1761 5001 in
1792 4963 1891 5002 sua
1922 4964 2043 5004 ver-

479 5039 635 5093 sione
670 5037 1012 5091 retinendum
1058 5038 1291 5092 censuit.
1322 5035 1502 5092 Sacrae
1542 5039 1837 5108 Scripturae
1878 5040 2041 5095 verba

478 5143 711 5199 quorum
758 5127 901 5181 haud
947 5142 1119 5199 pauca
1148 5123 1506 5182 Wetstenium
1537 5129 1807 5200 fugerant,
1848 5130 2042 5184 chara-

2145 3941 2285 3995 ctior
2315 3940 2492 3994 adhuc
2538 3940 2710 3995 editio
2754 3950 2941 3996 nostra
2993 3943 3254 4012 prodiret,
3285 3940 3722 3998 Wetstenianam

2145 4033 2260 4087 sive
2303 4034 2356 4086 in
2390 4040 2537 4087 textu
2571 4032 2685 4087 sive
2720 4033 2775 4086 in
2818 4034 3070 4090 versione
3114 4050 3143 4087 a
3178 4036 3337 4090 nobis
3379 4044 3600 4104 rogatus
3629 4051 3719 4089 re-

2145 4125 2361 4179 censuit
2411 4123 2476 4179 R.
2505 4124 2566 4179 P.
2597 4122 2911 4179 Bonifacius
2952 4123 3150 4179 Finetti
3181 4124 3316 4182 0rd.
3348 4125 3598 4193 Praedia,
3631 4128 3720 4180 vir

2144 4214 2202 4269 in
2228 4216 2427 4286 linguis
2464 4216 2693 4271 exoticis
2716 4216 3028 4271 excolendis
3059 4217 3497 4273 studiosissimus
3515 4234 3533 4271 ι
3554 4217 3719 4286 cujus

2143 4308 2371 4378 proinde
2397 4308 2738 4376 conjecturas
2768 4308 2822 4362 in
2848 4308 3138 4363 lectionem
3167 4306 3446 4380 Syriacam
3472 4316 3524 4364 et
3545 4312 3718 4365 casti-

2142 4400 2392 4470 gationes
2415 4400 2470 4454 iu
2507 4398 2792 4454 Wetstenii
2824 4400 3154 4461 versionem,
3188 4400 3363 4471 ipsius
3391 4403 3607 4457 nomine
3636 4404 3719 4458 si-

2142 4498 2335 4559 gnatas
2386 4491 2440 4543 in
2491 4489 2719 4543 limbum
2752 4490 3107 4559 conjecimus.
3136 4490 3272 4544 Cum
3318 4498 3495 4546 autem
3527 4493 3627 4548 hac
3659 4495 3718 4548 in

2144 4581 2277 4636 urbe
2325 4582 2438 4653 typi
2488 4580 2697 4652 Syriaci
2740 4590 3009 4651 quotquot
3037 4592 3192 4637 erant
3235 4586 3529 4639 necessarii
3567 4585 3715 4642 haud

2144 4682 2341 4743 praesto
2371 4680 2576 4738 essent,
2599 4671 2881 4728 Patavium
2906 4676 3320 4742 contendimus;
3345 4679 3594 4747 votisque
3614 4693 3716 4733 no-

2143 4766 2275 4821 stris
2297 4765 2492 4835 quibus
2513 4766 2899 4835 expetebamus
2920 4775 2979 4820 ut
3004 4767 3203 4823 eaedem
3222 4769 3465 4838 epistolae
3491 4768 3715 4841 Syriace

2144 4873 2206 4913 ac
2232 4858 2419 4914 Latine
2435 4860 2491 4913 in
2517 4860 2812 4914 seminario
2834 4859 3095 4915 Patavino
3119 4862 3541 4926 excuderentur,
3573 4866 3715 4921 emi-

2142 4951 2499 5006 nentissimus
2536 4949 2817 5021 princeps,
2872 4967 3018 5006 nunc
3070 4967 3201 5007 vero
3246 4951 3347 5009 SS.
3384 4953 3447 5007 D.
3492 4953 3557 5011 N.
3587 4955 3717 5012 Cle—

2143 5058 2298 5098 mens
2347 5040 2461 5096 Xlll
2508 5042 2918 5112 perhumaniter
2952 5043 3163 5098 annuit.
3197 5043 3576 5115 lmpressionis
3613 5062 3717 5102 cu-

2143 5147 2259 5185 ram
2309 5130 2409 5186 sibi
2460 5131 2703 5199 suscepit
2730 5131 2904 5186 libens
2929 5131 3195 5188 Antonius
3218 5132 3537 5203 Zanolinus,
3568 5138 3717 5194 cele-

476 5229 626 5274 ctere
670 5217 855 5272 Italico
903 5218 1257 5274 describenda
1286 5220 1619 5282 curavimus,
1651 5220 1787 5275 locis
1818 5221 2042 5292 insuper
2072 5218 2115 5273 D
2143 5224 2259 5277 bris
2283 5224 2586 5293 linguarum
2610 5222 2954 5277 orientalium
2978 5224 3034 5277 in
3056 5224 3244 5279 eodem
3268 5227 3565 5282 seminario
3583 5244 3718 5298 pro-

474 5309 547 5365 ad
571 5325 721 5364 oram
760 5309 1021 5366 indicatis
1050 5309 1194 5365 unde
1222 5309 1312 5363 illa
1341 5310 1643 5381 desumpsit
1674 5309 1731 5366 S.
1764 5310 1941 5379 Pater,
1973 5313 2041 5368 ab

548 5442 595 5477 “
617 5442 780 5499 Hebr.
811 5461 864 5507 χ,
897 5444 950 5507 5,
978 5443 1066 5500 Η.
1142 5445 1184 5476 δ’
1216 5442 1381 5499 lCor.
1407 5459 1516 5508 xvn,
1548 5443 1634 5511 15,
1668 5449 1755 5504 i7.

547 5579 661 5651 (A80)
700 5580 869 5651 Epist.
902 5582 953 5644 1,
976 5596 1097 5651 cap.
1126 5582 1214 5638 68.

543 5649 657 5720 (Si)
693 5650 875 5707 Addit.
908 5652 977 5707 ad
1008 5649 1193 5710 I’ears.
1217 5652 1373 5723 0pp.,
1406 5662 1625 5739 post'p.
1651 5651 1775 5708 Ὧι.

2146 5313 2321 5370 fessor
2353 5331 2367 5369 :
2398 5313 2596 5384 quibus
2639 5312 2856 5384 quidem
2910 5314 3225 5370 nominibus
3274 5315 3581 5375 duumviris
3611 5319 3716 5375 do—

2576 5591 2689 5658 not.
2720 5580 2787 5634 ad
2817 5598 2937 5653 cap.
2965 5583 3000 5639 2
3029 5584 3190 5654 epist.
3232 5585 3257 5641 ί
3293 5582 3714 5658 Clem.,p.ﬂ8.

2574 5654 2861 5708 od.cxxvn

2218 5587 2235 5652 (

2241 5581 2331 5723 82;
2368 5580 2469 5635 Frc

2241 5654 2308 5707 83
2368 5652 2466 5707 Bib

2217 5654 2308 5725 (83

2368 5652 2466 5707 Bib

2472 5598 2569 5707 lit
