3936 6172
1536 316 1875 375 ΡηοοεΜιΑ
1916 321 2303 388 VARIORUM.

299 307 406 362 {09
1536 316 1875 375 PROGIMIA
1916 321 2303 388 VARIORUM.
3440 360 3460 413 Ι
3481 362 3541 415 lo

295 424 425 486 ctis,
455 423 513 477 in
560 424 754 494 primis
800 434 982 483 autem
1027 430 1378 488 sanctissimo
1419 432 1569 489 Patri
1620 435 1867 491 Pontiﬂci
1901 437 1944 492 Α
1974 453 2120 494 mum
2154 454 2494 503 assectamur
2529 470 2539 505 :
2576 468 2638 507 ea
2679 463 2858 513 tamen
2899 462 3142 533 ratione,
3174 477 3233 525 ιιι
3276 480 3537 534 ιιοιηιυιιει

295 510 527 534 υλμε-μ-
557 531 706 534 --κᾼμ
752 518 787 534 .·
1406 526 1419 534 .
1527 527 1538 534 .
1764 529 1775 534 -
2100 533 2107 534 ,

2799 510 2858 513 -_
2901 510 3142 533 -..ην-,ν’
3176 510 3233 525 -ι-
3276 510 3536 534 ιιυιιιιυιιᾰι

290 510 534 569 “nimo
555 518 924 589 nosmetipsos
971 535 1317 594 summOpere
1370 526 1662 583 obstrictos
1692 529 1869 599 palam
1971 533 2262 605 utrobique
2296 554 2328 593 a
2362 542 2522 599 nobis
2552 544 2607 600 in
2635 549 2870 605 medium
2899 556 3268 628 proferantur,
3294 564 3536 626 Wetste-

290 605 613 628 __,,,.-____

285 605 633 675 proﬁtemur.

360 695 451 753 XI.
492 697 610 753 Jam
650 716 782 757 vero
811 702 1248 775 disquirendum,
1298 724 1427 765 num
1477 712 1695 768 demum
1744 715 1866 771 (Πο-

283 790 460 843 menti
490 789 738 848 Romano
768 803 1001 866 utraque
1028 799 1258 869 epistola
1291 801 1414 870 jure
1447 804 1518 859 sit
1548 806 1864 862 adscriben-

282 880 376 936 da.
406 880 514 938 Eas
547 886 823 942 enimvero
866 890 1015 944 velut
1078 892 1324 950 sincerus
1371 894 1669 954 Clementis
1719 898 1861 956 fetus

280 974 507 1042 agnovit
558 976 629 1031 cl.
662 978 862 1045 editor,
901 996 964 1036 ac
1000 998 1100 1053 pro
1137 985 1348 1043 viribus
1390 988 1563 1044 eidem
1614 1005 1860 1048 asserere

278 1079 576 1135 aggressus
607 1079 711 1127 est.
748 1070 947 1129 Verum
974 1077 1112 1133 duos
1141 1095 1253 1148 prae
1283 1083 1494 1138 caeteris
1537 1085 1685 1142 viros
1713 1087 1857 1144 haud

278 1155 586 1215 incelebres
616 1171 810 1219 nactus
838 1172 923 1220 est
946 1166 1289 1227 adversarios
1323 1192 1337 1228 :
1374 1175 1604 1230 alterum
1636 1180 1853 1248 quidem

274 1245 667 1306 Nathanaelem
713 1252 1072 1322 Lardnerum,
1095 1262 1189 1332 qui
1236 1278 1380 1319 anno
1409 1267 1545 1323 1755
1588 1245 1852 1327 disserta-

271 1340 484 1395 tionem
514 1343 581 1398 70
612 1348 934 1416 paginarum
959 1351 1096 1406 iii-8°
1120 1352 1349 1425 Anglice
1376 1357 1608 1415 Londini
1640 1364 1848 1435 edidit;

271 1433 635 1506 pluribusque
662 1438 718 1493 in
748 1444 1080 1498 contrariam
1126 1450 1447 1504 sententiam
1488 1452 1758 1522 adductis,
1795 1458 1851 1513 in

267 1538 392 1579 eam
443 1528 662 1585 tandem
711 1534 1097 1603 cogitationem
1140 1539 1391 1606 devenit,
1443 1544 1541 1601 has
1588 1548 1847 1606 nimirum

265 1617 536 1686 epistolas
579 1623 723 1677 circa
771 1625 1009 1682 medium
1044 1632 1229 1686 saeculi
1258 1649 1318 1687 ιιι
1351 1636 1418 1690 ab
1447 1638 1706 1709 episcopo
1744 1641 1848 1698 Ec-

264 1706 453 1762 clesiae
504 1709 787 1768 orientalis
834 1714 1006 1772 fuisse
1052 1722 1385 1792 perscriptas
1416 1706 1529 1797 (8d)
1565 1747 1579 1782 :
1612 1706 1842 1788 alterum

261 1810 397 1850 vero
454 1797 823 1858 Hermannum
862 1804 1121 1875 Venema,
1175 1814 1269 1883 qui
1324 1830 1469 1871 anno
1524 1819 1844 1891 insequente

260 1890 425 1955 1754,
464 1891 738 1967 Harlingae
772 1900 1007 1971 vulgatis
1057 1905 1231 1962 tribus
1280 1910 1553 1978 epistolis,
1583 1912 1696 1971 νγ.
1732 1916 1837 1973 CC.

260 1980 652 2057 Wesselingio,
698 1988 1116 2050 Hemsterhusio
1141 2007 1196 2053 et
1221 2000 1615 2074 Cannegietero
1644 2008 1842 2065 inscri-

254 2074 390 2142 ptis,
442 2076 664 2131 easdem
724 2080 986 2151 epistolas
1034 2085 1410 2147 .Clementinas
1464 2097 1839 2165 supposititias

254 2180 383 2220 esse
408 2168 556 2221 omni
581 2170 764 2225 studio
786 2175 1068 2230 contendit
1095 2179 1347 2237 evincere
1374 2201 1387 2237 :
1414 2183 1469 2237 in
1496 2184 1564 2240 iis
1584 2188 1729 2242 enim
1754 2189 1840 2243 in-

254 2262 340 2309 ter
370 2257 478 2309 alia
501 2257 817 2332 Hieronymi
837 2266 1035 2334 stylum
1054 2269 1156 2323 sibi
1178 2272 1487 2329 suboluisse
1503 2275 1681 2332 innuit
1699 2280 1833 2351 (85);

251 2355 309 2403 et
351 2351 607 2419 quamvis
636 2354 703 2409 de
729 2366 954 2415 auctore
983 2376 1048 2415 ac
1071 2372 1312 2436 tempore
1339 2385 1448 2438 quo
1476 2372 1672 2427 vixerit
1699 2376 1835 2432 nihil

251 2436 502 2504 deﬁniat,
526 2456 651 2497 eum
699 2453 880 2502 tamen
920 2448 1093 2509 fuisse
1120 2456 1459 2525 orientalem,
1491 2477 1603 2516 non
1633 2462 1833 2519 Roma-

250 2544 408 2593 num,
444 2542 499 2586 et
541 2533 774 2606 Origene
821 2556 1039 2613 quoque
1080 2549 1435 2616 posteriorem
1483 2554 1662 2625 arguit
1692 2556 1828 2629 (86).

250 2617 487 2692 Utrique
534 2629 719 2683 statim
770 2635 1056 2703 respondit
1101 2637 1479 2709 Wetstenius,
1522 2617 1830 2719 iterumque

246 2726 392 2780 quas
417 2716 593 2770 edidit
614 2721 893 2789 epistolas,
917 2728 1092 2798 magis
1123 2733 1403 2805 magisque
1428 2738 1691 2795 Clementi
1716 2716 1825 2797 lio-

245 2816 416 2858 mano
444 2806 746 2866 vindicavit
775 2831 788 2866 :
818 2813 1099 2876 Lardnero
1125 2824 1345 2893 quidem
1374 2828 1428 2883 in
1458 2829 1643 2888 Diario
1681 2834 1826 2890 litte-

246 2897 398 2949 rario
431 2894 639 2956 Gallice
667 2903 934 2978 inscripto
983 2911 1344 2988 Bibliothéque
1370 2921 1644 2977 raisonnée
1673 2924 1820 2999 (87):

248 2982 505 3042 Venemze
533 3000 736 3059 autem,
769 2997 1001 3067 epistola
1026 3017 1091 3057 eo
1111 3004 1230 3074 ipso
1254 2982 1397 3064 anno
1426 3010 1563 3066 1754
1588 2982 1818 3071 Amatae-

240 3072 657 3138 lodamensibus
690 3088 832 3156 typis
861 3072 1201 3165 consignata,
1233 3113 1396 3169 quam
1440 3104 1684 3172 epistolae
1712 3105 1818 3164 Ve-

238 3170 515 3227 nemiana:
567 3180 844 3247 Opposuit.
882 3180 1098 3238 Utinam
1148 3203 1277 3244 vero
1331 3170 1545 3249 duabus
1599 3212 1817 3267 quoque

236 3262 471 3332 reliquis
496 3272 831 3339 respondere
855 3276 1118 3335 valuisset
1147 3282 1230 3335 vir
1257 3282 1485 3342 doctus!
1520 3287 1591 3341 At
1619 3262 1815 3345 lethali

234 3356 436 3412 morbo
481 3360 844 3420 decumbebat
871 3366 1232 3439 Wetstenius,
1258 3377 1387 3435 dum
1418 3380 1649 3451 primam
1679 3400 1811 3440 exa-

235 3449 382 3504 ravit
414 3452 706 3523 epistolam
756 3476 791 3515 v
836 3460 955 3516 Kal.
1002 3463 1183 3521 Martii
1214 3470 1353 3525 1754
1383 3449 1679 3545 menseque
1724 3493 1813 3534 se-

233 3548 442 3607 quente
490 3542 633 3599 diem
686 3562 999 3619 supremum
1033 3556 1169 3610 obiit
1198 3573 1251 3612 1x
1282 3558 1400 3615 Kal.
1435 3542 1660 3632 Aprilis,
1711 3582 1811 3621 an-

231 3644 367 3683 num
397 3646 566 3702 agens
598 3650 711 3691 LXI.
746 3636 877 3704 Quae
905 3656 1036 3697 vero
1080 3643 1346 3703 hactenus
1376 3652 1627 3707 recensui
1674 3668 1810 3725 opu-

230 3724 410 3788 scula,
439 3740 505 3779 ea
537 3727 683 3783 dono
733 3733 921 3803 accepi
953 3734 1022 3789 ab
1049 3738 1423 3797 eruditissimo
1448 3741 1657 3800 Iacobo
1684 3724 1808 3801 Kri—

228 3816 438 3885 ghout;
482 3822 575 3889 qui
607 3820 750 3879 datis
784 3841 1002 3897 quoque
1037 3829 1449 3892 humanissimis
1476 3835 1670 3894 litteris
1698 3857 1805 3897 una

223 3920 356 3960 cum
397 3924 655 3968 sermone
685 3912 922 3981 funebri,
948 3935 1108 3989 quem
1141 3922 1370 3993 ipsemet
1403 3925 1591 3982 habuit
1617 3929 1673 3986 in
1704 3931 1804 3987 ob-

223 3995 367 4051 itum
397 3998 609 4056 laudati
628 4002 913 4063 Wetstenii
937 4009 1245 4069 decessoris
1269 4016 1375 4081 sui,
1406 4032 1635 4074 munera
1664 4023 1801 4077 mihi

226 4100 487 4156 pergrata
539 4094 687 4165 large
736 4100 1034 4156 cumulavit
1061 4121 1075 4156 :
1105 4120 1215 4174 quo
1248 4108 1472 4166 nomine
1499 4112 1634 4167 mihi
1665 4122 1796 4169 tem-

220 4193 420 4249 perare
454 4181 599 4239 haud
634 4202 879 4255 possum,
910 4194 1043 4262 quin
1088 4193 1155 4251 ν.
1199 4198 1261 4253 C.
1311 4203 1622 4259 comitatem
1664 4206 1801 4263 adeo

217 4265 563 4336 singularem
596 4289 759 4343 quam
790 4280 1025 4336 maxime
1053 4291 1307 4341 testatam
1332 4287 1553 4346 faciam.

291 4355 501 4414 Verum
554 4372 611 4416 ut
649 4365 718 4420 ad
758 4383 869 4424 rem
920 4374 1145 4443 propius
1192 4380 1549 4449 accedamus,
1597 4385 1791 4443 harum

215 4448 576 4516 epistolarum
603 4463 880 4513 auctorem
911 4460 1082 4519 fuisse
1104 4464 1435 4525 Clementem
1462 4471 1790 4543 Romanum,

214 4537 429 4610 duplici
460 4557 905 4614 argumentorum
936 4568 1135 4623 genere
1169 4557 1655 4619 demonstrandum
1696 4583 1793 4623 su-

211 4634 504 4704 scipimus.
558 4637 805 4697 Primum
850 4648 1069 4716 quidem
1118 4652 1355 4720 petimus
1402 4655 1471 4711 ab
1515 4662 1746 4716 externis
1774 4704 1789 4729 ,

206 4728 331 4782 sive
390 4730 742 4800 antiquorum
810 4740 1142 4809 scriptorum
1202 4745 1534 4804 testimoniis
1590 4752 1788 4821 quibus

206 4819 338 4875 illas
369 4818 542 4876 fuisse
577 4837 609 4877 a
636 4823 915 4884 Clemente
949 4833 1285 4904 perscriptas
1328 4818 1625 4905 astruitur,
1672 4842 1788 4899 sive

202 4914 435 4972 Patrum
467 4923 959 4979 vetustissimorum
1010 4930 1267 4997 operibus
1294 4934 1438 4989 unde
1483 4936 1551 4991 ab
1590 4938 1785 4994 iisdem

202 5025 302 5065 cas
349 5009 524 5069 fuisse
566 5014 834 5083 periectas
875 5019 1171 5089 colligitur.
1213 5022 1455 5080 Alterum
1492 5044 1643 5095 vero,
1695 5032 1782 5085 in-

204 5112 419 5157 ternum
474 5105 709 5171 scilicet,
746 5122 813 5162 ex
840 5109 974 5179 ipsis
1002 5113 1250 5182 epistolis
1282 5118 1573 5175 sumimus.
1606 5119 1665 5175 In
1695 5123 1781 5179 his

198 5204 388 5250 autem
418 5198 757 5268 argumentis
806 5200 1115 5272 digerendis
1160 5204 1521 5264 Wetstenium
1559 5215 1781 5283 potissi-

272 5329 388 5415 (83)
428 5329 693 5415 Pardnler,
723 5334 762 5387 Δ
796 5335 1139 5415 αἰεεεζιαεὶοη
1160 5355 1297 5415 upon
1321 5342 1407 5415 tlte
1432 5352 1530 5398 two
1548 5343 1775 5415 Epistles

197 5401 472 5479 αιςζίέεά..
507 5411 559 5479 to
589 5403 910 5479 Clement_of
932 5407 1113 5473 Rome,
1138 5401 1205 5479 μ’
1227 5412 1315 5477 37,
1346 5413 1436 5478 54,
1470 5415 1558 5470 57.

262 5470 380 5547 (ἐξ)
428 5469 603 5547 Epist.
632 5474 688 5547 ἓν
725 5474 865 5547 527.
898 5493 952 5547 ρ.
986 5479 1073 5533 s9.

424 5539 690 5620 Epist._5,
726 5539 754 5616 ς
784 5546 848 5600 l6
871 5539 1048 5619 seqq.,
1080 5565 1133 5620 p.
1168 5550 1290 5607 129.

290 5610 579 5692 T_t_)m.
620 5613 686 5677 L,
728 5610 1108 5692 pa‘rt._rt;"a'rt'.
1144 5622 1198 5687 8,
1240 5639 1293 5692 p.
1340 5623 1445 5680 565
1474 5634 1527 5680 et
1554 5628 1698 5685 suiv.

269 5680 409 5753 (87‘)
453 5680 595 5740 um.
620 5680 752 5751 xxx;
786 5686 816 5761 ς
848 5689 933 5760 ιδ,
951 5686 1088 5763 Opp.
1114 5680 1254 5750 ιοέηί
1285 5694 1322 5760 ι,
1350 5696 1549 5767 p.159.

1968 622 2063 678 nio
2106 632 2501 702 praetermissa;
2534 652 2707 709 eaque
2751 640 2804 695 in
2850 646 3041 713 primis
3071 666 3193 721 quae
3243 671 3310 711 ex
3340 658 3534 717 harum

1965 715 2316 784 epistolarum
2371 724 2620 783 instituta
2656 733 2945 793 collatione
2993 715 3117 796 cum
3147 746 3361 807 duabus
3401 754 3532 807 reli-

1963 807 2088 874 quis
2116 808 2482 873 Corinthiacis
2507 859 2522 883 ,
2580 821 2649 876 ad
2682 839 2795 881 rem
2842 832 3015 901 magis
3058 840 3331 905 pertinere
3373 846 3533 904 nobis

1961 900 2075 953 visa
2106 912 2252 958 sunt.

2033 991 2210 1051 Testis
2259 998 2441 1069 itaque
2499 1006 2774 1078 antiquior
2845 1013 3213 1090 Epiphanius,
3261 1031 3354 1098 qui
3426 1033 3526 1089 ad-

1957 1099 2151 1143 versus
2190 1088 2475 1153 Ebionaeos
2531 1099 2647 1155 haec
2696 1104 2858 1161 habet
2918 1112 3055 1185 (87')
3095 1133 3111 1172 :
3150 1088 3323 1186 Αὖτές
3378 1127 3530 1199 Κλή-

1962 1192 2070 1246 μης
2111 1180 2309 1247 αὐτοὺς
2353 1188 2493 1241 κατὰ
2534 1190 2711 1247 πάντα
2776 1180 2984 1271 ἐλέγχει
3036 1180 3133 1276 ἀφ’
3172 1204 3247 1264 ὧν
3290 1180 3527 1288 έγραψξν

1952 1266 2250 1327 ἐπιστολῶν
2315 1277 2637 1347 ἐγκυκλίων,
2712 1288 2820 1341 τῶν
3028 1266 3150 1363 ταῖς
3202 1266 3524 1373 ἁγίαιιὲᾑξκζ

1953 1356 2203 1429 κλησίαις
2253 1367 2774 1446 ἀναγινωσκομένων
2796 1398 2808 1411 ·
2842 1382 2923 1436 ὅτι
2971 1356 3145 1443 ἄλλον⁷
3177 1356 3522 1473 έχὲιᾶξιρᾶξ-

1950 1450 2093 1522 τῆρα
2119 1456 2151 1524 ἡ
2185 1457 2378 1513 ἑαυτοῦ
2416 1464 2596 1530 πίστις
2621 1470 2714 1523 καὶ
2741 1473 2767 1524 ὁ
2788 1472 2963 1544 λόγος,
2995 1484 3145 1555 παρὰ
3175 1450 3242 1540 1:;

1948 1556 2055 1595 των
2082 1546 2160 1609 εἰς
2187 1546 2356 1619 ὄνομα
2387 1554 2550 1609 αὐτοῦ
2583 1559 2642 1611 ὲν
2671 1565 2792 1627 ταῖς
2817 1546 3116 1638 Περιόδοίς
3139 1546 3514 1655 νενοθευμένα.

1962 1629 2208 1655 Δ.⁹.-λ---1
2425 1644 2446 1655 "‘
2522 1647 2532 1655 ‘
2635 1650 2652 1655 ⁸
2688 1652 2736 1655 ““

1951 1629 2125 1697 Αὐτὸς
2151 1636 2258 1710 γὰρ
2304 1644 2600 1714 παρθενίαν
2630 1629 3016 1721 διδάσκειίκαὶ
3056 1629 3214 1723 alito},

1874 1775 1917 1831 Β
1945 1737 2052 1831 :at'
2082 1727 2245 1831 αρτὸς
2287 1731 2394 1804 γὰρ
2434 1737 2763 1811 ἐγκωμιάζει
2814 1749 3014 1817 Ἠλίαν,
3038 1759 3130 1811 καὶ
3178 1727 3515 1831 Δαϐὶδήξῆκαὶ

1945 1812 2201 1931 ξαμψὼν,
2232 1825 2324 1876 καὶ
2355 1827 2561 1895 πάντας
2588 1837 2715 1900 τοὺς
2769 1846 3073 1916 προφήταις,
3107 1850 3201 1916 οὓς
3229 1812 3374 1913 οὗτοι
3404 1861 3512 1931 βδε-

1941 1902 2238 1966 λύττονται.
2282 1914 2338 1971 ld
2397 1928 2520 1976 est:
2559 1943 2577 1976 ι
2608 1926 2858 1989 Clemens
2912 1937 3027 2007 ipse
3079 1948 3331 2005 omnibus
3385 1902 3508 2012 illos

1941 1994 2272 2101 (Ebionaeos)
2322 2012 2499 2068 modis
2540 2017 2817 2091 redarguit
2862 1994 2949 2083 iis.
2972 2034 3220 2101 epistolis
3267 2042 3507 2100 circula-

1940 2085 2113 2154 ribus,
2142 2108 2265 2162 quae
2305 2096 2361 2151 in
2390 2109 2759 2165 sacrosanctis
2804 2117 3051 2176 ecclesiis
3098 2124 3352 2196 leguntur
3383 2152 3398 2196 ;
3436 2151 3503 2191 ex

1943 2176 2081 2196 ___,L
2313 2193 2321 2196 ,
2437 2190 2451 2196 -

1937 2176 2137 2245 quibus
2168 2193 2404 2255 constat,
2437 2190 2594 2263 longe
2623 2197 2691 2252 ab
2728 2199 2795 2255 iis
2818 2219 2938 2273 qua:
2969 2209 3024 2263 in
3069 2176 3398 2277 Cirocuitibus.
3435 2225 3503 2279 il-

1936 2266 2006 2322 lis
2050 2271 2279 2347 (Petri)
2317 2280 2419 2335 sub
2465 2284 2587 2354 ejus
2628 2292 2848 2349 nomine
2892 2298 3195 2359 adulterina
3245 2323 3500 2385 exstant,

1936 2358 2083 2385 ειιε..-
2121 2364 2216 2385 ﬂJ-
2241 2384 2267 2385 η
2777 2383 2789 2385 ’

1935 2358 2085 2417 illius
2119 2364 2276 2421 ﬁdem
2310 2385 2373 2425 ac
2404 2388 2709 2435 sermonem
2742 2383 3113 2450 abhorruisse.
3142 2395 3351 2457 Etenim
3383 2358 3502 2461 Vir:

1932 2451 2217 2520 ginitatem
2242 2458 2359 2524 ipse
2389 2462 2703 2541 (Clemens)
2732 2476 2961 2548 edocet;
2998 2492 3052 2538 et
3082 2487 3170 2542 isti
3196 2488 3497 2572 (Ειήυῃειί)

1932 2546 2220 2572 ’.οη-,Αἰλμι
2251 2567 2263 2572 -
2312 2553 2366 2572 2n
2388 2570 2394 2572 .
2430 2556 2510 2572 nu
2655 2563 2690 2572 κ
2773 2567 2784 2572 -
2809 2569 2821 2572 -

1931 2546 2223 2613 repudiant
2251 2567 2263 2601 :
2311 2553 2401 2609 ille
2429 2556 2624 2625 Eliam,
2654 2563 2913 2626 Davidem
2942 2546 2994 2630 et
3026 2546 3346 2642 Samsonem
3377 2546 3498 2652 om;

1928 2649 2135 2707 nesque
2177 2645 2471 2714 prophetas
2514 2659 2895 2731 commendat;
2945 2683 3082 2737 quos
3119 2674 3172 2728 hi
3219 2645 3498 2741 detestan-

1928 2732 2036 2832 t‘ur.
2075 2749 2094 2782 ι
2153 2731 2284 2797 Quae
2334 2738 2581 2807 profecto
2636 2731 3007 2820 Epiphaniana
3066 2731 3493 2832 duabuswhisc‘e

1928 2817 2283 2880 Clementinis
2314 2830 2563 2898 epistolis
2605 2838 2805 2894 mirum
2838 2843 2895 2898 in
2925 2850 3144 2908 modum
3189 2872 3492 2931 congruere

1925 2923 2249 2972 noscuntur.
2283 2918 2526 2978 Primum
2554 2927 2736 3000 itaque
2768 2934 2823 2989 in
2856 2937 2946 3004 iis,
2978 2918 3449 3015 Epiphaniovteste
3469 2999 3486 3024 ,

1925 2999 1958 3024 ε
2061 3003 2118 3024 η,
2416 3015 2428 3024 ,
2499 3020 2508 3024 ,
2555 3020 2566 3024 -

2650 2999 2657 3000 ,
2932 2999 2941 3004 -
3024 2999 3041 3012 .
3082 2999 3098 3015 .
3140 2999 3278 3006 ~--v—v
3312 2999 3483 3024 νυν-νς

1925 2999 1982 3058 S.
2060 3003 2311 3067 Clemens
2378 3015 2732 3087 virginitatem
2789 3028 2965 3085 edocet
3017 3051 3041 3089 :
3094 3036 3287 3095 harum
3338 3049 3483 3103 enim

1842 3104 1887 3163 ο
1920 3094 2271 3163 epistularum
2301 3120 2427 3174 pars
2457 3110 2702 3179 minima,
2738 3126 2795 3171 ut
2822 3131 2967 3177 recte
2997 3127 3485 3193 advertithtste-

1920 3188 2045 3245 nius
2085 3192 2200 3265 (88)
2223 3237 2238 3262 ,
2271 3197 2324 3253 in
2354 3203 2661 3261 extollenda
2688 3210 2907 3279 quidem
2942 3217 3253 3289 virginitate
3300 3188 3487 3285 versa-

1916 3288 2041 3352 tur;
2072 3294 2127 3340 at
2152 3288 2309 3361 longe
2336 3295 2593 3364 maxima,
2632 3299 2741 3356 imo
2786 3311 2898 3360 tota
2944 3288 3175 3380 cpistola
3204 3322 3442 3376 secunda
3464 3364 3481 3389 ,

1915 3374 1970 3429 in
2002 3376 2307 3449 virginibus
2339 3384 2499 3441 ollicii
2532 3390 2888 3453 admonendis
2933 3414 3255 3474 occupatur,
3284 3427 3379 3467 seu
3411 3414 3480 3470 de

1911 3467 2225 3537 virginitate
2275 3475 2363 3542 pie
2411 3491 2475 3531 ac
2525 3480 2629 3536 rite
2677 3488 2941 3543 servanda
2994 3467 3292 3562 pertractat
3341 3523 3353 3558 :
3417 3514 3481 3559 ut

1910 3567 2198 3628 prOpterea
2274 3563 2331 3620 S.
2394 3565 2557 3624 Pater
2600 3573 2655 3626 in
2697 3575 2780 3630 his
2829 3581 3075 3649 epistolis
3122 3590 3476 3660 virginitatem

1908 3651 2090 3718 potius
2133 3653 2378 3724 edocere,
2422 3675 2583 3731 quam
2625 3670 3026 3740 commendare,
3063 3676 3188 3745 jure
3231 3684 3300 3739 ab
3341 3685 3476 3757 Epi—

1908 3743 2109 3812 phanio
2136 3748 2370 3807 dicatur.

1976 3837 2094 3892 Jam
2125 3849 2320 3896 caetera
2348 3859 2763 3919 prosequamur.
2812 3853 3010 3926 Etiam,
3044 3863 3242 3935 inquit,
3284 3873 3473 3927 laudat

1905 3928 2162 3988 Clemens.
2198 3933 2265 3989 Et
2293 3940 2511 4008 quidem
2543 3943 2627 4000 his
2657 3948 2839 4005 verbis
2914 3952 3027 4023 (89)
3071 3971 3085 4011 :
3118 3928 3284 4017 'cer}.
3309 3968 3470 4021 etiam

1904 4018 2041 4076 Elia:
2068 4033 2119 4077 et
2149 4023 2315 4080 Elisw
2334 4067 2349 4092 ,
2374 4039 2423 4083 et
2451 4034 2737 4090 multorum
2785 4018 3013 4098 aliorum
3052 4062 3354 4108 sanctorum
3386 4075 3470 4111 re-

1900 4116 2129 4182 perimus
2170 4124 2612 4178 conversationem
2642 4126 2805 4195 fuisse
2843 4144 3082 4190 sanctam
3114 4151 3165 4194 et
3204 4144 3317 4198 sine
3346 4165 3462 4202 ma-

1903 4206 2045 4262 cula.
2087 4208 2219 4263 Tum
2247 4228 2400 4280 vero,
2434 4215 2531 4279 ait,
2565 4216 2820 4275 Davidem
2849 4228 3200 4286 commendat.
3233 4234 3290 4289 Id
3326 4253 3464 4306 quo-

1898 4316 2005 4371 que
2035 4301 2115 4357 sic
2148 4306 2448 4373 praestitum
2475 4323 2507 4361 a
2554 4309 2831 4370 Clemente
2875 4316 2987 4389 (90)
3026 4340 3038 4374 :
3083 4320 3272 4380 Nonne
3314 4301 3463 4385 docet

1895 4584 2057 4639 ctum,
2090 4581 2296 4634 verum?
2325 4579 2524 4636 Deinde
2570 4584 2881 4642 Samsonem
2910 4595 3133 4662 extollit,
3167 4601 3449 4674 subjungit

1892 4664 2248 4738 Epiphanius.
2298 4670 2379 4727 En
2426 4674 2821 4733 Clementinum
2868 4683 3044 4739 locum
3091 4688 3204 4759 (91)
3255 4664 3285 4747 ι⁷
3330 4664 3454 4750 Ννοη

1892 4760 2146 4815 audivisti
2185 4762 2249 4815 de
2280 4761 2535 4819 Samsone
2567 4765 2840 4837 Nazirazo,
2864 4788 2982 4826 cum
3011 4793 3112 4846 quo
3151 4780 3252 4849 fuit
3283 4781 3455 4852 Spiri-

1890 4858 1976 4903 tus
2002 4849 2131 4917 Dei,
2165 4854 2275 4906 viro
2303 4854 2471 4923 forti?
2503 4854 2559 4910 Is
2586 4858 2663 4911 vir
2697 4857 2981 4918 Nazirazus
3008 4866 3131 4936 fuit,
3163 4880 3213 4923 et
3233 4849 3450 4931 sanctus

1888 4940 2020 5010 Dei,
2051 4952 2101 4998 et
2133 4945 2236 5012 fuit
2266 4948 2317 5000 in
2349 4948 2659 5016 fortitudine
2686 4962 2737 5007 et
2768 4954 2975 5013 robore.
3007 4958 3282 5035 Denique,
3317 4971 3449 5026 sub-

1886 5033 1987 5100 dit,
2040 5054 2215 5092 omnes
2276 5041 2553 5109 prop/tetas
2610 5044 2857 5102 laudibus
2906 5051 3073 5121 effert.
3120 5033 3339 5114 scilicet
3388 5065 3444 5120 in

1885 5125 2027 5181 hanc
2061 5131 2385 5185 sententiam
2417 5132 2530 5204 (92)
2562 5153 2576 5190 :
2621 5134 2790 5192 Porro
2818 5142 2978 5195 etiam
3009 5142 3217 5201 Elisam
3244 5160 3295 5203 et
3339 5152 3444 5207 Ge-

1883 5214 2000 5268 hasi
2031 5224 2081 5269 et
2128 5217 2694 5295 ﬁliosyrophetarum
2737 5230 3024 5295 reperimus
3076 5232 3344 5291 habitasse
3387 5241 3443 5294 iu

2100 5350 2269 5430 Epist.
2305 5353 2371 5407 ad
2398 5353 2732 5430 H._Venem..
2761 5375 2817 5430 p.
2848 5361 2942 5415 Ἡ.
2996 5392 2997 5399 η

2098 5422 2333 5501 _l_)e.virgA.
2391 5426 2559 5501 epist,
2584 5428 2633 5494 1,
2665 5422 2785 5501 (εθρῖ
2813 5431 2864 5487 6.

1971 5490 2061 5565 eo)
2098 5490 2352 5565 ξρξειίε.
2383 5490 2503 5565 οάρ.
2534 5497 2587 5553 9.

1971 5560 2061 5634 9i)
2105 5560 2274 5634 _Ibid.,
2303 5579 2420 5634 cap.
2452 5560 2508 5619 9.

1970 5630 2059 5703 92)
2094 5630 2257 5699 me,
2280 5630 2401 5705 cap‘.
2435 5636 2529 5691 ιι.

2040 5422 2061 5703 ἓ
