3936 6172
488 250 583 302 107

1605 246 1696 302 ΑΒ
1739 248 1793 302 S.
1837 242 2257 303 CLEMENTEM
2298 245 2313 298 l
2354 243 2585 300 PAPAM

3610 242 3709 294 108

482 364 776 433 pontificis,
808 363 899 432 qui
938 364 1099 417 intrat
1149 364 1203 418 in
1255 372 1440 417 sancta
1478 378 1571 433 per
1602 366 1844 434 singulos
1876 377 2049 417 annos
2078 364 2123 422 Α
2153 360 2558 414 Corinthiorum
2587 359 2739 415 valde
2765 360 3048 424 emineret,
3074 359 3143 415 ab
3170 375 3237 415 eo
3267 356 3711 428 missustRomam

481 457 536 508 in
566 455 828 525 sanguine
857 454 1034 507 alieno
1068 474 1079 508 ε
1115 455 1358 508 meminit
1394 456 1579 509 item“
1608 455 1927 519 sacerdotis,
1951 456 2044 524 qui

478 555 673 615 putato
700 553 779 601 est
818 546 1060 615 quotidie
1102 547 1432 610 ministrare,
1480 561 1544 601 ac
1575 546 1873 601 hostiarum
1909 561 2046 616 quas

481 640 857 695 indesinenter
889 638 1114 707 offerunt
1146 638 1403 694 ministri.
1428 638 1559 705 Qum
1586 638 1825 709 quidem,
1859 649 1916 693 ut
1940 640 2046 694 alia

478 732 536 788 in
565 732 810 787 eamdem
856 730 1181 787 sententiam
1212 730 1356 784 dicta
1391 732 1725 795 omittamus,
1756 747 1879 785 cum
1911 741 2046 786 tem-

480 840 612 894 pore
641 823 891 894 praesenti
919 821 1059 892 apud
1080 821 1434 887 Clementem,
1466 823 1607 877 haud
1631 839 1790 879 secus
1817 838 1880 877 ac
1906 822 2047 893 apud

480 916 707 970 Paulum
755 913 1069 979 eﬂ'erantur,
1108 914 1255 972 ltunc
1301 913 1478 967 adhuc
1516 914 1777 980 templum
1806 913 2045 975 stetisse,

478 1009 792 1077 cultumque
822 1006 1059 1076 viguisse
1086 1003 1373 1059 Iudaicum
1402 1004 1637 1059 videtur.
1653 1003 1794 1071 Quin
1827 1015 1881 1059 et
1905 1020 2046 1058 non—

478 1104 606 1156 dum
639 1102 940 1167 obsessam,
973 1098 1068 1153 sed
1099 1107 1345 1169 pacatam
1396 1098 1576 1168 potius
1619 1098 1701 1152 vel
1731 1098 1903 1167 ipsam
1952 1113 2048 1151 ur-

479 1193 598 1247 bem
631 1190 1175 1260 Hierosolymitanam
1204 1186 1545 1242 Clementina
1576 1188 1742 1241 verba
1767 1188 2049 1242 insinuare

476 1280 918 1351 comperiuntur;
950 1287 1043 1331 aut
1075 1277 1265 1333 saltem
1315 1290 1587 1329 rumorem
1621 1275 1687 1329 de
1718 1275 1863 1334 illius
1902 1275 2050 1329 obsi-

475 1372 638 1426 dione
665 1371 891 1426 Romam
927 1368 1166 1423 nondum
1199 1366 1367 1421 fuisse
1400 1368 1666 1437 perlatum
1697 1367 1833 1421 satis
1867 1373 2050 1436 aperte

476 1466 774 1521 declarant.
816 1464 974 1516 Anno
1027 1468 1208 1515 autem
1260 1458 1464 1514 Christi
1514 1459 1603 1521 68,
1637 1457 2002 1528 Vespasianus
2030 1496 2045 1521 ,

476 1558 751 1627 plerisque
769 1554 967 1620 Judaeae.
997 1554 1225 1608 urbibus
1251 1553 1552 1622 occupatis,
1585 1553 1760 1623 ipsam
1792 1552 2050 1608 Hieroso-

474 1650 741 1719 lymorum
798 1646 1139 1716 metropolim
1195 1644 1587 1699 circumsidere
1644 1645 1865 1700 molitus
1914 1654 2042 1701 est:

2144 454 2312 514 venit,
2336 468 2445 522 quo
2493 453 2594 507 sibi
2643 452 2763 506 diro
2798 452 3092 507 schismate
3123 452 3391 506 laboranti
3425 466 3581 521 Opem
3609 451 3713 504 fcr-

2146 552 2226 599 ret
2251 542 2494 598 Romana
2524 543 2787 599 Ecclesia.
2814 543 3021 599 Exinde
3048 559 3177 598 vero
3204 543 3453 599 eumdem
3480 544 3713 612 legatum

2146 636 2275 689 illuc
2307 651 2430 689 cum
2460 636 2694 707 epistola
2722 634 2973 691 Clemens
3006 636 3253 699 remittit,
3281 636 3625 705 postulatque
3657 641 3711 687 ut

2146 742 2271 781 cum
2301 728 2494 782 nuntio
2542 730 2847 783 concordia:
2892 729 3039 783 initae
3080 728 3229 783 brevi
3280 727 3348 781 ad
3396 743 3455 782 se
3506 726 3709 781 redeat.

2146 820 2279 885 Quis
2307 834 2473 889 porro
2503 820 2662 877 facile
2692 822 2792 876 sibi
2826 820 3171 891 persuadeat,
3206 828 3264 874 ut
3302 827 3577 890 praeeunte
3608 817 3713 870 Do—

2147 914 2343 969 dwello
2370 914 2482 986 (81)
2531 914 2709 984 arguit
2739 913 2823 968 vir
2849 912 3096 967 eruditus
3135 910 3269 979 (82),
3302 909 3553 964 eumdem
3580 905 3713 961 For-

2148 1014 2397 1059 tunatum
2428 1012 2550 1075 post
2580 1012 2791 1059 tantum
2834 1003 3096 1074 temporis
3148 1002 3507 1061 intervallum,
3539 1013 3712 1069 quan-

2154 1106 2269 1152 tum
2294 1099 2362 1153 ab
2409 1114 2553 1153 anno
2598 1099 2665 1153 57
2705 1098 2772 1153 ad
2804 1098 2962 1152 finem
2991 1096 3174 1153 seculi
3206 1096 3446 1165 elapsum
3477 1102 3584 1155 est,
3615 1108 3714 1164 po-

2147 1192 2321 1245 tuisse
2350 1201 2442 1245 aut
2465 1192 2703 1247 voluisse
2725 1200 2883 1246 :etate
2900 1191 3013 1261 jam
3038 1189 3193 1244 valde
3215 1194 3553 1258 provectum,
3579 1188 3715 1242 adeo

2149 1282 2369 1354 longum
2401 1284 2504 1337 iter
2531 1283 2848 1355 suscipere?
2893 1285 2960 1337 At
2988 1282 3169 1338 omnia
3199 1282 3417 1336 demum
3465 1282 3570 1335 rite
3616 1298 3713 1336 co-

2150 1376 2355 1431 haerere
2409 1384 2733 1439 noscuntur,
2790 1375 2836 1430 si
2890 1374 3224 1429 Clementina
3280 1372 3509 1442 epistola
3566 1374 3713 1428 circa

2148 1483 2349 1523 annum
2406 1467 2611 1523 Christi
2660 1467 2729 1522 68
2780 1467 2981 1537 scripta
3015 1473 3323 1521 censeatur.
3364 1464 3551 1535 Neque
3607 1466 3714 1519 alia

2148 1560 2391 1632 profecto
2411 1561 2607 1615 desunt
2628 1568 2966 1630 argumenta,
2997 1556 3197 1627 quibus
3239 1558 3507 1611 sententia
3529 1555 3716 1610 isthmc

2148 1655 2321 1723 magis
2378 1654 2658 1723 magisque
2715 1650 2987 1717 firmetur;
3042 1663 3163 1719 qua:
3214 1656 3396 1703 tamen
3436 1647 3716 1703 brevitatis

472 1715 633 1810 quam
661 1736 859 1793 deinde
882 1715 1060 1800 Titus,
1091 1750 1120 1789 a
1152 1734 1490 1806 Vespasiano
1534 1742 1688 1806 patre
1732 1736 1798 1790 ad
1846 1750 2040 1792 conse-
2074 1715 2117 1769 Β
2146 1715 2276 1813 ergo
2307 1715 2940 1813 consuito-prmterimus.

470 1831 749 1902 quendum
795 1830 994 1885 bellum
1050 1830 1106 1883 in
1151 1826 1337 1882 Iudaea
1380 1828 1622 1891 relictus,
1654 1836 1778 1897 post
1806 1836 2041 1898 quatuor

471 1924 740 1979 mensium
775 1921 1110 1977 obsidionem
1140 1921 1197 1975 in
1230 1920 1489 1991 paschate
1531 1920 1863 1983 inchoatam,
1896 1934 2042 1973 anno

472 2018 687 2071 demum
719 2015 787 2069 70
818 2015 961 2083 cepit
992 2022 1153 2084 atque
1182 2028 1305 2067 cum
1336 2012 1537 2082 templo
1580 2012 1747 2067 diruit
1776 2030 1791 2068 :
1827 2020 1886 2065 ut
1914 2027 2041 2082 pro-

470 2105 599 2159 inde
626 2108 862 2175 priorem
899 2104 966 2157 ad
996 2102 1311 2158 Corinthios
1340 2101 1626 2172 epistolam
1659 2103 1805 2158 circa
1836 2116 2040 2156 annum

467 2198 541 2253 68
563 2198 846 2268 scripserit
876 2196 933 2251 S.
966 2196 1237 2252 Clemens.

542 2291 820 2346 Hactenus
848 2306 979 2345 vero
1009 2291 1169 2346 dictis
1196 2306 1363 2346 unum
1395 2290 1573 2345 adhuc
1599 2290 1800 2346 addere
1842 2290 2036 2360 placet.

452 2372 758 2471 Nimirum,
802 2384 904 2440 sub
946 2384 1107 2439 ﬁnem
1154 2384 1400 2453 ejusdem
1450 2384 1692 2454 epistola:
1741 2384 1854 2452 (80)
1899 2385 2040 2437 inter

472 2476 696 2531 nuntios
716 2490 745 2529 a
770 2473 1047 2529 Clemente
1075 2474 1142 2529 ad
1164 2474 1457 2529 Ecclesiam
1480 2474 1886 2530 Corinthiacam
1907 2474 2039 2529 mis-

470 2583 564 2623 sos
595 2575 909 2621 recensetur
938 2563 1291 2630 Fortunatus,
1325 2566 1555 2636 ipsemet
1593 2567 1683 2621 ille
1714 2574 1774 2620 ut
1802 2566 2035 2629 videtur,

468 2661 563 2729 qui
592 2660 799 2729 aliquot
826 2659 895 2713 ab
925 2657 1053 2713 hinc
1079 2660 1239 2714 annis
1269 2658 1337 2713 ab
1365 2658 1557 2714 iisdem
1587 2658 1886 2713 Corinthiis
1914 2673 2038 2713 cum

472 2746 747 2818 Stephana
775 2754 830 2801 et
857 2746 1115 2810 Achaico,
1146 2746 1214 2800 ad
1243 2747 1468 2801 Paulum
1496 2746 1625 2802 dum
1654 2758 1837 2819 ageret
1863 2746 2039 2818 Ephe-

469 2839 539 2904 si,
567 2837 744 2892 fuerat
773 2837 1073 2907 ablegatus.
1104 2836 1235 2905 Ejus
1264 2853 1389 2893 cum
1420 2838 1579 2894 laude
1609 2840 1857 2894 meminit
1888 2842 2036 2911 Apo-

469 2931 643 2987 stolus
672 2930 727 2983 in
758 2930 941 3001 priore
980 2929 1045 2984 ad
1067 2928 1380 2992 Corinthios
1399 2932 1638 3003 Epistola
1659 2932 1729 2997 ",
1760 2949 1882 3004 qua:
1908 2936 2041 2989 scri-

470 3035 561 3096 pta
590 3024 763 3082 fertur
791 3026 937 3080 circa
966 3040 1169 3079 annum
1200 3023 1282 3079 57.
1319 3024 1420 3081 llic
1450 3025 1617 3097 igitur
1652 3040 1775 3083 cum
1806 3027 1861 3082 in
1891 3034 2038 3083 ctetu

2218 1837 2291 1891 De
2336 1837 2598 1907 temporis
2650 1844 2829 1890 autem
2861 1835 3139 1889 notatione
3167 1849 3276 1905 quo
3312 1834 3517 1904 scripta
3551 1832 3717 1887 fuerit

2144 1924 2416 1994 posterior
2442 1924 2734 1979 Clementis
2764 1923 3015 1993 epistola,
3051 1922 3187 1976 nihil
3234 1921 3451 1993 quidem
3484 1921 3615 1977 certi
3648 1936 3715 1976 ex

2142 2031 2205 2070 ea
2255 2016 2451 2069 elicere
2498 2030 2812 2085 possumus,
2842 2029 2965 2067 cum
2995 2014 3185 2067 mutila
3226 2014 3294 2068 ad
3322 2029 3423 2069 nos
3454 2028 3716 2084 pervene-

2142 2105 2236 2167 rit,
2268 2104 2412 2159 unde
2456 2105 2585 2159 illud
2616 2112 2906 2159 statuatur.
2934 2102 3038 2170 Qui
3068 2119 3186 2158 eam
3218 2104 3484 2174 integram
3516 2104 3716 2174 legisse

2142 2205 2363 2266 putatur
2404 2195 2651 2260 Photius,
2686 2196 2738 2248 in
2794 2195 2914 2263 ejus
2958 2195 3276 2249 recensione
3325 2195 3529 2249 nullam
3582 2194 3716 2249 facit

2140 2288 2353 2344 dissidii
2382 2287 2715 2342 Corinthiaci
2747 2286 3106 2348 mentionem;
3147 2286 3241 2341 sed
3268 2287 3439 2357 ipsam
3472 2295 3716 2341 tantum-

2140 2378 2302 2433 modo
2346 2378 2725 2431 institutionem
2776 2387 2824 2431 et
2874 2377 3280 2431 admonitionem
3316 2379 3547 2432 melioris
3595 2381 3716 2434 rita:

2140 2469 2381 2523 inducere
2426 2469 2617 2524 scribit
2651 2468 2783 2537 (85).
2819 2466 2957 2521 Hinc
2993 2467 3151 2523 facile
3177 2471 3301 2539 quis
3332 2470 3572 2540 colligat,
3606 2469 3715 2524 Co-

2140 2561 2323 2615 rintho
2356 2559 2583 2613 Romam
2614 2558 2813 2612 reduce
2841 2557 3139 2613 Fortunato
3168 2576 3291 2614 cum
3342 2560 3467 2615 aliis
3514 2562 3709 2624 sociis,

2140 2654 2436 2709 schismate
2481 2652 2585 2711 iam
2617 2652 2832 2705 sublato
2871 2658 2925 2704 et
2972 2651 3141 2721 quieti
3173 2652 3404 2707 ecclesia
3434 2652 3525 2706 illa
3552 2656 3716 2706 resti-

2139 2755 2279 2812 tuta,
2311 2748 2449 2802 hanc
2496 2746 2693 2803 deinde
2737 2747 2909 2802 fuisse
2956 2761 2987 2799 a
3032 2745 3311 2800 Clemente
3350 2745 3715 2815 perscriptam

2140 2843 2447 2912 epistolam,
2479 2856 2623 2896 anno
2676 2841 2815 2895 forte
2860 2840 3179 2909 insequente
3210 2836 3300 2903 69,
3336 2853 3445 2910 quo
3475 2839 3530 2892 in
3577 2850 3718 2908 pace

2140 2935 2313 3006 magis
2344 2934 2524 2991 adhuc
2554 2933 2900 2989 ﬁrmarentur
2930 2931 3222 2987 Corinthii.

1751 3325 2171 3419 SECTIO
2250 3328 2387 3415 II.

1420 3523 1510 3578 DE
1547 3521 1827 3579 DUABUS
1864 3520 2224 3578 EPISTOLIS
2259 3521 2351 3577 Al)
2390 3518 2735 3578 VIRGINES.

538 3836 606 3892 Χ.
647 3834 800 3889 Nunc
845 3841 1024 3888 autem
1075 3848 1254 3888 sermo
1300 3833 1664 3889 instituendus
1714 3832 1781 3888 de
1824 3833 2035 3888 duabus
2062 3837 2104 3895 C
2137 3831 2343 3885 editore
2383 3831 2607 3886 omnino
2652 3829 3053 3899 praetermissis.
3081 3828 3222 3896 Quin
3267 3831 3452 3893 etiam,
3485 3838 3545 3883 ut
3576 3844 3717 3884 ρης

468 3926 738 3997 epistolis,
771 3939 907 3995 quas
932 3924 1005 3977 De
1035 3924 1334 3993 virginitate
1362 3939 1457 3979 seu
1487 3923 1555 3977 ad
1577 3926 1797 3993 virgines
1817 3924 2037 3993 scripsit

471 4017 531 4075 S.
570 4018 841 4072 Clemens.
883 4014 988 4069 Eas
1036 4015 1267 4085 primum
1303 4015 1572 4084 evulgavit
1599 4013 1846 4084 Lugduni
1876 4013 2037 4067 Bata-

468 4125 660 4165 vorum
689 4125 832 4163 anno
860 4108 997 4163 i752
1022 4125 1053 4163 e
1078 4123 1181 4163 ms.
1214 4108 1401 4161 codice
1421 4106 1554 4161 Novi
1577 4105 1907 4161 Tcstamenti
1936 4105 2037 4177 Sy-

467 4202 625 4264 riaci,
659 4216 782 4255 cum
811 4201 1062 4255 versione
1106 4199 1320 4265 Latina,
1355 4199 1592 4256 Joannes
1619 4198 1855 4254 Iacobus
1884 4198 2037 4253 Wet-

470 4296 713 4361 stenius;
762 4299 1088 4362 exstantque
1136 4290 1203 4344 ad
1253 4293 1457 4347 calcem
1499 4292 1790 4347 voluminis
1819 4292 1863 4345 11
1898 4290 2031 4347 Nov.

469 4385 619 4442 'l‘est.
673 4384 868 4447 Greci,
898 4384 967 4438 ab
1012 4382 1200 4437 eodem
1252 4384 1395 4453 typis
1426 4378 2035 4438 Amstzelodamensibus

467 4476 678 4531 excusi.
710 4473 792 4528 Ad
840 4472 1116 4542 exemplar
1138 4470 1572 4527 Wetstenianum
1624 4480 1869 4527 nostram
1915 4471 2034 4526 edi—

469 4565 672 4618 tionem
697 4564 996 4632 exegimus,
1032 4563 1148 4617 suis
1171 4561 1478 4632 quibusque
1501 4561 1635 4615 locis
1658 4575 1721 4615 ea
1745 4560 2035 4615 restituen-

470 4663 574 4719 tes,
607 4669 729 4724 quae
774 4654 1124 4708 doctissimus
1154 4653 1331 4708 editor
1362 4653 1759 4723 prolegomenis
1789 4651 2033 4722 subjecta

471 4748 589 4803 sive
618 4747 879 4802 addenda
928 4747 1043 4802 sive
1081 4745 1420 4801 emendanda
1451 4753 1751 4800 monuerat.
1784 4742 1842 4799 ln
1883 4752 2035 4799 textu

468 4838 599 4895 item
632 4836 858 4908 Syriaco
890 4838 1157 4892 sectiones
1188 4853 1283 4893 seu
1322 4838 1499 4908 capita
1543 4837 1913 4902 distinximus,
1944 4851 2035 4891 or-

470 4931 653 4984 dinem
705 4930 878 4983 secuti
921 4945 1081 4999 quem
1126 4930 1353 4999 ipsemet
1401 4930 1670 4999 interpres
1700 4930 1753 4983 in
1785 4945 1884 4984 sua
1914 4946 2036 4986 ver-

472 5023 627 5077 sione
662 5010 1004 5075 retinendum
1050 5021 1283 5075 censuit.
1314 5019 1494 5075 Sacrae
1535 5021 1830 5090 Scripturae
1870 5022 2033 5077 verba

470 5127 704 5183 quorum
751 5111 893 5165 haud
940 5126 1111 5182 pauca
1140 5106 1499 5166 Wetstenium
1531 5111 1799 5183 fugerant,
1840 5112 2034 5166 chara—

2136 3924 2275 3978 ctior
2306 3921 2482 3976 adhuc
2530 3922 2700 3976 editio
2744 3931 2932 3977 nostra
2984 3924 3245 3993 prodiret,
3276 3920 3719 3978 Wetstenianam

2136 4015 2251 4070 sive
2294 4015 2347 4068 in
2382 4022 2528 4068 textu
2562 4013 2675 4068 sive
2711 4014 2766 4067 in
2808 4015 3061 4069 versione
3105 4030 3133 4068 a
3170 4016 3328 4070 nobis
3370 4024 3591 4083 rogatus
3622 4031 3718 4069 re-

2136 4106 2353 4161 censuit
2401 4105 2467 4160 R.
2496 4105 2557 4160 Ρ.
2589 4104 2902 4159 Bonifacius
2943 4104 3141 4160 Finetti
3173 4105 3307 4162 0rd.
3340 4105 3590 4171 Praedia,
3625 4108 3719 4161 vir

2135 4196 2193 4251 in
2220 4197 2418 4267 linguis
2455 4197 2683 4252 exoticis
2708 4196 3020 4252 excolendis
3051 4197 3487 4253 studiosissimus
3506 4214 3525 4251 ι
3546 4198 3717 4267 cujus

2135 4290 2363 4359 proinde
2387 4289 2729 4357 conjecturas
2759 4289 2814 4342 in
2839 4288 3129 4343 lectionem
3158 4286 3438 4359 Syriacam
3462 4296 3515 4343 et
3538 4292 3718 4345 casti-

2134 4382 2382 4452 gationes
2407 4381 2461 4435 in
2498 4378 2783 4435 Wetstenii
2815 4381 3145 4442 versionem,
3181 4380 3355 4450 ipsius
3382 4382 3599 4436 nomine
3631 4383 3719 4438 si-

2135 4479 2327 4541 gnatas
2378 4472 2432 4525 in
2482 4470 2710 4524 limbum
2743 4471 3099 4540 conjecimus.
3128 4470 3263 4524 Cum
3310 4478 3486 4526 autem
3518 4473 3622 4527 hac
3655 4474 3717 4528 in

2137 4563 2268 4618 urbe
2317 4564 2429 4634 typi
2480 4560 2689 4633 Syriaci
2732 4571 3001 4632 quotquot
3029 4572 3184 4618 erant
3226 4565 3521 4619 necessarii
3560 4565 3715 4621 haud

2136 4664 2333 4725 praesto
2362 4662 2567 4720 essent,
2590 4652 2873 4709 Patavium
2898 4656 3312 4723 contendimus;
3337 4659 3586 4726 votisque
3606 4673 3717 4713 no-

2136 4747 2267 4801 stris
2289 4747 2484 4816 quibus
2505 4747 2891 4817 expetebamus
2913 4756 2971 4801 ut
2996 4748 3196 4803 eaedem
3214 4749 3458 4818 epistolae
3483 4748 3717 4821 Syriace

2136 4854 2199 4895 ac
2224 4840 2411 4896 Latine
2427 4841 2483 4895 in
2510 4841 2804 4895 seminario
2826 4840 3088 4895 Patavino
3112 4842 3534 4907 excuderentur,
3566 4847 3715 4900 emi-

2135 4932 2490 4987 nentissimus
2529 4931 2809 5002 princeps,
2865 4948 3011 4986 nunc
3063 4947 3193 4987 vero
3238 4932 3340 4989 SS.
3377 4933 3440 4988 D.
3485 4933 3549 4991 N.
3579 4935 3718 4992 Cle-

2136 5040 2291 5080 mens
2340 5021 2453 5077 Xlll
2500 5022 2910 5093 perhumaniter
2944 5024 3155 5078 annuit.
3190 5023 3568 5094 lmpressionis
3605 5042 3719 5082 cu-

2136 5129 2251 5166 ram
2301 5112 2401 5167 sibi
2453 5113 2695 5180 suscepit
2722 5112 2896 5167 libens
2922 5112 3187 5168 Antonius
3211 5112 3530 5183 Zanolinus,
3561 5118 3718 5174 cele-

468 5213 618 5258 ctere
662 5200 847 5256 Italico
895 5202 1250 5258 describenda
1279 5204 1612 5265 curavimus,
1644 5202 1779 5257 locis
1810 5203 2035 5274 insuper
2066 5199 2109 5255 D
2137 5205 2251 5259 bris
2275 5205 2579 5275 linguarum
2602 5203 2946 5258 orientalium
2971 5204 3027 5258 in
3049 5204 3237 5260 eodem
3260 5207 3557 5261 seminario
3576 5224 3720 5278 pro-

467 5294 539 5349 ad
564 5309 714 5348 oram
753 5293 1014 5350 indicatis
1043 5293 1187 5348 unde
1214 5292 1305 5346 illa
1334 5292 1636 5364 desumpsit
1667 5292 1723 5348 S.
1756 5293 1933 5361 Pater,
1965 5294 2034 5349 ab

541 5427 588 5461 “
610 5425 773 5483 Hebr.
803 5445 857 5491 κ,
890 5428 943 5491 5,
971 5428 1059 5483 11.
1135 5428 1177 5459 ⁸³
1210 5425 1374 5482 lCor.
1400 5442 1509 5490 xvn,
1541 5426 1627 5493 15,
1660 5431 1748 5486 17.

540 5562 654 5634 (80)
693 5564 862 5633 Epist.
895 5567 946 5628 1,
969 5581 1090 5634 cap.
1118 5565 1207 5622 68.

536 5633 650 5704 (81)
686 5634 869 5691 Addit.
901 5636 969 5690 ad
1002 5633 1186 5693 I‘ears.
1210 5635 1366 5705 0pp.,
1400 5645 1618 5721 post‘p.
1644 5634 1768 5691 22!.

2139 5294 2314 5351 fessor
2346 5312 2359 5350 :
2391 5295 2589 5366 quibus
2632 5294 2849 5366 quidem
2904 5295 3219 5350 nominibus
3267 5295 3574 5355 duumviris
3604 5299 3718 5355 do-

2361 5561 2930 5689 :gt.cadvcap.
2958 5564 2993 5619 2
3022 5565 3183 5635 epist.
3224 5566 3250 5621 1
3282 5563 3716 5638 ΕΙθῐιιημΗΒ.
