3936 6172
251 322 359 378 109

1489 310 1829 369 ΡΠΟἝΜΙΑ
1868 308 2257 370 νΑΒιοΒυΜ.

3393 321 3495 376 ll0

249 441 379 501 cus,
409 438 467 492 in
515 435 709 507 primis
754 440 937 491 autem
982 432 1333 490 sanctissimo
1373 430 1524 485 Patri
1574 428 1822 484 Pontillci
1856 425 1898 481 Α
1928 441 2075 479 mum
2110 436 2449 483 assectamur
2484 449 2494 483 :
2531 444 2593 484 ea
2634 438 2814 487 tamen
2854 432 3097 501 ratione,
3128 444 3188 491 ut
3231 441 3493 494 nonnulla

246 528 491 583 Iaximo
512 528 881 598 nosmetipsos
927 539 1273 595 summopere
1326 523 1619 579 obstrictos
1648 521 1825 591 palam

243 620 591 692 proﬁtemur.

318 712 411 768 XI.
451 711 571 767 lam
609 725 741 767 vero
770 709 1208 781 disquirendum,
1256 724 1388 763 num
1437 708 1655 764 demum
1703 706 1826 762 Cle-

244 805 420 859 menti
450 803 699 858 Romano
728 811 962 873 utraque
989 802 1219 872 epistola
1252 801 1375 870 jure
1408 800 1479 855 sit
1509 798 1825 855 adscriben-

244 897 339 951 da.
369 896 478 951 Eas
509 898 785 952 enimvero
829 896 978 951 velut
1041 895 1287 949 sinceros
1334 892 1631 949 Clementis
1682 890 1825 947 fetus

244 988 473 1059 agnovit
522 989 593 1043 cl.
628 988 827 1053 editor,
865 1002 929 1042 ac
963 1002 1065 1058 pro
1102 986 1312 1042 viribus
1354 986 1528 1041 eidem
1579 999 1825 1039 asserere

244 1095 542 1151 aggressus
574 1090 678 1138 est.
714 1079 913 1135 Verum
940 1082 1079 1137 duos
1107 1096 1219 1151 prae
1249 1080 1460 1135 caeteris
1504 1079 1651 1134 viros
1679 1079 1824 1134 haud

244 1172 554 1227 incelebres
584 1181 779 1227 nactus
806 1179 890 1227 est
914 1171 1257 1227 adversarios
1290 1191 1304 1227 :
1342 1173 1573 1226 alterum
1604 1172 1821 1241 quidem

241 1263 637 1319 Natbanaelem
684 1262 1157 1334 Lardnerum,qui
1205 1278 1349 1318 anno
1378 1263 1515 1319 1755
1558 1265 1821 1319 disserta-

242 1357 455 1410 tionem
485 1356 552 1411 70
583 1358 905 1426 paginarum
930 1355 1066 1409 in-8°
1091 1354 1319 1426 Anglice
1347 1355 1579 1410 Londini
1612 1356 1819 1425 edidit;

242 1449 608 1519 pluribusque
635 1449 691 1503 in
722 1449 1053 1503 contrariam
1098 1449 1421 1502 sententiam
1462 1446 1731 1514 adductis,
1767 1449 1824 1503 in

242 1556 365 1595 eam
417 1540 637 1596 tandem
685 1542 1071 1612 cogitationem
1114 1540 1366 1605 devenit,
1418 1540 1516 1596 has
1563 1542 1822 1596 nimirum

240 1634 512 1703 epistolas
555 1634 700 1688 circa
748 1632 985 1687 medium
1020 1633 1205 1688 saeculi
1234 1648 1294 1686 Ill
1327 1634 1394 1687 ab
1423 1634 1682 1703 episc0po
1720 1632 1824 1688 Ec-

241 1723 429 1778 clesia:
481 1721 766 1777 orientalis
812 1721 983 1777 fuisse
1029 1723 1362 1793 perscriptas
1393 1722 1507 1793 (84)
1542 1741 1557 1777 :
1590 1723 1819 1778 alterum

240 1827 375 1867 vero
432 1811 803 1867 Hermannum
841 1811 1100 1877 Venema,
1154 1814 1249 1884 qui
1303 1829 1447 1868 anno
1503 1815 1823 1884 insequente

241 1907 406 1970 1751,
444 1905 719 1977 Harlinga:
752 1906 988 1977 vulgatis
1038 1908 1212 1963 tribus
1261 1908 1534 1976 epistolis,
1564 1906 1677 1963 νγ.
1713 1907 1819 1963 CC.

240 1997 635 2070 Wessclingio,
681 1998 1098 2055 Hemsterhusio
1124 2008 1179 2054 et
1204 2000 1597 2072 Cannegietero
1627 2001 1825 2056 inscri-

237 2090 374 2160 ptis,
426 2088 649 2144 easdem
708 2087 970 2160 epistolas
1017 2089 1393 2145 .Clementinas
1448 2089 1824 2159 supposititias

239 2197 369 2236 esse
393 2181 543 2234 omni
566 2180 750 2235 studio
771 2179 1053 2235 contendit
1080 2181 1332 2235 evincere
1360 2199 1372 2235 :
1399 2181 1455 2235 in
1481 2180 1550 2234 iis
1570 2181 1715 2235 enim
1739 2180 1826 2233 in-

242 2280 326 2325 ter
357 2272 466 2324 alia
488 2270 805 2340 Hieronymi
824 2271 1022 2341 stylum
1040 2271 1144 2325 sibi
1165 2270 1474 2326 suboluisse
1490 2270 1669 2325 innuit
1686 2270 1820 2343 (85);

240 2372 297 2421 et
340 2364 595 2434 quamvis
624 2365 691 2419 de
718 2373 942 2420 auctore
972 2381 1037 2419 ac
1059 2375 1300 2437 tempore
1328 2381 1437 2437 quo
1465 2367 1661 2421 vixerit
1688 2367 1825 2422 nihil

242 2454 492 2518 deﬁniat,
516 2469 643 2508 eum
687 2462 870 2510 tamen
910 2454 1083 2512 fuisse
1110 2457 1450 2522 orientalem,
1482 2472 1594 2511 non
1624 2455 1824 2511 Roma-

242 2561 399 2609 num,
434 2555 490 2600 et
532 2545 766 2616 Origene
812 2562 1030 2618 quoque
1071 2548 1427 2619 posteriorem
1475 2548 1654 2619 arguit
1685 2547 1821 2619 (86).

244 2634 480 2708 Utrique
528 2640 713 2693 statim
763 2640 1049 2710 respondit
1095 2640 1473 2705 Wetstenius,
1516 2642 1823 2711 iterumque

242 2743 387 2797 quas
412 2730 587 2783 edidit
608 2732 889 2800 epistolas,
910 2732 1087 2802 magis
1118 2734 1398 2804 magisque
1424 2734 1687 2789 Clementi
1712 2732 1821 2788 Ro-

242 2833 413 2873 mano
441 2819 742 2875 vindicavit
772 2838 785 2875 :
814 2821 1095 2879 Lardnero
1122 2825 1342 2896 quidem
1372 2826 1426 2880 in
1456 2825 1639 2881 Diario
1677 2826 1824 2880 litte-

244 2912 397 2965 rario
429 2908 637 2966 Gallice
664 2914 931 2985 inscripto
982 2915 1342 2988 Bibliothéque
1369 2918 1642 2971 raisonnée
1671 2916 1819 2990 (87):

248 2999 504 3056 Venemae
534 3011 736 3067 autem,
769 3004 1001 3075 epistola
1026 3021 1091 3061 eo
1111 3006 1230 3075 ipso
1254 3022 1397 3061 anno
1426 3006 1563 3061 1754
1587 3005 1819 3062 Amstaz-

1926 518 2219 589 utrobique
2253 536 2285 575 a
2318 522 2478 577 nobis
2510 522 2564 577 in
2591 523 2827 578 medium
2856 525 3225 595 proferantur,
3250 529 3493 588 Wetste-

1926 609 2020 664 nio
2064 613 2459 681 praetermissa;
2492 629 2664 685 eaque
2709 614 2762 669 in
2809 617 3000 685 primis
3030 635 3151 689 qua:
3202 636 3269 676 ex
3298 622 3493 678 harum

1924 702 2277 771 epistolarum
2331 704 2580 760 instituta
2615 706 2905 763 collatione
2952 725 3077 765 cum
3108 712 3321 771 duabus
3360 716 3492 770 reli-

1924 793 2049 862 quis
2078 794 2443 853 Corinthiacis
2469 838 2483 862 ,
2542 798 2610 853 ad
2643 815 2756 855 rem
2804 802 2977 872 magis
3020 806 3292 874 pertinere
3335 808 3495 865 nobis

1923 888 2038 940 visa
2069 896 2215 942 sunt.

1996 978 2175 1036 Testis
2224 981 2407 1051 itaque
2464 983 2739 1055 antiquior
2809 985 3179 1058 Epiphanius,
3226 995 3319 1063 qui
3391 995 3491 1050 ad-

1923 1086 2117 1128 versus
2156 1072 2442 1132 Ebionasos
2497 1076 2613 1132 haec
2662 1078 2824 1134 habet
2885 1082 3022 1154 (87')
3061 1101 3077 1140 :
3117 1085 3289 1151 Αὐτὸς
3344 1089 3496 1160 Κλή-

1930 1179 2037 1233 μης
2079 1165 2276 1229 αὐτοὺς
2321 1167 2461 1220 κατὰ
2502 1167 2679 1222 πάντα
2744 1170 2953 1243 ἐλέγχει
3008 1175 3100 1245 ἀφ’
3141 1170 3215 1230 ὧν
3258 1178 3495 1251 ἔγραψεν

1922 1254 2219 1311 ἐπιστολῶν
2285 1259 2607 1326 ἐγκυκλίων,
2681 1262 2789 1314 τῶν
2864 1264 2922 1317 ἐν
2998 1270 3119 1329 ταῖς
3172 1270 3355 1337 ἁγίαις
3405 1274 3495 1326 ἐκ-

1924 1344 2173 1415 κλησίαις
2225 1349 2779 1423 ἀναγινωσκομένων·
2813 1354 2894 1407 ὅτι
2943 1356 3101 1411 ἄλλον
3148 1359 3259 1431 ἔχει
3290 1382 3495 1435 χαρακ-

1922 1437 2066 1508 τῆρα
2092 1441 2124 1509 ἠ
2158 1440 2351 1494 ἑαυτοῦ
2388 1443 2568 1507 πίστις
2594 1445 2687 1497 καί
2713 1447 2740 1497 ὁ
2760 1444 2937 1516 λόγος,
2968 1452 3119 1523 παρὰ
3147 1451 3215 1505 τὰ
3244 1455 3348 1508 ὑπὸ
3376 1457 3495 1511 τού-

1922 1544 2028 1618 των
2057 1532 2134 1593 εἰς
2162 1530 2330 1601 ονομα
2361 1533 2525 1587 αὑτοῦ
2557 1536 2615 1588 ἐν
2645 1540 2765 1600 ταῖς
2792 1537 3091 1608 Περιόδοις
3113 1545 3489 1618 νενοθευμένα.

1927 1617 2100 1681 Αὐτὸς
2126 1620 2233 1693 γὰρ
2280 1623 2576 1694 παρθενίαν
2606 1626 2863 1692 διδάσκει,
2899 1633 2992 1685 καὶ
3032 1636 3186 1689 αὐτοὶ
3218 1640 3277 1691 οὐ
3310 1617 3491 1711 δέχον-

1923 1724 2029 1761 ταιο
2061 1712 2223 1775 αὐτὸς
2264 1713 2372 1785 γὰρ
2412 1715 2741 1787 ἐγκωμιάζει
2791 1721 2993 1787 Ἠλίαν,
3016 1726 3108 1778 καὶ
3156 1728 3352 1793 Δαϐὶδ,
3398 1735 3493 1787 καὶ

1924 1800 2180 1893 Σαμψὼν,
2212 1806 2303 1858 καὶ
2333 1807 2539 1871 πάντας
2567 1812 2693 1875 τοὺς
2748 1816 3053 1886 προφήταις,
3086 1818 3180 1881 οὓς
3208 1812 3353 1875 οὗτοι
3385 1824 3491 1893 βδε-

1921 1890 2219 1949 λύττονται.
2263 1896 2318 1952 Id
2378 1907 2500 1955 est:
2539 1901 2839 1961 «Clemens
2893 1908 3007 1978 ipse
3060 1912 3312 1968 omnibus
3367 1890 3490 1972 illos

1924 1982 2255 2056 (Ebionaeos)
2305 1991 2480 2046 modis
2523 1992 2799 2064 redarguit
2844 1997 2910 2053 iis
2954 2002 3203 2069 epistolis
3250 2006 3490 2061 circula-

1922 2072 2097 2138 ribus,
2126 2091 2249 2145 qua:
2289 2077 2345 2131 in
2374 2083 2742 2139 sacrosanctis
2787 2087 3036 2145 ecclesiis
3081 2091 3336 2161 leguntur
3368 2115 3383 2158 ;
3420 2112 3488 2151 ex

1923 2163 2122 2232 quibus
2152 2174 2390 2235 constat,
2422 2169 2579 2241 longe
2608 2172 2676 2227 ab
2713 2173 2780 2229 iis
2803 2191 2923 2245 quae
2955 2178 3010 2232 in
3054 2181 3367 2240 Circuitibus
3421 2187 3489 2241 il—

1924 2254 1993 2309 lis
2037 2256 2266 2329 (Petri)
2304 2260 2405 2314 sub
2452 2262 2574 2331 ejus
2614 2265 2835 2321 nomine
2879 2268 3183 2326 adulterina
3233 2286 3488 2345 exstant,

1924 2345 2074 2403 illius
2109 2348 2265 2403 ﬁdem
2298 2366 2362 2406 ac
2393 2368 2699 2410 sermonem
2730 2356 3103 2418 abhorruisse.
3131 2361 3340 2420 Etenim
3371 2364 3492 2423 Vir-

1922 2438 2208 2533 ginitatem
2233 2441 2350 2506 ipse
2379 2441 2692 2516 (Clemens)
2722 2448 2952 2518 edocet;
2988 2461 3042 2507 et
3072 2454 3159 2509 isti
3187 2454 3488 2533 (Ebionati)

1923 2532 2215 2601 repudiant
2242 2550 2254 2585 :
2302 2535 2393 2589 ille
2421 2535 2617 2601 Eliam,
2646 2538 2905 2597 Davidem
2933 2556 2986 2600 et
3018 2544 3338 2606 Samsonem
3368 2568 3491 2612 oms

1922 2637 2128 2693 nesque
2172 2626 2464 2695 prophetas
2507 2633 2889 2702 commendat;
2938 2652 3076 2707 quos
3112 2640 3167 2694 hi
3213 2643 3492 2701 detestan-

1923 2719 2031 2768 tur.
2070 2734 2089 2767 ι
2148 2714 2279 2781 Quae
2330 2717 2575 2788 profecto
2631 2720 3003 2793 Epiphaniana
3061 2730 3274 2789 duabus
3336 2734 3489 2792 hisce

1924 2805 2281 2862 Clementinis
2311 2810 2560 2879 epistolis
2601 2812 2801 2867 mirum
2836 2815 2892 2869 in
2920 2818 3141 2874 modum
3186 2837 3490 2895 congruere

1923 2908 2247 2954 noscuntur.
2281 2899 2525 2957 Primum
2552 2903 2734 2975 itaque
2766 2907 2821 2961 in
2854 2908 2944 2974 iis,
2977 2908 3281 2982 Epiphanio
3309 2926 3448 2973 teste
3468 2960 3485 2985 ,

1924 2987 1982 3044 S.
2059 2988 2311 3048 Clemens
2377 2995 2732 3065 virginitatem
2789 2999 2965 3056 edocet
3018 3020 3040 3058 .'
3094 3004 3287 3059 harum
3339 3010 3483 3064 enim

242 3089 659 3149 lodamensibus
690 3096 834 3166 typis
863 3095 1203 3169 consignata,
1235 3112 1399 3169 quam
1442 3099 1686 3168 epistolae
1714 3097 1820 3155 Ve-

1925 3080 2272 3151 epistolarum
2302 3101 2429 3155 pars
2458 3087 2704 3154 minima,
2739 3099 2796 3144 ut
2824 3101 2969 3147 recte
2999 3094 3487 3154 advertithtstc-

242 3184 519 3240 nemianae
570 3189 847 3258 opposuit.
885 3187 1101 3243 Utinam
1150 3203 1280 3244 vero
1334 3189 1549 3245 duabus
1603 3204 1821 3259 quoque

244 3278 476 3348 reliquis
502 3281 835 3350 respondere
859 3282 1123 3337 valuisset
1151 3282 1235 3336 vir
1262 3281 1490 3338 doctus!
1526 3281 1596 3335 At
1633 3280 1819 3337 lethali

242 3372 442 3426 morbo
488 3372 851 3429 decumbebat
876 3373 1239 3439 Wetstenius,
1265 3377 1394 3432 dum
1424 3377 1655 3448 primam
1686 3391 1817 3432 exa-

244 3465 390 3520 ravit
423 3465 714 3536 epistolam
763 3485 798 3523 v
843 3468 964 3522 Kal.
1009 3468 1192 3523 Martii
1222 3470 1362 3524 1754
1392 3483 1687 3539 menseque
1732 3484 1822 3525 se-

244 3564 452 3625 quente
499 3556 642 3611 diem
697 3572 1010 3628 supremum
1042 3559 1180 3613 obiit
1208 3573 1262 3612 rx
1292 3557 1411 3613 Kal.
1445 3558 1670 3628 Aprilis,
1720 3573 1820 3612 an-

243 3661 377 3700 num
408 3660 578 3717 agens
610 3661 723 3700 LXI.
756 3645 889 3712 Qua:
917 3662 1046 3702 vero
1092 3646 1358 3701 hactenus
1388 3646 1639 3701 recensui
1685 3660 1820 3717 Opu-

244 3740 423 3804 scula,
452 3754 518 3793 ea
550 3740 695 3794 dono
746 3739 935 3810 accepi
966 3739 1034 3794 ab
1061 3739 1436 3796 eruditissimo
1462 3737 1670 3795 Jacobo
1696 3737 1821 3792 Kri—

243 3833 453 3903 ghout;
497 3834 590 3902 qui
621 3831 764 3888 datis
798 3847 1016 3903 quoque
1050 3832 1464 3888 humanissimis
1491 3831 1685 3887 litteris
1712 3847 1819 3887 una

240 3938 372 3977 cum
412 3938 671 3979 sermone
701 3922 939 3987 funebri,
964 3939 1124 3993 quem
1157 3924 1387 3995 ipsemet
1419 3922 1607 3977 habuit
1633 3922 1689 3979 in
1721 3922 1819 3977 ob-

242 4013 384 4068 itum
414 4013 931 4070 laudatiWetstenii
955 4015 1263 4071 decessoris
1287 4014 1393 4079 sui,
1423 4028 1653 4069 munera
1682 4013 1819 4067 mihi

246 4116 508 4174 pergrata
559 4106 707 4176 large
755 4107 1053 4160 cumulavit
1081 4124 1094 4159 :
1125 4121 1234 4176 quo
1268 4105 1491 4161 nomine
1519 4105 1654 4160 mihi
1684 4115 1816 4160 tem-

242 4210 441 4267 parare
475 4195 619 4250 haud
655 4212 900 4266 possum,
932 4198 1065 4267 quin
1108 4195 1176 4253 V.
1220 4198 1282 4253 C.
1332 4199 1643 4254 comitatem
1685 4198 1822 4254 adeo

239 4282 585 4352 singularem
618 4299 782 4354 quam
812 4286 1047 4340 maxime
1075 4293 1329 4341 testatam
1355 4285 1575 4341 faciam.

313 4371 524 4429 Verum
577 4384 634 4428 ut
673 4375 742 4430 ad
782 4391 893 4431 rem
944 4377 1169 4447 propius
1216 4379 1573 4444 accedamus,
1621 4379 1815 4434 harum

241 4464 602 4533 epistolarum
628 4473 906 4521 auctorem
937 4465 1108 4522 fuisse
1129 4466 1461 4523 Clementem
1489 4467 1815 4533 Romanum,

241 4554 456 4626 duplici
487 4565 932 4627 argumentorum
963 4573 1162 4628 genere
1196 4558 1683 4613 demonstrandum
1724 4575 1820 4615 su-

241 4651 532 4721 scipimus.
586 4649 834 4706 Primum
879 4653 1098 4722 quidem
1148 4652 1385 4722 petimus
1431 4652 1499 4707 ab
1544 4653 1775 4707 externis
1803 4694 1819 4719 ,

237 4745 362 4799 sive
420 4742 774 4813 antiquorum
841 4745 1172 4815 scriptorum
1232 4744 1565 4799 testimoniis
1620 4744 1819 4815 quibus

239 4837 369 4891 illas
400 4833 576 4889 fuisse
610 4847 641 4887 a
668 4833 947 4890 Clemente
981 4835 1317 4906 perscriptas
1361 4836 1657 4898 astruitur,
1704 4834 1820 4890 sive

236 4932 469 4989 Patrum
502 4932 994 4989 vetustissimorum
1043 4932 1300 5001 operibus
1328 4931 1473 4986 unde
1517 4930 1585 4985 ab
1624 4930 1819 4987 iisdem

238 5043 339 5083 eas
385 5024 560 5082 fuisse
603 5024 870 5094 perlectas
910 5024 1208 5093 colligitur.
1249 5022 1491 5079 Alterum
1527 5038 1679 5087 vero,
1730 5024 1818 5076 in-

241 5129 457 5174 ternum
513 5116 747 5179 scilicet,
784 5130 850 5170 ex
877 5115 1011 5186 ipsis
1040 5115 1287 5185 epistolis
1318 5114 1610 5170 sumimus.
1641 5112 1701 5169 In
1730 5115 1819 5170 his

237 5220 427 5268 autem
458 5208 796 5281 argumentis
845 5207 1155 5278 digerendis
1198 5205 1560 5262 Wetstenium
1597 5206 1820 5277 potissi-

313 5344 430 5411 (84)
469 5342 735 5408 Lardner,
765 5343 804 5395 A
838 5340 1180 5396 dissertation
1202 5356 1338 5409 upon
1363 5339 1443 5411 the
1473 5348 1571 5411 two
1589 5339 1816 5409 Epistles

237 5410 487 5469 ascribed
550 5424 602 5467 to
632 5413 866 5468 Clement
894 5412 952 5475 of
974 5411 1155 5475 Rome,
1181 5427 1235 5481 p.
1269 5411 1358 5475 37,
1388 5410 1479 5474 54,
1513 5410 1601 5464 57.

305 5485 425 5555 βξ)
475 5482 648 5555 Epist.
677 5483 733 5555 2.
769 5481 910 5555 θεῖ,
942 5498 996 5553 p.
1030 5482 1117 5537 s9.

337 5554 432 5623 86)
474 5549 650 5623 Epist.
681 5553 736 5617 5,
771 5549 799 5623 ᾗ
830 5552 893 5607 16
917 5549 1094 5623 seqq,
1125 5549 1336 5623 ρ.129.

336 5620 432 5693 87)
471 5620 628 5679 Tom.
668 5623 733 5685 L,
777 5620 918 5693 part.
948 5620 1155 5693 iri—art.
1190 5622 1245 5687 8,
1286 5638 1339 5691 p.
1386 5620 1573 5693 56591
1600 5621 1744 5677 suiv.

340 5690 458 5767 81‘)
504 5693 645 5750 liaar.
670 5690 801 5759 xxx,
835 5693 863 5768 ς
895 5694 982 5766 15,
999 5690 1137 5765 Opp.
1162 5690 1299 5749 tom.
1332 5693 1369 5758 l,
1398 5692 1597 5765 p.139.

1924 3175 2049 3231 nius
2088 3176 2241 3249 (88),
2274 3178 2327 3233 in
2357 3181 2664 3237 extollenda
2691 3183 2911 3253 quidem
2945 3186 3256 3256 virginitate
3303 3205 3491 3246 versa-

1921 3277 2047 3338 tur;
2077 3278 2132 3325 at
2157 3272 2314 3342 longe
2342 3273 2599 3341 maxima,
2638 3275 2746 3330 imo
2791 3284 2903 3332 tota
2949 3281 3180 3349 epistola
3209 3283 3448 3338 secunda
3470 3325 3486 3349 ,

1921 3362 1977 3416 in
2009 3362 2313 3433 virginibus
2345 3363 2506 3419 olIicii
2539 3366 2895 3423 admonendis
2939 3380 3261 3441 occupatur,
3291 3390 3386 3430 seu
3418 3376 3487 3431 de

1918 3454 2233 3524 virginitate
2284 3456 2371 3524 pie
2419 3470 2484 3509 ac
2533 3456 2637 3512 rite
2685 3458 2949 3513 servanda
3003 3471 3300 3530 pertractat
3349 3485 3362 3520 :
3425 3475 3489 3520 ut

1920 3552 2209 3615 propterea
2283 3544 2341 3601 S.
2404 3544 2567 3602 Pater
2610 3549 2665 3602 in
2706 3549 2791 3603 his
2838 3552 3085 3620 epistolis
3132 3554 3486 3625 virginitatem

1920 3636 2102 3706 potius
2144 3637 2390 3704 edocere,
2434 3654 2595 3710 quam
2636 3641 3037 3708 commendare,
3075 3643 3199 3712 jure
3242 3647 3311 3702 ab
3352 3648 3487 3719 Epi-

1920 3729 2122 3800 phanio
2149 3731 2382 3787 dicatur.

1990 3823 2108 3879 Jam
2139 3831 2334 3879 caetera
2362 3839 2777 3895 prosequamur.
2825 3826 3025 3895 Eliam,
3059 3831 3257 3901 inquit,
3299 3835 3488 3888 laudat

1921 3916 2178 3972 Clemens.
2214 3916 2280 3970 Et
2308 3919 2527 3988 quidem
2559 3920 2643 3975 his
2673 3920 2855 3977 verbis
2930 3922 3043 3994 (89)
3087 3939 3101 3978 :
3149 3923 3300 3981 Certe
3326 3929 3487 3983 etiam

1922 4006 2059 4062 Elite
2086 4018 2136 4062 et
2166 4007 2332 4062 Eliso:
2351 4047 2367 4072 ,
2392 4018 2441 4062 et
2469 4010 2755 4063 multorum
2803 4011 3031 4067 aliorum
3070 4027 3372 4071 sanctorum
3404 4036 3488 4072 re-

1919 4102 2148 4170 perimus
2189 4102 2631 4155 conversationem
2662 4101 2825 4170 fuisse
2862 4112 3101 4158 sanctam
3134 4117 3185 4159 et
3223 4109 3335 4161 sine
3366 4127 3482 4163 ma-

1925 4194 2065 4248 cula.
2107 4194 2240 4247 Tum
2268 4210 2421 4260 vero,
2455 4193 2552 4257 ait,
2586 4193 2841 4248 Davidem
2870 4195 3221 4251 commendat.
3253 4198 3311 4254 Id
3348 4215 3485 4269 quo-

1920 4303 2027 4358 que
2058 4287 2137 4342 sic
2170 4286 2471 4356 praestitum
2498 4301 2528 4340 a
2577 4285 2854 4343 Clemente
2897 4287 3010 4359 (90)
3048 4308 3061 4343 :
3106 4288 3294 4344 Nonne
3337 4290 3486 4347 docet

1924 4386 1970 4434 te
2000 4377 2131 4432 illud
2165 4376 2385 4431 Davidis
2408 4417 2423 4440 ,
2471 4392 2622 4446 quem
2658 4377 2849 4430 invenit
2896 4377 3037 4431 Deus
3084 4378 3255 4432 virum
3298 4396 3485 4434 secun-

1923 4471 2049 4524 dum
2077 4487 2167 4524 cor
2193 4487 2369 4534 suum,
2398 4469 2658 4523 hominem
2702 4470 2908 4539 ﬁdelem
2932 4510 2946 4535 ,
2984 4472 3272 4540 perfectum
3292 4516 3305 4534 ,
3356 4492 3484 4529 san-

1923 4572 2084 4625 ctum,
2117 4563 2323 4616 verum?
2352 4560 2551 4614 Deinde
2597 4560 2910 4617 Samsonem
2937 4563 3160 4629 extollit,
3195 4564 3477 4636 subjungit

1921 4653 2276 4725 Epiphanius.
2328 4651 2408 4707 En
2455 4653 2851 4707 Clementinum
2897 4654 3073 4708 locum
3120 4654 3233 4725 (91)
3284 4675 3298 4710 :
3360 4656 3484 4711 Non

1923 4746 2177 4801 audivisti
2216 4745 2278 4798 de
2311 4742 2565 4799 Samsone
2598 4741 2871 4809 Nazirceo,
2895 4759 3013 4796 cum
3042 4761 3143 4814 quo
3182 4745 3282 4815 fuit
3314 4745 3485 4816 Spiri-

1923 4846 2008 4891 tus
2035 4835 2163 4901 Dei,
2196 4836 2307 4889 viro
2336 4835 2503 4904 forti?
2535 4831 2591 4887 Is
2618 4834 2696 4887 vir
2729 4831 3014 4887 Nazirwus
3041 4834 3164 4904 fuit,
3195 4845 3244 4889 et
3266 4848 3483 4893 sanctus

1922 4928 2054 4997 Dei,
2085 4936 2135 4983 et
2167 4929 2269 4995 fuit
2299 4929 2351 4982 in
2383 4925 2692 4997 fortitudine
2719 4936 2770 4981 et
2802 4926 3009 4982 robore.
3042 4927 3317 5000 Denique,
3351 4933 3483 4987 sub-

1921 5022 2023 5087 dit,
2075 5038 2251 5076 omnes
2312 5020 2588 5089 prophetas
2646 5018 2892 5073 laudibus
2941 5021 3110 5090 effert.
3156 5021 3375 5078 Scilicet
3425 5027 3480 5081 in

1922 5114 2064 5168 hanc
2099 5112 2423 5170 sententiam
2454 5110 2566 5182 (92)
2600 5130 2613 5166 :
2658 5110 2827 5165 Porro
2855 5113 3015 5165 etiam
3047 5110 3254 5167 Elisam
3282 5124 3333 5168 et
3376 5114 3481 5169 Ge-

1921 5202 2037 5256 hasi
2070 5209 2120 5256 et
2167 5200 2733 5276 ﬁlios_prophetarum
2775 5201 3062 5267 reperimus
3116 5200 3383 5255 habitasse
3426 5203 3482 5255 in

1992 5336 2103 5405 (88)
2140 5334 2311 5405 Epist.
2346 5333 2412 5388 ad
2440 5332 2773 5393 H.Venem.,
2802 5332 2984 5405 p.72-i.

1990 5404 2102 5477 (89)
2140 5404 2376 5477 Devirg_.
2433 5404 2599 5477 epist.
2626 5405 2676 5470 1,
2707 5418 2827 5475 cap.
2856 5404 2907 5459 6.

2014 5474 2104 5544 90)
2140 5474 2313 5544 Epist.
2340 5474 2396 5537 2,
2427 5489 2547 5544 cap.
2577 5474 2631 5529 9.

2014 5545 2106 5614 91)
2150 5545 2319 5608 Ibid.,
2347 5559 2465 5614 cap.
2500 5546 2553 5597 9.

2015 5614 2105 5689 92)
2140 5615 2303 5682 Ibid.,
2325 5630 2447 5686 cap.
2480 5614 2575 5670 M.
