3936 6172
1614 351 1696 406 ΑΙ)
1736 352 1792 406 8.
1834 348 2253 407 CLEMENTEM
2293 349 2313 403 Ι
2352 347 2585 406 ΡΑΡΑΜ

3627 346 3734 400 H2

495 464 679 520 timore
708 464 843 530 Dei;
873 474 925 521 et
956 467 1163 537 hospita
1194 485 1294 522 non
1327 468 1428 537 fuit
1456 470 1551 523 eis.
1588 467 1821 521 Hic/tam
1853 473 1903 521 et
1936 481 2056 534 pro-
2088 473 2133 527 Α
2161 478 2338 523 autem
2398 467 2682 523 Samsonis
2727 464 2965 537 elogium
2990 502 3006 527 ,
3057 475 3123 516 ea
3168 460 3389 515 demum
3430 460 3620 513 omnla
3670 461 3732 514 in

492 557 673 623 phetas
708 574 886 613 omnes
914 562 1115 628 pariter
1145 563 1221 617 sic
1254 562 1541 632 reperimus
1582 560 1848 613 habitasse
1890 560 1943 611 in
1992 560 2059 610 ti-

492 665 637 703 more
695 648 928 706 Domini.
989 652 1265 710 Hactenus
1314 654 1606 719 Clemens;
1671 651 1829 720 cujus
1880 649 2059 705 verbis

488 744 769 798 enimvero
826 745 895 799 ad
937 744 1220 815 Epiphanii
1266 745 1637 800 testimonium
1686 740 2057 812 comproban-

497 835 627 889 dum
675 837 811 891 nihil
855 837 1059 893 clarius
1110 853 1232 893 esse
1286 846 1380 892 aut
1418 835 1750 892 luculentius
1794 833 2055 898 videtur;

490 942 586 981 seu
619 928 800 997 potius
833 929 899 983 ad
937 937 1156 985 nostras
1185 929 1450 985 Clementi
1491 927 1817 984 asserendas
1857 926 2059 996 episto-

488 1025 602 1085 las,
634 1023 770 1077 nihil
814 1024 994 1092 aptius
1034 1023 1349 1091 hujusmodi
1390 1021 1682 1093 Epiphanii
1717 1019 2054 1079 testimonio.

487 1113 721 1167 validius
755 1114 889 1167 nihil
919 1112 1150 1184 proferri
1178 1128 1338 1183 posse
1367 1114 1563 1183 liquet.

565 1204 823 1270 Quaenam
865 1220 997 1260 vero
1040 1204 1307 1261 hactenus
1359 1202 1665 1260 observatis
1700 1200 2053 1271 objiciantur,

484 1299 863 1368 inspiciamus.
914 1296 1069 1351 Haud
1126 1296 1199 1351 ita
1236 1297 1444 1367 pridem
1476 1294 1542 1351 Ἴ.
1577 1294 1640 1351 C.
1695 1314 1714 1347 ι
1745 1294 1888 1349 Nihil
1934 1308 2056 1348 mo-

484 1403 598 1451 ror,
630 1388 843 1457 inquit,
878 1384 940 1441 8.
976 1386 1261 1456 Epiphanii
1307 1385 1722 1452 testimonium;
1761 1398 1887 1437 nam
1922 1383 2055 1436 illud

483 1479 782 1550 expetitum
833 1487 917 1534 est
964 1495 1032 1533 ex
1074 1477 1321 1549 epistolis
1367 1475 1703 1541 Clementis,
1756 1490 1877 1546 qua:
1924 1480 2055 1528 tunc

483 1569 787 1642 legebantur
847 1572 902 1624 in
966 1571 1220 1625 ecclesiis.
1283 1567 1534 1624 Profecto
1608 1583 1676 1623 ex
1741 1567 2056 1621 testimonio

485 1659 546 1714 S.
600 1658 915 1733 Hieronymi
964 1660 1271 1722 discimus.
1331 1660 1511 1714 nullas
1568 1658 1703 1714 alias
1758 1658 2052 1715 Clementis

483 1757 757 1828 Epistolas
806 1760 965 1809 aetate
1016 1753 1108 1808 illa
1150 1752 1205 1806 in
1237 1750 1500 1808 Ecclesiis
1532 1750 1633 1821 legi
1674 1751 2049 1815 consuevisse,

484 1850 594 1907 nisi
653 1848 722 1903 ad
775 1846 1092 1903 Corinthios
1144 1844 1398 1915 geminas.
1450 1860 1469 1895 ι
1542 1841 1721 1896 Nolim
1777 1843 2054 1899 enimvero

479 1940 600 1994 viro
646 1936 1017 1994 eruditissimo
1064 1935 1179 1989 haec
1222 1933 1512 1989 excidisse.
1545 1931 1805 1987 Testatur
1832 1932 2052 2002 quidem

483 2032 548 2093 S.
578 2033 944 2103 Hieronymus
977 2030 1090 2101 (95)
1118 2070 1132 2093 ,
1160 2029 1457 2084 Clementis
1486 2030 1722 2099 priorem
1767 2028 1835 2083 ad
1870 2026 2055 2083 Eccle-

481 2129 620 2185 siam
650 2124 1059 2181 Corinthiorum
1094 2121 1392 2193 Epistolam
1424 2122 1479 2175 in
1511 2120 1790 2176 nonnullis
1817 2122 2054 2179 cratibus

480 2215 875 2273 ecclesiasticis
924 2214 1117 2268 lectam
1152 2211 1325 2267 fuisse
1376 2231 1391 2279 ;
1437 2220 1491 2265 at
1521 2211 1803 2267 secundam
1852 2229 1885 2265 a
1914 2222 2050 2267 vete-

481 2305 628 2360 ribus
681 2302 1014 2373 reprobatam
1070 2301 1310 2367 asserit;
1365 2308 1579 2355 tantum
1637 2303 1812 2365 abest,
1873 2309 1932 2355 ut
1998 2302 2053 2354 in

491 2396 744 2451 ecclesiis
776 2403 907 2449 tunc
940 2392 1043 2462 legi
1087 2392 1441 2447 consuevisse
1482 2393 1713 2463 geminas
1750 2392 1814 2447 ad
1857 2392 2052 2447 Corin-

481 2489 631 2543 thios
661 2485 945 2557 epistolas,
977 2500 1044 2539 ex
1073 2482 1193 2552 ejus
1228 2483 1541 2538 testimonio
1569 2484 1869 2541 discamus.
1896 2483 2052 2551 Quod

480 2590 664 2634 autem
705 2577 810 2631 hac
853 2576 921 2631 de
959 2590 1019 2629 re
1065 2574 1258 2628 doctor
1306 2575 1599 2638 maximus,
1645 2574 1788 2629 idem
1834 2590 2053 2646 quoque

484 2678 610 2725 ante
643 2668 823 2739 ipsum
863 2664 1157 2736 Dionysius
1183 2663 1503 2719 Corinthius
1524 2706 1539 2731 ,
1580 2665 1721 2720 idem
1748 2666 1911 2721 etiam
1945 2666 2051 2720 Eu-

482 2763 668 2817 sebius
697 2758 1074 2824 Caesariensis,
1124 2757 1267 2813 idem
1314 2758 1507 2827 reliqui
1551 2758 1888 2827 antiquiores
1924 2774 2051 2829 pro-

482 2852 725 2907 fitentur.
760 2848 896 2904 Cum
940 2848 1123 2917 itaque
1156 2853 1306 2901 certo
1332 2854 1544 2903 constet
1573 2862 1640 2902 ex
1676 2853 1917 2903 veterum
1968 2857 2050 2903 te-

481 2940 779 3007 stimoniis,
811 2953 998 3003 unam,
1046 2946 1099 2992 et
1149 2937 1366 3008 quidem
1421 2940 1695 3008 priorem,
1748 2937 2049 2997 Corinthiis

482 3032 804 3103 inscriptam
839 3030 1127 3101 epistolam
1166 3031 1381 3100 publice
1418 3031 1590 3088 fuisse
1628 3032 1922 3087 lectitatam
1944 3073 1960 3098 ,
1993 3035 2046 3089 id

481 3125 662 3197 ipsum
732 3122 977 3195 profecto
1036 3122 1373 3194 Epiphanius
1445 3123 1573 3178 item
1636 3124 1856 3179 novisse
1921 3125 2116 3217 jurec

481 3216 884 3275 existimandus
930 3233 946 3271 :
977 3215 1220 3285 adeoque
1243 3253 1259 3279 ,
1300 3214 1391 3269 ubi
1423 3230 1533 3269 non
1563 3231 1725 3270 unam
1749 3215 2045 3273 Clementis

480 3308 790 3382 epistolam,
831 3306 926 3362 sed
966 3306 1086 3377 ejus
1136 3305 1403 3375 Epistolas
1442 3308 1729 3362 circulares
1770 3309 1823 3363 in
1871 3310 2046 3364 eccle-

480 3401 581 3456 siis
609 3398 781 3455 fuisse
812 3398 1083 3469 perlectas
1111 3396 1360 3461 afﬁrmat,
1390 3398 1457 3451 de
1487 3396 1853 3453 Corinthiacis
1900 3400 2046 3469 epis-

482 3491 615 3547 tolis
662 3490 833 3559 ipsius
867 3486 1032 3541 verba
1079 3486 1229 3540 nullo
1256 3492 1417 3555 pacto
1452 3486 1768 3555 accipienda
1800 3502 1923 3542 esse
1963 3488 2043 3539 vi-

482 3583 702 3637 dentur.
734 3578 875 3645 Quid
891 3578 1034 3648 quod
1058 3576 1489 3647 Epiphanianum
1520 3577 1889 3632 testimonium
1909 3580 2043 3633 alias

485 3675 710 3730 omnino
755 3673 823 3727 ab
861 3672 1106 3743 epistolis
1149 3670 1217 3725 ad
1261 3670 1575 3726 Corinthios
1619 3670 1892 3741 respicere
1921 3687 2041 3740 per-

487 3765 746 3823 hibetur?
814 3763 876 3819 In
929 3763 1294 3821 Corinthiacis
1350 3764 1495 3818 enim
1549 3763 1699 3817 nulla
1767 3762 2041 3818 Samsonis

484 3858 713 3923 mentio,
747 3872 923 3927 neque
966 3856 1180 3926 uspiam
1208 3855 1440 3909 omnium
1487 3854 1854 3925 prophetarum
1879 3872 2043 3911 enco-

484 3952 653 4005 mium
682 3949 921 4005 occurrit
948 3966 962 4014 ;
988 3955 1047 4002 ut
1074 3948 1280 4017 reliqua
1310 3957 1695 4017 praetereamus
1725 3966 1738 4001 :
1771 3963 1891 4016 qua:
1913 3964 2045 4003 sane

484 4041 541 4095 in
591 4038 841 4111 epistolis
888 4036 1245 4092 Clementinis
1286 4036 1558 4105 extitisse,
1604 4034 1664 4093 S.
1709 4035 2043 4107 Epiphanius

485 4132 792 4186 luculenter
817 4134 1074 4184 testatur.

550 4222 620 4276 At
644 4220 860 4290 inquies
888 4234 1012 4274 cum
1050 4218 1329 4273 Lardnero
1363 4218 1500 4291 (94),
1532 4218 1895 4290 Epiphanium
1919 4220 2041 4290 qui-

480 4314 601 4370 dem
633 4312 893 4384 epistolas
920 4309 1216 4367 Clementis
1255 4326 1360 4365 una
1394 4311 1579 4381 plures
1619 4326 1938 4381 agnoscere,
1958 4320 2041 4365 at-

479 4420 586 4475 que
636 4404 693 4458 in
742 4404 811 4459 iis
859 4416 971 4457 non
1030 4402 1207 4457 solum
1261 4401 1329 4457 de
1377 4400 1699 4472 Virginitate
1750 4401 2043 4471 scripsisse

2163 562 2369 619 nostris
2397 562 2640 635 Syriacis
2663 566 2982 631 comparent
3006 576 3020 624 ;
3054 556 3260 611 frustra
3280 568 3409 609 vero
3437 554 3492 608 in
3524 552 3735 611 Gracia

2162 656 2414 725 requiras
2462 672 2474 707 :
2525 661 2585 708 ut
2632 661 2918 724 propterea
2970 649 3180 705 nullum
3222 646 3460 716 amplius
3502 645 3732 700 dubium

2160 762 2451 817 superesse
2480 745 2675 800 merito
2710 744 2981 806 videatur,
3013 741 3149 811 quin
3192 738 3260 794 de
3289 737 3567 808 prioribus
3606 744 3734 791 tan—

2158 846 2295 903 tum,
2327 854 2437 893 non
2468 844 2649 892 autem
2686 836 2754 892 de
2781 832 3181 906 posterioribus
3201 870 3217 897 ,
3257 828 3545 900 Eniphanii
3572 830 3732 884 testi-

2158 931 2403 985 monium
2434 928 2507 985 sit
2538 928 2941 998 accipiendum.

2230 1020 2567 1077 Lardnerum
2603 1026 2827 1075 secutus
2858 1018 2964 1071 alia
3005 1016 3162 1087 plura
3191 1014 3437 1085 congerit
3461 1012 3730 1069 Herman-

2157 1128 2261 1168 nus
2291 1110 2547 1178 Venema,
2572 1110 2773 1181 quibus
2804 1108 3236 1179 Epiphanianum
3273 1106 3450 1160 locum
3477 1114 3725 1170 enervet,

2164 1210 2328 1269 atque
2378 1201 2434 1255 in
2488 1202 2814 1255 sententiam
2868 1212 3024 1254 suam
3078 1196 3375 1268 pertrahat.
3438 1194 3501 1249 Et
3547 1195 3728 1266 primo

2157 1294 2373 1362 quidem
2404 1293 2679 1363 negotium
2726 1290 2948 1346 facessit
2991 1291 3112 1344 viro
3138 1290 3333 1343 critico
3381 1287 3537 1358 (95),
3575 1286 3727 1356 quod

2159 1378 2217 1432 S.
2251 1377 2585 1449 Epiphanius
2612 1380 2954 1447 ἐγκυκλίους,
2986 1378 3297 1441 circulares,
3319 1378 3578 1447 epistulas
3601 1392 3731 1432 nos-

2156 1478 2271 1525 tras
2321 1472 2586 1541 appellet;
2616 1481 2989 1528 verumtamen
3028 1474 3268 1527 animum
3310 1472 3379 1525 ab
3421 1472 3523 1525 hoc
3564 1487 3727 1526 seru-

2156 1563 2285 1632 pulo
2344 1579 2637 1635 parumper
2691 1572 2980 1631 avertens,
3055 1564 3407 1633 nondumque
3474 1563 3723 1632 deposita

2154 1660 2302 1713 omni
2352 1660 2724 1725 cunctatione,
2772 1661 3060 1715 clarescere
3102 1661 3199 1721 ait,
3257 1658 3315 1714 S.
3360 1658 3573 1714 Patrem
3624 1658 3725 1713 hoc

2156 1750 2339 1804 addito
2379 1752 2592 1808 criterio
2623 1754 3017 1824 uulgatissimas
3050 1760 3259 1807 tantum
3300 1752 3599 1807 Corinthiis
3635 1751 3726 1805 in-

2156 1845 2389 1914 scriptas
2441 1847 2496 1899 in
2545 1847 2711 1901 oculis
2758 1846 3019 1900 habuisse.
3078 1844 3284 1900 Vereor
3338 1844 3588 1914 equidem
3650 1860 3726 1899 ne

2156 1935 2320 1991 dictis
2380 1936 2731 1993 Venemianis
2793 1937 3063 1993 calculum
3127 1953 3237 1993 non
3293 1937 3554 2006 adjiciant
3614 1938 3721 1990 viri

2154 2028 2321 2091 docti,
2357 2038 2418 2083 ut
2454 2046 2576 2101 quae
2607 2030 2790 2086 minus
2817 2038 2965 2085 recte
3007 2030 3110 2087 sibi
3148 2031 3420 2087 cohaerere
3442 2030 3715 2085 videntur,

2156 2116 2444 2189 Utcunque
2479 2128 2660 2175 autem
2712 2137 2797 2177 res
2842 2138 2901 2177 se
2936 2122 3153 2185 habeat,
3184 2122 3315 2176 nihil
3360 2136 3491 2175 sane
3532 2121 3723 2191 prohi-

2155 2208 2244 2262 bet
2267 2249 2279 2272 ς
2316 2212 2614 2280 quominus
2648 2214 2732 2267 vel
2775 2214 3186 2277 existimemus,
3237 2211 3523 2283 Epiphanii
3558 2219 3725 2266 astate

2158 2302 2305 2370 apud
2333 2304 2626 2360 nonnullas
2646 2306 2911 2360 ecclesias
2959 2303 3015 2359 in
3067 2320 3222 2360 more
3264 2305 3436 2361 fuisse
3478 2304 3720 2374 positum

2160 2392 2423 2459 epistolas
2450 2392 2529 2448 De
2576 2395 2875 2464 virginitate
2900 2395 3117 2465 publice
3146 2396 3271 2465 legi;
3301 2396 3386 2451 vel
3410 2410 3534 2450 cum
3562 2393 3721 2450 Wet-

2153 2481 2331 2535 stenio
2361 2482 2475 2554 (96)
2506 2499 2831 2541 censeamus
2860 2504 2881 2539 c
2917 2486 3278 2558 Epiphaniam
3304 2494 3363 2541 ut
3389 2486 3673 2542 Ebionaeos
3697 2526 3715 2551 ,

2152 2584 2261 2625 non
2302 2570 2600 2631 Clementis
2639 2576 2846 2639 solum,
2884 2578 2981 2633 sed
3021 2578 3184 2634 etiam
3226 2577 3483 2633 Ecclesiae
3524 2586 3721 2632 aucto-

2154 2659 2314 2714 ritate
2383 2675 2695 2733 premeret,
2766 2669 3076 2724 encomium
3130 2670 3300 2741 priori
3350 2668 3719 2724 Corinthiaca:

2151 2752 2407 2823 Epistolas
2433 2756 2718 2822 tributum,
2754 2759 2810 2813 in
2840 2768 3130 2831 utramque
3166 2765 3237 2815 ad
3265 2762 3487 2832 virgines
3530 2772 3719 2816 trans-

2150 2847 2363 2903 tulisse.
2398 2868 2417 2901 s
2464 2849 2665 2916 Quidni
2698 2860 2878 2907 autem
2939 2852 2993 2907 id
3028 2854 3131 2909 rite
3178 2855 3371 2909 fecerit
3418 2854 3474 2909 S.
3510 2854 3720 2910 Pater?

2150 2946 2302 2993 ratus
2330 2938 2586 2993 nimirum
2612 2942 2855 3012 episcopi
2880 2942 3110 2998 Romani
3140 2945 3404 3015 epistolas
3428 2946 3496 3000 ad
3523 2945 3717 3001 Eccle-

2150 3028 2247 3082 siae
2274 3028 2546 3085 universa:
2575 3030 2971 3087 institutionem
3012 3035 3286 3103 pertinere
3310 3076 3325 3101 ,
3355 3037 3716 3106 quemadmo-

2150 3120 2279 3173 dum
2308 3129 2363 3175 et
2393 3121 2460 3175 de
2489 3124 2671 3193 priore
2697 3126 2764 3179 ad
2790 3126 3103 3183 Corinthios
3125 3127 3428 3182 factitatum
3460 3138 3713 3186 noverat.

2148 3211 2321 3267 Porro
2357 3213 2423 3266 ad
2460 3216 2667 3285 reliqua
2711 3216 3084 3286 Epiphaniana
3126 3221 3468 3273 extenuanda
3492 3259 3508 3284 ,
3552 3222 3716 3291 plura

2147 3305 2394 3374 congerit
2425 3304 2565 3358 idem
2608 3307 2692 3359 vir
2718 3307 2969 3362 eruditus
2994 3326 3008 3373 ;
3040 3322 3159 3377 qua
3191 3316 3373 3361 tamen
3399 3309 3583 3363 omnia
3613 3324 3717 3364 ex-

2148 3393 2336 3463 pendit
2364 3407 2428 3446 ac
2459 3393 2620 3447 diluit
2648 3395 2719 3449 cl.
2754 3394 2929 3449 editor
2972 3410 2987 3447 :
3020 3396 3156 3450 adeo
3186 3405 3246 3450 ut
3292 3405 3538 3461 constet,
3581 3414 3715 3454 san-

2146 3496 2296 3541 ctum
2325 3488 2641 3557 episcopum
2666 3486 3139 3544 Constantiensem
3161 3529 3179 3555 ,
3206 3490 3334 3545 dum
3355 3491 3517 3545 verba
3550 3507 3719 3563 supr-

2148 3576 2265 3630 rius
2288 3578 2515 3631 recitata
2545 3578 2930 3648 perscriberet,
2956 3578 3011 3631 in
3033 3578 3132 3634 has
3153 3580 3412 3649 epistolas
3453 3578 3714 3651 Syriacas

2145 3670 2336 3725 oculos
2364 3670 2683 3725 intendisse.

2217 3762 2334 3817 Xll.
2420 3762 2723 3833 Epiphanio
2783 3762 3140 3835 Hieronymus
3234 3765 3457 3820 accedat
3517 3764 3714 3820 doctor

2146 3855 2457 3917 maximus,
2510 3854 2666 3909 testis
2701 3854 2838 3907 alter
2866 3854 3345 3923 locupletissimus.
3394 3856 3485 3912 Sic
3541 3858 3715 3929 igitur

2147 3949 2238 4005 ille
2263 3948 2526 4003 adversus
2553 3946 2896 4002 Iovinianum
2932 3948 3046 4018 (97)
3072 3967 3086 4003 :
3115 3948 3188 4001 Hi
3218 3960 3340 4003 sunt
3362 3952 3602 4017 eunuchi,
3640 3986 3716 3997 --

2144 4056 2273 4110 quos
2301 4040 2555 4093 castravit
2596 4054 2701 4092 non
2746 4041 3050 4104 necessitas,
3081 4040 3170 4093 sed
3198 4041 3460 4097 voluntas.
3504 4074 3575 4085 -—
3624 4048 3713 4099 Ad

2144 4130 2237 4183 hos
2263 4140 2315 4184 et
2369 4128 2608 4184 Clemens
2666 4145 2937 4183 successor
3005 4132 3233 4197 apostoli
3301 4131 3486 4195 Petri,
3555 4136 3713 4203 cujus

2146 4221 2353 4275 Paulus
2378 4224 2646 4290 apostolus
2679 4222 2913 4274 meminit
2936 4260 2950 4285 ,
2983 4221 3163 4275 scribit
3182 4224 3430 4291 epistolas
3468 4242 3710 4280 omnem-

2142 4330 2239 4382 que
2266 4328 2393 4381 pene
2434 4329 2722 4366 sermonem
2773 4329 2928 4367 suum
2991 4312 3056 4367 de
3102 4315 3420 4384 virginitatis
3471 4320 3712 4385 puritate

2143 4406 2427 4459 contexuit.
2486 4404 2677 4474 Agesis
2726 4418 2895 4469 nunc,
2970 4403 3283 4473 hujustnodi
3331 4408 3708 4463 testimonium

479 4499 811 4552 Clementem
832 4534 847 4559 ,
884 4493 981 4551 sed
1009 4494 1172 4549 etiam
1201 4492 1521 4549 Samsonem
1553 4492 1827 4557 laudasse,
1860 4493 2037 4563 ipsum
2073 4506 2117 4560 1)
2146 4493 2537 4563 expendamus.
2572 4491 2699 4546 Tria
2728 4492 2781 4545 in
2812 4507 2879 4547 eo
2903 4499 3030 4545 sunt
3058 4492 3226 4562 probe
3256 4493 3515 4549 notanda.
3548 4493 3589 4549 l.
3622 4495 3710 4551 Ad

480 4589 722 4660 proﬁteri
787 4604 799 4639 :
858 4586 1002 4657 quod
1053 4594 1349 4657 utrumque
1394 4586 1451 4642 in
1497 4587 1744 4656 epistolis
1800 4586 2043 4658 Syriacis

479 4677 837 4749 conspicitur,
888 4676 1233 4733 desideratur
1277 4682 1457 4731 autem
1514 4677 1569 4730 in
1618 4676 1844 4731 Graecis.
1902 4675 2042 4731 Hinc

479 4775 663 4821 tamen
691 4780 852 4820 nemo
886 4765 1010 4835 jure
1044 4764 1299 4835 colligat,
1327 4763 1510 4835 judice
1552 4763 1832 4820 Lardnero
1855 4805 1869 4829 ,
1914 4763 2042 4835 Epi-

478 4858 740 4929 phanium
783 4856 851 4911 de
881 4857 1155 4926 prioribus
1189 4856 1370 4912 statim
1400 4857 1811 4927 intelligendum
1853 4874 1870 4911 :
1913 4873 2037 4911 cum

478 4950 625 5006 enim
664 4955 860 5002 neutra
903 4948 1253 5001 Corinthiaca
1292 4948 1522 5018 epistola
1570 4948 1777 5019 integra
1825 4948 1893 5002 ad
1937 4964 2039 5003 nos

477 5038 788 5112 pervenerit
814 5077 829 5103 ,
866 5038 981 5092 ﬁeri
1008 5048 1219 5109 potest,
1260 5046 1319 5092 ut
1356 5037 1638 5094 Samsonis
1668 5040 1869 5093 mentio
1898 5040 2041 5095 inter

478 5148 541 5188 ea
572 5146 693 5203 qua:
723 5130 779 5185 in
807 5129 1000 5185 iisdem
1039 5130 1284 5199 epistolis
1310 5130 1529 5194 desunt,
1559 5131 1794 5186 maxime
1824 5147 1953 5187 vero
1984 5134 2037 5186 in

482 5222 740 5286 secunda,
770 5220 1092 5276 occurrerit.
1123 5220 1235 5283 Nai.
1265 5222 1360 5292 qui
1392 5221 1631 5278 rationes
1665 5238 1794 5278 suas
1814 5224 1887 5277 ita
1918 5223 2041 5277 sub-

478 5313 652 5376 ducit,
683 5326 904 5383 operam
960 5312 1114 5369 ludit.
1142 5310 1283 5378 Quid
1316 5312 1561 5381 quaeris?
1610 5313 1792 5368 nullus
1820 5314 2038 5383 conjec.

479 5406 619 5458 turis
650 5405 822 5465 locus,
874 5401 967 5454 ubi
1008 5417 1096 5457 res
1151 5402 1268 5471 ipsa
1314 5402 1535 5456 clamat.
1579 5403 1925 5472 Quaecunque
1970 5404 2038 5458 de

476 5495 772 5551 Clementis
821 5493 1070 5564 epistolis
1109 5494 1275 5547 refert
1312 5491 1683 5565 Epiphanius,
1739 5494 1794 5548 in
1845 5494 2037 5564 primis

540 5622 665 5700 (95)
701 5630 776 5700 De
805 5632 901 5685 vir.
933 5632 1157 5691 illustr.,
1191 5646 1312 5700 cap.
1344 5630 1434 5684 15.

544 5698 661 5823 (ἓέ)
730 5699 998 5775 Lardner,
1034 5704 1071 5755 Α
1104 5698 1312 5755 dissert.
1365 5715 1501 5767 upon
1532 5699 1618 5753 the
1667 5708 1763 5753 two
1794 5699 1966 5770 Epist.
1995 5741 2010 5766 ,

472 5786 525 5839 p.
570 5782 588 5798 ν
643 5810 659 5827 .

2145 4585 2407 4639 eunuchos
2476 4585 2776 4653 spirituales
2848 4590 2905 4637 et
2984 4584 3332 4654 evangelicos
3413 4582 3709 4654 scripsisse

2142 4674 2474 4730 Clementem
2496 4676 2692 4729 asserit
2712 4684 2936 4729 sanctus
2955 4674 3164 4729 doctor.
3181 4674 3369 4729 ILNon
3392 4676 3705 4745 epistolam,

2143 4768 2237 4825 sed
2267 4767 2518 4836 epistolas
2553 4767 2745 4822 iisdem
2776 4767 3067 4837 inscriptas
3107 4769 3285 4837 ipsum
3328 4784 3586 4823 exarasse
3622 4778 3709 4824 te—

2144 4866 2341 4915 statur.
2390 4855 2478 4910 ιιι.
2528 4858 2587 4911 ln
2616 4858 2700 4911 bis
2736 4858 2983 4928 epistolis
3006 4874 3211 4911 omnem
3248 4873 3373 4926 pene
3412 4876 3706 4913 sermonem

2140 4966 2293 5005 suum
2314 4948 2377 5003 de
2399 4949 2713 5017 virginitatis
2734 4949 2965 5012 puritate
2990 4948 3140 5002 illum
3163 4949 3490 5003 contexuisse
3512 4948 3705 5005 tradit.

2140 5040 2271 5107 Quae
2317 5039 2529 5110 quidem
2562 5038 2698 5094 adeo
2738 5047 2866 5094 sunt
2899 5039 3209 5103 manifesta,
3244 5048 3305 5093 ut
3352 5040 3563 5094 nullum
3606 5057 3706 5096 su-

2140 5132 2311 5203 persit
2338 5131 2564 5185 dubium
2595 5131 2727 5200 quin
2764 5130 2833 5186 de
2870 5131 3077 5187 nostris
3102 5131 3349 5200 epistolis
3395 5132 3507 5186 sint
3550 5134 3706 5187 acci-

2140 5223 2356 5293 picnda.
2383 5220 2523 5286 Quid
2560 5237 2691 5275 vero
2748 5222 2816 5277 ad
2858 5223 2974 5278 haec
3006 5223 3205 5279 eruditi
3238 5223 3338 5276 viri
3370 5224 3532 5276 modo
3579 5224 3704 5278 lau-

2138 5312 2290 5367 dati?
2317 5310 2643 5365 Existimant
2670 5327 2863 5381 nempe
2908 5311 3297 5382 Hieronymum
3327 5311 3415 5366 hic
3460 5312 3705 5368 animum

2140 5403 2439 5458 intendisse
2475 5404 2530 5456 in
2571 5403 2865 5458 secundam
2913 5404 2978 5457 ad
3011 5402 3328 5458 Corinthios
3371 5404 3663 5473 epistolam
3688 5444 3703 5465 .

2140 5494 2231 5548 ubi
2272 5493 2411 5547 forte
2456 5490 2525 5545 de
2574 5493 2886 5563 virginitate
2915 5492 3171 5548 Clemens
3218 5493 3486 5562 prolixius
3529 5494 3708 5564 egerit

2207 5626 2320 5699 (95)
2356 5626 2529 5699 Epist
2563 5628 2616 5690 1.
2643 5642 2765 5699 ves-
2802 5628 2858 5683 6-

2362 5696 2535 5772 Epist.
2569 5699 2634 5772 ad
2770 5700 3018 5767 Venem.,
3050 5719 3102 5772 p.
3134 5701 3225 5757 29..

2211 5765 2324 5839 (97)
2365 5767 2483 5827 Lib.
2521 5783 2559 5835 ι,
2594 5767 2741 5841 με.
