3936 6172
302 320 412 376 H3

1573 332 1912 390 PHOQIMIA
1953 336 2332 394 VAHIOHUM.

3438 347 3538 402 ιη

306 437 381 492 iis
410 437 468 490 in
507 435 647 492 locis
687 453 811 509 qua
851 454 1001 496 nunc
1044 440 1459 511 desiderantur;
1503 463 1677 517 neque
1726 450 1871 503 enim
1905 457 1946 513 Α
1977 453 2265 507 servanda.
2299 450 2393 505 llis
2418 450 2654 520 denique
2692 466 2820 506 cum
2848 450 3157 509 Wetstenio
3189 456 3339 529 (100)
3363 458 3533 516 addas

305 528 523 598 integra
591 529 658 583 ad
714 545 819 587 nos
865 534 1132 601 pervenit.
1185 532 1326 600 Quid
1397 537 1626 607 loquar?
1674 539 1874 606 Quovis

300 622 566 694 equidem
592 622 823 693 pignore
851 624 1182 681 contendere
1203 628 1401 692 ausim,
1433 645 1499 685 ex
1528 631 1702 687 tribus
1729 634 1876 689 notis

302 713 362 766 in
406 712 731 767 testimonio
793 712 1222 785 Hieronymiano
1269 718 1612 785 observatis,
1668 722 1876 775 nullam

302 804 534 857 omnino
564 805 859 874 posteriori
887 807 1132 875 epistola:
1161 807 1526 865 Corinthiacas
1550 829 1565 877 ;
1598 820 1653 865 at
1682 820 1875 866 contra

300 894 555 963 epistolis
583 898 794 950 nostris
843 896 911 951 ad
944 913 1108 952 unam
1160 914 1356 955 omnes
1400 901 1503 956 rite
1551 917 1871 973 congruere.

301 983 551 1039 Primum
597 986 746 1040 enim
795 987 879 1042 has
918 989 1204 1059 virginibus
1249 990 1507 1060 fratribus
1563 1000 1617 1049 et
1660 996 1877 1066 virgini-

302 1072 403 1126 bus
433 1073 726 1138 sororibus,
748 1074 803 1130 id
823 1086 907 1132 est
924 1079 1192 1134 eunuchis
1218 1081 1592 1150 spiritualibus
1621 1100 1760 1154 quos
1784 1100 1876 1140 ca-

303 1165 508 1218 stravit
532 1166 792 1221 voluntas
816 1205 833 1231 ,
864 1167 1146 1238 inscriptae
1185 1168 1456 1226 feruntur.
1507 1171 1733 1237 Deinde,
1763 1189 1875 1229 non

301 1268 495 1317 unam,
520 1253 615 1308 sed
636 1254 771 1309 duas
801 1255 1051 1318 epistolas
1078 1256 1147 1311 ad
1177 1256 1302 1313 illos
1328 1257 1481 1312 misit
1514 1257 1571 1313 S.
1597 1258 1872 1315 Clemens.

300 1342 555 1414 Denique
576 1342 631 1395 in
649 1343 841 1401 iisdem
867 1362 1072 1401 omnem
1120 1362 1247 1415 pene
1290 1364 1581 1403 sermonem
1620 1349 1683 1404 de
1714 1352 1873 1421 virgi-

298 1434 491 1489 nitatis
522 1436 751 1504 puritate
796 1437 1083 1491 contexuit.
1144 1437 1245 1493 Ubi
1286 1439 1711 1505 advertendum,
1753 1458 1874 1511 per-

296 1540 471 1596 quam
521 1525 771 1596 apposite
822 1525 993 1582 fuisse
1038 1527 1279 1582 locutum
1308 1540 1557 1585 sanctum
1606 1530 1871 1603 Hierony-

298 1632 456 1670 mum
510 1634 524 1671 :
588 1616 827 1685 vigilanti
876 1617 1146 1687 siquidem
1178 1619 1329 1675 verba
1377 1637 1533 1687 usus,
1584 1633 1644 1677 ut
1687 1624 1873 1694 phrasi

300 1707 714 1780 Augustiniana
758 1711 954 1782 loquar
985 1712 1131 1784 (98),
1175 1722 1341 1786 atque
1370 1718 1737 1774 restrictionis
1778 1734 1875 1774 vo-

1982 542 2165 607 velim,
2199 542 2462 612 epistolas
2497 541 2715 610 quidem
2764 540 3019 613 Syriacas
3060 559 3160 614 pro
3205 544 3538 620 Hieronymo

1979 639 2034 687 et
2060 641 2252 687 contra
2285 630 2633 687 Jovinianum
2664 631 2902 686 maxime
2932 631 3113 687 facere
3145 653 3158 688 :
3196 635 3253 689 in
3281 636 3349 690 iis
3390 640 3534 693 enim

1978 726 2171 780 statuit
2205 725 2462 781 Clemens
2495 724 2572 795 (l)
2596 764 2610 790 ,
2638 724 2926 794 virginibus
2963 728 3162 781 sanctis
3202 729 3535 785 excellentio-

1977 832 2084 870 rem
2123 818 2179 871 in
2220 818 2361 873 caelis
2403 818 2575 874 locum
2628 819 2814 872 datum
2856 820 2963 886 iri,
3010 835 3168 890 quam
3221 821 3531 891 eonjugibus

1975 909 2177 962 sanctis
2210 924 2233 963 :
2274 924 2397 978 quas
2435 919 2523 965 est
2573 911 2850 981 ipsissima
2890 911 3160 965 sententia
3195 909 3532 983 Hieronymi.

1976 996 2179 1053 Verum
2208 1015 2274 1054 ex
2307 999 2565 1071 Epistolis
2589 1000 2790 1058 Graecis
2814 1003 3021 1057 nullum
3052 1018 3164 1058 suae
3189 1017 3369 1059 causa
3399 1021 3533 1075 pra:-

1975 1089 2178 1145 sidium
2236 1106 2486 1162 quaerere
2536 1094 2811 1164 potuisset
2862 1103 3092 1150 sanctus
3145 1095 3374 1160 doctor,
3442 1097 3533 1152 ubi

1974 1181 2184 1236 nullum
2231 1182 2301 1238 de
2364 1185 2679 1255 virginitate
2732 1186 2964 1241 colenda
3022 1188 3335 1258 vestigium.
3403 1188 3535 1256 Quae

1974 1285 2100 1327 cum
2147 1272 2221 1327 ita
2263 1288 2325 1328 se
2357 1275 2626 1339 habeant,
2671 1277 2893 1331 nonnisi
2941 1276 3008 1332 de
3052 1279 3254 1333 nostris
3307 1278 3377 1332 ad
3427 1280 3533 1333 vir-

1973 1361 2117 1431 gines
2154 1362 2404 1432 epistolis
2442 1362 2759 1436 Hieronymi
2814 1366 2981 1422 verba
3027 1368 3382 1439 intelligenda
3406 1384 3533 1427 esse

1975 1442 2302 1508 noscuntur.

2046 1538 2154 1593 Sed
2190 1555 2321 1596 ecce
2348 1540 2446 1595 tibi
2492 1556 2687 1598 rursus
2726 1542 2812 1598 vir
2844 1543 2934 1599 ille
2977 1544 3349 1614 doctissimus,
3372 1550 3533 1620 cujus

1974 1627 2135 1697 paulo
2176 1639 2301 1684 ante
2340 1631 2723 1697 meminimus,
2765 1634 2857 1703 qui
2897 1650 2964 1688 ex
3008 1634 3323 1707 Hieronymi
3365 1640 3533 1695 silen-

1974 1718 2051 1771 tio
2074 1718 2128 1773 in
2159 1720 2300 1775 libro
2334 1720 2407 1775 De
2427 1723 2550 1777 viris
2574 1723 2890 1789 illustribus,
2952 1725 3142 1780 harum
3168 1727 3531 1797 Epistolarum

295 1800 483 1854 cuiam
534 1814 661 1869 ρεηε
690 1816 965 1872 usurpans
990 1843 1006 1870 ,
1049 1819 1160 1859 non
1189 1822 1393 1860 omnem
1425 1808 1673 1864 absolute
1697 1809 1868 1873 dixit,
1903 1800 1945 1855 B
1974 1804 2401 1873 suppositionem
2449 1809 2704 1865 evincere
2755 1812 3051 1868 existimat.
3108 1814 3527 1888 «Hieronymus,

293 1893 399 1948 sed
432 1909 638 1947 omnem
675 1909 806 1961 pene
848 1911 1159 1952 sermonem
1208 1898 1275 1954 de
1323 1900 1637 1969 virginitate
1672 1916 1702 1955 a
1749 1901 1874 1958 Cle-

292 1993 485 2038 mente
530 1983 703 2041 l’uisse
742 1994 1070 2042 contextum
1122 2006 1136 2044 :
1190 1999 1480 2061 propterea
1527 1995 1760 2058 scilicet,
1814 2002 1873 2048 ut

293 2076 506 2144 Optime
551 2076 885 2135 Wetstenius
938 2079 1075 2147 (99),
1125 2080 1268 2150 quod
1321 2080 1378 2136 in
1424 2084 1599 2153 prima
1641 2085 1871 2154 epistola

292 2182 421 2237 cap.
456 2168 547 2233 14,
576 2168 759 2240 agitur
810 2170 877 2226 de
907 2172 1202 2226 visitandis
1235 2175 1485 2244 aegrotis,
1517 2188 1570 2231 et
1621 2191 1741 2247 cap.
1776 2178 1865 2242 15,

291 2257 367 2314 de
417 2259 541 2315 aliis
603 2260 833 2327 olliciis,
902 2279 1023 2333 quae
1092 2280 1204 2320 non
1271 2267 1446 2337 magis
1501 2267 1570 2322 ad
1631 2268 1870 2340 virgines

292 2366 465 2422 quam
509 2352 577 2407 ad
624 2355 892 2426 conjuges
945 2358 1261 2427 pertinent;
1318 2358 1372 2412 in
1432 2359 1670 2414 secunda
1740 2377 1869 2417 vero

292 2449 683 2510 proponuntur
730 2447 980 2514 exempla
1024 2446 1191 2503 Hosis
1223 2487 1239 2508 .
1293 2446 1533 2505 Aaronis
1560 2456 1614 2505 et
1659 2449 1862 2518 losum,

290 2532 393 2600 qui
420 2541 573 2589 certe
600 2532 657 2589 in
685 2535 948 2606 conjugio
974 2536 1251 2594 vixerunt.

366 2620 435 2676 At
464 2625 610 2678 enim
641 2624 1008 2699 Hieronymus
1035 2629 1092 2683 in
1123 2629 1588 2700 disputationibus
1618 2649 1741 2689 cum
1769 2635 1867 2691 ad-

288 2716 582 2778 versariis,
622 2733 688 2773 ac
717 2722 1019 2788 praesertim
1049 2737 1115 2777 eo
1146 2722 1203 2776 in
1227 2722 1369 2777 libro
1409 2733 1595 2778 contra
1624 2723 1867 2779 lavinia-

293 2821 451 2869 num,
482 2809 666 2863 omnia
692 2822 981 2881 exaggerat
1010 2822 1171 2881 atque
1204 2812 1552 2882 hyperbolice
1582 2815 1861 2885 loquitur:

286 2906 356 2952 ut
395 2899 627 2968 proinde
666 2899 812 2954 haud
846 2902 1073 2957 miretur
1122 2901 1397 2971 quispiam
1422 2942 1437 2968 ,
1480 2905 1526 2958 si
1566 2906 1863 2961 secundam

289 2987 682 3042 tantummodo
737 2988 1026 3058 epistolam
1078 2991 1487 3048 Corinthiacam
1538 2996 1860 3065 respiciens,

293 3076 559 3143 epistolas
612 3076 783 3133 fuisse
828 3093 858 3132 a
890 3078 1169 3138 Clemente
1209 3086 1541 3155 perscriptas
1579 3093 1808 3142 testetur
1846 3106 1860 3143 :

286 3183 417 3237 qua
449 3177 535 3224 est
559 3171 795 3241 primum
827 3169 1015 3227 Grabii
1042 3215 1057 3237 ,
1089 3175 1285 3232 deinde
1312 3177 1576 3233 Lardneri
1606 3186 1661 3234 et
1690 3178 1866 3235 Vene-

287 3274 398 3313 mte
432 3262 721 3316 sententia.
754 3262 888 3317 Esto
922 3284 933 3318 :
970 3268 1318 3322 consueverit
1343 3270 1637 3339 aliquando
1666 3271 1721 3325 in
1752 3271 1867 3327 dis-

288 3352 598 3420 putationis
627 3364 764 3409 aestu
807 3372 1135 3428 exaggerare
1179 3361 1577 3436 Hieronymus;
1630 3381 1739 3421 non
1783 3374 1866 3421 est

288 3448 479 3498 tamen
531 3460 634 3500 cur
667 3446 756 3502 hic
789 3449 968 3518 ipsum
1013 3466 1121 3505 non
1173 3453 1439 3518 humane,
1478 3471 1588 3511 non
1649 3458 1867 3527 proprie

288 3533 539 3588 loculum
577 3536 973 3594 existimemus.
1011 3538 1304 3607 Praeterea,
1352 3544 1616 3613 epistolas
1664 3546 1729 3599 ad
1771 3562 1864 3600 eu-

289 3624 495 3678 nuchos
540 3628 890 3697 evangelicos
958 3630 1177 3688 dedisse
1235 3633 1568 3690 Clementem
1617 3638 1864 3707 perhibet

290 3713 356 3768 S.
390 3715 575 3772 Pater.
613 3716 754 3773 Num
784 3734 914 3790 ergo
947 3729 1001 3777 et
1044 3724 1136 3780 hic
1183 3725 1337 3779 illum
1367 3726 1661 3798 hyperbole
1691 3728 1863 3787 fuisse

290 3823 497 3875 usum;
544 3818 639 3863 aut
682 3811 751 3866 ad
797 3828 894 3869 eos
926 3832 1052 3885 quos
1097 3818 1350 3872 castravit
1398 3836 1503 3874 non
1547 3824 1855 3890 necessitas,

295 3898 393 3954 sed
414 3902 685 3967 voluntas,
729 3904 951 3960 missam
982 3909 1295 3978 putabimus
1320 3927 1441 3981 qua:
1469 3920 1554 3967 est
1592 3916 1863 3984 posterior

286 3991 361 4043 ad
387 3990 746 4047 Corinthios?
770 3993 913 4062 Quid
944 3998 1089 4067 quod
1134 3997 1472 4069 Hieronymo
1512 4006 1861 4061 consentiens

287 4077 656 4148 Epiphanius,
687 4090 919 4139 testatur
955 4087 1239 4142 circulares
1282 4091 1533 4159 epistolas
1607 4095 1859 4150 eumdem

288 4166 602 4223 missitasse
629 4170 985 4239 Clementem,
1014 4174 1067 4227 in
1101 4177 1297 4245 quibus
1332 4179 1685 4249 virginitatem
1723 4182 1857 4237 edo-

286 4256 425 4310 cet?
449 4256 535 4311 An
570 4274 699 4315 vero
729 4269 956 4316 sanctus
998 4278 1215 4334 quoque
1261 4263 1702 4325 Constantiensis
1738 4273 1858 4343 epi-

287 4360 500 4415 scapus
530 4362 894 4420 exaggerasse
922 4350 1231 4408 dicendus?
1262 4354 1370 4410 Fac
1402 4356 1640 4429 denique
1670 4361 1726 4415 in
1770 4377 1858 4417 re-

1973 1895 2181 1964 inquit,
2234 1896 2291 1951 in
2351 1898 2614 1971 Catalogo
2660 1902 2987 1974 scriptorum
3032 1906 3528 1966 ecclesiasticarum

1971 1986 2311 2043 Clementem
2339 2006 2447 2045 non
2480 1994 2725 2064 negligit,
2759 1995 3054 2066 laudatque
3096 1998 3216 2068 ejus
3244 2002 3529 2071 epistolam

1972 2080 2202 2148 primam
2233 2081 2301 2136 ad
2328 2082 2647 2141 Corinthios
2675 2106 2687 2141 :
2712 2088 2958 2141 meminit
2985 2096 3038 2145 et
3069 2093 3342 2158 secundas,
3366 2112 3531 2164 quam

1970 2176 2149 2227 tamen
2185 2188 2296 2229 non
2325 2176 2395 2231 ab
2441 2177 2698 2234 omnibus
2739 2178 2950 2234 admitti
2985 2180 3234 2239 alIirmat.
3277 2184 3530 2243 Profecto

1969 2277 2079 2316 non
2123 2264 2366 2322 siluisset
2408 2274 2463 2322 et
2512 2269 2756 2339 geminas
2798 2272 2958 2337 alias,
3003 2275 3051 2328 si
3096 2284 3308 2334 nosset.
3340 2297 3359 2330 ι
3404 2277 3530 2333 llias

1969 2354 2158 2424 utique
2190 2370 2298 2410 non
2328 2358 2608 2414 omisisset
2639 2369 2865 2417 sanctus
2896 2362 3109 2428 doctor,
3141 2368 3187 2421 si
3214 2381 3399 2424 nosset
3422 2387 3530 2440 quo

1968 2450 2216 2514 tempore
2244 2447 2446 2503 librum
2474 2448 2552 2503 De
2590 2452 2716 2505 viris
2744 2450 3038 2509 illustribus
3069 2456 3260 2514 edidit.
3320 2458 3530 2517 Hincne

1967 2550 2101 2589 vero
2126 2552 2316 2591 earum
2347 2538 2714 2611 integritatem
2743 2553 3052 2614 suspectam
3084 2549 3312 2604 reddere
3339 2552 3531 2605 liceat?

1966 2623 2135 2690 Cedo,
2153 2644 2261 2697 quo
2282 2630 2500 2685 domum
2520 2649 2662 2687 anno
2675 2634 2908 2689 confecti
2928 2636 3081 2693 fuere
3104 2641 3218 2696 sive
3237 2641 3529 2710 Catalogus

1967 2715 2059 2770 ille
2111 2716 2570 2791 Hieronymianus
2603 2724 2693 2778 ubi
2729 2726 2880 2780 nulla
2918 2736 3231 2784 nostrarum
3277 2733 3531 2801 epistola-

1966 2823 2088 2863 rum
2128 2812 2367 2878 mentio,
2416 2813 2532 2868 sive
2566 2814 2690 2869 libri
2722 2815 2832 2872 duo
2886 2832 3073 2876 contra
3098 2821 3438 2879 Iovinianum
3474 2827 3528 2881 in

1963 2901 2165 2971 quibus
2190 2904 2391 2959 eaedem
2415 2922 2481 2960 ex
2506 2914 2693 2961 nostra
2723 2914 2991 2967 sententia
3018 2912 3333 2969 laudantur?
3364 2915 3525 2969 Scili-

1965 3000 2052 3046 cet
2071 3008 2137 3047 ex
2168 2994 2289 3065 ipso
2312 2995 2644 3070 Hieronymo
2664 3000 2929 3057 discimus
2956 3002 3053 3073 (2),
3080 3004 3278 3059 librum
3299 3004 3376 3061 De
3400 3008 3526 3062 viris

1968 3084 2264 3141 illustribus
2309 3086 2481 3145 fuisse
2504 3090 2813 3146 absolutum
2841 3110 2978 3147 anno
3030 3095 3303 3151 Theodosii
3326 3099 3525 3166 princi-

1967 3175 2049 3244 pis
2078 3190 2188 3240 xw,
2215 3176 2318 3231 hoc
2350 3186 2437 3233 est
2464 3194 2610 3235 anno
2630 3180 2833 3237 Christi
2858 3184 3142 3241 392.Patet
3170 3196 3432 3257 praeterea
3457 3206 3525 3245 ex

1968 3266 2155 3321 eodem
2180 3277 2376 3323 sancto
2408 3269 2652 3338 doctore,
2682 3272 2852 3329 libros
2883 3275 3147 3331 adversus
3172 3276 3522 3334 Iovinianum

1967 3365 2092 3427 post
2124 3359 2270 3413 hunc
2308 3360 2487 3430 ipsum
2533 3378 2736 3417 annum
2777 3364 3049 3433 prodiisse
3097 3386 3110 3421 :
3157 3368 3427 3437 siquidem
3468 3371 3524 3427 in

1966 3462 2155 3501 eorum
2187 3448 2385 3518 primo,
2424 3466 2575 3505 num.
2617 3451 2687 3505 26
2738 3454 2921 3523 operis
2969 3453 3048 3509 De
3074 3456 3199 3509 viris
3227 3455 3524 3513 illustribus

1966 3537 2231 3594 meminit.
2263 3539 2463 3606 Quare,
2516 3557 2658 3597 anno
2711 3544 2992 3598 minimum
3043 3546 3168 3610 593,
3210 3557 3304 3602 aut
3344 3549 3523 3605 serius

1964 3629 2215 3692 fortasse,
2270 3636 2462 3685 contra
2492 3630 2836 3686 Jovinianum
2892 3634 3173 3703 scripserit
3204 3633 3261 3690 S.
3308 3635 3521 3693 doctor.

1964 3717 2108 3772 Nihil
2141 3718 2304 3788 igitur
2331 3721 2552 3787 mirum,
2597 3722 2645 3777 si
2684 3721 2750 3777 de
2777 3724 2975 3792 quibus
3006 3725 3245 3795 loquitur
3275 3725 3525 3783 Clemen-

1964 3812 2094 3868 tinis
2123 3813 2371 3883 epistolis
2400 3815 2456 3868 in
2485 3814 2553 3870 iis
2582 3815 2759 3879 libris,
2785 3832 2879 3871 eas
2909 3818 2963 3871 in
3002 3816 3260 3888 Catalogo
3299 3830 3523 3889 praeter-

1964 3905 2105 3961 ierit.
2152 3905 2264 3962 Cur
2302 3908 2376 3960 ita
2406 3906 2643 3971 demum,
2698 3909 2949 3979 inquies?
2998 3911 3125 3981 quia
3170 3908 3424 3968 videlicet
3462 3912 3517 3966 in

1963 3997 2185 4068 prologo
2216 3997 2284 4052 ad
2337 3998 2586 4054 eumdem
2633 3998 2950 4071 Catalogum
2994 4003 3238 4072 queritur
3292 4005 3519 4074 ipsemet

1961 4086 2345 4159 Hieronymus,
2370 4091 2627 4159 pleraque
2655 4100 2784 4146 tunc
2815 4093 2918 4147 sibi
2963 4093 3131 4149 fuisse
3162 4095 3515 4164 incomperta.

1963 4178 2141 4248 Neque
2162 4182 2319 4243 enim,
2351 4183 2447 4245 ait,
2476 4182 2538 4235 de
2572 4182 2651 4237 his
2697 4200 2813 4253 quce
2858 4201 2958 4238 non
3005 4187 3122 4255 legi,
3163 4202 3313 4241 nosse
3340 4189 3519 4255 potui;

1958 4279 2009 4322 et
2041 4268 2179 4337 quod
2205 4269 2326 4322 aliis
2356 4270 2583 4338 forsitan
2623 4273 2692 4325 sit
2720 4283 2919 4337 notum,
2964 4275 3090 4328 mihi
3140 4276 3193 4329 in
3224 4276 3320 4330 hoc
3350 4286 3509 4329 terra-

1960 4375 2077 4411 rum
2106 4358 2298 4428 angulo
2329 4359 2487 4427 [uerit
2515 4361 2766 4429 ignotum.
2806 4362 2943 4428 Quid
2992 4380 3174 4433 porro,
3207 4366 3253 4419 si
3282 4368 3519 4421 sanctiso

287 4436 463 4505 liquis
495 4454 616 4509 quae
643 4442 968 4497 exciderunt
1006 4446 1330 4513 posterioris
1371 4448 1627 4519 Epistolas
1662 4451 1855 4508 Corin-
1888 4460 1932 4517 ο
1959 4450 2131 4504 simus
2158 4451 2346 4504 doctor
2396 4452 2451 4504 in
2507 4452 2815 4509 subsecutis
2865 4454 3019 4510 libris
3065 4456 3219 4525 plura
3256 4467 3518 4512 memoret

288 4529 513 4592 thiacaz,
545 4528 718 4586 fuisse
745 4531 814 4586 de
842 4531 1168 4603 Virginitate
1197 4536 1438 4593 locutum
1472 4541 1809 4600 Clementem
1838 4567 1852 4602 :

285 4630 346 4674 at
374 4622 668 4690 quomodo,
703 4623 890 4705 sodes,
922 4625 978 4678 in
1002 4641 1066 4681 ea
1094 4643 1214 4696 qua:
1252 4643 1550 4700 supersunt
1589 4638 1859 4705 quadrent

285 4710 610 4782 Hieronymi
638 4697 825 4780 verba,
855 4716 1055 4785 quibus
1102 4697 1339 4773 allirmat
1363 4722 1419 4776 in
1466 4725 1574 4781 illis
1603 4697 1858 4784 Clemen-

282 4802 421 4857 tinis
448 4801 705 4873 Epistolis
739 4822 942 4862 omnem
971 4827 1097 4879 pene
1125 4829 1414 4870 sermonem
1453 4817 1618 4886 fuisse
1654 4818 1717 4874 de
1751 4824 1857 4875 vir—

279 4896 532 4968 ginitatis
572 4900 803 4965 puritate
851 4905 1308 4962 contextum71hi
1357 4924 1591 4980 namque
1634 4913 1856 4981 potissi—

280 5000 439 5039 mum
499 4986 759 5057 pleraque
825 5001 1124 5047 occurrunt
1180 4994 1251 5049 de
1305 4995 1527 5052 Christo
1575 4998 1727 5065 Deo,
1784 5001 1855 5057 de

278 5077 594 5132 vocationis
623 5078 951 5138 Christiana:
993 5087 1345 5154 praestantia,
1384 5088 1454 5144 de
1495 5092 1683 5147 mundi
1720 5109 1854 5149 con-

281 5174 524 5236 temptu,
566 5166 635 5222 de
663 5172 967 5228 certamine
995 5176 1266 5244 spirituali
1287 5216 1303 5242 ,
1347 5178 1417 5233 de
1445 5181 1628 5236 carnis
1666 5197 1851 5237 resur-

280 5261 555 5327 rectione,
579 5260 647 5317 de
672 5262 833 5318 bonis
863 5267 1169 5335 promissis,
1196 5276 1328 5335 etc.,
1354 5273 1685 5340 paucissima
1722 5290 1852 5330 vero

278 5352 354 5405 de
393 5353 639 5407 castitate
680 5354 734 5407 in
756 5372 939 5426 genere
963 5397 979 5423 ,
1020 5361 1276 5417 omnibus
1316 5364 1477 5417 etiam
1519 5366 1847 5436 conjugatis,

361 5567 473 5648 (98)
512 5567 759 5648 Auguin
780 5569 924 5648 :loan
958 5615 971 5629 .
1006 5581 1161 5629 tract.
1224 5573 1345 5643 1°20,
1372 5575 1477 5648 §9,
1511 5577 1643 5647 Opp.
1674 5578 1845 5645 LIII,

283 5646 431 5708 part.
466 5654 525 5708 n_,
556 5640 661 5691 col.
696 5640 822 5695 804.

358 5708 471 5765 199)
491 5706 550 5760 L.
586 5724 659 5772 c.,
695 5725 815 5781 pag.
840 5711 928 5765 40.

1960 4548 2315 4596 tractatorum
2370 4544 2863 4599 ecclesiasticarum
2894 4560 3054 4615 Opera
3076 4586 3090 4609 ,
3116 4562 3234 4616 quae
3260 4546 3388 4601 dum
3422 4564 3518 4604 eo-

1960 4634 2206 4689 rumdem
2244 4636 2450 4705 reliqua
2480 4636 2535 4689 in
2564 4635 2820 4708 Catalogo
2838 4653 3163 4703 recenseret,
3195 4641 3515 4696 omisit?An

1958 4738 2086 4776 vero
2117 4723 2301 4777 ﬁctilia
2335 4726 2635 4794 reputanda
2659 4742 2821 4798 opera
2850 4730 2963 4796 illa,
2983 4745 3049 4785 eo
3072 4730 3218 4801 quod
3239 4732 3429 4786 eadem
3458 4732 3519 4787 in.

1958 4812 2216 4883 Catalogo
2245 4816 2680 4884 praetermisisset
2696 4820 2886 4874 doctor
2907 4822 3217 4877 maximus?
3246 4821 3356 4877 lmo
3383 4839 3521 4879 vero

1957 4920 2117 4959 nemo
2144 4905 2266 4975 jure
2299 4923 2408 4962 non
2434 4909 2629 4965 dixerit
2674 4926 2796 4965 cum
2833 4913 2951 4982 ipso
2977 4913 3327 4986 Hieronymo,
3358 4916 3510 4970 illum

1956 5012 2151 5066 nempe
2178 5015 2294 5068 quae
2329 5006 2461 5055 tunc
2514 5019 2616 5055 non
2665 5003 2878 5072 legerat,
2912 5020 3061 5059 nosse
3111 5022 3212 5061 non
3261 5008 3519 5075 potuisse,

1954 5089 2191 5159 quodque
2220 5092 2273 5144 in
2318 5091 2412 5145 illo
2443 5102 2706 5147 terrarum
2758 5096 2971 5165 angulo,
3001 5096 3056 5150 in
3092 5097 3382 5153 solitudine
3410 5098 3511 5154 Be-

1955 5181 2282 5237 thleemitica
2308 5223 2322 5247 ,
2355 5186 2402 5238 ei
2439 5192 2595 5239 antea
2622 5185 2793 5254 fuerat
2810 5188 3061 5258 ignotum,
3084 5198 3268 5258 postea
3282 5204 3513 5259 comper-

1955 5274 2083 5330 isse.
2131 5273 2391 5344 Agedum,
2412 5290 2519 5329 uno
2544 5276 2627 5331 vel
2658 5278 2828 5332 altero
2854 5280 3099 5349 exemplo
3126 5296 3236 5343 rem
3262 5280 3512 5335 adstrua-

1957 5378 2100 5417 mus.
2154 5361 2194 5415 l.
2236 5363 2494 5419 Memorat
2545 5364 2905 5438 Hieronymus
2961 5370 3015 5422 in
3066 5370 3295 5440 epistola
3326 5370 3504 5437 7i,ad

2026 5578 2407 5652 (1700)“Epist”
2440 5596 2559 5652 pag.
2594 5582 2682 5637 54.

2026 5651 2102 5723 (ᾖ)
2141 5651 2336 5723 Clem_.,
2368 5654 2525 5723 epist.
2563 5652 2580 5704 Ι
2643 5653 2718 5704 De
2752 5654 2950 5722 virgim
2991 5668 3107 5723 car.
3140 5652 3191 5707 4.

2030 5718 2103 5789 (2)
2148 5720 2220 5773 De
2253 5721 2347 5775 vir.
2398 5718 2618 5787 illustr.,
2666 5723 2720 5776 in
2751 5718 2956 5793 prolog.
2986 5731 3037 5776 et
3056 5718 3196 5794 ’cap.
3232 5724 3352 5779 135.
