3936 6172
454 335 557 391 115

1570 329 1661 383 AD
1699 328 1758 386 S.
1798 323 2219 383 CLEMENTEM
2258 324 2279 379 1
2316 323 2547 379 PAPAM

3577 316 3689 371 ιω

448 450 739 507 Lucinium
790 465 843 503 n.
876 449 947 513 4,
992 446 1265 519 Hippolyti
1316 448 1636 504 Portuensis
1690 447 2012 516 opusculum
2044 447 2089 504 Α
2118 458 2261 497 nunc
2284 444 2518 498 strictim
2570 439 2765 495 saltem
2806 450 3127 509 proponere,
3177 440 3366 492 nostra
3413 432 3690 489 interesse

452 544 653 598 Contra
680 540 889 606 Gentes,
918 542 1078 611 cujus
1111 541 1258 595 nulla
1288 543 1489 595 mentio
1519 556 1575 595 In
1602 540 1860 610 Catalogo
1889 553 2010 608 cap.

449 636 539 691 61.
579 633 735 688 Haud
763 634 1011 704 equidem
1051 634 1254 689 miror:
1288 633 1342 687 in
1388 648 1453 687 eo
1486 633 1631 687 enim
1680 637 1923 685 recenset
1952 629 2011 687 ὃ.

450 728 643 782 doctor
672 725 950 797 Hippolyti
978 725 1148 780 libros
1178 740 1315 795 quos
1338 725 1549 793 reperit,
1584 731 1643 778 ut
1688 723 1803 792 ipse
1846 729 2015 777 testa-

449 827 576 876 tur:
618 818 687 873 ab
715 834 781 873 eo
810 824 987 871 autem
1018 825 1208 887 postea
1256 823 1531 885 repertum
1561 831 1699 886 Opus
1729 813 1860 869 illud
1885 830 2015 884 apo-

453 910 765 979 logeticum,
799 908 1003 962 indicat
1047 922 1225 962 annus
1276 906 1402 969 597,
1438 919 1548 975 quo
1592 905 1795 973 scripta
1842 903 2014 958 fertur

449 998 638 1053 eadem
667 997 915 1067 epistola.
974 994 1037 1051 11.
1067 995 1127 1049 In
1173 994 1489 1064 praefatione
1532 992 1600 1046 ad
1629 992 1825 1046 librum
1854 1005 2010 1054 xvm,

450 1088 506 1141 in
536 1087 750 1152 Isaiam,
790 1085 1107 1157 Dionysium
1159 1084 1582 1140 Alexandrinum
1632 1083 1830 1138 librum
1862 1096 2013 1137 com-

450 1178 701 1248 posuisse
729 1176 895 1231 tradit
922 1182 1112 1230 contra
1160 1173 1422 1231 Irenaeum
1458 1174 1875 1245 Lugdunensem
1899 1172 2013 1242 epi-

450 1282 697 1338 scopum,
731 1267 1021 1322 chiliastici
1047 1267 1203 1337 regni
1234 1275 1601 1334 assertorem;
1638 1279 1798 1335 quem
1831 1274 2013 1317 tamen

450 1361 652 1415 omittit
675 1360 731 1414 in
760 1357 1018 1429 Catalogo
1046 1375 1167 1430 cap.
1201 1359 1291 1424 69,
1328 1360 1454 1415 licet
1480 1360 1555 1414 ibi
1611 1358 1854 1429 ejusdem
1890 1356 2014 1409 Dio-

448 1452 590 1522 nysii
623 1466 847 1521 operum
886 1452 1257 1505 recensioncm
1310 1451 1466 1521 longe
1494 1457 1803 1505 accuratam
1851 1448 2011 1502 insti-

449 1549 588 1596 tuat.
618 1541 787 1611 Cujus
818 1540 1018 1596 silentii
1045 1541 1185 1596 ratio
1214 1557 1277 1596 ea
1307 1541 1522 1596 demum
1550 1550 1653 1605 est,
1690 1540 1835 1610 quod
1864 1555 2013 1594 com-

447 1632 712 1689 mentaria
769 1633 859 1687 illa
915 1633 1157 1704 quinque
1206 1638 1330 1702 post
1377 1646 1549 1686 annos
1600 1630 1800 1685 fuerint
1829 1632 2013 1685 elucu-

446 1723 620 1777 brata.
652 1722 838 1794 Neque
894 1724 1040 1778 enim
1087 1723 1342 1779 assentiri
1399 1737 1618 1793 possum
1649 1720 1865 1777 Valesio
1894 1722 2012 1774 viro

2116 533 2512 589 existimamus.

2186 622 2427 678 Primum
2468 624 2633 693 igitur
2682 623 2736 677 in
2768 622 2855 677 bis
2886 620 3130 691 epistolis
3173 616 3415 689 Syriacis
3442 614 3687 671 nonnul-

2116 713 2197 768 las
2246 715 2545 769 sententias
2597 713 2981 783 perspicimus,
3033 726 3171 781 quas
3225 724 3379 780 pene
3406 705 3687 770 αὑτολεξεὶ

2116 804 2321 860 Graecae
2357 807 2564 875 pariter
2614 805 2894 860 exhibent.
2942 801 3121 858 Unum
3173 802 3470 857 alterumve
3496 799 3682 869 speci-

2114 910 2237 949 men
2268 896 2472 965 accipe.
2530 894 2570 948 1.
2604 893 2857 965 Legimus
2911 894 2967 947 in
3014 892 3188 961 Epist.
3246 891 3273 944 1
3326 888 3393 943 ad
3427 886 3677 943 Corinth.

2114 999 2235 1054 cap.
2268 984 2372 1038 27:
2408 983 2459 1037 H
2464 1000 2525 1037 ac
2546 984 2708 1053 igitur
2731 999 2828 1055 spe
2851 984 3016 1037 animi
3038 982 3206 1036 nostri
3222 982 3290 1033 ad
3310 996 3427 1033 eum
3442 979 3682 1033 adstrin-

2111 1084 2324 1145 gantur,
2364 1075 2456 1145 qui
2489 1074 2661 1129 fidelis
2694 1086 2777 1130 est
2808 1076 2863 1129 in
2888 1072 3453 1143 promissionibus.—
3481 1072 3584 1139 Qui
3615 1087 3683 1124 ne

2113 1166 2429 1219 mentiamur
2442 1167 2706 1233 prazcepit,
2725 1166 2888 1218 multo
2906 1165 3073 1234 magis
3092 1164 3208 1234 ipse
3223 1178 3331 1217 non
3351 1164 3644 1216 mentietur
3666 1178 3683 1215 :

2113 1257 2243 1311 nihil
2270 1258 2457 1327 quippe
2501 1256 2609 1311 Deo
2640 1257 3003 1326 impossibile,
3038 1265 3383 1325 praterquam
3426 1254 3676 1308 mentiri.

2115 1346 2206 1403 Sic
2242 1350 2401 1419 plane
2429 1349 2481 1401 in
2516 1350 2677 1418 epist.
2721 1350 2747 1402 1
2777 1347 2845 1401 ad
2870 1348 3111 1417 virgines,
3147 1346 3353 1416 caput:
3388 1344 3681 1400 Desiderat

2113 1457 2263 1510 spem
2288 1440 2611 1511 promissam
2636 1450 2685 1494 et
2705 1449 3056 1509 prwparatam
3078 1447 3127 1492 et
3145 1438 3379 1508 positam
3400 1437 3455 1489 in
3482 1436 3625 1489 calis
3645 1453 3679 1489 α

2112 1532 2243 1597 Deo,
2296 1534 2386 1602 qui
2415 1534 2665 1603 promisit
2692 1547 2787 1587 ore
2814 1539 2868 1586 et
2913 1546 3022 1585 non
3050 1531 3331 1586 mentitur.
3372 1528 3678 1597 Utrobique

2113 1627 2322 1681 scilicet
2358 1625 2588 1680 Paulum
2630 1626 2963 1696 apostolum,
3024 1632 3084 1679 ut
3140 1625 3375 1688 assolet,
3432 1624 3681 1677 imitatur

2112 1719 2399 1785 Clemens;
2434 1718 2574 1788 apud
2614 1733 2774 1788 quem
2827 1717 3016 1773 eadem
3060 1716 3280 1788 phrasis
3318 1716 3674 1771 occurrit“:

446 1811 790 1881 doctissimo,
809 1814 1054 1869 censenti
1081 1813 1157 1886 (3)
1180 1812 1237 1869 S.
1264 1814 1542 1868 doctorem
1570 1813 1751 1867 minus
1774 1820 1918 1868 recte
1951 1813 2005 1867 in
2039 1800 2083 1857 Β
2113 1808 2182 1864 Ut
2217 1825 2307 1879 per
2351 1808 2485 1864 duas
2533 1826 2615 1863 res
2654 1809 2968 1873 immobiles,
3014 1810 3070 1863 in
3108 1809 3295 1879 quibus
3337 1807 3679 1879 impossibile

442 1902 703 1958 Irenaeum
734 1903 1052 1968 transferre,
1077 1920 1197 1975 quae
1218 1905 1477 1959 adversus
1513 1902 1771 1974 Nepotem
1801 1904 2009 1973 episco-

442 2010 572 2065 pum
607 1993 919 2066 Egyptium
972 1994 1263 2068 Dionysius
1312 1996 1502 2050 litteris
1523 1994 1766 2049 tradidit.
1824 1992 2008 2065 Siqui-

443 2086 565 2140 dem
595 2087 650 2140 in
679 2084 934 2157 Catalogo
973 2088 1176 2143 diserte
1208 2087 1454 2156 perbibet
1484 2086 1863 2157 Hieronymus,
1898 2088 2007 2140 sie-

444 2179 525 2232 uti
564 2186 691 2234 ante
732 2180 909 2249 ipsum
959 2188 1013 2234 et
1066 2178 1356 2243 Eusebius,
1396 2178 1527 2233 duos
1568 2179 1726 2233 libros
1768 2179 2007 2235 edidisse

448 2270 762 2341 Dionysium
798 2271 1059 2326 adversus
1098 2270 1395 2341 Nepotem:
1456 2271 1511 2325 in
1549 2269 1862 2340 praefatione
1909 2286 2007 2326 au-

444 2372 549 2417 tem
581 2362 649 2417 ad
705 2361 898 2417 Isaiam
953 2364 991 2419 l.
1036 2378 1084 2418 c.
1137 2362 1385 2419 eumdem
1436 2361 1754 2433 Dionysium
1814 2362 2006 2416 librum

442 2456 728 2526 evulgasse
796 2454 1057 2511 adversus
1115 2453 1374 2510 Irenaeum
1430 2464 1724 2511 asseverat.
1786 2454 1873 2511 Ill.
1929 2456 2005 2512 De

443 2544 640 2611 Pierio,
662 2546 919 2602 Ecclesia:
952 2546 1328 2601 Alexandrina:
1368 2547 1703 2617 presbytero,
1730 2548 1889 2601 verba
1924 2548 2005 2603 fa-

443 2640 596 2693 ciens
628 2638 683 2692 in
712 2636 970 2709 Catalogo
998 2654 1119 2708 cap.
1179 2638 1266 2702 76,
1296 2636 1353 2693 S.
1396 2637 1589 2702 Pater,
1634 2639 1754 2708 ejus
1803 2646 2005 2694 tracta-

441 2736 557 2782 tum
588 2727 655 2783 de
682 2729 946 2799 propheta
976 2728 1114 2784 Osee
1172 2730 1551 2784 tantummodo
1607 2731 1891 2785 nominat:
1948 2732 2003 2785 in

440 2818 669 2887 epistola
718 2834 846 2873 vero
900 2818 988 2880 49,
1023 2834 1173 2874 num.
1236 2820 1289 2882 5,
1321 2820 1423 2875 sub
1482 2820 1641 2875 linem
1696 2822 1825 2875 anni
1874 2822 1999 2887 593,

438 2906 786 2964 Pammachio
810 2896 1069 2982 itfscripta
1089 2952 1104 2975 ,
1136 2910 1380 2980 ejusdem
1409 2909 1575 2965 Pierii
1605 2912 2001 2981 amplissimum

438 3002 889 3055 commentarium
947 3003 1001 3056 in
1034 3002 1328 3073 Epistolam
1358 3003 1378 3056 1
1434 3000 1501 3059 ad
1544 3001 1856 3061 Corinthios
1886 3007 2002 3061 col-

439 3094 645 3149 laudat.
701 3092 790 3151 Π.
835 3094 1203 3152 Ρηειθηηὶιιίι
1263 3098 1317 3152 in
1369 3099 1644 3170 Catalogo,
1698 3113 1818 3169 cap.
1875 3100 1997 3162 i29,

437 3185 651 3257 Didymi
671 3184 1133 3243 Commentarium
1190 3191 1245 3244 in
1302 3188 1580 3256 Psalmos;
1630 3190 1791 3259 cujus
1820 3198 2002 3246 tamen

437 3277 685 3333 meminit
716 3277 771 3332 in
802 3278 1040 3348 Epistola
1066 3280 1189 3345 112,
1223 3298 1279 3335 n.
1309 3281 1399 3344 2n,
1448 3296 1594 3337 anno
1629 3284 1755 3347 404,
1790 3282 1854 3337 ad
1888 3284 2002 3337 Au-

436 3366 717 3435 gustinum
744 3368 932 3423 missa.
961 3368 1086 3426 Dies
1115 3386 1201 3425 me
1233 3371 1467 3436 deficiet,
1514 3374 1559 3428 si
1589 3375 1770 3429 omnia
1815 3390 2005 3429 recent-

437 3469 560 3511 sere
590 3458 747 3512 velim
791 3474 913 3528 quae
960 3466 1202 3515 veterum
1260 3463 1588 3532 scriptorum
1638 3479 1802 3533 opera
1852 3466 2004 3533 prius

438 3546 643 3601 omissa
674 3548 731 3601 in
762 3548 901 3603 libro
928 3547 1005 3602 De
1043 3551 1169 3603 viris
1193 3551 1517 3616 illustribus,
1564 3554 1618 3607 in
1650 3555 1770 3608 aliis
1816 3566 2003 3624 postea

436 3637 909 3692 lucubrationibus
940 3637 1379 3711 Hieronymianis
1407 3644 1779 3697 enuntiautur.
1800 3644 2001 3700 Verum

438 3727 574 3781 satis
622 3726 738 3780 haec
792 3737 997 3782 sunto:
1035 3744 1102 3784 ex
1155 3732 1356 3801 quibus
1417 3733 1484 3789 lis
1526 3735 1705 3789 omnis
1736 3734 2003 3806 dirempta

431 3831 554 3873 esse
582 3816 813 3874 videtur.

502 3905 581 3961 Ne
609 3909 733 3977 quis
764 3916 942 3964 autem
976 3919 1125 3981 putet
1156 3913 1240 3967 his
1266 3912 1483 3971 duobus
1503 3917 1880 3973 tantummodo
1903 3933 1996 3974 an-

436 3998 603 4067 tiquis
630 3998 887 4056 Patribus
944 4002 1215 4072 Epistolas
1264 4004 1331 4059 de
1354 4006 1555 4075 quibus
1585 4008 1797 4077 agimus
1829 4009 2002 4065 fuisse

434 4100 749 4162 perspectas
776 4113 789 4148 :
819 4095 1083 4164 siquidem
1113 4104 1168 4151 et
1197 4097 1332 4152 alios
1358 4099 1683 4155 vetustiores
1720 4101 1839 4157 illas
1854 4102 1999 4155 haud

434 4181 720 4252 ignorasse
752 4186 1119 4255 comperimus
1151 4203 1213 4242 ex
1258 4189 1529 4258 plerisque
1560 4190 1695 4245 locis
1722 4193 1998 4261 parallelis

429 4274 631 4331 Justini
661 4277 936 4348 martyris,
974 4277 1270 4335 Clementis
1324 4280 1695 4346 Alexandrini,
1743 4281 1997 4354 Cypriani

433 4375 597 4437 atque
628 4368 853 4439 insuper
874 4370 1117 4438 ejusdem
1168 4369 1513 4441 Hieronymi,
1548 4389 1668 4441 qua:
1711 4374 1997 4445 diligenter

2108 1910 2193 1959 est
2217 1903 2434 1957 mentiri
2463 1902 2655 1966 Deum,
2693 1902 3041 1971 fortissimum
3081 1902 3331 1956 solatium
3362 1900 3676 1963 habeamus,

2107 1996 2200 2067 qui
2226 1994 2572 2067 confugimus
2590 1995 2656 2048 ad
2673 1994 2961 2049 tenendam
2986 1996 3316 2063 propositam
3340 2008 3511 2062 spem.
3532 1990 3594 2046 ll.
3617 1990 3678 2046 In

2107 2087 2281 2158 Epist.
2317 2089 2343 2142 1
2378 2087 2445 2141 ad
2484 2085 2750 2147 Corinth.,
2786 2100 2908 2153 cap.
2940 2084 2994 2147 4,
3029 2085 3103 2138 ita
3134 2083 3327 2139 scribit
3381 2081 3439 2137 S.
3470 2081 3633 2137 Pater
3658 2100 3676 2137 :

2108 2178 2405 2234 Emulatio
2445 2178 2635 2247 eﬂ'ecil,
2690 2184 2749 2229 ut
2770 2174 2972 2244 Joseph
3004 2173 3072 2227 ad
3095 2182 3322 2228 mortem
3348 2188 3523 2242 usque
3547 2187 3678 2244 per-

2105 2272 2437 2327 secutionem
2465 2270 2778 2330 sustineret,
2805 2277 2857 2322 et
2874 2267 2929 2321 in
2963 2267 3279 2322 servitutem
3301 2264 3671 2321 addiceretur.

2106 2363 2306 2417 Eadem
2347 2362 2602 2432 loquendi
2651 2362 2791 2415 ratio
2821 2361 2877 2414 in
2916 2360 3077 2429 epist.
3118 2358 3154 2413 2
3206 2357 3273 2412 ad
3301 2360 3515 2428 virgin.,
3544 2373 3671 2428 cap.

2106 2455 2170 2509 8:
2196 2452 2381 2509 Nonne
2410 2452 2848 2523 pulchritudinem
2874 2452 3030 2521 hujus
3052 2452 3188 2505 casti
3214 2461 3263 2506 et
3290 2452 3415 2505 recti
3434 2449 3674 2522 (Ioseph)

2106 2547 2393 2614 concupivit
2426 2545 2656 2601 mulier?
2696 2552 2754 2597 ut
2797 2546 2853 2597 in
2894 2544 3309 2612 concupiscentia
3328 2560 3446 2596 cum
3472 2560 3576 2597 non
3616 2560 3676 2597 se

2106 2638 2381 2707 subjiceret
2404 2647 2453 2691 et
2481 2638 2759 2691 inclinaret
2799 2645 2857 2689 ut
2890 2637 3085 2705 faceret
3116 2636 3381 2690 libidinem
3403 2646 3453 2689 et
3480 2636 3672 2690 uolun-

2107 2739 2266 2783 tatem
2293 2730 2427 2799 ejus,
2454 2730 2509 2783 in
2536 2744 2751 2784 omnem
2777 2728 3125 2783 afﬂictionem
3152 2736 3207 2782 et
3236 2727 3290 2781 in
3311 2742 3522 2781 omnem
3541 2743 3673 2782 cru-

2104 2824 2307 2876 ciatum
2335 2822 2632 2891 conjiceret
2673 2822 2848 2875 virum
2870 2822 3079 2891 justum
3118 2836 3293 2891 usque
3316 2822 3382 2875 ad
3411 2827 3669 2875 mortem.

2104 2911 2192 2965 lll.
2223 2912 2280 2967 ln
2312 2913 2470 2982 epist.
2506 2912 2534 2966 1
2569 2910 2637 2964 ad
2664 2911 2851 2981 uirgin.
2903 2912 3087 2966 laudat
3123 2911 3374 2965 Clemens
3400 2912 3673 2980 operarios

2104 3006 2370 3059 imitantes
2414 3004 2630 3059 Patrem
2680 3012 2735 3059 et
2781 3002 2982 3058 Filium
3019 3010 3073 3059 et
3105 3002 3367 3074 Spiritum
3391 3013 3671 3059 sanctum.

2107 3099 2317 3164 Quibus
2350 3097 2527 3151 affinia
2558 3113 2623 3151 ex
2658 3098 2763 3151 alio
2790 3097 3034 3166 ejusdem
3078 3093 3373 3150 Clementis
3399 3096 3519 3150 loco
3543 3110 3676 3165 pro-

2109 3189 2211 3243 fert
2267 3188 2325 3242 S.
2381 3187 2643 3251 Basilius,
2702 3187 2782 3241 sic
2834 3186 3085 3255 inquiens
3129 3184 3258 3255 (5):
3326 3185 3382 3239 '0
3439 3183 3676 3253 Κλήμης

2107 3278 2676 3351 ἀρχαῖκώτερον·«Ζῇ,
2728 3280 2911 3347 φησὶν,
2972 3278 3001 3329 ὁ
3049 3275 3200 3340 Θεὸς,
3258 3276 3350 3329 καὶ
3405 3277 3434 3327 ὁ
3471 3271 3676 3345 Κύριος

2119 3371 2324 3442 Ἰησοῦς
2358 3370 2609 3441 Χριστὸς,
2659 3371 2752 3423 καὶ¹
2790 3370 2851 3422 τὸ
2898 3368 3121 3440 Πνεῦμα
3176 3368 3236 3421 τὸ
3286 3367 3460 3437 ἅγιον.
3490 3390 3509 3421 ι
3547 3368 3676 3422 Cle-

2105 3481 2248 3518 mens
2310 3462 2841 3531 simpliciusnl’ivit,
2923 3462 3111 3531 inquit,
3164 3460 3325 3523 Deus,
3379 3468 3429 3513 el
3481 3459 3673 3512 Domi-

2105 3576 2202 3611 nus
2259 3556 2415 3611 Jesus
2470 3555 2735 3617 Christus,
2796 3564 2845 3607 et
2892 3554 3125 3623 Spiritus
3179 3561 3416 3607 sanctus.
3473 3572 3492 3604 ι
3547 3551 3671 3605 Alia

2103 3650 2372 3719 ejusmodi
2400 3647 2545 3702 haud
2579 3660 2750 3716 pauca
2801 3646 2854 3698 in
2896 3652 3148 3714 promptu
3180 3651 3343 3697 erunt
3396 3641 3672 3712 Epistolas

2102 3740 2481 3797 Corinthiacus
2512 3753 2574 3793 ac
2632 3737 2885 3809 Syriacas
2941 3742 3144 3789 attente
3174 3732 3402 3803 legenti,
3464 3748 3672 3801 easque

2103 3829 2294 3884 sedulo
2323 3826 2554 3880 invicem
2579 3824 2913 3889 conferenti;
2946 3823 3145 3892 quibus
3174 3820 3401 3891 proinde
3425 3821 3671 3875 referen-

2103 3921 2190 3975 dis
2250 3918 2685 3989 supersedemus.
2752 3914 2854 3968 Hic
2899 3923 3083 3968 tamen
3138 3914 3270 3968 illud
3321 3914 3669 3969 solummodo

2100 4029 2320 4069 rursum
2353 4012 2622 4081 subjicere
2653 4010 2852 4078 placet,
2884 4008 3029 4078 quod
3078 4023 3147 4063 ex
3196 4006 3315 4060 viro
3345 4005 3669 4060 doctissimo

2102 4104 2178 4174 (6)
2212 4104 2466 4173 superius
2512 4101 2883 4173 protulimus:
2944 4117 2963 4149 ς
2995 4098 3113 4163 Quo
3168 4098 3518 4169 singularior,
3564 4097 3665 4159 ait,

2099 4204 2184 4252 est
2215 4194 2487 4251 sententia
2523 4194 2719 4247 iterum
2753 4192 2984 4261 prolata,
3015 4206 3080 4246 eo
3110 4192 3291 4260 aptior
3318 4197 3402 4244 est
3442 4190 3508 4243 ad
3540 4204 3669 4258 per-

2098 4288 2457 4353 suadendum,
2489 4286 2747 4355 epistolas
2800 4285 2854 4338 in
2903 4284 3101 4353 quibus
3158 4284 3361 4352 pariter
3387 4282 3664 4345 laudatur,

2103 4383 2172 4437 ab
2201 4397 2311 4435 uno
2341 4386 2565 4433 auctore
2597 4376 2886 4446 proficisci.
2920 4374 3097 4428 Unum
3132 4375 3273 4427 enim
3307 4373 3669 4441 eumdemque

431 4459 737 4528 conquisita
765 4460 941 4530 exegit
987 4461 1051 4515 ad
1082 4459 1419 4517 Clementina
1469 4464 1723 4520 laudatus
1758 4464 1997 4522 Wetste-
2027 4492 2072 4548 ι)
2098 4474 2301 4533 locum,
2357 4470 2449 4523 ubi
2481 4482 2600 4521 sese
2630 4466 2785 4520 offert
2812 4463 3051 4529 occasio,
3081 4464 3148 4517 ab
3177 4464 3366 4518 eodem
3397 4464 3670 4532 scriptore

430 4551 559 4605 nius
589 4552 689 4621 (4).
746 4551 814 4606 Ει
853 4569 917 4608 ea
964 4554 1184 4623 quidem
1237 4556 1325 4610 hic
1375 4556 1689 4614 describere
1720 4560 1992 4616 libuisset.

430 4640 632 4697 Verum
665 4660 763 4714 pro
790 4645 1024 4701 instituti
1072 4647 1244 4702 nostri
1278 4648 1489 4703 ratione
1540 4650 1712 4705 satius
1740 4651 1997 4708 duximus

429 4732 520 4787 illa
555 4735 983 4803 praetermittere,
1017 4752 1083 4791 ne
1139 4737 1353 4807 longius
1382 4754 1546 4808 quam
1574 4754 1673 4809 par
1700 4741 1771 4796 sit
1799 4757 1986 4797 excur-

429 4831 514 4876 rat
543 4824 738 4879 oratio.

501 4912 641 4969 Xlll.
674 4914 1123 4987 Quandoquidem
1170 4932 1300 4973 vero
1330 4926 1525 4988 praeter
1554 4929 1870 4990 argumenta
1901 4940 1995 4978 ex—

429 5017 579 5061 terna
605 5023 635 5061 e
658 5014 902 5063 veterum
936 5009 1263 5067 testimoniis
1302 5020 1563 5081 usurpata
1594 5030 1714 5081 quae
1744 5017 1812 5071 ab
1841 5018 1993 5087 obje-

428 5098 704 5153 ctionibus
732 5098 996 5155 hactenus
1025 5116 1125 5171 pro
1167 5103 1372 5158 viribus
1401 5103 1819 5167 vindicavimus.
1854 5124 1993 5177 prae.

427 5198 514 5245 sto
544 5199 674 5247 sunt
702 5206 920 5261 quoque
957 5194 1163 5246 interna
1197 5194 1396 5263 quibus
1443 5194 1757 5251 earumdem
1789 5200 1993 5267 episto-

427 5283 602 5338 Iarum
635 5283 920 5353 integritas
956 5285 1126 5354 magis
1156 5286 1435 5356 magisque
1472 5286 1867 5356 confirmatur;
1927 5306 1991 5346 ea

496 5464 542 5495 “
571 5462 738 5517 Hebr.
762 5478 837 5526 vi,
874 5464 960 5518 18.

496 5624 574 5693 (5)
604 5623 683 5696 ᾼᾴ
709 5624 907 5682 Euseb.
936 5626 1009 5696 ῌ.
1040 5625 1122 5684 Ε..
1150 5625 1375 5696 lib._vu,
1404 5640 1524 5696 cap.
1561 5626 1654 5682 24.

500 5696 579 5773 (ii
595 5694 897 5773 _Wet_sten.,
932 5695 1103 5765 Epist.
1129 5697 1193 5750 ad
1215 5693 1294 5773 _H.
1318 5693 1564 5773 Verrem,
1582 5712 1743 5773 pagg.
1785 5699 1848 5757 10
1870 5716 1983 5773 seq.

426 5772 480 5819 et
516 5764 769 5820 Biblioth.
802 5764 1025 5833 raison.,
1062 5776 1191 5821 tom.
1215 5766 1257 5831 1,
1293 5774 1394 5821 art.
1420 5766 1472 5835 8,
1496 5782 1548 5839 p.
1582 5764 1701 5823 565.

2098 4564 2152 4617 in
2184 4562 2371 4617 eodem
2401 4575 2584 4628 opere,
2614 4564 2819 4627 quanto
2853 4555 3026 4626 magis
3078 4555 3133 4609 in
3182 4556 3440 4619 diversis,
3470 4559 3668 4610 iterato

2096 4656 2251 4711 citari
2280 4653 2409 4723 quid
2444 4650 2680 4705 mirum?
2709 4667 2727 4700 ι
3187 4692 3197 4699 .

2171 4747 2375 4802 Deinde
2424 4742 2720 4807 scribendi,
2776 4742 3023 4812 exempla
3068 4740 3126 4794 in
3170 4739 3405 4793 medium
3460 4739 3668 4809 produ-

2100 4838 2289 4901 cendi,
2325 4845 2379 4892 et
2422 4832 2781 4889 ratiocinandi
2834 4833 3157 4895 methodus,
3206 4832 3393 4886 eadem
3439 4833 3667 4885 omnino

2099 4929 2387 4998 utrobique
2417 4927 2749 4996 perhibetur.
2787 4923 2950 4979 Verbi
3008 4938 3171 4978 causa
3194 4963 3209 4987 ,
3239 4924 3294 4977 in
3323 4923 3483 4993 epist.
3522 4924 3545 4977 1
3593 4924 3667 4976 ad

2102 5020 2367 5084 Corinth.,
2392 5034 2549 5088 capp.
2580 5017 2712 5071 4-12
2740 5027 2793 5072 et
2821 5018 2947 5071 alibi
2980 5018 3182 5087 passim
3218 5036 3231 5071 :
3287 5014 3663 5081 Recurramus,

2102 5112 2299 5181 inquit,
2358 5111 2428 5163 ad
2467 5126 2642 5164 omnes
2687 5110 3065 5179 generationes.
3091 5140 3159 5149 —
3190 5106 3345 5162 Fixis
3381 5108 3547 5162 oculis
3574 5125 3664 5162 eos

2100 5204 2420 5268 intueamur,
2444 5201 2534 5271 qui
2579 5201 2874 5269 magni/ica:
2910 5201 3023 5268 ejus
3065 5200 3247 5271 gloriae
3286 5200 3511 5269 perfecte
3550 5216 3666 5251 ser-

2100 5297 2323 5349 vierunt.
2398 5293 2683 5349 Sumamus
2744 5292 2943 5357 Enoch,
2999 5300 3204 5347 etc.—
3239 5289 3341 5345 Sed
3385 5299 3439 5343 ut
3489 5296 3666 5343 vetera

2170 5630 2246 5697 (ες)
2277 5628 2347 5683 De
2379 5627 2518 5696 Spir.
2553 5635 2748 5690 sanct.,
2786 5641 2907 5697 gap.
2935 5624 3026 5687 29,
3062 5622 3232 5697 979...

2168 5691 2242 5771 (6)
2275 5691 2552 5765 Coutant.,
2582 5698 2752 5767 Epist.
2776 5691 2925 5751 Rom.
2975 5691 3183 5764 pon'tif.,
3212 5708 3333 5765 pag.
3362 5691 3488 5763 39,5
3536 5692 3586 5748 5.
