3936 6172
301 305 409 359 117

1571 299 1915 356 ΡΗΟἚΜΙΑ
1952 296 2339 356 VABIORUM.

3429 295 3532 350 H8

290 420 539 488 exempla
562 418 945 487 relinquamus,
993 418 1257 470 ueniamus
1290 413 1359 467 ad
1410 414 1676 483 proximos
1703 413 1868 467 athle—
1900 422 1945 480 Α
1972 414 2184 482 aliaque
2228 412 2405 481 plura,
2436 426 2555 481 qua:
2586 411 2665 465 in
2692 408 2910 466 solertis
2959 410 3179 465 lectoris
3220 408 3417 464 oculos
3442 425 3536 479 ge-

295 524 409 575 tas,
447 522 498 566 et
531 510 714 565 sa’culi
745 510 913 564 nostri
940 524 1194 578 generosa
1226 505 1465 574 exempla
1494 521 1866 573 proponamus.

296 604 485 658 Habes
511 611 693 657 autem
724 602 1001 659 simillima
1025 608 1081 654 et
1117 598 1359 653 maxime
1384 597 1599 668 gemina
1615 596 1671 651 in
1698 596 1869 665 Epist.

293 694 334 747 2
418 693 489 746 ad
548 693 737 762 virgin.
796 707 954 763 capp.
1000 692 1174 747 7-15:
1228 690 1633 745 Consideremus
1684 690 1869 760 igitur,

296 785 522 853 fratres,
545 794 593 838 et
615 782 881 838 rideamus
898 782 1155 853 quomodo
1172 782 1463 836 conuersati
1480 781 1675 850 fuerint
1697 797 1872 834 omnes

291 883 481 947 patres
494 876 633 945 justi
662 883 770 929 toto
803 884 1034 943 tempore
1062 874 1405 928 habitationis
1434 875 1554 927 vim:
1603 889 1750 928 suae:
1793 874 1875 926 in-

295 969 579 1039 quiramus
606 976 657 1022 et
678 976 972 1022 scrutemur
1003 984 1035 1021 a
1063 965 1196 1036 Lege
1225 966 1293 1019 ad
1328 966 1376 1018 Ν
1385 983 1535 1020 ovum
1572 965 1877 1020 Testamen-

301 1068 443 1113 tum.
474 1089 544 1099 —
583 1057 654 1112 Et
710 1076 773 1113 ne
822 1059 978 1114 nimis
1028 1058 1239 1128 longum
1270 1058 1531 1126 faciamus
1587 1074 1876 1111 sermonem

298 1158 581 1217 nostrum,
627 1150 753 1220 quid
784 1150 986 1203 dictum
1020 1160 1097 1203 est
1142 1149 1207 1204 de
1237 1149 1463 1203 Domino
1480 1148 1610 1204 Jesu
1638 1150 1878 1205 Christo?

301 1239 429 1308 Ipse
449 1240 710 1296 Dominus
758 1258 876 1295 cum
912 1240 1189 1295 duodecim
1238 1240 1535 1310 discipulis,
1562 1249 1668 1296 etc.
1717 1240 1871 1295 Scili-

299 1341 411 1395 cet,
456 1348 578 1388 mos
618 1343 736 1389 erat
779 1332 1079 1402 Clementi,
1128 1348 1411 1389 sacrarum
1470 1331 1876 1404 Scripturarum

301 1424 740 1491 studiosissimo,
770 1441 834 1480 ex
876 1426 1164 1496 utriusque
1193 1424 1440 1481 Fmderis
1471 1426 1683 1496 paginis
1702 1426 1878 1495 plera-

295 1530 412 1586 que
441 1516 693 1586 exempla
723 1515 1035 1581 desumere,
1081 1532 1203 1588 quae
1242 1517 1493 1571 instituto
1518 1532 1619 1571 suo
1668 1529 1880 1571 summe

296 1611 661 1680 congruentia
693 1610 1066 1681 perspiceret:
1111 1610 1257 1678 quod
1290 1609 1510 1679 quidem
1552 1610 1607 1662 in
1650 1616 1880 1680 utroque

297 1700 674 1770 Epistolarum
697 1702 834 1770 pari,
872 1702 1063 1755 eodem
1095 1700 1255 1769 plane
1279 1707 1492 1762 tenore,
1526 1699 1662 1754 satis
1692 1706 1878 1769 aperte

1973 510 2119 565 mina
2149 526 2375 580 prorsus
2402 510 2516 566 sive
2557 508 2612 563 in
2656 506 3024 562 Corinthiacis
3063 506 3177 563 sive
3206 507 3261 560 in
3295 504 3535 575 Syriacis

1971 601 2273 657 incurrunt.
2298 602 2379 654 Ad
2411 601 2544 664 haec,
2572 614 2754 656 mores
2783 614 2911 655 vere
2944 596 3250 667 apostolici,
3278 595 3533 666 simplici-

1972 699 2079 758 tas,
2102 692 2387 755 modestia,
2408 692 2714 763 frugalitas,
2738 690 3071 761 benignitas.
3097 696 3152 744 et
3174 695 3388 743 caatera.
3417 686 3535 742 Uno

1972 782 2161 846 verbo,
2192 790 2480 852 utrumque
2527 781 2877 851 epistolarum
2919 795 3016 849 par
3072 780 3249 833 vivam
3291 777 3540 833 Clemen-

1972 870 2045 925 tis
2076 870 2366 942 imaginem
2398 869 2601 925 referre
2623 910 2637 934 ,
2669 884 2733 925 ac
2763 876 2972 923 tantum
3006 884 3116 924 non
3149 868 3357 938 spirare
3391 882 3542 922 com-

1974 963 2200 1032 perilur.

2043 1050 2184 1107 XIV.
2221 1051 2480 1121 Superest
2539 1058 2597 1106 ut
2634 1051 2763 1105 illud
2796 1066 3014 1122 quoque
3070 1050 3345 1105 diluamus
3392 1050 3541 1119 quod

1974 1142 2059 1196 vir
2086 1142 2336 1198 eruditus
2363 1158 2504 1213 saepe
2542 1142 2795 1197 laudatus
2835 1143 3079 1211 ingerere
3110 1141 3255 1196 haud
3299 1148 3538 1195 veretur.

1975 1232 2260 1297 Nimirum,
2292 1232 2466 1303 inquit
2492 1231 2591 1303 (7),
2615 1250 2633 1283 ι
2665 1240 2856 1285 auctor
2887 1246 2946 1285 se
2974 1231 3090 1301 ipse
3114 1229 3417 1301 virginibus
3439 1228 3545 1283 fra-

1975 1322 2151 1376 tribus
2176 1321 2497 1376 adnumerat
2530 1320 2632 1392 (8),
2686 1328 2740 1375 et
2791 1337 2949 1375 suum
3004 1320 3312 1391 exemplum
3344 1319 3453 1373 illis
3485 1318 3545 1374 in

1976 1416 2122 1470 omni
2153 1416 2566 1471 conversatione
2594 1413 2917 1468 imitandum
2951 1411 3394 1482 preponit.Quod
3423 1413 3545 1483 qui-

1976 1510 2101 1565 dem
2130 1508 2336 1564 factum
2369 1506 2710 1573 historicum,
2758 1506 2804 1561 si
2836 1520 3120 1561 censorem
3156 1505 3302 1560 hunc
3329 1505 3543 1569 audias,

1978 1618 2008 1657 a
2035 1601 2331 1658 Clementis
2384 1614 2621 1671 persona
2660 1614 2781 1655 esse
2826 1598 3043 1654 videtur
3073 1598 3356 1653 alienum:
3411 1599 3545 1668 quin

1978 1702 2177 1751 etcum
2210 1694 2383 1764 ipsius
2413 1693 2709 1748 Clementis
2738 1690 3085 1746 confessione
3120 1692 3425 1746 consistere
3454 1708 3548 1746 ne-

297 1790 609 1845 factitatum
639 1793 935 1848 cernimus.
966 1790 1032 1843 Et
1061 1791 1150 1844 hic
1193 1805 1431 1860 quoque,
1463 1797 1521 1843 ut
1551 1805 1692 1859 saepe
1720 1791 1874 1850 alias,
1908 1780 1952 1835 Β
1980 1786 2134 1857 quit;
2167 1786 2215 1840 si
2246 1800 2367 1855 quas
2395 1785 2451 1838 in
2480 1783 2652 1854 prima
2687 1798 2919 1853 persona
2949 1784 3004 1837 in
3048 1782 3278 1853 epistola
3312 1783 3430 1852 ejus
3479 1784 3546 1845 ad

300 1881 561 1949 apostolo
603 1879 774 1934 Paulo
830 1887 1148 1936 constanter
1192 1880 1462 1935 adhaeret:
1515 1880 1608 1948 qui
1643 1879 1878 1948 primum

202 1974 211 1979 ’
296 1971 343 2002 δ’
399 1972 846 2042 patriarcharum
893 1982 945 2027 et
980 1972 1369 2042 prophetarum
1425 1979 1576 2041 gesta
1638 1970 1878 2027 Hebraeis

298 2070 432 2117 ante
463 2063 658 2119 oculos
711 2077 941 2133 ponens,
997 2078 1093 2117 eos
1124 2064 1192 2117 ad
1224 2063 1384 2118 ﬁdem
1415 2062 1750 2119 retinendam
1786 2063 1883 2117 ad-

297 2153 592 2221 hortatur;
633 2154 828 2210 deinde
870 2156 1171 2225 propositis
1224 2153 1429 2211 Christi
1470 2162 1524 2210 et
1566 2160 1881 2210 sanctorum

296 2247 594 2316 exeruplis,
618 2246 687 2301 ad
717 2246 1031 2302 tolerandas
1054 2246 1343 2317 passiones
1364 2287 1381 2312 ,
1412 2246 1479 2302 ad
1510 2262 1723 2317 pacem,
1750 2263 1884 2301 con-

297 2337 551 2391 cordiam
603 2343 658 2391 et
709 2340 1055 2394 sanctitatem
1116 2338 1441 2393 servandam
1490 2338 1614 2395 illos
1664 2339 1884 2393 allicere

298 2429 508 2493 studet,
544 2429 623 2483 ita
652 2428 871 2485 demum
901 2431 1204 2487 orationem
1236 2431 1571 2488 concludens
1602 2448 1615 2486 :
1661 2431 1884 2502 Ideoque

295 2531 351 2575 et
375 2539 473 2576 nos
505 2530 713 2577 tantam
754 2522 998 2578 habentes
1055 2523 1588 2593 impositamnubem
1648 2526 1880 2589 testium,

295 2613 619 2683 deponentes
649 2631 799 2670 omne
824 2616 1049 2686 pondus,
1087 2625 1138 2670 et
1180 2618 1528 2671 circumstans
1560 2634 1653 2671 nos
1703 2633 1885 2685 pecca-

300 2716 439 2767 tum,
475 2723 565 2776 per
594 2710 902 2778 patientiam
953 2725 1231 2763 curramus
1264 2708 1333 2763 ad
1378 2711 1703 2779 propositum
1734 2710 1883 2765 nobis

299 2808 597 2854 certamen.

376 2891 569 2961 Neque
606 2892 771 2947 etiam
792 2893 1155 2971 omittendum
1192 2901 1449 2964 putamus
1492 2912 1663 2951 unum
1693 2898 1777 2953 vel
1806 2898 1884 2952 al-

298 2993 485 3040 terum
517 2984 641 3054 styli
672 2984 957 3048 indicium,
997 2985 1143 3039 haud
1186 2986 1407 3055 quidem
1452 2988 1731 3057 exiguum,
1776 3004 1886 3059 quo

298 3076 485 3145 magis
524 3074 702 3129 adhuc
729 3075 782 3130 id
806 3076 952 3145 quod
982 3076 1350 3143 intendimus,
1383 3077 1759 3133 conﬁrmatur.
1802 3079 1879 3133 En

300 3166 442 3222 illud
477 3181 545 3222 ex
583 3166 746 3237 epist.
785 3168 811 3224 1
852 3166 920 3223 ad
962 3168 1204 3225 Corinth.
1230 3184 1354 3241 cap.
1388 3171 1462 3225 ὃς
1500 3171 1659 3236 Hinc,
1677 3171 1876 3242 inquit,

300 3258 603 3324 mutatio,
662 3261 895 3325 invidia,
956 3263 1253 3327 contentio,
1304 3262 1512 3328 seditio,
1567 3264 1875 3332 persecutio,

298 3349 821 3415 commotio,bellum
849 3360 899 3406 et
920 3354 1197 3422 captivitas
1222 3364 1526 3410 manarunt.
1549 3353 1749 3423 Etcap.
1767 3356 1835 3409 35
1861 3375 1874 3411 :

304 3437 426 3493 Nos
471 3440 635 3509 igitur
678 3458 882 3495 summa
915 3442 1090 3497 studio
1146 3443 1520 3497 contendamus
1564 3446 1617 3497 in
1666 3462 1881 3501 numero

297 3532 720 3598 exspectantium
769 3549 887 3586 eum
936 3535 1170 3601 reperiri,
1204 3565 1273 3575 —-
1305 3534 1608 3604 abjicientes
1653 3553 1686 3589 a
1733 3536 1879 3590 nobis

301 3638 514 3675 omnem
536 3624 856 3691 injustitiam
886 3635 935 3679 et
959 3626 1307 3695 iniquitatem,
1335 3626 1639 3690 avaritiam,
1670 3637 1881 3682 conten-

303 3714 501 3777 tiones,
539 3715 895 3785 malignitates
918 3726 968 3771 et
1001 3718 1238 3786 fraudes,
1264 3734 1513 3773 susurros
1541 3729 1590 3772 et
1619 3719 1884 3773 obtrecta-

302 3806 500 3872 tiones,
532 3806 711 3860 odium
742 3808 861 3873 Dei,
886 3810 1185 3880 superbiam
1226 3821 1276 3865 et
1311 3814 1733 3877 ostentationem,
1764 3813 1882 3865 ina-

299 3913 425 3950 nem
508 3900 733 3967 gloriam
803 3910 956 3970 atque
1025 3918 1258 3957 amorem
1344 3904 1615 3957 vanitatis.
1684 3900 1882 3959 Confer

301 3988 436 4052 ista,
492 3992 539 4043 si
590 3992 789 4060 placet,
836 4008 960 4047 cum
1015 3994 1098 4049 his
1158 4010 1281 4064 quas
1333 3996 1590 4065 leguntur
1620 3994 1676 4049 in
1706 3994 1878 4065 Epist.

303 4079 333 4131 1
365 4078 436 4130 ad
460 4080 646 4150 eirgin.
698 4096 819 4151 cap.
852 4082 923 4137 8:
982 4082 1086 4149 Qui
1115 4100 1230 4138 vere
1286 4084 1465 4153 ﬁdeles
1516 4093 1660 4147 sunt,
1712 4086 1806 4149 ait,
1834 4094 1883 4138 et

301 4168 531 4234 spiritus
563 4166 763 4222 Christi
815 4170 1021 4225 habitat
1053 4172 1107 4225 in
1139 4173 1290 4241 ipsis,
1345 4174 1399 4227 in
1445 4174 1553 4227 illis
1583 4191 1687 4228 non
1715 4183 1883 4242 potest

300 4274 420 4311 esse
453 4260 704 4329 cogitatio
731 4263 908 4316 carnis
935 4278 953 4325 ;
977 4280 1093 4333 qua:
1113 4273 1191 4319 est
1221 4266 1499 4330 scortatio,
1529 4266 1879 4335 impudicitia,

303 4351 616 4418 impuritas,
667 4351 998 4418 idololatria,
1047 4356 1371 4424 veneﬁcium,
1405 4357 1709 4421 inimicitia,
1748 4357 1883 4412 invi-

1980 1878 2291 1934 Corinthios
2317 1876 2635 1941 efferuntur,
2666 1876 2734 1930 ad
2784 1877 2961 1946 ipsum
2986 1890 3203 1947 quoque
3233 1874 3457 1940 referre,
3488 1884 3549 1930 ut

1981 1977 2195 2040 Oportet
2225 1970 2271 2025 si
2303 1970 2437 2024 nihil
2470 1970 2672 2032 obstet,
2703 1968 2882 2022 liceat.
2912 1967 3178 2037 Loquitur
3198 1977 3396 2033 autem,
3418 1968 3553 2023 sub-

1981 2060 2062 2116 dit
2093 2062 2177 2114 vir
2196 2060 2441 2123 criticus,
2474 2057 2536 2112 de
2562 2056 2814 2112 uxoribus
2853 2066 2903 2111 et
2935 2056 3114 2111 liberis
3162 2057 3379 2120 nostris,
3423 2071 3549 2109 cum

1981 2149 2115 2205 dicit
2146 2149 2223 2223 (9)
2253 2170 2265 2205 :
2328 2151 2525 2205 Uxores
2562 2158 2791 2204 nostras
2856 2148 2925 2202 ad
2957 2148 3011 2202 id
3064 2147 3203 2219 quod
3243 2147 3434 2201 bonum
3470 2156 3550 2202 est

1981 2244 2340 2315 corrigamus;
2377 2272 2448 2282 —
2472 2242 2622 2296 liberi
2650 2242 2819 2296 nostri
2852 2240 3147 2309 disciplina:
3195 2237 3395 2294 Christi
3426 2254 3552 2307 para

1984 2334 2160 2401 ticipes
2187 2334 2315 2398 sint,
2345 2341 2452 2388 etc.
2484 2333 2584 2388 Cui
2616 2331 2824 2398 nescio,
2858 2330 3076 2385 tandem
3102 2328 3401 2392 concludit,
3420 2342 3549 2381 num

1982 2426 2114 2496 quid
2161 2425 2379 2480 roboris
2433 2424 2638 2488 addat,
2668 2422 2843 2494 quod
2900 2422 3166 2477 Clementi
3225 2420 3553 2491 adiungatur

1984 2517 2186 2588 Grapte
2216 2516 2359 2588 apud
2388 2517 2643 2573 Hermam
2690 2515 2827 2588 (10).
2857 2512 3029 2584 Cujus
3068 2514 3147 2567 rei
3176 2513 3368 2567 melior
3396 2510 3552 2566 reddi

1984 2610 2073 2663 vix
2109 2625 2270 2680 posse
2295 2610 2508 2665 videtur
2540 2609 2699 2673 ratio,
2740 2621 2904 2677 quam
2955 2604 3101 2675 quod
3148 2602 3342 2672 Crapte
3391 2602 3555 2657 fuerit

1984 2695 2273 2753 Clementis
2305 2714 2494 2754 uxor.»
2534 2698 2814 2754 Hactenus
2872 2695 3120 2751 eruditus
3171 2693 3454 2750 Venema:
3500 2700 3555 2748 et

1984 2790 2204 2860 quidem
2242 2792 2377 2848 satis
2403 2792 2563 2847 belle.

2054 2884 2231 2940 Nolim
2274 2886 2527 2956 equidem
2556 2885 2735 2939 virum
2765 2886 2899 2940 clar.
2932 2886 2984 2940 in
3042 2884 3349 2939 caelibatum
3378 2881 3554 2935 eccle-

1987 2977 2271 3034 siasticum
2305 2979 2551 3049 iniquum
2585 2977 2877 3047 suspicari.
2930 2977 2999 3030 At
3048 2976 3183 3031 illud
3215 2974 3320 3045 ipsi
3350 2972 3556 3029 condo-

1986 3072 2225 3127 nandum
2263 3071 2488 3126 minime
2535 3086 2682 3134 reor,
2747 3070 2892 3140 quod
2946 3085 3059 3125 suae
3107 3068 3393 3123 sententia:
3444 3067 3555 3120 vim

1982 3163 2183 3219 addere
2231 3164 2480 3234 cupiens,
2521 3164 2681 3218 nobis
2737 3161 2999 3217 obtrudat
3047 3161 3195 3215 velut
3257 3159 3557 3213 Clementis

1982 3253 2213 3310 Romani
2244 3255 2552 3319 lcetionem,
2593 3270 2715 3325 quae
2777 3253 3146 3309 Alexandrino
3194 3260 3313 3307 erat
3342 3249 3555 3306 adscri-

1981 3347 2179 3402 henda.
2222 3345 2356 3402 Rem
2398 3346 2590 3417 paucis
2621 3346 2940 3417 attingimus
2972 3345 3115 3399 infra
3167 3342 3323 3415 (li);
3390 3357 3553 3413 quam

1981 3445 2160 3492 tamen
2208 3438 2298 3491 hic
2329 3436 2790 3507 pertractandam,
2848 3442 3218 3492 commentum
3268 3435 3555 3490 Venemia-

1982 3545 2112 3584 num
2141 3528 2367 3601 ﬂagitat,
2405 3546 2514 3585 non
2542 3531 2786 3601 postulat
2842 3528 2934 3585 Sic
2963 3531 3130 3600 igitur
3182 3528 3240 3584 S.
3301 3527 3555 3584 Clemens

1983 3622 2115 3693 (i2):
2136 3624 2245 3685 Τὰς
2261 3625 2519 3691 γυναῖκας
2539 3624 2571 3692 ἡ
2581 3621 2693 3692 μῶν
2719 3622 2810 3674 ἐπὶ
2821 3622 2881 3675 τὸ
2896 3622 3097 3690 ἀγαθὸν
3112 3619 3552 3692 διορθωσώμεθα.

1981 3747 2042 3755 -
2077 3714 2156 3768 Τὰ
2176 3715 2337 3768 τέκνα
2359 3714 2509 3785 ὑμῶν
2533 3715 2630 3785 τῆς
2661 3715 2718 3767 ὲν
2739 3715 2958 3786 Χριστῷ
2998 3714 3243 3778 παιδείας
3278 3714 3556 3785 μεταλαμ-

1982 3805 2311 3859 ϐανέτωσαν.
2332 3805 2389 3860 ld
2408 3814 2491 3861 est
2519 3825 2533 3860 :
2582 3804 2780 3860 Uxores
2808 3816 3019 3860 nostras
3038 3805 3104 3859 ad
3124 3805 3177 3858 id
3208 3805 3344 3875 quod
3363 3804 3555 3858 bonum

1981 3906 2059 3951 est
2070 3898 2391 3967 corrigamus
2401 3895 2538 3951 .-—F
2541 3896 2620 3951 ilii
2642 3898 2797 3951 vestri
2812 3897 3107 3967 disciplima
3121 3897 3321 3952 Christi
3332 3898 3555 3965 partici-

1983 4006 2070 4059 pes
2096 3990 2223 4043 sint.
2257 3989 2336 4044 ita
2367 3997 2686 4045 constanter
2717 3991 2886 4046 codex
2921 4008 3023 4045 ms.
3063 4006 3128 4044 ex
3159 4005 3267 4060 quo
3290 4005 3399 4044 uno
3428 3989 3555 4045 Cle-

1984 4077 2224 4132 mentina
2282 4078 2515 4147 epistola
2564 4079 2666 4133 fuit
2717 4079 3025 4149 desumpta.
3078 4078 3233 4134 Haud
3286 4095 3418 4135 sane
3468 4095 3556 4134 me

1984 4166 2142 4239 fugit,
2177 4169 2321 4237 apud
2366 4168 2698 4225 Clementem
2742 4171 3168 4225 Alexandrinum
3201 4170 3314 4241 (i5)
3368 4171 3459 4240 qui
3488 4185 3554 4224 ex

1986 4256 2232 4314 Romano
2264 4261 2534 4331 integrum
2569 4276 2721 4331 paene
2754 4270 2920 4331 caput
2975 4261 3105 4315 illud
3150 4259 3213 4314 21
3240 4260 3551 4329 exscripsit.

1986 4348 2089 4419 legi
2135 4349 2203 4403 τὰ
2248 4351 2412 4405 τέκνα
2444 4349 2623 4422 ἡμῶν.
2655 4349 2759 4406 Sed
2792 4365 2900 4404 non
2933 4358 3018 4405 est
3064 4350 3283 4405 demum
3307 4365 3407 4403 cur
3431 4347 3556 4404 Cle-

304 4441 423 4505 dia,
458 4443 738 4506 contentio,
770 4443 876 4507 ira,
912 4446 1051 4508 rira,
1110 4446 1324 4513 divisio,
1356 4447 1531 4510 zelus,
1560 4454 1666 4502 etc.
1692 4446 1887 4502 Nonne
1917 4457 1961 4511 ο
1989 4450 2226 4496 mentem
2275 4440 2579 4497 Romanum
2627 4458 2693 4497 ex
2747 4442 3122 4498 Alexandrino
3176 4442 3552 4504 emendemus,

304 4534 565 4589 Clemens
591 4535 879 4607 utrobique
927 4553 987 4591 se
1036 4538 1213 4607 ipsum
1259 4538 1484 4608 prodit?
1532 4540 1733 4610 quippe
1755 4539 1882 4596 Cle-

305 4642 492 4691 mens,
550 4628 794 4698 inquam,
846 4630 1162 4699 scriptionis
1214 4629 1455 4686 Paulina:
1511 4632 1885 4687 characterem

307 4723 515 4791 ubique
539 4722 654 4776 fere
683 4721 951 4787 imitatus,
983 4740 1109 4778 cum
1143 4724 1232 4780 hic
1276 4732 1389 4778 tum
1434 4725 1546 4779 illic
1580 4726 1887 4795 respexisse

304 4813 528 4868 videtur
552 4812 703 4868 Rom.
750 4830 790 4879 ι,
844 4812 1054 4883 29-3l;
1093 4815 1215 4871 Gal.
1247 4833 1299 4883 ν,
1334 4816 1532 4883 19-21ς
1569 4816 1597 4870 I
1632 4818 1769 4871 Tim.
1808 4832 1883 4880 v1,

303 4903 407 4957 4-5
435 4910 492 4957 et
517 4902 581 4956 II
612 4903 750 4962 Tim.
789 4919 874 4969 ιιι,
905 4905 1021 4960 2-5.

380 4995 483 5053 His
516 4995 684 5051 addas
732 4998 894 5052 velim
950 4998 1282 5068 δοξολογίαν,
1329 5000 1561 5055 mediam
1594 5000 1733 5056 inter
1769 5000 1885 5069 epi-

304 5088 533 5151 stolam,
566 5103 716 5143 more
763 5090 951 5143 itidem
1003 5089 1252 5156 Paulino,
1283 5103 1641 5162 usurpatam:
1688 5094 1881 5149 verbo-

306 5196 432 5235 rum
459 5181 673 5252 copiam
696 5198 759 5238 ex
786 5183 988 5238 divinis
1029 5183 1252 5239 Litteris
1298 5185 1502 5255 passim
1534 5185 1833 5240 derivatam
1866 5204 1877 5237 :

378 5358 422 5388 δ’
460 5356 626 5412 Hebr.
654 5376 705 5413 χι
730 5367 783 5414 et
802 5376 902 5423 Axn.

381 5511 461 5598 εἰ)
501 5511 752 5598 Χρηεητη
785 5515 946 5598 raise;
970 5515 1023 5576 εἰς
1060 5531 1181 5598 ρεξς,
1203 5516 1289 5568 ετ.

378 5584 460 5647 (8)
499 5581 697 5654 Clem.,
722 5581 880 5653 epist.
914 5585 949 5637 Ξ
1003 5581 1075 5637 ad
1117 5581 1281 5653 Virg.
1308 5602 1425 5654 cap.
1461 5586 1542 5639 16.

382 5653 672 5725 liitlipist.
707 5655 727 5707 Ι
800 5655 865 5707 ad
891 5654 1053 5725 Cora,
1075 5672 1192 5725 cap.
1221 5657 1309 5709 2|.

381 5722 495 5795 (ιυ)
530 5725 677 5779 l'ast.
708 5725 801 5780 lib.
840 5741 875 5791 I,
910 5728 1008 5781 vis.
1032 5724 1086 5790 2,
1114 5722 1234 5797 cup.
1262 5727 1314 5780 4.

1991 4536 2209 4605 vimque
2237 4534 2538 4590 inferamus
2588 4534 2795 4591 codicis
2849 4550 2951 4591 ms.
3012 4535 3229 4589 lectioni
3261 4549 3385 4589 cum
3416 4535 3550 4589 clar.

1990 4626 2198 4682 editore
2226 4626 2562 4689 Pottero,ac
2594 4626 2810 4683 Davisio
2856 4626 3035 4696 ipsum
3078 4633 3267 4681 secuto
3302 4644 3315 4680 :
3360 4641 3424 4680 eo
3471 4627 3556 4680 vel

1993 4718 2227 4773 maxime
2251 4718 2397 4787 quod
2430 4734 2588 4773 nemo
2616 4718 2824 4772 nesciat
2850 4718 2905 4771 in
2938 4732 3088 4772 more
3123 4717 3360 4787 positum
3386 4716 3557 4771 fuisse

1990 4805 2253 4862 Clementi
2302 4807 2693 4875 Alexandrino,
2737 4809 2791 4863 in
2842 4816 3129 4863 auctorum
3184 4809 3321 4865 locis
3348 4807 3558 4863 descri-

1992 4900 2186 4956 bendis
2218 4901 2323 4954 alia
2361 4902 2704 4965 contrahere,
2758 4901 2865 4955 alia
2915 4901 3121 4965 tollere,
3168 4901 3274 4955 alia
3316 4899 3559 4970 interpo—

1990 5007 2122 5047 nere
2149 4999 2310 5062 atque
2340 5008 2441 5063 pro
2478 4992 2706 5047 arbitrio
2737 5001 2968 5054 mutare,
3019 4992 3204 5048 omnia
3245 5008 3355 5047 uno
3392 4993 3556 5046 verbo

1990 5085 2094 5140 sibi
2124 5087 2437 5156 permittere
2465 5104 2477 5139 :
2504 5084 2648 5154 quod
2682 5093 2737 5140 et
2767 5085 2868 5139 hoc
2899 5086 3018 5155 ipso
3052 5090 3107 5139 in
3134 5085 3311 5154 capite
3333 5084 3560 5138 licenter

1989 5178 2153 5234 nimis
2178 5178 2517 5249 exsequitur,
2546 5186 2606 5232 ut
2638 5176 2781 5247 apud
2819 5176 3139 5231 Wottonum
3175 5176 3353 5230 videre
3382 5183 3486 5229 est.

2048 5514 2158 5581 (ll)
2195 5512 2314 5565 Vid.
2348 5519 2460 5565 not.
2494 5512 2547 5564 in
2573 5527 2692 5579 cap.
2719 5510 2778 5563 ‘2]
2828 5509 2985 5577 epist.
3019 5508 3037 5560 i
3078 5506 3145 5559 ad
3171 5508 3410 5560 Corinth.

2199 5581 2418 5717 glriiinq
2468 5652 2560 5705 lib.
2596 5667 2669 5717 Iv,
2704 5667 2821 5723 cap.
2856 5650 2939 5714 16,
2969 5667 3019 5721 p.
3044 5648 3166 5711 612,
3203 5650 3334 5704 edit.
3379 5650 3555 5706 Oxon.
