3936 6172
432 273 535 327 119

1551 298 1640 354 AD
1676 302 1733 359 S.
1774 305 2188 369 CLEMENTEM
2229 315 2247 369 Ι
2286 317 2539 372 PAPAM.

3560 337 3669 393 120

498 389 638 457 Quid
664 394 887 463 1033755:
904 395 1304 467 ίηίιυίεδῖεειο
1323 422 1335 459 ε
1357 408 1904 478 εοῖίρεθνίιειεωεηε
1920 417 1987 471 τὰ
2016 424 2061 480 Δ
2092 425 2271 480 αὐτόν.
2301 427 2467 495 «Quis
2493 446 2623 503 ergo
2653 435 2793 492 inter
2816 449 2911 495 vos
2936 445 3267 511 generosus?
3293 447 3415 517 quis
3455 452 3671 509 miseri-

498 498 585 517 ννη
619 482 800 517 ἧιιιτιυ.
829 492 877 517 οι
910 486 1086 517 hum...
1115 490 1214 517 ,ιη
1241 498 1466 517 ,μηωνημ
1488 515 1498 517 _
1538 502 1551 517 ι
1620 501 1645 513 ι-
1803 506 1813 516 .
1889 506 1900 517 .

423 477 589 535 τέκνα
619 482 801 552 ὐμῶνε
827 492 883 539 at
910 486 1087 560 ipsum
1114 490 1214 555 τὰς
1241 477 1501 562 γυναῖκαξ
1527 501 1685 571 ήμῶν
1707 506 1999 576 scripsisse

428 572 602 642 iiquet
634 593 647 629 :
679 576 828 647 quod
864 581 1052 652 utique
1097 586 1166 638 ad
1204 583 1454 645 Venemaa
1504 572 1835 652 sententiam
1861 612 1996 654 con-

423 665 750 722 ﬁrmandam
799 670 939 727 satis
990 680 1097 729 est.
1155 674 1270 741 Nae,
1316 680 1410 749 qui
1453 682 1533 737 sic
1569 686 1788 751 sentiat,
1814 689 1996 748 minus

424 760 632 811 attente
660 756 996 816 Clementem
1049 762 1257 835 legerit.
1312 767 1614 841 Siquidem,
1656 777 1804 847 quod
1855 782 1995 837 scri-

422 846 594 915 pserit
626 844 685 903 S.
713 847 872 907 Pater
889 854 987 918 τὰς
1014 860 1275 923 γυναῖκας
1289 862 1465 933 ἡμῶν,
1490 864 1544 920 in
1561 844 1727 925 causa
1749 869 1851 928 fuit
1872 890 1994 931 ver-

421 935 551 991 bum
578 938 1037 1014 διορθωσώμεθας
1072 955 1132 1003 ut
1168 955 1407 1009 sermoni
1441 959 1604 1027 paulo
1648 971 1773 1018 ante
1795 964 1849 1020 in
1881 968 1992 1037 pri-

418 1045 509 1086 ma
538 1046 772 1101 persona
805 1035 1080 1105 instituto,
1114 1043 1490 1117 ἑντραπῶμεν,
1520 1035 1989 1127 αἰδεσθῶμενίτι-

419 1121 703 1193 μήσωμιν,
736 1125 1132 1201 παιδεύσωμεν,
1162 1140 1433 1193 sententia
1471 1121 1817 1215 congrueret.
1850 1148 1989 1206 Cum

416 1223 597 1270 autem
628 1232 753 1272 mox
777 1219 924 1275 aliud
955 1222 1211 1294 loquendi
1233 1242 1406 1303 genus
1431 1244 1677 1306 usurpet,
1699 1241 1988 1312 scripsisse

414 1307 640 1363 omnino
658 1313 963 1371 censendus
984 1325 1068 1373 est
1087 1318 1156 1372 τὰ
1184 1320 1347 1376 τέκνα
1375 1325 1529 1396 ὑμῶν
1554 1346 1569 1382 :
1596 1307 1830 1399 perinde
1848 1349 1911 1389 ac
1939 1337 1987 1391 si

413 1398 484 1453 ab
518 1400 786 1459 orationis
812 1420 977 1461 cursu
1008 1407 1296 1481 abreptus,
1326 1416 1473 1485 quod
1501 1398 1664 1477 modo
1692 1426 1987 1496 scripserat

414 1488 599 1545 minus
628 1489 733 1547 sibi
764 1503 1150 1564 consentanee,
1179 1516 1369 1559 uxores
1392 1517 1604 1563 nostras
1634 1515 1982 1585 corrigamus,

410 1577 703 1635 emendare
734 1583 994 1649 voluerit;
1020 1586 1267 1660 adeoque
1289 1595 1488 1665 stylum
1534 1601 1721 1657 statim
1756 1577 1985 1677 castiga-

410 1668 520 1725 tius
545 1685 842 1737 exacuens,
903 1676 1263 1751 docentisque
1306 1684 1560 1755 dignitati
1613 1668 1978 1764 prospiciens,

407 1762 709 1819 orationem
759 1777 1053 1838 permutat,
1085 1778 1271 1844 atque,
1325 1779 1428 1847 ﬁlii
1481 1786 1637 1838 vestri
1664 1762 1978 1859 suscipiant,
2012 1775 2054 1832 Β

406 1858 820 1915 convenientius
847 1864 1117 1919 rescribit.
1156 1864 1457 1927 Retinenda
1501 1874 1669 1946 igitur
1699 1858 1868 1949 proba
1903 1884 1981 1940 le-

405 1949 518 2004 ctio
545 1963 651 2006 ms.
681 1952 895 2011 codicis
924 1956 1301 2026 Alexandrini,
1325 1978 1389 2018 ac
1415 1970 1605 2035 procul
1638 1975 1980 2031 amandanda

405 2040 474 2097 de
496 2040 695 2115 Grapte
722 2044 1022 2107 Clementis
1080 2065 1253 2109 uxore
1305 2054 1436 2111 hinc
1481 2069 1637 2116 eruta
1664 2066 1979 2136 conjectura

404 2132 509 2188 viri
531 2135 763 2202 eruditi;
790 2140 882 2208 qui
904 2138 1307 2200 Cotelerianam
1364 2153 1672 2207 versionem
1697 2170 1727 2210 a
1766 2156 1979 2216 Clerico

404 2227 735 2283 recensitam
769 2231 885 2287 sive
908 2232 1227 2291 mendosam
1259 2239 1375 2296 sive
1405 2241 1624 2299 inﬁdam
1664 2250 1978 2309 exscribere

402 2318 616 2387 maluit,
647 2336 813 2390 quam
847 2330 1053 2380 textum
1087 2326 1265 2397 ipsum
1293 2335 1601 2392 consulere.

476 2406 584 2466 Sed
630 2412 872 2469 nondum
919 2415 1278 2477 dimittendus
1325 2422 1669 2487 Hermannus
1721 2431 1973 2492 Venema.

402 2498 584 2572 Pergit
616 2504 697 2559 vir
719 2506 978 2563 criticusl
1013 2520 1085 2577 et,
1121 2528 1229 2583 quo
1250 2516 1441 2584 probet
1480 2520 1641 2576 allata
1670 2526 1834 2580 verba
1855 2543 1978 2584 esse

402 2594 716 2664 accipienda
750 2600 896 2654 velut
929 2616 959 2655 a
987 2599 1264 2664 Clemente
1278 2610 1344 2665 de
1368 2627 1425 2666 se
1451 2613 1568 2683 ipso
1590 2617 1827 2684 prolata,
1863 2620 1975 2676 haec

400 2684 589 2739 subdit
624 2705 637 2740 :
673 2705 691 2738 ι
750 2686 901 2745 Licet
958 2696 1177 2752 nomine
1220 2697 1479 2756 Ecclesia:
1527 2701 1808 2773 Romana,
1858 2710 1976 2780 ipse

399 2777 585 2828 tamen
616 2776 902 2846 epistolam
935 2784 1180 2855 scripsit,
1211 2797 1267 2845 et
1288 2791 1355 2846 ad
1382 2808 1440 2848 se
1460 2796 1697 2853 subinde
1718 2776 1975 2870 expresse

399 2862 629 2933 digitum
652 2867 881 2924 intendit
905 2912 919 2936 ,
958 2876 1036 2929 uti
1067 2877 1119 2931 in
1154 2880 1333 2938 verbis
1359 2884 1470 2954 (14)
1504 2905 1516 2939 :
1552 2885 1612 2942 Si
1643 2862 1854 2960 propter
1894 2910 1974 2947 me

398 2956 610 3026 seditio,
664 2972 714 3015 et
744 2961 1032 3032 discordia,
1084 2980 1133 3025 et
1187 2974 1493 3046 schismata,
1528 2956 1759 3049 discedo,
1800 2986 1968 3042 abeo:

402 3050 541 3120 ﬁeri,
587 3052 924 3125 Epiphanius
965 3065 1157 3118 statuit
1182 3066 1350 3137 (15).»
1383 3069 1617 3141 Operam
1678 3076 1816 3132 ludit
1842 3094 1971 3135 ceno

401 3159 496 3198 sor
534 3144 657 3203 iste.
707 3147 773 3203 Et
828 3167 969 3224 aegre
1015 3156 1237 3225 quidem
1290 3159 1611 3230 ferendum,
1664 3169 1810 3238 quod
1861 3188 1971 3228 non

400 3240 733 3308 perspexerit
786 3244 869 3298 vir
911 3248 1136 3306 oculeus
1211 3258 1381 3319 totus,
1435 3255 1793 3328 Epiphanium
1844 3263 1969 3321 Cle-

400 3328 599 3385 mentis
667 3337 993 3391 sententiam
1047 3355 1154 3395 non
1210 3358 1277 3398 ex
1329 3346 1503 3415 ipsius
1552 3350 1811 3420 epistola,
1875 3357 1968 3411 sed

394 3434 462 3475 ex
488 3422 814 3492 quibusdam
848 3436 1259 3492 commentariis
1289 3438 1342 3492 in
1367 3441 1568 3510 quibus
1598 3444 1803 3501 dictum
1836 3448 1968 3505 illud

397 3508 701 3581 invenerat,
727 3519 1111 3593 descripsisse.
1148 3526 1240 3583 Sic
1271 3533 1414 3585 enim
1448 3535 1537 3589 ille
1562 3536 1597 3590 l.
1649 3552 1701 3591 c.
1734 3558 1745 3592 :
1808 3540 1967 3609 Λέγει

393 3605 504 3678 γὰρ
530 3609 587 3663 ὲν
619 3614 717 3681 μιᾷ
744 3614 850 3667 τῶν
878 3616 1173 3672 ἐπιστολῶν
1200 3622 1386 3675 αὑτοῦ·
1422 3618 1731 3700 Ἀναχωρῶ,
1753 3633 1962 3704 ἄπειμι.

509 3703 740 3777 εὕρομεν
790 3710 899 3781 γὰρ
951 3712 1008 3766 ἐν
1059 3732 1202 3770 τισιν
1255 3719 1765 3795 ὑπομνηματισμοῖς
1808 3703 1967 3783 τοῦτο

392 3799 731 3869 ἐγκείμενον.
797 3822 815 3854 ι
846 3804 989 3866 Dicit
1041 3811 1184 3864 enim
1236 3810 1529 3887 (Clemens)
1588 3818 1643 3872 in
1690 3835 1798 3876 una
1833 3821 1960 3894 Epi-

396 3889 662 3944 stolarum
680 3908 924 3951 suarum:
945 3895 1545 3967 Recedo,abeo:...nam
1566 3908 1619 3962 in
1636 3911 1964 3979 quibusdam

392 3982 808 4039 commentariis
834 3985 908 4039 ita
930 3991 1198 4061 scriptum
1228 3996 1591 4064 reperimus»
1643 3998 1785 4066 Quid
1815 4004 1962 4073 quod

394 4072 629 4139 ipsemet
658 4071 1002 4144 Epiphanius
1027 4080 1333 4140 luculenter
1379 4093 1635 4153 testatur,
1666 4092 1809 4160 quod
1833 4071 1962 4149 Cle-

391 4175 548 4215 mens
577 4161 668 4216 illa
716 4164 1021 4234 proferens,
1067 4174 1335 4227 nonnullis
1367 4174 1462 4229 hoc
1515 4178 1669 4232 modo
1719 4183 1958 4238 consule-

388 4248 476 4305 bat
495 4254 521 4307 ?
552 4254 662 4307 τισὶ
687 4254 847 4309 τοῦτο
876 4260 1283 4330 συμϐουλεύωνε
1319 4272 1527 4321 tantum
1554 4269 1729 4335 abest,
1751 4279 1810 4325 ut
1832 4288 1960 4327 san-

388 4350 511 4399 ctus
535 4343 978 4407 Constantiensis
1004 4352 1297 4426 episcopus
1338 4360 1612 4414 memoriae
1647 4363 1953 4427 tradiderit,

385 4432 720 4495 Clementem
753 4457 820 4497 eo
872 4444 976 4499 loci
1023 4446 1091 4500 ad
1122 4464 1181 4503 se
1227 4449 1455 4520 digitum
1491 4468 1750 4524 expresse
1780 4456 1957 4511 inten—
1990 4464 2033 4520 D

387 4528 557 4593 disse,
572 4534 1035 4601 quemadmodum
1062 4552 1390 4610 praepostere
1409 4546 1688 4601 contendit
1716 4547 1800 4601 vir
1819 4550 1952 4605 clar.

389 4618 775 4679 Verumtamen
786 4625 1119 4685 Clementem
1145 4630 1321 4701 ipsum
1338 4633 1412 4687 ita
1431 4635 1739 4705 loquentem
1766 4640 1957 4693 audia-

384 4728 543 4769 mus:
584 4717 680 4780 Τίς
705 4714 801 4772 οὖν
819 4720 879 4772 ὲν
905 4723 1039 4792 ἡμῖν
1060 4727 1303 4791 γενναῖος
1323 4743 1337 4791 ;
1355 4727 1437 4790 τίς
1450 4726 1817 4801 εὔσπλαγχνος
1839 4749 1853 4797 ;
1873 4734 1956 4797 τίς

380 4804 943 4881 πεπληροφορημένος
1003 4814 1269 4887 ἀγάπηςς
1331 4817 1557 4873 εἰπάτωο
1612 4824 1662 4874 εἰ
1720 4822 1786 4876 δι’
1854 4824 1954 4895 ἐμὲ

386 4895 594 4961 στάσις,
628 4901 721 4953 καὶ
747 4901 882 4971 ἔρις,
934 4906 1028 4958 καὶ
1088 4908 1382 4979 σχίσματα,
1440 4911 1689 4985 ἑκχωρῶ,
1737 4914 1949 4985 ἄπειμι,

379 4979 444 5040 οὗ
471 4987 567 5043 ἐὰν
608 4988 888 5064 βούλησθε.
936 5027 1005 5037 --
1039 4998 1211 5052 Τοῦτο
1241 5001 1270 5053 ὁ
1298 4979 1552 5073 ποιήσαξ,
1590 4979 1778 5076 ⁷ἑαυτῷ
1810 4979 1952 5076 μέγα

382 5084 536 5150 κλέος
555 5086 614 5139 ἐν
634 5087 822 5159 Κυρίῳ
837 5094 1269 5164 περιποιήσεται,
1301 5096 1394 5150 καὶ
1420 5098 1527 5161 πᾶς
1556 5100 1718 5163 τόπος
1744 5098 1948 5165 δέξεται

591 5284 763 5363 Epist.
802 5288 826 5342 1
869 5289 937 5341 ad
962 5288 1225 5363 Cernit/1.,
1259 5307 1379 5363 cap.
1409 5292 1497 5348 54.

602 5352 807 5433 limites.
843 5375 1074 5433 xxxviii,
1106 5361 1211 5433 §6.

479 5423 562 5503 lii)
592 5426 799 5503 Qrigin.
830 5430 1038 5503 coclea,
1061 5423 1195 5503 pag.
1220 5433 1346 5489 386.

478 5494 565 5559 17)
594 5495 651 5551 1η
688 5494 803 5554 not.
827 5499 895 5553 ad
924 5494 1095 5558 Clem'.
1128 5494 1171 5559 [ί
1190 5521 1238 5558 c.

584 5565 752 5653 lgnat.
778 5569 950 5653 Epist.
978 5573 1046 5653 ad
1068 5572 1401 5653 Bﬁiladelph.
1442 5579 1690 5653 interpol.
1738 5597 1857 5653 cap.
1887 5583 1939 5638 ι.

476 5584 538 5618 ιο
584 5584 752 5689 linat.
778 5584 950 5639 ιιριδε.
978 5584 1045 5625 ad
1068 5584 1401 5643 Philadelph.
1442 5584 1493 5632 in

605 5707 617 5717 ι
644 5645 754 5693 uct.
785 5639 1175 5717 {iecaguitnlim
1210 5662 1247 5710 l,
1286 5664 1406 5717 cap.
1441 5650 1493 5704 1.

469 5704 560 5778 20)
590 5707 747 5764 Auct.
776 5704 1028 5770 Clemént.
1060 5714 1205 5774 hom.
1237 5704 1289 5783 ἰ,
1321 5704 1440 5791 cap.
1470 5720 1518 5776 1.

2098 518 2386 589 corsiquis
2411 522 2697 583 charitatis
2712 529 2931 599 plenus?
2947 532 3093 588 dicat
3112 554 3125 589 :
3150 534 3207 589 Si
3221 547 3444 608 propter
3464 556 3548 598 me
3565 559 3664 600 se-

2097 607 2251 671 ditio,
2277 618 2332 665 et
2354 612 2653 682 discordia,
2678 628 2731 674 et
2754 622 3056 678 schismata
3074 642 3090 691 ;
3108 607 3352 692 discedo,
3368 631 3503 688 abeo
3524 651 3668 704 quo.

2096 710 2313 769 cunque
2351 702 2710 762 volueritis...
2737 707 2841 775 Qui
2883 711 2987 766 hoc
3024 714 3248 781 fecerit,
3272 720 3376 774 sibi
3405 702 3664 795 magnum

2094 788 2262 846 decus
2290 791 2346 846 in
2385 792 2617 852 Domino
2644 804 3003 871 comparabit,
3047 810 3337 879 omnisque
3362 813 3513 870 locus
3531 832 3664 873 eum

2093 882 2375 954 suscipiet.
2412 905 2431 939 ι
2484 888 2694 955 Quibus
2746 909 2879 950 sane
2917 898 3099 955 verbis
3128 916 3289 957 nemo
3336 920 3446 960 non
3488 908 3661 977 videt,

2092 969 2299 1028 hortari
2326 974 2659 1036 Clementem
2710 981 3050 1053 Corinthios,
3098 998 3159 1044 ut
3217 993 3436 1050 etiamsi
3471 969 3663 1066 justus

2089 1064 2215 1133 quis
2238 1066 2380 1123 inter
2408 1084 2503 1126 eos
2527 1069 2711 1139 fuerit,
2751 1082 2915 1146 atque
2963 1078 3227 1137 immunis
3264 1099 3296 1139 a
3333 1064 3660 1155 schismate,

2088 1158 2219 1226 quin
2246 1168 2301 1213 et
2328 1163 2475 1217 omni
2502 1164 2767 1222 virtutum
2802 1184 2999 1240 genere
3036 1182 3299 1245 ornatus;
3322 1178 3435 1249 juri
3466 1188 3658 1238 tamen

2088 1263 2191 1303 suo
2237 1251 2417 1319 cedat,
2460 1262 2522 1310 ut
2561 1256 2822 1315 Ecclesiae
2880 1262 3249 1323 Corinthiacis
3289 1274 3661 1345 tranquillitas

2086 1338 2215 1396 inde
2243 1354 2563 1417 consurgat.
2587 1349 2668 1404 An
2692 1367 2802 1407 non
2842 1353 3009 1425 igitur
3035 1355 3302 1416 Clementi
3351 1338 3489 1421 mire
3516 1382 3658 1423 con-

2084 1434 2221 1489 cinit
2249 1435 2608 1509 Epiphanius,
2660 1444 2791 1500 dum
2844 1448 2921 1502 ait
2952 1450 3129 1520 ipsum
3162 1454 3238 1509 ita
3277 1455 3449 1513 fuisse
3496 1460 3658 1516 locu-

2084 1530 2241 1591 tum,
2296 1529 2409 1582 τισὶ
2455 1531 2614 1587 τοῦτο
2670 1536 3144 1607 συμϐουλεύοπαῖ
3200 1543 3340 1600 Hinc
3385 1550 3660 1607 immerito

2085 1614 2409 1672 insimulant
2435 1628 2687 1678 sanctum
2740 1626 2893 1681 illum
2934 1629 3410 1692 Constantiensem
3437 1642 3657 1710 episco-

2084 1721 2215 1776 pum
2242 1706 2612 1769 Thorndicius
2644 1715 2758 1789 (16)
2788 1726 2843 1773 et
2870 1718 3147 1780 Burtonus
3198 1726 3334 1799 (17).
3365 1706 3508 1801 quod
3530 1732 3659 1790 Cle-

2083 1799 2383 1856 mentinam
2418 1807 2746 1863 sententiam
2795 1810 2941 1867 haud
2993 1816 3065 1869 sit
3103 1799 3411 1876 assecutus.
3459 1821 3655 1880 Imme-

2080 1887 2187 1943 rito
2211 1890 2340 1945 item
2369 1908 2437 1948 ex
2459 1894 2705 1964 ejusdem
2748 1897 2806 1954 S.
2858 1898 3041 1959 Patris
3090 1907 3274 1963 verbis
3297 1950 3311 1974 ,
3347 1908 3651 1971 Clementis

2080 1978 2480 2039 abdicationem
2512 1986 2837 2045 conﬁrmare
2868 1993 3120 2050 nituntur
3142 1999 3235 2054 alii
3260 2003 3443 2075 magni
3470 2007 3655 2059 nomi-

2080 2069 2166 2126 nis
2195 2071 2319 2128 viri.

2147 2165 2216 2219 At
2240 2167 2437 2238 potiori
2464 2169 2590 2241 jure
2611 2174 2885 2233 notandus
2928 2177 2992 2234 Η.
3044 2178 3307 2250 Venema,
3342 2202 3434 2257 qui
3462 2203 3527 2244 eo
3553 2206 3657 2261 po-

2079 2258 2352 2313 tissimum
2400 2263 2620 2320 nomine
2672 2264 2962 2338 Epiphanii
3013 2278 3338 2334 auctoritate
3380 2258 3650 2348 abutitur,

2076 2365 2186 2419 quo
2216 2352 2472 2408 nimirum
2508 2367 2817 2415 commento
2859 2378 2961 2418 suo
3000 2364 3067 2421 de
3110 2364 3312 2439 Grapte
3357 2370 3654 2432 Clementis

2078 2456 2247 2497 uxore
2279 2441 2689 2501 fundamentum
2713 2451 3014 2521 pratjaciat,
3058 2459 3209 2513 nullo
3249 2461 3468 2519 innixus
3500 2474 3653 2520 vete-

2078 2546 2199 2585 rum
2225 2534 2558 2602 testimonio,
2614 2541 2745 2609 quin
2795 2558 2826 2598 e
2860 2555 3052 2601 contra
3090 2550 3373 2607 obnitente
3410 2556 3652 2626 scripto-

2078 2639 2197 2677 rum
2230 2627 2581 2697 antiquorum
2612 2631 2732 2688 ﬁde.
2766 2634 2923 2700 Nam,
2953 2645 3010 2691 ut
3056 2638 3246 2711 lgnatii
3280 2642 3650 2715 Epistolarum

2077 2716 2523 2785 interpolatorem
2565 2724 2884 2783 omittamus
2933 2729 3069 2801 (l8),
3120 2748 3282 2802 quem
3339 2752 3506 2792 unum
3541 2756 3652 2795 no-

2074 2806 2152 2859 vit
2198 2807 2286 2863 hic
2312 2823 2528 2877 censor,
2566 2816 2923 2873 vetustiorem
2963 2820 3142 2877 adhuc
3187 2824 3451 2883 habemus
3486 2829 3654 2884 Reco-

2077 2900 2365 2967 gm'tionum
2407 2904 2755 2974 scriptorem,
2787 2912 2988 2966 sazculo
3032 2928 3069 2966 η
3118 2915 3432 2984 desinente,
3485 2922 3651 2991 cujus

2075 2990 2188 3046 haec
2210 3000 2339 3047 sunt
2365 2995 2530 3051 verba
2573 2997 2689 3070 (19)
2728 3019 2740 3055 :
2780 3001 2891 3072 Ego
2945 3004 3185 3062 Clemens
3234 3010 3288 3063 in
3319 3011 3445 3066 urbe
3479 2990 3653 3067 Roma

2075 3091 2252 3147 natus,
2282 3098 2348 3137 ea:
2375 3087 2548 3154 prima
2579 3100 2735 3144 aetate
2770 3093 3038 3160 pudicitia:
3066 3099 3303 3154 studium
3336 3105 3493 3173 gessi.
3515 3104 3652 3170 Qum:

2075 3181 2262 3241 postea
2293 3182 2409 3229 tum
2452 3176 2897 3236 Clementinorum
2938 3186 3072 3259 (20),
3095 3197 3209 3244 tum
3238 3189 3507 3262 Epitomes
3532 3196 3649 3269 (21)

2073 3272 2325 3323 auctores
2344 3269 2811 3340 exscripsereJiis
2833 3278 3045 3333 accedit
3065 3280 3394 3351 Althelmus,
3417 3287 3509 3354 qui
3524 3287 3651 3343 Cle-

2075 3357 2274 3414 mentis
2303 3358 2670 3430 virginitatem
2701 3363 2817 3421 sive
2863 3382 3026 3436 prosa
3072 3371 3186 3426 sive
3225 3376 3467 3431 carmine
3506 3378 3646 3433 cele-

2072 3450 2261 3507 brasse
2303 3455 2803 3529 comperitur(22).
2850 3460 3103 3520 Clemens
3156 3466 3341 3538 itaque
3396 3470 3569 3537 virgo,
3594 3473 3646 3528 si

2071 3543 2203 3600 ﬁdes
2228 3545 2313 3601 his
2339 3550 2682 3607 auctoribus.
2718 3551 2781 3607 Et
2812 3556 3003 3625 quidni
3048 3557 3222 3615 ﬁdes?
3272 3561 3349 3615 ait
3386 3560 3643 3620 doctissi-

2071 3652 2191 3692 mus
2210 3635 2512 3698 Cotelerius
2536 3643 2671 3715 (25).

2140 3728 2362 3799 Verum,
2402 3735 2536 3805 quid
2566 3753 2728 3807 porro
2750 3738 2817 3796 de
2845 3740 3048 3814 Crapte
3068 3744 3399 3803 dicendum?
3432 3747 3487 3805 Si
3505 3748 3646 3805 Her-

2066 3839 2168 3879 mae
2191 3826 2411 3895 quidem
2442 3829 2606 3884 verba
2634 3833 2855 3902 penitus
2903 3835 3277 3907 introspicias,
3297 3842 3502 3897 sentias
3531 3843 3644 3896 uti-

2065 3933 2173 3986 que
2196 3933 2322 3972 cum
2352 3921 2487 3975 viris
2527 3924 2760 3981 eruditis
2791 3926 2904 3997 (24)
2954 3937 3189 3999 oportet,
3240 3931 3418 4002 ipsam
3467 3933 3644 3990 fuisse

2066 4008 2322 4065 feminam
2380 4022 2637 4082 spectata:
2676 4016 2917 4087 pietatis,
2972 4019 3203 4076 forsitan
3238 4022 3636 4089 diaconissam,

2064 4100 2178 4154 sive
2197 4099 2454 4157 Ecclesia:
2491 4102 2747 4159 Romana:
2775 4108 3126 4179 πρεσϐύτιδα,
3150 4112 3370 4166 viduam
3401 4115 3637 4180 scilicet,

2061 4190 2151 4244 cui
2174 4192 2417 4261 reliquas
2440 4194 2623 4249 viduas
2657 4196 2907 4267 juniores
2937 4207 3101 4269 atque
3136 4202 3397 4271 orphanos
3429 4204 3533 4260 sub
3556 4205 3641 4259 vi-

2059 4286 2291 4342 duarum
2308 4304 2439 4343 cura
2458 4291 2685 4360 positos,
2704 4294 2927 4363 optimis
2948 4297 3238 4365 praeceptis
3260 4298 3640 4369 institutisque

2061 4379 2338 4436 imbuendi
2395 4398 2598 4439 munus
2644 4387 2997 4442 commissum
3045 4387 3229 4442 fuerit.
3272 4388 3408 4444 Cum
3466 4393 3636 4461 igitur

2064 4473 2179 4528 sive
2204 4487 2269 4528 ex
2306 4474 2485 4531 verbis
2526 4473 2845 4545 Clementis,
2875 4480 2991 4535 sive
3025 4495 3092 4533 ex
3123 4478 3415 4552 Epiphanii
3442 4491 3626 4539 aucto-

2060 4566 2241 4632 ritate,
2274 4583 2387 4624 suae
2417 4586 2599 4625 causa:
2636 4573 2951 4641 praesidium
2981 4573 3186 4628 frustra
3218 4584 3425 4645 quierat
3446 4578 3635 4631 erudi-

2057 4665 2147 4714 tus
2197 4658 2458 4728 Venema,
2508 4665 2641 4735 quin
2692 4673 2748 4721 et
2800 4666 2907 4736 ipsi
2949 4667 3170 4723 obstent
3221 4676 3335 4723 tum
3373 4668 3633 4725 Ecclesiae

2059 4750 2386 4822 scriptorum
2421 4757 2808 4821 vetustissimi,
2844 4766 2956 4813 tum
3010 4762 3375 4815 recentiorum
3420 4763 3630 4819 doctis-

2056 4841 2180 4896 simi
2204 4858 2219 4907 ;
2260 4859 2438 4915 neque
2468 4846 2639 4901 ullum
2667 4849 2890 4904 omnino
2915 4851 3108 4906 vadem
3159 4852 3388 4922 ipsemet
3405 4869 3504 4924 pro
3527 4870 3629 4910 sua

2056 4937 2326 4991 sententia
2379 4938 2435 4992 in
2482 4939 2722 4994 medium
2763 4941 2998 4997 adducat
3042 4963 3055 4998 :
3094 4944 3148 4997 in
3191 4945 3424 4999 nihilum
3468 4947 3629 5002 abeat

2055 5043 2281 5083 necesse
2321 5037 2406 5085 est
2445 5028 2650 5102 Grapte
2671 5030 2970 5089 Clementis
3023 5050 3183 5102 uxor,
3210 5052 3374 5107 quam
3395 5039 3627 5092 commi-

2055 5119 2341 5187 niscitur;
2394 5137 2628 5193 cumque
2690 5124 2998 5180 istiusmodi
3047 5126 3304 5197 ﬁgmento
3346 5131 3627 5187 evanescit

2124 5324 2237 5403 (ἓξ.)
2263 5326 2421 5403 ἒπὲι
2452 5327 2683 5403 ερίιρηι.
2708 5346 2830 5403 cap.
2863 5333 2915 5387 1.

2266 5396 2340 5474 ρο
2372 5395 2518 5474 laud.
2543 5401 2673 5470 virg.
2693 5412 2742 5456 et
2779 5395 2847 5474 de
2876 5404 3077 5459 laudib.
3113 5406 3343 5474 virginit.
3374 5421 3495 5474 cap.
3526 5410 3617 5462 22.

2119 5395 2209 5461 (22
2267 5396 2340 5451 De
2372 5395 2518 5453 laud.
2543 5401 2742 5470 virg.et
2779 5395 2847 5456 de
2876 5404 3077 5459 laudib.
3113 5406 3343 5474 virginit.
3374 5421 3492 5462 can.

2260 5466 2429 5546 Cotel.
2459 5470 2513 5522 in
2541 5481 2650 5546 not
2696 5472 2973 5546 ad_C_lent.
2998 5474 3159 5545 epist.
3180 5478 3231 5538 i,
3256 5492 3376 5546 cap.
3404 5466 3492 5532 38.

2121 5536 2233 5617 (24)
2266 5536 2517 5617 Cotel._et
2541 5539 2698 5617 Felli,
2726 5544 2792 5598 ad
2843 5536 3165 5602 Herm-vis.
3208 5536 3263 5609 2,
3292 5536 3415 5617 cap.
3468 5549 3523 5607 ιι,
3555 5563 3621 5600 ac

2048 5604 2240 5690 Ded-vv:
2271 5610 2325 5690 in
2356 5610 2529 5690 addit.
2557 5612 2625 5690 ad
2649 5604 2909 5690 Pearson.
2934 5630 3059 5690 opp.
3089 5604 3392 5687 posthumf,
3418 5604 3619 5690 p.196,

2046 5684 2099 5732 et
2130 5678 2288 5750 ibid.,
2314 5681 2369 5738 in
2393 5681 2612 5739 dissert.
2635 5683 2832 5756 singul.
2860 5702 2912 5757 p.
2948 5678 3071 5743 1-5-8.
