  <div class='ocr_page' id='page_1' title='image "/cluster/home/n/w/nwhite01/storage/ocr_20150623/1/nnc1.0022106693/070.png"; bbox 0 0 3936 6172; ppageno 0'>
   <div class='ocr_carea' id='block_1_1' title="bbox 249 300 344 357">
    <p class='ocr_par' dir='ltr' id='par_1_1' title="bbox 249 300 344 357">
     <span class='ocr_line' id='line_1_1' title="bbox 249 300 344 357; baseline 0.021 -3"><span class='ocrx_word' id='word_1_1' title='bbox 249 300 344 357; x_wconf 73' lang='grc'><strong>121</strong></span> 
     </span>
    </p>
   </div>
   <div class='ocr_carea' id='block_1_2' title="bbox 1518 314 2283 381">
    <p class='ocr_par' dir='ltr' id='par_1_2' title="bbox 1518 314 2283 381">
     <span class='ocr_line' id='line_1_2' title="bbox 1518 314 2283 381; baseline 0.014 -11"><span class='ocrx_word' id='word_1_2' title='bbox 1518 314 1859 373; x_wconf 71' lang='lat' dir='ltr'><strong>PROCEMIA</strong></span> <span class='ocrx_word' id='word_1_3' title='bbox 1899 319 2283 381; x_wconf 81' lang='lat' dir='ltr'><strong>VARIORUM.</strong></span> 
     </span>
    </p>
   </div>
   <div class='ocr_carea' id='block_1_3' title="bbox 3399 325 3499 383">
    <p class='ocr_par' dir='ltr' id='par_1_3' title="bbox 3399 325 3499 383">
     <span class='ocr_line' id='line_1_3' title="bbox 3399 325 3499 383; baseline -0.04 0"><span class='ocrx_word' id='word_1_4' title='bbox 3399 325 3499 383; x_wconf 63' lang='lat'><strong>£23</strong></span> 
     </span>
    </p>
   </div>
   <div class='ocr_carea' id='block_1_4' title="bbox 242 420 1804 513">
    <p class='ocr_par' dir='ltr' id='par_1_4' title="bbox 242 420 1804 513">
     <span class='ocr_line' id='line_1_4' title="bbox 242 420 1804 513; baseline 0.013 -44"><span class='ocrx_word' id='word_1_5' title='bbox 242 433 465 513; x_wconf 81' lang='lat' dir='ltr'><strong>quoque</strong></span> <span class='ocrx_word' id='word_1_6' title='bbox 492 420 629 476; x_wconf 85' lang='lat' dir='ltr'><strong>illud</strong></span> <span class='ocrx_word' id='word_1_7' title='bbox 676 432 1058 494; x_wconf 75' lang='lat' dir='ltr'><strong>argumentum</strong></span> <span class='ocrx_word' id='word_1_8' title='bbox 1100 428 1232 485; x_wconf 89' lang='lat' dir='ltr'><strong>hinc</strong></span> <span class='ocrx_word' id='word_1_9' title='bbox 1281 429 1654 502; x_wconf 89' lang='lat' dir='ltr'><strong>desumptum,</strong></span> <span class='ocrx_word' id='word_1_10' title='bbox 1708 449 1804 504; x_wconf 74' lang='lat' dir='ltr'><strong>quc</strong></span> 
     </span>
    </p>
   </div>
   <div class='ocr_carea' id='block_1_5' title="bbox 1908 420 3495 513">
    <p class='ocr_par' dir='ltr' id='par_1_5' title="bbox 1920 438 3495 513">
     <span class='ocr_line' id='line_1_5' title="bbox 1920 438 3495 513; baseline 0.002 -20"><span class='ocrx_word' id='word_1_11' title='bbox 1920 438 2023 494; x_wconf 88' lang='lat' dir='ltr'><strong>ciis</strong></span> <span class='ocrx_word' id='word_1_12' title='bbox 2052 439 2197 495; x_wconf 86' lang='lat' dir='ltr'><strong>haud</strong></span> <span class='ocrx_word' id='word_1_13' title='bbox 2228 440 2482 497; x_wconf 78' lang='lat' dir='ltr'><strong>obscuris</strong></span> <span class='ocrx_word' id='word_1_14' title='bbox 2510 442 2801 498; x_wconf 78' lang='lat' dir='ltr'><strong>verborum</strong></span> <span class='ocrx_word' id='word_1_15' title='bbox 2832 441 3168 513; x_wconf 73' lang='grc' dir='ltr'><strong>φιλαδελφία,</strong></span> <span class='ocrx_word' id='word_1_16' title='bbox 3200 442 3495 512; x_wconf 78' lang='grc' dir='ltr'><strong>φιλοξενία,</strong></span> 
     </span>
    </p>
   </div>
   <div class='ocr_carea' id='block_1_6' title="bbox 242 512 1821 595">
    <p class='ocr_par' dir='ltr' id='par_1_6' title="bbox 242 512 1821 595">
     <span class='ocr_line' id='line_1_6' title="bbox 242 512 1821 595; baseline 0.01 -31"><span class='ocrx_word' id='word_1_17' title='bbox 242 512 602 581; x_wconf 80' lang='lat' dir='ltr'><strong>epistularum</strong></span> <span class='ocrx_word' id='word_1_18' title='bbox 673 515 745 570; x_wconf 78' lang='lat' dir='ltr'><strong>ad</strong></span> <span class='ocrx_word' id='word_1_19' title='bbox 788 519 1014 589; x_wconf 75' lang='lat' dir='ltr'><strong>virgines</strong></span> <span class='ocrx_word' id='word_1_20' title='bbox 1071 521 1448 578; x_wconf 76' lang='lat' dir='ltr'><strong>sinceritatem</strong></span> <span class='ocrx_word' id='word_1_21' title='bbox 1503 538 1821 595; x_wconf 80' lang='lat' dir='ltr'><strong>oppugnare</strong></span> 
     </span>
    </p>
   </div>
   <div class='ocr_carea' id='block_1_7' title="bbox 240 608 1161 674">
    <p class='ocr_par' dir='ltr' id='par_1_7' title="bbox 240 608 1161 674">
     <span class='ocr_line' id='line_1_7' title="bbox 240 608 1161 674; baseline 0.014 -17"><span class='ocrx_word' id='word_1_22' title='bbox 240 619 538 674; x_wconf 73' lang='lat' dir='ltr'><strong>aggressus</strong></span> <span class='ocrx_word' id='word_1_23' title='bbox 563 615 671 663; x_wconf 91' lang='lat' dir='ltr'><strong>est.</strong></span> <span class='ocrx_word' id='word_1_24' title='bbox 704 608 775 663; x_wconf 82' lang='lat' dir='ltr'><strong>At</strong></span> <span class='ocrx_word' id='word_1_25' title='bbox 796 611 865 666; x_wconf 88' lang='lat' dir='ltr'><strong>de</strong></span> <span class='ocrx_word' id='word_1_26' title='bbox 890 613 977 668; x_wconf 89' lang='lat' dir='ltr'><strong>his</strong></span> <span class='ocrx_word' id='word_1_27' title='bbox 999 614 1161 670; x_wconf 85' lang='lat' dir='ltr'><strong>satis.</strong></span> 
     </span>
    </p>
   </div>
   <div class='ocr_carea' id='block_1_8' title="bbox 309 695 1828 776">
    <p class='ocr_par' dir='ltr' id='par_1_8' title="bbox 309 695 1828 776">
     <span class='ocr_line' id='line_1_8' title="bbox 309 695 1828 776; baseline 0.004 -24"><span class='ocrx_word' id='word_1_28' title='bbox 309 695 584 754; x_wconf 66' lang='lat' dir='ltr'><strong>Caeterum</strong></span> <span class='ocrx_word' id='word_1_29' title='bbox 611 702 828 759; x_wconf 89' lang='lat' dir='ltr'><strong>easdem</strong></span> <span class='ocrx_word' id='word_1_30' title='bbox 849 703 1121 775; x_wconf 85' lang='lat' dir='ltr'><strong>Epistolas</strong></span> <span class='ocrx_word' id='word_1_31' title='bbox 1143 703 1332 760; x_wconf 79' lang='lat' dir='ltr'><strong>Graece</strong></span> <span class='ocrx_word' id='word_1_32' title='bbox 1354 705 1613 776; x_wconf 85' lang='lat' dir='ltr'><strong>primitus</strong></span> <span class='ocrx_word' id='word_1_33' title='bbox 1633 718 1828 759; x_wconf 80' lang='lat' dir='ltr'><strong>exara-</strong></span> 
     </span>
    </p>
   </div>
   <div class='ocr_carea' id='block_1_9' title="bbox 237 786 1820 862">
    <p class='ocr_par' dir='ltr' id='par_1_9' title="bbox 237 786 1820 862">
     <span class='ocr_line' id='line_1_9' title="bbox 237 786 1820 862; baseline 0.007 -22"><span class='ocrx_word' id='word_1_34' title='bbox 237 792 325 841; x_wconf 82' lang='lat' dir='ltr'><strong>tas</strong></span> <span class='ocrx_word' id='word_1_35' title='bbox 348 786 521 844; x_wconf 88' lang='lat' dir='ltr'><strong>fuisse</strong></span> <span class='ocrx_word' id='word_1_36' title='bbox 549 792 758 862; x_wconf 76' lang='lat' dir='ltr'><strong>colligit</strong></span> <span class='ocrx_word' id='word_1_37' title='bbox 806 795 879 849; x_wconf 89' lang='lat' dir='ltr'><strong>cl.</strong></span> <span class='ocrx_word' id='word_1_38' title='bbox 924 793 1268 852; x_wconf 85' lang='lat' dir='ltr'><strong>Wetstenius</strong></span> <span class='ocrx_word' id='word_1_39' title='bbox 1308 807 1424 850; x_wconf 92' lang='lat' dir='ltr'><strong>tum</strong></span> <span class='ocrx_word' id='word_1_40' title='bbox 1455 812 1521 851; x_wconf 78' lang='lat' dir='ltr'><strong>ex</strong></span> <span class='ocrx_word' id='word_1_41' title='bbox 1569 796 1820 862; x_wconf 85' lang='lat' dir='ltr'><strong>vocibus,</strong></span> 
     </span>
    </p>
   </div>
   <div class='ocr_carea' id='block_1_10' title="bbox 236 881 1825 958">
    <p class='ocr_par' dir='ltr' id='par_1_10' title="bbox 236 881 1825 958">
     <span class='ocr_line' id='line_1_10' title="bbox 236 881 1825 958; baseline 0.006 -28"><span class='ocrx_word' id='word_1_42' title='bbox 236 881 583 951; x_wconf 74' lang='grc' dir='ltr'><strong>εὐχαριστία,</strong></span> <span class='ocrx_word' id='word_1_43' title='bbox 612 884 856 949; x_wconf 81' lang='grc' dir='ltr'><strong>ἀσωτία,</strong></span> <span class='ocrx_word' id='word_1_44' title='bbox 911 886 1173 951; x_wconf 79' lang='grc' dir='ltr'><strong>κίνδυνος,</strong></span> <span class='ocrx_word' id='word_1_45' title='bbox 1228 887 1400 952; x_wconf 82' lang='grc' dir='ltr'><strong>τάξις,</strong></span> <span class='ocrx_word' id='word_1_46' title='bbox 1458 886 1666 958; x_wconf 82' lang='grc' dir='ltr'><strong>σχῆμα,</strong></span> <span class='ocrx_word' id='word_1_47' title='bbox 1708 887 1825 939; x_wconf 88' lang='grc' dir='ltr'><strong>δια-</strong></span> 
     </span>
    </p>
   </div>
   <div class='ocr_carea' id='block_1_11' title="bbox 234 970 1826 1047">
    <p class='ocr_par' dir='ltr' id='par_1_11' title="bbox 234 970 1826 1047">
     <span class='ocr_line' id='line_1_11' title="bbox 234 970 1826 1047; baseline 0.005 -20"><span class='ocrx_word' id='word_1_48' title='bbox 234 970 404 1046; x_wconf 82' lang='grc' dir='ltr'><strong>θήκη,</strong></span> <span class='ocrx_word' id='word_1_49' title='bbox 434 974 608 1044; x_wconf 82' lang='grc' dir='ltr'><strong>ἀγὼν,</strong></span> <span class='ocrx_word' id='word_1_50' title='bbox 642 976 915 1043; x_wconf 83' lang='grc' dir='ltr'><strong>αὺτολεξει</strong></span> <span class='ocrx_word' id='word_1_51' title='bbox 943 980 1390 1047; x_wconf 83' lang='lat' dir='ltr'><strong>occurrentibus;</strong></span> <span class='ocrx_word' id='word_1_52' title='bbox 1448 987 1564 1033; x_wconf 90' lang='lat' dir='ltr'><strong>tum</strong></span> <span class='ocrx_word' id='word_1_53' title='bbox 1590 995 1653 1034; x_wconf 82' lang='lat' dir='ltr'><strong>ex</strong></span> <span class='ocrx_word' id='word_1_54' title='bbox 1684 979 1826 1035; x_wconf 92' lang='lat' dir='ltr'><strong>indi-</strong></span> 
     </span>
    </p>
   </div>
   <div class='ocr_carea' id='block_1_12' title="bbox 1925 531 3498 607">
    <p class='ocr_par' dir='ltr' id='par_1_12' title="bbox 1925 531 3498 607">
     <span class='ocr_line' id='line_1_12' title="bbox 1925 531 3498 607; baseline 0.001 -22"><span class='ocrx_word' id='word_1_55' title='bbox 1925 531 2280 604; x_wconf 79' lang='grc' dir='ltr'><strong>φιλαργυρία,</strong></span> <span class='ocrx_word' id='word_1_56' title='bbox 2308 532 2694 606; x_wconf 81' lang='grc' dir='ltr'><strong>φιλοπρωτεια,</strong></span> <span class='ocrx_word' id='word_1_57' title='bbox 2724 535 3250 607; x_wconf 49' lang='grc' dir='ltr'><strong>παραιτεῖσθαιωῑε.</strong></span> <span class='ocrx_word' id='word_1_58' title='bbox 3268 534 3331 589; x_wconf 88' lang='lat' dir='ltr'><strong>Et</strong></span> <span class='ocrx_word' id='word_1_59' title='bbox 3358 535 3498 589; x_wconf 80' lang='lat' dir='ltr'><strong>scri-</strong></span> 
     </span>
    </p>
   </div>
   <div class='ocr_carea' id='block_1_13' title="bbox 1924 624 3499 697">
    <p class='ocr_par' dir='ltr' id='par_1_13' title="bbox 1924 624 3499 697">
     <span class='ocr_line' id='line_1_13' title="bbox 1924 624 3499 697; baseline 0.003 -20"><span class='ocrx_word' id='word_1_60' title='bbox 1924 631 2029 694; x_wconf 63' lang='lat' dir='ltr'><strong>pta;</strong></span> <span class='ocrx_word' id='word_1_61' title='bbox 2064 624 2285 694; x_wconf 85' lang='lat' dir='ltr'><strong>quidem</strong></span> <span class='ocrx_word' id='word_1_62' title='bbox 2328 625 2560 681; x_wconf 85' lang='lat' dir='ltr'><strong>fortasse</strong></span> <span class='ocrx_word' id='word_1_63' title='bbox 2610 625 2813 682; x_wconf 90' lang='lat' dir='ltr'><strong>fuerint</strong></span> <span class='ocrx_word' id='word_1_64' title='bbox 2865 642 2973 681; x_wconf 87' lang='lat' dir='ltr'><strong>non</strong></span> <span class='ocrx_word' id='word_1_65' title='bbox 3018 628 3176 697; x_wconf 83' lang='lat' dir='ltr'><strong>longe</strong></span> <span class='ocrx_word' id='word_1_66' title='bbox 3204 643 3234 681; x_wconf 91' lang='lat' dir='ltr'><strong>a</strong></span> <span class='ocrx_word' id='word_1_67' title='bbox 3264 626 3499 682; x_wconf 82' lang='lat' dir='ltr'><strong>Neronis</strong></span> 
     </span>
    </p>
   </div>
   <div class='ocr_carea' id='block_1_14' title="bbox 1924 716 3497 789">
    <p class='ocr_par' dir='ltr' id='par_1_14' title="bbox 1924 716 3497 789">
     <span class='ocr_line' id='line_1_14' title="bbox 1924 716 3497 789; baseline 0.003 -20"><span class='ocrx_word' id='word_1_68' title='bbox 1924 717 2097 781; x_wconf 90' lang='lat' dir='ltr'><strong>obitu,</strong></span> <span class='ocrx_word' id='word_1_69' title='bbox 2127 716 2256 771; x_wconf 91' lang='lat' dir='ltr'><strong>dum</strong></span> <span class='ocrx_word' id='word_1_70' title='bbox 2298 716 2544 773; x_wconf 83' lang='lat' dir='ltr'><strong>Ecclesia</strong></span> <span class='ocrx_word' id='word_1_71' title='bbox 2592 719 2889 788; x_wconf 89' lang='lat' dir='ltr'><strong>tranquilla</strong></span> <span class='ocrx_word' id='word_1_72' title='bbox 2919 734 3052 789; x_wconf 86' lang='lat' dir='ltr'><strong>pace</strong></span> <span class='ocrx_word' id='word_1_73' title='bbox 3079 718 3393 775; x_wconf 88' lang='lat' dir='ltr'><strong>frueretur:</strong></span> <span class='ocrx_word' id='word_1_74' title='bbox 3440 721 3497 774; x_wconf 90' lang='lat' dir='ltr'><strong>in</strong></span> 
     </span>
    </p>
   </div>
   <div class='ocr_carea' id='block_1_15' title="bbox 1924 808 3499 867">
    <p class='ocr_par' dir='ltr' id='par_1_15' title="bbox 1924 808 3499 867">
     <span class='ocr_line' id='line_1_15' title="bbox 1924 808 3499 867; baseline 0.001 -5"><span class='ocrx_word' id='word_1_75' title='bbox 1924 808 1994 863; x_wconf 90' lang='lat' dir='ltr'><strong>iis</strong></span> <span class='ocrx_word' id='word_1_76' title='bbox 2023 810 2169 863; x_wconf 84' lang='lat' dir='ltr'><strong>enim</strong></span> <span class='ocrx_word' id='word_1_77' title='bbox 2208 810 2415 865; x_wconf 89' lang='lat' dir='ltr'><strong>nullius</strong></span> <span class='ocrx_word' id='word_1_78' title='bbox 2446 811 2776 867; x_wconf 86' lang='lat' dir='ltr'><strong>calamitatis</strong></span> <span class='ocrx_word' id='word_1_79' title='bbox 2798 818 2893 866; x_wconf 87' lang='lat' dir='ltr'><strong>aut</strong></span> <span class='ocrx_word' id='word_1_80' title='bbox 2912 812 3214 866; x_wconf 83' lang='lat' dir='ltr'><strong>vexationis</strong></span> <span class='ocrx_word' id='word_1_81' title='bbox 3230 809 3499 866; x_wconf 74' lang='lat' dir='ltr'><strong>Christia-</strong></span> 
     </span>
    </p>
   </div>
   <div class='ocr_carea' id='block_1_16' title="bbox 1925 902 2383 959">
    <p class='ocr_par' dir='ltr' id='par_1_16' title="bbox 1925 902 2383 959">
     <span class='ocr_line' id='line_1_16' title="bbox 1925 902 2383 959; baseline 0.007 -5"><span class='ocrx_word' id='word_1_82' title='bbox 1925 916 2121 955; x_wconf 91' lang='lat' dir='ltr'><strong>norum</strong></span> <span class='ocrx_word' id='word_1_83' title='bbox 2154 902 2383 959; x_wconf 87' lang='lat' dir='ltr'><strong>mentio.</strong></span> 
     </span>
    </p>
   </div>
   <div class='ocr_carea' id='block_1_17' title="bbox 237 1170 3467 1199">
    <p class='ocr_par' dir='ltr' id='par_1_17' title="bbox 237 1170 3467 1199">
     <span class='ocr_line' id='line_1_17' title="bbox 237 1170 3467 1199; baseline 0 -2"><span class='ocrx_word' id='word_1_84' title='bbox 237 1170 3467 1199; x_wconf 53' lang='lat' dir='ltr'><strong>__——-———_-—_————-———_—_————_—-—n</strong></span> 
     </span>
    </p>
   </div>
   <div class='ocr_carea' id='block_1_18' title="bbox 1730 1335 1980 1447">
    <p class='ocr_par' dir='ltr' id='par_1_18' title="bbox 1730 1335 1980 1447">
     <span class='ocr_line' id='line_1_18' title="bbox 1730 1335 1980 1447; baseline -0.024 0"><span class='ocrx_word' id='word_1_85' title='bbox 1730 1335 1980 1447; x_wconf 80' lang='grc' dir='ltr'><strong>ιν.</strong></span> 
     </span>
    </p>
   </div>
   <div class='ocr_carea' id='block_1_19' title="bbox 772 1566 2956 1699">
    <p class='ocr_par' dir='ltr' id='par_1_19' title="bbox 772 1566 2956 1699">
     <span class='ocr_line' id='line_1_19' title="bbox 772 1566 2956 1699; baseline 0 -6"><span class='ocrx_word' id='word_1_86' title='bbox 772 1569 991 1693; x_wconf 85' lang='lat' dir='ltr'><strong>EX</strong></span> <span class='ocrx_word' id='word_1_87' title='bbox 1121 1570 1257 1693; x_wconf 94' lang='lat' dir='ltr'><strong>P.</strong></span> <span class='ocrx_word' id='word_1_88' title='bbox 1345 1570 2052 1699; x_wconf 83' lang='lat' dir='ltr'><strong>LUMPERI</strong></span> <span class='ocrx_word' id='word_1_89' title='bbox 2152 1566 2956 1697; x_wconf 80' lang='lat' dir='ltr'><strong>HISTORIA.</strong></span> 
     </span>
    </p>
   </div>
   <div class='ocr_carea' id='block_1_20' title="bbox 289 1822 3429 1891">
    <p class='ocr_par' dir='ltr' id='par_1_20' title="bbox 289 1822 3429 1891">
     <span class='ocr_line' id='line_1_20' title="bbox 289 1822 3429 1891; baseline 0.002 -17"><span class='ocrx_word' id='word_1_90' title='bbox 289 1822 545 1889; x_wconf 79' lang='lat' dir='ltr'><strong>(Historia</strong></span> <span class='ocrx_word' id='word_1_91' title='bbox 566 1822 1031 1891; x_wconf 66' lang='lat' dir='ltr'><strong>Wotogica—critica</strong></span> <span class='ocrx_word' id='word_1_92' title='bbox 1049 1826 1113 1878; x_wconf 83' lang='lat' dir='ltr'><strong>de</strong></span> <span class='ocrx_word' id='word_1_93' title='bbox 1132 1824 1248 1888; x_wconf 81' lang='lat' dir='ltr'><strong>vita,</strong></span> <span class='ocrx_word' id='word_1_94' title='bbox 1272 1823 1469 1890; x_wconf 76' lang='lat' dir='ltr'><strong>scriptis</strong></span> <span class='ocrx_word' id='word_1_95' title='bbox 1489 1831 1632 1889; x_wconf 85' lang='lat' dir='ltr'><strong>atque</strong></span> <span class='ocrx_word' id='word_1_96' title='bbox 1652 1824 1875 1876; x_wconf 77' lang='lat' dir='ltr'><strong>doctrina</strong></span> <span class='ocrx_word' id='word_1_97' title='bbox 1896 1826 1991 1876; x_wconf 88' lang='lat' dir='ltr'><strong>SS.</strong></span> <span class='ocrx_word' id='word_1_98' title='bbox 2016 1826 2240 1887; x_wconf 86' lang='lat' dir='ltr'><strong>Patrum,</strong></span> <span class='ocrx_word' id='word_1_99' title='bbox 2264 1830 2386 1887; x_wconf 86' lang='lat' dir='ltr'><strong>etc.;</strong></span> <span class='ocrx_word' id='word_1_100' title='bbox 2412 1830 2448 1876; x_wconf 91' lang='lat' dir='ltr'><strong>t.</strong></span> <span class='ocrx_word' id='word_1_101' title='bbox 2470 1826 2512 1888; x_wconf 86' lang='grc' dir='ltr'><strong>Ι,</strong></span> <span class='ocrx_word' id='word_1_102' title='bbox 2538 1826 2665 1891; x_wconf 84' lang='lat' dir='ltr'><strong>Aug.</strong></span> <span class='ocrx_word' id='word_1_103' title='bbox 2689 1826 2958 1888; x_wconf 83' lang='lat' dir='ltr'><strong>Vindelic.,</strong></span> <span class='ocrx_word' id='word_1_104' title='bbox 2978 1824 3119 1887; x_wconf 74' lang='lat'><strong>1783,</strong></span> <span class='ocrx_word' id='word_1_105' title='bbox 3142 1828 3190 1875; x_wconf 83' lang='lat' dir='ltr'><strong>in</strong></span> <span class='ocrx_word' id='word_1_106' title='bbox 3206 1828 3429 1881; x_wconf 81' lang='lat' dir='ltr'><strong>octavo.‘</strong></span> 
     </span>
    </p>
   </div>
   <div class='ocr_carea' id='block_1_21' title="bbox 1363 2118 2337 2211">
    <p class='ocr_par' dir='ltr' id='par_1_21' title="bbox 1363 2118 2337 2211">
     <span class='ocr_line' id='line_1_21' title="bbox 1363 2118 2337 2211; baseline -0.004 0"><span class='ocrx_word' id='word_1_107' title='bbox 1363 2118 1743 2211; x_wconf 81' lang='lat' dir='ltr'><strong>CAPUT</strong></span> <span class='ocrx_word' id='word_1_108' title='bbox 1810 2120 2337 2210; x_wconf 81' lang='lat' dir='ltr'><strong>PRIMUM.</strong></span> 
     </span>
    </p>
   </div>
   <div class='ocr_carea' id='block_1_22' title="bbox 871 2307 2863 2368">
    <p class='ocr_par' dir='ltr' id='par_1_22' title="bbox 871 2307 2863 2368">
     <span class='ocr_line' id='line_1_22' title="bbox 871 2307 2863 2368; baseline 0.002 -3"><span class='ocrx_word' id='word_1_109' title='bbox 871 2308 1274 2367; x_wconf 81' lang='lat' dir='ltr'><strong>ARTICULUS</strong></span> <span class='ocrx_word' id='word_1_110' title='bbox 1316 2307 1599 2366; x_wconf 86' lang='lat' dir='ltr'><strong>UNICUS.</strong></span> <span class='ocrx_word' id='word_1_111' title='bbox 1637 2339 1706 2349; x_wconf 95' lang='lat'><strong><em>—</em></strong></span> <span class='ocrx_word' id='word_1_112' title='bbox 1746 2308 1935 2364; x_wconf 69' lang='lat' dir='ltr'><strong>VITIE</strong></span> <span class='ocrx_word' id='word_1_113' title='bbox 1977 2308 2035 2368; x_wconf 91' lang='lat' dir='ltr'><strong>S.</strong></span> <span class='ocrx_word' id='word_1_114' title='bbox 2077 2309 2476 2367; x_wconf 82' lang='lat' dir='ltr'><strong>CLEMENTIS</strong></span> <span class='ocrx_word' id='word_1_115' title='bbox 2514 2310 2863 2368; x_wconf 78' lang='lat' dir='ltr'><strong>HISTORIA.</strong></span> 
     </span>
    </p>
   </div>
   <div class='ocr_carea' id='block_1_23' title="bbox 290 2580 3493 2655">
    <p class='ocr_par' dir='ltr' id='par_1_23' title="bbox 290 2580 3493 2655">
     <span class='ocr_line' id='line_1_23' title="bbox 290 2580 3493 2655; baseline 0.001 -17"><span class='ocrx_word' id='word_1_116' title='bbox 290 2581 354 2638; x_wconf 89' lang='lat' dir='ltr'><strong>S.</strong></span> <span class='ocrx_word' id='word_1_117' title='bbox 384 2581 672 2636; x_wconf 84' lang='lat' dir='ltr'><strong>Clementis</strong></span> <span class='ocrx_word' id='word_1_118' title='bbox 718 2581 894 2651; x_wconf 87' lang='lat' dir='ltr'><strong>patria</strong></span> <span class='ocrx_word' id='word_1_119' title='bbox 945 2586 995 2633; x_wconf 90' lang='lat' dir='ltr'><strong>et</strong></span> <span class='ocrx_word' id='word_1_120' title='bbox 1034 2581 1234 2651; x_wconf 79' lang='lat' dir='ltr'><strong>generis</strong></span> <span class='ocrx_word' id='word_1_121' title='bbox 1284 2581 1553 2639; x_wconf 80' lang='lat' dir='ltr'><strong>nobilitas.</strong></span> <span class='ocrx_word' id='word_1_122' title='bbox 1584 2612 1653 2622; x_wconf 90' lang='lat'><strong>——</strong></span> <span class='ocrx_word' id='word_1_123' title='bbox 1675 2581 1798 2638; x_wconf 90' lang='lat' dir='ltr'><strong>Cle-</strong></span> <span class='ocrx_word' id='word_1_124' title='bbox 1832 2591 1875 2646; x_wconf 88' lang='lat' dir='ltr'><strong>B</strong></span> <span class='ocrx_word' id='word_1_125' title='bbox 1903 2596 2033 2636; x_wconf 90' lang='lat' dir='ltr'><strong>vero</strong></span> <span class='ocrx_word' id='word_1_126' title='bbox 2055 2580 2525 2653; x_wconf 89' lang='lat' dir='ltr'><strong>Recognitionum,</strong></span> <span class='ocrx_word' id='word_1_127' title='bbox 2545 2583 2636 2653; x_wconf 88' lang='lat' dir='ltr'><strong>qui</strong></span> <span class='ocrx_word' id='word_1_128' title='bbox 2660 2583 2761 2638; x_wconf 88' lang='lat' dir='ltr'><strong>sub</strong></span> <span class='ocrx_word' id='word_1_129' title='bbox 2781 2583 3076 2640; x_wconf 87' lang='lat' dir='ltr'><strong>Clementis</strong></span> <span class='ocrx_word' id='word_1_130' title='bbox 3098 2583 3260 2655; x_wconf 84' lang='lat' dir='ltr'><strong>hujus</strong></span> <span class='ocrx_word' id='word_1_131' title='bbox 3278 2584 3493 2641; x_wconf 86' lang='lat' dir='ltr'><strong>nomine</strong></span> 
     </span>
    </p>
   </div>
   <div class='ocr_carea' id='block_1_24' title="bbox 218 2673 1805 2747">
    <p class='ocr_par' dir='ltr' id='par_1_24' title="bbox 218 2673 1805 2747">
     <span class='ocr_line' id='line_1_24' title="bbox 218 2673 1805 2747; baseline 0.001 -19"><span class='ocrx_word' id='word_1_132' title='bbox 218 2691 378 2731; x_wconf 85' lang='lat' dir='ltr'><strong>mens</strong></span> <span class='ocrx_word' id='word_1_133' title='bbox 429 2673 711 2731; x_wconf 87' lang='lat' dir='ltr'><strong>Romanus</strong></span> <span class='ocrx_word' id='word_1_134' title='bbox 760 2684 1076 2731; x_wconf 89' lang='lat' dir='ltr'><strong>sanctorum</strong></span> <span class='ocrx_word' id='word_1_135' title='bbox 1125 2673 1375 2741; x_wconf 87' lang='lat' dir='ltr'><strong>Patrum,</strong></span> <span class='ocrx_word' id='word_1_136' title='bbox 1409 2685 1675 2747; x_wconf 87' lang='lat' dir='ltr'><strong>quotquot</strong></span> <span class='ocrx_word' id='word_1_137' title='bbox 1711 2694 1805 2733; x_wconf 79' lang='lat' dir='ltr'><strong>ex—</strong></span> 
     </span>
    </p>
   </div>
   <div class='ocr_carea' id='block_1_25' title="bbox 217 2767 1803 2838">
    <p class='ocr_par' dir='ltr' id='par_1_25' title="bbox 217 2767 1803 2838">
     <span class='ocr_line' id='line_1_25' title="bbox 217 2767 1803 2838; baseline -0.001 -14"><span class='ocrx_word' id='word_1_138' title='bbox 217 2778 370 2824; x_wconf 86' lang='lat' dir='ltr'><strong>stant</strong></span> <span class='ocrx_word' id='word_1_139' title='bbox 424 2767 870 2831; x_wconf 86' lang='lat' dir='ltr'><strong>vetustissimus,</strong></span> <span class='ocrx_word' id='word_1_140' title='bbox 917 2781 1093 2837; x_wconf 87' lang='lat' dir='ltr'><strong>neque</strong></span> <span class='ocrx_word' id='word_1_141' title='bbox 1153 2782 1266 2821; x_wconf 92' lang='lat' dir='ltr'><strong>uno</strong></span> <span class='ocrx_word' id='word_1_142' title='bbox 1320 2768 1541 2823; x_wconf 88' lang='lat' dir='ltr'><strong>nomine</strong></span> <span class='ocrx_word' id='word_1_143' title='bbox 1572 2769 1803 2838; x_wconf 89' lang='lat' dir='ltr'><strong>primus,</strong></span> 
     </span>
    </p>
   </div>
   <div class='ocr_carea' id='block_1_26' title="bbox 216 2856 1801 2930">
    <p class='ocr_par' dir='ltr' id='par_1_26' title="bbox 216 2856 1801 2930">
     <span class='ocr_line' id='line_1_26' title="bbox 216 2856 1801 2930; baseline 0.001 -18"><span class='ocrx_word' id='word_1_144' title='bbox 216 2858 394 2913; x_wconf 79' lang='lat' dir='ltr'><strong>Roma</strong></span> <span class='ocrx_word' id='word_1_145' title='bbox 439 2874 473 2914; x_wconf 88' lang='lat' dir='ltr'><strong>e</strong></span> <span class='ocrx_word' id='word_1_146' title='bbox 519 2859 796 2915; x_wconf 85' lang='lat' dir='ltr'><strong>senatorio</strong></span> <span class='ocrx_word' id='word_1_147' title='bbox 832 2874 1027 2930; x_wconf 77' lang='lat' dir='ltr'><strong>genere</strong></span> <span class='ocrx_word' id='word_1_148' title='bbox 1057 2856 1170 2929; x_wconf 70' lang='lat'><strong>(25)</strong></span> <span class='ocrx_word' id='word_1_149' title='bbox 1204 2866 1359 2913; x_wconf 89' lang='lat' dir='ltr'><strong>ortus</strong></span> <span class='ocrx_word' id='word_1_150' title='bbox 1388 2866 1490 2914; x_wconf 86' lang='lat' dir='ltr'><strong>est.</strong></span> <span class='ocrx_word' id='word_1_151' title='bbox 1526 2857 1715 2914; x_wconf 71' lang='lat' dir='ltr'><strong>Graeca</strong></span> <span class='ocrx_word' id='word_1_152' title='bbox 1744 2858 1801 2913; x_wconf 90' lang='lat' dir='ltr'><strong>S.</strong></span> 
     </span>
    </p>
   </div>
   <div class='ocr_carea' id='block_1_27' title="bbox 216 2948 1806 3020">
    <p class='ocr_par' dir='ltr' id='par_1_27' title="bbox 216 2948 1806 3020">
     <span class='ocr_line' id='line_1_27' title="bbox 216 2948 1806 3020; baseline 0 -17"><span class='ocrx_word' id='word_1_153' title='bbox 216 2949 363 3005; x_wconf 86' lang='lat' dir='ltr'><strong>Petri</strong></span> <span class='ocrx_word' id='word_1_154' title='bbox 394 2950 539 3020; x_wconf 92' lang='lat' dir='ltr'><strong>apud</strong></span> <span class='ocrx_word' id='word_1_155' title='bbox 584 2948 989 3005; x_wconf 87' lang='lat' dir='ltr'><strong>llenschenium</strong></span> <span class='ocrx_word' id='word_1_156' title='bbox 1039 2958 1160 3004; x_wconf 89' lang='lat' dir='ltr'><strong>acta</strong></span> <span class='ocrx_word' id='word_1_157' title='bbox 1214 2950 1377 3004; x_wconf 89' lang='lat' dir='ltr'><strong>etiam</strong></span> <span class='ocrx_word' id='word_1_158' title='bbox 1423 2950 1682 3020; x_wconf 81' lang='lat' dir='ltr'><strong>Augustis</strong></span> <span class='ocrx_word' id='word_1_159' title='bbox 1712 2964 1806 3005; x_wconf 85' lang='lat' dir='ltr'><strong>co-</strong></span> 
     </span>
    </p>
   </div>
   <div class='ocr_carea' id='block_1_28' title="bbox 215 3040 1806 3113">
    <p class='ocr_par' dir='ltr' id='par_1_28' title="bbox 215 3040 1806 3113">
     <span class='ocr_line' id='line_1_28' title="bbox 215 3040 1806 3113; baseline -0.001 -18"><span class='ocrx_word' id='word_1_160' title='bbox 215 3050 442 3113; x_wconf 85' lang='lat' dir='ltr'><strong>gnatum</strong></span> <span class='ocrx_word' id='word_1_161' title='bbox 474 3040 669 3103; x_wconf 91' lang='lat' dir='ltr'><strong>fuisse,</strong></span> <span class='ocrx_word' id='word_1_162' title='bbox 700 3041 1099 3113; x_wconf 89' lang='lat' dir='ltr'><strong>Neronemque,</strong></span> <span class='ocrx_word' id='word_1_163' title='bbox 1135 3041 1264 3097; x_wconf 92' lang='lat' dir='ltr'><strong>dum</strong></span> <span class='ocrx_word' id='word_1_164' title='bbox 1309 3040 1655 3097; x_wconf 89' lang='lat' dir='ltr'><strong>Christianos</strong></span> <span class='ocrx_word' id='word_1_165' title='bbox 1681 3056 1806 3111; x_wconf 90' lang='lat' dir='ltr'><strong>per-</strong></span> 
     </span>
    </p>
   </div>
   <div class='ocr_carea' id='block_1_29' title="bbox 214 3134 1851 3209">
    <p class='ocr_par' dir='ltr' id='par_1_29' title="bbox 214 3134 1851 3209">
     <span class='ocr_line' id='line_1_29' title="bbox 214 3134 1851 3209; baseline -0.002 -20"><span class='ocrx_word' id='word_1_166' title='bbox 214 3134 587 3205; x_wconf 83' lang='lat' dir='ltr'><strong>sequebatur,</strong></span> <span class='ocrx_word' id='word_1_167' title='bbox 638 3134 707 3189; x_wconf 89' lang='lat' dir='ltr'><strong>ab</strong></span> <span class='ocrx_word' id='word_1_168' title='bbox 748 3134 841 3190; x_wconf 91' lang='lat' dir='ltr'><strong>illo</strong></span> <span class='ocrx_word' id='word_1_169' title='bbox 888 3141 1176 3206; x_wconf 88' lang='lat' dir='ltr'><strong>eapropter</strong></span> <span class='ocrx_word' id='word_1_170' title='bbox 1227 3134 1560 3189; x_wconf 88' lang='lat' dir='ltr'><strong>abstinuisse</strong></span> <span class='ocrx_word' id='word_1_171' title='bbox 1594 3140 1805 3189; x_wconf 87' lang='lat' dir='ltr'><strong>testan-</strong></span> <span class='ocrx_word' id='word_1_172' title='bbox 1844 3202 1851 3209; x_wconf 31' lang='lat'><em>.</em></span> 
     </span>
    </p>
   </div>
   <div class='ocr_carea' id='block_1_30' title="bbox 213 3238 325 3284">
    <p class='ocr_par' dir='ltr' id='par_1_30' title="bbox 213 3238 325 3284">
     <span class='ocr_line' id='line_1_30' title="bbox 213 3238 325 3284; baseline 0.009 -1"><span class='ocrx_word' id='word_1_173' title='bbox 213 3238 325 3284; x_wconf 87' lang='lat' dir='ltr'><strong>tur.</strong></span> 
     </span>
    </p>
   </div>
   <div class='ocr_carea' id='block_1_31' title="bbox 282 3317 1804 3391">
    <p class='ocr_par' dir='ltr' id='par_1_31' title="bbox 282 3317 1804 3391">
     <span class='ocr_line' id='line_1_31' title="bbox 282 3317 1804 3391; baseline -0.003 -14"><span class='ocrx_word' id='word_1_174' title='bbox 282 3325 474 3377; x_wconf 78' lang='lat' dir='ltr'><strong>Annus</strong></span> <span class='ocrx_word' id='word_1_175' title='bbox 520 3322 835 3386; x_wconf 85' lang='lat' dir='ltr'><strong>nativitatis,</strong></span> <span class='ocrx_word' id='word_1_176' title='bbox 865 3330 915 3375; x_wconf 88' lang='lat' dir='ltr'><strong>et</strong></span> <span class='ocrx_word' id='word_1_177' title='bbox 945 3320 1057 3391; x_wconf 83' lang='lat' dir='ltr'><strong>ejus</strong></span> <span class='ocrx_word' id='word_1_178' title='bbox 1103 3320 1395 3375; x_wconf 84' lang='lat' dir='ltr'><strong>conversio.</strong></span> <span class='ocrx_word' id='word_1_179' title='bbox 1418 3348 1489 3359; x_wconf 92' lang='lat'><strong>—-</strong></span> <span class='ocrx_word' id='word_1_180' title='bbox 1511 3317 1631 3384; x_wconf 84' lang='lat' dir='ltr'><strong>Quo</strong></span> <span class='ocrx_word' id='word_1_181' title='bbox 1660 3331 1804 3372; x_wconf 88' lang='lat' dir='ltr'><strong>anno</strong></span> 
     </span>
    </p>
   </div>
   <div class='ocr_carea' id='block_1_32' title="bbox 213 3410 1803 3483">
    <p class='ocr_par' dir='ltr' id='par_1_32' title="bbox 213 3410 1803 3483">
     <span class='ocr_line' id='line_1_32' title="bbox 213 3410 1803 3483; baseline -0.001 -17"><span class='ocrx_word' id='word_1_182' title='bbox 213 3416 452 3483; x_wconf 87' lang='lat' dir='ltr'><strong>primam</strong></span> <span class='ocrx_word' id='word_1_183' title='bbox 501 3413 680 3468; x_wconf 91' lang='lat' dir='ltr'><strong>lucem</strong></span> <span class='ocrx_word' id='word_1_184' title='bbox 725 3412 1019 3483; x_wconf 80' lang='lat' dir='ltr'><strong>aspexerit,</strong></span> <span class='ocrx_word' id='word_1_185' title='bbox 1054 3427 1236 3476; x_wconf 88' lang='lat' dir='ltr'><strong>nemo,</strong></span> <span class='ocrx_word' id='word_1_186' title='bbox 1267 3410 1412 3481; x_wconf 91' lang='lat' dir='ltr'><strong>quod</strong></span> <span class='ocrx_word' id='word_1_187' title='bbox 1458 3411 1648 3474; x_wconf 87' lang='lat' dir='ltr'><strong>sciam,</strong></span> <span class='ocrx_word' id='word_1_188' title='bbox 1675 3426 1803 3480; x_wconf 92' lang='lat' dir='ltr'><strong>pro-</strong></span> 
     </span>
    </p>
   </div>
   <div class='ocr_carea' id='block_1_33' title="bbox 211 3504 1803 3573">
    <p class='ocr_par' dir='ltr' id='par_1_33' title="bbox 211 3504 1803 3573">
     <span class='ocr_line' id='line_1_33' title="bbox 211 3504 1803 3573; baseline 0.001 -16"><span class='ocrx_word' id='word_1_189' title='bbox 211 3504 385 3571; x_wconf 90' lang='lat' dir='ltr'><strong>didit;</strong></span> <span class='ocrx_word' id='word_1_190' title='bbox 416 3504 461 3559; x_wconf 90' lang='lat' dir='ltr'><strong>si</strong></span> <span class='ocrx_word' id='word_1_191' title='bbox 495 3514 675 3560; x_wconf 89' lang='lat' dir='ltr'><strong>tamen</strong></span> <span class='ocrx_word' id='word_1_192' title='bbox 702 3504 1015 3573; x_wconf 86' lang='lat' dir='ltr'><strong>conjectare</strong></span> <span class='ocrx_word' id='word_1_193' title='bbox 1062 3504 1246 3566; x_wconf 87' lang='lat' dir='ltr'><strong>liceat,</strong></span> <span class='ocrx_word' id='word_1_194' title='bbox 1277 3504 1496 3560; x_wconf 88' lang='lat' dir='ltr'><strong>Christo</strong></span> <span class='ocrx_word' id='word_1_195' title='bbox 1538 3504 1591 3557; x_wconf 91' lang='lat' dir='ltr'><strong>in</strong></span> <span class='ocrx_word' id='word_1_196' title='bbox 1639 3504 1803 3558; x_wconf 86' lang='lat' dir='ltr'><strong>terris</strong></span> 
     </span>
    </p>
   </div>
   <div class='ocr_carea' id='block_1_34' title="bbox 213 3594 1804 3665">
    <p class='ocr_par' dir='ltr' id='par_1_34' title="bbox 213 3594 1804 3665">
     <span class='ocr_line' id='line_1_34' title="bbox 213 3594 1804 3665; baseline 0 -18"><span class='ocrx_word' id='word_1_197' title='bbox 213 3596 397 3649; x_wconf 86' lang='lat' dir='ltr'><strong>adhuc</strong></span> <span class='ocrx_word' id='word_1_198' title='bbox 415 3594 645 3665; x_wconf 85' lang='lat' dir='ltr'><strong>degente</strong></span> <span class='ocrx_word' id='word_1_199' title='bbox 672 3604 833 3649; x_wconf 87' lang='lat' dir='ltr'><strong>natus</strong></span> <span class='ocrx_word' id='word_1_200' title='bbox 864 3610 895 3649; x_wconf 90' lang='lat' dir='ltr'><strong>e</strong></span> <span class='ocrx_word' id='word_1_201' title='bbox 917 3595 1123 3664; x_wconf 86' lang='lat' dir='ltr'><strong>reliqua</strong></span> <span class='ocrx_word' id='word_1_202' title='bbox 1153 3596 1279 3649; x_wconf 58' lang='lat' dir='ltr'><strong>vitae</strong></span> <span class='ocrx_word' id='word_1_203' title='bbox 1304 3595 1445 3649; x_wconf 90' lang='lat' dir='ltr'><strong>serie</strong></span> <span class='ocrx_word' id='word_1_204' title='bbox 1470 3595 1681 3650; x_wconf 88' lang='lat' dir='ltr'><strong>censeri</strong></span> <span class='ocrx_word' id='word_1_205' title='bbox 1705 3610 1804 3664; x_wconf 92' lang='lat' dir='ltr'><strong>po-</strong></span> 
     </span>
    </p>
   </div>
   <div class='ocr_carea' id='block_1_35' title="bbox 211 3679 1802 3754">
    <p class='ocr_par' dir='ltr' id='par_1_35' title="bbox 211 3679 1802 3754">
     <span class='ocr_line' id='line_1_35' title="bbox 211 3679 1802 3754; baseline 0.004 -21"><span class='ocrx_word' id='word_1_206' title='bbox 211 3689 345 3735; x_wconf 88' lang='lat' dir='ltr'><strong>test.</strong></span> <span class='ocrx_word' id='word_1_207' title='bbox 378 3679 617 3737; x_wconf 83' lang='lat' dir='ltr'><strong>Sanctus</strong></span> <span class='ocrx_word' id='word_1_208' title='bbox 659 3681 864 3737; x_wconf 86' lang='lat' dir='ltr'><strong>Paulus</strong></span> <span class='ocrx_word' id='word_1_209' title='bbox 911 3684 965 3737; x_wconf 91' lang='lat' dir='ltr'><strong>in</strong></span> <span class='ocrx_word' id='word_1_210' title='bbox 1014 3696 1099 3747; x_wconf 91' lang='lat' dir='ltr'><strong>ea,</strong></span> <span class='ocrx_word' id='word_1_211' title='bbox 1126 3698 1289 3752; x_wconf 86' lang='lat' dir='ltr'><strong>quam</strong></span> <span class='ocrx_word' id='word_1_212' title='bbox 1322 3682 1387 3735; x_wconf 88' lang='lat' dir='ltr'><strong>ad</strong></span> <span class='ocrx_word' id='word_1_213' title='bbox 1422 3683 1802 3754; x_wconf 88' lang='lat' dir='ltr'><strong>Philippenses</strong></span> 
     </span>
    </p>
   </div>
   <div class='ocr_carea' id='block_1_36' title="bbox 211 3772 1803 3845">
    <p class='ocr_par' dir='ltr' id='par_1_36' title="bbox 211 3772 1803 3845">
     <span class='ocr_line' id='line_1_36' title="bbox 211 3772 1803 3845; baseline 0.003 -20"><span class='ocrx_word' id='word_1_214' title='bbox 211 3772 385 3836; x_wconf 85' lang='lat' dir='ltr'><strong>dedit,</strong></span> <span class='ocrx_word' id='word_1_215' title='bbox 411 3773 641 3843; x_wconf 90' lang='lat' dir='ltr'><strong>epistola</strong></span> <span class='ocrx_word' id='word_1_216' title='bbox 672 3772 859 3827; x_wconf 85' lang='lat' dir='ltr'><strong>laudat</strong></span> <span class='ocrx_word' id='word_1_217' title='bbox 898 3772 1234 3828; x_wconf 84' lang='lat' dir='ltr'><strong>Clementem</strong></span> <span class='ocrx_word' id='word_1_218' title='bbox 1272 3780 1518 3828; x_wconf 90' lang='lat' dir='ltr'><strong>nostrum</strong></span> <span class='ocrx_word' id='word_1_219' title='bbox 1544 3790 1643 3829; x_wconf 92' lang='lat' dir='ltr'><strong>ceu</strong></span> <span class='ocrx_word' id='word_1_220' title='bbox 1672 3790 1803 3845; x_wconf 84' lang='lat' dir='ltr'><strong>apo-</strong></span> 
     </span>
    </p>
   </div>
   <div class='ocr_carea' id='block_1_37' title="bbox 211 3862 1801 3932">
    <p class='ocr_par' dir='ltr' id='par_1_37' title="bbox 211 3862 1801 3932">
     <span class='ocr_line' id='line_1_37' title="bbox 211 3862 1801 3932; baseline 0.002 -16"><span class='ocrx_word' id='word_1_221' title='bbox 211 3862 449 3919; x_wconf 86' lang='lat' dir='ltr'><strong>stolatus</strong></span> <span class='ocrx_word' id='word_1_222' title='bbox 472 3862 556 3917; x_wconf 90' lang='lat' dir='ltr'><strong>sui</strong></span> <span class='ocrx_word' id='word_1_223' title='bbox 587 3863 796 3918; x_wconf 90' lang='lat' dir='ltr'><strong>socium</strong></span> <span class='ocrx_word' id='word_1_224' title='bbox 827 3873 881 3917; x_wconf 89' lang='lat' dir='ltr'><strong>et</strong></span> <span class='ocrx_word' id='word_1_225' title='bbox 923 3862 1298 3932; x_wconf 85' lang='lat' dir='ltr'><strong>coadjutorem</strong></span> <span class='ocrx_word' id='word_1_226' title='bbox 1327 3862 1503 3931; x_wconf 69' lang='lat' dir='ltr'><strong>“&#39;m;</strong></span> <span class='ocrx_word' id='word_1_227' title='bbox 1536 3863 1592 3919; x_wconf 91' lang='lat' dir='ltr'><strong>in</strong></span> <span class='ocrx_word' id='word_1_228' title='bbox 1649 3864 1801 3919; x_wconf 89' lang='lat' dir='ltr'><strong>libris</strong></span> 
     </span>
    </p>
   </div>
   <div class='ocr_carea' id='block_1_38' title="bbox 280 3997 1470 4072">
    <p class='ocr_par' dir='ltr' id='par_1_38' title="bbox 280 3997 1470 4072">
     <span class='ocr_line' id='line_1_38' title="bbox 280 3997 1470 4072; baseline 0.012 -27"><span class='ocrx_word' id='word_1_229' title='bbox 280 3998 429 4029; x_wconf 66' lang='grc' dir='ltr'><strong>δί’-⁸⁸⁸</strong></span> <span class='ocrx_word' id='word_1_230' title='bbox 452 3998 534 4053; x_wconf 81' lang='lat' dir='ltr'><strong>Ad</strong></span> <span class='ocrx_word' id='word_1_231' title='bbox 567 3997 827 4069; x_wconf 91' lang='lat' dir='ltr'><strong>Philipp.,</strong></span> <span class='ocrx_word' id='word_1_232' title='bbox 854 4015 976 4070; x_wconf 87' lang='lat' dir='ltr'><strong>cap.</strong></span> <span class='ocrx_word' id='word_1_233' title='bbox 1006 4016 1082 4065; x_wconf 84' lang='lat' dir='ltr'><strong>tv,</strong></span> <span class='ocrx_word' id='word_1_234' title='bbox 1116 4018 1167 4055; x_wconf 90' lang='lat' dir='ltr'><strong>v.</strong></span> <span class='ocrx_word' id='word_1_235' title='bbox 1199 3997 1234 4055; x_wconf 79' lang='lat'><strong>3</strong></span> <span class='ocrx_word' id='word_1_236' title='bbox 1260 4008 1313 4057; x_wconf 86' lang='lat' dir='ltr'><strong>et</strong></span> <span class='ocrx_word' id='word_1_237' title='bbox 1354 4016 1470 4072; x_wconf 80' lang='lat' dir='ltr'><strong>seq.</strong></span> 
     </span>
    </p>
   </div>
   <div class='ocr_carea' id='block_1_39' title="bbox 1906 2676 3491 2751">
    <p class='ocr_par' dir='ltr' id='par_1_39' title="bbox 1906 2676 3491 2751">
     <span class='ocr_line' id='line_1_39' title="bbox 1906 2676 3491 2751; baseline 0.003 -22"><span class='ocrx_word' id='word_1_238' title='bbox 1906 2676 2389 2741; x_wconf 82' lang='lat' dir='ltr'><strong>circumferuntur,</strong></span> <span class='ocrx_word' id='word_1_239' title='bbox 2424 2694 2454 2732; x_wconf 90' lang='lat' dir='ltr'><strong>a</strong></span> <span class='ocrx_word' id='word_1_240' title='bbox 2490 2678 2614 2733; x_wconf 89' lang='lat' dir='ltr'><strong>divo</strong></span> <span class='ocrx_word' id='word_1_241' title='bbox 2647 2677 2810 2734; x_wconf 87' lang='lat' dir='ltr'><strong>Petro</strong></span> <span class='ocrx_word' id='word_1_242' title='bbox 2841 2680 3212 2750; x_wconf 83' lang='lat' dir='ltr'><strong>apostolorum</strong></span> <span class='ocrx_word' id='word_1_243' title='bbox 3245 2682 3491 2751; x_wconf 82' lang='lat' dir='ltr'><strong>principe</strong></span> 
     </span>
    </p>
   </div>
   <div class='ocr_carea' id='block_1_40' title="bbox 1906 2767 3492 2843">
    <p class='ocr_par' dir='ltr' id='par_1_40' title="bbox 1906 2767 3492 2843">
     <span class='ocr_line' id='line_1_40' title="bbox 1906 2767 3492 2843; baseline 0.004 -22"><span class='ocrx_word' id='word_1_244' title='bbox 1906 2767 1973 2822; x_wconf 90' lang='lat' dir='ltr'><strong>ad</strong></span> <span class='ocrx_word' id='word_1_245' title='bbox 2013 2768 2291 2823; x_wconf 88' lang='lat' dir='ltr'><strong>Christum</strong></span> <span class='ocrx_word' id='word_1_246' title='bbox 2344 2786 2648 2825; x_wconf 90' lang='lat' dir='ltr'><strong>conversus</strong></span> <span class='ocrx_word' id='word_1_247' title='bbox 2693 2787 2836 2835; x_wconf 89' lang='lat' dir='ltr'><strong>esse,</strong></span> <span class='ocrx_word' id='word_1_248' title='bbox 2877 2773 3037 2842; x_wconf 91' lang='lat' dir='ltr'><strong>eique</strong></span> <span class='ocrx_word' id='word_1_249' title='bbox 3076 2783 3263 2843; x_wconf 88' lang='lat' dir='ltr'><strong>postea</strong></span> <span class='ocrx_word' id='word_1_250' title='bbox 3307 2788 3492 2829; x_wconf 88' lang='lat' dir='ltr'><strong>comes</strong></span> 
     </span>
    </p>
   </div>
   <div class='ocr_carea' id='block_1_41' title="bbox 1906 2859 3489 2928">
    <p class='ocr_par' dir='ltr' id='par_1_41' title="bbox 1906 2859 3489 2928">
     <span class='ocr_line' id='line_1_41' title="bbox 1906 2859 3489 2928; baseline 0.003 -14"><span class='ocrx_word' id='word_1_251' title='bbox 1906 2859 2082 2915; x_wconf 86' lang='lat' dir='ltr'><strong>fidelis</strong></span> <span class='ocrx_word' id='word_1_252' title='bbox 2126 2860 2424 2915; x_wconf 60' lang='lat' dir='ltr'><strong>adhaesisse</strong></span> <span class='ocrx_word' id='word_1_253' title='bbox 2474 2869 2751 2916; x_wconf 87' lang='lat' dir='ltr'><strong>narratur.</strong></span> <span class='ocrx_word' id='word_1_254' title='bbox 2796 2861 3039 2928; x_wconf 84' lang='lat' dir='ltr'><strong>Quorum</strong></span> <span class='ocrx_word' id='word_1_255' title='bbox 3086 2864 3347 2918; x_wconf 90' lang='lat' dir='ltr'><strong>librorum</strong></span> <span class='ocrx_word' id='word_1_256' title='bbox 3386 2864 3489 2919; x_wconf 88' lang='lat' dir='ltr'><strong>etsi</strong></span> 
     </span>
    </p>
   </div>
   <div class='ocr_carea' id='block_1_42' title="bbox 1904 2956 3490 3019">
    <p class='ocr_par' dir='ltr' id='par_1_42' title="bbox 1904 2956 3490 3019">
     <span class='ocr_line' id='line_1_42' title="bbox 1904 2956 3490 3019; baseline 0.003 -12"><span class='ocrx_word' id='word_1_257' title='bbox 1904 2968 2016 3007; x_wconf 92' lang='lat' dir='ltr'><strong>non</strong></span> <span class='ocrx_word' id='word_1_258' title='bbox 2056 2956 2347 3010; x_wconf 88' lang='lat' dir='ltr'><strong>admodum</strong></span> <span class='ocrx_word' id='word_1_259' title='bbox 2382 2956 2534 3009; x_wconf 88' lang='lat' dir='ltr'><strong>firma</strong></span> <span class='ocrx_word' id='word_1_260' title='bbox 2582 2956 2653 3011; x_wconf 89' lang='lat' dir='ltr'><strong>sit</strong></span> <span class='ocrx_word' id='word_1_261' title='bbox 2703 2956 3025 3019; x_wconf 86' lang='lat' dir='ltr'><strong>auctoritas,</strong></span> <span class='ocrx_word' id='word_1_262' title='bbox 3059 2956 3161 3010; x_wconf 89' lang='lat' dir='ltr'><strong>hac</strong></span> <span class='ocrx_word' id='word_1_263' title='bbox 3203 2965 3381 3011; x_wconf 87' lang='lat' dir='ltr'><strong>tamen</strong></span> <span class='ocrx_word' id='word_1_264' title='bbox 3423 2974 3490 3012; x_wconf 75' lang='lat' dir='ltr'><strong>ex</strong></span> 
     </span>
    </p>
   </div>
   <div class='ocr_carea' id='block_1_43' title="bbox 1905 3042 3475 3116">
    <p class='ocr_par' dir='ltr' id='par_1_43' title="bbox 1905 3042 3475 3116">
     <span class='ocr_line' id='line_1_43' title="bbox 1905 3042 3475 3116; baseline 0.003 -22"><span class='ocrx_word' id='word_1_265' title='bbox 1905 3049 2058 3111; x_wconf 88' lang='lat' dir='ltr'><strong>parte</strong></span> <span class='ocrx_word' id='word_1_266' title='bbox 2102 3042 2177 3096; x_wconf 92' lang='lat' dir='ltr'><strong>nil</strong></span> <span class='ocrx_word' id='word_1_267' title='bbox 2222 3059 2553 3115; x_wconf 83' lang='lat' dir='ltr'><strong>magnopere</strong></span> <span class='ocrx_word' id='word_1_268' title='bbox 2610 3059 2670 3099; x_wconf 91' lang='lat' dir='ltr'><strong>se</strong></span> <span class='ocrx_word' id='word_1_269' title='bbox 2718 3042 2897 3110; x_wconf 78' lang='lat' dir='ltr'><strong>offert,</strong></span> <span class='ocrx_word' id='word_1_270' title='bbox 2934 3060 3034 3099; x_wconf 92' lang='lat' dir='ltr'><strong>cur</strong></span> <span class='ocrx_word' id='word_1_271' title='bbox 3072 3045 3371 3116; x_wconf 88' lang='lat' dir='ltr'><strong>rejicienda</strong></span> <span class='ocrx_word' id='word_1_272' title='bbox 3411 3047 3475 3100; x_wconf 90' lang='lat' dir='ltr'><strong>vi-</strong></span> 
     </span>
    </p>
   </div>
   <div class='ocr_carea' id='block_1_44' title="bbox 1905 3131 2121 3188">
    <p class='ocr_par' dir='ltr' id='par_1_44' title="bbox 1905 3131 2121 3188">
     <span class='ocr_line' id='line_1_44' title="bbox 1905 3131 2121 3188; baseline 0.009 -2"><span class='ocrx_word' id='word_1_273' title='bbox 1905 3131 2121 3188; x_wconf 89' lang='lat' dir='ltr'><strong>deatur.</strong></span> 
     </span>
    </p>
   </div>
   <div class='ocr_carea' id='block_1_45' title="bbox 1976 3224 3477 3296">
    <p class='ocr_par' dir='ltr' id='par_1_45' title="bbox 1976 3224 3477 3296">
     <span class='ocr_line' id='line_1_45' title="bbox 1976 3224 3477 3296; baseline 0.002 -17"><span class='ocrx_word' id='word_1_274' title='bbox 1976 3224 2019 3279; x_wconf 82' lang='grc' dir='ltr'><strong><em>Α</em></strong></span> <span class='ocrx_word' id='word_1_275' title='bbox 2057 3225 2175 3279; x_wconf 85' lang='lat' dir='ltr'><strong>divo</strong></span> <span class='ocrx_word' id='word_1_276' title='bbox 2218 3225 2376 3280; x_wconf 88' lang='lat' dir='ltr'><strong>Petro</strong></span> <span class='ocrx_word' id='word_1_277' title='bbox 2408 3227 2680 3295; x_wconf 84' lang='lat' dir='ltr'><strong>episcopus</strong></span> <span class='ocrx_word' id='word_1_278' title='bbox 2711 3226 3039 3296; x_wconf 84' lang='lat' dir='ltr'><strong>designatur.</strong></span> <span class='ocrx_word' id='word_1_279' title='bbox 3068 3255 3139 3267; x_wconf 88' lang='lat'><strong>——</strong></span> <span class='ocrx_word' id='word_1_280' title='bbox 3160 3226 3297 3282; x_wconf 91' lang='lat' dir='ltr'><strong>Cum</strong></span> <span class='ocrx_word' id='word_1_281' title='bbox 3339 3235 3477 3282; x_wconf 90' lang='lat' dir='ltr'><strong>utro-</strong></span> 
     </span>
    </p>
   </div>
   <div class='ocr_carea' id='block_1_46' title="bbox 1905 3316 3491 3386">
    <p class='ocr_par' dir='ltr' id='par_1_46' title="bbox 1905 3316 3491 3386">
     <span class='ocr_line' id='line_1_46' title="bbox 1905 3316 3491 3386; baseline 0.001 -17"><span class='ocrx_word' id='word_1_282' title='bbox 1905 3331 2011 3386; x_wconf 90' lang='lat' dir='ltr'><strong>que</strong></span> <span class='ocrx_word' id='word_1_283' title='bbox 2038 3324 2184 3369; x_wconf 89' lang='lat' dir='ltr'><strong>certe</strong></span> <span class='ocrx_word' id='word_1_284' title='bbox 2213 3317 2585 3385; x_wconf 87' lang='lat' dir='ltr'><strong>apostolorum</strong></span> <span class='ocrx_word' id='word_1_285' title='bbox 2624 3316 2872 3386; x_wconf 87' lang='lat' dir='ltr'><strong>principe</strong></span> <span class='ocrx_word' id='word_1_286' title='bbox 2920 3317 3255 3372; x_wconf 89' lang='lat' dir='ltr'><strong>Clementem</strong></span> <span class='ocrx_word' id='word_1_287' title='bbox 3304 3318 3397 3371; x_wconf 92' lang='lat' dir='ltr'><strong>diu</strong></span> <span class='ocrx_word' id='word_1_288' title='bbox 3436 3325 3491 3372; x_wconf 92' lang='lat' dir='ltr'><strong>ct</strong></span> 
     </span>
    </p>
   </div>
   <div class='ocr_carea' id='block_1_47' title="bbox 1906 3405 3490 3476">
    <p class='ocr_par' dir='ltr' id='par_1_47' title="bbox 1906 3405 3490 3476">
     <span class='ocr_line' id='line_1_47' title="bbox 1906 3405 3490 3476; baseline 0.002 -16"><span class='ocrx_word' id='word_1_289' title='bbox 1906 3407 2249 3461; x_wconf 88' lang='lat' dir='ltr'><strong>familiariter</strong></span> <span class='ocrx_word' id='word_1_290' title='bbox 2286 3407 2485 3476; x_wconf 84' lang='lat' dir='ltr'><strong>egisse,</strong></span> <span class='ocrx_word' id='word_1_291' title='bbox 2518 3422 2547 3460; x_wconf 91' lang='lat' dir='ltr'><strong>a</strong></span> <span class='ocrx_word' id='word_1_292' title='bbox 2576 3405 2736 3461; x_wconf 87' lang='lat' dir='ltr'><strong>Petro</strong></span> <span class='ocrx_word' id='word_1_293' title='bbox 2770 3418 2947 3461; x_wconf 88' lang='lat' dir='ltr'><strong>autem</strong></span> <span class='ocrx_word' id='word_1_294' title='bbox 2994 3409 3156 3462; x_wconf 91' lang='lat' dir='ltr'><strong>etiam</strong></span> <span class='ocrx_word' id='word_1_295' title='bbox 3202 3423 3490 3463; x_wconf 88' lang='lat' dir='ltr'><strong>successo-</strong></span> 
     </span>
    </p>
   </div>
   <div class='ocr_carea' id='block_1_48' title="bbox 1904 3497 3489 3571">
    <p class='ocr_par' dir='ltr' id='par_1_48' title="bbox 1904 3497 3489 3571">
     <span class='ocr_line' id='line_1_48' title="bbox 1904 3497 3489 3571; baseline 0.002 -18"><span class='ocrx_word' id='word_1_296' title='bbox 1904 3515 2020 3554; x_wconf 88' lang='lat' dir='ltr'><strong>rem</strong></span> <span class='ocrx_word' id='word_1_297' title='bbox 2054 3499 2106 3552; x_wconf 90' lang='lat' dir='ltr'><strong>in</strong></span> <span class='ocrx_word' id='word_1_298' title='bbox 2138 3498 2412 3568; x_wconf 88' lang='lat' dir='ltr'><strong>pascendo</strong></span> <span class='ocrx_word' id='word_1_299' title='bbox 2455 3514 2617 3569; x_wconf 87' lang='lat' dir='ltr'><strong>grege</strong></span> <span class='ocrx_word' id='word_1_300' title='bbox 2666 3497 2880 3553; x_wconf 88' lang='lat' dir='ltr'><strong>Domini</strong></span> <span class='ocrx_word' id='word_1_301' title='bbox 2915 3499 3256 3571; x_wconf 84' lang='lat' dir='ltr'><strong>designatum</strong></span> <span class='ocrx_word' id='word_1_302' title='bbox 3298 3498 3489 3567; x_wconf 86' lang='lat' dir='ltr'><strong>fuisse,</strong></span> 
     </span>
    </p>
   </div>
   <div class='ocr_carea' id='block_1_49' title="bbox 1905 3588 2588 3661">
    <p class='ocr_par' dir='ltr' id='par_1_49' title="bbox 1905 3588 2588 3661">
     <span class='ocr_line' id='line_1_49' title="bbox 1905 3588 2588 3661; baseline 0.001 -18"><span class='ocrx_word' id='word_1_303' title='bbox 1905 3590 2154 3661; x_wconf 87' lang='lat' dir='ltr'><strong>plerique</strong></span> <span class='ocrx_word' id='word_1_304' title='bbox 2184 3590 2423 3643; x_wconf 87' lang='lat' dir='ltr'><strong>fatentur</strong></span> <span class='ocrx_word' id='word_1_305' title='bbox 2454 3588 2588 3660; x_wconf 74' lang='lat'><strong>(26).</strong></span> 
     </span>
    </p>
   </div>
   <div class='ocr_carea' id='block_1_50' title="bbox 1977 3683 3489 3754">
    <p class='ocr_par' dir='ltr' id='par_1_50' title="bbox 1977 3683 3489 3754">
     <span class='ocr_line' id='line_1_50' title="bbox 1977 3683 3489 3754; baseline -0.001 -14"><span class='ocrx_word' id='word_1_306' title='bbox 1977 3683 2126 3740; x_wconf 87' lang='lat' dir='ltr'><strong>Cleto</strong></span> <span class='ocrx_word' id='word_1_307' title='bbox 2159 3686 2213 3739; x_wconf 89' lang='lat' dir='ltr'><strong>in</strong></span> <span class='ocrx_word' id='word_1_308' title='bbox 2243 3685 2557 3754; x_wconf 78' lang='lat' dir='ltr'><strong>pontiﬁcatu</strong></span> <span class='ocrx_word' id='word_1_309' title='bbox 2604 3684 2855 3750; x_wconf 86' lang='lat' dir='ltr'><strong>succedit,</strong></span> <span class='ocrx_word' id='word_1_310' title='bbox 2889 3702 3026 3738; x_wconf 90' lang='lat' dir='ltr'><strong>anno</strong></span> <span class='ocrx_word' id='word_1_311' title='bbox 3065 3683 3265 3740; x_wconf 82' lang='lat' dir='ltr'><strong>Christi</strong></span> <span class='ocrx_word' id='word_1_312' title='bbox 3296 3683 3386 3739; x_wconf 78' lang='lat' dir='ltr'><strong>9i.</strong></span> <span class='ocrx_word' id='word_1_313' title='bbox 3418 3713 3489 3725; x_wconf 91' lang='lat'><strong>-—</strong></span> 
     </span>
    </p>
   </div>
   <div class='ocr_carea' id='block_1_51' title="bbox 1905 3775 3488 3844">
    <p class='ocr_par' dir='ltr' id='par_1_51' title="bbox 1905 3775 3488 3844">
     <span class='ocr_line' id='line_1_51' title="bbox 1905 3775 3488 3844; baseline 0.001 -13"><span class='ocrx_word' id='word_1_314' title='bbox 1905 3777 2116 3844; x_wconf 87' lang='lat' dir='ltr'><strong>Quotus</strong></span> <span class='ocrx_word' id='word_1_315' title='bbox 2136 3777 2328 3832; x_wconf 89' lang='lat' dir='ltr'><strong>ordine</strong></span> <span class='ocrx_word' id='word_1_316' title='bbox 2359 3775 2659 3831; x_wconf 82' lang='lat' dir='ltr'><strong>Romanam</strong></span> <span class='ocrx_word' id='word_1_317' title='bbox 2687 3778 2999 3831; x_wconf 89' lang='lat' dir='ltr'><strong>cathedram</strong></span> <span class='ocrx_word' id='word_1_318' title='bbox 3024 3778 3304 3841; x_wconf 88' lang='lat' dir='ltr'><strong>insederit,</strong></span> <span class='ocrx_word' id='word_1_319' title='bbox 3332 3785 3488 3833; x_wconf 89' lang='lat' dir='ltr'><strong>vetus</strong></span> 
     </span>
    </p>
   </div>
   <div class='ocr_carea' id='block_1_52' title="bbox 1905 3868 3488 3938">
    <p class='ocr_par' dir='ltr' id='par_1_52' title="bbox 1905 3868 3488 3938">
     <span class='ocr_line' id='line_1_52' title="bbox 1905 3868 3488 3938; baseline -0.002 -10"><span class='ocrx_word' id='word_1_320' title='bbox 1905 3878 1961 3928; x_wconf 88' lang='lat' dir='ltr'><strong>et</strong></span> <span class='ocrx_word' id='word_1_321' title='bbox 1990 3869 2167 3927; x_wconf 89' lang='lat' dir='ltr'><strong>adhuc</strong></span> <span class='ocrx_word' id='word_1_322' title='bbox 2190 3869 2294 3926; x_wconf 90' lang='lat' dir='ltr'><strong>sub</strong></span> <span class='ocrx_word' id='word_1_323' title='bbox 2313 3868 2498 3938; x_wconf 88' lang='lat' dir='ltr'><strong>judice</strong></span> <span class='ocrx_word' id='word_1_324' title='bbox 2528 3868 2595 3925; x_wconf 90' lang='lat' dir='ltr'><strong>lis</strong></span> <span class='ocrx_word' id='word_1_325' title='bbox 2625 3878 2735 3937; x_wconf 84' lang='lat' dir='ltr'><strong>est;</strong></span> <span class='ocrx_word' id='word_1_326' title='bbox 2770 3884 2880 3923; x_wconf 91' lang='lat' dir='ltr'><strong>non</strong></span> <span class='ocrx_word' id='word_1_327' title='bbox 2911 3869 3119 3925; x_wconf 91' lang='lat' dir='ltr'><strong>sedisse</strong></span> <span class='ocrx_word' id='word_1_328' title='bbox 3147 3878 3326 3923; x_wconf 89' lang='lat' dir='ltr'><strong>tamen</strong></span> <span class='ocrx_word' id='word_1_329' title='bbox 3360 3877 3488 3925; x_wconf 87' lang='lat' dir='ltr'><strong>ante</strong></span> 
     </span>
    </p>
   </div>
   <div class='ocr_carea' id='block_1_53' title="bbox 281 4112 3480 4186">
    <p class='ocr_par' dir='ltr' id='par_1_53' title="bbox 281 4112 3480 4186">
     <span class='ocr_line' id='line_1_53' title="bbox 281 4112 3480 4186; baseline 0.001 -18"><span class='ocrx_word' id='word_1_330' title='bbox 281 4114 399 4183; x_wconf 74' lang='lat'><strong>(25)</strong></span> <span class='ocrx_word' id='word_1_331' title='bbox 429 4112 785 4186; x_wconf 66' lang='lat' dir='ltr'><strong>Receptiores</strong></span> <span class='ocrx_word' id='word_1_332' title='bbox 842 4113 1041 4182; x_wconf 89' lang='lat' dir='ltr'><strong>critici,</strong></span> <span class='ocrx_word' id='word_1_333' title='bbox 1087 4115 1365 4170; x_wconf 86' lang='lat' dir='ltr'><strong>levissima</strong></span> <span class='ocrx_word' id='word_1_334' title='bbox 1406 4114 1559 4170; x_wconf 86' lang='lat' dir='ltr'><strong>ducti</strong></span> <span class='ocrx_word' id='word_1_335' title='bbox 1605 4116 1791 4185; x_wconf 89' lang='lat' dir='ltr'><strong>conje-</strong></span> <span class='ocrx_word' id='word_1_336' title='bbox 1819 4124 1862 4181; x_wconf 75' lang='grc' dir='ltr'>ο</span> <span class='ocrx_word' id='word_1_337' title='bbox 1894 4126 2047 4186; x_wconf 89' lang='lat' dir='ltr'><strong>atque</strong></span> <span class='ocrx_word' id='word_1_338' title='bbox 2067 4116 2227 4171; x_wconf 88' lang='lat' dir='ltr'><strong>etiam</strong></span> <span class='ocrx_word' id='word_1_339' title='bbox 2270 4117 2431 4185; x_wconf 87' lang='lat' dir='ltr'><strong>stirpe</strong></span> <span class='ocrx_word' id='word_1_340' title='bbox 2457 4115 2760 4176; x_wconf 74' lang='lat' dir='ltr'><strong>Ctesarum,</strong></span> <span class='ocrx_word' id='word_1_341' title='bbox 2797 4116 2939 4170; x_wconf 86' lang='lat' dir='ltr'><strong>omni</strong></span> <span class='ocrx_word' id='word_1_342' title='bbox 2979 4116 3201 4170; x_wconf 86' lang='lat' dir='ltr'><strong>scientia</strong></span> <span class='ocrx_word' id='word_1_343' title='bbox 3234 4116 3480 4184; x_wconf 77' lang='lat' dir='ltr'><strong>refertus,</strong></span> 
     </span>
    </p>
   </div>
   <div class='ocr_carea' id='block_1_54' title="bbox 208 4180 1793 4257">
    <p class='ocr_par' dir='ltr' id='par_1_54' title="bbox 208 4180 1793 4257">
     <span class='ocr_line' id='line_1_54' title="bbox 208 4180 1793 4257; baseline -0.001 -16"><span class='ocrx_word' id='word_1_344' title='bbox 208 4180 392 4247; x_wconf 85' lang='lat' dir='ltr'><strong>ctura,</strong></span> <span class='ocrx_word' id='word_1_345' title='bbox 417 4199 530 4257; x_wconf 79' lang='lat' dir='ltr'><strong>non</strong></span> <span class='ocrx_word' id='word_1_346' title='bbox 568 4180 977 4257; x_wconf 85' lang='lat' dir='ltr'><strong>Rom_anum_et_</strong></span> <span class='ocrx_word' id='word_1_347' title='bbox 1012 4180 1432 4253; x_wconf 66' lang='lat' dir='ltr'><strong>praclarissimo</strong></span> <span class='ocrx_word' id='word_1_348' title='bbox 1473 4194 1660 4239; x_wconf 90' lang='lat' dir='ltr'><strong>natum</strong></span> <span class='ocrx_word' id='word_1_349' title='bbox 1696 4180 1793 4257; x_wconf 74' lang='lat' dir='ltr'><strong>ge-</strong></span> 
     </span>
    </p>
   </div>
   <div class='ocr_carea' id='block_1_55' title="bbox 210 4252 1795 4324">
    <p class='ocr_par' dir='ltr' id='par_1_55' title="bbox 210 4252 1795 4324">
     <span class='ocr_line' id='line_1_55' title="bbox 210 4252 1795 4324; baseline 0.001 -13"><span class='ocrx_word' id='word_1_350' title='bbox 210 4272 365 4316; x_wconf 88' lang='lat' dir='ltr'><strong>nere,</strong></span> <span class='ocrx_word' id='word_1_351' title='bbox 407 4253 506 4309; x_wconf 88' lang='lat' dir='ltr'><strong>sed</strong></span> <span class='ocrx_word' id='word_1_352' title='bbox 540 4269 618 4324; x_wconf 77' lang='lat' dir='ltr'><strong>ex</strong></span> <span class='ocrx_word' id='word_1_353' title='bbox 659 4255 829 4321; x_wconf 87' lang='lat' dir='ltr'><strong>stirpe</strong></span> <span class='ocrx_word' id='word_1_354' title='bbox 878 4252 1106 4308; x_wconf 32' lang='lat' dir='ltr'><strong>Juda’ica</strong></span> <span class='ocrx_word' id='word_1_355' title='bbox 1157 4264 1499 4324; x_wconf 89' lang='lat' dir='ltr'><strong>procreatum</strong></span> <span class='ocrx_word' id='word_1_356' title='bbox 1548 4252 1795 4313; x_wconf 78' lang='lat' dir='ltr'><strong>censent.</strong></span> 
     </span>
    </p>
   </div>
   <div class='ocr_carea' id='block_1_56' title="bbox 209 4322 1777 4387">
    <p class='ocr_par' dir='ltr' id='par_1_56' title="bbox 209 4322 1777 4387">
     <span class='ocr_line' id='line_1_56' title="bbox 209 4322 1777 4387; baseline 0 -8"><span class='ocrx_word' id='word_1_357' title='bbox 209 4327 432 4379; x_wconf 88' lang='lat' dir='ltr'><strong>Primus</strong></span> <span class='ocrx_word' id='word_1_358' title='bbox 460 4322 553 4387; x_wconf 85' lang='lat' dir='ltr'><strong>qui</strong></span> <span class='ocrx_word' id='word_1_359' title='bbox 582 4338 703 4376; x_wconf 89' lang='lat' dir='ltr'><strong>eam</strong></span> <span class='ocrx_word' id='word_1_360' title='bbox 732 4325 938 4376; x_wconf 82' lang='lat' dir='ltr'><strong>invexit</strong></span> <span class='ocrx_word' id='word_1_361' title='bbox 964 4322 1255 4379; x_wconf 73' lang='lat' dir='ltr'><strong>novitatem</strong></span> <span class='ocrx_word' id='word_1_362' title='bbox 1290 4325 1390 4378; x_wconf 86' lang='lat' dir='ltr'><strong>Iuit</strong></span> <span class='ocrx_word' id='word_1_363' title='bbox 1417 4325 1777 4387; x_wconf 73' lang='lat' dir='ltr'><strong>Tillemontiug</strong></span> 
     </span>
    </p>
   </div>
   <div class='ocr_carea' id='block_1_57' title="bbox 215 4344 1808 4451">
    <p class='ocr_par' dir='ltr' id='par_1_57' title="bbox 215 4344 1808 4451">
     <span class='ocr_line' id='line_1_57' title="bbox 215 4344 1777 4387; baseline -0.001 -8"><span class='ocrx_word' id='word_1_364' title='bbox 215 4344 432 4379; x_wconf 82' lang='lat' dir='ltr'><strong>l’rlmus</strong></span> <span class='ocrx_word' id='word_1_365' title='bbox 460 4344 553 4387; x_wconf 77' lang='grc' dir='ltr'><strong>ηυι</strong></span> <span class='ocrx_word' id='word_1_366' title='bbox 582 4344 703 4376; x_wconf 84' lang='lat' dir='ltr'><strong>eam</strong></span> <span class='ocrx_word' id='word_1_367' title='bbox 732 4344 938 4376; x_wconf 74' lang='lat' dir='ltr'><strong>invexit</strong></span> <span class='ocrx_word' id='word_1_368' title='bbox 964 4344 1255 4379; x_wconf 81' lang='lat' dir='ltr'><strong>novuatein</strong></span> <span class='ocrx_word' id='word_1_369' title='bbox 1290 4344 1390 4378; x_wconf 81' lang='lat' dir='ltr'><strong>ruit</strong></span> <span class='ocrx_word' id='word_1_370' title='bbox 1429 4344 1777 4380; x_wconf 84' lang='lat' dir='ltr'><strong>unemonuu.</strong></span> 
     </span>
     <span class='ocr_line' id='line_1_58' title="bbox 215 4344 1808 4451; baseline -0.008 -3"><span class='ocrx_word' id='word_1_371' title='bbox 215 4392 273 4448; x_wconf 89' lang='lat' dir='ltr'><strong>in</strong></span> <span class='ocrx_word' id='word_1_372' title='bbox 296 4392 418 4447; x_wconf 86' lang='lat' dir='ltr'><strong>suis</strong></span> <span class='ocrx_word' id='word_1_373' title='bbox 449 4390 807 4444; x_wconf 77' lang='lat' dir='ltr'><strong>Monumentis</strong></span> <span class='ocrx_word' id='word_1_374' title='bbox 827 4389 1068 4444; x_wconf 66' lang='lat' dir='ltr'><strong>historic</strong></span> <span class='ocrx_word' id='word_1_375' title='bbox 1112 4387 1483 4442; x_wconf 76' lang='lat' dir='ltr'><strong>ecclesiastica:</strong></span> <span class='ocrx_word' id='word_1_376' title='bbox 1502 4427 1517 4450; x_wconf 96' lang='lat'><strong>,</strong></span> <span class='ocrx_word' id='word_1_377' title='bbox 1566 4394 1718 4439; x_wconf 92' lang='lat' dir='ltr'><strong>tomo</strong></span> <span class='ocrx_word' id='word_1_378' title='bbox 1746 4344 1808 4451; x_wconf 67' lang='lat' dir='ltr'><strong>II,</strong></span> 
     </span>
    </p>
   </div>
   <div class='ocr_carea' id='block_1_58' title="bbox 216 4458 1811 4533">
    <p class='ocr_par' dir='ltr' id='par_1_58' title="bbox 216 4458 1811 4533">
     <span class='ocr_line' id='line_1_59' title="bbox 216 4458 1811 4533; baseline -0.006 -15"><span class='ocrx_word' id='word_1_379' title='bbox 216 4480 342 4533; x_wconf 81' lang='lat' dir='ltr'><strong>pag.</strong></span> <span class='ocrx_word' id='word_1_380' title='bbox 378 4460 506 4533; x_wconf 69' lang='lat' dir='ltr'><strong>H9.</strong></span> <span class='ocrx_word' id='word_1_381' title='bbox 531 4460 741 4533; x_wconf 73' lang='lat' dir='ltr'><strong>Exinde</strong></span> <span class='ocrx_word' id='word_1_382' title='bbox 765 4476 891 4515; x_wconf 92' lang='lat' dir='ltr'><strong>vero</strong></span> <span class='ocrx_word' id='word_1_383' title='bbox 920 4460 1063 4533; x_wconf 69' lang='lat' dir='ltr'><strong>idem</strong></span> <span class='ocrx_word' id='word_1_384' title='bbox 1090 4459 1269 4533; x_wconf 82' lang='lat' dir='ltr'><strong>visum</strong></span> <span class='ocrx_word' id='word_1_385' title='bbox 1297 4458 1591 4533; x_wconf 68' lang='lat' dir='ltr'><strong>Coutantio</strong></span> <span class='ocrx_word' id='word_1_386' title='bbox 1620 4463 1811 4509; x_wconf 89' lang='lat' dir='ltr'><strong>nostro</strong></span> 
     </span>
    </p>
   </div>
   <div class='ocr_carea' id='block_1_59' title="bbox 218 4527 1809 4600">
    <p class='ocr_par' dir='ltr' id='par_1_59' title="bbox 218 4527 1809 4600">
     <span class='ocr_line' id='line_1_60' title="bbox 218 4527 1809 4600; baseline -0.004 -13"><span class='ocrx_word' id='word_1_387' title='bbox 218 4527 271 4588; x_wconf 83' lang='lat' dir='ltr'><strong>in</strong></span> <span class='ocrx_word' id='word_1_388' title='bbox 290 4527 657 4600; x_wconf 63' lang='lat' dir='ltr'><strong>celeberrimo</strong></span> <span class='ocrx_word' id='word_1_389' title='bbox 692 4546 795 4600; x_wconf 84' lang='lat' dir='ltr'><strong>suo</strong></span> <span class='ocrx_word' id='word_1_390' title='bbox 822 4545 985 4599; x_wconf 88' lang='lat' dir='ltr'><strong>opere</strong></span> <span class='ocrx_word' id='word_1_391' title='bbox 1023 4528 1390 4600; x_wconf 79' lang='lat' dir='ltr'><strong>Epistolarum</strong></span> <span class='ocrx_word' id='word_1_392' title='bbox 1435 4527 1809 4583; x_wconf 86' lang='lat' dir='ltr'><strong>Romanorum</strong></span> 
     </span>
    </p>
   </div>
   <div class='ocr_carea' id='block_1_60' title="bbox 220 4596 1810 4683">
    <p class='ocr_par' dir='ltr' id='par_1_60' title="bbox 220 4596 1810 4683">
     <span class='ocr_line' id='line_1_61' title="bbox 220 4596 1810 4683; baseline -0.006 -25"><span class='ocrx_word' id='word_1_393' title='bbox 220 4596 752 4683; x_wconf 30' lang='lat' dir='ltr'><strong>ponti&#39;licumutomo</strong></span> <span class='ocrx_word' id='word_1_394' title='bbox 778 4599 818 4663; x_wconf 92' lang='grc'><strong>1,</strong></span> <span class='ocrx_word' id='word_1_395' title='bbox 856 4596 978 4683; x_wconf 79' lang='lat' dir='ltr'><strong>pag.</strong></span> <span class='ocrx_word' id='word_1_396' title='bbox 1013 4596 1105 4683; x_wconf 70' lang='grc' dir='ltr'><strong>ΔΗ,</strong></span> <span class='ocrx_word' id='word_1_397' title='bbox 1130 4601 1255 4655; x_wconf 90' lang='lat' dir='ltr'><strong>licet</strong></span> <span class='ocrx_word' id='word_1_398' title='bbox 1284 4608 1471 4683; x_wconf 48' lang='lat' dir='ltr'><strong>poste?</strong></span> <span class='ocrx_word' id='word_1_399' title='bbox 1503 4613 1670 4683; x_wconf 38' lang='lat' dir='ltr'><strong>suam‘</strong></span> <span class='ocrx_word' id='word_1_400' title='bbox 1694 4612 1810 4683; x_wconf 77' lang='lat' dir='ltr'><strong>mu-</strong></span> 
     </span>
    </p>
   </div>
   <div class='ocr_carea' id='block_1_61' title="bbox 212 4668 1810 4741">
    <p class='ocr_par' dir='ltr' id='par_1_61' title="bbox 212 4668 1810 4741">
     <span class='ocr_line' id='line_1_62' title="bbox 212 4668 1810 4741; baseline -0.004 -15"><span class='ocrx_word' id='word_1_401' title='bbox 212 4668 344 4727; x_wconf 77' lang='lat' dir='ltr'><strong>tarit</strong></span> <span class='ocrx_word' id='word_1_402' title='bbox 369 4673 699 4728; x_wconf 90' lang='lat' dir='ltr'><strong>sententiam</strong></span> <span class='ocrx_word' id='word_1_403' title='bbox 735 4668 870 4726; x_wconf 14' lang='lat' dir='ltr'><strong>loco,</strong></span> <span class='ocrx_word' id='word_1_404' title='bbox 897 4668 1093 4737; x_wconf 83' lang='lat' dir='ltr'><strong>citato,</strong></span> <span class='ocrx_word' id='word_1_405' title='bbox 1124 4686 1249 4741; x_wconf 81' lang='lat' dir='ltr'><strong>pag.</strong></span> <span class='ocrx_word' id='word_1_406' title='bbox 1288 4668 1399 4741; x_wconf 44' lang='grc' dir='ltr'><strong>Ἠ,</strong></span> <span class='ocrx_word' id='word_1_407' title='bbox 1428 4668 1675 4741; x_wconf 74' lang='lat' dir='ltr'><strong>Accessit</strong></span> <span class='ocrx_word' id='word_1_408' title='bbox 1714 4668 1810 4741; x_wconf 83' lang='lat' dir='ltr'><strong>de-</strong></span> 
     </span>
    </p>
   </div>
   <div class='ocr_carea' id='block_1_62' title="bbox 210 4737 1807 4818">
    <p class='ocr_par' dir='ltr' id='par_1_62' title="bbox 210 4737 1807 4818">
     <span class='ocr_line' id='line_1_63' title="bbox 210 4737 1807 4818; baseline -0.005 -20"><span class='ocrx_word' id='word_1_409' title='bbox 210 4759 367 4798; x_wconf 90' lang='lat' dir='ltr'><strong>mum</strong></span> <span class='ocrx_word' id='word_1_410' title='bbox 400 4742 895 4818; x_wconf 76' lang='lat' dir='ltr'><strong>reverendissimus</strong></span> <span class='ocrx_word' id='word_1_411' title='bbox 921 4737 1177 4818; x_wconf 78' lang='lat' dir='ltr'><strong>dominus</strong></span> <span class='ocrx_word' id='word_1_412' title='bbox 1194 4739 1475 4811; x_wconf 82' lang='lat' dir='ltr'><strong>Remigius</strong></span> <span class='ocrx_word' id='word_1_413' title='bbox 1501 4737 1807 4818; x_wconf 74' lang='lat' dir='ltr'><strong>ccillierius</strong></span> 
     </span>
    </p>
   </div>
   <div class='ocr_carea' id='block_1_63' title="bbox 208 4808 1808 4882">
    <p class='ocr_par' dir='ltr' id='par_1_63' title="bbox 208 4808 1808 4882">
     <span class='ocr_line' id='line_1_64' title="bbox 208 4808 1808 4882; baseline -0.004 -15"><span class='ocrx_word' id='word_1_414' title='bbox 208 4823 427 4876; x_wconf 88' lang='lat' dir='ltr'><strong>noster,</strong></span> <span class='ocrx_word' id='word_1_415' title='bbox 458 4813 552 4882; x_wconf 90' lang='lat' dir='ltr'><strong>qui</strong></span> <span class='ocrx_word' id='word_1_416' title='bbox 580 4813 807 4867; x_wconf 83' lang='lat' dir='ltr'><strong>fidenter</strong></span> <span class='ocrx_word' id='word_1_417' title='bbox 841 4812 1007 4867; x_wconf 89' lang='lat' dir='ltr'><strong>nimis</strong></span> <span class='ocrx_word' id='word_1_418' title='bbox 1043 4812 1095 4867; x_wconf 92' lang='lat' dir='ltr'><strong>id</strong></span> <span class='ocrx_word' id='word_1_419' title='bbox 1120 4808 1377 4868; x_wconf 78' lang='lat' dir='ltr'><strong>asserere</strong></span> <span class='ocrx_word' id='word_1_420' title='bbox 1399 4826 1507 4865; x_wconf 92' lang='lat' dir='ltr'><strong>non</strong></span> <span class='ocrx_word' id='word_1_421' title='bbox 1537 4808 1808 4882; x_wconf 76' lang='lat' dir='ltr'><strong>dubitavit</strong></span> 
     </span>
    </p>
   </div>
   <div class='ocr_carea' id='block_1_64' title="bbox 207 4879 1806 4953">
    <p class='ocr_par' dir='ltr' id='par_1_64' title="bbox 207 4879 1806 4953">
     <span class='ocr_line' id='line_1_65' title="bbox 207 4879 1806 4953; baseline -0.004 -15"><span class='ocrx_word' id='word_1_422' title='bbox 207 4885 262 4938; x_wconf 88' lang='lat' dir='ltr'><strong>in</strong></span> <span class='ocrx_word' id='word_1_423' title='bbox 306 4879 557 4937; x_wconf 77' lang='lat' dir='ltr'><strong>Historia</strong></span> <span class='ocrx_word' id='word_1_424' title='bbox 584 4882 815 4953; x_wconf 79' lang='lat' dir='ltr'><strong>generali</strong></span> <span class='ocrx_word' id='word_1_425' title='bbox 844 4893 1122 4936; x_wconf 87' lang='lat' dir='ltr'><strong>auctorum</strong></span> <span class='ocrx_word' id='word_1_426' title='bbox 1157 4897 1433 4953; x_wconf 87' lang='lat' dir='ltr'><strong>sacrorum</strong></span> <span class='ocrx_word' id='word_1_427' title='bbox 1475 4889 1525 4934; x_wconf 93' lang='lat' dir='ltr'><strong>et</strong></span> <span class='ocrx_word' id='word_1_428' title='bbox 1558 4879 1806 4953; x_wconf 57' lang='lat' dir='ltr'><strong>ecclesia-</strong></span> 
     </span>
    </p>
   </div>
   <div class='ocr_carea' id='block_1_65' title="bbox 202 4948 1803 5023">
    <p class='ocr_par' dir='ltr' id='par_1_65' title="bbox 202 4948 1803 5023">
     <span class='ocr_line' id='line_1_66' title="bbox 202 4948 1803 5023; baseline -0.004 -14"><span class='ocrx_word' id='word_1_429' title='bbox 202 4956 493 5021; x_wconf 87' lang='lat' dir='ltr'><strong>sticorum,</strong></span> <span class='ocrx_word' id='word_1_430' title='bbox 519 4948 673 5023; x_wconf 75' lang='lat' dir='ltr'><strong>tonio</strong></span> <span class='ocrx_word' id='word_1_431' title='bbox 694 4953 736 5017; x_wconf 89' lang='grc'><strong>1,</strong></span> <span class='ocrx_word' id='word_1_432' title='bbox 765 4969 882 5023; x_wconf 83' lang='lat' dir='ltr'><strong>pag.</strong></span> <span class='ocrx_word' id='word_1_433' title='bbox 914 4952 1039 5006; x_wconf 84' lang='lat'><strong>598.</strong></span> <span class='ocrx_word' id='word_1_434' title='bbox 1061 4953 1252 5023; x_wconf 84' lang='lat' dir='ltr'><strong>Colligi</strong></span> <span class='ocrx_word' id='word_1_435' title='bbox 1291 4952 1539 5023; x_wconf 83' lang='lat' dir='ltr'><strong>idposse</strong></span> <span class='ocrx_word' id='word_1_436' title='bbox 1569 4966 1632 5004; x_wconf 86' lang='lat' dir='ltr'><strong>ex</strong></span> <span class='ocrx_word' id='word_1_437' title='bbox 1657 4948 1803 5018; x_wconf 88' lang='lat' dir='ltr'><strong>ejus-</strong></span> 
     </span>
    </p>
   </div>
   <div class='ocr_carea' id='block_1_66' title="bbox 208 5020 1790 5091">
    <p class='ocr_par' dir='ltr' id='par_1_66' title="bbox 208 5020 1790 5091">
     <span class='ocr_line' id='line_1_67' title="bbox 208 5020 1790 5091; baseline -0.002 -13"><span class='ocrx_word' id='word_1_438' title='bbox 208 5024 336 5078; x_wconf 87' lang='lat' dir='ltr'><strong>dem</strong></span> <span class='ocrx_word' id='word_1_439' title='bbox 350 5020 529 5077; x_wconf 79' lang='lat' dir='ltr'><strong>sanCti</strong></span> <span class='ocrx_word' id='word_1_440' title='bbox 556 5020 859 5079; x_wconf 73' lang='lat' dir='ltr'><strong>Clementis</strong></span> <span class='ocrx_word' id='word_1_441' title='bbox 869 5025 934 5078; x_wconf 89' lang='lat' dir='ltr'><strong>ad</strong></span> <span class='ocrx_word' id='word_1_442' title='bbox 952 5020 1264 5078; x_wconf 84' lang='lat' dir='ltr'><strong>Corinthios</strong></span> <span class='ocrx_word' id='word_1_443' title='bbox 1283 5022 1513 5091; x_wconf 89' lang='lat' dir='ltr'><strong>epistola</strong></span> <span class='ocrx_word' id='word_1_444' title='bbox 1532 5024 1708 5091; x_wconf 83' lang='lat' dir='ltr'><strong>capite</strong></span> <span class='ocrx_word' id='word_1_445' title='bbox 1741 5040 1790 5075; x_wconf 81' lang='grc' dir='ltr'>ιν</span> 
     </span>
    </p>
   </div>
   <div class='ocr_carea' id='block_1_67' title="bbox 1898 4186 3484 4255">
    <p class='ocr_par' dir='ltr' id='par_1_67' title="bbox 1898 4186 3484 4255">
     <span class='ocr_line' id='line_1_68' title="bbox 1898 4186 3484 4255; baseline 0 -14"><span class='ocrx_word' id='word_1_446' title='bbox 1898 4188 2230 4255; x_wconf 85' lang='lat' dir='ltr'><strong>omniumque</strong></span> <span class='ocrx_word' id='word_1_447' title='bbox 2267 4187 2566 4240; x_wconf 79' lang='lat' dir='ltr'><strong>liberalium</strong></span> <span class='ocrx_word' id='word_1_448' title='bbox 2613 4188 2809 4239; x_wconf 88' lang='lat' dir='ltr'><strong>artium</strong></span> <span class='ocrx_word' id='word_1_449' title='bbox 2851 4187 3206 4255; x_wconf 76' lang='lat' dir='ltr'><strong>peritissimus</strong></span> <span class='ocrx_word' id='word_1_450' title='bbox 3238 4186 3306 4239; x_wconf 84' lang='lat' dir='ltr'><strong>ad</strong></span> <span class='ocrx_word' id='word_1_451' title='bbox 3347 4187 3484 4241; x_wconf 77' lang='lat' dir='ltr'><strong>lianc</strong></span> 
     </span>
    </p>
   </div>
   <div class='ocr_carea' id='block_1_68' title="bbox 1888 4256 3484 4326">
    <p class='ocr_par' dir='ltr' id='par_1_68' title="bbox 1888 4256 3484 4326">
     <span class='ocr_line' id='line_1_69' title="bbox 1888 4256 3484 4326; baseline 0.001 -18"><span class='ocrx_word' id='word_1_452' title='bbox 1888 4258 2157 4326; x_wconf 79' lang='lat' dir='ltr'><strong>justorum</strong></span> <span class='ocrx_word' id='word_1_453' title='bbox 2192 4258 2331 4310; x_wconf 85' lang='lat' dir='ltr'><strong>viam</strong></span> <span class='ocrx_word' id='word_1_454' title='bbox 2360 4258 2607 4319; x_wconf 86' lang='lat' dir='ltr'><strong>transiit;</strong></span> <span class='ocrx_word' id='word_1_455' title='bbox 2638 4257 2812 4326; x_wconf 88' lang='lat' dir='ltr'><strong>itaque</strong></span> <span class='ocrx_word' id='word_1_456' title='bbox 2844 4258 2900 4309; x_wconf 89' lang='lat' dir='ltr'><strong>in</strong></span> <span class='ocrx_word' id='word_1_457' title='bbox 2941 4272 3004 4308; x_wconf 91' lang='lat' dir='ltr'><strong>ea</strong></span> <span class='ocrx_word' id='word_1_458' title='bbox 3040 4256 3354 4309; x_wconf 72' lang='lat' dir='ltr'><strong>excellenter</strong></span> <span class='ocrx_word' id='word_1_459' title='bbox 3381 4257 3484 4324; x_wconf 83' lang='lat' dir='ltr'><strong>ﬂo-</strong></span> 
     </span>
    </p>
   </div>
   <div class='ocr_carea' id='block_1_69' title="bbox 1895 4325 3561 4397">
    <p class='ocr_par' dir='ltr' id='par_1_69' title="bbox 1895 4325 3561 4397">
     <span class='ocr_line' id='line_1_70' title="bbox 1895 4325 3561 4397; baseline 0.001 -18"><span class='ocrx_word' id='word_1_460' title='bbox 1895 4328 2024 4391; x_wconf 87' lang='lat' dir='ltr'><strong>ruit,</strong></span> <span class='ocrx_word' id='word_1_461' title='bbox 2049 4336 2111 4397; x_wconf 70' lang='lat' dir='ltr'><strong>ut</strong></span> <span class='ocrx_word' id='word_1_462' title='bbox 2126 4325 2389 4397; x_wconf 82' lang='lat' dir='ltr'><strong>Principis</strong></span> <span class='ocrx_word' id='word_1_463' title='bbox 2414 4343 2614 4397; x_wconf 87' lang='lat' dir='ltr'><strong>quoque</strong></span> <span class='ocrx_word' id='word_1_464' title='bbox 2636 4325 2995 4397; x_wconf 77' lang='lat' dir='ltr'><strong>apestolorum</strong></span> <span class='ocrx_word' id='word_1_465' title='bbox 3017 4342 3287 4397; x_wconf 82' lang='lat' dir='ltr'><strong>successor</strong></span> <span class='ocrx_word' id='word_1_466' title='bbox 3315 4329 3484 4397; x_wconf 1' lang='lat' dir='ltr'><strong>ersjti-</strong></span> <span class='ocrx_word' id='word_1_467' title='bbox 3546 4366 3561 4380; x_wconf 93' lang='lat'><strong>.</strong></span> 
     </span>
    </p>
   </div>
   <div class='ocr_carea' id='block_1_70' title="bbox 1897 4395 3483 4465">
    <p class='ocr_par' dir='ltr' id='par_1_70' title="bbox 1897 4395 3483 4465">
     <span class='ocr_line' id='line_1_71' title="bbox 1897 4395 3483 4465; baseline 0 -16"><span class='ocrx_word' id='word_1_468' title='bbox 1897 4399 2038 4453; x_wconf 81' lang='lat' dir='ltr'><strong>(erit.</strong></span> <span class='ocrx_word' id='word_1_469' title='bbox 2070 4396 2167 4450; x_wconf 89' lang='lat' dir='ltr'><strong>His</strong></span> <span class='ocrx_word' id='word_1_470' title='bbox 2198 4396 2356 4451; x_wconf 87' lang='lat' dir='ltr'><strong>fidem</strong></span> <span class='ocrx_word' id='word_1_471' title='bbox 2381 4395 2605 4451; x_wconf 81' lang='lat' dir='ltr'><strong>minime</strong></span> <span class='ocrx_word' id='word_1_472' title='bbox 2631 4396 2979 4465; x_wconf 88' lang='lat' dir='ltr'><strong>derogamus,</strong></span> <span class='ocrx_word' id='word_1_473' title='bbox 3005 4412 3128 4448; x_wconf 91' lang='lat' dir='ltr'><strong>cum</strong></span> <span class='ocrx_word' id='word_1_474' title='bbox 3155 4395 3328 4464; x_wconf 90' lang='lat' dir='ltr'><strong>ipsius</strong></span> <span class='ocrx_word' id='word_1_475' title='bbox 3355 4396 3483 4449; x_wconf 81' lang='lat' dir='ltr'><strong>Cle-</strong></span> 
     </span>
    </p>
   </div>
   <div class='ocr_carea' id='block_1_71' title="bbox 1895 4465 3481 4536">
    <p class='ocr_par' dir='ltr' id='par_1_71' title="bbox 1895 4465 3481 4536">
     <span class='ocr_line' id='line_1_72' title="bbox 1895 4465 3481 4536; baseline 0.001 -17"><span class='ocrx_word' id='word_1_476' title='bbox 1895 4467 2091 4520; x_wconf 76' lang='lat' dir='ltr'><strong>mentis</strong></span> <span class='ocrx_word' id='word_1_477' title='bbox 2122 4466 2175 4519; x_wconf 90' lang='lat' dir='ltr'><strong>in</strong></span> <span class='ocrx_word' id='word_1_478' title='bbox 2217 4469 2552 4521; x_wconf 84' lang='lat' dir='ltr'><strong>contrarium</strong></span> <span class='ocrx_word' id='word_1_479' title='bbox 2589 4466 2851 4536; x_wconf 90' lang='lat' dir='ltr'><strong>producta</strong></span> <span class='ocrx_word' id='word_1_480' title='bbox 2903 4466 3129 4536; x_wconf 90' lang='lat' dir='ltr'><strong>intelligi</strong></span> <span class='ocrx_word' id='word_1_481' title='bbox 3171 4465 3383 4536; x_wconf 72' lang='lat' dir='ltr'><strong>possint</strong></span> <span class='ocrx_word' id='word_1_482' title='bbox 3412 4465 3481 4521; x_wconf 86' lang='lat' dir='ltr'><strong>de</strong></span> 
     </span>
    </p>
   </div>
   <div class='ocr_carea' id='block_1_72' title="bbox 1896 4532 3480 4607">
    <p class='ocr_par' dir='ltr' id='par_1_72' title="bbox 1896 4532 3480 4607">
     <span class='ocr_line' id='line_1_73' title="bbox 1896 4532 3480 4607; baseline 0.001 -18"><span class='ocrx_word' id='word_1_483' title='bbox 1896 4538 2018 4590; x_wconf 84' lang='lat' dir='ltr'><strong>fidei</strong></span> <span class='ocrx_word' id='word_1_484' title='bbox 2063 4537 2269 4607; x_wconf 70' lang='lat' dir='ltr'><strong>gratia,</strong></span> <span class='ocrx_word' id='word_1_485' title='bbox 2316 4545 2536 4607; x_wconf 90' lang='lat' dir='ltr'><strong>propter</strong></span> <span class='ocrx_word' id='word_1_486' title='bbox 2582 4532 2782 4607; x_wconf 69' lang='lat' dir='ltr'><strong>quam,</strong></span> <span class='ocrx_word' id='word_1_487' title='bbox 2810 4545 2869 4589; x_wconf 91' lang='lat' dir='ltr'><strong>ut</strong></span> <span class='ocrx_word' id='word_1_488' title='bbox 2917 4532 3208 4607; x_wconf 50' lang='lat' dir='ltr'><strong>inqrdiad</strong></span> <span class='ocrx_word' id='word_1_489' title='bbox 3258 4532 3480 4591; x_wconf 88' lang='lat' dir='ltr'><strong>Galatas</strong></span> 
     </span>
    </p>
   </div>
   <div class='ocr_carea' id='block_1_73' title="bbox 1893 4604 3480 4676">
    <p class='ocr_par' dir='ltr' id='par_1_73' title="bbox 1893 4604 3480 4676">
     <span class='ocr_line' id='line_1_74' title="bbox 1893 4604 3480 4676; baseline -0.001 -16"><span class='ocrx_word' id='word_1_490' title='bbox 1893 4622 2012 4675; x_wconf 78' lang='lat' dir='ltr'><strong>cap.</strong></span> <span class='ocrx_word' id='word_1_491' title='bbox 2047 4604 2098 4660; x_wconf 78' lang='grc' dir='ltr'>γί</span> <span class='ocrx_word' id='word_1_492' title='bbox 2127 4604 2330 4660; x_wconf 77' lang='lat' dir='ltr'><strong>Paulus</strong></span> <span class='ocrx_word' id='word_1_493' title='bbox 2361 4604 2660 4676; x_wconf 76' lang='lat' dir='ltr'><strong>apostolus,</strong></span> <span class='ocrx_word' id='word_1_494' title='bbox 2694 4604 2840 4676; x_wconf 58' lang='lat' dir='ltr'><strong>Filii</strong></span> <span class='ocrx_word' id='word_1_495' title='bbox 2867 4604 3233 4676; x_wconf 78' lang='lat' dir='ltr'><strong>promissionis</strong></span> <span class='ocrx_word' id='word_1_496' title='bbox 3264 4619 3480 4673; x_wconf 88' lang='lat' dir='ltr'><strong>compu-</strong></span> 
     </span>
    </p>
   </div>
   <div class='ocr_carea' id='block_1_74' title="bbox 1895 4673 3475 4791">
    <p class='ocr_par' dir='ltr' id='par_1_74' title="bbox 1895 4673 3475 4791">
     <span class='ocr_line' id='line_1_75' title="bbox 1895 4673 3475 4791; baseline 0.001 -63"><span class='ocrx_word' id='word_1_497' title='bbox 1895 4673 2077 4728; x_wconf 65' lang='lat' dir='ltr'><strong>tantur</strong></span> <span class='ocrx_word' id='word_1_498' title='bbox 2104 4678 2155 4727; x_wconf 85' lang='lat' dir='ltr'><strong>in</strong></span> <span class='ocrx_word' id='word_1_499' title='bbox 2184 4673 2411 4747; x_wconf 53' lang='lat' dir='ltr'><strong>semine:</strong></span> <span class='ocrx_word' id='word_1_500' title='bbox 2437 4676 2576 4791; x_wconf 39' lang='lat' dir='ltr'><strong>Quid</strong></span> <span class='ocrx_word' id='word_1_501' title='bbox 2609 4676 2751 4742; x_wconf 92' lang='lat' dir='ltr'><strong>quod</strong></span> <span class='ocrx_word' id='word_1_502' title='bbox 2800 4673 3133 4742; x_wconf 73' lang='lat' dir='ltr'><strong>Theophilus</strong></span> <span class='ocrx_word' id='word_1_503' title='bbox 3178 4675 3231 4727; x_wconf 90' lang='lat' dir='ltr'><strong>in</strong></span> <span class='ocrx_word' id='word_1_504' title='bbox 3263 4676 3377 4729; x_wconf 90' lang='lat' dir='ltr'><strong>suis</strong></span> <span class='ocrx_word' id='word_1_505' title='bbox 3410 4676 3475 4729; x_wconf 84' lang='lat' dir='ltr'><strong>ad</strong></span> 
     </span>
     <span class='ocr_line' id='line_1_76' title="bbox 1895 4735 3475 4791; baseline 0.001 -2"><span class='ocrx_word' id='word_1_506' title='bbox 1895 4736 2220 4791; x_wconf 84' lang='lat' dir='ltr'><strong>Autolvcum</strong></span> <span class='ocrx_word' id='word_1_507' title='bbox 2253 4736 2436 4791; x_wconf 80' lang='lat' dir='ltr'><strong>Ilbl‘IS.</strong></span> <span class='ocrx_word' id='word_1_508' title='bbox 2492 4738 2563 4790; x_wconf 85' lang='lat' dir='ltr'><strong>ib.</strong></span> <span class='ocrx_word' id='word_1_509' title='bbox 2598 4753 2681 4791; x_wconf 88' lang='lat' dir='ltr'><strong>Ill.</strong></span> <span class='ocrx_word' id='word_1_510' title='bbox 2703 4745 2836 4791; x_wconf 85' lang='lat' dir='ltr'><strong>sect.</strong></span> <span class='ocrx_word' id='word_1_511' title='bbox 2865 4736 2957 4791; x_wconf 70' lang='lat'><strong>35.</strong></span> <span class='ocrx_word' id='word_1_512' title='bbox 2986 4735 3245 4791; x_wconf 87' lang='lat' dir='ltr'><strong>Davidem</strong></span> <span class='ocrx_word' id='word_1_513' title='bbox 3272 4746 3475 4791; x_wconf 74' lang='lat' dir='ltr'><strong>patrem</strong></span> 
     </span>
    </p>
   </div>
   <div class='ocr_carea' id='block_1_75' title="bbox 1894 4735 3481 4807">
    <p class='ocr_par' dir='ltr' id='par_1_75' title="bbox 1894 4735 3481 4807">
     <span class='ocr_line' id='line_1_77' title="bbox 1894 4735 3481 4807; baseline 0.001 -18"><span class='ocrx_word' id='word_1_514' title='bbox 1894 4736 2220 4807; x_wconf 84' lang='lat' dir='ltr'><strong>Autolycum</strong></span> <span class='ocrx_word' id='word_1_515' title='bbox 2253 4736 2436 4801; x_wconf 91' lang='lat' dir='ltr'><strong>libris,</strong></span> <span class='ocrx_word' id='word_1_516' title='bbox 2459 4735 2563 4791; x_wconf 83' lang='lat' dir='ltr'><strong>lib.</strong></span> <span class='ocrx_word' id='word_1_517' title='bbox 2598 4735 2681 4801; x_wconf 75' lang='lat' dir='ltr'><strong>uir,</strong></span> <span class='ocrx_word' id='word_1_518' title='bbox 2703 4745 2836 4791; x_wconf 86' lang='lat' dir='ltr'><strong>sect.</strong></span> <span class='ocrx_word' id='word_1_519' title='bbox 2865 4735 3245 4796; x_wconf 70' lang='lat' dir='ltr'><strong>35.&#39;Davidetn</strong></span> <span class='ocrx_word' id='word_1_520' title='bbox 3271 4746 3481 4807; x_wconf 76' lang='lat' dir='ltr'><strong>patrem</strong></span> 
     </span>
    </p>
   </div>
   <div class='ocr_carea' id='block_1_76' title="bbox 1893 4806 3482 4877">
    <p class='ocr_par' dir='ltr' id='par_1_76' title="bbox 1893 4806 3482 4877">
     <span class='ocr_line' id='line_1_78' title="bbox 1893 4806 3482 4877; baseline 0 -15"><span class='ocrx_word' id='word_1_521' title='bbox 1893 4823 1990 4862; x_wconf 91' lang='lat' dir='ltr'><strong>seu</strong></span> <span class='ocrx_word' id='word_1_522' title='bbox 2015 4806 2398 4877; x_wconf 85' lang='lat' dir='ltr'><strong>progenitorem</strong></span> <span class='ocrx_word' id='word_1_523' title='bbox 2430 4817 2677 4863; x_wconf 88' lang='lat' dir='ltr'><strong>nostrum</strong></span> <span class='ocrx_word' id='word_1_524' title='bbox 2710 4807 3240 4877; x_wconf 58' lang='lat' dir='ltr'><strong>appellatl&#39;Er-cstra</strong></span> <span class='ocrx_word' id='word_1_525' title='bbox 3268 4806 3433 4861; x_wconf 73' lang='grc' dir='ltr'><strong>Δαὸὶδ</strong></span> <span class='ocrx_word' id='word_1_526' title='bbox 3454 4810 3482 4862; x_wconf 84' lang='grc' dir='ltr'><strong>ό</strong></span> 
     </span>
    </p>
   </div>
   <div class='ocr_carea' id='block_1_77' title="bbox 1893 4876 3479 4949">
    <p class='ocr_par' dir='ltr' id='par_1_77' title="bbox 1893 4876 3479 4949">
     <span class='ocr_line' id='line_1_79' title="bbox 1893 4876 3479 4949; baseline 0.001 -18"><span class='ocrx_word' id='word_1_527' title='bbox 1893 4876 2153 4949; x_wconf 75' lang='grc' dir='ltr'><strong>πρόγονός</strong></span> <span class='ocrx_word' id='word_1_528' title='bbox 2174 4876 2844 4949; x_wconf 71' lang='grc' dir='ltr'><strong>ἡμῶν(ὲ6ασίλευσεν)ἐτη</strong></span> <span class='ocrx_word' id='word_1_529' title='bbox 2867 4884 2941 4947; x_wconf 87' lang='grc' dir='ltr'><strong>μ’·</strong></span> <span class='ocrx_word' id='word_1_530' title='bbox 2969 4876 3165 4949; x_wconf 69' lang='lat' dir='ltr'><strong>Deinde</strong></span> <span class='ocrx_word' id='word_1_531' title='bbox 3184 4877 3352 4931; x_wconf 85' lang='lat' dir='ltr'><strong>David</strong></span> <span class='ocrx_word' id='word_1_532' title='bbox 3382 4893 3479 4946; x_wconf 84' lang='lat' dir='ltr'><strong>pa-</strong></span> 
     </span>
    </p>
   </div>
   <div class='ocr_carea' id='block_1_78' title="bbox 1891 4948 3479 5019">
    <p class='ocr_par' dir='ltr' id='par_1_78' title="bbox 1891 4948 3479 5019">
     <span class='ocr_line' id='line_1_80' title="bbox 1891 4948 3479 5019; baseline 0.003 -21"><span class='ocrx_word' id='word_1_533' title='bbox 1891 4948 1970 5019; x_wconf 78' lang='lat' dir='ltr'><strong>ter</strong></span> <span class='ocrx_word' id='word_1_534' title='bbox 1992 4957 2167 5002; x_wconf 86' lang='lat' dir='ltr'><strong>noster</strong></span> <span class='ocrx_word' id='word_1_535' title='bbox 2196 4948 2429 5018; x_wconf 82' lang='lat' dir='ltr'><strong>regnavit</strong></span> <span class='ocrx_word' id='word_1_536' title='bbox 2460 4964 2628 5002; x_wconf 84' lang='lat' dir='ltr'><strong>annos</strong></span> <span class='ocrx_word' id='word_1_537' title='bbox 2656 4948 3033 5019; x_wconf 82' lang='lat' dir='ltr'><strong>quadraginta.</strong></span> <span class='ocrx_word' id='word_1_538' title='bbox 3072 4948 3328 5018; x_wconf 86' lang='lat' dir='ltr'><strong>Nunquid</strong></span> <span class='ocrx_word' id='word_1_539' title='bbox 3355 4949 3479 5003; x_wconf 88' lang='lat' dir='ltr'><strong>idco</strong></span> 
     </span>
    </p>
   </div>
   <div class='ocr_carea' id='block_1_79' title="bbox 1891 5018 3477 5089">
    <p class='ocr_par' dir='ltr' id='par_1_79' title="bbox 1891 5018 3477 5089">
     <span class='ocr_line' id='line_1_81' title="bbox 1891 5018 3477 5089; baseline 0 -17"><span class='ocrx_word' id='word_1_540' title='bbox 1891 5018 2151 5075; x_wconf 66' lang='lat' dir='ltr'><strong>Hebraeus</strong></span> <span class='ocrx_word' id='word_1_541' title='bbox 2172 5021 2462 5089; x_wconf 86' lang='lat' dir='ltr'><strong>episcopus</strong></span> <span class='ocrx_word' id='word_1_542' title='bbox 2488 5020 2591 5073; x_wconf 90' lang='lat' dir='ltr'><strong>iste</strong></span> <span class='ocrx_word' id='word_1_543' title='bbox 2618 5018 3036 5089; x_wconf 76' lang='lat' dir='ltr'><strong>Antiochenus?</strong></span> <span class='ocrx_word' id='word_1_544' title='bbox 3061 5019 3266 5075; x_wconf 88' lang='lat' dir='ltr'><strong>Eodem</strong></span> <span class='ocrx_word' id='word_1_545' title='bbox 3313 5019 3477 5088; x_wconf 90' lang='lat' dir='ltr'><strong>plane</strong></span> 
     </span>
    </p>
   </div>
   <div class='ocr_carea' id='block_1_80' title="bbox 204 5088 3475 5160">
    <p class='ocr_par' dir='ltr' id='par_1_80' title="bbox 204 5088 3475 5160">
     <span class='ocr_line' id='line_1_82' title="bbox 204 5088 3475 5160; baseline -0.001 -14"><span class='ocrx_word' id='word_1_546' title='bbox 204 5092 619 5160; x_wconf 77' lang='lat' dir='ltr'><strong>arbitrabatur,</strong></span> <span class='ocrx_word' id='word_1_547' title='bbox 653 5092 745 5145; x_wconf 90' lang='lat' dir='ltr'><strong>ubi</strong></span> <span class='ocrx_word' id='word_1_548' title='bbox 778 5102 853 5145; x_wconf 80' lang='lat' dir='ltr'><strong>ait</strong></span> <span class='ocrx_word' id='word_1_549' title='bbox 884 5112 899 5149; x_wconf 89' lang='lat'><strong>:</strong></span> <span class='ocrx_word' id='word_1_550' title='bbox 942 5094 1162 5160; x_wconf 90' lang='lat' dir='ltr'><strong>Propter</strong></span> <span class='ocrx_word' id='word_1_551' title='bbox 1197 5088 1793 5146; x_wconf 50' lang='lat' dir='ltr'><strong>cumulationem—Pater</strong></span> <span class='ocrx_word' id='word_1_552' title='bbox 1888 5105 2053 5160; x_wconf 82' lang='lat' dir='ltr'><strong>sensu</strong></span> <span class='ocrx_word' id='word_1_553' title='bbox 2078 5088 2823 5160; x_wconf 27' lang='lat' dir='ltr'><strong>cumAClem’entelocutisunt</strong></span> <span class='ocrx_word' id='word_1_554' title='bbox 2856 5088 3079 5144; x_wconf 91' lang='lat' dir='ltr'><strong>Patrum</strong></span> <span class='ocrx_word' id='word_1_555' title='bbox 3100 5089 3475 5159; x_wconf 90' lang='lat' dir='ltr'><strong>antiquissimi</strong></span> 
     </span>
    </p>
   </div>
   <div class='ocr_carea' id='block_1_81' title="bbox 207 5158 3470 5232">
    <p class='ocr_par' dir='ltr' id='par_1_81' title="bbox 207 5158 3470 5232">
     <span class='ocr_line' id='line_1_83' title="bbox 207 5158 3470 5232; baseline -0 -19"><span class='ocrx_word' id='word_1_556' title='bbox 207 5174 393 5216; x_wconf 84' lang='lat' dir='ltr'><strong>noster</strong></span> <span class='ocrx_word' id='word_1_557' title='bbox 418 5158 586 5214; x_wconf 84' lang='lat' dir='ltr'><strong>Jacob</strong></span> <span class='ocrx_word' id='word_1_558' title='bbox 611 5162 818 5232; x_wconf 80' lang='lat' dir='ltr'><strong>aufugit</strong></span> <span class='ocrx_word' id='word_1_559' title='bbox 844 5180 877 5215; x_wconf 90' lang='lat' dir='ltr'><strong>a</strong></span> <span class='ocrx_word' id='word_1_560' title='bbox 902 5158 1212 5232; x_wconf 22' lang='lat' dir='ltr'><strong>facieVEsau</strong></span> <span class='ocrx_word' id='word_1_561' title='bbox 1241 5163 1429 5232; x_wconf 78' lang='lat' dir='ltr'><strong>fratris</strong></span> <span class='ocrx_word' id='word_1_562' title='bbox 1451 5163 1554 5215; x_wconf 85' lang='lat' dir='ltr'><strong>sui.</strong></span> <span class='ocrx_word' id='word_1_563' title='bbox 1590 5160 1789 5232; x_wconf 65' lang='lat' dir='ltr'><strong>verum</strong></span> <span class='ocrx_word' id='word_1_564' title='bbox 1887 5158 2139 5232; x_wconf 68' lang='lat' dir='ltr'><strong>{ustinus</strong></span> <span class='ocrx_word' id='word_1_565' title='bbox 2272 5158 2291 5230; x_wconf 94' lang='lat'>(</span> <span class='ocrx_word' id='word_1_566' title='bbox 2315 5158 2541 5232; x_wconf 85' lang='lat' dir='ltr'><strong>Dialogo</strong></span> <span class='ocrx_word' id='word_1_567' title='bbox 2585 5175 2710 5232; x_wconf 68' lang='lat' dir='ltr'><strong>curn</strong></span> <span class='ocrx_word' id='word_1_568' title='bbox 2752 5158 3027 5229; x_wconf 83' lang='lat' dir='ltr'><strong>Tryphone</strong></span> <span class='ocrx_word' id='word_1_569' title='bbox 3051 5202 3066 5225; x_wconf 91' lang='lat'><strong>,</strong></span> <span class='ocrx_word' id='word_1_570' title='bbox 3101 5158 3245 5215; x_wconf 70' lang='lat' dir='ltr'><strong>sect.</strong></span> <span class='ocrx_word' id='word_1_571' title='bbox 3290 5160 3430 5232; x_wconf 56' lang='lat' dir='ltr'><strong>15f)</strong></span> <span class='ocrx_word' id='word_1_572' title='bbox 3454 5176 3470 5224; x_wconf 89' lang='lat'>;</span> 
     </span>
    </p>
   </div>
   <div class='ocr_carea' id='block_1_82' title="bbox 206 5231 1788 5301">
    <p class='ocr_par' dir='ltr' id='par_1_82' title="bbox 206 5231 1788 5301">
     <span class='ocr_line' id='line_1_84' title="bbox 206 5231 1788 5301; baseline 0.001 -16"><span class='ocrx_word' id='word_1_573' title='bbox 206 5232 325 5286; x_wconf 64' lang='lat' dir='ltr'><strong>haec</strong></span> <span class='ocrx_word' id='word_1_574' title='bbox 354 5232 524 5287; x_wconf 86' lang='lat' dir='ltr'><strong>verba</strong></span> <span class='ocrx_word' id='word_1_575' title='bbox 577 5231 854 5301; x_wconf 84' lang='lat' dir='ltr'><strong>nequeunt</strong></span> <span class='ocrx_word' id='word_1_576' title='bbox 901 5231 1169 5288; x_wconf 86' lang='lat' dir='ltr'><strong>vetustam</strong></span> <span class='ocrx_word' id='word_1_577' title='bbox 1217 5231 1528 5301; x_wconf 81' lang='lat' dir='ltr'><strong>Opinionem</strong></span> <span class='ocrx_word' id='word_1_578' title='bbox 1567 5231 1788 5287; x_wconf 87' lang='lat' dir='ltr'><strong>elidere.</strong></span> 
     </span>
    </p>
   </div>
   <div class='ocr_carea' id='block_1_83' title="bbox 207 5301 1786 5384">
    <p class='ocr_par' dir='ltr' id='par_1_83' title="bbox 207 5301 1786 5384">
     <span class='ocr_line' id='line_1_85' title="bbox 207 5301 1786 5384; baseline 0.001 -28"><span class='ocrx_word' id='word_1_579' title='bbox 207 5302 357 5384; x_wconf 67' lang='lat' dir='ltr'><strong>§ane</strong></span> <span class='ocrx_word' id='word_1_580' title='bbox 411 5301 798 5384; x_wconf 33' lang='lat' dir='ltr'><strong>illamoauct&#39;or</strong></span> <span class='ocrx_word' id='word_1_581' title='bbox 835 5304 982 5359; x_wconf 87' lang='lat' dir='ltr'><strong>Libri</strong></span> <span class='ocrx_word' id='word_1_582' title='bbox 1011 5303 1609 5384; x_wconf 51' lang='lat' dir='ltr'><strong>pgntiﬁcalisnsecutus</strong></span> <span class='ocrx_word' id='word_1_583' title='bbox 1658 5302 1734 5355; x_wconf 88' lang='lat' dir='ltr'><strong>ait</strong></span> <span class='ocrx_word' id='word_1_584' title='bbox 1775 5323 1786 5357; x_wconf 90' lang='lat'>:</span> 
     </span>
    </p>
   </div>
   <div class='ocr_carea' id='block_1_84' title="bbox 1887 5228 3469 5295">
    <p class='ocr_par' dir='ltr' id='par_1_84' title="bbox 1887 5228 3469 5295">
     <span class='ocr_line' id='line_1_86' title="bbox 1887 5228 3469 5295; baseline -0.001 -12"><span class='ocrx_word' id='word_1_585' title='bbox 1887 5229 2140 5285; x_wconf 87' lang='lat' dir='ltr'><strong>Clemens</strong></span> <span class='ocrx_word' id='word_1_586' title='bbox 2186 5228 2590 5286; x_wconf 81' lang='lat' dir='ltr'><strong>Alexandrinus</strong></span> <span class='ocrx_word' id='word_1_587' title='bbox 2635 5230 2653 5295; x_wconf 84' lang='lat'>(</span> <span class='ocrx_word' id='word_1_588' title='bbox 2671 5228 3003 5284; x_wconf 81' lang='lat' dir='ltr'><strong>Strontatum</strong></span> <span class='ocrx_word' id='word_1_589' title='bbox 3033 5232 3126 5285; x_wconf 91' lang='lat' dir='ltr'><strong>lib.</strong></span> <span class='ocrx_word' id='word_1_590' title='bbox 3162 5245 3215 5283; x_wconf 84' lang='lat' dir='ltr'><strong>vr</strong></span> <span class='ocrx_word' id='word_1_591' title='bbox 3237 5270 3252 5293; x_wconf 92' lang='lat'><strong>,</strong></span> <span class='ocrx_word' id='word_1_592' title='bbox 3279 5244 3328 5283; x_wconf 86' lang='lat' dir='ltr'><strong>c.</strong></span> <span class='ocrx_word' id='word_1_593' title='bbox 3362 5229 3423 5293; x_wconf 76' lang='lat'><strong>7)</strong></span> <span class='ocrx_word' id='word_1_594' title='bbox 3453 5246 3469 5293; x_wconf 87' lang='lat'><strong>;</strong></span> 
     </span>
    </p>
   </div>
   <div class='ocr_carea' id='block_1_85' title="bbox 1888 5299 3467 5365">
    <p class='ocr_par' dir='ltr' id='par_1_85' title="bbox 1888 5299 3467 5365">
     <span class='ocr_line' id='line_1_87' title="bbox 1888 5299 3467 5365; baseline -0.003 -11"><span class='ocrx_word' id='word_1_595' title='bbox 1888 5300 2259 5356; x_wconf 89' lang='lat' dir='ltr'><strong>Tertullianus</strong></span> <span class='ocrx_word' id='word_1_596' title='bbox 2303 5300 2554 5353; x_wconf 84' lang='lat' dir='ltr'><strong>adversus</strong></span> <span class='ocrx_word' id='word_1_597' title='bbox 2596 5299 2957 5365; x_wconf 80' lang='lat' dir='ltr'><strong>Marcionem,</strong></span> <span class='ocrx_word' id='word_1_598' title='bbox 2996 5300 3091 5355; x_wconf 90' lang='lat' dir='ltr'><strong>lib.</strong></span> <span class='ocrx_word' id='word_1_599' title='bbox 3136 5316 3223 5365; x_wconf 86' lang='lat' dir='ltr'><strong>Iv,</strong></span> <span class='ocrx_word' id='word_1_600' title='bbox 3274 5313 3323 5353; x_wconf 91' lang='lat' dir='ltr'><strong>c.</strong></span> <span class='ocrx_word' id='word_1_601' title='bbox 3359 5299 3467 5362; x_wconf 65' lang='grc' dir='ltr'><strong>εις</strong></span> 
     </span>
    </p>
   </div>
   <div class='ocr_carea' id='block_1_86' title="bbox 204 5367 3465 5442">
    <p class='ocr_par' dir='ltr' id='par_1_86' title="bbox 204 5367 3465 5442">
     <span class='ocr_line' id='line_1_88' title="bbox 204 5367 3465 5442; baseline -0.002 -16"><span class='ocrx_word' id='word_1_602' title='bbox 204 5374 453 5442; x_wconf 74' lang='lat' dir='ltr'><strong>Clemens</strong></span> <span class='ocrx_word' id='word_1_603' title='bbox 480 5372 692 5427; x_wconf 87' lang='lat' dir='ltr'><strong>natione</strong></span> <span class='ocrx_word' id='word_1_604' title='bbox 724 5367 1083 5429; x_wconf 56' lang='lat' dir='ltr'><strong>Romanus&#39;de</strong></span> <span class='ocrx_word' id='word_1_605' title='bbox 1107 5367 1316 5442; x_wconf 78' lang='lat' dir='ltr'><strong>regione</strong></span> <span class='ocrx_word' id='word_1_606' title='bbox 1337 5371 1501 5427; x_wconf 74' lang='lat' dir='ltr'><strong>Caelio</strong></span> <span class='ocrx_word' id='word_1_607' title='bbox 1531 5382 1706 5442; x_wconf 84' lang='lat' dir='ltr'><strong>monte</strong></span> <span class='ocrx_word' id='word_1_608' title='bbox 1728 5388 1793 5426; x_wconf 69' lang='lat' dir='ltr'><strong>ea:</strong></span> <span class='ocrx_word' id='word_1_609' title='bbox 1884 5382 2076 5427; x_wconf 89' lang='lat' dir='ltr'><strong>auctor</strong></span> <span class='ocrx_word' id='word_1_610' title='bbox 2109 5371 2577 5442; x_wconf 67' lang='lat' dir='ltr'><strong>Expositionisin</strong></span> <span class='ocrx_word' id='word_1_611' title='bbox 2626 5368 2829 5442; x_wconf 80' lang='lat' dir='ltr'><strong>Evang.</strong></span> <span class='ocrx_word' id='word_1_612' title='bbox 2874 5369 3008 5442; x_wconf 75' lang='lat' dir='ltr'><strong>L_uc.</strong></span> <span class='ocrx_word' id='word_1_613' title='bbox 3038 5386 3183 5442; x_wconf 30' lang='lat' dir='ltr'><strong>“quae</strong></span> <span class='ocrx_word' id='word_1_614' title='bbox 3217 5369 3332 5442; x_wconf 81' lang='lat' dir='ltr'><strong>sub</strong></span> <span class='ocrx_word' id='word_1_615' title='bbox 3357 5367 3465 5422; x_wconf 86' lang='lat' dir='ltr'><strong>Titi</strong></span> 
     </span>
    </p>
   </div>
   <div class='ocr_carea' id='block_1_87' title="bbox 203 5439 3459 5525">
    <p class='ocr_par' dir='ltr' id='par_1_87' title="bbox 203 5439 3459 5525">
     <span class='ocr_line' id='line_1_89' title="bbox 203 5439 3459 5525; baseline -0.001 -30"><span class='ocrx_word' id='word_1_616' title='bbox 203 5454 358 5511; x_wconf 72' lang='lat' dir='ltr'><strong>patre</strong></span> <span class='ocrx_word' id='word_1_617' title='bbox 388 5441 916 5525; x_wconf 60' lang='lat' dir='ltr'><strong>Faustino._§imilia</strong></span> <span class='ocrx_word' id='word_1_618' title='bbox 962 5439 1228 5525; x_wconf 61' lang='lat' dir='ltr'><strong>habentur</strong></span> <span class='ocrx_word' id='word_1_619' title='bbox 1272 5443 1324 5496; x_wconf 93' lang='lat' dir='ltr'><strong>in</strong></span> <span class='ocrx_word' id='word_1_620' title='bbox 1368 5441 1791 5525; x_wconf 28' lang='lat' dir='ltr'><strong>CatalogisﬂRo-</strong></span> <span class='ocrx_word' id='word_1_621' title='bbox 1826 5439 3000 5525; x_wconf 10' lang='lat' dir='ltr'><strong>Dpostrensj‘silnomiimlcircumfertur.(Tit.</strong></span> <span class='ocrx_word' id='word_1_622' title='bbox 3035 5440 3267 5525; x_wconf 54' lang='lat' dir='ltr'><strong>Bost‘;</strong></span> <span class='ocrx_word' id='word_1_623' title='bbox 3295 5453 3459 5506; x_wconf 82' lang='lat' dir='ltr'><strong>cap.r</strong></span> 
     </span>
    </p>
   </div>
   <div class='ocr_carea' id='block_1_88' title="bbox 208 5508 3459 5583">
    <p class='ocr_par' dir='ltr' id='par_1_88' title="bbox 208 5508 3459 5583">
     <span class='ocr_line' id='line_1_90' title="bbox 208 5508 3459 5583; baseline -0.002 -18"><span class='ocrx_word' id='word_1_624' title='bbox 208 5508 500 5583; x_wconf 80' lang='lat' dir='ltr'><strong>manorum</strong></span> <span class='ocrx_word' id='word_1_625' title='bbox 550 5511 873 5583; x_wconf 72' lang='lat' dir='ltr'><strong>Pgntilicum</strong></span> <span class='ocrx_word' id='word_1_626' title='bbox 927 5514 1316 5569; x_wconf 87' lang='lat' dir='ltr'><strong>vetustioribus</strong></span> <span class='ocrx_word' id='word_1_627' title='bbox 1354 5532 1385 5583; x_wconf 68' lang='grc' dir='ltr'><strong>εΔ</strong></span> <span class='ocrx_word' id='word_1_628' title='bbox 1416 5508 1794 5583; x_wconf 75' lang='lat' dir='ltr'><strong>consentitquc</strong></span> <span class='ocrx_word' id='word_1_629' title='bbox 1826 5508 2083 5580; x_wconf 54' lang='lat' dir='ltr'><strong>ulmeae)</strong></span> <span class='ocrx_word' id='word_1_630' title='bbox 2125 5511 2349 5566; x_wconf 87' lang='lat' dir='ltr'><strong>Bibliot.</strong></span> <span class='ocrx_word' id='word_1_631' title='bbox 2382 5508 2537 5583; x_wconf 73' lang='lat' dir='ltr'><strong>PP.,</strong></span> <span class='ocrx_word' id='word_1_632' title='bbox 2564 5512 2695 5583; x_wconf 72' lang='lat' dir='ltr'><strong>edit.</strong></span> <span class='ocrx_word' id='word_1_633' title='bbox 2733 5508 2933 5576; x_wconf 50' lang='lat' dir='ltr'><strong>Paris),</strong></span> <span class='ocrx_word' id='word_1_634' title='bbox 2972 5520 3103 5583; x_wconf 61' lang='lat' dir='ltr'><strong>tom.</strong></span> <span class='ocrx_word' id='word_1_635' title='bbox 3146 5508 3459 5583; x_wconf 80' lang='lat' dir='ltr'><strong>Xlll_,_pag.</strong></span> 
     </span>
    </p>
   </div>
   <div class='ocr_carea' id='block_1_89' title="bbox 205 5581 1795 5649">
    <p class='ocr_par' dir='ltr' id='par_1_89' title="bbox 205 5581 1795 5649">
     <span class='ocr_line' id='line_1_91' title="bbox 205 5581 1795 5649; baseline -0.001 -13"><span class='ocrx_word' id='word_1_636' title='bbox 205 5582 548 5637; x_wconf 83' lang='lat' dir='ltr'><strong>Breviarinm</strong></span> <span class='ocrx_word' id='word_1_637' title='bbox 587 5582 890 5638; x_wconf 86' lang='lat' dir='ltr'><strong>Romanum</strong></span> <span class='ocrx_word' id='word_1_638' title='bbox 940 5584 1007 5638; x_wconf 89' lang='lat' dir='ltr'><strong>ad</strong></span> <span class='ocrx_word' id='word_1_639' title='bbox 1046 5585 1188 5638; x_wconf 88' lang='lat' dir='ltr'><strong>diem</strong></span> <span class='ocrx_word' id='word_1_640' title='bbox 1230 5583 1301 5637; x_wconf 72' lang='grc'><strong>95</strong></span> <span class='ocrx_word' id='word_1_641' title='bbox 1343 5581 1795 5649; x_wconf 52' lang='grc' dir='ltr'><strong>Νονεπὼτὶδζάο</strong></span> 
     </span>
    </p>
   </div>
   <div class='ocr_carea' id='block_1_90' title="bbox 206 5653 1795 5724">
    <p class='ocr_par' dir='ltr' id='par_1_90' title="bbox 206 5653 1795 5724">
     <span class='ocr_line' id='line_1_92' title="bbox 206 5653 1795 5724; baseline 0 -16"><span class='ocrx_word' id='word_1_642' title='bbox 206 5656 303 5708; x_wconf 92' lang='lat' dir='ltr'><strong>illo</strong></span> <span class='ocrx_word' id='word_1_643' title='bbox 331 5655 460 5708; x_wconf 90' lang='lat' dir='ltr'><strong>item</strong></span> <span class='ocrx_word' id='word_1_644' title='bbox 492 5662 719 5724; x_wconf 85' lang='lat' dir='ltr'><strong>sanctus</strong></span> <span class='ocrx_word' id='word_1_645' title='bbox 743 5653 1042 5709; x_wconf 87' lang='lat' dir='ltr'><strong>Eucherius</strong></span> <span class='ocrx_word' id='word_1_646' title='bbox 1073 5653 1453 5723; x_wconf 84' lang='lat' dir='ltr'><strong>Lugdunensis</strong></span> <span class='ocrx_word' id='word_1_647' title='bbox 1484 5654 1537 5707; x_wconf 92' lang='lat' dir='ltr'><strong>in</strong></span> <span class='ocrx_word' id='word_1_648' title='bbox 1567 5655 1795 5724; x_wconf 85' lang='lat' dir='ltr'><strong>epistola</strong></span> 
     </span>
    </p>
   </div>
   <div class='ocr_carea' id='block_1_91' title="bbox 207 5723 1794 5797">
    <p class='ocr_par' dir='ltr' id='par_1_91' title="bbox 207 5723 1794 5797">
     <span class='ocr_line' id='line_1_93' title="bbox 207 5723 1794 5797; baseline -0.001 -20"><span class='ocrx_word' id='word_1_649' title='bbox 207 5724 274 5779; x_wconf 82' lang='lat' dir='ltr'><strong>ad</strong></span> <span class='ocrx_word' id='word_1_650' title='bbox 316 5724 585 5780; x_wconf 68' lang='lat' dir='ltr'><strong>Valerium</strong></span> <span class='ocrx_word' id='word_1_651' title='bbox 622 5743 634 5781; x_wconf 73' lang='grc' dir='ltr'>ς</span> <span class='ocrx_word' id='word_1_652' title='bbox 670 5723 907 5781; x_wconf 81' lang='lat' dir='ltr'><strong>Clemens</strong></span> <span class='ocrx_word' id='word_1_653' title='bbox 952 5735 1150 5781; x_wconf 79' lang='lat' dir='ltr'><strong>vetusta</strong></span> <span class='ocrx_word' id='word_1_654' title='bbox 1178 5726 1428 5797; x_wconf 80' lang='lat' dir='ltr'><strong>prosapia</strong></span> <span class='ocrx_word' id='word_1_655' title='bbox 1470 5723 1794 5791; x_wconf 75' lang='lat' dir='ltr'><strong>senatorum,</strong></span> 
     </span>
    </p>
   </div>
   <div class='ocr_carea' id='block_1_92' title="bbox 1885 5583 2477 5652">
    <p class='ocr_par' dir='ltr' id='par_1_92' title="bbox 1885 5583 2477 5652">
     <span class='ocr_line' id='line_1_94' title="bbox 1885 5583 2477 5652; baseline 0.012 -19"><span class='ocrx_word' id='word_1_656' title='bbox 1885 5583 2023 5647; x_wconf 82' lang='lat'><strong>767;</strong></span> <span class='ocrx_word' id='word_1_657' title='bbox 2055 5583 2196 5652; x_wconf 82' lang='lat' dir='ltr'><strong>Aug.</strong></span> <span class='ocrx_word' id='word_1_658' title='bbox 2226 5597 2391 5637; x_wconf 91' lang='lat' dir='ltr'><strong>serm.</strong></span> <span class='ocrx_word' id='word_1_659' title='bbox 2425 5586 2477 5646; x_wconf 85' lang='grc'><strong>5,</strong></span> 
     </span>
    </p>
   </div>
   <div class='ocr_carea' id='block_1_93' title="bbox 2518 5578 3353 5652">
    <p class='ocr_par' dir='ltr' id='par_1_93' title="bbox 2518 5578 3353 5652">
     <span class='ocr_line' id='line_1_95' title="bbox 2518 5578 3353 5652; baseline -0.004 -17"><span class='ocrx_word' id='word_1_660' title='bbox 2518 5581 2622 5652; x_wconf 66' lang='lat'><strong>§4,</strong></span> <span class='ocrx_word' id='word_1_661' title='bbox 2652 5581 2791 5652; x_wconf 85' lang='lat' dir='ltr'><strong>Opp.</strong></span> <span class='ocrx_word' id='word_1_662' title='bbox 2814 5578 3066 5652; x_wconf 60' lang='lat' dir='ltr'><strong>tonnV,</strong></span> <span class='ocrx_word' id='word_1_663' title='bbox 3106 5596 3229 5649; x_wconf 84' lang='lat' dir='ltr'><strong>pag.</strong></span> <span class='ocrx_word' id='word_1_664' title='bbox 3261 5580 3353 5652; x_wconf 75' lang='lat'><strong>50.</strong></span> 
     </span>
    </p>
   </div>
   <div class='ocr_carea' id='block_1_94' title="bbox 1976 5650 3456 5723">
    <p class='ocr_par' dir='ltr' id='par_1_94' title="bbox 1976 5650 3456 5723">
     <span class='ocr_line' id='line_1_96' title="bbox 1976 5650 3456 5723; baseline -0.004 -17"><span class='ocrx_word' id='word_1_665' title='bbox 1976 5654 2088 5723; x_wconf 76' lang='lat'><strong>(‘26)</strong></span> <span class='ocrx_word' id='word_1_666' title='bbox 2115 5650 2247 5709; x_wconf 75' lang='lat' dir='ltr'><strong>Vide</strong></span> <span class='ocrx_word' id='word_1_667' title='bbox 2280 5650 2560 5723; x_wconf 70' lang='lat' dir='ltr'><strong>Iretucuni,</strong></span> <span class='ocrx_word' id='word_1_668' title='bbox 2592 5656 2625 5706; x_wconf 90' lang='grc' dir='ltr'><strong>Ι.</strong></span> <span class='ocrx_word' id='word_1_669' title='bbox 2664 5650 2823 5718; x_wconf 50' lang='lat' dir='ltr'><strong>unc.</strong></span> <span class='ocrx_word' id='word_1_670' title='bbox 2851 5654 2882 5707; x_wconf 84' lang='grc'><strong>’5</strong></span> <span class='ocrx_word' id='word_1_671' title='bbox 2895 5666 2907 5715; x_wconf 90' lang='lat'>;</span> <span class='ocrx_word' id='word_1_672' title='bbox 2946 5651 3146 5706; x_wconf 81' lang='lat' dir='ltr'><strong>Zozim.</strong></span> <span class='ocrx_word' id='word_1_673' title='bbox 3187 5650 3327 5719; x_wconf 81' lang='lat' dir='ltr'><strong>apud</strong></span> <span class='ocrx_word' id='word_1_674' title='bbox 3354 5650 3456 5701; x_wconf 82' lang='lat' dir='ltr'><strong>Ba-</strong></span> 
     </span>
    </p>
   </div>
   <div class='ocr_carea' id='block_1_95' title="bbox 1899 5722 2733 5793">
    <p class='ocr_par' dir='ltr' id='par_1_95' title="bbox 1899 5722 2733 5793">
     <span class='ocr_line' id='line_1_97' title="bbox 1899 5722 2733 5793; baseline 0.001 -14"><span class='ocrx_word' id='word_1_675' title='bbox 1899 5740 2019 5782; x_wconf 87' lang='lat' dir='ltr'><strong>ron.</strong></span> <span class='ocrx_word' id='word_1_676' title='bbox 2054 5722 2120 5782; x_wconf 72' lang='lat' dir='ltr'><strong>ad</strong></span> <span class='ocrx_word' id='word_1_677' title='bbox 2150 5741 2277 5780; x_wconf 87' lang='lat' dir='ltr'><strong>ann.</strong></span> <span class='ocrx_word' id='word_1_678' title='bbox 2314 5722 2432 5793; x_wconf 74' lang='lat' dir='ltr'><strong>H7,</strong></span> <span class='ocrx_word' id='word_1_679' title='bbox 2466 5740 2616 5780; x_wconf 90' lang='lat' dir='ltr'><strong>num.</strong></span> <span class='ocrx_word' id='word_1_680' title='bbox 2645 5724 2733 5780; x_wconf 71' lang='lat'><strong>20.</strong></span> 
     </span>
    </p>
   </div>
  </div>
