3936 6172
438 298 541 352 12⁸5

1549 289 1638 344 AD
1666 288 1735 363 .S.
1778 290 2203 347 CLEMENTEM
2244 292 2262 346 l
2302 289 2531 345 PAPAM

3561 278 3678 335 εει

429 411 648 478 Linum,
677 411 820 481 quod
849 410 1006 467 divus
1034 374 1396 479 Hieronvmus
1437 408 1492 462 in
1524 416 1689 478 caput
1736 424 1810 463 LII
1850 408 2002 463 Isaiae
2030 416 2075 472 Α
2105 409 2270 479 aliqui
2302 407 2484 462 ferunt
2514 404 2625 476 (54)
2654 420 2776 460 eum
2810 405 2877 460 ad
2908 405 3148 462 schisma
3176 404 3509 469 evitandum,
3535 404 3691 459 Pon-

430 504 629 567 lnnuit,
656 519 755 574 pro
784 514 937 559 certo
977 503 1088 573 jam
1127 502 1357 557 habetur
1391 500 1521 571 (27).
1554 501 1814 567 Quamvis
1858 503 2005 556 enim

429 611 459 649 a
495 604 688 651 sancto
711 593 870 650 Petro
900 596 955 649 in
985 595 1301 665 episcopum
1335 604 1607 658 sacratus,
1638 603 1692 648 et
1722 607 2007 648 successor

429 686 747 756 designatus
774 686 955 749 fuerit,
982 686 1242 740 honorem
1269 685 1625 739 nihilominus
1653 691 1707 739 et
1739 692 1867 738 tunc
1891 699 2009 739 mo—

429 776 581 832 deste
620 791 924 840 recusasse,
950 787 1004 831 et
1046 783 1167 845 post
1216 774 1274 830 S.
1319 774 1505 830 Jacobi
1547 776 1752 829 obitum
1784 774 1840 829 S.
1872 775 2009 829 Lino

431 869 574 922 ultro
602 868 859 931 cessisse,
890 868 1127 921 traditur
1153 884 1182 921 a
1211 867 1465 931 Baronio,
1495 868 1653 937 cujus
1682 868 2009 922 sententiam

431 962 784 1030 comprobant
802 960 1008 1017 Natalis
1026 961 1331 1016 Alexander
1353 961 1487 1031 (28).
1512 961 1827 1027 Bollandus,
1849 961 2011 1016 Cote-

434 1053 601 1107 lcrius
624 1059 677 1107 et
713 1052 1111 1109 Tillemontius.
1137 1053 1315 1119 Quod,
1360 1061 1418 1107 ut
1459 1053 1664 1109 Natalis
1704 1053 2012 1109 Alexander

434 1147 509 1198 ait
536 1146 655 1200 loco
682 1146 871 1209 citato,
908 1164 927 1197 ι
962 1147 1244 1215 pessimum
1273 1148 1507 1216 posteris
1538 1148 1843 1216 exemplum
1872 1164 2009 1217 pra:-

435 1236 550 1292 beri
590 1238 1062 1302 animadverteret,
1095 1240 1141 1295 si
1186 1256 1254 1295 ex
1282 1241 1332 1293 vi
1372 1240 1736 1295 ordinationis
1776 1250 1829 1295 et
1868 1242 2013 1295 desi-

435 1329 729 1397 gnationis,
753 1329 820 1383 de
847 1345 906 1384 se
936 1329 1091 1384 facta:
1120 1346 1151 1383 a
1176 1327 1232 1383 S.
1260 1328 1422 1385 Petro
1470 1330 1839 1400 (quantumvis
1865 1332 2013 1400 justa

436 1420 604 1487 esset)
638 1430 914 1473 exerceret
949 1419 1319 1487 pontiﬁcium;
1352 1420 1479 1489 quia
1528 1420 1768 1475 futurum
1819 1422 2013 1491 praevi-

438 1506 619 1571 debat,
653 1517 712 1562 ut
748 1510 792 1563 si
829 1509 1073 1578 pontiﬁci
1104 1510 1288 1565 liceret
1324 1511 1423 1565 sibi
1455 1511 1745 1582 designare
1795 1528 2015 1566 succes—

440 1613 642 1665 sorem,
684 1600 868 1669 plures
914 1600 970 1654 in
1024 1601 1336 1655 cathedram
1386 1600 1533 1656 Petri
1578 1604 1868 1673 subvecti,
1919 1603 2015 1657 sed

440 1688 584 1744 Petri
619 1693 839 1762 vestigia
872 1708 980 1747 non
1015 1693 1208 1757 secuti,
1240 1694 1560 1747 relationem
1586 1698 1770 1751 carnis
1797 1704 1849 1750 ct
1890 1712 2018 1752 san-

440 1783 655 1852 guinis,
688 1801 796 1839 non
831 1783 1070 1855 Spiritus
1099 1787 1271 1841 sancti
1315 1788 1553 1841 alllatum
1586 1789 2013 1846 attendereut....
2051 1764 2093 1819 Β

442 1876 629 1945 sicque
676 1892 951 1933 summum
1002 1879 1261 1935 Ecclesiae
1307 1881 1671 1935 sacerdotium
1716 1882 1783 1935 ab
1829 1883 2022 1937 ordine

443 1966 836 2024 Melchisedech
883 1971 936 2025 in
985 1972 1232 2026 ordinem
1286 1972 1520 2027 Aaronis
1560 1973 1867 2038 decideret,
1921 1990 2023 2029 nec

442 2059 688 2130 dignatio
736 2062 976 2117 caelestis
1024 2065 1249 2133 gratiae,
1308 2064 1403 2120 sed
1453 2066 1692 2121 carnalis
1746 2066 2023 2121 successio

444 2159 731 2222 generaret
751 2151 1125 2210 Sacerdotem.
1166 2175 1184 2208 ι

519 2242 759 2300 Sanctus
788 2243 1022 2301 lrenmus
1048 2246 1157 2318 (29)
1193 2264 1521 2304 enumerans
1538 2247 1815 2305 Romanos
1848 2250 2025 2321 ponti-

449 2335 577 2392 ﬂces
641 2338 735 2407 qui
782 2338 847 2392 ad
880 2354 979 2394 sua
1018 2347 1262 2410 tempora
1309 2340 1633 2406 ﬂoruerunt,
1699 2342 1860 2397 tertio
1902 2350 2026 2412 post

448 2436 698 2483 sanctum
728 2427 945 2483 Petrum
976 2432 1097 2485 loco
1133 2432 1463 2487 Clementem
1502 2434 1676 2503 ponit.

517 2519 729 2576 Pariter
754 2520 1020 2577 Eusebius
1044 2522 1154 2594 (50)
1176 2532 1227 2578 et
1250 2522 1587 2594 Epiphanius
1606 2524 1715 2597 (51)
1748 2525 2022 2579 sentiunt:

447 2627 516 2666 ex
567 2612 799 2667 adverso
853 2621 1079 2673 sanctus
1126 2614 1467 2684 Augustinus
1526 2615 1637 2684 (ὅθ)
1696 2614 2027 2670 Clementem

450 2704 585 2758 Lino
625 2703 935 2759 immediate
982 2707 1317 2761 successisse
1364 2713 1595 2760 testatur
1629 2725 1641 2760 :
1671 2722 1833 2776 quem
1880 2706 2029 2761 ordi-

450 2812 573 2851 nem
594 2797 649 2850 in
673 2798 1028 2853 numerandis
1049 2796 1197 2857 Petri
1222 2800 1641 2854 successoribus
1662 2808 1847 2855 tenent
1866 2801 2029 2855 etiam

451 2896 676 2943 sanctus
716 2888 948 2958 Optatus
993 2889 1337 2946 Milevitanus
1371 2891 1828 2959 (55).Chronicon
1885 2889 2031 2960 quod

452 2979 685 3035 Damaso
723 2980 885 3051 vulgo
932 2981 1208 3045 tribuitur,
1255 2989 1309 3036 et
1352 2982 1635 3051 catalogus
1676 2988 1830 3035 vetus
1870 2979 2027 3035 Rom.

453 3071 770 3140 pontiﬁcum
806 3088 835 3126 e
863 3087 966 3127 ms.
1024 3072 1212 3163 codice
1252 3074 1450 3144 regina:
1502 3072 1710 3128 Suecim
1741 3075 1809 3128 ab
1840 3074 2031 3142 hagio-
2059 3107 2099 3163 Ο

455 3164 677 3233 graphis
706 3162 882 3233 Belgis
914 3164 967 3217 in
1001 3162 1124 3217 Maii
1158 3162 1436 3235 Propylmo
1458 3180 1713 3219 excusus.

525 3252 728 3307 Praeter
777 3255 1073 3325 pugnantia
1120 3255 1255 3309 adeo
1305 3255 1637 3319 testimonia,
1684 3271 1791 3308 non
1840 3255 2036 3311 desunt

454 3359 566 3399 sum
598 3344 814 3414 utrique
843 3360 909 3398 ex
939 3344 1024 3399 his
1050 3343 1401 3414 opinionibus
1442 3343 1821 3413 diﬂicultates;
1856 3354 2036 3415 poste-

454 3433 569 3486 rior
607 3431 734 3486 inde
784 3439 964 3486 tamen
1012 3433 1335 3501 gravissime
1377 3434 1662 3503 premitur,
1716 3435 1859 3503 quod
1909 3434 2034 3489 fasti

455 3524 745 3585 Ecclesiae,
794 3532 949 3579 vetus
994 3522 1363 3579 Romanorum
1408 3526 1649 3589 traditio,
1697 3533 1751 3580 et
1794 3527 2037 3597 plerique

455 3615 686 3684 catalogi
712 3613 872 3669 Rom.
900 3614 1097 3683 pontif.
1128 3623 1375 3670 sanctum
1407 3614 1739 3670 Clementem
1774 3616 2036 3687 martyrio

458 3713 779 3759 coronatum
807 3713 1057 3761 asserant
1098 3706 1399 3776 imperante
1426 3705 1683 3777 Trajano,
1716 3718 1876 3777 atque
1902 3708 2037 3763 adeo

457 3798 561 3853 sub
608 3797 765 3852 initio
808 3798 991 3852 saeculi
1049 3813 1120 3865 II;
1168 3799 1416 3868 quamvis
1465 3815 1641 3869 neque
1690 3798 1881 3853 Linum
1916 3802 2037 3872 plus

460 3903 625 3959 quam
678 3904 777 3953 xu,
832 3902 1007 3958 neque
1057 3887 1390 3942 Clementem
1445 3889 1586 3943 ultra
1632 3889 1818 3944 decem
1863 3905 2037 3946 annos

462 3980 671 4036 sedisse
698 3979 988 4050 quisquam
1028 3986 1280 4043 testetur,
1312 3994 1342 4032 a
1373 3978 1519 4034 Petri
1568 3988 1746 4035 autem
1778 3984 2039 4053 martyrio

463 4086 636 4140 usque
660 4070 725 4125 ad
755 4068 974 4140 Trajani
1005 4070 1289 4140 imperium
1318 4086 1426 4123 xxx
1450 4079 1508 4125 ut
1534 4072 1840 4135 minimum,
1865 4085 2038 4128 annos

461 4162 686 4219 ﬂuxisse
724 4168 955 4217 constet.
996 4160 1316 4216 Diﬂicultate
1360 4161 1463 4215 hac
1516 4169 1575 4216 ut
1603 4178 1661 4219 se
1695 4163 2035 4233 expedirent,

535 4404 747 4477 (27)¥Et
777 4405 1028 4477 Clemens
1051 4402 1133 4477 vir
1162 4403 1513 4477 apostolicus,
1544 4402 1652 4477 qui
1668 4411 1788 4477 post
1816 4401 2031 4456 Petrum

464 4473 637 4532 Rom.
659 4475 953 4531 Ecclesiam
1001 4474 1159 4535 rexit,
1211 4475 1400 4527 scribit
1432 4475 1495 4527 ad
1530 4473 1867 4532 Corinthios.
1900 4482 2031 4536 etc.,

463 4564 589 4617 opp.
626 4545 685 4601 υ.
723 4546 941 4600 Hieron.
968 4544 1174 4598 noviss.
1205 4544 1335 4597 edit.
1366 4542 1580 4607 Venet.,
1610 4552 1741 4597 tom.
1778 4542 1865 4605 lV,
1898 4544 1951 4612 β.
1980 4545 2033 4607 l,

465 4619 571 4673 col.
604 4617 728 4671 612.

538 4688 648 4759 (28)
678 4686 738 4740 In
772 4686 915 4740 Hist.
945 4685 1072 4739 eccl.
1126 4684 1307 4739 satculi
1334 4699 1372 4747 I.
1395 4683 1613 4739 dissert.
1645 4684 1728 4745 15,
1758 4698 1880 4754 pag.
1905 4682 2037 4736 mihi

541 4825 651 4896 (29)
681 4823 989 4896 Fundantes
1021 4824 1185 4893 igitur
1207 4832 1260 4879 et
1290 4825 1623 4896 instruentes
1642 4824 1783 4896 beati
1809 4822 2038 4896 apostoli

468 4893 952 4957 Ecclesiam,'Lino
976 4896 1346 4963 episcopatum
1382 4895 1827 4948 administranda:
1857 4893 2041 4946 Eccle-

468 4967 565 5022 sia:
596 4964 954 5019 tradiderunt.
990 4962 1246 5018 Succedit
1274 4974 1451 5018 autem
1482 4966 1529 5018 ei
1562 4964 1882 5029 Anacletus;
1919 4969 2042 5032 post

469 5050 593 5091 eum
634 5035 795 5089 tertio
824 5032 894 5087 ab
932 5034 1193 5102 apostolis
1235 5036 1609 5102 episcopatum
1659 5034 1887 5089 sortitur
1920 5033 2043 5087 Cle-

469 5121 644 5160 mens.
686 5104 742 5157 S.
775 5104 1009 5173 Irenaeus
1054 5104 1087 5159 I.
1138 5104 1379 5173 utiAdv.
1428 5104 1639 5167 ltwres.,
1683 5120 1801 5172 cap.
1835 5104 1888 5166 5,
1917 5118 2041 5173 pag.

470 5176 603 5230 mihi
631 5174 755 5234 176,
787 5172 918 5227 edit.
952 5175 1159 5228 noviss.
1185 5172 1403 5228 Veneta:
1432 5176 1497 5228 de
1526 5190 1669 5227 anno
1701 5174 1858 5228 1754.

688 5243 829 5325 Hist.
878 5244 1028 5329 ecc‘l.,
1063 5244 1098 5295 l.
1148 5259 1229 5325 tu,
1275 5260 1323 5298 c.
1359 5245 1446 5305 l5,
1497 5247 1608 5297 ait:
1644 5244 2045 5329 Anaﬁletu-s‘e‘au

471 5313 602 5371 actis
634 5313 687 5369 in
712 5314 1010 5437 egiscopatu
1034 5315 1186 5367 annis
1218 5330 1291 5367 xtl
1322 5331 1668 5369 successorem
1698 5313 1906 5436 reli‘guit
1934 5314 2046 5364 Cle-

472 5397 712 5437 mentem.
786 5385 870 5437 ide
916 5383 1077 5436 etiam
1120 5385 1363 5437 eiusdem
1413 5385 1531 5437 libri
1563 5400 1611 5437 c.
1643 5385 1676 5437 ιι
1706 5393 1759 5437 et
1832 5388 1878 5437 Ι.
1929 5384 2045 5436 edi-

472 5397 712 5441 ntentem.
733 5383 870 5439 Vide
916 5383 1077 5436 etiam
1120 5385 1363 5451 ejusdem
1413 5385 1531 5439 libri
1563 5400 1611 5439 c.
1643 5385 1676 5437 4
1706 5393 1759 5438 et
1787 5383 1878 5446 21,
1929 5384 2045 5436 edi-

470 5458 673 5510 tionem
705 5453 907 5524 Yalesii
937 5452 1325 5508 Taurinensem
1357 5472 1477 5524 pag.
1504 5455 1593 5515 89.,
1618 5454 1687 5508 95
1713 5463 1765 5509 et
1794 5454 1882 5508 98.

542 5526 654 5595 (5i)
689 5523 866 5579 Romw
907 5524 1065 5593 primi
1105 5526 1337 5577 omnium
1366 5523 1563 5577 Petrus
1590 5535 1639 5578 et
1675 5524 1875 5577 Paulus
1921 5539 2048 5591 apo-

473 5594 597 5664 stoli
622 5596 823 5663 pariter
851 5604 1004 5664 atque
1036 5596 1259 5662 episcopi
1296 5595 1524 5663 fuerunt,
1568 5596 1686 5648 inde
1727 5594 1910 5657 Linus,
1938 5604 2047 5645 tum

475 5663 678 5725 Cletus,
710 5674 828 5732 post
847 5665 979 5735 hunc
1003 5663 1259 5719 Clemens.
1292 5667 1554 5735 Epiplian.
1578 5668 1766 5719 haeres.
1800 5666 1890 5727 27,
1918 5664 2044 5735 (κϐ.

476 5751 597 5806 pag.
632 5735 752 5802 lO'l,
776 5736 907 5789 edit.
932 5734 1228 5804 Lipsiensis
1246 5734 1470 5801 Petavii,
1499 5738 1658 5807 vulgo
1680 5734 2047 5791 Coloniensis.

2110 500 2271 554 titicia
2302 500 2565 569 dignitate
2604 514 2663 553 se
2700 498 3004 564 abdicasse,
3029 506 3083 554 et
3112 499 3270 570 longe
3294 506 3417 569 post
3442 498 3688 565 obiisse;

2109 608 2295 647 verum
2326 592 2375 645 id
2408 592 2555 645 omni
2587 592 2805 660 penitus
2832 592 3170 646 dubitatione
3202 607 3311 647 non
3335 598 3507 645 vacat.
3536 589 3688 656 Quid

2110 691 2289 737 autem
2330 683 2384 736 in
2431 698 2490 737 re
2535 683 2669 737 adeo
2711 684 2946 738 obscura
2982 684 3243 753 tricisque
3283 681 3691 749 chronologicis

2110 774 2340 843 implexa
2387 788 2515 827 vero
2562 775 2786 843 propius
2836 774 3083 836 accedat,
3132 773 3352 829 lectoris
3395 773 3689 827 arbitrium

2109 872 2265 919 esto:
2301 865 2431 917 mihi
2465 864 2681 918 animus
2721 864 2968 929 inclinat,
2999 871 3057 917 ut
3098 862 3156 917 S.
3193 862 3393 917 Irenaeo
3428 878 3526 916 ceu
3557 860 3691 915 testi

2112 957 2353 1012 omnium
2380 957 2781 1025 antiquissimo,
2814 972 2914 1011 nec
2947 957 3105 1025 longe
3134 970 3163 1007 a
3190 953 3450 1010 Romanis
3482 954 3689 1023 posito,

2112 1050 2242 1119 quin
2282 1049 2337 1102 in
2367 1048 2513 1103 Urbe
2543 1049 2658 1119 ipsa
2688 1056 2925 1113 versato,
2957 1049 3321 1110 subscribam,
3348 1056 3403 1102 et
3437 1046 3695 1102 Clemen-

2112 1149 2244 1205 tem,
2273 1155 2383 1195 non
2423 1149 2571 1207 ante,
2594 1156 2753 1211 quam
2777 1149 2900 1211 post
2939 1140 3134 1196 Linum
3174 1151 3228 1197 et
3255 1141 3489 1208 Cletum,
3512 1140 3598 1196 vel
3631 1146 3698 1194 ut

2114 1232 2347 1290 lrenaeus
2378 1235 2560 1296 habet.
2587 1236 2905 1289 Anacletum
2943 1236 3150 1291 sedisse
3177 1250 3445 1291 censeam.

2187 1325 2284 1379 Res
2322 1326 2387 1378 ab
2434 1343 2493 1379 eo
2538 1328 2592 1379 in
2640 1328 2951 1395 pontiﬁcatu
2998 1328 3399 1397 gestam—Quo
3440 1337 3694 1395 tempore

2118 1417 2375 1471 Ecclesia!
2404 1426 2655 1486 praeerat,
2699 1419 2808 1473 duo
2840 1418 3184 1487 potissimum
3214 1420 3390 1488 egisse
3415 1432 3694 1472 memora-

2117 1515 2227 1562 tur.
2274 1506 2583 1561 Laborante
2622 1508 2743 1561 diro
2792 1509 3089 1563 schismate
3134 1508 3539 1563 Corinthiorum
3581 1506 3695 1561 Ec—

2119 1602 2308 1663 clesia,
2333 1601 2554 1670 scripsit
2590 1602 2864 1671 egregiam
2908 1602 3067 1656 hodie
3112 1602 3289 1656 adhuc
3341 1603 3693 1673 superstitem

2119 1692 2428 1763 epistolam,
2465 1708 2572 1761 qua
2601 1691 2757 1747 laicis
2801 1692 2855 1745 in
2884 1693 3232 1763 presbyteros
3262 1694 3424 1748 etiam
3455 1695 3696 1749 sanctis-

2124 1787 2291 1842 Simos
2349 1785 2759 1855 insurgentibus
2826 1785 2998 1839 suasit
3061 1799 3284 1853 pacem,
3339 1793 3696 1855 mutuamque

2123 1876 2493 1931 concordiam.
2537 1874 2825 1946 Negotium
2859 1875 3004 1929 istud
3047 1890 3113 1929 ex
3154 1876 3423 1929 sententia
3467 1875 3698 1945 perfecit

2124 1975 2347 2022 sanctus
2376 1966 2647 2021 Pontifex.
2681 1967 2948 2030 Alterum,
2986 1966 3133 2036 quod
3169 1974 3372 2035 septem
3404 1967 3558 2020 urbis
3608 1982 3699 2021 re-

2124 2060 2311 2128 giones
2335 2059 2389 2113 in
2419 2058 2663 2114 notarios
2695 2058 2919 2113 totidem
2949 2060 3184 2129 partitus
3218 2059 3310 2122 sit,
3338 2059 3429 2128 qui
3462 2059 3516 2111 in
3546 2069 3700 2128 gesta

2126 2153 2226 2208 SS.
2272 2163 2571 2225 martyrum
2643 2154 3021 2225 inquirerent,
3072 2156 3273 2225 illaque
3324 2156 3388 2209 ad
3447 2167 3700 2227 posteros

2125 2246 2345 2316 scriptis
2397 2246 2845 2301 commendarent
2882 2248 3037 2319 ('55):
3088 2248 3216 2301 hinc
3258 2250 3419 2302 etiam
3461 2250 3702 2320 percipi-

2126 2351 2277 2399 mus,
2317 2346 2576 2405 quantam
2630 2337 2970 2407 diligentiam
3029 2338 3099 2392 ab
3149 2338 3282 2408 ipsis
3352 2338 3703 2395 incunabulis

2125 2426 2283 2481 Rom.
2322 2426 2563 2482 Ecclesia
2595 2428 2905 2483 adhibuerit
2936 2429 2988 2482 in
3034 2428 3354 2499 colligendis
3398 2438 3701 2500 martyrum

2127 2518 2301 2576 fastis.
2327 2518 2548 2591 lugente
2579 2520 2906 2576 Christianae
2943 2523 3020 2577 rei
3059 2520 3391 2576 detrimento
3429 2531 3550 2575 acta
3587 2522 3705 2576 hac

2128 2612 2231 2666 sub
2283 2612 2693 2681 Diocletiano,e
2737 2613 2907 2667 fundo
2958 2613 3277 2685 religionem
3324 2614 3699 2669 Christianam

2130 2706 2439 2760 convellere
2489 2704 2805 2769 laborante,
2870 2704 3102 2760 ﬂammis
3154 2706 3464 2776 perierunt,
3513 2707 3588 2760 ita
3646 2714 3709 2760 ut

2128 2797 2360 2865 paucula
2393 2797 2553 2851 hodie
2585 2797 2825 2867 genuina
2852 2796 3174 2851 venerandae
3204 2796 3548 2865 antiquitatis
3587 2810 3709 2849 mo-

2130 2898 2388 2943 numenta
2439 2889 2647 2958 reliqua
2682 2889 2809 2943 sint.
2847 2886 3157 2942 Promeruit
3204 2895 3259 2941 et
3300 2887 3414 2957 ipse
3454 2884 3711 2941 Clemens

2130 2978 2335 3034 eisdem
2368 2980 2522 3035 fastis
2554 2978 2819 3035 adscribi.

2205 3070 2527 3142 Martyrium
2578 3073 2749 3125 sancti
2803 3070 3116 3135 Clementis,
3162 3070 3373 3141 eiusque
3421 3070 3613 3125 obitus.
3642 3101 3717 3112 —

2139 3161 2346 3217 Etenim
2375 3164 2429 3217 in
2458 3163 2857 3219 Chersonesum
2900 3163 3187 3217 Tauricam
3233 3165 3506 3234 relegatus
3548 3163 3717 3233 (Tar-

2138 3254 2332 3309 tariam
2381 3256 2645 3309 minorem
2677 3256 2837 3325 vulgo
2876 3255 3169 3326 appellant)
3211 3270 3334 3308 cum
3382 3256 3632 3309 doctrina
3662 3263 3717 3310 et

2136 3345 2417 3399 miraculis
2447 3361 2637 3401 omnes
2668 3347 2877 3400 incolas
2908 3346 3271 3400 convertisset
3308 3346 3371 3399 ad
3402 3345 3711 3409 Christum,

2131 3435 2355 3504 jubente
2380 3434 2617 3504 Trajano
2648 3436 2702 3490 in
2735 3450 2883 3489 mare
2912 3434 3198 3489 demersus
3229 3432 3329 3487 fuit
3359 3448 3502 3485 anno
3535 3431 3583 3485 εἰ.
3604 3432 3709 3486 Ch.

2138 3528 2259 3591 lOO,
2305 3527 2527 3595 Trajani
2572 3528 2661 3583 Ill.
2706 3526 2831 3581 Haec
2881 3542 2947 3581 ex
2988 3526 3157 3589 actis,
3198 3538 3319 3592 quae
3358 3524 3413 3576 in
3458 3524 3715 3577 manibus

2137 3624 2427 3671 versantur
2462 3616 2644 3679 hodie.
2682 3623 2835 3671 eruta
2869 3622 3026 3680 sunt;
3070 3617 3266 3667 merito
3303 3620 3483 3667 tamen
3513 3628 3543 3664 a
3574 3612 3715 3668 viris

2138 3707 2502 3777 gravissimis,
2529 3706 2827 3761 Pearsonio
2868 3705 3160 3775 praecipue,
3194 3704 3248 3757 in
3278 3703 3503 3756 dubium
3554 3718 3717 3757 revo-

2137 3805 2353 3861 cantur,
2399 3797 2857 3867 quemadmodum
2896 3795 3125 3851 inl‘erius
3170 3794 3435 3864 singulari
3478 3792 3716 3847 articulo

2137 3889 2511 3943 ostendemus.
2564 3887 2725 3953 Sunt,
2766 3888 2859 3958 qui
2893 3888 3114 3941 minime
3139 3886 3379 3939 violenta
3411 3890 3584 3937 morte
3616 3881 3717 3937 de-

2138 3980 2374 4035 cessisse
2425 3981 2612 4035 divum
2665 3981 3000 4035 Clementem
3055 3985 3365 4032 autumant.
3405 3975 3497 4030 Sic
3540 3974 3716 4029 Euse-

2137 4071 2259 4127 bius
2286 4071 2398 4143 (56)
2430 4080 2484 4127 et
2527 4082 2750 4127 sanctus
2781 4071 3138 4142 Hieronymus
3166 4071 3285 4139 ejus
3312 4078 3540 4123 mortem
3562 4066 3717 4119 nulla

2138 4162 2205 4217 de
2229 4166 2491 4236 martyrio
2522 4165 2795 4220 mentione
2821 4164 3070 4219 instituta
3096 4168 3549 4217 commemorant.
3579 4162 3720 4214 San-

2211 4407 2323 4477 (52)
2348 4406 2504 4461 Petro
2535 4407 2783 4459 successi:
2796 4404 2994 4477 Linus,
3019 4404 3155 4477 Lino
3172 4404 3433 4477 Clemens.
3458 4403 3717 4477 Clementi

2068 4447 2109 4500 Β
2142 4447 2459 4540 Atiae/etus:
2492 4478 2743 4530 Anacleto
2788 4447 3084 4529 Evarislus.
3132 4475 3189 4530 S.
3235 4447 3504 4545 Aug.,ep.
3550 4475 3617 4529 53
3645 4476 3717 4527 ad

2142 4548 2479 4603 Generosum.

2210 4616 2611 4687 (53)7Cathedra
2638 4634 2743 4669 una
2771 4625 2869 4679 est,
2910 4614 3045 4687 sedit
3068 4616 3214 4683 prior
3243 4614 3569 4687 Petrusacui
3594 4632 3719 4687 su;-

2140 4684 2511 4749 cessit'Linus,
2545 4688 2676 4742 Lino
2710 4687 2969 4751 Clemens,
3011 4684 3266 4741 Clementi
3309 4686 3612 4739 Anacletus.
3651 4685 3713 4739 Ι),

2140 4758 2391 4817 Optatus.
2426 4758 2516 4812 lib.
2556 4776 2614 4812 ιι.

2191 4776 2986 4897 l1333151.).lllg’pipllianiushaeres.
3003 4825 3158 4889 27,c.
3178 4826 3231 4881 6.
3254 4824 3634 4881 Henschenius
3662 4833 3719 4879 et

2141 4896 2624 4965 Papebrochius’in
2651 4897 2771 4966 ΜειῙὶ
2802 4896 3098 4966 PrOpylazo.

2214 4963 2324 5035 (35)
2361 4966 2661 5022 Guilelmus
2709 4963 2992 5021 Burius'in
3024 4982 3121 5021 sua
3169 4964 3330 5019 Rom.
3376 4963 3570 5033 pontii.
3610 4980 3719 5018 uo:

2142 5038 2258 5091 tilia
2302 5038 2510 5106 adjicit,
2559 5038 2707 5090 illum
2756 5038 2979 5105 insuper
3022 5044 3201 5091 vestes
3246 5036 3300 5089 in
3346 5035 3514 5089 missa
3566 5036 3720 5088 adhi-

2146 5107 2351 5162 bendas
2404 5107 2781 5161 sacerdotibus
2829 5109 3263 5175 prazscripsisse,
3300 5113 3353 5159 et
3402 5114 3457 5157 ut
3506 5121 3721 5175 mappae

2142 5179 2319 5235 linczc.
2359 5194 2495 5247 quas
2524 5177 2830 5248 corporalia
2864 5194 3141 5248 vocamus,
3188 5176 3240 5229 in
3284 5175 3543 5248 peculiari
3586 5193 3719 5248 vase

2145 5246 2480 5311 lavarentur,
2535 5246 2823 5312 statuisse;
2875 5247 2969 5301 sed
3016 5248 3068 5301 id
3110 5263 3141 5301 e
3178 5246 3552 5299 commentitia
3593 5246 3720 5301 Cle-

2146 5319 2345 5373 mentis
2393 5318 2458 5371 ad
2502 5317 2767 5371 Jacobum
2820 5316 3057 5387 Epistola
3109 5316 3305 5369 Burius
3353 5315 3715 5387 deprompsit.

2145 5387 2503 5442 Consecravit
2536 5388 2625 5442 hic
2664 5386 2890 5442 sanctus
2936 5387 3210 5447 Pontifex,
3255 5386 3487 5455 geminis
3527 5402 3721 5441 mense

2152 5457 2432 5512 Decembri
2475 5458 2935 5519 ordinationibus,
2980 5459 3241 5511 diaconos
3275 5456 3433 5517 duos,
3484 5457 3719 5526 presby-

2148 5528 2586 5609 tertlsmdecenret
2615 5529 2907 5609 episcopos
2924 5526 3253 5609 quindecim.

2209 5597 2331 5720 l(36)
2371 5594 2742 5721 Eqssebiugﬂ.
2773 5594 2861 5664 15.,
2896 5594 3042 5666 lfm,
3077 5614 3126 5653 c.
3153 5597 3249 5662 5‘;
3274 5594 3492 5649 llicron.
3530 5595 3584 5648 in
3616 5597 3722 5649 Ca-

2229 5685 2315 5721 oc.
2349 5686 2397 5721 c.
2497 5709 2510 5721 .
2865 5716 2868 5720 .

2151 5676 2315 5739 talog.
2349 5686 2397 5723 c.
2429 5676 2510 5724 15.
