3936 6172
260 311 370 366 125

1536 311 1874 371 PROCEMIA
1890 310 2266 401 .VARIORUM
2277 353 2291 368 .

3415 311 3515 365 126

259 436 391 483 ctus
436 429 675 484 lrenaus
724 431 837 499 (57)
872 446 1001 487 vero
1042 430 1335 488 Pontiﬁces
1359 446 1534 504 usque
1576 432 1644 487 ad
1684 431 1845 488 Eleu-
1874 440 1922 497 Α
2019 430 2430 487 Observandum
2461 438 2640 485 autem
2671 437 2754 485 est
2781 443 2907 483 cum
2930 426 3275 497 CLRemigio
3298 425 3514 483 Ceillie-

262 521 507 575 therium
552 536 867 587 recensens,
911 537 1102 577 eorum
1145 537 1474 594 quemquam
1515 523 1839 595 martyrium

258 624 488 679 passum
523 617 720 679 prater
763 610 1159 682 Telesphorum
1199 612 1345 667 haud
1388 612 1682 681 signiﬁcat.
1727 612 1843 668 lla--

258 701 409 756 linus
426 701 538 772 ('58)
557 710 767 756 tantum
797 714 1045 759 sanctum
1072 704 1404 760 Clementem
1430 711 1726 777 martyrem
1755 720 1845 775 ap-

258 793 450 861 pellat,
476 794 660 864 aitque
698 795 765 850 de
803 811 868 850 eo
909 795 1163 853 Zozimus
1209 795 1321 867 (59)
1350 797 1618 863 Pontifex,
1657 807 1842 854 tantos

257 897 388 936 eum
432 884 490 938 in
537 886 768 940 veritate
820 887 1098 942 noscenda
1146 903 1473 960 progressus
1523 890 1737 952 fecisse,
1769 893 1839 945 'ut

258 970 426 1026 ﬁdem
460 987 492 1026 a
528 981 721 1028 sancto
748 973 910 1030 Petro
948 984 1227 1047 acceptam
1266 986 1319 1035 et
1346 980 1547 1049 populo
1580 980 1838 1034 traditam

256 1069 531 1139 martyrio
558 1069 984 1142 consignaverit.

1946 523 2031 577 rio
2058 522 2192 594 (40),
2230 521 2487 593 martyris
2516 520 2932 590 appellationem
2962 532 3103 588 sape
3146 517 3213 572 iis
3254 518 3509 572 tributam

1950 612 2139 678 fuisse,
2169 613 2261 681 qui
2293 611 2499 681 aliquid
2538 626 2638 680 pro
2666 609 2889 665 Christo
2925 609 3073 679 passi
3112 607 3353 673 fuerunt,
3387 608 3513 662 licet

1947 704 2281 759 cruciatibus
2336 702 2646 769 interempti
2702 716 2813 755 non
2870 699 3132 765 fuissent;
3190 705 3351 768 atque
3398 698 3511 753 hac

1948 795 2119 851 fuisse
2158 794 2298 848 ratio
2327 793 2561 855 videtur,
2603 806 2714 861 qua
2742 789 2973 844 Ruﬁnus
3002 798 3055 844 et
3099 787 3354 843 Zozimus
3385 803 3508 843 san-

1946 894 2091 943 ctum
2140 892 2430 956 martyrem
2473 884 2835 953 appellarunt,
2877 882 2993 951 qui,
3037 896 3162 935 cum
3213 879 3511 935 Ecclesiam

1946 976 2203 1033 saeviente
2232 974 2525 1031 Domitiani
2547 974 2925 1044 persecutione
2955 973 3269 1028 moderatus
3296 970 3510 1035 fuisset,

1947 1069 2015 1123 ab
2035 1082 2100 1123 ea
2128 1066 2388 1121 immunis
2415 1067 2639 1121 omnino
2667 1080 2775 1119 non
2803 1064 2987 1120 fuerit.

688 1564 796 1624 DE
833 1563 1187 1628 SCRIPTIS
1247 1566 1308 1627 S.
1360 1559 1813 1627 CLEMENTIS
1847 1565 2077 1625 PRIMI
2137 1563 2455 1653 R‘OMANI
2520 1560 2988 1624 PONTIFICIS.

806 1852 1204 1910 ARTICULUS
1239 1856 1280 1912 l.

247 1963 320 2002 ,Ι
362 1962 524 2001 PRIIA
564 1960 689 2001 EJUS
719 1960 788 1999 AD
825 1962 1149 2001 CORINTHIOS
1187 1961 1513 2002 PEBSCBIPTA
1551 1963 1833 2003 EPISTOLA.

326 2038 558 2095 Sanctus
611 2037 849 2095 Clemens
879 2038 1132 2093 Romana
1178 2038 1427 2093 Ecclesia
1469 2041 1676 2093 nomine
1704 2042 1837 2094 scri-

245 2129 470 2198 psit.—
494 2129 640 2185 Inter
670 2130 862 2193 multa,
890 2145 1011 2200 qua
1033 2127 1301 2184 Clementi
1330 2139 1517 2185 nostro
1549 2131 1716 2185 tribui
1747 2146 1837 2186 so-

249 2220 368 2275 lent
394 2220 682 2290 opuscula,
724 2235 834 2274 una
872 2228 955 2275 est
998 2219 1262 2275 Ecclesia
1305 2219 1567 2275 Romana
1614 2221 1836 2276 nomine

249 2314 323 2367 ab
346 2329 413 2367 eo
441 2313 511 2367 ad
531 2311 849 2368 Corinthios
885 2313 1137 2382 epistola,
1162 2328 1283 2383 qua
1308 2329 1406 2383 pro
1428 2314 1663 2383 genuino
1688 2314 1835 2371 illius

250 2403 369 2458 fetu
411 2412 568 2459 certo
602 2404 818 2459 laudari
858 2406 1051 2475 possit.
1097 2405 1250 2459 Illam
1289 2405 1675 2460 commendant
1718 2407 1834 2461 Ire~

248 2511 406 2551 naus
429 2495 566 2566 (41),
592 2494 883 2567 Dionysius
922 2497 1122 2551 saculo
1155 2496 1396 2553 secundo
1424 2495 1834 2552 Corinthiorum

247 2586 547 2657 episcopus
590 2588 646 2642 in
688 2603 788 2643 sua
812 2588 881 2642 ad
922 2587 1169 2643 Soterem
1209 2589 1441 2659 epistola
1473 2588 1611 2659 (42),
1661 2588 1833 2645 Euse-

246 2675 377 2731 bius
408 2677 547 2748 (43),
584 2676 822 2749 Cyrillus
853 2677 1377 2750 Hierosolymitanus
1416 2680 1553 2751 (44),
1593 2680 1833 2751 Epipha—

248 2767 377 2821 nius
398 2767 511 2838 (45)
530 2767 730 2838 aliique
749 2770 1057 2838 complures
1079 2768 1216 2840 (46).
1238 2767 1511 2840 Scriptam
1534 2770 1829 2840 Epistolam

246 2858 399 2913 illam
430 2861 650 2914 nomine
677 2860 933 2916 Romana
967 2862 1224 2917 Ecclesia
1262 2862 1421 2918 docet
1449 2861 1607 2919 divus
1637 2862 1831 2918 Hiero-

244 2966 450 3021 nymus
483 2951 618 3021 (47).
657 2952 733 3006 Ea
776 2952 1045 3023 siquidem
1090 2964 1247 3009 atate
1285 2955 1528 3025 episcopi
1565 2955 1703 3009 nihil
1744 2957 1831 3009 in~

244 3042 507 3096 consulta
559 3041 805 3098 Ecclesia
868 3058 967 3098 sua
1030 3045 1506 3115 aggrediebantur.
1558 3045 1827 3101 Praeterea

246 3147 377 3186 cum
407 3134 671 3198 schisma,
697 3135 844 3204 quod
876 3135 1282 3191 Corinthiorum
1309 3137 1613 3194 Ecclesiam
1643 3142 1828 3211 exagi-

1863 1861 2063 1922 Bnam
2131 1856 2429 1912 Ecclesiam
2493 1857 2799 1927 scripsere,
2852 1858 3116 1929 quasdam
3179 1861 3509 1929 quastiones

1937 1957 2323 2019 proponentes.
2369 1948 2426 2004 S.
2454 1946 2751 2006 Clementis
2797 1951 3039 2006 animum
3082 1952 3318 2008 schisma
3363 1954 3508 2010 istud

1936 2040 2207 2110 allligebat
2256 2041 2581 2110 plurimum,
2627 2041 2989 2112 cupiebatque
3035 2048 3189 2097 tanto
3240 2045 3383 2098 malo
3410 2046 3507 2100 ob-

1934 2133 2078 2187 viam
2116 2131 2227 2186 ire:
2258 2147 2446 2186 verum
2476 2148 2601 2187 cum
2630 2133 2865 2188 Romani
2911 2134 3015 2202 ipsi
3058 2134 3182 2190 aliis
3222 2136 3382 2191 malis
3416 2136 3506 2206 ja-

1935 2231 2235 2288 ctarentur,
2284 2232 2591 2294 promptam
2648 2225 2757 2281 illis
2818 2241 2977 2296 opem
3035 2227 3177 2282 ferre
3238 2228 3505 2298 nequivit.

1934 2311 2241 2367 Domitiano
2269 2322 2448 2369 autem
2478 2313 2751 2369 exstincto
2790 2330 2933 2370 anno
2986 2314 3056 2370 95
3098 2315 3371 2386 rebusque
3396 2314 3509 2369 Ro-

1934 2403 2112 2458 manis
2159 2404 2349 2473 majori
2402 2406 2460 2458 in
2502 2403 2897 2477 tranquillitate
2928 2407 3246 2466 collocatis.
3283 2416 3506 2464 sanctus

1932 2493 2185 2551 Clemens
2238 2503 2482 2567 tempore
2546 2514 2711 2564 usus,
2769 2496 3072 2554 Corinthiis
3131 2499 3354 2554 tandem
3414 2515 3495 2555 re-

1934 2588 2175 2657 scripsit.

2003 2676 2081 2730 De
2133 2677 2231 2731 hac
2276 2679 2499 2747 epistola
2537 2679 2825 2749 judicium.
2861 2709 2931 2719 —
2976 2677 3342 2734 Celeberrima
3384 2689 3505 2747 est,

1932 2769 2077 2838 quod
2118 2784 2307 2825 omnes
2351 2780 2553 2825 norunt
2600 2771 2820 2835 eruditi,
2864 2787 2987 2841 qua
3030 2772 3179 2841 prior
3206 2771 3508 2826 Corinthiis

1931 2860 2268 2929 inscribitur,
2281 2861 2536 2930 epistola:
2564 2860 2869 2930 ἱκανωτάτη
2892 2862 3102 2932 γραφή,
3123 2861 3505 2930 potentissima,

1930 2966 2026 3006 seu
2044 2963 2101 3006 ut
2118 2950 2366 3007 Valesius
2386 2953 2570 3013 vertit,
2596 2952 3014 3006 luculentissima
3042 2953 3332 3021 scriptura,
3359 2951 3505 3005 dicta

1929 3058 1959 3096 a
1981 3042 2036 3097 S.
2064 3043 2273 3098 lrenao
2304 3044 2415 3116 (48)
2438 3062 2453 3110 ;
2484 3043 2739 3114 ἐπιστολὴ
2777 3043 2985 3114 μεγάλη
2998 3060 3056 3095 τε
3084 3043 3177 3097 καὶ
3204 3042 3504 3113 θαυμασία,

1928 3150 2121 3203 magna
2146 3142 2195 3188 et
2224 3133 2582 3199 admirabilis,
2602 3134 2669 3187 ab
2702 3132 2937 3187 Eusebio
2969 3132 3104 3204 (49),
3160 3140 3324 3201 atque
3368 3132 3504 3185 adeo

245 3225 423 3289 tabat,
470 3214 681 3281 tollere
705 3227 998 3282 consilium
1047 3236 1215 3293 esset,
1266 3230 1523 3285 universa
1584 3210 1829 3287 Romana
1856 3220 1899 3279 C
1933 3231 2143 3277 tantum
2185 3239 2295 3277 non
2325 3224 2615 3278 canonica.
2645 3222 2777 3275 Eam
2810 3220 2953 3291 apud
2988 3236 3179 3276 omnes
3208 3210 3503 3275 auctorita-

246 3315 500 3371 Ecclesia
528 3319 706 3388 majus
735 3319 969 3389 pondus,
995 3336 1157 3391 quam
1186 3322 1337 3377 solus
1354 3321 1659 3393 Episcopus
1684 3324 1827 3394 apud

244 3425 347 3464 eos
372 3410 626 3464 habitura
654 3426 779 3467 esse
811 3413 1116 3469 videbatur.

317 3502 456 3569 Quae
484 3506 598 3573 ejus
628 3504 920 3561 scribenda:
950 3509 1292 3563 occasio?—
1320 3506 1563 3577 Epistola
1596 3507 1733 3571 hac,
1773 3515 1831 3561 ut

245 3603 335 3648 est
363 3609 394 3647 a
422 3595 583 3650 nobis
613 3595 972 3665 admonitum,
996 3599 1285 3653 occasione
1314 3598 1651 3661 schismatis,
1679 3595 1827 3667 quod

248 3700 350 3756 per
386 3701 454 3740 ea
500 3694 745 3757 tempora
778 3686 1189 3743 Corinthiorum
1225 3689 1529 3743 Ecclesiam
1575 3690 1826 3755 vexabat,

248 3779 569 3848 conscripta
602 3778 725 3835 fuit.
756 3778 1006 3836 Schisma
1036 3797 1170 3836 vero
1197 3780 1331 3835 illud
1366 3797 1432 3837 ex
1464 3780 1669 3835 invidia
1700 3795 1831 3850 quo-

247 3870 505 3923 rumdam
547 3871 601 3924 in
631 3887 727 3927 eos
793 3873 886 3942 qui
933 3873 1226 3943 dignitates
1253 3880 1308 3929 et
1342 3888 1571 3928 munera
1613 3874 1829 3927 obtine—

247 3963 405 4026 bant,
447 3962 740 4018 conﬂatum
782 3964 909 4031 fuit;
945 3966 1089 4020 unde
1121 3965 1432 4021 inﬁdelibus
1462 3964 1594 4020 Jesu
1624 3964 1827 4021 Christi

246 4054 577 4123 religionem
618 4055 1036 4127 blasphemandi
1082 4072 1218 4113 ansa
1266 4059 1392 4112 data
1441 4066 1545 4115 est.
1592 4058 1660 4112 At
1704 4074 1829 4112 cum

244 4141 568 4199 Corinthios
597 4144 747 4215 ipsos
780 4146 1094 4203 schismatis
1135 4147 1217 4203 sui
1251 4147 1500 4218 puderet,
1539 4147 1606 4203 ad
1638 4146 1832 4203 Roma-

318 4341 437 4408 (57)
474 4338 538 4396 L.
566 4357 649 4403 ιιι,
685 4359 734 4398 c.
758 4344 812 4398 3.

318 4410 437 4482 (58)
480 4410 556 4466 De
582 4415 660 4465 ori
700 4454 736 4475 .,
766 4422 898 4467 tom.
924 4414 966 4478 l,
994 4428 1115 4484 pag.
1144 4413 1266 4468 778.

318 4484 436 4535 159)
475 4478 632 4535 Tom.
661 4429 727 4535 ἵν
771 4481 971 4535 Concil.
1025 4484 1222 4535 Mansi.
1254 4500 1266 4535 ι

316 4478 436 4551 (59)
475 4478 632 4538 Tom.
663 4478 727 4536 IV
771 4481 971 4539 Concil.
995 4478 1222 4545 -M'ansi,
1254 4482 1360 4537 col.
1400 4482 1521 4537 550.

1932 3322 2040 3370 tem
2084 3315 2339 3379 obtinuit,
2390 3323 2448 3368 ut
2487 3314 2714 3383 perinde
2750 3328 2813 3367 ac
2857 3314 3079 3382 reliqua
3130 3312 3501 3381 apostolorum

1931 3407 2175 3475 epistola
2204 3406 2420 3476 publice
2463 3405 2738 3474 aliquibus
2764 3404 2819 3457 in
2847 3403 3095 3460 ecclesiis
3123 3403 3262 3457 lecta
3295 3402 3460 3457 fuerit
3485 3422 3498 3457 :

1930 3495 2078 3565 quod
2137 3493 2356 3564 quidem
2428 3500 2627 3563 prater
2686 3490 3011 3554 Eusebium,
3076 3488 3499 3559 Hieronymum,

1931 3586 2176 3655 aliosque
2202 3592 2415 3640 veteres
2446 3585 2764 3654 scriptores,
2798 3590 3030 3637 testatur
3061 3580 3338 3650 antiquior
3375 3577 3501 3631 Dio-

1931 3678 2121 3749 nysius
2150 3676 2558 3732 Corinthiorum
2587 3676 2875 3745 episcopus
2901 3672 3036 3744 (50).
3071 3671 3197 3727 Hac
3221 3686 3354 3727 sane
3392 3670 3504 3739 pri-

1931 3784 2088 3824 scum
2120 3767 2402 3838 Evangelii
2430 3767 2672 3837 vigorem
2720 3766 2889 3835 spirat
2918 3784 2930 3818 :
2965 3765 3139 3835 stylus
3174 3778 3335 3833 quam
3371 3776 3503 3830 pro-

1932 3864 2076 3918 xime
2111 3862 2179 3917 ad
2221 3860 2428 3916 Novum
2460 3860 2866 3914 Testamentum
2898 3858 3144 3912 accedit:
3192 3872 3280 3911 res
3306 3857 3501 3910 verba-

1931 3972 2035 4026 que
2079 3954 2197 4024 ipsa
2237 3953 2521 4022 desumpta
2562 3953 2617 4005 in
2650 3951 2842 4021 primis
2890 3966 2956 4004 ex
3006 3948 3263 4019 Epistolis
3315 3947 3499 4001 Pauli-

1931 4047 2019 4101 nis
2048 4045 2182 4116 (51).
2215 4042 2457 4112 Denique
2502 4043 2639 4096 nihil
2674 4040 2788 4096 fere
2828 4041 2883 4094 in
2913 4055 2975 4094 ea
3016 4039 3243 4109 reperiri
3279 4039 3497 4093 contin-

1930 4136 2028 4207 git,
2069 4136 2215 4206 quod
2244 4136 2501 4205 primava
2534 4132 2810 4187 nascentis
2854 4130 3114 4186 Ecclesia
3167 4130 3497 4184 incunabula

1932 4339 1971 4395 l.
2005 4355 2081 4402 Iv,
2114 4355 2163 4394 c.
2188 4338 2280 4393 25.

2003 4409 2115 4480 (44)
2154 4407 2435 4480 Catechesi
2456 4407 2548 4480 l8,
2575 4406 2705 4480 c.‘8_.

2003 4421 2093 4480 (44
2154 4421 2435 4464 υεηεοιιθει
2462 4421 2548 4470 is,
2575 4421 2626 4461 c.
2653 4421 2705 4460 δ.

2002 4421 2115 4549 (45)
2156 4478 2356 4533 Haresi
2407 4479 2501 4549 30.
2540 4476 2715 4549 n._15,
2750 4490 2873 4549 pag.
2902 4473 3031 4539 l59;
3077 4481 3131 4528 et
3167 4472 3360 4527 harcs.
3392 4471 3483 4539 27,

318 4545 437 4622 (10)
480 4551 677 4609 Tom.l
702 4554 801 4608 des
830 4557 1057 4608 Auteurs
1079 4554 1487 4621 ecclesiastiques
1507 4591 1521 4614 ,
1546 4566 1669 4622 pag.
1698 4550 1822 4607 599.
1858 4554 1902 4608 D
1934 4565 1990 4606 n.
2011 4545 2382 4622 'pagrlO'Z,
2408 4548 2554 4622 edit.
2582 4545 2805 4601 Petavii.

318 4639 437 4709 (41)
479 4640 586 4695 Sub
602 4641 698 4696 hoc
715 4659 837 4711 ergo
863 4642 1124 4697 Clemente
1143 4643 1467 4697 dissensione
1492 4659 1593 4696 non
1616 4642 1825 4696 modica

243 4711 387 4763 inter
427 4727 538 4782 eos,
567 4713 655 4781 qui
676 4712 915 4767 Corinthi
938 4722 1127 4777 essent,
1169 4712 1363 4782 fratres
1388 4713 1553 4781 facta,
1589 4715 1821 4779 scripsit,

241 4797 365 4905 qua
396 4791 479 4835 est
505 4781 702 4847 Roma,
744 4783 982 4838 Ecclesia
1027 4781 1495 4838 luculentissimam
1526 4784 1820 4852 epistolam.

272 4867 515 4905 renaus.
548 4853 584 4905 l.
620 4868 711 4905 ιιι.
746 4869 797 4905 c.
830 4854 883 4905 5.
913 4871 969 4905 ιι.
996 4855 1048 4905 5.

272 4867 515 4912 renaus,
548 4853 584 4905 l.
620 4868 711 4919 ιιι,
746 4869 797 4908 c.
830 4854 883 4921 3,
913 4871 969 4907 ιι.
996 4855 1048 4908 5.

318 4943 436 5015 (42)
478 4943 648 4998 Hodie
684 4962 895 4999 sacrum
921 4946 1058 5001 diem
1091 4947 1420 5002 Dominicum
1449 4947 1818 5016 transegimus,

241 5015 299 5069 in
329 5031 435 5084 quo
466 5016 743 5088 epistolam
771 5026 996 5071 vestram
1025 5018 1264 5087 legimus.
1285 5034 1443 5086 quam
1475 5015 1682 5088 quidem
1708 5032 1821 5088 per—

240 5094 402 5157 petuo
457 5084 693 5157 deinceps
726 5086 971 5157 legentes,
1020 5084 1233 5156 perinde
1286 5084 1347 5141 ac
1392 5084 1617 5156 priorem
1665 5087 1817 5140 illam

242 5155 397 5227 nobis
430 5172 466 5207 a
493 5153 755 5227 Clemente
776 5153 1057 5227 'scriptam
1098 5153 1413 5227 Epistolam’,
1443 5159 1650 5224 optimis
1678 5172 1818 5227 prte-

243 5226 409 5349 qaeptlis
442 5242 504 5277 ac
520 5226 843 5351 doceignentis
873 5226 1278 5283 abundabimus.
1302 5229 1457 5300 Apud
1489 5227 1712 5293 Euseb.,
1741 5226 1813 5281 Η.

300 5338 314 5351 .
377 5335 390 5347 .
424 5311 499 5351 Iv.
528 5313 579 5350 c.
681 5339 695 5351 .

300 5338 314 5353 ,
356 5311 390 5348 Ι.
424 5311 499 5357 ιν,
528 5313 579 5350 C.
604 5311 695 5352 Σὲ).

316 5386 431 5456 (43)
476 5387 653 5457 Hujus
697 5389 860 5459 igitur
887 5387 1167 5446 Clementis
1202 5397 1377 5443 ert-stat
1426 5389 1666 5459 Epistola
1714 5406 1817 5444 uno

244 5474 503 5512 consensu
559 5472 784 5527 recepta,
826 5461 1045 5530 eximiai
1069 5475 1307 5527 prorsus,
1340 5470 1494 5530 atque
1523 5460 1815 5521 mirabilis;

276 5544 403 5578 uam
461 5531 671 5583 nomine
722 5530 971 5583 Ecclesia:
1010 5529 1260 5583 Romanae
1307 5532 1375 5583 ad
1409 5528 1813 5585 Corinthiorum

282 5596 545 5652 Icclesiam
591 5602 824 5667 scripsit.
889 5599 1041 5653 Hanc
1078 5602 1133 5653 in
1180 5600 1439 5670 plerisque
1487 5600 1717 5654 ecclesiis
1765 5610 1816 5654 et

246 5677 453 5731 nostra,
481 5680 531 5724 et
566 5672 823 5738 superiori
850 5672 1103 5725 memoria
1143 5670 1320 5738 palam
1349 5671 1562 5723 recitari
1599 5687 1814 5724 consue-

249 5739 381 5794 tisse
412 5737 782 5799 comperimus.
822 5741 1046 5808 Euseb.,
1089 5741 1160 5795 Η.
1188 5737 1281 5808 E.,
1310 5745 1344 5795 Ι.
1374 5756 1456 5806 ιιι,
1495 5756 1545 5796 c.
1579 5741 1666 5806 16,
1704 5742 1804 5798 58:

2001 4610 2286 4690 (46):Vwide
2329 4610 2636 4690 Origenem,
2663 4623 2795 4690 tom.
2821 4613 2871 4676 Ι,
2916 4612 3047 4667 edit.
3078 4610 3282 4690 Paris"
3325 4612 3485 4676 1755,

1926 4682 2051 4760 pag.
2075 4682 2171 4755 82;
2204 4697 2336 4760 tom.
2366 4682 2476 4760 lll:,_
2506 4702 2627 4760 pag.
2658 4685 2796 4760 422;
2826 4692 2879 4760 et
2927 4682 3216 4760 tomL-IXH,
3248 4690 3386 4760 part:
3412 4696 3486 4760 ιι,

1927 4752 2051 4829 pag.
2095 4752 2217 4825 M3,
2251 4757 2385 4829 edit.
2434 4752 2611 4811 Huctii
2657 4755 2929 4829 Colonia,
2970 4752 3127 4807 1685.
3363 4753 3485 4829 Ale-

1926 4824 2116 4891 sana,
2166 4831 2201 4884 l.
2244 4843 2261 4881 ι
2319 4828 2541 4889 Strom.,
2583 4843 2633 4881 c.
2666 4826 2717 4889 7,
2746 4834 2877 4879 tom.
2906 4824 2958 4886 l,
3008 4838 3129 4893 pag.
3177 4824 3302 4885 559,
3352 4824 3484 4893 edit.

1929 4898 2229 4954 Oxoniens.
2282 4899 2446 4965 l7l5;
2488 4905 2542 4951 et
2585 4898 2720 4960 Liv,
2753 4911 2802 4949 c.
2842 4896 2889 4955 l.
2937 4892 3069 4947 tom.
3104 4893 3167 4965 Ι,
3203 4909 3323 4963 pag.
3356 4892 3480 4953 609;

1928 4967 2150 5023 Hieron.
2184 4969 2260 5022 De
2302 4962 2441 5021 viris
2474 4966 2697 5024 illustr.,
2724 4980 2774 5020 c.
2804 4965 2905 5031 l5;
2947 4971 3080 5018 tom.
3125 4962 3189 5023 ll,
3227 4962 3364 5031 part.
3410 4978 3482 5026 ιι,

1928 5055 2049 5108 pag.
2079 5040 2242 5100 8505,
2267 5039 2396 5093 edit.
2427 5038 2632 5108 noviss.
2661 5034 2877 5090 Veneta
2906 5035 2973 5108 de
3003 5049 3144 5087 anno
3175 5034 3331 5108 1767.

1997 5104 2109 5180 (47)
2150 5109 2296 5164 idem
2346 5110 2382 5163 l.
2430 5123 2481 5162 c.
2532 5106 2664 5162 Vide
2709 5108 2875 5161 etiam
2933 5104 3192 5158 Irenaeum
3238 5104 3329 5157 lib.
3379 5115 3478 5164 Ill,

1922 5194 2043 5235 can.
2079 5182 2129 5235 5.

1992 5196 2605 5321 ζίίὺᾈιιιηςιιρῶ,
2637 5263 2694 5301 ιι.
2726 5246 2822 5321 5.-
3028 5312 3093 5321 Μ
3183 5309 3217 5321 η
3284 5309 3326 5321 m
3436 5308 3446 5319 .

1995 5309 2108 5391 (49)
2152 5319 2222 5374 Η.
2250 5318 2341 5381 Ε.,
2368 5309 2731 5386 111).ἰιιι,’(;ιιρ.
2758 5314 2844 5380 16,
2874 5328 2995 5385 pag.
3026 5312 3116 5375 95,
3135 5309 3264 5365 edit.
3284 5309 3479 5363 Tauri-

1923 5406 2130 5446 DBIISIS.

1994 5460 2105 5530 (50)
2141 5459 2297 5530 Apud
2327 5457 2551 5530 Euseb.,
2685 5455 2773 5530 _E.,
2806 5455 2842 5509 l.
2869 5468 3022 5530 mf.
3405 5516 3435 5530 η

1994 5461 2083 5530 (50
2141 5461 2297 5528 Apud
2328 5461 2551 5517 Euseb.,
2584 5461 2654 5509 Η.
2685 5461 2773 5519 Ε.,
2807 5461 2842 5509 l.
2869 5470 2941 5516 Iv,
2972 5468 3022 5509 c.
3051 5461 3139 5504 25.
3424 5516 3435 5528 O

1991 5461 2105 5599 (5i)
2143 5529 2267 5583 Hac
2300 5530 2416 5597 ipsa
2442 5527 2760 5599 similitudo,
2790 5532 2929 5578 teste
3047 5521 3371 5599 Hieronymo
3399 5518 3477 5585 (in

1921 5588 2160 5656 calalfc.
2196 5588 2393 5666 15),’ἱιι
2420 5613 2583 5651 causa
2617 5596 2738 5658 fuit,
2770 5610 2869 5648 cur
2891 5593 3108 5663 quidam
3142 5588 3198 5643 S.
3223 5588 3474 5667 Clemen-

1919 5681 2025 5725 tem
2054 5665 2304 5741 Epistola
2330 5671 2393 5721 ad
2433 5667 2685 5741 Hebraeos
2720 5666 3087 5735 interpretem,
3114 5668 3274 5731 atque
3307 5665 3472 5711 etiam

1916 5738 2192 5796 auctorem
2228 5756 2347 5796 esse
2373 5738 2754 5795 existimarint.
