3936 6172
462 308 564 362 127

1584 308 1674 361 AD
1714 306 1771 362 S.
1811 302 2233 363 CLEMENTEM
2270 303 2291 357 ι
2332 301 2564 359 ΡΑΡΑΜ

3582 296 3694 351 ηε

459 438 568 477 non
601 420 827 487 referat;
863 419 1128 491 nihilque,
1167 421 1311 492 quod
1346 421 1525 478 vlrum
1554 422 1713 491 plane
1763 421 2019 491 apostoli-
2050 423 2099 481 Α
2128 421 2274 473 aetati
2304 418 2609 473 vicinorum
2634 414 2743 477 vix,
2772 429 2836 470 ac
2859 430 2926 470 ne
2954 414 3041 468 vix
3072 411 3290 483 quidem
3319 410 3433 466 fieri
3462 412 3694 483 potest),

457 529 584 567 cum
612 528 721 567 non
752 512 989 568 maxime
1018 513 1226 569 deceat.

528 602 917 668 Dubitationes,
947 620 1060 673 quia
1091 604 1155 657 de
1184 604 1281 658 hac
1307 605 1531 673 epistola
1562 614 1938 661 moventur.—
1956 604 2025 657 At

456 694 706 765 quamvis
734 692 1049 761 hujusmodi
1082 694 1450 749 venerandum
1481 710 1651 750 sacra:
1682 694 2024 763 antiquitatis

457 788 871 837 monumentum
904 796 935 835 a
982 781 1260 851 plerisque
1307 784 1537 838 vetustis
1580 779 2023 851 Iocupletissimis

458 874 708 936 testibus,
736 888 1124 943 usquequaque
1144 881 1451 942 astruatur;
1484 883 1646 943 atque
1672 873 1834 928 simul
1858 887 1921 926 ac
1954 886 2023 926 ex

456 966 841 1035 antiquissimo
895 981 998 1020 ms.
1025 965 1216 1020 codice
1249 964 1623 1019 Alexandrino
1666 964 1811 1019 istud
1850 964 1905 1017 in
1936 964 2022 1016 lu-

457 1071 577 1111 cem
610 1055 712 1109 fuit
750 1056 986 1122 editum,
1016 1070 1232 1113 summo
1267 1055 1606 1111 eruditorum
1639 1054 1748 1110 fere
1775 1054 2019 1109 omnium

457 1162 750 1211 consensu,
791 1147 1066 1202 sincerum
1095 1147 1341 1209 omnino.
1379 1154 1866 1218 quantumcunque
1909 1153 2016 1208 est,

457 1238 699 1307 agnitum
732 1237 911 1301 fuerit,
959 1244 1260 1307 receptum,
1298 1238 1817 1308 comprobatumque
1852 1254 1865 1289 :
1909 1249 2019 1289 non

457 1326 681 1382 defuere
711 1334 892 1381 tamen
923 1327 1025 1381 hoc
1052 1334 1109 1382 et
1151 1329 1438 1397 superiore
1468 1328 1692 1391 saeculo,
1735 1328 1829 1397 qui
1860 1326 2019 1379 vitia-

457 1425 573 1471 tum
607 1418 769 1481 idem,
804 1418 1053 1488 mireque
1085 1418 1470 1487 interpolatum
1495 1417 1776 1473 obfirmate
1798 1425 2021 1473 conten-

378 1518 380 1521 '
455 1508 654 1563 derint.
703 1508 811 1564 Eos
865 1510 1009 1564 inter
1052 1509 1257 1581 primas
1291 1516 1435 1564 tenet
1476 1507 1759 1564 Gisbertus
1795 1506 2016 1563 Voetius

458 1598 738 1669 theologia:
794 1600 1073 1672 professor
1101 1602 1153 1655 in
1181 1600 1475 1656 Academia
1516 1600 1893 1671 Ultrajectina,
1922 1600 2016 1671 qui

453 1692 631 1747 varias
666 1690 778 1764 (52)
823 1692 1087 1747 adversus
1136 1692 1277 1745 hanc
1320 1693 1605 1762 epistolam
1647 1692 1815 1746 movit
1859 1693 2015 1761 obje-

451 1783 682 1848 ctiones,
715 1782 810 1838 sed
861 1783 1020 1853 plane
1068 1781 1311 1843 frivolas,
1341 1790 1395 1837 et
1423 1784 1672 1853 supinam
1706 1782 2015 1839 redolentes

450 1873 869 1944 negligentiam;
922 1876 1001 1928 uti
1047 1874 1197 1929 clare
1241 1874 1483 1929 ostendit
1527 1873 1845 1929 Joachimus
1897 1873 2013 1927 Ha-

448 1964 615 2020 derus
643 1965 697 2017 in
730 1963 1046 2034 praefatione
1077 1965 1145 2020 ad
1184 1966 1473 2030 lectorem,
1526 1964 2015 2020 Helmenstadiensi

448 2053 675 2108 editioni
724 2054 977 2124 Epistolas
1027 2056 1321 2111 Clementis
1362 2057 1663 2126 pnemissa.
1708 2056 1806 2111 Ast
1868 2056 2014 2110 nihil

449 2146 673 2208 mirum,
718 2146 898 2199 virum
930 2145 1119 2210 istum,
1153 2147 1335 2201 multa:
1379 2148 1618 2217 alioquin
1670 2146 1916 2201 lectionis
1960 2147 2014 2200 in

449 2232 871 2293 recentioribus.
917 2234 1202 2304 epistolam
1234 2238 1409 2289 sancti
1441 2234 1758 2299 Clementis,
1800 2237 2017 2307 aliaque

447 2324 718 2391 ejusmodi
752 2324 823 2379 ob
850 2332 1179 2380 vetustatem
1216 2327 1526 2382 veneranda
1570 2337 1920 2383 monumenta
1960 2330 2014 2385 in

446 2413 672 2467 dubium
702 2429 962 2482 vocasse;
1017 2430 1141 2470 cum
1179 2416 1319 2486 ipse,
1343 2433 1411 2470 ex
1454 2418 1596 2472 male
1640 2426 2016 2489 prazconcepta

445 2504 703 2574 Opinione
732 2520 795 2559 ac
822 2505 949 2560 odio
980 2505 1243 2562 adversus
1282 2508 1559 2578 antiquam
1588 2510 1871 2564 catholica:
1913 2510 2017 2565 Ec-

445 2596 624 2649 clesia:
655 2596 1316 2667 traditionem,optaverit,
1344 2599 1553 2653 nullum
1579 2599 1738 2669 plane
1772 2602 2015 2655 virorum

447 2689 873 2758 apostolicorum
907 2690 1169 2760 scriptum
1198 2705 1506 2761 superesse,
1532 2701 1591 2745 ut
1618 2692 1710 2746 illo
1742 2693 1862 2760 ipso
1894 2694 2016 2748 loco

444 2781 647 2834 indicat
672 2781 1021 2851 sequentibus
1053 2783 1233 2837 verbis
1262 2802 1273 2837 :
1308 2782 1657 2837 Admiramur
1689 2786 2014 2856 singularem

443 2870 542 2925 Dei
570 2871 972 2940 providentiam,
1017 2888 1133 2941 qua:
1181 2874 1382 2926 curavit
1451 2883 1507 2926 ut
1554 2874 1619 2927 ab
1661 2878 2017 2944 apostolorum

442 2962 737 3031 discipulis,
802 2964 1023 3033 virisque
1088 2965 1446 3033 apostolorum
1495 2967 1690 3022 swculo
1733 2970 2012 3036 proximis,

444 3063 539 3106 aut
571 3054 705 3107 nihil
734 3053 1067 3119 scriberetur,
1113 3065 1205 3108 aut
1236 3054 1367 3108 nihil
1395 3068 1809 3121 conservaretur,
1853 3068 1903 3113 et
1945 3059 2012 3112 ad
2039 3091 2082 3148 ο

2125 510 2357 580 denique
2404 517 2464 564 ut
2495 521 2651 563 sacer
2696 506 2866 561 codex
2907 521 2938 559 a
2984 504 3335 573 corruptione
3380 517 3444 557 ac
3482 501 3695 570 injuria

2122 616 2232 655 non
2278 610 2386 654 tam
2437 608 2771 670 temporum,
2814 611 2978 667 quam
3028 594 3295 649 malorum
3318 592 3689 663 ingeniorum,

2124 689 2518 753 vindicaretur,
2550 697 2603 743 et
2633 687 2903 758 genuinus
2931 684 3051 754 ejus
3088 698 3284 738 sensus
3315 681 3372 736 in
3413 680 3695 750 aliquibus

2124 782 2261 837 locis
2307 779 2709 852 quodammodo
2748 778 3041 840 obscurus,
3084 774 3367 845 magisque
3407 771 3477 827 ab
3515 772 3696 826 hare—

2122 872 2246 928 ticis
2275 872 2623 934 obscuratus,
2647 869 2860 941 egregie
2895 868 3297 932 illustraretur;
3330 864 3517 934 sicque
3556 877 3693 932 pro-

2121 965 2239 1033 pria
2264 963 2414 1018 verbi
2445 962 2616 1016 divini
2648 962 2851 1015 veritas
2888 965 3079 1012 contra
3108 955 3277 1011 falsas
3322 952 3691 1025 quorumdam

2123 1056 2403 1109 hominum
2434 1053 2738 1124 opiniones,
2783 1050 2900 1106 heri
2930 1055 3111 1111 natas,
3152 1062 3276 1104 cras
3330 1060 3459 1101 vero
3509 1045 3688 1099 inter—

2120 1139 2317 1205 ituras,
2351 1141 2682 1204 firmaretur,
2706 1139 2761 1193 in
2788 1145 3052 1193 aeternum
3074 1137 3387 1191 duratura.»
3409 1133 3692 1189 Hactenus

2118 1231 2202 1285 vir
2233 1230 2585 1299 gravissimus
2612 1228 2867 1284 Grabius.

2190 1322 2438 1378 Voetium
2467 1337 2658 1392 presso
2702 1320 2839 1391 pede
2887 1328 3182 1390 sequentes
3222 1318 3507 1375 Eduardus
3550 1318 3693 1375 Ber-

2118 1414 2342 1479 nardus,
2384 1422 2546 1484 atque
2574 1411 2814 1467 Joannes
2847 1413 3095 1468 Clericus
3132 1412 3245 1483 (54)
3289 1412 3431 1465 hanc
3472 1413 3687 1482 episto-

2118 1506 2225 1559 lam
2257 1521 2288 1559 a
2322 1506 2480 1576 plane
2513 1504 2782 1575 improbo,
2823 1503 2915 1574 qui
2947 1502 3213 1559 Clementi
3245 1501 3491 1558 Romano
3520 1504 3691 1558 innu-

2119 1612 2296 1651 meras
2326 1595 2619 1651 Clementis
2647 1594 2996 1650 Alexandrini
3026 1594 3252 1649 lacinias
3273 1593 3537 1657 adsuerit,
3578 1595 3684 1648 mi.

2121 1703 2242 1743 sere
2296 1686 2551 1742 foedatam
2609 1685 2841 1743 suadere
2906 1686 3109 1740 conati.
3160 1685 3463 1756 Utrumque
3512 1701 3684 1756 porro

2047 1751 2291 1835 Bsolide
2344 1779 2602 1834 refutavit
2656 1778 2739 1834 Cl.
2810 1777 3079 1833 Henricus
3158 1751 3449 1832 Wotton—us
3513 1751 3683 1849 (55).

2113 1868 2274 1926 Juvat
2316 1871 2607 1940 ipsummct
2658 1870 2803 1925 hunc
2846 1869 3222 1925 doctissimum
3274 1868 3451 1922 virum
3482 1867 3587 1921 hac
3616 1867 3690 1923 de

2114 1978 2173 2017 re
2220 1960 2576 2016 disserentem
2612 1961 2837 2016 audire:
2870 1980 2889 2013 ι
2921 1959 3064 2015 lrriti
3086 1966 3249 2024 sunt,
3280 1959 3487 2029 inquit,
3518 1956 3690 2025 hujus

2115 2049 2421 2121 (Bernardi)
2462 2058 2731 2107 conatus:
2764 2052 2857 2122 qui
2887 2053 3031 2106 enim
3080 2050 3185 2104 hoc
3232 2048 3396 2104 modo
3439 2064 3507 2104 ex
3553 2048 3686 2103 Cle-

2115 2149 2295 2197 mente
2347 2140 2717 2196 Alexandrino
2762 2141 2974 2211 arguit,
3019 2150 3114 2194 aut
3164 2156 3289 2196 eum
3348 2155 3460 2194 non
3510 2138 3689 2209 probe

2116 2234 2288 2297 novit,
2330 2240 2424 2287 aut
2455 2233 2595 2287 mala
2626 2232 2729 2288 ﬁde
2766 2234 2907 2302 agit;
2940 2232 3129 2287 eadem
3172 2234 3316 2288 enim
3349 2232 3559 2286 ratione
3591 2246 3689 2285 ac-

2118 2334 2230 2379 tum
2273 2325 2377 2380 erit
2422 2324 2490 2379 de
2536 2324 2817 2380 authentia
2864 2336 2917 2379 et
2957 2324 3062 2379 fide
3108 2340 3317 2391 eorum,
3360 2324 3517 2395 quia
3559 2324 3689 2379 Cle-

2116 2425 2296 2470 mente
2325 2415 2691 2470 Alexandrino
2743 2430 2972 2485 usquam
3016 2416 3276 2480 citantur,
3327 2414 3682 2484 scriptorum.

2116 2507 2289 2563 Nemo
2342 2508 2485 2563 enim
2531 2506 2753 2561 Patrum
2800 2508 3008 2576 majore
3056 2508 3273 2560 licentia
3316 2514 3400 2561 est
3444 2520 3580 2563 usus
3629 2508 3690 2563 in

2116 2600 2353 2656 citandis
2383 2599 2721 2663 auctoribus,
2745 2600 2859 2653 sive
2890 2600 3085 2661 sacris,
3112 2601 3225 2654 sive
3248 2598 3484 2653 ethnicis
3510 2614 3523 2649 :
3557 2614 3688 2654 cum

2114 2692 2165 2748 ei
2196 2692 2251 2746 in
2282 2706 2434 2747 more
2462 2690 2554 2755 sit,
2580 2705 2688 2744 non
2715 2691 2923 2760 integra
2951 2697 3236 2745 auctorum
3275 2690 3440 2745 verba
3463 2705 3687 2759 semper

2115 2783 2379 2846 recitare,
2422 2783 2518 2837 sed
2567 2796 2667 2851 pro
2716 2781 2947 2836 arbitrio
2995 2796 3097 2836 suo
3138 2794 3284 2834 nunc
3336 2780 3687 2846 contrahere,

2116 2889 2262 2928 nunc
2298 2874 2366 2929 de
2412 2887 2513 2928 suo
2558 2873 2831 2939 inserere,
2876 2872 2982 2925 alia
3034 2871 3318 2935 omittere,
3366 2871 3472 2925 alia
3515 2871 3690 2928 variis

2116 2965 2297 3020 modis
2332 2972 2567 3017 mutare.
2592 2982 2611 3015 ι
3276 2972 3290 2983 ‘

2193 3074 2213 3107 ‹
2258 3053 2315 3109 Si
2345 3054 2412 3108 ad
2444 3054 2559 3109 haec
2596 3053 2785 3110 sedulo
2829 3050 3099 3115 attendas,
3142 3066 3427 3123 agnosces,
3460 3052 3547 3122 pie
3587 3050 3692 3108 Le-

442 3155 677 3214 posteros
727 3156 995 3212 manaret,
1034 3156 1125 3199 aut
1166 3148 1353 3201 saltem
1398 3148 1528 3201 nihil
1578 3148 1642 3202 ab
1697 3151 1850 3204 initio
1909 3150 2012 3205 Ec-
2047 3142 2082 3148 “
2113 3156 2267 3213 ctor,
2314 3160 2562 3209 mecum,
2609 3160 2673 3199 ex
2718 3143 3091 3199 Alexandrino
3137 3158 3247 3196 non
3302 3142 3689 3213 interpolatam

443 3237 617 3291 clesia:
657 3252 818 3307 usque
864 3238 920 3291 in
965 3237 1101 3292 hunc
1144 3238 1281 3293 diem
1321 3250 1629 3309 superesset,
1675 3240 1738 3295 de
1767 3258 1869 3312 quo
1909 3260 2011 3296 non

442 3328 811 3393 dubitaretur;
857 3339 950 3383 aut
1004 3330 1141 3399 quod
1188 3347 1280 3400 per
1330 3334 1498 3387 tineas
1551 3333 1876 3405 blattasque,
1920 3345 2013 3389 aut

444 3419 610 3473 alium
650 3423 880 3490 quemvis
918 3422 1015 3477 Dei
1040 3426 1332 3478 exercitum
1367 3427 1669 3479 mutilatum
1700 3444 1803 3481 non
1840 3440 2011 3482 esset:

443 3520 502 3563 ut
530 3510 630 3565 soli
649 3510 942 3580 Scriptura:
976 3522 1120 3567 tanto
1148 3514 1434 3570 evidentius
1471 3532 1570 3569 sua
1610 3526 1873 3572 constaret
1914 3535 2012 3572 au-

444 3601 686 3664 ctoritas,
720 3602 900 3671 illique
922 3603 1023 3656 soli
1051 3612 1186 3657 esset
1213 3605 1429 3673 propria
1458 3605 1933 3674 incorruptibilitas
1961 3616 2011 3661 et

445 3693 738 3746 wternitas.
772 3691 972 3747 Verum
1001 3694 1115 3756 alii,
1141 3695 1381 3749 melioris
1404 3694 1458 3749 in
1489 3696 1573 3752 his
1601 3697 1765 3752 rebus
1793 3699 2006 3767 judicii,

446 3783 650 3839 talibus
673 3785 877 3839 directe
913 3785 1375 3849 contradicentes,
1418 3786 1685 3842 mirantur
1717 3791 1922 3858 potius,
1947 3805 2012 3843 ac

448 3873 642 3926 merito
689 3872 1051 3939 deprzedicant
1101 3872 1303 3941 (judice
1352 3873 1471 3927 viro
1521 3874 1828 3929 clarissimo
1872 3875 2010 3930 Gra-

448 3963 539 4018 bio
582 3964 715 4034 (55),
750 3965 1077 4035 singularem
1108 3964 1348 4018 divinam
1383 3963 1804 4031 Providentiam,
1843 3986 1861 4019 ‹
1892 3983 2011 4038 quae

448 4056 681 4119 curavit,
705 4064 765 4109 ut
792 4071 823 4109 a
853 4064 1167 4111 sanctorum
1200 4056 1571 4125 apostolorum
1603 4057 1907 4129 discipulis,
1931 4061 2013 4114 vi-

446 4146 634 4215 risque
659 4146 992 4216 apostolicis.
1015 4154 1069 4201 et
1097 4146 1466 4214 apostolorum
1494 4148 1694 4200 saeculo
1722 4149 2007 4217 proximis,

447 4238 607 4307 plura
643 4238 1038 4302 scriberentur,
1064 4252 1363 4306 eorumque
1392 4237 1573 4307 aliqua
1613 4247 1801 4294 sancte
1830 4255 2011 4295 asser-

445 4336 571 4384 vata
597 4330 665 4384 ab
698 4329 850 4383 initio
877 4328 1135 4383 Ecclesiae
1166 4328 1222 4382 in
1264 4327 1412 4382 hunc
1441 4344 1614 4399 usque
1638 4330 1781 4384 diem
1818 4347 2011 4400 super-

2112 3234 2303 3300 fuisse,
2331 3235 2494 3291 toties
2533 3234 2599 3289 ab
2634 3234 2876 3290 Ecclesia
2914 3234 3169 3303 primaeva
3200 3233 3527 3287 celebratam
3562 3234 3688 3288 lau-

2112 3328 2293 3390 dibus,
2326 3325 2435 3380 imo
2464 3334 2518 3379 et
2547 3339 2670 3379 cum
2704 3325 2879 3380 sacris
2911 3322 3210 3392 Scripturis
3240 3324 3457 3393 publice
3484 3324 3685 3378 lectam

2112 3417 2269 3473 Rom.
2310 3416 2609 3472 Clementis
2656 3416 3010 3487 epistolam.»
3067 3413 3192 3469 Haec
3239 3413 3534 3469 Wottonus
3590 3414 3685 3468 cui

2110 3520 2288 3565 tamen
2307 3508 2845 3579 praeiveratJoannes
2877 3506 3131 3562 Potterus
3150 3507 3233 3559 vir
3254 3506 3323 3562 cl.
3351 3507 3406 3560 in
3435 3507 3689 3562 animad-

2108 3601 2452 3657 versionibus
2468 3601 2533 3655 ad
2548 3598 3173 3655 ClementemAlexandr.
3192 3598 3304 3669 (56)
3326 3598 3415 3652 ubi
3439 3613 3691 3652 summa-

2110 3695 2207 3749 tim
2220 3692 2563 3763 quidem,sed
2578 3692 2777 3745 acriter
2791 3690 3051 3744 Bernardi
3068 3705 3169 3744 con
3170 3690 3499 3759 jectationes
3510 3688 3682 3743 elisit.

2178 3786 2418 3855 Longius
2456 3785 2634 3839 adhuc
2678 3797 3003 3853 progressus
3047 3789 3132 3838 est
3174 3780 3414 3836 Joannes
3458 3780 3685 3835 Moshe-

2109 3878 2253 3934 mius
2281 3877 2391 3949 (57)
2421 3876 2511 3946 qui
2545 3875 2839 3931 Clementis
2881 3874 3168 3944 epistolam
3207 3875 3439 3944 primam
3480 3881 3685 3942 quarta

2109 3969 2194 4025 sui
2239 3976 2387 4038 parte
2419 3965 2786 4021 mulctandam
2819 3974 3028 4029 censet,
3065 3982 3096 4018 a
3126 3965 3313 4035 capite
3350 3964 3610 4019 nimirum
3647 3965 3685 4019 9

2109 4060 2177 4115 ad
2204 4060 2300 4126 55;
2333 4057 2431 4114 sed
2469 4073 2538 4113 ne
2566 4058 2752 4127 priora
2796 4056 3016 4127 quidem
3054 4056 3241 4110 decem
3284 4056 3466 4125 capita
3494 4071 3561 4111 eo
3581 4056 3682 4125 ju-

2108 4151 2229 4205 dice
2255 4150 2323 4202 ab
2366 4149 2785 4218 interpolatione
2832 4156 2962 4202 sunt
3001 4160 3230 4215 prorsus
3277 4146 3562 4200 immunia.
3608 4145 3684 4199 At

2108 4220 2292 4294 inania
2323 4255 2467 4300 esse,
2492 4254 2555 4292 ac
2586 4238 2767 4291 futilia
2802 4236 3083 4291 Moshemii
3112 4242 3431 4306 argumenta
3459 4235 3515 4288 in
3544 4249 3684 4287 ocu-

2110 4332 2179 4385 lis
2210 4331 2390 4399 posuit
2416 4328 2656 4383 Joannes
2705 4328 3011 4382 Ludovicus
3043 4326 3181 4397 Frcy
3217 4326 3352 4397 (58).
3398 4324 3681 4396 Siquidem

444 4427 660 4484 essent,
708 4435 810 4475 nec
854 4435 883 4473 a
932 4420 1119 4475 blattis
1174 4420 1472 4492 tineisque,
1517 4422 1691 4475 aliove
1737 4420 2007 4489 ejusmodi
2040 4427 2083 4480 Ι)
2113 4423 2312 4477 invicte
2340 4422 2424 4475 vir
2450 4419 2698 4475 eruditus
2732 4419 2956 4484 evincit,
2981 4434 3106 4472 cum
3135 4433 3201 4472 ex
3234 4418 3564 4487 antiquitate
3588 4432 3686 4470 co-

444 4509 708 4574 cxercitu,
744 4508 837 4564 sed
876 4509 1114 4564 strenuis
1140 4509 1195 4563 in
1219 4510 1466 4564 ordinata
1497 4509 1589 4565 Dei
1617 4511 1732 4565 acie
1759 4511 2009 4579 prostatis

444 4600 531 4656 vel
569 4600 858 4668 parastatis
906 4600 1220 4662 ederentur,
1274 4601 1449 4671 deque
1497 4602 1565 4655 iis
1611 4602 1795 4657 nullus
1852 4601 2012 4656 dubi-

445 4690 599 4745 tandi
641 4692 794 4745 locus
836 4692 1059 4747 relictus
1089 4700 1264 4759 esset;
1313 4702 1371 4746 ut
1409 4692 1669 4748 nimirum
1719 4692 2013 4762 Scriptum

446 4789 602 4835 tanto
640 4781 945 4836 evidentius
995 4798 1094 4837 sua
1130 4790 1409 4837 constaret
1448 4784 1768 4845 auctoritas,
1810 4798 1874 4836 ac
1918 4797 2012 4835 ca-

448 4874 648 4927 nonica
678 4872 991 4942 Evangelia,
1023 4873 1239 4943 aliaque
1284 4874 1491 4944 scripta
1527 4880 1840 4928 sanctorum
1884 4889 2014 4946 apo-

448 4967 713 5024 stolorum
736 4975 789 5021 et
811 4966 1203 5033 discipulorum
1237 4982 1269 5020 a
1302 4965 1480 5028 falsis,
1503 4981 1626 5035 quae
1662 4966 1879 5021 illorum
1912 4983 2013 5022 no-

451 5058 693 5113 minibus
723 5057 1006 5127 supposita
1047 5063 1203 5123 sunt,
1245 5056 1709 5122 discernerentur,
1751 5057 1827 5128 (id
1867 5058 2011 5127 quod

450 5150 658 5220 absque
680 5147 1073 5203 catholicorum
1104 5145 1327 5201 Patrum
1354 5148 1667 5213 traditione,
1699 5148 2011 5219 apostolica:

523 5322 636 5391 (52)
674 5321 866 5393 Part._t
924 5319 1177 5393 Selegtar.
1228 5321 1513 5390 disputat.,
1545 5337 1666 5393 pag.
1693 5323 1815 5378 103.

447 5460 637 5593 ἳὺἶὲω
665 5533 721 5587 In
746 5531 893 5586 notis
915 5530 1045 5589 edit.
1077 5529 1181 5585 PP.
1215 5530 1497 5601 apostolic.
1516 5531 1871 5589 Cotelerianm
1883 5533 2011 5587 Am-

457 5600 763 5663 suelodam.,
796 5602 924 5655 anni
949 5601 1104 5655 1724.

529 5669 639 5733 (55)
679 5667 735 5723 In
772 5672 915 5727 notis
955 5670 1021 5725 ad
1052 5671 1222 5727 Clem.
1251 5668 1421 5740 Epist.
1453 5672 1504 5739 l,
1536 5687 1655 5742 cap.
1682 5672 1735 5739 9,
1766 5689 1886 5743 pag.
1915 5673 2002 5728 ιθ.

486 5388 637 5515 ϐἓὸὄ)
686 5390 929 5461 Spicileg.
984 5389 1085 5445 SS.
1122 5388 1384 5457 Patrum,
1437 5388 1567 5447 tom'.
1608 5388 1661 5458 1',
1706 5409 1830 5465 pag.
1878 5393 2044 5460 260,.

2111 4512 2249 4567 dicis
2288 4510 2677 4573 Alexandrini,
2713 4517 2827 4563 tum
2857 4524 2927 4563 ex
2967 4516 3214 4563 veterum
3259 4505 3481 4562 Patrum
3525 4506 3685 4561 testi-

2112 4603 2342 4666 moniis,
2386 4616 2488 4655 nos
2546 4599 2792 4655 eamdem
2843 4600 3067 4654 omnino
3117 4599 3404 4668 epistolam
3456 4596 3681 4663 habere,

2110 4708 2274 4763 quam
2302 4693 2491 4747 habuit
2523 4699 2736 4746 vetusta
2783 4690 3050 4754 Ecclesia,
3093 4704 3255 4759 quam
3287 4687 3578 4743 audierunt
3624 4689 3683 4742 in

2112 4786 2285 4838 sacris
2307 4784 2537 4839 coetibus
2566 4783 2807 4852 primaevi
2837 4782 3159 4844 Christiani,
3188 4783 3318 4834 dum
3351 4779 3532 4833 adhuc
3557 4779 3682 4847 ejus

2111 4874 2361 4928 lectionis
2409 4890 2542 4929 usus
2586 4874 2821 4942 vigeret;
2874 4888 3035 4941 quam
3084 4873 3330 4941 legerunt
3382 4869 3681 4939 Dionysius

2110 4964 2449 5027 Corinthius,
2480 4964 2731 5019 Clemens
2764 4962 3187 5025 Alexandrinus,
3226 4961 3464 5032 Cyrillus
3492 4961 3684 5015 Hiero-

2112 5056 2493 5127 solymitanus,
2526 5053 2921 5124 Hieronymus,
2955 5052 3281 5122 caeterique;
3321 5066 3485 5121 quam
3524 5050 3685 5105 deni-

2112 5161 2218 5217 que
2254 5144 2611 5216 Polycarpum
2655 5141 3041 5213 Smyrnensem
3084 5143 3405 5212 episcopum
3447 5150 3503 5196 et
3533 5155 3683 5194 mar-

2185 5321 2298 5392 (56)
2334 5319 2533 5392 Potter.
2568 5318 2632 5372 ad
2678 5317 2849 5392 Clem.
2889 5315 3155 5371 Alexand.
3210 5314 3410 5370 Strom.
3445 5312 3483 5369 ι.
3512 5329 3589 5378 tv,
3620 5329 3677 5372 c.

2115 5389 2203 5454 18,
2234 5407 2356 5459 pag.
2384 5391 2510 5451 610,
2540 5389 2742 5459 nota}.

2185 5454 2490 5531 (5'7)‘Instit.
2508 5458 2631 5513 hist.
2651 5458 2847 5515 Christ.
2866 5459 3093 5529 majores
3108 5471 3231 5510 swc.
3248 5470 3287 5517 ι,
3304 5468 3358 5524 p.
3373 5454 3482 5508 212
3503 5471 3683 5527 usque

2111 5533 2296 5667 c2.13.58)
2335 5598 2549 5655 Pratfat.
2594 5596 2660 5651 ad
2704 5594 2865 5664 epist.
2912 5590 3013 5649 SS.
3048 5591 3153 5649 PP.
3210 5593 3677 5664 apostolic.,cirr.a

2115 5672 2369 5726 medium.
