3936 6172
240 322 341 375 129

1480 322 1820 379 ΡΒΟΈΜΙΑ
1859 321 2246 382 VARIORUM.

3394 332 3496 387 150

235 448 414 510 tyrem
442 452 612 491 manu
642 454 926 506 versasse;
965 440 1097 511 quin
1126 448 1179 497 et
1208 441 1472 495 nonnulla
1501 458 1569 497 ex
1610 460 1671 499 ea
1700 460 1817 500 ver-
1844 447 1889 503 Α
1919 441 1992 497 sti
2028 442 2213 505 verba,
2237 457 2358 512 quae
2393 444 2447 497 in
2481 441 2774 513 Evangelio
2800 459 2910 499 non
2935 446 3204 516 leguntur,
3231 443 3491 514 proferre,

235 529 473 585 botenus
512 541 770 601 excerpta
802 532 859 585 in
889 546 1046 587 suam
1077 532 1145 587 ad
1189 530 1572 603 Philippenses
1603 534 1820 606 Episto-

232 619 345 675 lam
398 620 776 685 transtulisse,
821 620 1054 676 suadent
1098 622 1221 677 loca
1268 639 1335 677 ex
1379 623 1720 679 Clementina
1765 633 1820 679 et

232 709 635 783 Polycarpiana
680 712 911 782 epistola
955 714 1265 784 desumpta,
1311 715 1364 769 in
1412 716 1649 771 medium
1692 733 1821 786 pro-

233 802 367 866 lata,
419 810 586 874 atque
636 804 869 859 invicem
910 806 1108 859 collata
1157 806 1291 877 (59).
1340 805 1493 861 Hanc
1539 824 1702 862 unam
1747 810 1820 864 ob

232 909 487 957 causam,
534 894 820 959 Bernardi,
862 896 1061 951 Clerici
1107 912 1172 951 ac
1204 896 1509 963 Moshemii,
1542 900 1821 968 conjecta-

232 986 415 1043 tiones
442 988 510 1043 de
537 988 704 1058 hujus
745 989 961 1045 laciniis
1004 1004 1071 1044 ex
1112 988 1391 1044 Clemente
1432 990 1801 1047 Alexandrino

232 1079 543 1149 desumptis
568 1082 792 1136 omnino
814 1088 1146 1137 evanescant
1175 1089 1409 1152 oportet.

304 1171 497 1244 Neque
526 1175 621 1229 alii
652 1173 898 1244 profecto
925 1173 1143 1238 desunt,
1175 1173 1269 1244 qui
1307 1174 1551 1241 ejusdem
1577 1175 1820 1246 epistolae

232 1262 610 1319 sinceritatem
659 1264 713 1318 in
754 1262 981 1318 dubium
1021 1270 1301 1329 revocant,
1364 1264 1509 1333 quod
1558 1265 1817 1319 nimirum

232 1353 504 1409 nonnulla
534 1351 780 1408 fabulosa
815 1368 927 1423 prae
952 1367 1012 1407 se
1039 1355 1207 1419 lerat;
1260 1353 1406 1423 quod
1444 1354 1624 1425 aliqua
1651 1355 1706 1408 in
1755 1372 1818 1409 ea

230 1444 621 1499 desiderentur
661 1458 691 1497 a
732 1445 962 1499 vetustis
988 1441 1245 1499 Patribus
1268 1445 1531 1515 allegata,
1569 1453 1676 1501 etc.
1712 1444 1819 1501 Sed

230 1536 337 1590 bos
368 1535 708 1591 morosiores
738 1536 962 1591 criticos
994 1537 1195 1592 missos
1224 1536 1491 1593 facimus:
1524 1545 1639 1591 tum
1673 1539 1819 1608 quod

230 1642 431 1682 eorum
477 1626 814 1696 objectiones
854 1626 998 1681 ﬂuxo
1024 1628 1159 1682 adeo
1189 1629 1297 1683 talo
1324 1628 1590 1695 nitantur,
1637 1637 1695 1683 ut
1726 1646 1818 1700 pc-

229 1717 357 1773 dem
397 1733 527 1772 cum
563 1718 794 1788 singulis
822 1718 1073 1773 conferre
1104 1718 1248 1773 haud
1280 1719 1552 1788 expediat,
1585 1727 1700 1773 tum
1734 1721 1819 1773 in-

228 1809 456 1880 primis,
489 1808 636 1880 quod
670 1824 699 1863 a
724 1810 999 1880 plerisque
1029 1810 1162 1865 viris
1198 1810 1430 1865 eruditis
1458 1826 1546 1866 res
1599 1812 1816 1867 abunde
1852 1808 1871 1833 "

230 1902 369 1957 satis
411 1899 581 1956 fuerit
609 1909 967 1972 pertractata.
1009 1900 1251 1957 Firmum
1297 1903 1483 1972 igitur,
1530 1912 1817 1974 ratumque

229 1994 312 2058 ﬁt,
335 2009 658 2066 germanam
698 1995 921 2050 omnino
953 1995 1188 2065 priorem
1216 2011 1338 2050 esse
1367 1994 1664 2052 Clementis
1704 1998 1818 2066 epi-

229 2087 470 2142 stolam:
510 2086 776 2157 quidquid
805 2086 951 2141 enim
982 2087 1037 2140 in
1068 2101 1131 2141 ea
1179 2087 1511 2152 continetur,
1569 2095 1816 2159 tempora

230 2180 395 2249 plane
426 2179 727 2249 apostolica
753 2177 954 2243 refert;
998 2193 1176 2248 neque
1203 2178 1374 2233 ullum
1398 2193 1465 2234 ex
1494 2179 1639 2233 omni
1668 2187 1817 2235 retro

230 2270 562 2340 antiquitate
610 2269 883 2340 quispiam
937 2276 1132 2324 testem
1186 2270 1534 2340 produxerit,
1571 2273 1664 2341 qui
1719 2272 1817 2327 ho-

230 2361 412 2417 mines
448 2361 704 2417 cordatos
730 2360 797 2417 de
824 2360 968 2417 illius
996 2361 1311 2417 sinceritate
1330 2361 1526 2417 merito
1552 2364 1817 2434 ancipites

231 2453 465 2509 reddere
488 2452 689 2508 valeat.

776 2542 1177 2600 ARTICULUS
1214 2543 1286 2604 ll.

477 2648 545 2689 DE
569 2648 802 2690 SECUNDA
835 2649 902 2687 AD
934 2646 1257 2689 COBINTBIOS
1292 2649 1573 2690 EPISTOLA.

307 2724 679 2781 Dubitationes
721 2736 949 2781 veterum
989 2725 1053 2779 de
1092 2726 1264 2781 altera
1314 2728 1488 2782 sancti
1532 2726 1815 2784 Clementis

229 2817 482 2887 epistola.
523 2850 594 2858 —
620 2816 830 2873 Praeter
858 2818 1033 2875 sancti
1062 2816 1357 2875 Clementis
1402 2819 1470 2874 ad
1503 2819 1816 2879 Corinthios

232 2909 547 2978 epistolam,
596 2908 664 2964 de
696 2924 803 2978 qua
836 2909 1104 2965 hactenus
1143 2908 1377 2979 egimus,
1422 2910 1593 2967 altera
1638 2912 1815 2968 eidem

233 3002 305 3055 ab
353 3000 580 3056 Eusebii
610 3000 725 3072 (60)
750 3009 907 3057 aetate
935 3000 1217 3067 tribuitur,
1266 3017 1386 3071 qua:
1416 3000 1617 3068 tamen,
1648 3012 1708 3058 ut
1732 3013 1816 3061 est

238 3093 309 3148 ab
329 3108 396 3149 eo
420 3092 769 3154 adnotatum,
790 3092 925 3147 adeo
945 3093 1175 3148 celebris
1198 3103 1257 3147 ut
1272 3093 1421 3163 prior
1438 3110 1544 3147 non
1570 3103 1815 3159 erat,ne-
1843 3130 1864 3184 (

234 3200 345 3254 que
364 3200 395 3238 a
411 3184 689 3239 veteribus
709 3185 1063 3241 recitabatur.
1080 3183 1193 3240 lmo
1210 3193 1433 3241 sanctus
1450 3185 1815 3259 Hieronymus

235 3283 454 3330 veteres
482 3289 602 3329 eam
624 3273 879 3344 rejecisse
909 3274 1075 3330 refert
1103 3274 1249 3348 (6|);
1290 3274 1520 3331 Photius
1549 3275 1660 3348 (62)
1686 3294 1816 3333 vero

234 3376 396 3423 astate
426 3381 527 3422 sua
554 3381 655 3437 pro
696 3366 1049 3437 supposititia
1080 3368 1321 3423 habitam
1364 3367 1535 3424 fuisse
1560 3376 1811 3426 testatur.

311 3459 576 3527 Queritur
616 3459 706 3514 hic
750 3470 1013 3529 prazterca
1056 3459 1167 3531 (65)
1213 3461 1447 3516 humiles
1495 3464 1813 3527 sententias,

238 3568 421 3623 neque
448 3553 582 3608 satis
599 3559 722 3622 apte
753 3552 987 3607 invicem
1015 3567 1182 3608 nexas
1212 3553 1266 3607 in
1292 3568 1357 3608 ea
1388 3562 1626 3619 exstare,
1656 3564 1818 3624 atque

238 3647 535 3702 alieniores
563 3645 1040 3715 interpretationes
1074 3643 1390 3716 Scripturae,
1421 3654 1474 3702 et
1499 3644 1627 3702 Jesu
1656 3646 1816 3702 Chri-

311 3802 430 3874 (59)
468 3800 673 3857 Confer
713 3808 877 3874 caput
922 3800 960 3874 14
1000 3798 1243 3874 epistolae
1292 3797 1683 3874 S._Cle_m.__ad
1710 3801 1817 3855 Co-

236 3868 580 3944 rintbg‘cum
626 3868 842 3944 (ξιιμ-’4
878 3872 1041 3944 epist:
1093 3868 1403 3944 Polycarpig
1428 3869 1497 3923 ad
1546 3868 1816 3944 Philipp.;

233 3953 363 4008 cap.
399 3938 580 4013 5cum
612 3938 733 4013 cap.
759 3938 821 4003 9;
852 3938 973 4007 cap.
1008 3938 1339 4013 7_cum‘cap.
1374 3942 1439 4006 7;
1471 3958 1592 4013 cap.
1636 3944 1669 3998 9
1693 3938 1829 3999 cum

234 4007 440 4084 c391}
460 4023 618 4084 ;_cap.
642 4009 721 4084 _13
744 4025 869 4062 cum
900 4024 1022 4078 cap.
1045 4010 1080 4063 2
1104 4027 1118 4074 ;
1151 4007 1365 4084 (ξερί2ί
1398 4007 1678 4084 cum-cap.
1704 4016 1757 4068 4.

332 4077 425 4146 60)
458 4076 766 4154 Sciendum
788 4076 983 4154 autem
1010 4090 1084 4133 est
1113 4076 1354 4154 alterum
1407 4076 1641 4154 quoque'
1661 4087 1833 4140 sancti

241 4150 531 4206 Clementis
580 4148 856 4217 epistolam
901 4148 1266 4216 circumferri;
1310 4148 1485 4201 verum
1523 4148 1666 4202 "hanc
1715 4168 1818 4205 non

239 4220 464 4290 perinde
504 4221 765 4288 cognitam
794 4219 976 4287 fuisse,
1009 4236 1070 4271 ac
1096 4220 1342 4287 primam,
1371 4234 1466 4286 pro
1491 4228 1631 4273 certo
1661 4219 1818 4273 habe-

240 4289 398 4353 mus;
423 4289 1667 4360 quandoquidem_vetu_stiores_ilta_nequaquam
1696 4308 1818 4345 usos

238 4378 357 4415 esse
405 4358 775 4484 ﬁngrimus.
827 4358 1118 4425 Eusebius,
1170 4358 1246 4414 Η.
1294 4358 1361 4414 Ε.
1412 4358 1449 4415 l.
1502 4376 1587 4424 Ill,
1644 4375 1695 4416 c.
1727 4361 1816 4425 58,

242 4446 370 4484 nae.
520 4472 533 4484 .

449 4478 668 4571 fertur
686 4498 987 4571 etsecunda
1007 4499 1119 4568 ejus
1149 4498 1357 4571 nomine
1404 4499 1648 4571 epistola,
1699 4517 1817 4570 qua:
1851 4478 1892 4532 θ

241 4589 277 4625 a
300 4568 559 4626 ueteribus
581 4568 910 4642 reprobatur.
941 4568 1187 4642 _Hiero_n.,
1219 4569 1273 4642 in
1305 4568 1581 4642 Catalog.,
1611 4585 1663 4642 c._
1692 4568 1778 4625 l5.

320 4642 439 4712 (62)
475 4642 607 4712 Qua:
635 4639 861 4712 secunda
884 4640 952 4693 ad
987 4640 1194 4694 eosdem
1218 4638 1433 4703 dicitur,
1460 4638 1524 4707 ut'
1550 4640 1711 4693 notha
1736 4657 1820 4695 re-

234 4709 450 4781 ficitur.
480 4710 639 4765 Phot.
666 4709 789 4764 cod.
810 4724 961 4765 CXIII.

316 4783 435 4853 (65)
473 4781 715 4853 Secunda
749 4796 895 4853 vero“
915 4779 1140 4853 epistola
1174 4790 1225 4853 et
1258 4780 1378 4853 ipsa
1433 4779 1819 4853 institutionem

241 4870 309 4906 ac
326 4849 755 4931 admonitionem
776 4849 1007 4904 melioris
1038 4850 1155 4931 uita:
1177 4850 1397 4931 inducit,
1421 4858 1573 4931 atque
1596 4849 1649 4901 in
1675 4849 1818 4917 prin-

242 4924 383 4993 cipio
411 4922 681 4977 Christum
709 4920 877 4973 Deum
922 4919 1196 4989 prtedicat.
1253 4919 1439 4973 Verum
1481 4916 1624 4971 dicta
1671 4916 1818 4989 qure-

242 4993 371 5045 dam
396 4992 693 5061 peregrina,
734 4989 873 5044 velut
907 5006 934 5044 e
969 5000 1155 5044 sancta
1186 4989 1463 5057 Scriptura
1495 4988 1816 5061 subinducit,

242 5059 436 5134 quibus
459 5059 709 5129 ne'prima
732 5061 941 5129 quidem
968 5061 1199 5134 epistola
1223 5068 1394 5134 vacat,
1427 5068 1477 5111 et
1506 5059 1822 5134 interpreta-

243 5129 416 5187 tiones
450 5135 682 5187 locorum
719 5130 1067 5200 quorumdam
1107 5132 1385 5185 alieniores
1416 5129 1652 5197 profert:
1685 5131 1820 5182 alio-

241 5206 379 5275 quin
428 5203 568 5275 ipsa,
613 5217 731 5271 qut:
762 5204 817 5254 in
856 5202 936 5254 Itis
965 5202 1197 5275 epistolis
1232 5202 1445 5275 insunt,
1496 5216 1651 5253 sensa
1688 5216 1820 5251 non-

243 5272 380 5327 nihil
410 5274 614 5341 objecta
643 5283 794 5335 sunt,
828 5287 920 5325 nec
962 5273 1307 5341 continentem
1342 5272 1548 5334 seriem,
1594 5284 1656 5322 ac
1690 5285 1808 5321 con-

242 5345 569 5414 sequentiam
600 5355 841 5414 servant.)
860 5342 995 5414 Cod.
1030 5342 1153 5406 126,
1182 5340 1429 5414 Photius.

319 5407 434 5481 (64)
462 5415 716 5468 Clemens
763 5413 922 5482 epist.
971 5412 1006 5465 2
1045 5414 1111 5465 ad
1166 5411 1529 5482 Corinth.,_n.
1558 5409 1616 5475 4,
1649 5407 1816 5475 5,12.

342 5484 436 5551 65)
466 5484 532 5539 Τ.
566 5483 582 5535 l
615 5483 730 5537 PP.
773 5480 1206 5550 apostolicorum,
1246 5496 1383 5551 pag.)
1405 5480 1525 5535 182.

340 5550 433 5622 66)
458 5552 685 5622 Epistol.
720 5552 871 5606 Rom.
923 5554 1134 5622 pontif.,
1168 5550 1291 5622 pag.
1324 5550 1413 5605 34.

317 5619 433 5747 (672
474 5619 539 5677 In
580 5623 834 5679 Biblioth.
868 5619 983 5678 PP.
1029 5619 1690 5697 nbuiﬁfGraaco-Latina,
1717 5620 1816 5687 t.l,

319 5710 371 5747 ιι.
434 5694 489 5747 4.
516 5697 813 5747 nroleaom.

245 5694 491 5765 pagsu,
516 5697 813 5765 prolegom.

315 5760 431 5836 (68)
459 5760 704 5835 Defensio
723 5763 848 5835 ﬁdei
889 5761 937 5815 Ν
945 5765 1119 5828 ica’n.,
1151 5778 1275 5836 pag.
1298 5760 1366 5818 49
1396 5770 1447 5819 et
1482 5763 1581 5818 50..

1919 550 2153 605 quorum
2183 534 2365 604 aliqua
2394 549 2458 587 ex
2491 535 2803 605 apocrypho
2840 532 3220 607 Egyptiorum
3252 533 3499 606 Evange-

1919 624 1994 681 lio
2016 627 2186 696 petita
2213 632 2341 682 sunt
2370 624 2505 696 (64).

1990 715 2089 773 His
2129 732 2261 773 vero
2292 716 2623 787 posthabitis
2675 716 3013 770 contendunt
3053 712 3500 790 Cotelerius(65),

1918 811 2245 867 Coutantius
2278 808 2412 879 (66),
2441 807 2761 863 Gallandins
2802 806 2942 878 (67),
2970 814 3023 862 et
3061 806 3251 861 Bullus
3279 805 3415 877 (68),
3443 814 3499 860 et

1920 905 2035 968 alii,
2076 902 2363 973 epistolam
2399 902 2539 955 hanc
2566 916 2753 954 revera
2803 900 2978 955 sancti
3020 899 3316 954 Clementis
3349 913 3492 953 esse.

1918 996 2206 1053 Cernimus
2227 993 2371 1049 enim
2401 1009 2518 1047 eam
2547 991 2658 1063 (69)
2685 1000 2959 1062 postremo
2998 992 3370 1061 apostolorum
3402 1004 3495 1043 ca-

1918 1101 2063 1140 none
2114 1098 2223 1139 non
2268 1083 2431 1139 modo
2475 1090 2665 1137 sancto
2709 1081 2974 1135 Clementi
3036 1080 3300 1134 tributam
3351 1094 3494 1142 esse,

1918 1192 2106 1231 verum
2148 1175 2311 1230 etiam
2348 1174 2548 1244 prioris
2575 1174 2747 1228 instar
2783 1174 2924 1226 inter
2954 1170 3270 1242 Scripturas
3307 1185 3496 1225 sacras

1919 1268 2214 1323 recenseri.
2272 1265 2509 1320 Sanctus
2551 1264 2887 1335 Epiphanius
2934 1264 3045 1335 (70)
3108 1280 3225 1319 eam
3279 1277 3497 1333 quoque

1920 1359 1978 1415 S.
2012 1357 2309 1413 Clementis
2340 1358 2558 1411 nomine
2594 1358 2809 1417 recitat,
2838 1356 2925 1409 cui
2948 1364 3000 1410 et
3029 1371 3058 1409 a
3082 1363 3273 1410 sancto
3306 1354 3497 1409 Hiero-

1920 1465 2083 1521 nymo
2135 1449 2246 1519 (7i)
2300 1454 2463 1518 atque
2512 1448 2675 1502 etiam
2739 1464 2767 1502 a
2809 1446 3005 1501 Photio
3064 1446 3175 1516 (72)
3212 1445 3491 1499 tribuitur.

1920 1542 2129 1609 Quibus
2171 1541 2249 1603 fit,
2306 1548 2385 1602 ut,
2426 1556 2549 1595 cum
2608 1555 2726 1594 eam
2781 1550 3038 1609 tanquam
3089 1538 3493 1608 supposititiam

1920 1636 2163 1690 habitam
2195 1634 2473 1693 dixerunt.
2505 1649 2614 1687 non
2638 1648 2703 1687 ex
2736 1648 2854 1694 sua,
2890 1631 2983 1686 sed
3017 1632 3245 1685 aliorum
3273 1638 3494 1685 senten—

1920 1731 1995 1784 tia
2023 1730 2188 1783 locuti
2227 1728 2449 1783 fuerint.
2480 1725 2747 1781 Eusebius
2781 1739 2910 1778 vero
2939 1722 3083 1777 inter
3105 1739 3220 1784 eos,
3252 1723 3346 1792 qui
3371 1724 3491 1793 epi-

1922 1821 2117 1876 stolam
2152 1819 2295 1873 hanc
2317 1824 2377 1872 ut
2400 1816 2804 1886 supposititiam
2837 1814 3131 1875 duxerunt,
3158 1813 3379 1867 minime
3409 1820 3494 1867 est

1920 1911 2314 1973 numerandus,
2355 1925 2479 1962 cum
2512 1908 2647 1962 nihil
2681 1907 2747 1961 de
2779 1920 2839 1960 ea
2872 1904 3209 1974 pronuntiet,
3242 1903 3346 1958 nisi
3380 1903 3492 1973 (75)

1918 2020 2038 2059 eam
2070 2020 2177 2059 non
2220 2001 2354 2056 adeo
2389 2008 2449 2055 ut
2474 2000 2711 2071 priorem
2744 1997 3034 2058 celebrem,
3060 2006 3220 2065 atque
3244 2010 3273 2049 a
3297 1995 3495 2051 veteri~

1917 2092 2021 2149 bus
2051 2102 2402 2148 memoratam
2434 2091 2623 2145 fuisse.
2656 2088 2711 2143 Id
2742 2096 2922 2141 autem
2956 2088 3153 2141 mirum
3185 2087 3357 2142 videri
3383 2101 3494 2142 non

1918 2187 2100 2251 debet,
2153 2201 2277 2239 cum
2320 2192 2526 2247 non,ut
2574 2179 3027 2252 prior,Romana¢
3069 2177 3346 2241 Ecclesiae,
3396 2176 3493 2235 sed

1920 2276 2197 2347 pontificis
2218 2282 2430 2329 tantum
2464 2273 2681 2326 nomine
2716 2271 2942 2341 scripta,
2986 2285 3161 2340 neque
3199 2269 3413 2339 publice
3437 2268 3490 2322 in

1917 2366 2163 2422 Ecclesia
2217 2365 2356 2419 lecta
2409 2362 2606 2416 fuerit:
2648 2360 2788 2414 unde
2838 2359 3065 2421 factum,
3116 2364 3174 2410 ut
3225 2356 3494 2425 conjectat

1917 2457 2108 2513 Bullus
2138 2456 2249 2529 (74)
2285 2463 2347 2510 ut
2374 2453 2519 2525 quod
2549 2452 2832 2523 paulatim,
2869 2452 3026 2519 quasi
3070 2446 3369 2503 Clementis
3399 2462 3492 2503 re-

1916 2564 2045 2604 vera
2077 2563 2184 2602 non
2213 2552 2379 2611 esset,
2410 2541 2682 2614 neglectui
2716 2542 2897 2595 habita
2922 2540 3116 2607 fuerit;
3144 2554 3304 2610 quam
3328 2540 3491 2594 etiam

1915 2641 1988 2696 ob
2033 2654 2257 2694 causam
2294 2638 2412 2691 alia:
2434 2634 2731 2690 Clementis
2779 2633 3024 2704 epistolae
3072 2632 3218 2701 (nam
3261 2639 3315 2687 ct
3355 2631 3493 2685 alias

1917 2729 2207 2800 scripsisse
2239 2726 2414 2781 virum
2443 2732 2694 2781 sanctum
2724 2722 2859 2776 mihi
2892 2722 3175 2775 indubium
3204 2720 3307 2791 εει)
3336 2735 3494 2790 pror-

1918 2836 2015 2876 sus
2053 2818 2471 2874 interciderunt.
2515 2814 2783 2871 Caeternm
2815 2814 2871 2868 in
2914 2812 3127 2883 exiguis
3168 2812 3278 2867 illis
3328 2811 3492 2880 hujus

1915 2912 2159 2983 epistolae
2185 2908 2431 2979 reliquiis
2470 2907 2641 2960 multa
2678 2920 2800 2960 cum
2836 2904 3019 2973 priore
3054 2902 3354 2958 similitudo
3377 2904 3494 2957 clu-

1918 3014 2041 3058 cet:
2073 3001 2215 3057 idem
2266 3015 2483 3071 quoque
2516 2996 2806 3054 vetustatis
2838 2997 3010 3058 color,
3045 2995 3243 3050 eaedem
3274 2994 3491 3049 dicendi

1923 3095 2110 3150 forma:
2130 3101 2185 3148 et
2210 3094 2394 3163 plures
2411 3092 2513 3146 loci
2538 3091 2649 3162 (75)
2668 3107 2732 3145 ex
2752 3087 3079 3160 apocryphis
3111 3087 3265 3143 libris
3291 3087 3490 3158 prolati

1869 3164 1887 3184 ³
1920 3186 1974 3241 in
2005 3194 2237 3255 utraque
2267 3190 2604 3254 spectantur.

1988 3277 2277 3333 Corinthiis
2298 3276 2554 3343 inscripta
2581 3270 3080 3343 fuit—Eusebius,
3101 3267 3167 3322 ad
3197 3283 3335 3339 quos
3363 3267 3490 3321 data

1917 3370 1988 3425 sit
2001 3368 2113 3422 haec
2124 3367 2374 3438 epistola,
2391 3381 2500 3420 non
2522 3371 2935 3427 commemorat;
2956 3360 3183 3415 Photius
3197 3372 3321 3414 vero
3338 3374 3490 3429 aper-

1919 3472 1973 3518 te
2008 3462 2083 3515 ait
2116 3460 2251 3532 (76),
2289 3474 2407 3514 eam
2426 3458 2493 3513 ad
2517 3456 2828 3513 Corinthios
2846 3455 3025 3509 datam
3048 3452 3237 3515 fuisse,
3258 3452 3400 3520 quod
3422 3466 3489 3504 ex

1920 3554 2181 3609 Dorothei
2221 3549 2675 3606 Archimandritaa
2708 3546 2929 3602 Niconis
2952 3542 3204 3599 monachi
3233 3551 3395 3611 atque
3421 3558 3486 3596 ex

1916 3645 2307 3701 Parallelorum
2352 3643 2591 3699 auctoris
2625 3639 2936 3696 testimonio
2964 3638 3075 3710 (77)
3129 3639 3272 3691 inter
3315 3637 3489 3692 sancti

1990 3798 2104 3867 (69)
2138 3797 2255 3853 Sint
2297 3805 2471 3851 autem
2518 3793 2661 3867 nobis
2690 3794 2814 3867 libri
2838 3791 3170 3867 uenerabiles
3195 3799 3267 3867 _et
3318 3794 3491 3846 sanrti

1928 3862 2125 3947 Veteris
2160 3868 2479 3947 Testamentui
2515 3866 2723 3947 ﬁloysis
2757 3865 3045 3947 quinque...
3083 3862 3205 3947 libri
3234 3878 3350 3915 vero
3391 3880 3490 3916 no-

1918 3942 2040 4005 stri,
2088 3940 2183 3992 hoc
2210 3948 2286 3991 est
2332 3936 2466 3990 Novi
2515 3933 2831 3989 Testamenti
2864 3933 3150 4003 Evangelia
3195 3944 3489 4002 quatuor...

1919 4008 2200 4066 Clementis
2224 4008 2460 4074 epistola:
2488 4006 2625 4059 dure.
2659 4005 2797 4058 Can.
2831 4012 3003 4073 apost.
3042 4005 3129 4057 85.

1991 4081 2105 4161 (76)
2132 4080 2271 4161 Dicit
2289 4077 2525 4161 Clemens
2554 4077 2605 4128 in
2628 4092 2733 4161 una
2756 4074 3100 4161 epistularum
3113 4090 3354 4135 suarum,
3378 4084 3489 4161 etc.

1918 4143 2191 4221 Epiphan.
2219 4150 2412 4221 haeres.
2444 4146 2640 4221 77,__n.
2795 4143 2931 4221 lp_se_
2961 4144 3216 4221 Clemens
3252 4144 3491 4221 omnibus

1918 4210 2039 4299 illos
2071 4219 2402 4299 (Ebionitas)
2428 4216 2596 4298 modis
2624 4210 2891 4296 redarguit
2913 4215 2977 4299 in
2990 4210 3244 4299 Epistolis
3263 4215 3491 4267 circula-

1919 4284 2087 4354 ribus,
2117 4307 2247 4359 quas
2293 4284 2521 4355 scripsit,
2566 4301 2780 4359 qumque
2830 4286 2884 4338 in
2929 4284 3178 4339 Ecclesiis
3226 4286 3486 4353 leguntur.

1919 4361 2062 4416 idem
2097 4357 2288 4414 haeres.
2322 4360 2411 4419 30,
2448 4374 2502 4410 n.
2537 4357 2623 4411 l5.

1993 4431 2106 4500 (7i)
2138 4431 2219 4482 Ad
2252 4432 2345 4483 hos
2369 4425 2674 4500 (eunuchos)
2711 4434 2761 4480 et
2791 4422 3028 4500 Clemens
3059 4440 3328 4500 successor
3359 4438 3489 4500 apo?

1920 4495 2043 4557 sto'li
2076 4500 2243 4562 Petri,
2276 4500 2424 4567 cujus
2473 4497 2676 4550 Paulus
2727 4496 2995 4564 apostolus
3026 4498 3279 4556 meminit,
3307 4495 3491 4567 scribit

1919 4571 2191 4643 epistolas,
2212 4565 2510 4631 omnemque
2524 4569 2935 4643 fere_s_erntonem
2962 4583 3117 4643 suum
3133 4566 3195 4619 de
3217 4565 3492 4643 virginita-

1922 4634 1988 4697 tis
2037 4634 2267 4711 puritate
2310 4634 2595 4693 contexuit.
2628 4635 2875 4701 Hieron.,
2914 4636 2949 4689 ι.
2982 4651 2999 4688 ι
3049 4638 3254 4691 advers.
3286 4634 3488 4700 latim,

1921 4730 2041 4768 can.
2073 4713 2120 4767 7.

1992 4731 2041 4783 p.
2082 4731 2120 4767 ι.

1992 4784 2103 4857 (7g)
2131 4781 2374 4857 Euodus.
2405 4778 2529 4834 cod.
2555 4791 2734 4831 cum.

1992 4852 2103 4923 (73)
2136 4852 2510 4923 Eusebiuslut
2536 4862 2721 4923 supra.

1992 4912 2115 4996 (74)
2138 4923 2233 4977 Est
2267 4921 2319 4974 id
2355 4912 2619 4996 a_Photio-
2634 4918 2980 4996 observatum
3009 4914 3199 4996 codice
3229 4914 3360 4996 l25.
3389 4912 3490 4967 Ve—

1923 4985 2039 5048 rum
2083 4985 2227 5046 dicta
2254 4990 2494 5061 quaedam
2551 4988 2845 5061 peregrina,
2881 4987 3198 5061 inquit__hic
3239 4985 3490 5061 criticus,

1922 5066 2059 5118 velut
2088 5080 2114 5117 e
2145 5056 2422 5129 Scriptura
2450 5056 2604 5114 sacra
2635 5056 2973 5129 subinducit,
2998 5056 3197 5129 quibus;
3212 5072 3279 5129 ne
3320 5056 3491 5129 prima

1920 5135 2128 5202 quidem
2156 5125 2379 5202 epistola
2409 5134 2618 5186 omnino
2638 5137 2811 5182 vacat.
2838 5127 2972 5202 _Vide
3002 5125 3153 5202 quin.
3172 5126 3242 5178 25
3260 5125 3489 5202 _prioris,

1921 5194 1975 5260 et
2006 5205 2073 5259 12
2118 5194 2194 5257 αρ’
2223 5203 2292 5256 15
2358 5217 2617 5257 numeros
2646 5198 2968 5269 posterioris
3010 5196 3306 5252 Clementis
3369 5194 3490 5263 epi-

1923 5277 2094 5331 stolae.

2018 5346 2105 5415 75)
2132 5341 2375 5415 Defensio
2397 5341 2519 5415 fidei
2546 5339 2803 5415 icwna,
2827 5336 3065 5415 pag.ﬂ5_0.

2018 5347 2105 5415 75)
2132 5347 2375 5408 Defensio
2397 5347 2519 5411 ﬁdei
2546 5347 2803 5403 Nicaeum,
2827 5354 2950 5410 pag.
2978 5347 3065 5391 50.

1993 5347 2325 5487 i76)ALectus
2355 5422 2431 5487 est
2467 5412 2780 5487 libellus,_in
2817 5426 2917 5477 quo
2938 5401 3493 5487 Clementisuep‘istolw

1920 5473 2041 5540 dua’
2064 5473 2132 5539 ad
2162 5484 2459 5538 Corinthios
2485 5473 2907 5536 continebantur.
2938 5477 3184 5540 Rhotius,
3218 5473 3351 5528 ibid.

1975 5549 2089 5620 (77)
2119 5543 2193 5602 Ut
2220 5547 2366 5620 enim
2393 5546 2469 5598 ait
2511 5543 2568 5597 S.
2601 5542 2855 5597 Clemens
2883 5556 2896 5593 :
2936 5539 3173 5620 Etiamsi
3214 5543 3336 5620 quis
3384 5557 3487 5620 non

1903 5611 2203 5683 coronetur,
2245 5618 2453 5669 studeat
2483 5624 2654 5669 tamen
2687 5627 2787 5667 non
2818 5611 3001 5680 procul
3044 5626 3075 5671 α
3097 5613 3362 5665 coronatis
3397 5613 3481 5666 in-

1904 5692 2091 5748 veniri.
2123 5688 2295 5759 Epist.
2333 5688 2389 5750 '2,
2424 5702 2471 5741 c.
2501 5686 2551 5737 7.
2738 5696 2773 5734 σ
