3936 6172
452 274 543 330 151

1540 266 1629 319 Al)
1670 264 1725 321 s.
1765 260 2193 319 CLEMENTEM
2233 262 2253 317 ι
2294 244 2525 316 ΡΑρΑΜ

3585 256 3697 311 152

438 387 666 445 Joannis
698 385 1017 442 Damasceni
1036 399 1199 456 Opera
1229 382 1579 453 intelligitur;
1624 389 1785 450 atque
1814 396 1878 435 ex
1900 396 2004 435 ms.
2038 386 2082 441 Α
2110 377 2411 431 Ecclesiam
2435 374 2841 430 Corinthiacam
2861 372 3014 443 prius
3040 386 3102 428 ea
3127 372 3293 428 missa
3311 371 3498 439 fuerit,
3520 387 3695 444 quam

436 481 648 542 codice.
686 496 796 549 quo
838 476 1037 533 Junius
1070 479 1136 532 ad
1183 492 1305 531 eam
1348 476 1401 529 in
1432 475 1708 545 publicum
1741 473 2007 527 edendam

435 589 571 629 usus
606 581 712 637 est,
742 588 901 642 quem
928 587 956 624 a
988 570 1149 641 primi
1180 584 1353 638 usque
1382 566 1585 621 Nicmni
1622 566 1843 620 concilii
1871 572 2009 618 tem-

435 666 664 736 poribus
684 672 966 720 exaratum
1008 663 1119 733 ('78)
1147 662 1315 716 fuisse
1346 660 1649 715 existimat.
1686 658 1845 712 Prior
1881 657 2007 730 qui-

433 767 557 813 dem
592 758 817 827 epistola
842 759 895 811 in
918 755 1136 809 laudato
1152 754 1340 807 codice
1363 752 1428 806 ad
1449 752 1653 806 calcem
1676 753 1755 805 sic
1774 750 2010 823 inscrip-

436 860 490 904 ta
508 852 705 921 legitur
728 866 739 901 :
764 849 1079 920 Κλήμεντος
1112 847 1246 918 πρὸς
1278 844 1597 916 Κορινθίους
1640 842 1894 913 ἐπιστολὴ
1918 844 2005 905 Α’;

441 943 715 1012 posterior
743 957 873 996 vero
905 941 984 995 sic
1012 956 1024 989 :
1070 938 1387 1008 Κλήμεντος
1410 934 1665 1005 ἐπιστολὴ
1678 934 1892 999 B’;licet
1913 947 2009 985 au-

436 1043 545 1088 tem
567 1032 837 1102 posterior
857 1046 920 1085 ex
952 1028 1297 1082 librariorum
1318 1025 1455 1078 forte
1473 1024 2007 1092 incuria,prtenotata

440 1124 580 1195 πρὸς
617 1121 939 1194 Κορινθίως
965 1120 1109 1173 haud
1149 1125 1493 1187 compareat;
1525 1115 1712 1185 quidni
1737 1122 1789 1169 et
1809 1114 2010 1169 eamad

433 1213 745 1269 Corinthios
774 1212 997 1266 missam
1018 1211 1415 1272 existimemus,
1436 1223 1557 1261 cum
1578 1206 1777 1277 prioris
1808 1205 2008 1259 inscri-

433 1306 548 1375 ptio
573 1306 674 1358 bac
704 1304 772 1358 de
793 1318 853 1357 re
892 1304 1026 1357 satis
1058 1316 1329 1370 superque
1360 1299 1616 1353 indubios
1643 1312 1745 1352 nos
1776 1297 2009 1352 reddat?

434 1396 726 1452 Enimvero
746 1411 921 1465 neque
950 1394 1101 1465 prior
1145 1394 1345 1463 legitur
1374 1394 1429 1446 in
1471 1392 1715 1445 indiculo
1752 1390 1923 1445 fuisse
1939 1389 2007 1444 ad

432 1488 747 1543 Corinthios
794 1487 1118 1556 perscripta.
1148 1485 1282 1550 Quis
1309 1500 1472 1554 porro
1510 1499 1578 1538 ne
1607 1483 1754 1536 illam
1792 1483 2007 1552 quidem

431 1576 842 1631 Corinthiorum
874 1576 1092 1629 nomine
1119 1576 1384 1644 signatam
1413 1590 1479 1628 ex
1503 1573 1747 1642 ejusdem
1776 1572 2007 1627 lndiculi

432 1670 653 1725 silentio
678 1669 801 1737 jure
826 1668 1057 1737 arguat?
1079 1666 1264 1737 Neque
1304 1668 1429 1721 item
1459 1666 1735 1721 silentium
1760 1680 1861 1719 nos
1892 1681 2009 1720 mo-

2113 466 2273 523 Soter
2289 482 2443 521 suam
2472 466 2729 535 deinceps
2763 466 2939 521 eidem
2969 464 3336 534 inscripserit.

2184 560 2490 628 Responsio.
2518 589 2588 599 -—
2616 558 2815 613 Verum
2847 567 2987 622 esto,
3022 557 3333 612 meminerit
3364 557 3452 611 hic
3484 555 3698 629 Diony—

2113 654 2230 709 sius
2254 654 2451 723 prioris
2481 660 2689 707 tantum
2726 650 3024 707 Clementis
3048 651 3323 720 epistolae:
3363 666 3539 720 neque
3570 650 3698 721 pla—

2112 753 2199 799 cet
2228 746 2371 799 enim
2394 744 2669 814 Beveregii
2702 744 2969 799 sententia
2995 744 3133 813 (84),
3165 742 3533 812 conjicientis,
3567 743 3697 813 epi-

2113 852 2337 905 scopum
2369 834 2775 890 Corinthiorum
2819 835 3022 890 omissa
3071 833 3280 889 Soteris
3327 834 3557 903 epistola
3622 833 3699 888 de

2114 937 2345 998 utraque
2366 927 2705 983 Clementina
2740 927 2905 983 verba
2939 926 3156 981 fecisse.
3199 925 3380 981 Minus
3416 926 3541 980 item
3590 942 3700 979 no-

2113 1022 2198 1075 bis
2254 1022 2538 1091 probatur,
2590 1020 2736 1091 quod
2780 1021 2871 1074 alii
2943 1020 3305 1085 arbitrantur,
3368 1019 3696 1090 Dionysium

2112 1128 2304 1183 nempe
2335 1113 2480 1166 illam
2514 1112 2809 1168 Clementis
2853 1112 3162 1182 epistolam,
3195 1128 3317 1181 qua:
3360 1111 3576 1182 publice
3620 1112 3699 1166 le-

2112 1204 2359 1272 gebatur,
2387 1203 2507 1257 ideo
2549 1202 2796 1257 fortasse
2819 1203 3089 1273 προτέραν
3110 1216 3355 1266 vocasse,
3381 1210 3440 1255 ut
3464 1217 3586 1255 eam
3620 1202 3696 1255 ab

2112 1296 2280 1349 altera
2312 1294 2524 1351 Soteris
2556 1296 2621 1349 ad
2650 1293 2966 1351 Corinthios
2998 1294 3202 1365 pariter
3244 1294 3447 1363 scripta
3487 1292 3696 1347 distin-

2113 1396 2321 1458 gueret.
2345 1389 2413 1442 At
2437 1389 2524 1444 his
2556 1389 2761 1457 missis,
2803 1404 2933 1442 num
2957 1395 3241 1459 propterea
3276 1387 3380 1441 rite
3401 1402 3524 1441 cum
3548 1384 3694 1440 Gra-

2112 1483 2201 1535 bio
2228 1482 2472 1552 colligas,
2516 1490 2639 1552 post
2680 1496 2855 1536 terum
2900 1480 3116 1535 demum
3157 1479 3402 1550 Dionysii
3440 1488 3693 1534 vertente

2113 1571 2313 1623 sweulo
2385 1587 2423 1623 ιι
2484 1571 2559 1624 ita
2623 1570 2950 1634 scribentis,
3018 1568 3414 1624 Clcmentinam
3486 1585 3691 1624 secun-

2112 1662 2234 1715 dam
2270 1661 2441 1717 fuisse
2492 1662 2823 1717 conﬁctam?
2857 1661 2970 1716 Hoc
3007 1678 3174 1715 unum
3224 1662 3433 1717 scilicet
3475 1678 3539 1716 ex
3590 1662 3684 1726 iis,

431 1770 554 1815 veat
603 1758 846 1821 Eusebii,
880 1766 933 1812 et
975 1757 1069 1826 qui
1117 1773 1239 1811 eum
1292 1756 1465 1810 secuti
1497 1764 1647 1817 sunt,
1693 1752 2008 1825 Hieronymi
2045 1748 2085 1802 Β
2114 1754 2441 1808 observante
2466 1752 2761 1809 Coutantio
2792 1753 3214 1821 nostro,confici
3250 1768 3413 1823 posse
3444 1752 3685 1816 videtur,

431 1858 595 1921 atque
622 1849 826 1914 Ruﬁni,
860 1850 973 1919 qui,
1004 1850 1132 1903 dum
1176 1848 1420 1918 epistolae
1453 1846 1708 1902 secundae
1747 1847 2007 1901 memine-

430 1950 579 2004 runt,
607 1941 860 1996 Ecclesiae
885 1938 1251 1995 Coriuthiacaa
1302 1938 1474 1993 fuisse
1504 1939 1651 1991 illam
1686 1938 2006 2007 inscriptam

432 2049 541 2089 non
568 2033 872 2104 perhibent.
902 2031 1038 2085 Cum
1074 2032 1219 2086 enim
1248 2030 1448 2084 laudati
1488 2030 1803 2098 scriptores,
1839 2035 1897 2081 ut
1929 2043 2011 2082 re-

430 2134 517 2180 cte
545 2122 889 2189 Coutantius,
917 2131 1219 2177 memorata
1253 2120 1434 2192 priore
1456 2118 1750 2173 Clementis
1779 2117 2005 2187 epistola

432 2218 501 2271 ad
529 2216 844 2272 Corinthios
876 2218 1058 2271 statim
1091 2214 1358 2269 subdant:
1395 2214 1563 2282 fertur
1609 2221 1655 2265 et
1685 2212 1873 2274 altera,
1912 2227 2007 2264 ne-

431 2327 539 2383 que
562 2310 629 2364 ad
651 2310 788 2364 alios
812 2309 954 2363 banc
983 2310 1208 2363 alteram
1239 2306 1502 2374 scriptam
1533 2305 1854 2374 designent;
1884 2318 2004 2357 eam

431 2417 649 2472 quoque
672 2401 739 2455 ad
772 2400 992 2453 eosdem
1036 2398 1295 2465 scriptam
1329 2395 1632 2464 intelligere
1662 2393 1857 2448 merito
1887 2394 2003 2447 exi-

431 2497 759 2552 stimantur:
796 2493 1037 2562 alioquin
1089 2493 1135 2544 si
1170 2490 1246 2543 ad
1300 2489 1437 2544 alios
1486 2489 1709 2543 missam
1752 2495 1999 2551 nossent,

431 2601 607 2657 neque
635 2585 687 2639 id
735 2583 1046 2638 innuissent
1068 2621 1082 2646 ,
1134 2581 1250 2635 haec
1282 2580 1524 2649 ipsorum
1558 2578 1840 2634 reticentia
1879 2578 2003 2647 jure

431 2688 496 2728 ac
522 2674 716 2727 merito
740 2670 1082 2741 negligentia:
1110 2668 1377 2737 culpanda
1406 2669 1699 2722 videretur.

502 2763 737 2832 Objectio
778 2762 951 2830 prima
986 2770 1171 2813 contra
1200 2758 1527 2812 authentiam
1558 2758 1714 2827 hujus
1744 2757 2000 2827 Epistolaz

428 2854 788 2908 Clementiae.
834 2882 904 2891 —
954 2850 1194 2905 Joannes
1240 2848 1482 2903 Morinus
1527 2849 1668 2903 hanc
1712 2850 1996 2919 epistolam

430 2944 823 3016 suppositionis
854 2954 1162 3014 suspectam
1192 2942 1355 2995 habet
1384 2957 1448 2995 eo
1478 2954 1821 3011 argumento,
1850 2942 1996 3011 quod

430 3037 685 3091 nimirum
720 3036 867 3091 illius
898 3034 1095 3103 stylus,
1126 3048 1236 3087 non
1282 3040 1340 3085 ut
1370 3032 1592 3102 prioris,
1638 3034 1708 3088 sit
1743 3035 1994 3104 simplex,

428 3128 522 3184 sed
552 3129 837 3197 argutulus
871 3126 1006 3197 (79),
1039 3142 1147 3180 non
1178 3134 1372 3195 sponte
1403 3124 1595 3189 fluens,
1628 3125 1723 3179 sed
1766 3142 1867 3196 pro
1898 3142 1996 3180 au-

426 3221 770 3289 ctoriscaptu
806 3218 1049 3274 studiose
1093 3218 1441 3285 elaboratus;
1496 3232 1604 3271 non
1652 3218 1995 3289 ἀπεριοδικὸς

423 3320 478 3366 et
529 3324 919 3379 nonnunquam
951 3308 1397 3373 ἀνανταπόδοτος,
1441 3308 1535 3362 sed
1562 3308 1851 3362 verborum
1887 3324 1997 3363 am-

423 3401 616 3465 bitum,
647 3402 968 3463 antitheses,
994 3415 1292 3471 earumque
1326 3401 1677 3468 repetitiones
1707 3400 1996 3455 ambitiose

423 3492 656 3547 affectet.
684 3492 822 3548 Idem
852 3508 1069 3563 quoque
1094 3502 1478 3563 argumentum
1503 3500 1660 3565 urget
1687 3490 1994 3548 Ricbardus

425 3585 701 3641 Simonius
732 3585 865 3655 (80).

496 3682 727 3737 lnficiari
758 3683 1008 3751 equidem
1041 3683 1231 3745 nolim,
1263 3683 1407 3736 haud
1433 3684 1549 3738 leve
1580 3683 1876 3752 aliquando
1905 3697 1994 3737 ar-

422 3779 740 3841 gumentum
783 3788 849 3825 ex
877 3772 1328 3827 dissimilitudine
1360 3774 1484 3844 styli
1520 3784 1829 3843 suppetere,
1883 3791 1993 3844 quo

420 3862 584 3918 alicui
608 3863 858 3931 scriptori
882 3879 1018 3932 opus
1042 3863 1401 3931 abjudicetur,
1440 3865 1641 3933 aliique
1670 3866 1989 3929 addicatur;

420 3954 716 4008 dummodo
764 3961 945 4009 tamen
996 3956 1205 4025 reliqua
1257 3956 1361 4011 rite
1410 3957 1740 4011 cohaereant.
1791 3956 1991 4013 Verum

419 4058 566 4101 nunc
607 4062 870 4103 canonem
919 4049 1170 4104 criticum
1221 4066 1329 4105 non
1384 4067 1505 4107 csse
1535 4053 1762 4105 nimium
1794 4068 1992 4123 urgen-

418 4137 570 4203 dum,
596 4154 753 4193 nemo
777 4154 885 4192 non
921 4140 1104 4207 videt;
1144 4141 1439 4210 siquidem,
1467 4144 1743 4213 utoptime
1780 4142 1991 4197 Cotele—

418 4230 558 4293 rius,
590 4245 751 4299 Quem
773 4231 1022 4300 sequitur
1051 4241 1105 4287 et
1141 4231 1377 4289 Grabius
1407 4234 1673 4306 (81),styli
1704 4235 1990 4291 dissimili-

418 4321 552 4376 tudo
577 4324 645 4377 ab
674 4324 863 4378 eodem
896 4324 1165 4395 scriptore
1194 4342 1293 4395 pro
1322 4328 1585 4383 varietate
1614 4340 1917 4399 temporum
1934 4337 1991 4385 et

419 4430 710 4470 causarum
742 4416 874 4471 oriri
904 4418 1100 4486 potuit.

492 4505 728 4576 Objectio
751 4517 979 4560 secunda
1004 4524 1068 4561 ea:
1092 4507 1345 4579 Dionysio
1370 4508 1763 4563 Corinthiorum
1781 4511 1984 4580 episco-

415 4609 479 4662 po
499 4594 986 4665 desumpta.—Vir.
1017 4597 1087 4651 cl.
1111 4594 1354 4651 Joannes
1385 4596 1619 4653 Grabius
1640 4598 1751 4667 (82)
1775 4615 1840 4653 ex
1864 4615 1987 4652 ver-

2112 1849 2285 1904 fuisse
2321 1850 2375 1903 in
2415 1864 2567 1903 more
2600 1848 2862 1919 positum,
2896 1847 3258 1917 institutoque
3288 1846 3542 1902 Ecclesia:
3578 1846 3691 1902 Co-

2110 1940 2461 2003 rinthiorum,
2507 1942 2745 2011 priorem
2790 1942 3009 2013 quidem
3052 1939 3351 1996 Clementis
3398 1942 3685 2010 epistolam

2110 2030 2236 2099 legi,
2265 2032 2624 2101 posteriorem
2659 2048 2765 2087 non
2813 2034 2959 2087 item.
2997 2032 3255 2101 Nunquid
3300 2032 3518 2086 demum
3552 2039 3687 2087 tunc

2108 2122 2370 2189 temporis
2390 2130 2547 2175 erant
2574 2122 2812 2193 legenda:
2839 2125 2891 2177 in
2914 2124 3146 2194 publicis
3169 2122 3523 2177 ecclesiarum
3550 2138 3688 2176 con-

2109 2214 2361 2267 ventibus
2390 2228 2581 2269 omnes
2624 2230 2731 2268 non
2774 2215 3146 2284 apostolorum
3180 2213 3363 2275 modo,
3394 2213 3489 2268 sed
3519 2216 3684 2267 etiam

2109 2306 2534 2372 apostolicorum
2566 2305 2808 2359 virorum
2845 2307 3120 2376 epistolae;
3153 2314 3211 2359 ut
3240 2306 3470 2376 proinde
3500 2313 3686 2376 poste-

2107 2397 2219 2450 rior
2248 2397 2545 2453 Clementis
2576 2399 2849 2453 censenda
2876 2401 2948 2453 sit
2977 2398 3448 2469 pseudepigrapha
3472 2414 3539 2453 eo
3575 2413 3683 2451 no-

2108 2492 2274 2553 mine,
2308 2490 2455 2560 quod
2496 2491 2564 2545 de
2608 2491 2755 2547 illius
2799 2492 3035 2546 lectione
3074 2490 3131 2545 in
3171 2497 3442 2545 conventu
3485 2488 3686 2544 Corin-

2105 2582 2289 2636 thiaco
2315 2584 2520 2636 nullam
2562 2581 2772 2652 injiciat
2813 2583 3143 2638 mentionem
3175 2580 3507 2652 Dionysius?
3542 2578 3682 2636 Cum

2106 2673 2291 2743 itaque
2343 2676 2579 2743 priorem
2634 2676 2854 2744 quidem
2902 2674 3126 2729 minime
3164 2688 3293 2729 vero
3322 2672 3683 2743 posteriorem

2104 2764 2158 2818 in
2188 2772 2333 2820 ctetu
2359 2766 2730 2821 ecclesiastico
2758 2766 2958 2837 perlegi
2993 2767 3346 2820 consuevisse
3371 2765 3440 2819 ab
3467 2766 3684 2835 episco-

2104 2872 2173 2925 po
2200 2856 2609 2911 Corinthiorum
2647 2857 3041 2923 addiscamus;
3076 2858 3203 2913 hinc
3244 2872 3375 2912 sane
3412 2857 3683 2927 perspici-

2105 2963 2244 3012 mus,
2280 2964 2379 3003 cur
2407 2948 2644 3019 priorem
2677 2950 2925 3003 eximiam
2943 2964 3161 3017 prorsus
3183 2959 3338 3019 atque
3378 2948 3681 3002 mirabilem

2105 3041 2388 3109 appellarit
2415 3042 2703 3111 episcopus
2738 3040 3136 3107 Caesareensis;
3161 3042 3229 3095 de
3252 3040 3554 3111 posteriore
3580 3055 3677 3093 ve-

2101 3144 2162 3184 ro
2194 3131 2481 3199 scripserit
2504 3150 2515 3184 :
2546 3130 2709 3184 Illam
2736 3132 2908 3185 minus
2932 3139 3114 3185 notam
3140 3130 3325 3200 fuisse,
3345 3147 3504 3201 neque
3528 3147 3561 3184 a
3594 3146 3685 3184 oe-

2098 3220 2291 3275 teribus
2307 3232 2641 3291 usurpatam.

2169 3313 2481 3368 Occurritur
2545 3316 2715 3369 tertia:
2761 3315 3060 3381 obiectioni.
3108 3314 3413 3385 Responsio.
3454 3346 3525 3356 —
3564 3313 3683 3371 Nec

2095 3405 2241 3459 dicat
2270 3406 2351 3460 vir
2394 3405 2661 3468 eruditus,
2712 3406 3107 3475 suppositionis
3153 3406 3520 3475 suspicionem
3568 3406 3681 3461 sibi

2096 3496 2318 3567 injicere
2356 3498 2679 3552 sententiam
2702 3513 2733 3552 e
2764 3498 2905 3551 libro
2924 3498 3157 3568 quodam
3187 3502 3497 3569 apocrypha
3520 3514 3681 3555 acce-

2095 3598 2265 3657 ptam,
2297 3606 2416 3659 quae
2444 3591 2498 3643 in
2532 3590 2693 3659 hujus
2720 3590 2964 3659 epistola:
2992 3590 3169 3659 capite
3200 3590 3261 3644 li
3309 3597 3508 3654 exstat,
3548 3606 3678 3645 cum

2089 3682 2202 3750 jam
2239 3689 2291 3737 et
2316 3683 2369 3735 in
2406 3681 2605 3750 prioris
2639 3683 2817 3751 capite
2844 3681 2934 3745 2‘5,
2974 3684 3163 3751 paucis
3207 3685 3451 3747 mutatis,
3479 3699 3680 3738 occur-

2095 3780 2198 3827 rat.
2247 3772 2303 3827 Si
2335 3774 2480 3827 enim
2510 3784 2701 3826 contra
2730 3773 3025 3827 secundam
3066 3773 3357 3842 epistolam
3394 3773 3508 3827 base
3535 3776 3679 3831 ratio

2092 3868 2201 3920 vim
2232 3866 2476 3928 haberet,
2509 3865 2621 3934 jam
2653 3864 2719 3919 de
2750 3865 2936 3934 prima;
2965 3879 3181 3933 quoque
3210 3864 3521 3934 integritate
3541 3880 3678 3918 cono

2094 3957 2383 4011 clamatum
2426 3957 2584 4011 foret.
2623 3956 2793 4019 Adde,
2825 3955 2969 4025 quod
3011 3955 3237 4025 repetita
3269 3956 3511 4025 ejusdem
3544 3973 3676 4012 sen—

2092 4051 2273 4105 tentiae
2342 4050 2527 4105 citatio
2575 4050 2886 4103 nullatenus
2941 4047 3133 4101 idonea
3186 4046 3257 4101 sit
3309 4046 3428 4101 falsi
3489 4050 3678 4117 suspi-

2091 4142 2248 4196 candi
2280 4156 2466 4205 causa,
2500 4140 2573 4195 ita
2590 4147 2846 4195 censente
2873 4140 2990 4193 viro
3014 4139 3073 4193 in
3105 4153 3164 4193 re
3186 4141 3377 4194 critica
3402 4141 3676 4211 peritissi-

2091 4249 2181 4287 mo
2208 4232 2523 4287 Coutantio.

2164 4321 2623 4390 Objectioquarta,
2659 4328 2709 4372 et
2756 4317 3285 4389 responsio.—Sunt
3308 4318 3550 4389 insuper,
3572 4320 3671 4390 qui

2017 4428 2065 4486 ι)
2090 4413 2342 4468 secunda:
2373 4412 2536 4481 hujus
2586 4410 2827 4480 epistolae
2866 4410 3080 4464 veritati
3109 4410 3286 4465 locum
3331 4410 3593 4479 objiciant
3638 4427 3671 4466 a

2090 4502 2542 4575 pseudo-Justino
2574 4501 2949 4572 desumptum,
2982 4502 3075 4571 qui
3120 4501 3202 4557 sic
3254 4517 3313 4556 se
3358 4503 3551 4555 habet:
3607 4501 3671 4557 Si

2086 4597 2357 4665 pra'sentis
2385 4611 2559 4684 rerum
2590 4604 2763 4647 status
2802 4595 2922 4662 ﬁnis
2954 4603 3031 4647 est
3067 4595 3348 4663 impiorum
3380 4610 3470 4663 per
3491 4595 3668 4663 ignem

418 4687 500 4742 bis
528 4686 768 4758 Dionysii
806 4687 1214 4743 Corinthiorum
1247 4691 1486 4761 episcopi
1519 4691 1659 4759 apud
1690 4690 1985 4745 Eusebium
2077 4686 2365 4756 judicium,
2393 4694 2548 4754 prout
2584 4695 2847 4738 testantur
2876 4684 3168 4754 Scriptura:
3201 4685 3575 4755 prophetarum
3612 4694 3667 4738 et

414 4778 528 4849 (83)
547 4778 739 4833 confici
762 4789 936 4848 putat,
957 4794 1121 4833 unam
1150 4780 1415 4835 duntaxat
1434 4796 1463 4834 a
1488 4780 1549 4835 D.
1571 4780 1846 4835 Clemente
1864 4783 1985 4851 epi-

414 4869 609 4923 stolam
636 4884 758 4923 esse
779 4870 1063 4937 scriptam,
1096 4884 1259 4938 quam
1279 4871 1377 4942 τὴν
1411 4872 1686 4943 προτέραν
1720 4870 1806 4923 διὰ
1836 4871 1986 4941 Κλή-

414 4975 605 5029 μεντος
618 4961 918 5029 γραφεῖσαν
937 4958 1232 5030 Dionysius
1256 4962 1509 5031 appellat,
1526 4963 1669 5032 quod
1692 4962 1901 5017 scilicet
1915 4962 1981 5016 ad

480 5131 594 5203 (78)
716 5130 1009 5217 Clementis
1030 5149 1095 5188 ex
1122 5134 1443 5217 epistﬂnad
1460 5137 1873 5217 Corinth.:iQui
1891 5155 1979 5195 res

413 5208 704 5278 prasentis
734 5208 1187 5278 vitzccognoscit,
1221 5208 1494 5278 intelligit,
1532 5225 1705 5277 neque
1734 5225 1819 5271 ea,
1858 5225 1979 5278 qum

408 5271 655 5347 nonnulli
670 5271 927 5347 jucunda
959 5271 1232 5347 reputant,
1275 5271 1450 5331 aliena
1483 5271 1635 5343 esse,
1666 5286 1759 5331 aut
1785 5271 1976 5347 pro-cui

407 5340 602 5397 dissita
636 5343 705 5398 ab
737 5343 825 5414 iis,
861 5359 992 5414 quae
1021 5340 1155 5399 odio
1178 5346 1545 5411 habentur,il.
1582 5340 1624 5402 ιι
1678 5340 1978 5403 Ρανὶιιιειη-

407 5428 545 5475 rum,
579 5428 701 5482 cap.
732 5412 822 5468 20.
853 5412 1049 5498 Junius
1070 5415 1278 5485 praefat.
1302 5417 1357 5469 in
1372 5417 1543 5475 Clem.
1576 5419 1760 5488 epist.,
1792 5426 1924 5474 tom.
1957 5416 1975 5472 Ι

407 5480 1096 5556 Patrumhapostoltcorum,
1125 5501 1248 5556 pag.
1284 5487 1407 5543 152.

1273 5526 1463 5629 {fc-sip.
1499 5559 1553 5623 4,
1586 5560 1638 5624 5,
1670 5558 1723 5625 9,
1766 5561 1974 5616 excrci-

478 5663 591 5759 (8b)
624 5691 761 5747 mm.
788 5693 997 5761 ,σιροίεη
1029 5706 1066 5751 ι.
1099 5674 1219 5763 I,’c.
1254 5699 1343 5763 38,
1380 5714 1499 5770 pag.
1524 5699 1651 5755 282.

2087 4779 2466 4846 apostolorum,
2500 4786 2654 4847 atque
2684 4778 2897 4847 insuper
2943 4777 3177 4847 sibyllaz,
3207 4786 3265 4829 ut
3308 4776 3383 4828 ait
3429 4775 3495 4830 B.
3542 4774 3667 4829 Cle-

2085 4887 2227 4923 mens
2260 4872 2312 4922 in
2336 4870 2557 4939 epistola
2586 4868 2654 4922 ad
2694 4867 3020 4931 Corinthios,
3054 4868 3121 4922 ad
3150 4883 3271 4938 qua:
3302 4868 3518 4937 quidem
3539 4882 3665 4920 ver-

2084 4963 2152 5017 ba
2199 4964 2354 5032 plura
2397 4961 2609 5015 erudite
2651 4960 2905 5015 observat
2936 4960 3264 5023 Cotelerius,
3296 4968 3460 5031 atque
3486 4976 3552 5014 ex
3594 4975 3663 5015 eo

2155 5138 2267 5208 (81)
2301 5137 2546 5207 Spicileg.
2574 5148 2613 5192 t.
2649 5136 2689 5197 Ι,

2180 5209 2268 5275 8‘2)
2294 5208 2454 5271 lbid.,
2489 5224 2612 5277 pag.
2637 5208 2706 5261 26

2180 5211 2268 5275 8‘2)
2295 5211 2454 5271 lbid.,
2489 5224 2612 5277 pag.
2637 5211 2762 5261 266.

2152 5211 2265 5348 £85)
2301 5277 2469 5331 Hodie
2516 5278 2575 5333 S.
2624 5277 2759 5331 diem
2798 5277 3132 5331 Dominicum
3187 5278 3554 5348 transegimus,
3598 5282 3659 5334 in

2079 5364 2179 5417 quo
2210 5357 2432 5402 vestram
2480 5348 2697 5418 legimus
2738 5348 3061 5418 epistolam):
3093 5365 3249 5416 quam
3281 5348 3487 5418 quidem
3534 5364 3657 5417 per-

2078 5428 2230 5486 petua
2273 5418 2510 5487 deinceps
2534 5417 2794 5487 legentes,
2842 5417 3056 5482 perinde
3088 5434 3149 5471 ac
3177 5417 3401 5486 priorem
3433 5420 3583 5473 illam
3621 5437 3657 5473 α

2078 5487 2342 5542 Clemente
2374 5491 2646 5555 scriptam,
2664 5489 2800 5558 unde
2818 5489 3028 5557 optimis
3054 5490 3268 5543 monitis
3296 5492 3653 5558 instruamur,

2079 5559 2349 5612 habemus.
2382 5558 2603 5623 Euseb.,
2650 5557 2721 5611 Η.
2751 5557 2839 5625 Ε.,
2875 5560 2910 5613 I.
2949 5574 3023 5619 Iv,
3055 5574 3106 5614 c.
3134 5559 3225 5613 25.

2148 5629 2259 5699 (84)
2292 5627 2420 5685 Cod.
2443 5645 2654 5694 canon.,
2686 5629 2724 5684 Ι.
2754 5643 2814 5695 ιι,
2840 5644 2961 5701 cap.
2986 5629 3041 5694 9,
3075 5628 3102 5700 §
3136 5631 3221 5696 lO,
3257 5644 3380 5701 pag.
3415 5630 3537 5689 H5.

2710 5153 2841 5261 ἕως.
2869 5137 2997 5195 268.
