3936 6172
235 292 341 344 153

1509 293 1849 352 ΡιιοοιςιιιΑ
1891 290 2193 348 VARIORU
2206 292 2275 349 Μ.

3391 298 3493 352 134

230 405 562 460 Coutantius
584 405 802 476 aliique.
842 403 1041 460 Verum
1080 404 1147 462 iis
1172 407 1378 471 missis,
1407 409 1602 478 conjici
1637 412 1811 479 primo
1840 414 1889 472 Α
1988 409 2222 478 Objectio
2264 418 2435 471 sexta,
2481 417 2531 463 et
2581 400 2959 479 respousio.—
2983 411 3151 467 Instat
3199 426 3361 483 porro
3413 415 3495 469 vir

229 506 441 566 posset,
465 497 724 550 nimirum
754 494 901 551 hunc
929 496 1254 566 scriptorem
1276 499 1540 552 memoria
1572 500 1821 556 emuente

230 585 605 651 existimasse,
638 584 744 641 hoc
763 584 972 655 sibyllas
1000 586 1392 653 testimonium,
1414 589 1559 658 quod
1589 590 1644 643 in
1683 586 1824 643 Con-

233 676 599 730 stitutianibus
656 674 959 745 apostolicis
984 677 1213 747 legerat,
1257 679 1312 731 in
1341 679 1573 749 epistola
1603 680 1672 735 ad
1705 680 1817 735 Co-

233 769 475 824 rinthios
496 777 737 826 exstare.
774 769 834 825 Si
878 772 1060 827 minus
1091 773 1301 843 placeat
1330 774 1444 829 htec
1480 774 1817 843 conjectura,

232 862 375 918 illud
419 864 613 919 saltem
646 878 772 918 cum
818 863 1156 920 doctissimis
1179 866 1312 920 viris
1344 882 1659 923 asseverare
1710 883 1820 922 non

232 953 521 1019 dubitabo,
553 963 803 1010 nostrum
828 956 1148 1025 scriptorem
1181 957 1402 1011 minime
1429 972 1555 1011 cum
1585 958 1651 1013 iis
1682 957 1823 1014 face-

232 1062 319 1107 re,
356 1047 453 1116 qui
499 1046 620 1115 ejus
651 1048 964 1103 testimonio
1013 1056 1263 1113 utuntur,
1318 1055 1376 1102 ut
1423 1050 1709 1119 epistolam
1760 1049 1817 1104 S.

231 1136 537 1193 Clementis
556 1134 850 1193 secundam
882 1137 1103 1192 minime
1124 1139 1413 1208 genuinam
1431 1155 1553 1194 esse
1569 1139 1819 1209 probent,

234 1229 333 1283 sed
364 1228 608 1282 hominis
632 1227 823 1291 fetum,
863 1228 951 1281 cui
982 1228 1095 1282 noti
1118 1234 1276 1282 erant
1316 1228 1560 1298 Sibyllini
1606 1228 1673 1282 de
1714 1243 1811 1281 ex-

232 1330 419 1377 tremo
438 1320 651 1390 judicio
680 1336 894 1381 versus,
938 1320 1112 1374 multo
1135 1322 1456 1376 recentioris
1487 1328 1678 1375 sancto
1700 1321 1821 1375 Cle-

230 1424 459 1482 mente;
493 1422 553 1468 ut
569 1415 817 1469 omittam
855 1414 1433 1483 pseudo-Justinumin
1459 1416 1712 1485 ambiguo
1735 1432 1822 1470 re-

232 1508 491 1576 liquisse,
517 1513 697 1559 utram
716 1506 890 1561 sancti
909 1505 1206 1560 Clementis
1235 1506 1517 1575 epistolam
1548 1507 1817 1562 citaverit.

232 1598 315 1652 lta
351 1598 469 1653 fere
509 1598 731 1653 disserit
759 1599 845 1651 vir
884 1596 1242 1655 doctissimus
1270 1598 1604 1654 Prudentius
1632 1608 1820 1655 noster

234 1691 429 1748 Maran
456 1691 590 1763 (85).

308 1784 553 1853 Objectio
597 1785 784 1854 quinta
822 1784 1064 1841 diluitur.
1091 1816 1161 1826 —
1186 1783 1533 1840 Hermannus
1575 1784 1818 1841 Venema

234 1883 622 1945 argumentum
672 1882 862 1929 contra
911 1874 1246 1930 authentiam
1292 1875 1545 1929 secunda:
1578 1876 1823 1945 epistola:

232 1982 303 2022 eo
332 1966 510 2029 ducit,
542 1967 689 2036 quod
717 1977 907 2022 auctor
934 1968 1177 2037 epistolae
1204 1967 1524 2037 posterioris
1549 1983 1670 2023 sese
1710 1969 1824 2022 Ori-

235 2058 363 2127 gine
401 2058 661 2125 gentilem
694 2066 878 2127 aperte
907 2058 1101 2127 prodat
1123 2058 1257 2129 (86),
1288 2073 1413 2112 cum
1440 2073 1470 2112 e
1502 2071 1695 2112 contra
1725 2075 1823 2112 na-

236 2151 387 2203 tione
415 2146 665 2202 Judaanm
700 2147 871 2203 fuisse
895 2148 1227 2205 Clementem
1259 2149 1498 2204 clamare
1536 2158 1826 2206 censeatur

237 2240 394 2294 locus
427 2238 520 2293 ille
551 2240 752 2308 prioris
781 2239 1049 2309 epistola},
1082 2241 1173 2294 ubi
1241 2240 1416 2300 Jacob
1495 2250 1699 2310 patrem
1730 2260 1826 2297 no-

236 2338 409 2383 strum
441 2330 677 2399 appellat
703 2330 912 2400 (87).At
940 2331 1157 2385 clumbe
1181 2330 1423 2400 profecto
1445 2340 1823 2402 argumentum

236 2423 598 2486 istiusmodi,
653 2438 762 2493 quo
800 2422 1166 2478 Corinthiacae
1215 2424 1536 2493 posterioris
1580 2425 1823 2493 epistola:

236 2515 467 2567 tollatur
491 2514 797 2580 integritas.
821 2512 1020 2579 Quidni
1051 2514 1211 2569 sodes
1234 2514 1489 2570 Clemens
1518 2513 1671 2569 Pauli
1704 2533 1827 2569 συν-

236 2604 425 2674 εργός,
521 2604 695 2661 Jacob
756 2613 961 2672 patrem
1010 2613 1249 2657 nostrum
1299 2620 1365 2658 eo
1409 2620 1577 2659 sensu
1630 2620 1826 2660 vocare

237 2695 497 2764 potuerit,
527 2708 639 2764 quo
667 2696 811 2750 idem
842 2696 1133 2765 Apostolus
1173 2695 1557 2764 promissionis
1598 2695 1737 2753 ﬁlios
1771 2699 1826 2752 in

237 2788 453 2841 semine
480 2786 713 2841 Abrahae
760 2795 815 2841 et
840 2785 1009 2843 Israel
1039 2788 1344 2858 computari
1373 2788 1557 2855 docet,
1590 2798 1651 2844 ut
1678 2798 1827 2845 recte

235 2876 571 2933 Coutantius
597 2875 709 2948 (88)
738 2883 922 2931 noster
949 2877 1234 2932 observat?
1279 2878 1401 2933 Non
1444 2881 1603 2944 enim,
1650 2880 1827 2951 inquit

234 2970 462 3024 divinus
472 2985 674 3038 praeco,
693 2986 891 3034 omnes,
908 2970 997 3037 qui
1014 2985 1078 3023 ea:
1101 2968 1273 3024 Israel
1293 2980 1435 3034 sunt,
1452 2973 1491 3025 ii
1508 2980 1630 3025 sunt
1646 2971 1827 3025 Israe-

238 3061 350 3112 lita:
362 3075 382 3121 ;
396 3076 560 3131 neque
575 3062 664 3131 qui
677 3076 845 3114 semen
863 3060 1089 3113 Abrahae
1106 3070 1250 3123 sunt,
1285 3078 1460 3116 omnes
1482 3062 1618 3131 ﬁlii;
1637 3061 1727 3116 sed
1756 3063 1811 3115 in

236 3148 402 3204 Isaac
417 3154 688 3206 vocabitur
703 3153 798 3205 tibi
816 3166 1011 3213 semen;
1025 3150 1077 3203 id
1094 3160 1193 3219 est,
1211 3169 1313 3205 non
1331 3154 1419 3223 qui
1438 3154 1541 3222 ﬁlii
1556 3152 1753 3216 carnis,
1772 3151 1827 3203 hi

236 3242 343 3315 ﬁlii
361 3242 495 3306 Dei;
524 3243 615 3297 sed
632 3244 719 3313 qui
750 3244 851 3311 ﬁlii
866 3250 984 3295 sunt
996 3244 1386 3311 promissionis,
1406 3245 1740 3298 wstimantur
1770 3244 1826 3296 in

238 3336 439 3390 semine
460 3334 532 3375 ‘-’
548 3351 568 3389 :
591 3336 709 3389 hinc
728 3335 856 3389 alibi
872 3335 1087 3389 “etiam
1118 3336 1331 3404 ipsemet
1356 3335 1640 3404 Apostolus
1654 3333 1828 3387 Israel

238 3425 339 3479 Dei
367 3435 517 3481 vocat
540 3426 744 3480 eosdem
765 3425 1129 3494 promissionis
1151 3423 1313 3492 ﬁlios,
1337 3425 1442 3478 sive
1471 3440 1535 3478 ea:
1555 3424 1827 3478 circumci-

240 3521 389 3573 sione
410 3520 519 3573 sive
548 3534 611 3572 εει
642 3517 901 3588 praeputio
916 3526 1146 3571 vocatos.
1162 3515 1315 3570 Hanc
1335 3518 1501 3586 igitur
1523 3516 1825 3570 doctrinam

242 3609 763 3677 institutionemque
783 3607 1018 3677 primum
1042 3606 1261 3675 quidem
1283 3614 1569 3661 assecutus
1595 3620 1626 3658 a
1658 3603 1829 3658 Paulo

239 3701 497 3755 Clemens
526 3698 829 3762 Romanus,
852 3697 1115 3766 deinceps
1145 3712 1274 3751 vero
1303 3697 1491 3751 volens
1521 3704 1575 3751 et
1597 3697 1712 3766 ipse
1734 3696 1830 3749 iis-

240 3791 367 3846 dem
398 3790 717 3861 apostolicis
748 3790 995 3845 imbuere
1032 3790 1321 3859 praeceptis
1365 3788 1701 3853 Corinthios,
1731 3788 1819 3843 Ja-

239 3882 443 3937 cobum
460 3892 663 3951 patrem
683 3890 919 3935 nostrum
938 3883 1172 3947 vocavit;
1190 3880 1646 3951 quemadmodum
1665 3886 1828 3939 etiam

243 3975 476 4037 ibidem,
494 3973 772 4027 nonnullis
791 3974 1319 4042 interjectis,patrem
1336 3983 1569 4028 nostrum
1592 3978 1832 4046 appella-

243 4065 324 4116 vit
351 4063 727 4117 Abrahamum
753 4062 888 4133 (89).
921 4064 1094 4129 Quam
1128 4063 1348 4134 quidem
1379 4064 1682 4120 doctrinam
1700 4082 1825 4121 cum

241 4157 446 4213 deinde
468 4156 769 4227 accepisset
792 4155 1037 4212 Ecclesia
1060 4155 1303 4210 Romana
1332 4157 1447 4212 sive
1474 4158 1542 4212 ab
1553 4158 1827 4227 Apostolo,

244 4255 363 4305 sive
386 4250 458 4304 ab
481 4251 599 4319 ipso
621 4251 782 4304 etiam
808 4248 1105 4312 Clemente,
1131 4256 1376 4302 sanctam
1398 4249 1540 4303 inter
1562 4250 1828 4304 actionem

244 4343 619 4413 precationem
648 4341 956 4410 huiusmodi
987 4339 1162 4395 sacris
1193 4338 1460 4394 ministris
1490 4341 1826 4395 recitandam

1920 503 2169 564 criticus,
2199 508 2361 571 atque
2391 517 2457 556 ex
2476 502 2562 557 his
2589 504 2769 560 verbis
2802 501 3049 572 ejusdem
3075 504 3322 574 epistolae
3342 506 3491 576 (92):

1923 593 2113 647 Plures
2148 592 2279 662 facti
2324 609 2506 647 sumus
2536 594 2624 658 iis,
2653 595 2744 664 qui
2788 594 2956 649 Deum
2986 596 3174 651 habere
3222 611 3496 653 censentur

1922 683 2143 754 (Iudaeis
2170 684 2342 755 scil.),
2376 684 2601 754 colligit,
2624 694 2900 741 auctorem
2923 703 2988 741 eo
3005 688 3221 743 demum
3253 696 3497 760 tempore

1920 776 2144 839 vixisse,
2175 791 2283 846 quo
2304 774 2755 832 Christianismus
2780 778 2921 833 inter
2949 786 3136 844 gentes
3151 783 3497 837 numerosis-

1922 867 2095 921 simus
2118 873 2234 921 erat
2256 882 2420 935 supra
2440 866 2686 933 Iudaeos,
2711 869 2855 939 quod
2878 869 3099 938 quidem
3120 909 3136 934 ,
3179 870 3378 939 inquit,
3406 887 3493 926 re-

1921 958 2084 1020 ctius,
2108 973 2270 1027 quam
2302 960 2357 1011 in
2386 957 2704 1022 Clementis,
2734 959 3034 1029 quadratin
3065 959 3309 1029 Trajani,
3331 970 3385 1016 et
3412 978 3499 1017 se-

1921 1050 2205 1118 quentium
2258 1050 2645 1119 imperatorum
2694 1058 2959 1120 tempora,
3007 1051 3207 1121 quibus
3253 1052 3498 1109 Ecclesia

1934 1143 2172 1211 gentium
2192 1142 2348 1211 longe
2376 1143 2589 1212 lateque
2616 1151 2908 1213 propagata
2940 1152 3044 1199 est.

1992 1231 2133 1298 Quid
2180 1234 2367 1289 multis
2402 1250 2540 1304 opus
2584 1236 2702 1291 est?
2750 1251 2933 1290 nonne
2980 1234 3181 1291 Paulus
3227 1236 3293 1291 ad
3336 1235 3498 1296 Rom.

1923 1326 2171 1380 scribens
2199 1328 2403 1396 gratias
2431 1327 2539 1382 Deo
2569 1330 2781 1399 agebat,
2813 1328 2956 1398 quod
3002 1328 3135 1383 ﬁdes
3165 1344 3354 1383 eorum
3402 1344 3501 1384 an-

1923 1418 2267 1472 nuntiaretur
2297 1419 2352 1472 in
2383 1420 2638 1475 universo
2666 1421 2867 1475 mundo
2893 1420 2968 1473 “?
2988 1420 3179 1474 Nonne
3204 1421 3418 1476 dicebat
3442 1422 3498 1476 in

1923 1524 2128 1562 omnem
2159 1518 2355 1563 terram
2384 1511 2577 1565 exiisse
2606 1510 2761 1565 verba
2785 1528 2965 1565 eorum
2989 1513 3064 1566 “fl
3112 1511 3301 1567 Nonne
3328 1512 3497 1569 Deum

1923 1600 2262 1670 gloriﬁcabat
2290 1600 2429 1670 quod
2465 1604 2774 1673 mysterium
2818 1606 3135 1673 temporibus
3169 1606 3379 1660 aeternis
3418 1616 3501 1659 ta-

1923 1695 2126 1757 citum,
2177 1695 2503 1763 patefactum
2550 1705 2687 1749 esset
2731 1696 2798 1749 ad
2853 1696 3199 1751 obeditionem
3266 1697 3391 1765 ﬁdei
3439 1701 3496 1752 in

1923 1784 2127 1836 cunctis
2177 1783 2414 1853 gentibus
2460 1782 2537 1837 "‘l
2580 1783 2779 1839 Eodem
2823 1785 3079 1855 loquendi
3127 1801 3325 1856 genere
3372 1788 3502 1841 alibi

1921 1888 2140 1942 quoque
2166 1873 2339 1925 utitur
2380 1872 2519 1927 idem
2551 1872 2845 1943 Apostolus
2893 1876 2961 1931 ad
3007 1876 3364 1933 Colossenses
3392 1897 3405 1932 :
3435 1878 3502 1932 In

1924 1961 2072 2017 verba
2098 1963 2335 2015 veritatis
2362 1961 2655 2033 Evangelii,
2683 1967 2915 2035 quod....
2949 1969 3003 2021 in
3034 1971 3272 2025 universo
3306 1970 3503 2024 mundo

1920 2065 2018 2117 est,
2047 2062 2096 2107 et
2144 2054 2434 2121 fructiﬁcat
2477 2063 2527 2107 et
2576 2057 2758 2110 crescit
2792 2057 2855 2111 “.
2885 2056 2951 2110 Et
3000 2059 3194 2114 iterum
3222 2081 3233 2115 :
3263 2060 3504 2130 Evange—

1926 2146 2148 2201 lium....
2199 2144 2545 2214 prwdicatum
2592 2156 2672 2200 est
2718 2150 2770 2201 in
2816 2151 3063 2205 universa
3093 2164 3355 2219 creatura,
3388 2170 3505 2223 quis

1923 2236 2017 2289 sub
2032 2235 2157 2289 caelo
2177 2246 2255 2289 est
2280 2237 2345 2299 ¹⁵,
2361 2235 2428 2289 ad
2444 2234 2787 2292 Timotheum
2815 2240 2942 2294 item
2963 2256 2976 2291 :
2996 2235 3147 2301 Quod
3158 2244 3503 2310 praedicatum

1923 2336 2001 2381 est
2027 2327 2287 2397 gentibus,
2320 2328 2575 2381 creditunt
2605 2339 2682 2384 est
2713 2332 2767 2383 in
2799 2331 2993 2387 mundo
3025 2334 3069 2364 ¹⁶
3098 2333 3367 2405 (magnum
3397 2339 3506 2393 sci-

1924 2417 2049 2471 licet
2094 2417 2304 2482 pietatis
2353 2420 2789 2490 sacramentum).
2840 2419 2952 2477 Nec
2995 2424 3189 2477 mirum
3237 2440 3398 2492 sane;
3447 2434 3508 2479 ut

1924 2511 2068 2564 enim
2116 2512 2253 2567 alios
2300 2524 2686 2583 prauereamus
2734 2517 3040 2585 apostolos,
3090 2533 3232 2573 unus
3276 2535 3507 2590 magnus

1924 2599 2149 2667 Paulus,
2184 2611 2324 2659 teste
2350 2614 2540 2660 nostro
2564 2606 2840 2662 Clemente
2863 2608 2995 2679 (95),
3028 2624 3206 2678 praeco
3238 2609 3414 2666 factus
3444 2613 3501 2666 in

1925 2690 2147 2749 Oriente
2173 2705 2227 2749 et
2256 2693 2643 2751 Occidente....
2668 2714 2786 2750 cum
2815 2699 3114 2752 universum
3136 2700 3389 2753 mundum
3410 2701 3509 2754 do-

1926 2786 2118 2839 cuisset
2135 2785 2428 2854 justitiam,
2459 2795 2509 2840 et
2542 2787 2610 2839 ad
2643 2787 2937 2842 Occidentis
2970 2790 3245 2843 terminum
3267 2792 3506 2856 venisset,

1927 2892 1989 2929 ac
2021 2876 2116 2929 sub
2145 2878 2404 2945 praefectis
2436 2880 2749 2948 martyrium
2772 2897 2959 2949 passus
2981 2891 3137 2945 esset,
3164 2883 3239 2935 ita
3266 2899 3293 2936 e
3315 2884 3509 2936 mundo

1925 2967 2218 3037 emigravit.
2251 2968 2387 3023 Cum
2412 2969 2527 3024 haec
2551 2971 2621 3024 ita
2655 2970 2785 3035 sint,
2812 2972 3000 3041 quidni
3030 2987 3159 3043 ergo
3181 2989 3305 3029 vere
3334 2976 3513 3045 scrip-

1928 3059 2060 3114 serit
2090 3060 2141 3113 in
2171 3062 2473 3130 posteriore
2502 3062 2731 3129 epistola
2747 3062 2997 3117 Clemens
3028 3062 3340 3121 Romanus:
3371 3066 3509 3120 Plu-

1928 3168 2011 3206 res
2042 3151 2174 3220 facti
2218 3168 2401 3207 sumus
2447 3150 2689 3217 Iudaeis,
2749 3154 2840 3223 qui
2871 3152 3035 3207 Deum
3064 3154 3253 3210 habere
3290 3173 3509 3211 censen-

1927 3252 2012 3296 tur
2034 3242 2061 3298 7

1995 3330 2235 3384 Diluitur
2283 3330 2504 3399 objectio
2557 3331 2799 3399 septima.
2836 3360 2905 3368 —
2941 3328 3142 3385 Verum
3187 3330 3255 3384 ad
3306 3333 3509 3387 nodum

1928 3422 2228 3493 graviorem
2274 3421 2591 3476 solvendum
2622 3421 2869 3477 studiose
2901 3436 3281 3491 pr0peremus;
3323 3424 3512 3478 statuit

1927 3515 2071 3571 enim
2085 3515 2170 3567 vir
2191 3514 2260 3569 cl.
2281 3512 2523 3569 Venema
2549 3514 2659 3585 (94)
2682 3514 2925 3585 epistola:
2954 3514 3206 3569 secundae
3228 3523 3508 3569 auctorem

1929 3623 1987 3662 se
2035 3622 2065 3660 a
2109 3606 2387 3662 Clemente
2434 3605 2711 3660 diversum
2761 3622 2827 3661 eo
2881 3606 3001 3676 ipso
3048 3606 3312 3676 proﬁteri,
3361 3606 3508 3677 quod

1928 3698 2131 3754 Christi
2153 3699 2494 3753 divinitatem
2519 3714 2780 3769 expresse
2802 3700 3058 3763 inculcet,
3082 3706 3135 3753 et
3158 3697 3373 3753 Domini
3401 3715 3511 3753 non

1930 3800 2161 3853 tantum,
2195 3790 2290 3845 sed
2322 3789 2417 3844 Dei
2444 3790 2606 3844 etiam
2638 3789 2854 3843 titulum
2881 3790 2931 3845 ei
2956 3791 3196 3845 dandum
3229 3806 3353 3846 esse
3378 3806 3511 3846 con-

1929 3883 2141 3949 tendat;
2172 3897 2295 3937 cum
2342 3897 2508 3937 verus
2544 3879 2794 3936 Clemens
2818 3881 2928 3951 (95)
2976 3881 3028 3935 id
3072 3896 3342 3950 nusquam
3383 3881 3510 3935 data

1930 3988 2093 4043 opera
2126 3972 2335 4036 fecerit,
2364 3987 2466 4027 nec
2506 3972 2612 4027 alio
2642 3986 2705 4026 ac
2749 3971 2963 4025 Domini
2992 3972 3149 4026 titulo
3191 3987 3315 4027 eum
3341 3987 3509 4026 orna-

1928 4064 2087 4127 verit,
2120 4063 2243 4117 licet
2268 4062 2356 4116 hic
2388 4062 2498 4116 illic
2530 4077 2588 4117 sc
2612 4059 2818 4116 Christi
2849 4061 3186 4115 divinitatem
3212 4076 3510 4132 agnoscere

1929 4154 2190 4210 insinuet.
2218 4152 2418 4208 Verum
2472 4154 2635 4207 unico
2679 4168 2746 4207 ex
2797 4153 3026 4222 epistola
3078 4154 3251 4221 prima
3298 4155 3510 4222 prolato

1931 4250 2052 4303 loco
2082 4255 2195 4301 tota
2243 4246 2466 4301 eliditur
2500 4245 2752 4299 Venemae
2803 4245 3057 4314 objectio.
3107 4243 3197 4298 Sic
3224 4254 3401 4298 autem
3450 4260 3510 4299 se

1932 4342 2095 4396 habet
2120 4360 2133 4395 :
2182 4341 2308 4402 Τοῖς
2331 4339 2560 4409 ἐφοδίοις
2588 4337 2681 4390 τοῦ
2703 4336 2836 4389 Θεοῦ
2866 4335 3190 4407 ἀρκούμενοι
3218 4336 3311 4387 καὶ
3340 4352 3511 4406 προσ-

246 4432 448 4487 indixit
469 4430 581 4501 (90)
608 4449 621 4485 :
648 4429 788 4483 Deus
813 4430 1047 4497 ﬁdelium
1076 4428 1239 4483 Pater
1265 4446 1486 4493 summe,
1517 4432 1606 4500 qui
1632 4433 1687 4484 in
1719 4444 1823 4486 toto

1931 4433 2142 4504 ἔχοντες
2167 4433 2293 4494 τοὺς
2335 4430 2525 4499 λόγους
2553 4427 2718 4482 αὑτοῦ
2748 4426 3020 4497 ἐπιμελῶς
3040 4465 3054 4489 ,
3106 4427 3508 4498 ὲστερνισμὲνοι

245 4520 374 4574 orbe
414 4528 679 4571 terrarum
719 4520 1083 4586 promissionis
1113 4520 1252 4588 ﬁlios
1286 4519 1486 4587 diﬁ'usa
1524 4522 1818 4591 adoptionis

244 4611 428 4681 gratia
472 4611 836 4678 multiplices,
888 4620 938 4665 et
984 4627 1076 4680 per
1126 4610 1388 4665 Paschale
1434 4623 1820 4666 sacramentum

245 4700 524 4754 Abraham
561 4716 780 4769 puerum
819 4710 965 4753 tuum
1006 4702 1391 4768 universarum,
1427 4702 1561 4755 sicut
1593 4702 1821 4770 jurasti,

246 4795 483 4863 gentium
506 4793 659 4859 efﬁcis
682 4790 1035 4857 Patrem,etc.
1053 4792 1205 4860 ;alibi
1232 4808 1447 4862 quoque
1491 4794 1694 4849 clarius
1730 4794 1825 4849 ad-

246 4885 359 4938 huc
380 4882 495 4955 (91)
523 4903 537 4936 :
562 4882 724 4937 Pater
744 4884 868 4952 ﬁdei
890 4891 1082 4937 nostra:
1108 4883 1375 4936 Abraham
1396 4899 1653 4950 summus,
1677 4885 1829 4938 obtu-

249 4975 315 5029 lit
342 4975 708 5029 holocaustum
735 4991 890 5043 super
917 4974 1086 5028 altare
1114 4990 1209 5043 pro
1238 4974 1371 5042 ﬁlio.

1924 4520 2022 4595 ἦτε
2050 4527 2161 4586 τοῖς
2191 4522 2536 4593 σπλάγχνοις,
2569 4520 2662 4572 καὶ
2690 4518 2757 4572 τὰ
2786 4518 3085 4587 παθήματα
3112 4516 3278 4570 αὑτοῦ
3309 4513 3375 4589 ἦν
3400 4518 3507 4589 πρὸ

1928 4614 2217 4685 ὀφθαλμῶν
2250 4614 2421 4684 ὑμῶν.
2458 4611 2571 4665 Hoc
2598 4618 2681 4664 est
2709 4608 2839 4663 :Dei
2870 4608 3059 4660 viatico
3090 4608 3315 4661 contenti
3343 4617 3389 4661 et
3408 4625 3511 4662 ser-

1930 4707 2169 4761 monibus
2198 4706 2347 4759 illius
2393 4704 2667 4774 diligenter
2692 4700 3034 4762 attendentes,
3086 4700 3300 4753 dilatati
3345 4702 3508 4755 eratis

1930 4799 1985 4851 in
2013 4796 2313 4860 visceribus,
2339 4807 2387 4850 et
2410 4796 2679 4864 passiones
2702 4793 2817 4862 ejus
2844 4808 2954 4861 pra:
2982 4792 3147 4844 oculis
3178 4790 3318 4847 vobis
3335 4804 3504 4847 erant.

2008 4886 2111 4941 Ubi
2139 4886 2374 4955 primum
2420 4882 2845 4945 observandum,
2888 4881 3174 4936 relativum
3203 4880 3367 4935 αὑτοῦ
3423 4896 3511 4934 re—

1935 4975 2134 5047 spicere
2150 4978 2340 5048 procul
2369 4976 2536 5031 dubio
2564 4974 2809 5045 proxime
2834 4972 3160 5028 antecedens
3184 4971 3338 5027 Θεοῦ.
3370 4972 3505 5028 Cum

322 5086 404 5159 t-I
432 5084 591 5159 39m,
618 5102 703 5159 (ιχ,
730 5084 868 5159 (ἷζε,
944 5086 987 5159 ff
1009 5084 1185 5159 (Ξέρξη.
1218 5100 1295 5148 νι,
1322 5084 1419 5159 1ᾇ.
1443 5085 1529 5139 16.
1598 5086 1637 5116 ¹¹
1672 5084 1823 5141 Rom.

1931 5088 1971 5143 Β.
2052 5090 2093 5120 ¹²
2118 5089 2275 5144 Rom.
2302 5106 2358 5159 ιι,
2380 5090 2466 5144 18.
2546 5089 2589 5121 ¹³
2629 5087 2787 5142 Rom.
2806 5102 2920 5153 xvr,
2939 5085 3032 5151 25,
3054 5085 3145 5139 26.
3223 5084 3265 5116 ¹⁸
3290 5084 3502 5140 Coloss-

250 5172 292 5223 l,
317 5156 373 5210 ϐ.
475 5158 520 5188 ¹⁸
553 5157 714 5223 ibid.,
746 5157 837 5211 23.
943 5157 987 5188 "
1018 5156 1037 5210 Ι
1064 5155 1207 5210 Tim.
1241 5172 1325 5221 ιιι,
1356 5156 1444 5209 16.

324 5266 441 5338 (85)
462 5270 519 5324 In
537 5269 742 5327 noviss.
762 5267 898 5338 Opp.
918 5268 1050 5325 edit.
1078 5268 1136 5323 S.
1182 5266 1382 5322 Justin.
1409 5264 1505 5333 M.,
1541 5264 1728 5321 adnot.
1754 5266 1823 5321 ad

248 5336 400 5391 hunc
428 5340 627 5391 locum.

292 5354 400 5392 unc
428 5354 627 5393 locum.

323 5355 400 5392 ‘nc
428 5355 627 5393 locum.

323 5408 442 5477 (86)
475 5408 749 5471 Clemens,
782 5408 940 5477 epist.
967 5406 1003 5461 2
1052 5406 1118 5461 ad
1147 5405 1420 5471 Corinth.,
1460 5420 1580 5477 cap.
1615 5406 1641 5461 1
1680 5413 1735 5462 et
1763 5405 1820 5462 2.

328 5479 446 5548 (87)
484 5479 656 5548 idem,
684 5478 845 5548 epist.
880 5480 933 5544 1,
962 5493 1083 5548 cap.
1115 5477 1169 5532 4.

350 5493 421 5533 δι
484 5493 656 5560 luem,
684 5493 845 5545 eplSl.
880 5493 933 5544 1,
962 5493 1022 5559 ca
1070 5519 1083 5532 .
1115 5493 1169 5532 4.

347 5493 446 5616 88ξ
480 5547 651 5616 Epist.
681 5546 831 5601 Rom.
879 5493 1088 5616 pontii:
1123 5561 1244 5616 pag.
1274 5546 1365 5601 41.

348 5619 441 5688 89)
477 5617 758 5688 Clemens:
788 5632 873 5685 ep.
907 5618 959 5688 1,
990 5633 1110 5686 cap.
1143 5617 1231 5671 3|.

323 5682 440 5761 (90)
478 5686 691 5743 Hissal.
716 5682 890 5755 Rom.,
917 5682 1154 5744 Sabbato
1177 5682 1455 5756 sancto,ad
1472 5685 1715 5757 prephet.
1766 5686 1820 5741 4.

2002 5270 2113 5340 (91)
2155 5272 2481 5324 Breviarium
2510 5268 2685 5334 Rom.,
2714 5267 2949 5323 Sabbato
2966 5272 3091 5322 ante
3111 5263 3509 5337 Quinquagesi-

1927 5357 2096 5406 mam,
2128 5342 2193 5394 ad
2228 5340 2553 5411 Magniﬁcat.

1998 5411 2111 5477 (92)
2149 5406 2343 5479 Clemf,
2372 5406 2530 5479 epist.
2563 5408 2619 5471 2,
2650 5422 2769 5479 cap.
2802 5406 2858 5463 2.

1997 5481 2110 5554 es
2150 5480 2320 5554 Epist-
2354 5482 2406 5554 ιι
2441 5494 2560 5554 qap-
2606 5479 2659 5533 5-

1998 5495 2110 5554 (νο)
2150 5495 2320 5561 ιριει.
2354 5495 2406 5542 ι,
2441 5495 2560 5602 cap.
2606 5495 2659 5533 ι).

1998 5551 2116 5621 (94)
2156 5550 2327 5621 Epist.
2358 5551 2414 5621 2,
2448 5549 2474 5619 §
2542 5554 2593 5615 υ,
2618 5548 2865 5621 pag._77.

2001 5619 2113 5695 (95)
2155 5619 2326 5693 Epist.
2357 5620 2413 5688 2,
2452 5634 2572 5689 cap.
2609 5620 2632 5672 1
2669 5628 2722 5675 et
2759 5619 2813 5673 5.
