3936 6172
469 274 569 331 155

1592 272 1683 327 AD
1723 272 1779 328 S.
1820 270 2242 327 CLEMENTEM
2285 270 2303 324 l
2342 267 2570 324 PAPAM

3622 225 3739 317 ηε

465 390 948 462 θυιθηιπαθήματα
976 391 1126 446 nullo
1156 398 1314 462 pacto
1329 392 1440 447 Deo
1458 390 1608 445 Patri
1649 388 1871 443 attribui
1892 388 2037 458 lpos—
2067 392 2111 448 Α
2138 401 2199 440 ea
2231 400 2353 439 cum
2384 384 2523 438 idem
2562 382 2797 437 [renatus
2840 378 3210 452 apostolorum
3241 376 3582 447 temporibus
3612 382 3726 428 tam

465 482 597 544 sint,
626 481 896 551 reliquum
925 491 1011 536 est
1067 492 1124 537 ut
1166 483 1254 536 hic
1293 482 1478 538 Jesum
1526 480 1805 536 Christum
1847 478 2043 533 Filium

463 570 583 637 Dei,
612 571 782 628 Deum
806 572 874 628 de
904 572 1035 638 Deo,
1068 573 1238 630 Deum
1274 589 1463 629 verum
1491 572 1558 629 de
1587 573 1699 628 Deo
1727 586 1855 628 vero
1885 571 2043 625 intel-

464 664 659 720 lexerit
684 671 910 720 sanctus
942 664 1214 719 Clemens.

993 754 1394 812 ARTICULUS
1429 755 1519 813 lll.

535 862 603 900 DE
641 861 889 901 ‘I'EIPORE
925 861 1029 909 QUO
1065 862 1315 909 υτιιΑρυε
1356 861 1617 902 EPISTULA
1667 861 1974 901 CORINTHIIS

1049 933 1271 972 SCRlPTA
1309 932 1459 972 FUIT.

536 1026 615 1081 De
644 1036 891 1097 tempore,
921 1045 1021 1098 quo
1050 1030 1222 1098 prima
1253 1030 1353 1099 fuit
1380 1039 1624 1095 exarata,
1658 1030 1923 1099 opiniones
1962 1027 2045 1081 di-

466 1134 645 1174 versw.
673 1149 742 1159 —
766 1118 1029 1190 Superest
1057 1136 1206 1176 nunc
1236 1130 1450 1192 tempus
1496 1123 1902 1192 inquirendum,
1936 1135 2046 1190 quo

467 1217 695 1280 utraque
740 1212 971 1280 epistola
1003 1214 1178 1267 sancti
1208 1213 1504 1269 Clementis
1546 1212 1712 1267 fuerit
1744 1211 2046 1267 Corinthiis

465 1301 691 1372 scripta.
743 1302 807 1355 Et
857 1303 925 1359 de
987 1306 1169 1374 priore
1212 1305 1428 1375 quidem
1460 1321 1655 1375 magna
1695 1306 1835 1359 inter
1864 1305 2048 1359 erudi-

462 1402 549 1449 tos
579 1394 724 1451 viros
754 1398 1125 1452 controversia
1148 1406 1251 1452 est.
1285 1396 1361 1451 Ac
1390 1398 1514 1453 licet
1541 1398 1714 1467 prima
1745 1398 1892 1451 illius
1923 1413 2046 1452 ver-

463 1485 532 1540 ba
561 1485 627 1541 de
658 1488 1040 1556 persecutione
1065 1489 1210 1544 dicta
1249 1505 1372 1545 esse
1399 1489 1643 1560 plerique
1684 1505 1874 1544 omnes
1915 1505 2049 1543 cono

463 1579 735 1644 sentiant,
770 1594 831 1633 ea
865 1588 1045 1635 tamen
1079 1582 1170 1634 alii
1199 1582 1265 1636 de
1287 1580 1538 1645 Neronis,
1572 1581 1661 1634 alii
1691 1580 1759 1635 de
1792 1580 2050 1635 Domitia-

461 1670 519 1723 ni
549 1671 927 1740 persecutione
957 1675 1410 1743 interpretantur.
1441 1672 1509 1727 Et
1545 1673 1684 1728 hanc
1710 1674 1927 1743 quidem
1955 1672 2044 1726 alii

460 1759 779 1828 ferventem,
818 1764 911 1817 alii
960 1765 1301 1820 desinentem
1348 1766 1690 1835 intelligunt;
1723 1765 1852 1819 hinc
1896 1765 2044 1818 circa

462 1862 698 1925 tempus,
731 1872 840 1927 quo
868 1859 1099 1927 epistola
1129 1859 1221 1912 illa
1250 1868 1475 1913 exarata
1508 1865 1613 1922 est,
1646 1857 1843 1927 triplex
1870 1857 2045 1910 maxi-

459 1960 548 1999 me
582 1948 778 2002 existit
810 1949 1020 2018 Opinio.
1060 1947 1245 2002 Prima
1287 1956 1372 2004 est
1410 1946 1638 2002 Joannis
1667 1946 1878 2001 Ernesti
1908 1945 2046 2000 Gra-

461 2036 533 2091 bii
556 2036 693 2107 (96),
724 2037 873 2109 Pagii
898 2040 1033 2111 (97).
1063 2038 1185 2095 Orsi
1212 2039 1363 2111 (98),
1403 2047 1458 2094 et
1492 2038 1757 2094 Gallandii
1781 2036 1915 2111 (99),
1950 2036 2043 2106 qui

460 2144 578 2184 eam
607 2128 841 2185 Neronis
872 2133 1251 2200 persecutione
1281 2131 1585 2195 desinente,
1634 2131 1879 2199 proxime
1920 2138 2044 2199 post

460 2221 832 2290 apostolorum
850 2220 995 2275 Petri
1018 2230 1069 2276 et
1088 2221 1240 2275 Pauli
1267 2222 1611 2292 martyrium,
1638 2222 1739 2275 hoc
1766 2229 1874 2288 est,
1898 2237 2045 2277 anno

457 2310 665 2365 Christi
694 2309 763 2365 68
798 2312 878 2366 vel
910 2312 1072 2365 etiam
1109 2312 1177 2366 65
1198 2318 1451 2374 exeunte,
1479 2312 1739 2380 scriptam
1768 2326 1891 2366 esse
1917 2326 2045 2365 con-

460 2402 719 2472 tendunt;
760 2404 930 2458 altera
961 2402 1238 2458 Godefridi
1289 2403 1589 2468 Vendelini,
1622 2404 1867 2459 eamdem
1899 2418 2042 2458 anno

459 2492 664 2548 Christi
694 2493 763 2548 95
803 2491 1046 2548 fervente
1086 2493 1373 2548 Domitiani
1404 2494 1783 2563 persecutione
1815 2494 2044 2563 alligan-

461 2582 557 2639 tis.
588 2580 871 2638 Postrema
902 2584 1156 2639 Cotelerii
1188 2594 1350 2655 atque
1378 2584 1728 2649 Tillemontii,
1759 2585 1851 2655 qui
1891 2585 2041 2639 illam

460 2676 745 2731 desinente
779 2676 1026 2745 ejusdem
1073 2676 1421 2746 imperatoris
1472 2680 1853 2748 persecutione
1895 2678 2040 2734 circa

461 2779 667 2819 annum
708 2763 912 2819 Christi
950 2766 1019 2819 97
1058 2767 1315 2835 scriptam
1368 2768 1727 2823 arbitrantur.
1778 2766 2040 2833 Quartam

459 2855 547 2911 vir
590 2855 933 2911 clarissimus
976 2855 1239 2912 Claudius
1284 2856 1478 2929 Fleury
1505 2859 1651 2929 (100)
1691 2860 2037 2925 excogitavit,

459 2961 582 3016 qua:
625 2945 691 3001 ad
722 2944 907 3000 Grabii
950 2948 1275 3001 sententiam
1307 2950 1533 3020 prOpius
1563 2949 1794 3004 accedit.
1838 2947 2040 3019 Nempe

460 3037 530 3090 ad
558 3039 612 3091 id
656 3044 892 3107 tempus,
921 3038 1066 3107 quod
1100 3037 1331 3094 Neronis
1379 3039 1657 3094 interitum
1707 3040 1939 3110 excepit,
1984 3050 2039 3094 et

460 3128 974 3201 Jerosolymitanum
1007 3130 1301 3186 antecessit
1330 3130 1625 3196 excidium,
1654 3131 1844 3186 referri
1877 3147 2038 3202 posse

462 3222 734 3292 opinatur,
781 3229 833 3275 et
863 3237 1024 3277 casus
1066 3221 1346 3284 adversos,
1396 3222 1451 3275 in
1481 3223 1724 3290 epistola:
1770 3223 2038 3291 principio

461 3320 813 3377 memoratos,
847 3314 915 3368 de
943 3313 1086 3367 bello
1114 3313 1440 3384 civili,quod
1468 3313 1699 3370 Neronis
1727 3330 1876 3369 mors
1898 3313 2043 3369 exci-

462 3404 618 3469 tavit,
644 3405 1051 3473 interpretatur.

534 3492 689 3549 Circa
721 3512 913 3548 annum
945 3494 1144 3551 Christi
1172 3494 1262 3560 97,
1292 3496 1634 3565 probabiliter
1663 3497 1862 3566 scripta
1900 3496 2039 3550 dici-

464 3594 572 3642 tur.
596 3616 662 3626 —
686 3585 991 3642 Obscurum
1028 3603 1136 3641 non
1170 3595 1275 3652 est,
1302 3587 1633 3644 Clementem
1666 3589 1737 3643 ibi
1760 3590 1827 3644 de
1848 3604 2041 3643 aerum-

464 3680 574 3741 nis,
604 3679 803 3748 quibus
847 3694 1107 3749 oppressa
1156 3686 1273 3735 erat
1316 3678 1561 3735 Romana
1603 3680 1868 3745 Ecclesia,
1914 3696 2040 3735 eum

466 3768 876 3824 Corinthiorum
902 3770 1189 3839 epistolam
1240 3772 1468 3839 accepit,
1500 3771 1595 3825 sed
1638 3785 1669 3823 a
1698 3772 1895 3840 quibus
1950 3785 2042 3825 re-

463 3864 724 3935 spirabat,
745 3877 869 3915 cum
912 3863 1054 3918 hanc
1098 3864 1407 3933 rescripsit,
1460 3864 1660 3919 habere
1710 3878 2037 3927 sermonem,

466 3951 710 4021 adeoque
736 3950 1027 4007 Vendelini
1058 3954 1124 4009 de
1150 3955 1530 4025 persecutione
1561 3954 1798 4010 fervente
1823 3963 2043 4010 senten-

465 4044 597 4096 tiam
627 4043 851 4099 minime
877 4044 1210 4113 probandam
1241 4060 1384 4099 esse.
1416 4044 1601 4115 Neque
1624 4046 1806 4100 minus
1836 4052 2040 4100 certum

466 4145 535 4183 ex
564 4131 754 4185 eodem
781 4132 1008 4186 exordio
1037 4132 1348 4199 coniicitur,
1376 4148 1649 4188 aerumnas
1679 4135 1800 4189 illas
1826 4135 1893 4189 dc
1920 4150 2043 4204 per—

467 4222 748 4278 secutione
768 4222 999 4279 Neronis
1021 4225 1365 4294 interpretari
1396 4242 1502 4279 non
1527 4227 1709 4282 licere.
1734 4226 1877 4281 Nihil
1898 4230 2043 4281 enim

466 4320 605 4378 erat,
638 4328 736 4367 cur
764 4314 819 4367 in
853 4314 1155 4369 litterarum
1186 4315 1436 4369 tarditate
1458 4313 1753 4370 Corinthiis
1776 4331 2043 4371 excusan-

2144 478 2357 530 vicinus
2387 476 2722 528 Clementem
2751 473 2912 527 tertio
2940 472 3060 525 loco
3088 472 3158 526 ab
3187 469 3452 540 apostolis
3476 475 3603 538 post
3633 465 3727 519 Li-

2145 584 2272 622 num
2294 566 2589 628 etCletum,
2608 580 2726 631 seu,
2753 572 2813 618 ut
2829 572 3007 628 vocat,
3034 561 3378 623 Anacletum.
3398 558 3587 614 Romae
3607 556 3729 628 epi-

2144 666 2423 726 sc0patum
2471 655 2724 710 sortitum
2772 668 2896 709 esse
2931 652 3158 716 scribat,
3210 652 3482 720 reliquum
3517 656 3628 714 est,
3665 657 3729 701 ut

2143 763 2268 803 eum
2294 746 2539 816 pluribus
2574 752 2696 815 post
2725 743 2992 799 Neronem
3028 742 3186 797 annis
3232 740 3491 796 Romanre
3531 739 3728 795 Eccle-

2146 838 2241 893 site
2287 836 2807 891 administrationem
2859 835 3171 905 suscepisse
3216 832 3527 889 crediderit.
3564 832 3728 886 Hunc

2145 940 2324 985 autem
2354 945 2418 984 ea
2464 931 2520 983 in
2549 944 2610 984 re
2643 928 2839 983 falsum
2887 943 3031 991 esse,
3061 928 3183 997 quis
3214 927 3316 981 sibi
3362 925 3730 997 persuadeat?

2147 1019 2334 1073 Eidem
2362 1018 2731 1089 suffragantur
2756 1025 2809 1073 et
2843 1017 3091 1088 plerique
3144 1016 3357 1081 Patres,
3388 1017 3483 1087 qui
3517 1015 3729 1069 Roma-

2147 1125 2338 1164 norum
2368 1109 2680 1179 pontificum
2713 1110 2908 1164 seriem
2943 1117 3155 1175 texunt,
3187 1118 3349 1179 atque
3378 1108 3482 1177 ipsi
3508 1116 3729 1163 veteres

2148 1200 2403 1270 catalogi,
2432 1201 2488 1254 in
2523 1201 2721 1270 quibus
2749 1198 2910 1255 Petro
2937 1199 3128 1265 Linus,
3164 1199 3299 1255 Lino
3341 1199 3546 1266 Cletus,
3592 1200 3731 1253 huic

2147 1292 2398 1347 Clemens
2428 1295 2763 1349 successisse
2790 1293 3005 1363 legitur.
3035 1293 3155 1363 Ipsa
3183 1308 3397 1363 quoque
3427 1292 3734 1347 Clementis

2148 1385 2310 1437 verba
2348 1384 2525 1453 capite
2552 1384 2621 1438 44
2651 1383 2816 1452 hujus
2847 1384 3091 1453 epistolae
3119 1384 3465 1439 occurrentia
3499 1383 3595 1452 qui
3624 1397 3730 1437 ex-

2150 1475 2416 1545 penderit,
2452 1477 2542 1529 tibi
2573 1475 2791 1530 laudata
2824 1475 3195 1545 apostolorum
3228 1475 3564 1545 providentia
3598 1474 3735 1528 subo

2149 1568 2257 1621 dit:
2280 1566 2381 1632 Qui
2401 1567 2562 1636 igitur
2587 1566 2649 1620 ab
2679 1566 2810 1631 illis,
2834 1575 2925 1618 aut
2953 1565 3189 1633 deinceps
3216 1567 3282 1619 ab
3310 1568 3430 1621 aliis
3455 1568 3578 1621 viris
3607 1569 3733 1622 exi-

2152 1659 2273 1711 miis
2307 1658 2578 1711 constituti
2606 1667 2818 1713 sunt....
2856 1674 2919 1711 ac
2962 1658 3115 1728 longo
3144 1667 3369 1726 tempore
3405 1659 3727 1727 praeclarum

2075 1744 2116 1797 Β
2146 1750 2209 1801 ab
2249 1748 2488 1802 omnibus
2533 1750 2890 1804 testimonium
2928 1758 3282 1817 reportarunt,
3316 1749 3408 1804 hos
3451 1766 3727 1803 censemus

2066 3079 2111 3139 C

2146 1842 2305 1909 Ofﬁcio
2336 1841 2531 1909 injuste
2581 1840 2755 1909 dejici.
2789 1840 2934 1903 Haec,
2966 1841 3209 1911 inquam,
3240 1842 3332 1911 qui
3382 1840 3728 1910 expenderit,

2144 1947 2467 2001 persuasum
2501 1932 2604 1988 sibi
2634 1932 2875 1997 habebit,
2906 1932 3192 2002 epistolam
3224 1932 3383 1987 istam
3414 1939 3543 1985 tunc
3576 1938 3728 1986 temo

2145 2024 2294 2093 poris
2324 2025 2690 2095 conscriptam
2718 2040 2867 2091 esse,
2896 2039 3020 2077 cum
3053 2024 3121 2078 ab
3169 2022 3346 2077 cilicio
3379 2037 3480 2077 suo
3523 2022 3724 2076 remoti

2147 2115 2377 2169 fuissent
2427 2116 2760 2187 presbyteri;
2795 2116 2889 2187 qui
2947 2131 3057 2170 non
3107 2116 3283 2171 solum
3313 2115 3383 2169 ab
3432 2115 3724 2184 apostolis.

2145 2207 2240 2262 sed
2266 2208 2428 2262 etiam
2458 2208 2527 2262 ab
2555 2208 2678 2263 aliis
2706 2208 2983 2278 deinceps,
3016 2206 3120 2262 hoc
3144 2215 3228 2262 est
3257 2206 3326 2260 ab
3355 2221 3543 2261 eorum
3590 2220 3727 2258 suc-

2143 2299 2457 2353 cessoribus
2499 2298 2754 2363 ordinati,
2802 2314 3003 2354 munus
3052 2313 3210 2353 suum
3268 2298 3431 2368 longo
3476 2308 3728 2366 tempore

2144 2391 2413 2445 obierant.
2449 2389 2713 2445 Standum
2744 2391 2907 2461 igitur
2939 2396 3023 2446 est
3054 2390 3337 2445 sententia:
3390 2389 3632 2453 Eusebii,
3666 2390 3724 2442 in

2144 2483 2301 2551 cujus
2325 2482 2597 2537 Chronico
2622 2484 2697 2553 (5)
2739 2482 3088 2553 pontificatus
3121 2481 3420 2537 Clementis
3468 2482 3623 2535 initia
3653 2482 3727 2535 ad

2144 2582 2448 2643 postremos
2523 2573 2815 2628 Domitiani
2866 2576 3211 2645 imperatoris
3248 2589 3423 2628 annos
3470 2574 3730 2629 referun-

2144 2673 2250 2720 tur.
2281 2663 2434 2721 Unde
2465 2665 2599 2719 nihil
2626 2666 2823 2719 rationi
2850 2667 3023 2737 magis
3056 2673 3483 2721 consentaneum
3526 2680 3732 2720 occur-

2143 2758 2235 2821 rit,
2267 2772 2427 2826 quam
2460 2763 2517 2810 ut
2554 2756 2962 2811 Corinthiorum
3000 2759 3286 2828 epistolam
3316 2758 3575 2812 saeviente
3620 2756 3730 2811 Do-

2142 2850 2347 2904 mitiani
2374 2850 2750 2920 persecutione
2790 2848 3015 2903 Romam
3060 2850 3397 2920 pervenisse,
3427 2859 3589 2921 atque
3617 2852 3732 2907 illis

2140 2941 2326 2997 eadem
2355 2943 2731 3011 persecutione
2752 2941 3036 2996 desinente
3064 2958 3095 2995 a
3124 2942 3405 2999 Clemente
3443 2945 3591 2999 circa
3627 2960 3734 2997 an-

2141 3050 2271 3087 num
2300 3033 2501 3087 Christi
2533 3033 2601 3087 97
2634 3035 2961 3104 rescriptum
2995 3050 3117 3090 esse
3145 3050 3490 3090 censeamus.

2208 3124 2713 3195 Jerosolymitanum
2763 3128 3010 3195 templum
3058 3127 3261 3181 stetisse
3311 3142 3377 3181 ea:
3405 3144 3469 3181 ea
3510 3127 3736 3180 minimc

2139 3219 2435 3285 con/icitur.
2480 3248 2549 3257 —
2582 3216 2769 3287 Neque
2800 3218 2887 3273 his
2915 3217 3235 3273 adversatur
3265 3219 3397 3273 illud
3424 3218 3735 3273 Clementis

2140 3310 2310 3363 nostri
2335 3310 2447 3380 (4):
2482 3310 2602 3363 Non
2633 3310 2838 3379 ubique,
2871 3310 3086 3378 fratres,
3116 3311 3409 3379 o/feruntur
3452 3312 3735 3380 sacrificia

2131 3402 2308 3471 jugia,
2343 3403 2419 3456 vel
2467 3404 2655 3466 votiva,
2688 3410 2763 3457 vel
2791 3420 2886 3472 pro
2911 3412 3123 3473 peccato
3153 3413 3202 3456 et
3246 3403 3460 3469 delicto,
3492 3403 3583 3457 sed
3632 3401 3738 3458 Je-

2140 3492 2417 3563 rosolymis
2442 3502 2667 3548 tantum.
2698 3492 2848 3549 Licet
2870 3494 3105 3550 Grabius
3138 3494 3265 3548 hinc
3285 3503 3439 3550 certo
3465 3495 3569 3550 sibi
3598 3511 3735 3549 con-

2140 3594 2287 3640 stare
2317 3585 2484 3647 dicat,
2515 3587 2777 3656 templum
2811 3586 3330 3658 Jerosolymitanum
3361 3596 3493 3642 tunc
3536 3590 3734 3644 stetis-

2140 3692 2219 3741 se,
2246 3684 2407 3747 atque
2431 3678 2700 3733 excidium
2732 3680 2898 3744 illius,
2928 3681 3072 3750 quod
3100 3680 3156 3735 in
3185 3695 3390 3735 annum
3415 3679 3481 3735 70
3509 3680 3731 3746 incidit,

2136 3766 2369 3821 necdum
2404 3768 2733 3838 contigisse;
2756 3769 2997 3839 alioquin
3026 3786 3134 3825 non
3160 3772 3475 3840 o/I‘eruntur,
3507 3773 3560 3827 in
3590 3788 3735 3842 pm

2141 3859 2303 3921 senti,
2334 3857 2428 3914 sed
2461 3859 2590 3913 olim
2624 3860 3000 3928 o/jerebantur,
3038 3861 3234 3917 fuisset
3260 3863 3573 3919 dicendum.

2218 3948 2413 4005 Verum
2454 3966 2564 4005 non
2596 3952 2730 4007 satis
2775 3952 3006 4008 attendit
3044 3953 3128 4007 vir
3156 3954 3406 4009 eruditus
3448 3959 3731 4012 sermonis

2141 4058 2324 4107 usum,
2363 4059 2471 4113 quo
2514 4060 2603 4099 res
2633 4046 2936 4113 praeteritas
2963 4045 3130 4099 veluti
3158 4055 3459 4115 praesentes
3489 4045 3560 4101 ob
3588 4063 3735 4101 ocu-

2143 4135 2224 4189 los
2253 4149 2474 4202 ponere,
2507 4142 2562 4190 et
2592 4151 2688 4205 per
2715 4150 2956 4205 praisens
2986 4144 3203 4205 tempus
3254 4137 3543 4190 enuntiare
3591 4152 3733 4190 nar-

2143 4225 2289 4278 ranti
2318 4226 2460 4280 licet.
2493 4225 2633 4292 Quid
2666 4228 2808 4281 enim
2842 4227 2897 4281 in
2928 4227 3031 4281 hac
3060 4227 3291 4296 epistola
3324 4227 3429 4281 sibi
3455 4227 3590 4289 vult,
3632 4245 3726 4281 sa-

2145 4318 2344 4386 criﬁcia
2372 4334 2474 4371 non
2503 4319 2557 4371 in
2580 4321 2721 4372 omni
2753 4320 2889 4383 loco,
2918 4319 3008 4373 sed
3035 4317 3382 4388 Jerosolymis
3413 4328 3621 4372 tantum
3649 4321 3739 4389 of-

471 4406 542 4460 da
603 4405 709 4460 hoc
753 4413 1053 4471 taceretur,
1112 4405 1332 4461 Petrum
1382 4406 1670 4469 videlicet,
1713 4407 1873 4474 cujus
1920 4415 2038 4460 erat
2074 4406 2115 4461 D
2144 4409 2406 4478 feruntur,
2444 4410 2550 4465 nisi
2600 4411 2764 4475 illud,
2795 4426 2860 4465 ex
2909 4411 3226 4480 praescripto
3275 4412 3409 4481 legis
3448 4412 3729 4466 sacriﬁcia

466 4498 712 4568 ipsorum
736 4498 1055 4556 satisfacere
1074 4500 1492 4571 quaestionibus,
1515 4500 1580 4554 iis
1597 4500 1831 4569 acceptis
1854 4499 2045 4554 deten-

466 4604 605 4655 tum.
639 4610 861 4658 caesum,
891 4603 946 4650 et
984 4611 1014 4649 e
1058 4596 1197 4649 vivis
1231 4595 1400 4649 fuisse
1434 4594 1730 4651 sublatum.
1758 4594 1959 4649 Deinde
1989 4597 2043 4651 in

467 4694 587 4742 toto
626 4686 883 4756 Epistolas
909 4694 1167 4741 contextu
1207 4686 1342 4740 illud
1374 4685 1642 4748 innuitur,
1674 4700 1798 4739 eum
1840 4687 2041 4756 ipsum,

468 4777 563 4845 qui
592 4791 740 4830 nunc
779 4777 1058 4841 rescribit,
1091 4776 1244 4844 prius
1275 4775 1685 4830 Corinthiorum
1712 4777 1915 4846 scripta
1952 4792 2044 4831 ac-

470 4868 703 4937 cepisse.
734 4866 1003 4933 Quocirca
1034 4868 1101 4921 ad
1132 4869 1369 4923 litteram
1405 4867 1737 4939 intelligendi
1768 4876 1896 4925 sunt
1930 4876 2043 4923 tum

472 4956 708 5011 Irenzeus
730 4957 830 5026 (l),
855 4966 969 5011 tum
1000 4957 1332 5027 Hegesippus
1356 4958 1454 5029 (2),
1475 4974 1599 5013 cum
1621 4960 2040 5028 dissensionem,

471 5063 636 5118 quam
668 5046 860 5103 sedare
906 5063 1053 5101 nunc
1091 5060 1318 5104 conatur
1347 5049 1617 5115 Clemens,
1649 5067 1758 5105 non
1790 5054 1893 5107 sub
1940 5051 2043 5107 Pc-

473 5148 579 5203 tro,
599 5137 694 5192 sed
723 5136 1109 5193 subClemente
1133 5147 1308 5193 ortam
1338 5156 1462 5196 esse
1487 5148 1778 5197 testantur.
1810 5142 2045 5197 Praeter-

696 5292 943 5382 §piciteg.
963 5293 1243 5382 fanum”
1271 5304 1405 5382 tom.
1434 5297 1476 5365 1,
1491 5312 1640 5382 pag;
1660 5295 1767 5382 ζει
1789 5305 1841 5351 et
1868 5295 1993 5351 255.

550 5363 663 5438 (97)
801 5366 919 5417 crit.
953 5364 1192 5438 Baronii,
1224 5369 1289 5421 ad
1323 5363 1469 5438 ann.
1491 5363 1643 5438 78,'§
1674 5368 1727 5438 5.

550 5374 664 5495 (υῖζ
704 5374 770 5417 In
801 5374 919 5417 crit.
953 5374 1192 5428 ﬂorenti,
1224 5374 1289 5421 ad
1323 5383 1451 5420 ann.
1491 5374 1575 5430 78,
1616 5374 1643 5438 §
1674 5374 1727 5422 3.

548 5435 669 5507 t98_
703 5433 907 5489 Histor.
936 5436 1088 5502 eccl.,
1120 5437 1213 5492 lib.
1245 5453 1303 5500 II,
1341 5436 1368 5507 §
1400 5436 1489 5500 52,
1522 5446 1654 5493 toni.
1690 5437 1730 5500 1,
1761 5451 1884 5506 pag.
1914 5435 2041 5499 411,

476 5504 607 5559 edit.
639 5504 795 5558 Rom.

549 5574 766 5647 (99)_In
800 5577 992 5631 noviss.
1032 5575 1280 5630 Biblioth.
1316 5574 1456 5644 PP.,
1487 5584 1618 5631 tom.
1652 5574 1693 5640 l,
1725 5576 1779 5631 in
1812 5577 2040 5647 prolcg.,

481 5659 602 5716 pag.
640 5644 725 5710 19,
764 5662 915 5703 nnn.
943 5648 996 5701 9.

2142 4499 2494 4571 Jerosolymis
2526 4510 2728 4555 tantum
2777 4501 3104 4570 oﬁ‘eruntur?
3132 4502 3279 4572 quod
3318 4502 3540 4573 quidem
3582 4518 3731 4575 pne-

2143 4595 2406 4663 scriptum
2431 4608 2556 4646 eum
2584 4594 2881 4648 etiamnum
2915 4594 2969 4648 in
3002 4593 3120 4663 lege
3157 4602 3401 4659 maneat,
3438 4593 3554 4662 ipsa
3600 4594 3733 4648 Cle-

2144 4684 2342 4738 mentis
2367 4682 2528 4737 verba
2560 4683 2720 4736 etiam
2750 4682 2907 4737 nobis
2943 4682 3138 4737 eil‘erre
3185 4696 3297 4736 non
3342 4684 3526 4753 inepte
3573 4700 3733 4738 nunc

2143 4775 2349 4829 liceret.
2380 4772 2586 4843 Nempe
2610 4773 2861 4828 Clemens
2890 4773 3301 4843 comparatione
3341 4787 3408 4827 ac
3432 4788 3588 4828 more
3627 4773 3732 4828 Ju-

2144 4866 2405 4929 da:orum,
2436 4865 2635 4934 quibus
2678 4864 3073 4918 sacriﬁciorum
3106 4864 3254 4935 leges
3295 4880 3328 4919 a
3360 4867 3546 4937 Moyse
3585 4882 3735 4937 prae-

2145 4958 2480 5019 scribuntur,
2512 4954 2840 5009 Christianis
2871 4962 3065 5009 auctor
3093 4962 3199 5019 est,
3232 4962 3293 5009 ut
3323 4963 3380 5010 et
3409 4956 3515 5026 ipsi
3546 4964 3725 5011 statu-

2145 5058 2259 5105 tum
2293 5049 2360 5102 ab
2386 5049 2647 5117 apostolis
2678 5047 3015 5102 oblationum
3045 5055 3100 5101 et
3127 5046 3430 5102 ciliciorum
3473 5049 3726 5103 ordinem

2145 5149 2453 5194 reverenter
2480 5137 2749 5207 accipiant
2780 5152 2843 5191 ac
2870 5145 3106 5193 servent.
3140 5136 3255 5193 Hoc
3284 5146 3488 5203 autem,
3519 5145 3580 5193 ut
3606 5140 3725 5209 ipse

2213 5295 2381 5365 (100)
2404 5293 2586 5348 Tom.l
2614 5292 2763 5365 Eccl.
2796 5293 2944 5365 ἡξει,
2972 5309 3098 5365 pag.
3127 5294 3258 5359 265,
3290 5297 3424 5351 edit.
3467 5296 3659 5352 Latin.

2215 5366 2292 5438 (1)
2328 5364 2540 5438 Lib-._n_t
2585 5364 2799 5438 A_d_vers.
2832 5364 3205 5438 hwres.,’cap.
3243 5367 3297 5432 '5,
3331 5376 3386 5423 et
3421 5367 3566 5438 apud
3611 5366 3726 5424 Ειι-

2145 5432 2374 5495 sebium,
2411 5432 2581 5496 Η.Ε.⁴,
2614 5434 2706 5488 lib.
2743 5450 2794 5495 v,
2824 5450 2872 5488 c.
2903 5433 2957 5488 6.

2214 5503 2290 5574 (2)
2329 5504 2484 5572 Apud
2514 5502 2732 5568 Euseb.,
2766 5504 2860 5559 lib.
2893 5519 2968 5567 Iv,
2999 5520 3121 5574 cap.
3151 5504 3242 5562 22.

2216 5575 2292 5641 (5)
2331 5574 2464 5640 Cap.
2500 5574 2587 5627 15.

2216 5645 2289 5713 μ)
2330 5643 2497 5714 Epist.
2530 5644 2554 5699 1
2587 5642 2780 5709 Clem.,
2811 5658 2929 5714 cap.
2961 5644 3050 5699 41.
