3936 6172
258 297 365 353 r57
1516 290 1854 348 PRO(EMIA
1894 290 2276 348 VARIORUM.
3414 304 3514 359 '33

250 413 341 466 vir
370 408 762 465 celeberrimus
791 408 1051 464 Claudius
1084 407 1278 481 Fleury
1310 409 1509 464 fatetur
1533 410 1634 477 (5),
1669 408 1723 464 in
1748 424 1845 463 ex-
1872 411 1918 467 Α
1945 408 2037 477 qui
2068 417 2291 480 propter
2322 410 2631 475 exordium,
2663 412 2719 465 in
2749 426 2860 481 quo
2883 411 3144 467 salutatio
3182 427 3304 467 cum
3354 428 3515 484 prece

252 502 523 571 ponendis
552 502 1054 571 comparationibus
1083 516 1186 555 usu
1215 501 1383 564 venit,
1418 509 1478 555 ut
1509 516 1598 555 res
1619 510 1844 571 praeter-
1946 498 2270 569 conjuncta,
2294 510 2486 556 contra
2517 501 2891 572 apostolorum
2956 511 3123 572 atque
3163 504 3337 575 ipsius
3391 504 3516 561 Cleo

252 593 345 646 itae
396 594 622 661 perinde
654 609 718 650 ac
744 594 790 650 si
813 601 1111 665 praesentes
1139 593 1417 657 adessent,
1442 592 1513 647 ob
1541 594 1729 649 oculos
1754 608 1846 662 po-
1945 593 2146 659 mentis
2175 595 2583 663 morem,dcest,
2613 610 2733 650 eam
2786 596 2839 650 in
2882 596 3229 651 homiliarum
3288 612 3514 653 censum

247 691 478 738 nantur.
1944 683 2282 739 referendam
2339 700 2463 741 esse
2506 686 2794 756 judicavit.
2828 685 3028 741 Verum
3089 705 3199 744 non
3239 698 3388 743 tanta
3430 698 3516 745 est

322 776 438 831 Nec
465 779 703 849 sequitur
733 794 799 834 ea:
844 796 928 844 ea,
959 790 1017 834 ut
1042 778 1192 835 Petri
1218 788 1267 833 et
1316 778 1478 833 Pauli
1524 781 1842 851 martyrium
1942 776 2059 831 hinc
2096 777 2259 841 ratio,
2310 788 2367 833 ut
2393 787 2663 843 veterum,
2710 782 2803 849 qui
2845 779 3123 849 epistolam
3169 791 3512 852 nuncupant,

242 870 1086 940 proxime'exceperit.—Frustra
1107 872 1270 927 etiam
1293 870 1625 927 Clementem
1655 874 1840 943 proxi—
1942 884 2159 925 summo
2185 872 2478 926 consensui
2508 887 2615 926 non
2639 872 2815 926 dicam
2841 872 3120 938 anteferri,
3153 874 3246 929 sed
3272 874 3357 929 vel
3381 888 3515 929 con-

244 975 337 1014 me
367 969 493 1031 post
517 961 663 1017 Petri
692 971 747 1019 et
791 962 948 1018 Pauli
979 966 1301 1036 martyrium
1346 964 1637 1035 scripsisse
1664 980 1730 1021 ex
1772 980 1839 1021 eo
1943 959 2074 1014 ferri
2129 960 2243 1016 ullo
2295 962 2457 1017 modo
2502 962 2695 1017 valeat.
2730 961 2970 1033 Longius
3021 963 3199 1017 adhuc
3246 966 3515 1034 processit

242 1053 551 1123 colligitur,
570 1055 717 1125 quod
738 1055 1099 1128 capimus),
1133 1056 1340 1121 Abelis,
1358 1055 1839 1131 Jacob,;Moysiset
1941 1050 2273 1119 Dodwellus,
2308 1054 2813 1127 intemperantioris
2844 1057 3063 1113 critices
3104 1065 3345 1114 sectator
3398 1070 3514 1113 stu-

242 1140 498 1207 Davidis,
540 1144 634 1215 qui
678 1161 776 1216 per
811 1148 1214 1203 emulationem
1269 1163 1334 1203 ac
1386 1148 1644 1204 invidiam
1669 1151 1838 1205 multa
1939 1141 2311 1209 diosissimus,
2341 1146 2435 1217 qui
2459 1161 2707 1202 asserere
2738 1162 2847 1202 non
2878 1146 3170 1213 dubitavit,
3211 1148 3332 1204 loca
3374 1164 3515 1204 non-

240 1236 398 1305 passi
432 1246 583 1300 sunt,
617 1240 905 1306 prmmissis
934 1241 1212 1309 exemplis,
1246 1242 1435 1311 capitis
1466 1241 1500 1297 5
1524 1241 1676 1295 initio
1707 1243 1812 1297 subi

1938 1232 2087 1285 nulla
2114 1231 2359 1302 ejusdem
2382 1234 2627 1305 epistola:
2656 1235 2856 1306 stylum
2902 1236 3236 1307 eclogarium
3265 1236 3512 1311 Hypoty—

234 1328 394 1395 ficit:
430 1346 450 1377 ι
483 1328 587 1382 Sed
620 1330 798 1383 missis
839 1330 1095 1387 veteribus
1138 1333 1389 1401 exemplis
1442 1334 1709 1389 veniamus
1767 1337 1837 1391 ad
1937 1336 2144 1392 P0530“
2199 1322 2495 1380 Clementis
2542 1326 2900 1382 Alexandrini
2959 1328 3207 1395 ι’θῖθιτθν
3268 1330 3511 1400 adeoque

238 1418 531 1485 proximos
554 1418 790 1474 athletas
817 1430 866 1474 et
900 1421 1075 1476 aetatis
1106 1430 1301 1477 nostra:
1325 1439 1576 1493 generosa
1596 1427 1837 1496 exempla
1932 1413 2216 1491 immist
2246 1415 2482 1472 ίηνίεθῐη
2514 1416 2652 1472 dUOS
2681 1417 2804 1472 illos
2830 1416 3001 1475 illisse
3029 1417 3355 1477 Ciemenles.
3404 1420 3511 1476 Sed

236 1523 521 1561 sumamus
546 1508 645 1579 (7),
684 1528 702 1560 ι
732 1524 795 1564 ac
840 1510 1036 1567 deinde
1064 1510 1212 1567 Petri
1239 1520 1293 1569 et
1335 1512 1488 1570 pauii
1514 1519 1835 1589 martyrium
1936 1520 2197 1562 censores
2215 1506 2527 1564 istiusmodi
2557 1508 2864 1576 mittamus,
2889 1510 2980 1581 qui
3029 1525 3059 1565 a
3081 1511 3312 1567 veritate
3354 1512 3512 1583 longe

234 1608 487 1654 enarrat.
517 1599 686 1654 Nemo
719 1601 863 1656 enim
887 1619 998 1657 non
1027 1604 1195 1670 videt,
1220 1620 1383 1675 quam
1410 1614 1561 1663 recte
1584 1608 1835 1667 Clemens
1936 1596 2189 1654 aberrare
2217 1608 2541 1655 ηοδοιιηῑυΐ·

238 1690 393 1743 circa
426 1706 632 1745 annum
664 1691 869 1750 Christi
895 1695 965 1751 97
989 1693 1140 1753 Petri
1190 1712 1255 1752 ac.
1279 1695 1435 1754 Pauli
1484 1703 1806 1772 martyrium

2006 1689 2127 1744 Duo
2161 1690 2382 1745 maximi
2411 1692 2660 1746 momenti
2688 1692 3005 1747 documenta
3030 1710 3124 1763 pro
3146 1694 3411 1763 ﬁdelibus.
3440 1726 3512 1737 —

235 1794 367 1833 cum
408 1783 752 1853 temporibus
797 1784 1041 1851 Davidis,
1092 1784 1317 1858 Moysis,
1352 1785 1522 1845 Iacob
1550 1798 1605 1846 et
1632 1749 1836 1848 JAbelis
1863 1749 1911 1811 Β
1939 1780 2015 1837 Ex
2033 1782 2345 1839 venerando
2366 1783 2471 1839 hoc
2509 1797 2682 1841 sacrae
2735 1785 3079 1856 antiquitatis
3130 1796 3506 1851 monumento,

234 1881 645 1943 comparatum,
689 1878 990 1946 proximum
1022 1894 1086 1933 ac
1136 1880 1364 1936 uicinum
1412 1885 1588 1939 ωιαιεε
1637 1896 1834 1943 "cum
1935 1874 2083 1946 quod
2116 1891 2386 1931 summam
2417 1876 2721 1946 primorum
2744 1875 3187 1932 Christianorum
3240 1878 3507 1948 simplici-

232 1965 465 2021 dixerit.
496 1962 613 2023 rmo
642 1985 820 2041 neque
851 1972 1160 2041 proximum
1192 1975 1260 2030 ab
1288 1989 1355 2031 eo
1382 1975 1586 2032 dicitur
1613 1977 1829 2044 diebus,
1933 1975 2103 2025 “item
2130 1968 2296 2039 εθβίῑν
2330 1968 2441 2025 duo
2481 1970 2538 2023 ίη
2563 1968 2756 2039 Primis
2786 1970 3009 2025 ῐηθιίιηί
3038 1971 3299 2026 momen“
3335 1971 3507 2025 domi"

233 2057 444 2126 quibus
476 2060 687 2125 scribit,
718 2061 813 2116 sed
843 2062 990 2117 aetati
1022 2062 1222 2137 (γενεᾷ)
1252 2081 1417 2137 quam
1464 2069 1595 2141 agit,
1628 2085 1725 2127 seu
1774 2073 1812 2128 ir

1934 2067 2117 2115 menta
2163 2059 2349 2115 fideles
2394 2061 2723 2131 percipiunt.
2770 2059 3014 2115 Primum
3057 2061 3238 2127 enim,
3304 2060 3398 2115 ubi
3448 2059 3506 2115 in

232 2163 347 2219 qua
396 2151 569 2222 degit.
619 2152 846 2208 Demum
876 2156 1055 2227 capite
1104 2157 1524 2229 quadragesimo
1573 2163 1828 2232 septimo,
1933 2151 2192 2222 primaria
2222 2151 2487 2218 Ecclesia,
2514 2160 2597 2207 tot
2619 2151 2859 2223 Spiritus
2884 2152 3062 2209 sancti
3092 2150 3254 2208 donis
3280 2160 3504 2218 ornata,

234 2241 331 2295 ubi
358 2242 429 2296 ad
483 2247 795 2315 evangelica
842 2253 1089 2318 tempora
1136 2251 1380 2306 animum
1424 2251 1615 2318 refert,
1657 2270 1830 2326 eaque
1932 2262 1998 2300 ac
2022 2246 2277 2307 maximis
2306 2248 2680 2318 apostolorum
2716 2246 3011 2304 sudoribus
3037 2246 3274 2311 exculta,
3318 2245 3505 2316 spinas

233 2346 364 2385 cum
418 2332 513 2386 illo
546 2337 808 2404 temporis
856 2337 1035 2408 spatio
1064 2338 1297 2404 confert,
1329 2355 1441 2411 quo
1476 2342 1691 2409 scribit,
1722 2345 1830 2399 Co-
1931 2336 2340 2394 dissensionum
2359 2346 2584 2395 exortas
2612 2338 2820 2404 vident.
2862 2338 3176 2408 minusiam
3209 2336 3502 2399 mirantur.

233 2424 575 2479 rintbiorum
606 2425 910 2484 Ecclesiam
944 2430 1217 2500 antiquam
1245 2447 1462 2499 vocare,
1494 2441 1550 2489 et
1590 2434 1826 2505 primum

230 2531 427 2570 eorum
459 2517 768 2582 dissidium,
799 2519 869 2575 de
894 2536 1003 2591 quo
1031 2519 1233 2579 Paulus
1280 2524 1524 2595 loquitur
1547 2527 1609 2595 ",
1662 2535 1722 2581 ut
1768 2528 1827 2581 in

230 2609 496 2677 principio
526 2608 803 2682 Evangelii
829 2626 1003 2669 ortum
1030 2631 1352 2685 memorare,
1383 2617 1665 2690 ipsamque
1693 2635 1826 2691 apo-

231 2700 358 2755 stoli
385 2700 554 2769 hujus
589 2705 899 2773 epistolam,
926 2708 1142 2763 tametsi
1174 2710 1588 2779 quatuordecim
1611 2720 1824 2770 tantum

231 2795 395 2851 annis
449 2796 724 2851 excidium
778 2797 1295 2872 Jerosolymitanum
1347 2807 1711 2874 praecesserit,
1767 2810 1823 2862 in

227 2886 493 2956 principio
546 2887 822 2959 Evangelii
882 2893 1133 2961 scriptam
1178 2894 1365 2951 dicere
1412 2912 1522 2952 non
1584 2898 1821 2955 dubitat.

1931 2430 1978 2486 si
2011 2433 2155 2489 inter
2181 2432 2531 2490 Christianas
2562 2432 2879 2497 societates,
2911 2447 3035 2504 qua
3078 2441 3227 2487 recte
3274 2446 3503 2502 compo-

1930 2525 2049 2581 sitae
2072 2524 2323 2592 audiunt,
2348 2526 2663 2597 bujusmodi
2686 2526 2943 2583 scandala
2960 2525 3168 2581 oboriri
3194 2524 3501 2595 contigerit.

1927 2614 2219 2688 Nunquam
2270 2616 2531 2672 nimirum
2573 2617 2809 2688 quiescit
2860 2616 3119 2687 antiquus
3168 2617 3503 2678 zizaniorum

1928 2711 2227 2766 seminator
2256 2716 2310 2765 et
2330 2724 2519 2779 agrum
2550 2707 2764 2763 Domini
2788 2708 3043 2765 infaustis
3071 2709 3371 2764 seminibus
3402 2708 3503 2763 fm-

1926 2800 2059 2857 dare
2110 2816 2225 2857 non
2272 2806 2477 2858 cessat.
2531 2800 2638 2857 Sed
2693 2803 2944 2873 quamvis
2975 2802 3261 2872 antiquum
3295 2802 3367 2857 sit
3396 2801 3500 2857 hoc

1925 2892 2127 2947 malum
2156 2933 2171 2959 ,
2211 2909 2321 2948 non
2372 2893 2495 2949 ideo
2533 2901 2713 2948 tamen
2778 2894 2960 2950 minus
3015 2892 3347 2965 lugendum;
3404 2894 3499 2948 sed

229 2980 393 3047 Quod
444 2997 578 3037 sane
610 2984 849 3039 evidenti
900 2993 1221 3058 argumento
1250 2994 1356 3053 est,
1388 3003 1536 3056 eum,
1588 3005 1712 3046 cum
1747 2991 1823 3047 ita
1925 2983 2133 3039 nullum
2152 2999 2294 3050 esse,
2321 2985 2409 3040 cui
2439 2984 2740 3041 remedium
2765 2984 2929 3042 citius
2988 2985 3358 3041 adhibendum
3404 2986 3496 3047 sit,

231 3074 525 3139 scriberet,
558 3076 774 3146 longius
825 3079 893 3134 ab
933 3081 1123 3136 eodem
1176 3081 1449 3153 principio
1480 3085 1812 3141 recessisse:

1924 3078 2054 3134 item
2074 3093 2139 3135 ex
2163 3078 2271 3135 hoc
2299 3078 2525 3150 scripto,
2557 3084 2618 3133 ut
2635 3093 2702 3133 ex
2726 3075 2883 3133 Pauli
2916 3077 3176 3148 Epistola,
3206 3077 3501 3146 docemur;

230 3179 337 3220 nec
385 3166 591 3223 abhinc
620 3170 917 3227 recessisse
966 3171 1182 3243 longius
1205 3173 1501 3240 videretur,
1530 3175 1678 3241 si,ut
1708 3180 1824 3234 vult
1925 3183 2121 3238 nempe
2158 3168 2310 3224 tenui
2354 3166 2755 3224 discordiarum
2786 3165 3027 3231 ﬂamma.
3053 3169 3161 3224 nisi
3190 3182 3354 3240 quam
3386 3170 3499 3240 pri-

228 3255 493 3324 Grabius,
519 3261 781 3330 praedicta
809 3261 964 3319 Pauli
992 3266 1222 3336 epistola
1254 3265 1357 3322 bac
1385 3267 1681 3326 Clementis
1724 3288 1812 3327 no-

1924 3276 2074 3317 mum
2101 3261 2504 3331 exstinguatur.
2529 3260 2681 3317 brevi
2711 3261 2907 3332 ingens
2944 3261 3255 3317 incendium
3312 3262 3499 3317 concio

226 3363 351 3403 vem
381 3350 670 3415 duntaxat,
704 3353 788 3408 vel
822 3353 891 3408 ad
920 3370 1195 3411 summum
1221 3356 1510 3416 duodecim
1539 3360 1698 3417 annis
1724 3377 1823 3431 po—
1921 3354 2052 3420 tari,
2085 3355 2332 3426 apprime
2362 3355 2653 3411 callebant.

226 3441 435 3495 sterior
466 3438 626 3497 foret.
2438 3467 2836 3525 ARTICULUS
2880 3469 2969 3525 IV.

298 3526 381 3581 De
412 3538 679 3597 tempore,
741 3547 843 3602 quo
892 3532 1068 3589 altera
1104 3536 1328 3605 epistola
1382 3540 1601 3608 scripta.
1632 3570 1702 3581 --
1744 3540 1812 3597 De

2151 3577 2451 3626 UTRIUSQUE
2479 3577 2751 3617 EPISTOLE
2782 3576 2971 3618 BREVIS
3003 3577 3276 3617 ANALYSIS.

226 3621 496 3689 temporis
521 3630 703 3677 autem
734 3625 1035 3690 notatione,
1062 3642 1172 3697 quo
1200 3630 1405 3699 scripta
1440 3630 1607 3687 fuerit
1634 3641 1812 3702 poste-

2028 3651 2225 3709 Primw
2256 3654 2325 3709 ad
2357 3621 2670 3710 Corinthios
2707 3654 2815 3708 divi
2848 3652 3133 3709 Clementis
3157 3654 3392 3722 epistola:

227 3712 344 3766 rior
373 3712 682 3771 Clementis
709 3718 965 3787 epistola,
1004 3718 1145 3773 nihil
1195 3721 1415 3791 quidem
1449 3726 1585 3780 certi
1638 3741 1703 3782 ex
1753 3742 1816 3783 ea
2586 3724 2846 3795 αηαιυείε·

223 3807 429 3863 eltcere
453 3824 784 3878 possumus,
830 3827 958 3869 cum
1014 3815 1207 3869 mutila
1238 3817 1305 3872 ad
1335 3833 1438 3874 nos
1480 3822 1813 3889 pervenerit,
1988 3817 2223 3873 Sanctus
2265 3816 2542 3883 Clemens,
2601 3823 2890 3888 postquam
2938 3814 3263 3887 Corinthiis,
3299 3814 3490 3872 eodem

224 3898 376 3954 unde
398 3900 536 3953 illud
570 3909 864 3959 statuatur.
906 3904 1011 3970 Qui
1036 3920 1156 3961 eam
1182 3906 1451 3981 integram
1480 3911 1679 3982 legisse
1709 3929 1812 3982 pu-
1915 3906 2030 3964 fere
2058 3916 2217 3979 pacto
2274 3924 2385 3980 quo
2433 3908 2592 3964 divus
2617 3905 2820 3964 Paulus
2848 3906 3124 3979 Epistolas
3156 3922 3286 3964 suas
3329 3921 3491 3963 exor-

223 4000 375 4045 tatnr
404 3990 661 4058 Photius,
688 3994 746 4049 in
776 3996 897 4066 ejus
919 3999 1241 4057 recensione
1264 4003 1467 4057 nullam
1493 4004 1623 4061 facit
1647 4006 1815 4062 dissi-
1912 3999 2084 4064 ditur,
2117 3999 2347 4055 salutem
2377 3999 2631 4064 dixisset,
2675 4006 2874 4071 purgat
2925 4014 2985 4054 se
3015 3999 3160 4070 apud
3187 4014 3304 4068 eos,
3337 4000 3487 4071 quod

222 4082 301 4138 dii
333 4084 678 4141 Corinthiaci
702 4089 1035 4145 mentionem
1060 4108 1075 4158 ;
1110 4091 1204 4147 sed
1234 4093 1407 4164 ipsam
1434 4099 1812 4154 tantummodo
1911 4092 2206 4163 pr0positis
2237 4091 2673 4149 dubitationibus
2701 4092 2913 4148 tardius
2942 4093 3237 4150 rescribat.
3268 4091 3472 4148 Eorum

222 4177 657 4239 institutionem,
687 4186 741 4235 et
764 4180 1195 4240 admonitionem
1229 4187 1475 4244 melioris
1502 4191 1627 4245 vitae
1648 4191 1812 4246 indu~

1917 4184 2107 4240 deinde
2137 4184 2369 4240 virtutes
2400 4185 2630 4251 extollit,
2651 4184 2773 4240 ﬁdei
2798 4183 3075 4255 praecipue
3095 4186 3484 4248 constantiam,

222 4285 353 4326 cere
382 4271 582 4326 scribit
608 4271 709 4343 (8).
738 4271 879 4328 Hinc
912 4273 1075 4332 facile
1106 4278 1229 4347 quis
1263 4280 1503 4351 colligat,
1544 4282 1809 4340 Corintho
1909 4276 2131 4347 pietatis
2160 4278 2562 4345 excellentiam,
2586 4276 2978 4348 hospitalitatis
3000 4276 3484 4347 magniﬁcentiam,

158 4428 185 4447 η
222 4359 461 4415 ﬁomam
495 4361 699 4418 reduce
729 4362 1051 4431 Fortunato,
1094 4382 1218 4423 cum
1266 4370 1390 4425 aliis
1422 4372 1609 4438 sociis,
1655 4375 1806 4429 sebi—
1911 4368 2197 4424 scientiam
2260 4369 2747 4434 absolutissimam,
2804 4368 3081 4425 sincerum
3130 4368 3187 4422 in
3236 4375 3485 4438 pastores

222 4459 405 4507 smate
429 4450 547 4521 jam
579 4454 817 4522 sublato,
847 4463 903 4511 et
931 4458 1107 4535 quieti
1126 4455 1370 4515 Ecclesia
1410 4461 1503 4516 illa
1531 4464 1803 4535 restituta,
1835 4446 1883 4504 Ῑ)
1910 4460 2257 4529 obsequium,
2288 4458 2383 4514 Dei
2414 4459 2566 4514 verbi
2599 4458 2867 4521 studium,
2896 4457 3177 4529 egregium
3231 4474 3332 4529 pro
3382 4475 3481 4515 sua

222 4543 369 4601 hanc
401 4544 605 4601 deinde
635 4546 806 4602 fuisse
832 4562 863 4602 a
883 4546 1165 4607 Clemente
1180 4552 1542 4623 perscriptam
1592 4558 1802 4627 episto-
1912 4553 2258 4621 aliorumque
2281 4552 2457 4606 solute
2474 4550 2641 4605 animi
2660 4549 2980 4615 candorem.
3011 4560 3173 4619 alque
3194 4550 3249 4605 ίη
3267 4550 3481 4606 Domini

220 4639 331 4693 lam
358 4653 507 4694 anno
536 4638 677 4695 forte
702 4639 771 4695 98
803 4640 1128 4712 insequente
1150 4682 1165 4709 ,
1198 4659 1308 4715 quo
1331 4646 1389 4700 in
1440 4662 1574 4718 pace
1630 4651 1804 4721 magis
1907 4643 2121 4713 legibus
2143 4641 2430 4697 servandis
2460 4641 2802 4708 ﬁdelitatem,
2832 4642 3201 4699 commendat.
3218 4641 3300 4699 Ad
3333 4644 3482 4699 schi-

221 4732 407 4786 adhuc
445 4730 795 4787 ﬁrmarentur
817 4731 1111 4792 Corinthii.
1904 4747 2027 4789 sma
2063 4731 2261 4788 deinde
2281 4732 2578 4798 transiens,
2603 4745 2714 4803 quo
2740 4738 2823 4787 tot
2851 4731 3084 4789 virtutes
3106 4733 3480 4789 obscuraban-

294 4822 349 4876 Ν
353 4839 447 4876 um
478 4822 651 4877 altera
669 4821 957 4879 Clementis
972 4826 1195 4894 epistola
1216 4828 1285 4883 sit
1312 4830 1549 4885 homiliaa
1571 4849 1717 4903 pars.
1732 4864 1801 4875 -—

219 4912 370 4971 Viris
394 4914 728 4984 quibusdam
752 4915 955 4983 doctis,
986 4920 1287 4988 praesertim
1310 4919 1610 4979 Vendelino
1638 4933 1801 4995 atque

217 5003 530 5068 Blondello,
555 5004 735 5061 visum
766 5005 892 5074 fuit,
917 5009 1216 5065 secundam
1254 5010 1553 5070 Clementis
1597 5015 1665 5070 ad
1694 5018 1801 5072 Co-

213 5095 459 5151 rinthios
490 5096 780 5166 epistolam
825 5098 1063 5155 bomiliae
1089 5102 1273 5173 potius
1306 5112 1511 5176 partem
1532 5122 1677 5173 esse,
1709 5112 1798 5166 cui

213 5187 465 5257 opinioni
492 5186 731 5245 Grabius
754 5205 974 5261 quoque
1023 5190 1407 5251 incunctanter
1440 5196 1794 5270 subscripsit,

286 5454 329 5485 ¹⁹
362 5450 382 5505 ἰ
412 5451 546 5507 Cor.
578 5469 615 5507 ι.
698 5453 741 5487 ¹⁸
766 5452 923 5510 Deut.
954 5470 1105 5511 xxxii
1126 5497 1143 5524 ,
1167 5458 1249 5515 l5.

508 5674 711 5739 annum
744 5660 835 5739 69_,
868 5670 1002 5720 tom.
1033 5663 1232 5739 ᾕρεε,
1264 5666 1389 5724 284,

289 5733 360 5800 (6)
400 5731 578 5785 Clem.
610 5731 771 5801 epist.
801 5734 853 5795 l,
883 5748 1036 5789 num.
1072 5731 1124 5792 ιζ

447 5824 877 5897 ΡΑτιιοι..,(ἓιι.
936 5827 982 5889 1.

1903 4830 2033 4877 tur:
2068 4821 2251 4878 Omnis
2280 4823 2474 4895 gloria,
2499 4823 2697 4893 inquit,
2726 4831 2778 4877 et
2805 4825 2956 4893 copia
2993 4824 3135 4879 vobis
3173 4825 3302 4879 data
3339 4837 3474 4888 erat,

1908 4928 2061 4989 atque
2087 4918 2140 4972 in
2171 4915 2313 4971 vobis
2353 4915 2489 4970 illud
2512 4914 2800 4983 Scriptura:
2826 4916 3097 4985 impletum
3120 4932 3234 4973 est:
3281 4937 3298 4969 ι
3326 4917 3472 4983 Edit,

1905 5027 1955 5066 et
1986 5010 2136 5075 bibit,
2172 5017 2221 5063 et
2251 5008 2510 5063 dilatatus
2534 5018 2634 5072 est,
2668 5024 2730 5061 ac
2762 5008 3125 5062 incrassatus:
3152 5018 3201 5063 et
3257 5010 3476 5065 recalci-

1904 5103 2063 5159 travit
2085 5102 2306 5157 dilectus
2333 5102 2398 5157 ‘3.
2432 5120 2451 5153 ι
2492 5100 2630 5154 Hinc
2680 5101 2949 5155 aemulatio
2991 5110 3041 5155 et
3087 5099 3377 5168 discordia,
3425 5112 3475 5155 et

1904 5196 2113 5253 seditio.
2144 5193 2234 5251 Sic
2263 5194 2664 5249 insurrexerunt
2695 5194 2994 5249 inhonorati
3020 5204 3205 5250 contra
3245 5195 3474 5247 honora-

1996 5669 2049 5738 7)
2088 5668 2281 5727 Clem.,
2306 5667 2466 5737 epist.
2498 5666 2548 5725 Ι,
2584 5681 2735 5721 num.
2774 5666 2825 5719 5.

1996 5669 2049 5738 7)
2088 5669 2281 5727 Clem.,
2306 5669 2466 5737 epist.
2498 5669 2548 5725 Ι,
2584 5681 2735 5721 num.

1971 5669 2049 5811 ξε)
2087 5738 2333 5803 Photius,
2372 5738 2559 5791 codice
2588 5749 2766 5787 cxxvn.
