3936 6172
423 310 525 366 ηο

1556 298 1646 353 ΑΙ)
1686 298 1743 357 S.
1786 296 2206 355 CLEMENTEM
2243 297 2262 351 Ι
2300 295 2532 352 PAPAM

3565 301 3674 356 ill)

423 434 523 485 tos,
558 416 773 489 inglorii
804 422 989 469 contra
1018 413 1301 483 gloriosos;
1349 412 1651 480 insipientes
1682 421 1867 466 contra
1898 429 1985 465 sa—
2016 415 2061 474 Α
2091 426 2288 482 parens
2318 411 2518 465 divinae
2543 409 2827 467 electionis
2852 425 2965 466 sua:
2987 409 3284 483 participes
3343 426 3444 467 nos
3473 411 3678 469 eﬂece-

418 516 637 583 pientes,
660 512 873 581 juvenes
889 507 1138 562 adversus
1164 506 1413 561 seniores.
1438 503 1565 559 Ideo
1594 505 1777 575 procul
1800 503 1990 558 absunt

414 605 628 677 justitia
650 612 698 656 et
727 616 866 670 pax;
902 599 1028 651 dum
1047 598 1399 667 unusquisque
1438 597 1676 650 timorem
1709 595 1805 650 Dei
1843 596 1990 651 dese—

418 698 511 761 rit,
544 704 594 750 et
622 696 676 747 in
716 693 819 763 ﬁde
842 693 987 745 illius
1030 690 1260 754 cazcutit,
1294 705 1385 743 nec
1408 688 1464 742 in
1493 689 1754 742 institutis
1793 705 1989 758 pra’ce-

416 798 624 857 ptorum
646 786 758 854 ejus
790 782 1050 846 ambulat,
1100 797 1192 835 nec
1222 779 1434 835 Christo
1457 779 1694 833 decenter
1716 796 1990 834 conversa-

420 891 535 940 tur;
580 876 669 931 sed
709 876 1062 945 unusquisque
1110 873 1397 927 secundum
1443 888 1635 942 pravas
1680 872 1990 939 cupiditates

418 988 544 1026 suas
571 968 782 1033 incedit,
805 966 1056 1021 invidiam
1081 967 1317 1036 iniquam
1338 974 1386 1019 et
1406 966 1623 1035 impiam
1653 965 1988 1032 assumenda,

420 1080 511 1133 per
539 1078 695 1132 quam
724 1069 775 1114 et
805 1076 945 1113 mors
979 1059 1195 1112 intravit
1228 1058 1281 1111 in
1318 1056 1590 1112 mundum.

491 1154 747 1209 Pluribus
803 1149 997 1205 deinde
1040 1148 1249 1203 Veteris
1299 1146 1636 1203 Testamenti
1690 1147 1988 1219 exemplis,

417 1263 539 1318 quae
576 1242 920 1300 incommoda
946 1241 1231 1297 exinvidia
1255 1241 1523 1305 oriantur,
1545 1240 1820 1308 ostendit;
1851 1241 1994 1296 inter

418 1349 612 1396 caetera
642 1352 771 1393 vero
792 1336 973 1398 Caini,
1006 1333 1189 1389 Mariae
1220 1334 1429 1389 sororis
1453 1332 1655 1404 Moysis
1681 1340 1735 1388 et
1783 1333 1988 1395 Aaron,

422 1433 637 1487 Dathan
670 1438 725 1487 et
753 1430 961 1484 Abiron
985 1428 1230 1497 exempla
1245 1434 1527 1492 recenset;
1554 1434 1718 1497 atque
1748 1434 1808 1480 ut
1851 1441 1995 1481 novo

417 1521 637 1578 invidia:
700 1520 949 1589 exemplo
999 1516 1319 1573 Corinthios
1378 1516 1562 1571 acrius
1615 1524 1988 1571 commoveat:

423 1613 651 1682 Propter
700 1612 938 1680 iniquam
970 1608 1384 1671 wmulationem,
1418 1607 1616 1677 inquit,
1648 1606 1873 1675 apostoli
1892 1606 1995 1661 Pe-

420 1718 533 1760 trus
562 1717 610 1760 et
644 1704 847 1759 Paulus
874 1702 1189 1773 martyrium
1218 1701 1364 1769 passi
1390 1709 1531 1755 sunt.
1562 1699 1788 1769 Propter
1830 1716 1985 1754 armu-

422 1799 671 1853 lationem
714 1812 915 1867 quoque
962 1792 1232 1847 Danaides
1264 1803 1311 1846 et
1373 1790 1529 1845 Dirce
1574 1790 1649 1862 (9)
1688 1790 1995 1861 fortissime

418 1890 528 1944 illa:
550 1886 815 1952 mulieres,
840 1904 959 1941 cum
980 1885 1161 1955 gravia
1185 1892 1235 1938 et
1267 1881 1500 1952 nefanda
1525 1883 1786 1951 supplicia
1832 1880 1997 1936 susti-

419 1982 679 2045 nuissent,
706 1994 921 2033 cursum
945 1993 1099 2031 suum
1126 1974 1230 2046 ﬁde
1252 1976 1448 2029 invicta
1493 1973 1843 2044 perfecerunt.
1876 1971 1997 2037 Quo

422 2086 549 2127 vero
579 2087 673 2127 eos
705 2070 771 2124 ad
814 2070 1119 2124 vocationis
1169 2083 1282 2122 sua:
1314 2066 1491 2121 ollicia
1520 2073 1684 2136 atque
1708 2066 1775 2121 ad
1819 2066 1999 2136 pumi-

421 2163 645 2217 tcntiam
669 2161 1003 2224 hortaretur,
1025 2159 1327 2215 vocationis
1348 2159 1591 2231 ipsorum
1626 2158 1995 2225 sanctitatem,

420 2253 720 2321 pretiosum
772 2246 978 2306 Christi
1050 2250 1371 2320 sanguinem
1423 2264 1523 2320 pro
1570 2256 1757 2305 nostra
1823 2249 1999 2304 salute

419 2344 655 2401 eﬂ'usum
705 2342 841 2415 (10),
870 2343 1236 2398 Ninivitarum
1297 2343 1696 2413 poenitentiam,
1748 2340 1993 2408 Henoch,

422 2437 557 2502 Noe,
589 2437 883 2491 Abrahami
912 2436 1248 2500 ﬁdelitatem,
1282 2443 1615 2506 caeterasque
1659 2435 1997 2505 patriarcha-

421 2547 545 2587 rum
576 2531 829 2595 virtutes,
858 2528 987 2585 Jesu
1003 2529 1208 2585 Christi
1233 2529 1620 2594 humilitatem,
1668 2528 1808 2598 ejus,
1836 2542 1866 2581 a
1889 2543 1998 2598 quo

421 2624 590 2679 creati
616 2639 828 2686 sumus,
863 2622 1162 2677 bonitatem
1195 2627 1358 2692 atque
1376 2621 1817 2687 miserationem;
1846 2619 1999 2688 pacis

422 2726 476 2771 et
493 2715 813 2771 humilitatis
830 2713 1135 2777 commoda,
1156 2713 1578 2767 iuanimatarum
1591 2718 1994 2776 creaturarum,

424 2809 580 2873 solis,
612 2808 778 2872 lunae,
806 2806 1111 2869 stellarum,
1138 2805 1307 2861 maris
1332 2812 1384 2860 et
1406 2804 1729 2876 abyssorum
1756 2803 2000 2873 impene-

424 2901 704 2956 trabilium
766 2900 821 2954 in
872 2898 966 2953 Dei
995 2900 1141 2968 leges
1177 2899 1282 2953 sibi
1317 2899 1602 2968 impositas
1647 2898 1994 2969 obsequium,

424 2997 701 3059 postremo
736 2986 951 3042 Domini
988 3002 1114 3059 erga
1139 3003 1227 3043 res
1252 3003 1441 3043 omnes
1471 2995 1681 3043 creatas
1712 2989 1997 3057 beneﬁcia,

2095 503 2186 569 rit,
2210 511 2265 557 et
2294 502 2474 557 sancti
2505 503 2688 574 populi
2724 504 2968 559 membra
2992 503 3312 569 reddiderit,
3342 503 3478 558 nihil
3508 506 3678 562 nobis

2094 610 2405 665 superesse,
2440 595 2548 649 nisi
2589 603 2649 649 ut
2688 596 2980 668 omnigena
3030 604 3179 651 recta
3226 611 3393 667 opera
3427 598 3677 652 maximo

2092 701 2216 741 cum
2252 688 2421 742 animi
2453 687 2649 743 ardore
2671 697 3055 743 consectemur
3085 688 3152 744 ad
3182 687 3407 743 Patrum
3447 698 3678 745 nostro-

2092 795 2214 833 rum
2247 778 2570 843 Abrahami,
2602 776 2777 834 lsaaci
2806 776 3048 835 etJacob
3069 780 3399 850 exemplum,
3432 794 3677 850 quorum

2093 871 2248 934 ﬁdes,
2295 870 2601 927 obedientia
2656 881 2819 942 atque
2868 871 3145 927 humilitas
3197 880 3305 926 tam
3371 872 3680 940 grandibus

2093 964 2332 1035 praemiis
2362 963 2568 1019 allectat
2588 962 2759 1020 luere.
2796 962 2877 1019 Sit
2917 979 3039 1033 ergo
3077 964 3249 1018 omnis
3291 964 3543 1035 gloriatio
3574 980 3679 1017 no-

2092 1067 2206 1112 stra
2224 1067 2272 1111 et
2301 1057 2499 1127 ﬁducia
2533 1056 2591 1110 in
2612 1057 2757 1126 ipso:
2782 1057 3044 1111 voluntati
3065 1056 3177 1126 ejus
3208 1056 3557 1125 subjiciamur
3582 1071 3601 1108 :
3626 1065 3681 1110 et

2093 1167 2188 1204 nos
2218 1149 2548 1203 concorditer
2564 1166 2682 1202 cum
2712 1149 2910 1219 angelis
2929 1165 3109 1203 coram
3130 1148 3244 1217 ipso
3266 1147 3524 1211 Sanctus,
3541 1162 3681 1202 san-

2094 1251 2240 1305 ctus,
2261 1249 2488 1296 sanctus
2505 1240 2881 1305 clamantibus,
2901 1242 3170 1294 communi
3184 1256 3461 1304 consensu,
3484 1248 3533 1294 et
3550 1250 3683 1293 tan-

2092 1349 2252 1403 quam
2273 1349 2378 1387 uno
2404 1348 2493 1386 ore
2513 1334 2822 1397 clamemus,
2848 1340 2906 1384 ut
2926 1331 3205 1401 participes
3228 1331 3423 1401 ﬁamus
3448 1347 3682 1401 magna-

2094 1443 2214 1480 rum
2240 1435 2290 1481 et
2310 1426 2635 1497 inclytarum
2666 1424 3085 1495 promissionum
3112 1423 3225 1493 ejus
3246 1463 3262 1486 ,
3292 1436 3524 1494 quarum
3576 1437 3683 1477 ex-

2095 1516 2407 1572 cellentiam
2428 1524 2483 1571 et
2510 1516 2874 1587 quantitatem
2912 1514 3028 1585 ipse
3057 1522 3272 1568 tantum
3305 1512 3612 1583 cognoscit.

2166 1608 2389 1664 Ordinis
2418 1624 2570 1675 vero,
2598 1614 2654 1663 et
2678 1607 2820 1661 inter
2852 1606 3178 1677 prmpositos
3228 1612 3392 1677 atque
3422 1604 3682 1661 subditos

2099 1700 2439 1756 discriminis
2463 1699 2846 1756 necessitatem
2875 1698 2931 1752 in
2960 1697 3337 1753 ecclesiastico
3368 1695 3685 1759 ministerio

2027 1760 2069 1814 Β
2099 1794 2601 1858 demonstraturus,
2620 1792 2829 1848 militia:
2849 1791 3157 1863 exemplum
3190 1790 3466 1862 proponit.
3493 1787 3684 1860 Neque

2095 1887 2235 1941 enim
2258 1886 2333 1940 ibi
2365 1902 2541 1940 omnes
2588 1884 2826 1956 praefecti
2865 1892 3010 1950 sunt,
3043 1898 3204 1954 neque
3256 1882 3483 1956 tribuni,
3513 1898 3682 1952 neque

2098 1978 2453 2041 centuriones,
2491 1975 2581 2032 sed
2606 1978 2962 2048 unusquisque
2978 1977 3035 2031 in
3070 1992 3166 2031 suo
3208 1952 3485 2029 ordine'ab
3515 1974 3683 2041 impe.

2098 2080 2278 2125 ratore
2308 2079 2356 2124 et
2381 2069 2601 2124 ducibus
2655 2068 2914 2123 mandata
2961 2070 3184 2140 peragit.
3234 2068 3437 2123 Cuncta
3491 2066 3682 2137 itaque

2100 2162 2284 2217 ordine
2311 2161 2555 2215 debemus
2574 2160 2767 2230 facere,
2803 2176 2921 2229 qut:
2958 2176 3053 2214 nos
3076 2159 3334 2213 Dominus
3354 2158 3519 2227 jussit
3556 2173 3682 2227 per-

2102 2272 2274 2327 agere.
2316 2254 2624 2310 Oblationes
2651 2262 2700 2308 et
2733 2254 2901 2323 ofﬁcia
2930 2269 3035 2307 non
3065 2261 3252 2307 temere
3272 2251 3349 2306 vel
3379 2250 3684 2305 inordinate

2102 2348 2219 2417 ﬁeri
2266 2346 2536 2417 prwcepit,
2589 2344 2680 2399 sed
2729 2345 3015 2414 pra'ﬁnitis
3047 2343 3361 2413 temporibus
3412 2359 3473 2396 ac
3494 2342 3682 2405 horis;

2100 2457 2201 2512 quo
2234 2440 2392 2494 etiam
2423 2440 2555 2507 loco,
2590 2447 2639 2493 et
2670 2455 2703 2491 tt
2724 2437 2912 2509 quibus
2947 2436 3203 2491 celebrari
3230 2435 3369 2501 velit,
3424 2436 3534 2502 ipse
3585 2450 3683 2488 e1:-

2102 2533 2397 2587 celsissima
2434 2549 2532 2586 sua
2555 2531 2826 2585 voluntate
2848 2530 3109 2599 deﬁnivit,
3160 2538 3218 2583 ut
3246 2544 3373 2598 pure
3399 2536 3449 2581 et
3498 2537 3686 2581 sancte

2102 2628 2282 2681 omnia
2299 2627 2447 2697 facta
2484 2626 2649 2696 juxta
2678 2625 2791 2695 ejus
2818 2623 3232 2693 beneplacitum,
3276 2631 3487 2691 accepta
3507 2630 3684 2677 essent

2103 2719 2365 2775 voluntati
2391 2718 2527 2787 ejus.
2550 2717 2655 2785 Qui
2684 2734 2804 2789 ergo
2850 2718 3137 2788 assignatis
3177 2715 3493 2785 temporibus
3531 2714 3687 2769 obla—

2104 2811 2271 2866 tiones
2291 2827 2418 2865 suas
2460 2810 2686 2879 faciunt,
2719 2810 2918 2879 accepti
2942 2819 2993 2863 et
3032 2807 3171 2862 beati
3214 2817 3379 2871 sunt;
3421 2824 3545 2860 nam
3593 2806 3687 2877 qui

2104 2911 2392 2973 sequuntur
2418 2901 2553 2972 leges
2572 2900 2812 2967 Domini,
2836 2918 2941 2955 non
2959 2899 3227 2955 aberrant.
3249 2898 3465 2954 Summo
3495 2899 3687 2968 quippe

2105 2994 2370 3051 sacerdoti
2426 3011 2526 3048 sua
2566 2996 2749 3048 munia
2790 2993 2985 3048 tributa
3015 3002 3179 3057 sunt;
3217 3005 3268 3047 et
3322 2989 3686 3045 sacerdotibus

426 3082 699 3153 pt'alCiplle
734 3068 864 3135 verti
890 3081 945 3134 ίιὶ
976 3079 1344 3143 ChPiSliaHOS.
1378 3080 1449 3135 οὶ)
1475 3082 1666 3137 οειιὶοε
1720 3082 1994 3152 proponit.
2027 3104 2069 3162 ο
2106 3089 2253 3143 locus
2284 3088 2529 3157 proprius
2557 3088 2856 3158 assignatus
2883 3096 2961 3141 est
2986 3102 3003 3149 ;
3034 3096 3083 3140 et
3123 3085 3290 3139 levitis
3314 3101 3415 3137 sua
3446 3083 3689 3136 ministe-

428 3174 638 3241 Quibus
662 3173 777 3227 haec
836 3171 1191 3243 superaddit:
1228 3170 1462 3242 quuum
1495 3173 1658 3243 igitur
1697 3186 1796 3234 est,
1828 3182 1886 3227 ut
1934 3171 1999 3226 ab

424 3265 540 3335 ejus
571 3264 835 3318 voluntate
866 3280 970 3317 non
1010 3262 1175 3317 simus
1238 3263 1561 3333 transfugae:
1600 3262 1834 3318 homines
1867 3264 2003 3317 stul-

430 3368 532 3421 tos,
557 3357 880 3425 insipientes,
914 3355 1104 3418 elatos,
1126 3364 1173 3409 et
1194 3354 1482 3425 gloriantes
1517 3355 1569 3409 in
1628 3356 1882 3409 sermonis
1919 3355 2004 3409 sui

426 3452 689 3520 iactantia
721 3448 1047 3519 oﬂ‘endamus
1086 3450 1283 3517 potius,
1315 3464 1472 3519 quam
1526 3447 2004 3503 Deum.Dominum

429 3542 615 3598 Iesum
645 3541 935 3601 Christum,
968 3540 1119 3609 cujus
1144 3540 1360 3610 sanguis
1390 3556 1485 3608 pro
1514 3540 1664 3595 nobis
1717 3539 1873 3594 datus
1903 3549 2002 3606 est,

434 3650 753 3689 veneremur.
790 3632 1116 3701 Pratpositos
1146 3641 1356 3685 nostros
1386 3646 1748 3695 revereamur;
1775 3632 2004 3685 seniores

436 3736 641 3782 nostros
683 3725 1030 3787 honoremus;
1062 3723 1276 3793 juvenes
1338 3722 1618 3777 doceamus
1670 3722 2006 3791 disciplinam

436 3817 640 3871 timoris
694 3815 826 3878 Dei;
879 3814 1031 3868 liberi
1100 3815 1270 3869 nostri
1320 3812 1528 3868 discant
1592 3813 1719 3885 quid
1771 3814 2006 3868 charitas

435 3907 575 3977 apud
604 3906 769 3960 Deum
794 3906 985 3974 possit.

508 3998 767 4055 Hortatur
791 3997 988 4053 deinde
1007 4006 1232 4054 sanctus
1266 3998 1519 4054 Clemens
1566 3998 1904 4065 Corinthios,
1948 4010 2006 4054 ut

439 4091 727 4147 Dominum
758 4092 1008 4155 timeant,
1049 4098 1213 4163 atque
1243 4091 1299 4146 in
1342 4092 1462 4162 ejus
1494 4092 1738 4148 bonitate
1768 4101 2007 4163 sperent,

439 4197 553 4240 tum
578 4186 648 4240 ob
675 4185 1099 4241 resurrectionis
1122 4184 1402 4250 ﬁduciam,
1418 4185 1579 4255 cujus
1604 4186 1854 4256 exempla
1903 4186 2008 4240 ali-

438 4287 571 4348 quot
597 4276 828 4348 prol‘ert,
852 4292 882 4330 a
907 4277 1073 4332 rebus
1103 4278 1446 4332 naturalibus
1478 4278 1669 4348 petita,
1698 4279 2009 4349 cujusmodi

438 4376 523 4424 est
552 4368 682 4422 illud
708 4368 976 4439 phmnicis
1000 4367 1135 4439 (ll),
1154 4375 1270 4421 tum
1296 4369 1365 4423 ob
1379 4366 1475 4423 Dei
1504 4369 1558 4423 in
1589 4369 1876 4439 promissis
1895 4385 2011 4425 ser-

2103 3182 2187 3234 ria
2213 3179 2520 3233 incumbunt
2543 3195 2561 3243 ;
2584 3178 2737 3233 homo
2756 3178 2924 3232 laicus
2942 3177 3217 3246 praeceptis
3244 3175 3395 3228 laicis
3419 3173 3687 3227 constrin-

2103 3274 2265 3345 gitur.
2290 3271 2654 3343 Unusquisque
2675 3281 2920 3336 vestrum,
2948 3271 3166 3339 fratres,
3190 3271 3245 3322 in
3269 3284 3365 3321 suo
3387 3276 3532 3321 statu
3557 3282 3688 3337 gra-

2107 3368 2209 3423 tias
2253 3366 2362 3421 Deo
2416 3365 2627 3429 habeat,
2674 3366 2729 3418 in
2760 3363 2897 3417 bona
2942 3361 3260 3416 conscientia
3306 3358 3492 3429 degens
3518 3397 3534 3424 ,
3577 3374 3687 3411 non

2106 3458 2493 3530 transgrediens
2539 3455 2907 3525 prwscriptam
2937 3454 3171 3507 muneris
3223 3450 3483 3522 regulam.
3554 3446 3687 3503 Non

2106 3551 2318 3620 ubique,
2352 3550 2568 3619 fratres,
2598 3546 2894 3615 oﬂ‘eruntur
2921 3545 3189 3615 sacriﬁcia
3209 3544 3387 3613 jugia,
3418 3540 3510 3595 sed
3553 3539 3690 3594 Hie-

2108 3644 2388 3713 rosolgmis
2410 3651 2613 3697 tantum
2636 3640 2748 3713 (12)
2778 3650 2933 3711 atque
2962 3640 3072 3693 illic
3102 3638 3280 3693 nonin
3305 3638 3447 3692 omni
3477 3636 3591 3689 loco
3623 3635 3688 3704 ﬁt

2108 3735 2327 3800 oblatio,
2356 3733 2446 3789 sed
2476 3741 2598 3788 ante
2635 3732 2881 3800 templum
2908 3730 2977 3784 ad
3010 3731 3200 3784 altare.

2178 3825 2427 3883 Ostendit
2478 3826 2641 3882 subin
2670 3831 2900 3879 sanctus
2933 3822 3187 3878 Clemens
3219 3862 3234 3888 ,
3288 3821 3461 3877 Deum
3502 3820 3687 3889 ipsum

2108 3918 2498 3975 ecclesiasticas
2548 3914 2873 3972 hierarchiai.
2941 3921 3224 3969 auctorem
3284 3927 3443 3979 esse;
3498 3909 3689 3964 Iesum

2110 4012 2379 4070 Christum
2404 4029 2438 4066 a
2475 4010 2621 4075 Deo,
2671 4009 2937 4081 apostolos
2962 4026 2995 4063 a
3037 4007 3168 4063 Iesu
3218 4004 3436 4063 Christo
3491 4007 3689 4061 missos

2111 4106 2306 4176 fuisse;
2352 4120 2439 4159 eos
2471 4104 2526 4157 in
2564 4101 2667 4172 ﬁde
2711 4117 2802 4170 per
2841 4101 3099 4171 Spiritum
3128 4109 3371 4154 sanctum
3401 4099 3693 4167 conﬁrma-

2113 4207 2213 4261 tos,
2246 4211 2460 4267 regnum
2487 4193 2581 4248 Dei
2609 4192 2954 4247 adventurum
2981 4207 3093 4245 esse
3111 4189 3301 4260 ubique
3320 4189 3691 4254 annuntiasse,

2111 4299 2265 4359 atque
2293 4287 2557 4356 primitias
2610 4300 2813 4349 eorum,
2844 4298 2972 4353 quos
3012 4281 3081 4337 ad
3112 4281 3271 4353 ﬁdem
3302 4289 3690 4349 converterant,

2112 4382 2169 4435 in
2208 4381 2473 4449 episcopos
2498 4387 2549 4432 et
2579 4376 2830 4431 diaconos
2858 4390 3061 4441 eorum,
3104 4374 3195 4445 qui
3231 4372 3485 4429 credituri
3510 4382 3690 4438 erant,

441 4460 636 4515 vandis
674 4460 856 4525 ﬁdem.
888 4468 943 4515 et
971 4458 1119 4530 quod
1143 4459 1480 4530 impossibile
1506 4460 1577 4516 sit
1608 4461 2009 4530 peccatoribus.
2040 4462 2089 4521 D
2117 4472 2470 4527 constituisse.
2507 4467 2686 4538 Neque
2714 4468 2811 4521 hoc
2835 4481 3058 4521 novum:
3108 4483 3141 4520 a
3165 4466 3348 4521 multis
3369 4467 3508 4520 enim
3557 4474 3696 4520 tem-

442 4552 561 4622 ejus
591 4552 780 4608 oculos
808 4551 1067 4623 effugere.
1098 4548 1282 4616 Addit,
1316 4564 1441 4605 cum
1487 4551 1900 4608 miserationum
1925 4552 2016 4609 ille

518 4795 592 4866 (9i
633 4793 763 4848 Duae
816 4795 899 4848 hac
946 4794 1206 4866 mulieres
1251 4791 1561 4866 Pieroniana
1632 4792 2017 4866 persecutione

446 4863 701 4919 saeuiente
718 4880 893 4934 passa:
926 4863 1549 4934 creduntur.Ruinart.,
1606 4863 1724 4917 Act.
1767 4874 2014 4934 martyr.,

485 4950 572 5003 ag.
602 4935 659 4997 2,
692 4944 783 4987 aut
813 4936 925 4997 illa,
951 4950 1071 5003 quae
1118 4935 1219 4989 sub
1247 4933 1552 4989 Domitiano
1609 4934 1846 4988 excitata
1892 4933 2016 4991 fuit.

498 5008 784 5071 illemont.,
818 5013 952 5059 tom.
985 5004 1048 5062 ll.
1077 5019 1199 5073 pag.
1230 5006 1317 5065 55,
1350 5013 1402 5057 et
1431 5012 1546 5057 not.
1604 5003 1633 5055 7
1656 5020 1752 5058 sur
1794 5003 1851 5059 S.
1888 5005 2016 5061 Clé-

446 5083 597 5131 ment
631 5090 781 5143 pape,
818 5090 939 5143 pag.
972 5074 1077 5128 264
1107 5076 1244 5129 dans
1273 5074 1455 5129 l‘Hist.
1480 5073 1665 5129 ecclés.

521 5146 632 5216 (10)
672 5142 857 5199 Primo
882 5144 1175 5214 igiturjam
1214 5146 1415 5199 saeculo
1466 5143 1701 5216 credidit
1748 5142 2015 5216 Ecclesia,

446 5214 653 5271 Christi
686 5216 1005 5285 sanguinem
1037 5230 1135 5285 pro
1159 5218 1328 5270 totius
1350 5214 1541 5268 mundi
1565 5215 1741 5271 salute
1786 5215 2016 5272 ell‘usum

446 5303 587 5344 esse.

422 5394 430 5401 .
524 5356 632 5427 (ll)
672 5354 919 5421 Tacitus,
942 5356 1038 5411 lib.
1063 5354 1419 5427 VlAtttLalt'ttm
1449 5354 2018 5427 phtnnicisrhistoriam

448 5425 583 5481 citra
604 5430 789 5497 jocum
813 5425 1432 5497 commemorat.Eadem
1459 5442 1488 5477 a
1513 5425 1870 5497 Tertulliano,
1899 5425 2015 5480 Lib.

448 5499 514 5550 de
543 5495 822 5552 resurrect.
872 5498 1071 5558 carnis,
1106 5511 1226 5564 cap.
1259 5496 1345 5563 12;
1378 5512 1407 5549 a
1459 5498 1517 5550 S.
1575 5495 1916 5565 Epiphanio,
1964 5497 2018 5549 in

449 5569 753 5629 Ancorato;
785 5570 852 5622 ab
880 5568 1141 5636 Origene,
1172 5566 1263 5621 lib.
1300 5583 1353 5620 Iv
1400 5578 1583 5620 contra
1617 5565 1850 5629 Celsum;
1896 5582 1927 5620 a
1958 5566 2015 5621 S.

452 5638 654 5706 Cyrillo
687 5640 960 5694 cateches.
999 5639 1084 5702 18,
1118 5646 1474 5701 memoratur,
1508 5638 1643 5691 adeo
1674 5647 1729 5691 ut
1760 5638 1872 5691 haec
1902 5641 2020 5706 opi-

455 5711 548 5759 nio
570 5710 877 5763 communis
899 5718 1063 5769 esset,
1093 5716 1255 5776 atque
1286 5709 1434 5762 nulla
1457 5707 1838 5777 disquisitione
1861 5707 2018 5761 insti-

458 5783 572 5829 tuta
602 5792 669 5834 ex
692 5781 1048 5849 quorumdam
1081 5787 1289 5833 tantum
1314 5793 1494 5834 rerum
1528 5778 1852 5835 naturalium
1891 5794 2017 5850 gen-

2114 4565 2325 4627 poribus
2364 4563 2429 4617 de
2451 4563 2706 4631 episcopis
2734 4571 2782 4617 et
2817 4562 3057 4617 diaconis
3112 4561 3168 4615 in
3199 4559 3480 4631 Scriptura
3537 4577 3692 4615 men-

2117 4806 2292 4875 tilium
2314 4806 2646 4875 scriptorum
2672 4803 2776 4875 ﬁde
2798 4813 3040 4875 recepta.
3059 4803 3197 4875 Quia
3217 4819 3351 4859 vero
3374 4802 3559 4859 Graeca
3584 4822 3693 4863 vox

2117 4874 2310 4947 φοῖνιξ,
2334 4884 2391 4931 ut
2416 4874 2724 4947 observavit
2748 4874 3075 4947 Cotelerius,
3118 4874 3386 4947 Latine_et
3408 4877 3696 4946 unigenam

2118 4944 2283 5011 avem,
2302 4955 2355 5002 et
2374 4948 2608 5016 palmam
2633 4944 2926 5014 signiﬁcat,
2947 4945 3289 5016 locossacraz
3312 4944 3611 5016 Scriptura:
3638 4950 3697 5004 in

2116 5019 2317 5088 quibus
2358 5017 2534 5087 φοῖνιξ
2572 5015 2757 5088 Graece
2782 5015 2852 5088 de
2876 5016 3057 5088 palma
3086 5015 3321 5078 dicitur,
3352 5016 3420 5071 de
3446 5015 3573 5070 alite
3606 5020 3697 5073 in-

2117 5086 2504 5159 terpretantes,
2534 5087 2679 5156 quod
2707 5087 2773 5159 de
2803 5086 3189 5159 phmniceave
3213 5096 3497 5159 narratur,
3523 5090 3695 5144 etiam

2120 5156 2530 5229 Scripturarum
2560 5157 2888 5212 auctoritate
2917 5157 3020 5210 niti
3052 5156 3214 5211 facile
3241 5158 3346 5211 sibi
3397 5174 3696 5228 persuase-

2118 5227 2259 5283 runt‘
2273 5230 2445 5283 sancti
2479 5227 2689 5281 Patres.

2191 5299 2302 5369 (12)
2329 5300 2555 5353 Sanctus
2574 5296 2834 5363 Clemens,
2852 5298 3100 5369 templum
3116 5296 3694 5369 ierosolgmitanum,

2118 5368 2233 5422 cum
2259 5368 2533 5436 epistolam
2561 5371 2719 5423 istam
2743 5368 3011 5431 scriberet,
3031 5368 3203 5421 adhuc
3234 5380 3494 5435 superstes
3526 5371 3698 5439 fuisse

2119 5441 2421 5508 signiﬁcare
2457 5438 2694 5503 videtur;
2728 5439 2848 5491 licet
2880 5439 2933 5490 id
2955 5440 3251 5493 necessario
3295 5453 3360 5491 ea:
3384 5441 3497 5506 ejus
3524 5438 3695 5497 verbis

2120 5526 2223 5562 non
2273 5520 2640 5579 consequatur,
2687 5525 2806 5561 cum
2838 5518 2947 5562 tota
2983 5510 3095 5576 ejus
3138 5511 3313 5563 oratio
3363 5513 3696 5578 comparatio

2121 5588 2326 5633 tantum
2347 5580 2439 5635 sit.
2495 5579 2733 5633 Solemus
2765 5589 2941 5631 autem
2972 5581 3027 5631 in
3080 5581 3569 5648 comparationibus
3610 5599 3696 5637 res

2117 5652 2412 5725 prteteritas
2472 5660 2723 5725 tanquam
2774 5660 3055 5725 praesentes
3115 5666 3425 5725 proponere.
3466 5650 3695 5725 Fleury,

2123 5720 2265 5775 lIist.
2289 5720 2439 5788 eccl.,
2468 5718 2602 5774 tom.
2634 5718 2675 5785 l,
2706 5720 2762 5774 in
2792 5719 2967 5776 Clem.
3001 5721 3096 5775 lib.
3117 5718 3188 5788 tt,
3216 5718 3255 5792 §
3284 5722 3373 5778 35.
