3936 6172
227 349 249 402 1
266 348 319 401 ﬂ
1474 345 1812 402 PllOlIIMlA

1907 343 2157 401 ARIORIJ
2172 344 2238 400 .\l.

3385 354 3481 405 142

226 467 420 519 tionem
475 464 678 532 [actam
699 463 883 533 fuisse.
918 461 1042 517 Mox
1068 461 1445 517 contentiones
1475 463 1545 517 ob
1575 461 1807 518 Aaronis
1838 462 1883 519 Α
1911 460 1967 511 in
2015 458 2139 513 ovili
2182 457 2383 514 Christi
2426 479 2616 531 parvos
2663 474 2711 520 et
2754 465 3002 535 probatos
3035 468 3288 533 inveniri,
3320 488 3477 540 quam

226 556 599 612 sacerdotium
627 555 829 628 Moysis
850 562 1008 610 aetate
1035 560 1254 619 exortas
1289 553 1575 620 describit,
1620 560 1674 607 et
1702 552 1806 608 Co'~

224 644 461 700 rintbios
483 643 689 713 injuste
719 644 1041 714 episcopatu
1088 643 1393 713 privavisse
1422 658 1539 706 eos,
1592 642 1686 714 qui
1739 643 1807 697 ab

223 735 605 806 apostolorum
653 736 1072 791 successoribus
1136 736 1423 791 constituti
1465 734 1702 797 fuerant,
1752 744 1808 789 et

223 840 453 880 munere
514 840 617 882 suo
667 826 948 897 inculpate
998 833 1055 881 et
1096 827 1356 897 praeclare
1414 825 1801 896 fungebantur.

226 915 473 972 Schisma
495 926 746 975 vestrum.
771 918 971 989 inquit,
996 920 1192 973 multos
1225 920 1493 990 pervertit;
1525 918 1719 973 multos
1751 919 1807 972 in

222 1010 395 1063 animi
423 1008 785 1077 dejectionem,
824 1011 1020 1064 multos
1072 1010 1128 1064 in
1181 1011 1592 1075 vacillationem,
1627 1028 1805 1065 omnes

222 1119 319 1156 nos
342 1103 397 1155 in
418 1103 691 1157 tristitiam
704 1102 949 1173 conjecit.
978 1103 1180 1173 Turpia
1206 1114 1353 1168 sunt,
1370 1103 1573 1169 dilecti,
1590 1112 1639 1159 et
1657 1104 1807 1160 valde

221 1194 426 1262 turpia,
452 1202 502 1248 et
534 1192 844 1249 Christiana
883 1195 1278 1250 conversatione
1317 1195 1555 1267 indigna,
1605 1195 1803 1262 audiri,

219 1286 593 1355 ﬁrmissimam
659 1295 709 1340 et
761 1286 1035 1357 antiquam
1074 1285 1470 1341 Corinthiorum
1513 1286 1805 1341 Ecclesium

218 1388 439 1448 propter
466 1394 630 1432 unum
658 1387 754 1432 aut
771 1379 999 1432 alterum
1022 1378 1287 1434 hominem
1314 1388 1500 1434 contra
1539 1379 1804 1451 presbyte-

220 1487 309 1525 ros
339 1471 650 1526 seditionem
672 1488 896 1527 nwvere.
931 1473 1103 1542 Atque
1156 1456 1219 1527 is.
1243 1489 1424 1526 rumor
1451 1489 1554 1528 non
1599 1482 1805 1528 tantum

216 1565 290 1619 ad
328 1582 428 1619 nos
448 1566 702 1633 pervenit;
732 1565 823 1620 sed
846 1565 917 1620 ad
945 1582 1033 1622 eos
1049 1582 1270 1636 quoque,
1295 1566 1439 1637 quia
1460 1566 1610 1622 nobis
1644 1568 1807 1624 alieni

217 1666 344 1712 sunt
376 1659 559 1712 animo
588 1667 638 1712 et
666 1659 959 1723 sententia;
989 1658 1120 1714 adeo
1152 1668 1209 1712 ut
1232 1668 1448 1729 propter
1475 1668 1701 1715 vestram
1721 1662 1806 1716 in-

215 1751 551 1819 sipientiam,
574 1753 736 1806 etiam
769 1752 1109 1821 blasphemia:
1128 1761 1179 1807 et
1206 1753 1443 1807 convicia
1466 1755 1668 1809 nomini
1694 1755 1797 1809 Do-

217 1843 350 1897 mini
378 1843 700 1913 inferantur.
733 1844 1057 1913 Auferamus
1086 1844 1248 1915 igitur
1267 1845 1509 1898 celeriter
1530 1844 1627 1899 hoc
1648 1863 1804 1901 scan-

212 1932 429 1999 dalum,
465 1944 517 1989 et
565 1933 793 1989 Domina
823 1934 1131 1990 accidamus
1158 1944 1207 1989 et
1234 1934 1568 2006 plangamus,
1593 1946 1802 1992 orantes

214 2041 338 2078 eum
384 2033 471 2089 ut,
504 2025 766 2094 propitius
802 2026 1000 2095 factus,
1034 2028 1402 2081 reconcilietur
1447 2027 1597 2083 nobis
1649 2038 1804 2100 atque

216 2115 275 2169 in
297 2116 555 2171 decoram
576 2127 625 2171 et
646 2126 855 2173 castam
874 2118 1101 2188 fraterni
1122 2120 1324 2173 amoris
1354 2119 1493 2174 viam
1520 2136 1614 2176 nos
1646 2119 1803 2174 redu-

214 2216 303 2259 cat
320 2216 375 2260 et
401 2207 670 2262 restituat.

286 2299 592 2355 Charitatis
616 2300 815 2358 deinde
844 2301 1036 2359 laudes
1055 2303 1425 2375 persequitur,
1452 2318 1574 2360 eam
1598 2302 1803 2376 Moysis

214 2389 286 2444 ad
316 2390 499 2443 instar
527 2392 961 2457 commendans,
990 2394 1086 2465 qui
1118 2410 1149 2450 e
1178 2395 1320 2450 libro
1345 2394 1474 2450 vitae
1501 2394 1673 2450 deleri
1706 2410 1804 2449 cu—

214 2479 408 2550 piebat
427 2519 444 2545 ,
475 2479 522 2535 si
553 2481 756 2553 populo
783 2497 884 2538 suo
909 2484 1127 2539 veniam
1151 2500 1263 2540 non
1290 2485 1672 2558 impetrasset;
1705 2488 1803 2543 do-

216 2581 455 2642 cetque,
504 2588 613 2642 qua
660 2574 879 2629 ratione
925 2574 1071 2630 inter
1117 2575 1271 2647 ipsos
1327 2578 1537 2633 servari
1584 2582 1800 2650 possit;

214 2666 423 2735 quibus
461 2665 747 2734 gentilium
794 2666 1041 2737 ipsorum
1085 2668 1395 2738 exemplum
1445 2669 1800 2740 superaddit,

214 2756 312 2828 qui
367 2756 443 2812 ob
490 2757 775 2828 publicam
817 2758 1108 2814 utilitatem
1147 2767 1381 2816 mortem
1433 2768 1601 2832 atque
1650 2763 1802 2819 exsi-

214 2848 351 2902 lium
376 2846 623 2904 subiere.
645 2846 926 2905 Fraterna:
945 2850 1110 2904 etiam
1134 2850 1491 2907 correctionis
1510 2852 1802 2908 utilitatem

215 2945 663 3005 commemorat,
695 2937 1030 3010 subditque:
1075 2939 1180 2995 Vos
1217 2956 1372 3012 ergo,
1403 2942 1496 3012 qui
1524 2941 1802 2997 seditionis

213 3030 575 3100 fundamenta
596 3032 838 3103 jecistis,
868 3032 1069 3088 subditi
1094 3042 1261 3088 estote
1296 3033 1617 3105 presbyteris
1655 3044 1708 3090 et
1746 3036 1803 3088 in

1910 552 2079 605 altum
2107 553 2367 620 sapientes
2396 571 2422 607 e
2454 570 2540 624 spe
2567 557 2715 613 illius
2744 559 2885 627 ejici.
2915 558 3133 613 Claudit
3154 560 3434 629 epistolam
3456 602 3478 630 ,

1909 640 2079 698 Deum
2109 657 2308 708 orans,
2343 652 2401 697 ut
2430 660 2526 715 per
2554 644 2617 700 D.
2652 646 2717 700 N.
2752 647 2802 703 J.
2835 648 3118 703 Christum
3152 649 3260 705 illis
3289 650 3379 706 det
3416 652 3480 711 ﬂ-

1907 735 2029 792 dem
2052 776 2067 801 ,
2114 735 2368 793 timorem
2391 778 2407 803 ,
2457 754 2647 809 pacem
2671 780 2685 802 ,
2733 740 3051 809 patientiam
3075 782 3090 806 ,
3142 751 3481 816 caeterasque

1909 828 2140 885 virtutes
2163 870 2180 896 ,
2212 832 2457 902 petitque
2487 840 2547 886 ut
2580 832 2872 888 Claudium
2896 874 2910 899 ,
2959 834 3239 905 prebum
3259 875 3275 900 ,
3319 835 3482 893 Vale-

1908 921 2049 977 sium
2067 929 2119 980 et
2130 921 2510 994 Fortunatum,
2525 926 2768 995 epistolae
2791 926 2953 995 hujus
2978 927 3309 993 tabellarios,
3329 928 3480 986 brevi

1908 1024 1962 1069 et
1991 1031 2116 1071 cum
2148 1017 2350 1089 gaudio
2380 1019 2697 1082 remittant,
2736 1026 2796 1073 ut
2834 1020 2999 1075 citius
3020 1061 3034 1084 ,
3071 1020 3285 1092 inquit,
3320 1030 3478 1093 cpta-

1906 1106 2072 1163 bilem
2111 1109 2378 1179 nobisque
2416 1109 2942 1166 desideratissimam
2996 1126 3185 1180 pacem
3237 1127 3305 1167 ac
3343 1127 3479 1167 con-

1907 1198 2147 1255 cordiam
2177 1200 2525 1256 annuntient.

2082 1353 2332 1425 Analysis
2368 1354 2606 1425 epistola;
2638 1355 2885 1409 secunda:
2915 1356 2982 1412 D.
3016 1355 3300 1413 Clementis

2475 1425 2543 1479 ad
2574 1424 2898 1481 Corinthios.

1978 1558 2037 1614 In
2072 1560 2241 1615 altera
2264 1561 2333 1616 ad
2355 1560 2673 1619 Corinthios
2706 1563 2935 1635 epistola
2952 1603 2967 1627 ,
2993 1563 3097 1618 sibi
3122 1566 3474 1634 proposuisse

1905 1654 2122 1710 videtur
2159 1662 2387 1711 sanctus
2426 1654 2715 1723 Clemens,
2758 1664 2819 1711 ut
2852 1656 3172 1713 Corinthios
3207 1657 3274 1713 ad
3308 1658 3475 1712 vitam

1909 1761 2154 1817 Ipsorum
2196 1748 2486 1804 vocatione
2528 1749 2749 1819 dignam
2789 1748 3092 1804 ducendam
3142 1749 3474 1806 hortaretur.

1907 1840 2088 1905 Quare
2119 1838 2225 1894 sub
2257 1840 2435 1911 ipsum
2465 1840 2680 1895 initium
2714 1840 2874 1896 docet
2895 1880 2911 1905 ,
2954 1856 3049 1897 eos
3093 1842 3161 1897 de
3206 1842 3436 1898 Christo
3457 1882 3472 1906 ,

1904 1943 2165 2002 tanquam
2204 1933 2272 1988 de
2310 1932 2421 1989 Deo
2457 1932 2661 1989 sentire
2696 1949 2913 2004 aequum
2951 1950 3109 1998 esse,
3165 1942 3220 1990 et
3264 1946 3471 2005 quanta

1902 2025 2079 2082 eidem
2105 2025 2369 2092 debeant,
2399 2034 2562 2097 atque
2592 2042 2755 2097 quam
2786 2035 2971 2098 gratos
3010 2042 3071 2082 se
3102 2026 3181 2082 illi
3211 2028 3472 2083 exhibere

1902 2125 2190 2189 Oporteat,
2234 2119 2381 2189 quod
2423 2134 2520 2175 eos
2562 2119 2630 2175 ad
2682 2119 2956 2191 Evangelii
3004 2119 3179 2175 lucem
3220 2121 3472 2187 vocarit,

1903 2217 2117 2281 gratum
2165 2225 2297 2267 vero
2330 2210 2572 2271 animum
2620 2226 2731 2266 non
2783 2211 2953 2268 solam
3003 2212 3306 2268 divinitatis
3355 2213 3475 2280 ejus

1905 2300 2297 2373 professionem
2328 2303 2508 2373 palam
2540 2303 2751 2359 edendo
2780 2302 3000 2374 probari
3029 2303 3136 2367 ait,
3169 2303 3263 2357 sed
3292 2304 3475 2373 potius

1903 2404 2301 2466 praeceptorum
2330 2394 2451 2464 ejus
2479 2396 2622 2450 viam
2655 2394 3031 2466 ingrediendo.
3060 2385 3281 2448 'Subdit
3303 2433 3317 2457 ,
3366 2393 3471 2448 ho-

1903 2487 2072 2543 minis
2105 2486 2271 2542 vitam
2302 2488 2360 2543 in
2387 2488 2499 2543 duo
2528 2494 2806 2559 tempora,
2837 2488 2954 2543 sive
2985 2487 3186 2543 saecula
3228 2486 3373 2540 inter
3413 2501 3475 2541 se

1903 2578 2122 2634 diversa
2150 2579 2381 2635 divisam
2407 2594 2530 2636 esse
2548 2620 2563 2647 ,
2587 2595 2830 2651 praesens
2867 2595 3034 2634 unum
3056 2618 3071 2643 ,
3114 2576 3356 2632 futurum
3396 2577 3478 2630 al-

1903 2678 2114 2737 terum,
2164 2686 2287 2743 quae
2333 2671 2599 2743 quasdam
2648 2672 2815 2728 veluti
2866 2670 3185 2726 inimicitias
3240 2669 3472 2724 invicem

1903 2773 2196 2834 exercent;
2223 2766 2378 2837 prius
2424 2767 2632 2821 scelera
2681 2773 2845 2836 atque
2882 2763 3087 2835 ﬂagitia
3131 2762 3473 2834 praedicam;

1904 2858 2179 2929 posterius
2202 2858 2289 2914 his
2320 2857 2578 2913 omnibus
2605 2858 2860 2912 nuntium
2890 2857 3167 2911 remittere
3192 2874 3207 2923 ;
3234 2870 3476 2926 prmsens

1903 2950 2164 3004 saeculum
2193 2950 2530 3022 paenitentiae
2556 2951 2888 3007 destinatum
2910 2989 2926 3015 ,
2963 2957 3127 3020 atque
3162 2948 3260 3005 Dei
3294 2950 3388 3005 ira:
3420 2955 3476 3002 et

1904 3041 2075 3098 futuri
2121 3042 2308 3099 saeculi
2359 3042 2643 3114 suppliciis
2698 3042 3019 3113 eﬂ’ugiendis
3071 3050 3258 3115 aptum
3309 3058 3472 3110 esse,

210 3126 586 3195 pcenitentiam
617 3126 990 3196 corripimini:
1022 3128 1210 3183 melius
1236 3128 1500 3199 siquidem
1540 3128 1683 3184 vobis
1722 3137 1800 3184 est
1825 3170 1869 3226 Ο
1904 3135 2065 3205 cujus
2098 3133 2244 3193 diem
2272 3144 2435 3206 atque
2462 3144 2679 3207 tempus
2707 3135 2926 3208 penitus
2957 3136 3295 3207 ignoramus.

1671 3361 2020 3381 *ι*-

1508 3509 1891 3600 CAPUT
1977 3511 2169 3599 Ill.

1041 3729 1104 3790 S.
1167 3727 1623 3791 CLEMENTIS
1657 3728 1976 3793 ROMANI
2006 3731 2274 3793 OPERA
2324 3732 2589 3794 DUBIA.

294 3897 669 3959 An'rtcuws
724 3914 975 3959 uxrcus.
1008 3930 1085 3940 —
1119 3894 1289 3971 Quid
1328 3893 1403 3955 de
1438 3891 1681 3956 duabus
1744 3892 2081 3957 Clementis
2113 3894 2194 3955 ad
2223 3898 2502 3976 virgines
2547 3898 2837 3977 epistolis
2868 3900 2953 3959 sit
2975 3897 3387 3961 sentiendum.

286 4219 427 4287 Quis
450 4217 654 4285 primus
680 4216 777 4272 has
806 4213 1060 4286 epistolas
1087 4211 1360 4271 detexerit.
1382 4245 1453 4257 -
1473 4214 1799 4285 Nuperrime

207 4328 268 4369 ν.
306 4312 379 4367 cl.
410 4307 656 4363 Joannes
692 4305 930 4363 Jacobus
985 4303 1326 4361 Wetstenius
1366 4304 1631 4378 (15)duas
1659 4306 1796 4361 alias

209 4402 483 4477 produxit
513 4399 692 4455 sancti
722 4397 1022 4454 Clementis
1050 4395 1286 4451 Romani
1328 4396 1620 4466 epistolas,
1665 4395 1801 4450 bac-

210 4505 382 4551 tenus
428 4492 689 4548 omnibus
732 4490 1040 4561 incognitas
1060 4529 1076 4554 ,
1105 4503 1248 4559 quas
1274 4490 1424 4545 velut
1454 4489 1702 4545 sinceros
1730 4486 1795 4543 Ι).

210 4586 521 4643 Clementis
555 4583 699 4639 fetus
726 4582 947 4654 agnovit
978 4582 1051 4637 cl.
1099 4581 1300 4647 editor,
1347 4595 1411 4636 ac
1448 4596 1549 4652 pro
1590 4582 1800 4638 viribus

210 4679 396 4736 eidem
427 4690 680 4733 asserere
700 4681 785 4731 est
814 4689 1128 4745 aggressus.
1158 4672 1364 4729 Verum
1393 4674 1531 4729 duos
1558 4688 1670 4745 prae
1696 4687 1800 4729 cte-

209 4775 349 4828 teris
377 4770 535 4825 viros
564 4768 712 4823 haud
743 4767 1050 4823 incelebres
1077 4774 1277 4823 nactus
1304 4774 1389 4823 est
1417 4766 1794 4823 adversarios:

208 4863 456 4918 alterum
511 4861 735 4932 quidem
794 4859 1187 4916 Nathanaelem
1243 4858 1585 4915 Lardnerum
1619 4900 1635 4926 ,
1698 4859 1795 4927 qui

209 4969 362 5009 anno
394 4952 540 5008 1753
566 4952 1008 5008 dissertationem
1050 4950 1121 5006 60
1154 4950 1478 5022 paginarum
1509 4949 1654 5003 in-8°
1683 4947 1796 5003 An-

211 5047 356 5118 glice
403 5044 645 5101 Londini
691 5044 904 5112 edidit;
954 5044 1315 5115 pluribusque
1363 5043 1420 5098 in
1466 5042 1795 5097 contrariam

210 5138 548 5195 sententiam
583 5136 835 5192 adductis
854 5178 870 5204 ,
902 5136 962 5191 in
989 5150 1111 5192 eam
1139 5135 1363 5192 tandem
1406 5134 1797 5205 cogitationem

210 5231 439 5287 devenit
460 5270 477 5294 ,
510 5229 614 5285 has
644 5229 907 5283 nimirum
936 5227 1199 5300 epistolas
1228 5227 1379 5282 circa
1406 5226 1649 5281 medium
1689 5240 1795 5280 sae-

207 5325 324 5380 culi
351 5322 503 5380 tertii
522 5322 593 5378 ab
612 5320 873 5394 episcOpo
888 5318 1187 5378 Orientalis
1208 5316 1468 5376 Ecclesia:
1485 5316 1655 5375 fuisse
1675 5331 1798 5388 per-

282 5572 401 5645 (13)
436 5570 503 5645 in
538 5568 695 5625 Novo
728 5564 1298 5645 Testamento-Graeco
1320 5577 1446 5619 cum
1466 5560 1792 5645 lectionibus

205 5632 559 5700 variantibus
579 5681 597 5705 ,
625 5638 1022 5695 commentario
1050 5635 1298 5708 pleniore
1324 5632 1790 5708 “scriptoribus

207 5713 461 5770 Hebraeis
491 5752 509 5781 ,
547 5702 758 5768 Gracia
802 5716 858 5767 et
890 5702 1129 5771 Latinis,
1188 5702 1597 5762 Amstaelodami
1646 5702 1780 5759 1751

207 5786 379 5843 edita.

1907 4210 2144 4283 scriptas
2173 4210 2318 4283 (14);
2345 4209 2576 4265 alterum
2618 4224 2744 4264 vero
2780 4206 3150 4265 llermannum
3197 4210 3472 4279 Venema;

1902 4303 1996 4374 qui
2028 4318 2173 4358 anno
2205 4303 2532 4372 insequente
2563 4301 2725 4367 1754,
2773 4300 3046 4373 Harlingae
3089 4303 3325 4375 vulgatis
3365 4307 3471 4360 tri-

1902 4396 2005 4451 bus
2035 4394 2321 4466 epistolis,
2352 4394 2490 4451 viris
2520 4393 2845 4449 clarissimis
2872 4392 3275 4466 Wesselingio,
3304 4397 3472 4454 Hem-

1904 4486 2202 4552 sterbusio,
2237 4494 2293 4543 et
2323 4484 2723 4556 Cannegietero
2753 4484 3039 4555 inscriptis
3058 4526 3072 4551 ,
3102 4486 3323 4544 easdem
3354 4490 3473 4559 epi-

1903 4577 2076 4634 stulas
2123 4576 2497 4633 Clementinas
2540 4574 2924 4645 supposititias
2952 4589 3075 4631 esse
3106 4576 3256 4632 omni
3290 4579 3473 4634 studio

1901 4674 2187 4731 contendit
2219 4675 2511 4740 evincere;
2546 4672 2601 4726 in
2633 4671 2704 4728 iis
2733 4671 2878 4726 enim
2910 4671 3055 4726 inter
3097 4672 3202 4726 alia
3242 4672 3306 4728 D.
3338 4672 3471 4730 Hie-

1900 4765 2114 4836 ronymi
2146 4764 2345 4835 stylum
2373 4763 2477 4819 sibi
2504 4762 2816 4818 suboluisse
2840 4761 3018 4815 innuit
3043 4761 3253 4832 (15).Et
3274 4780 3470 4836 quam-

1900 4857 1984 4912 vis
2010 4858 2079 4913 de
2109 4865 2331 4912 auctore
2359 4870 2424 4910 ac
2453 4865 2729 4925 tempore,
2771 4869 2881 4924 quo
2920 4854 3150 4920 vixerit,
3196 4856 3333 4911 nihil
3374 4857 3471 4913 de-

1899 4948 2092 5016 ﬁniat;
2132 4964 2256 5005 eum
2296 4956 2481 5003 tamen
2523 4946 2692 5003 fuisse
2722 4944 3087 5011 Orientalem,
3119 4963 3229 5003 non
3270 4947 3473 5003 Romae

1901 5056 2068 5106 num,
2108 5048 2162 5097 et
2199 5039 2431 5108 Origene
2469 5053 2686 5109 quoque
2724 5038 3079 5107 posteriorem
3118 5039 3300 5110 arguit
3330 5040 3465 5112 (16).

1902 5131 2139 5203 Utrique
2170 5135 2355 5188 statim
2387 5128 2673 5201 respondit
2713 5126 3052 5185 Wetstenius
3072 5170 3087 5194 ,
3121 5129 3466 5201 iterumque,

1899 5238 2039 5297 quas
2065 5223 2241 5280 edidit
2262 5222 2544 5293 epistolas,
2573 5220 2748 5292 magis
2769 5221 3051 5291 magisque
3067 5220 3331 5277 Clementi
3355 5220 3470 5275 Ro-

1898 5329 2061 5371 mano
2106 5313 2447 5370 vindicavit:
2497 5312 2777 5368 Lardnero
2804 5312 3023 5382 quidem
3065 5313 3120 5367 in
3160 5311 3344 5367 Diario
3371 5315 3467 5368 lit-
3524 5386 3533 5393 ο

1967 5559 2081 5631 (14)
2120 5555 2485 5631 Ιιετᾶῃθτ,Δᾼ
2531 5552 2875 5631 dissertati‘on
2912 5567 3073 5631 upo_n_
3088 5550 3175 5631 the
3208 5544 3464 5631 ttoouljpi-

1896 5620 2020 5686 stles
2054 5620 2290 5684 ascribed
2316 5636 2368 5679 to
2398 5623 2634 5682 Clement
2688 5624 2748 5692 οῖ
2774 5623 2933 5692 Rome
2952 5621 3093 5692 s37,
3118 5620 3186 5674 54
3214 5628 3269 5674 et
3295 5620 3385 5675 57.

1969 5700 2080 5772 (15)
2120 5698 2359 5772 _V_enema
2385 5737 2400 5760 ,
2431 5696 2593 5772 e_pis_t.
2615 5694 2697 5772 ,
2784 5692 2875 5756 27,
2913 5688 2940 5760 ᾗ
2971 5688 3060 5744 89.

1969 5704 2060 5772 (15
2120 5704 2359 5754 Venema
2385 5737 2400 5760 ,
2431 5704 2593 5765 epist.
2627 5704 2697 5756 2,
2730 5704 2758 5763 §
2784 5704 2875 5756 27,
2913 5704 2940 5760 3
2971 5704 3060 5744 δυ.

1968 5704 2081 5846 (l6;
2118 5769 2297 5837 ldem,
2326 5783 2413 5838 ep.
2446 5767 2509 5833 3,
2545 5764 2574 5836 §
2609 5764 2674 5818 16
2703 5771 2757 5819 et
2785 5775 2960 5829 seqq"
2995 5773 3117 5833 pag.
3154 5758 3278 5814 1‘29.
