3936 6172
437 358 542 415 “3

1566 353 1655 407 AD
1694 352 1753 408 S.
1789 350 2212 407 CLEMENTEM
2253 352 2272 406 l
2312 350 2545 407 PAPAM

3562 353 3669 406 ιιι

429 470 634 528 terarlo
661 466 867 525 Gallice
896 468 1164 539 inscripto
1196 467 1557 539 Bibliothéque
1588 468 1859 522 raisonnée
1885 467 1995 539 (17)
2027 472 2074 529 Α
2101 468 2388 538 epistolam
2429 469 2659 540 primam
2690 467 2757 522 ad
2792 467 3107 525 Corinthios
3134 487 3148 536 ;
3182 468 3430 524 meminit
3468 478 3523 524 et
3572 486 3669 524 se—

432 562 684 618 Venema:
713 570 893 617 autem
915 601 931 626 ,
985 562 1216 631 epistola
1247 576 1312 615 eo
1344 562 1463 631 ipso
1508 575 1654 615 anno
1692 560 1830 614 1754
1870 556 2001 612 Am?

422 652 923 707 stmlodamensibus
952 652 1099 723 typis
1140 652 1463 721 consignata
1488 689 1503 715 ,
1548 664 1713 720 quam
1755 647 2001 719 epistolae

433 746 620 817 primae
650 743 992 798 Venemianae
1036 744 1319 814 Opposuit.
1372 742 1675 798 Ulteriores
1727 741 1998 796 vindicias

432 851 533 907 pro
562 837 647 891 his
673 834 1032 890 Clementinis
1062 836 1311 905 epistolis
1341 835 1557 889 demum
1587 851 1639 889 v.
1670 849 1720 889 c.
1750 833 1999 889 Andreas

431 926 750 981 Callandius
776 926 893 996 (18)
926 928 1193 982 exaravit.
1242 925 1445 981 Verum
1490 927 1827 996 argumentis
1872 940 1997 979 cum

435 1019 749 1073 intrinsecis
774 1027 886 1072 tum
914 1019 1236 1074 extrinsecis
1255 1019 1309 1072 in
1334 1026 1620 1088 utramque
1650 1026 1858 1087 partem
1881 1021 2000 1074 sine

436 1111 754 1181 praeiudicio
775 1113 1034 1183 expensis
1056 1128 1150 1167 eas
1174 1112 1404 1182 positive
1424 1111 1619 1165 dubias
1640 1126 1795 1179 esse;
1824 1127 1999 1181 neque

435 1204 641 1273 aliquid
673 1218 774 1273 pro
802 1206 885 1259 vel
915 1213 1105 1259 contra
1138 1204 1470 1259 authentiam
1504 1203 1819 1259 earumdem
1848 1213 1998 1259 certe

436 1296 601 1351 statui
632 1310 822 1365 posse,
856 1311 979 1351 cum
1009 1312 1062 1351 v.
1094 1295 1164 1349 cl.
1196 1294 1317 1349 Joa.
1369 1294 1541 1350 Mansi
1576 1294 1686 1367 (19)
1720 1297 1994 1351 existimo.

508 1386 885 1456 Argumentum
917 1403 1013 1457 pro
1042 1386 1313 1441 authentia
1338 1384 1585 1455 primum.
1615 1417 1685 1429 --
1704 1389 2001 1459 Argumen-

436 1486 551 1533 tum
601 1479 834 1547 primum
880 1494 978 1549 pro
1028 1479 1310 1534 authentia
1352 1479 1551 1533 harum
1595 1478 1658 1533 D.
1703 1480 1998 1536 Clementis

435 1570 787 1639 epistolarum
821 1578 1008 1639 petunt
1036 1570 1244 1642 praefati
1278 1579 1533 1625 auctores
1561 1586 1629 1625 ex
1667 1571 1998 1628 testimoniis

436 1669 753 1718 sanctorum
802 1659 1118 1733 Hieronymi
1154 1670 1207 1716 et
1244 1660 1573 1731 Epiphanii,
1613 1672 1847 1730 quorum
1886 1661 1998 1731 pri-

436 1770 561 1810 mus
597 1754 761 1823 hujus
796 1753 1095 1811 Clementis
1140 1753 1404 1824 epistolas
1435 1768 1467 1806 a
1510 1752 1780 1822 frequenti
1830 1753 1999 1823 virgi-

434 1846 622 1901 nitatis
645 1845 1112 1901 commendatione
1155 1845 1341 1900 laudat
1369 1845 1508 1917 (20),
1540 1846 1679 1899 alter
1718 1860 1848 1900 vero
1879 1846 1995 1910 ait,

437 1953 467 1992 a
496 1948 690 1994 sancto
737 1938 1017 1993 Clemente
1054 1937 1307 1993 laudibus
1354 1938 1535 1992 efferri
1581 1936 1786 2000 Eliam,
1839 1936 1999 1991 Davi-

438 2030 561 2085 dem
609 2037 664 2085 et
710 2027 1034 2084 Samsonem
1065 2028 1199 2099 (21).
1244 2027 1488 2099 Utraque
1529 2028 1645 2083 hac
1684 2028 1827 2081 sicut
1866 2043 2000 2083 nus-

440 2123 582 2193 piam
626 2122 681 2175 in
723 2121 935 2175 duabus
982 2121 1238 2191 leguntur
1275 2121 1513 2190 vulgatis
1553 2120 1662 2174 divi
1702 2118 1999 2174 Clementis

438 2217 505 2268 ad
538 2214 849 2269 Corinthios
880 2213 1162 2283 epistolis,
1214 2214 1289 2267 ita
1319 2212 1562 2269 vicissim
1607 2211 1894 2283 perspicue
1942 2212 1999 2265 in

439 2309 669 2369 utraque
699 2299 801 2355 hac
830 2307 1112 2371 apparent.

510 2389 808 2446 Secundum
839 2398 1227 2462 argumentum.
1254 2422 1324 2433 --
1351 2390 1605 2448 Secundo
1636 2393 1870 2462 probant
1903 2408 2001 2448 au-

441 2482 702 2537 thentiam
735 2481 1203 2537 Clementinarum
1237 2498 1303 2535 ex
1334 2481 1716 2537 conformitate
1743 2484 1868 2555 styli
1904 2484 2001 2538 has

441 2590 563 2628 rum
591 2575 943 2644 epistolarum
976 2588 1101 2628 cum
1134 2573 1348 2629 duabus
1376 2573 1443 2628 ad
1466 2573 1784 2631 Corinthios
1815 2575 1957 2631 datis
1982 2595 1997 2632 :

441 2666 735 2722 observant
760 2666 964 2735 passim
995 2663 1214 2719 easdem
1242 2666 1563 2728 sententias,
1591 2666 1835 2721 eamdem
1864 2665 2002 2721 scri-

439 2756 640 2821 bendi,
670 2757 1026 2826 exemplaque
1054 2757 1109 2811 in
1152 2758 1390 2812 medium
1432 2756 1767 2827 producendi
1809 2766 1863 2812 et
1910 2772 2000 2812 ra-

443 2848 744 2903 tiocinandi
778 2848 1113 2903 methodum.
1155 2849 1236 2902 Ad
1280 2849 1395 2903 haec
1435 2862 1615 2903 mores
1636 2864 1763 2904 vere
1789 2857 2004 2919 aposto-

444 2942 537 2997 lici
565 2981 580 3006 ,
616 2941 973 3011 simplicitas,
1006 2940 1300 3003 modestia,
1336 2940 1653 3010 frugalitas,
1696 2940 2003 3012 benignitas

441 3032 631 3087 eadem
667 3031 891 3098 insunt,
916 3038 1049 3099 etc.;
1079 3047 1187 3086 uno
1209 3032 1399 3096 verbo,
1427 3040 1719 3102 utrumque
1746 3032 2004 3102 epistola-

442 3141 563 3179 rnm
595 3141 693 3196 par
738 3126 914 3181 vivam
960 3126 1258 3183 Clementis
1303 3128 1596 3199 imaginem
1652 3126 1893 3195 referre,
1939 3142 2002 3183 ac

445 3224 656 3271 tantum
684 3233 793 3272 non
824 3220 1033 3289 spirare
1055 3219 1411 3275 arbitrantur.
1440 3218 1664 3275 Demum
1690 3220 1745 3275 in
1775 3229 2004 3289 utraque

445 3307 547 3361 hac
594 3310 821 3379 epistola
870 3311 1007 3365 nihil
1058 3326 1352 3367 occurrere
1402 3313 1711 3382 oppositum
1756 3311 2003 3366 moribus

446 3400 704 3458 Ecclesiae
747 3402 1069 3459 Christiana:
1105 3404 1305 3476 prioris
1348 3405 1567 3470 saeculi,
1600 3421 1710 3475 quo
1752 3404 2003 3461 Clemens

446 3491 628 3546 floruit
650 3532 665 3557 ,
720 3490 1061 3550 Wetstenius
1082 3536 1097 3559 ,
1128 3497 1330 3566 aliique
1358 3496 1686 3566 persuadere
1711 3504 2000 3551 conantur.

516 3584 837 3653 Argumenta
866 3596 1052 3641 contra
1082 3587 1430 3643 authentiam.
1454 3587 1608 3641 —At
1637 3603 1769 3642 vero
1797 3588 2004 3643 criticis

445 3676 838 3732 morosioribus
883 3679 1113 3732 arduum
1165 3679 1383 3734 videtur
1434 3678 1765 3745 admittere,
1817 3686 1870 3734 et
1905 3694 2005 3749 pro

446 3764 679 3819 sinceris
711 3780 1004 3834 agnoscere
1033 3768 1295 3836 epistolas
1326 3776 1438 3822 tota
1468 3770 1628 3839 plane
1658 3769 2003 3839 antiquitate,

446 3864 500 3912 et
542 3855 609 3910 ad
657 3856 762 3910 hoc
808 3872 982 3926 usque
1027 3860 1287 3913 saeculum
1336 3860 1570 3929 ignotas.
1618 3859 1804 3930 Neque
1850 3860 2008 3915 facile

446 3946 787 4011 concedunt,
823 3946 1006 4001 divum
1038 3948 1424 4020 Hieronymum
1455 3966 1762 4005 sermonem
1798 3952 1865 4006 de
1896 3952 2007 4008 illis

447 4039 706 4094 habuisse
756 4040 810 4092 in
862 4039 1167 4109 fragmento
1206 4056 1236 4094 a
1295 4039 1595 4100 Wetstcnio
1645 4042 1875 4113 ejusque
1917 4059 2007 4099 se-

448 4132 751 4187 ctatoribus
786 4132 1083 4201 producto,
1135 4133 1279 4202 quod
1320 4132 1424 4187 hoc
1467 4141 1788 4204 argumento
1832 4133 2007 4190 evinci

450 4238 611 4292 posse
638 4223 972 4277 existimant.
1019 4221 1377 4294 Hieronymus
1406 4226 1461 4277 in
1493 4226 1740 4295 catalogo
1774 4225 1849 4281 De
1883 4226 2008 4279 viris

449 4313 741 4367 illustribus
771 4313 1106 4369 Clementem
1138 4330 1247 4369 non
1276 4316 1502 4387 negligit
1522 4355 1537 4382 ,
1567 4316 1863 4388 laudatque
1887 4317 2009 4388 ejus

522 4491 634 4561 (17)
675 4490 830 4563 Tom.
864 4491 926 4563 L,
959 4500 1111 4563 parte
1142 4508 1215 4555 η,
1248 4502 1353 4548 art.
1381 4494 1413 4548 8
1436 4535 1449 4554 ,
1482 4510 1604 4563 pag.
1641 4494 1762 4549 565.

524 4563 634 4629 (l8)
692 4562 830 4615 Bibl.
869 4561 980 4615 Vat.
1011 4562 1123 4618 PP.
1172 4572 1301 4617 tom.
1340 4565 1393 4631 Ι,
1426 4561 1836 4636 ἱηῴιῖοιυεοιηη
1882 4582 2005 4638 pag.

450 4632 521 4685 20
551 4640 601 4683 et
634 4648 782 4685 seua.

489 4635 521 4685 0
551 4640 601 4683 et
634 4648 782 4686 seua.

551 4649 601 4683 et
634 4649 705 4685 set
730 4649 782 4699 q.

677 4650 831 4773 TJom.
865 4701 880 4754 l
913 4701 1137 4765 Concil.,
1164 4704 1269 4758 col.
1296 4705 1395 4757 11M
1425 4712 1477 4757 et
1506 4720 1659 4773 seqq.

528 4770 639 4841 (9.0)
685 4771 754 4841 lli
796 4784 915 4824 sunt
944 4774 1183 4836 eunuchi,
1215 4791 1343 4841 quos
1368 4770 1751 4827 castravit-non
1784 4777 2011 4829 necessi-

456 4839 696 4913 taslsed
726 4843 964 4894 voluntas
997 4855 1205 4909 propter
1227 4839 1444 4913 regnum
1487 4846 1755 4897 cwlorum.
1793 4846 1874 4896 Ad
1918 4848 2008 4900 hos

460 4918 509 4961 et
542 4908 779 4962 Clemens
820 4908 1084 4964 διετρέπεοτ
1128 4908 1352 4977 apostoli
1389 4915 1569 4973 Petri,
1611 4914 1761 4981 cujus
1808 4915 2008 4968 Paulus

457 4982 727 5046 apostolus
756 4983 985 5033 meminit
1008 5022 1027 5052 ,ν
1047 4982 1223 5033 scribit
1246 4984 1515 5050 epistolas.
1550 5000 1853 5047 omnemque
1886 5001 2010 5052 pene

456 5066 747 5121 sermonem
792 5067 941 5102 suum
995 5051 1058 5103 de
1088 5053 1405 5121 virginitatis
1447 5064 1675 5121 puritate
1720 5051 2003 5109 contexuit.

459 5118 515 5171 S.
552 5117 797 5179 Hieron.,
836 5122 925 5173 lib.
965 5135 978 5171 ι
1009 5117 1189 5173 contra
1217 5117 1575 5177 Iovinianum.

549 5189 638 5255 2i)
680 5186 924 5264 Clemens
941 5190 1048 5264 ipse
1076 5192 1312 5264 omnibus
1340 5194 1461 5247 illos
1486 5193 1805 5264 (Ebiomeos)
1842 5196 2008 5250 modis

455 5260 723 5332 redarguit
752 5262 818 5312 iis
847 5261 1075 5332 epistolis
1107 5262 1473 5327 circularibus,
1496 5260 1621 5332 qua:
1651 5265 1705 5317 in
1732 5260 2010 5319 sacrosan-

455 5330 555 5404 ctis
574 5328 836 5404 Ecclesiis~
846 5330 1128 5404 leguntur:
1150 5347 1222 5404 ea;
1258 5334 1444 5404 quibus
1480 5328 1714 5404 constat,
1758 5334 1904 5404 longe
1942 5335 2006 5387 ab

455 5398 701 5472 iissqua:
723 5400 776 5451 in
796 5396 1248 5472 Circuitibusillis
1270 5396 1473 5472 '(Petri)
1513 5403 1608 5455 sub
1646 5405 1759 5471 ejus
1800 5396 2006 5459 nomine

455 5468 753 5538 adulterina
780 5480 983 5523 exstant
1013 5512 1027 5533 ,
1058 5471 1203 5523 illius
1234 5468 1387 5538 ﬁdem
1416 5468 1477 5525 ac
1504 5468 1789 5526 sermonem
1819 5474 2010 5528 abhor—

455 5537 1258 5611 ruisseertenimrvirginitatem
1291 5544 1398 5610 ipse
1429 5542 1711 5611 (Clemens)
1747 5544 1924 5609 docet,
1956 5555 2004 5598 et

455 5606 547 5679 isti
577 5607 906 5677 (Ebionitw)
946 5606 1218 5679 repudiant
1246 5628 1263 5663 :
1288 5606 1378 5666 ille
1397 5606 1571 5665 Eliam
1593 5655 1607 5677 ,
1644 5606 1928 5676 Davidem,
1956 5624 2005 5666 et

459 5674 764 5751 $amsonern
793 5674 1068 5751 omnesque
1097 5682 1372 5749 prop/tetas
1402 5674 1766 5747 commendat;
1793 5674 1923 5751 quos
1952 5684 2006 5737 hi

457 5743 800 5802 detestantur.
830 5743 1045 5819 Epiph.,
1068 5743 1201 5807 h'ter.
1220 5754 1305 5819 30,
1333 5753 1358 5824 §
1386 5756 1469 5820 15,
1498 5753 1634 5824 Opp.
1670 5762 1707 5807 t.
1741 5743 1783 5819 l,
1876 5754 2000 5809 139.

2100 558 2294 613 cundae
2315 599 2330 622 ,
2363 575 2525 629 quam
2559 566 2737 613 tamen
2775 576 2883 613 non
2926 560 2996 614 ab
3033 560 3290 615 omnibus
3326 559 3541 614 admitti
3575 562 3669 615 af-

2101 647 2301 703 firmat.
2332 648 2587 703 Profecto
2618 665 2727 703 non
2758 650 3002 704 siluisset
3041 657 3095 703 et
3138 650 3386 719 geminas
3430 650 3594 714 alias,
3616 650 3668 704 si

2099 746 2291 793 nosset
2319 738 2454 809 (22).
2485 740 2605 804 Quo
2626 755 2757 809 ergo
2788 742 3055 809 spectavit
3100 740 3156 793 in
3202 741 3517 794 testimonio
3565 741 3668 793 illo

2098 843 2165 883 ex
2198 829 2339 883 libro
2380 839 2564 885 contra
2585 830 2924 885 Jovinianum
2962 832 3259 901 producto?
3289 832 3524 884 arbitror
3551 844 3667 899 pra

2098 918 2276 976 oculis
2329 921 2586 997 habuisse
2643 924 2930 992 epistolam
2984 924 3052 976 ad
3105 922 3421 977 Corinthios
3463 937 3672 977 secun-

2099 1012 2258 1077 dam,
2289 1013 2343 1065 in
2376 1029 2483 1083 qua
2527 1014 2666 1068 forte
2715 1015 2782 1069 de
2820 1014 3137 1084 virginitate
3182 1014 3444 1086 prolixior
3479 1028 3671 1067 sermo

2099 1101 2441 1169 habebatur;
2486 1119 2795 1174 quanquam
2821 1108 2964 1161 enim
3001 1108 3047 1161 is
3077 1108 3239 1160 modo
3274 1122 3383 1160 non
3425 1107 3666 1175 legatur,

2097 1210 2206 1249 non
2237 1204 2322 1251 est
2352 1213 2451 1251 cur
2490 1198 2763 1269 quispiam
2810 1201 3080 1266 miretur;
3113 1215 3288 1269 neque
3334 1200 3477 1254 enim
3520 1199 3671 1253 inte-

2096 1305 2192 1361 gra
2234 1288 2301 1343 ad
2349 1304 2449 1343 nos
2489 1291 2769 1360 pervenit,
2812 1299 2871 1343 ut
2905 1292 3136 1345 eruditis
3174 1292 3431 1346 omnibus
3467 1292 3670 1359 explo-

2097 1392 2273 1437 ratum
2307 1392 2410 1437 est.
2439 1381 2548 1437 Nec
2578 1382 2807 1435 multum
2837 1382 3128 1452 Epiphanii
3158 1384 3529 1437 testimonium
3556 1398 3666 1437 nos

2097 1476 2300 1529 morari
2348 1474 2546 1540 debet;
2594 1475 2866 1545 siquidem
2908 1475 3042 1528 illud
3085 1476 3403 1545 expeditum
3456 1484 3541 1529 est
3591 1491 3667 1529 ex

2096 1564 2344 1633 epistolis
2363 1564 2681 1629 Clementis,
2705 1581 2826 1635 qua:
2842 1574 2971 1621 tunc
2992 1566 3295 1637 legebantur
3314 1568 3367 1620 in
3386 1566 3666 1622 Ecclesiis.

2098 1655 2349 1712 Profecto
2376 1673 2445 1714 ex
2476 1660 2789 1714 testimonio
2818 1662 2993 1716 sancti
3024 1660 3340 1732 Hieronymi
3373 1661 3668 1726 discimus,

2101 1748 2278 1803 nullas
2300 1749 2435 1804 alias
2461 1749 2760 1805 Clementis
2790 1752 3052 1821 epistolas
3081 1760 3241 1808 aetate
3267 1754 3359 1809 illa
3393 1755 3446 1807 in
3476 1753 3673 1807 Eccle—

2100 1838 2181 1893 sia
2219 1839 2320 1908 legi
2357 1843 2713 1900 consuevisse
2736 1884 2750 1909 ,
2792 1844 2898 1898 nisi
2948 1844 3015 1897 ad
3049 1844 3367 1899 Corinthios
3396 1845 3668 1915 geminas.

2097 1929 2322 1985 Accedit
2350 1932 2517 2001 quod,
2540 1934 2865 1989 observante
2879 1952 2930 1990 v.
2955 1936 3027 1991 cl.
3062 1935 3339 1991 Lardnero
3369 1936 3501 2007 (25),
3530 1951 3673 1989 neu-

2099 2028 2184 2075 tra
2215 2022 2695 2081 Corinthiacarum
2728 2028 2959 2097 epistola
2992 2030 3203 2098 integra
3236 2028 3304 2082 ad
3337 2045 3437 2083 nos
3473 2044 3673 2097 perve-

2100 2113 2277 2178 nerit,
2309 2124 2472 2185 atque
2504 2116 2630 2171 inde
2666 2116 2829 2173 facile
2871 2118 2987 2174 ﬁeri
3027 2120 3239 2190 potuit,
3280 2128 3342 2174 ut
3385 2119 3672 2174 Samsonis

2099 2205 2303 2259 mentio
2332 2206 2474 2260 inter
2514 2222 2612 2272 ea,
2654 2223 2776 2279 qua:
2819 2208 2874 2262 in
2910 2210 3101 2263 iisdem
3144 2210 3394 2279 epistolis
3432 2210 3660 2274 desunt,

2100 2297 2335 2375 maxime
2364 2312 2492 2352 vero
2519 2299 2575 2351 in
2596 2299 2856 2365 secunda,
2886 2306 3205 2355 occurrerit.

2168 2385 2253 2437 An
2269 2386 2400 2439 nihil
2424 2387 2654 2441 moribus
2672 2390 2829 2452 primi
2842 2391 3021 2444 swculi
3037 2390 3358 2443 contrarium
3382 2402 3627 2442 occurrat
3645 2392 3673 2445 7

2098 2475 2328 2542 —Quod
2355 2494 2483 2533 vero
2504 2481 2580 2535 ait
2623 2476 2981 2547 Wetstenius,
3012 2484 3141 2537 nihil
3160 2485 3215 2537 in
3236 2492 3464 2553 utraque
3486 2484 3671 2538 littera

2101 2567 2203 2622 hac
2258 2584 2549 2629 occurrere
2582 2588 2612 2626 a
2643 2575 2891 2631 moribus
2934 2577 3110 2631 aetatis
3156 2577 3302 2631 illius
3338 2577 3667 2640 abhorrens,

2102 2675 2275 2729 usque
2304 2662 2440 2718 adeo
2478 2680 2664 2720 verum
2695 2666 2841 2721 haud
2891 2667 3104 2737 judicat
3150 2669 3557 2723 illustrissimus
3599 2665 3668 2720 D.

2101 2752 2275 2812 Mansi
2315 2758 2469 2831 (‘24);
2500 2776 2569 2815 ex
2600 2776 2790 2816 earum
2812 2762 2954 2817 enim
2987 2762 3220 2817 lectione
3246 2762 3673 2831 deprehendisse

2102 2849 2209 2903 sibi
2252 2851 2405 2905 visus
2464 2860 2569 2918 est,
2628 2855 2815 2909 nescio
2838 2870 2959 2925 qua:
3005 2858 3231 2927 vestigia
3275 2854 3670 2920 monachatus,

2102 2955 2298 3011 nempe
2325 2950 2500 2999 cmtus
2529 2944 2844 3009 hominum,
2877 2948 2971 3016 qui
3003 2963 3215 3002 morum
3249 2946 3672 3002 sanctimoniam

2104 3033 2435 3102 singularem
2473 3035 2769 3106 elegerint,
2802 3040 2948 3109 quod
2981 3041 3311 3109 permaximc
3345 3042 3521 3093 elucet
3561 3039 3672 3093 illis

2104 3127 2318 3181 verbis:
2348 3147 2366 3180 ι
2391 3126 2449 3181 ld
2481 3129 2626 3199 quod
2656 3146 2765 3185 non
2798 3132 2953 3186 decet
2984 3132 3190 3198 fideles,
3222 3132 3345 3188 illos
3374 3135 3672 3204 praecipue,

2104 3218 2197 3288 qui
2221 3218 2503 3287 elegerunt
2533 3220 2902 3274 sanctitatem.
2936 3238 2955 3272 ι
3004 3219 3397 3274 Monacborum
3426 3228 3607 3274 autem
3640 3234 3674 3273 a

2102 3312 2380 3367 consortio
2408 3310 2648 3365 fidelium
2683 3327 2936 3368 secessus
2963 3313 3236 3367 recentior
3271 3320 3377 3373 est,
3411 3326 3572 3381 quam
3614 3321 3673 3366 ut

2103 3414 2228 3453 cum
2270 3408 2430 3455 aetate
2476 3399 2772 3457 Clementis
2814 3403 3066 3474 componi
3108 3403 3281 3473 possit
3321 3402 3455 3473 (25).
3497 3402 3675 3456 Caete-

2102 3506 2224 3546 rum
2269 3492 2394 3563 styli
2427 3492 2753 3558 similitudo,
2803 3495 3197 3549 sententiarum
3236 3493 3519 3563 aequalitas
3558 3508 3671 3546 non

2104 3598 2319 3652 semper
2348 3584 2597 3639 eumdem
2631 3586 2827 3655 probat
2864 3586 3046 3655 operis
3087 3593 3386 3639 auctorem.
3426 3582 3671 3637 Tandem

2104 3675 2193 3728 vix
2236 3675 2517 3745 probabile
2559 3684 2664 3742 est,
2705 3677 3039 3733 Clementem
3093 3675 3400 3731 Romanum
3448 3672 3675 3745 Syriace

2105 3766 2417 3834 scripsisse.

2176 3856 2312 3914 Aliis
2342 3859 2568 3931 insuper
2602 3862 2940 3932 argumentis
2972 3860 3255 3915 Semlerus
3284 3860 3385 3916 has
3409 3859 3675 3930 epistolas

2105 3958 2404 4019 oppugnat,
2437 3952 2531 4007 sed
2562 3969 2681 4022 qua:
2733 3954 2866 4007 mihi
2915 3953 3230 4023 prtejudicia
3271 3954 3473 4022 potius.
3506 3968 3674 4021 quam

2105 4040 2347 4096 rationes
2376 4057 2496 4096 esse
2518 4043 2787 4098 videntur.
2810 4042 2961 4096 Talia
2992 4051 3140 4097 certe
3167 4050 3315 4105 sunt,
3345 4041 3487 4111 quod
3517 4041 3676 4110 lgna-

2107 4130 2218 4186 tius
2253 4132 2367 4204 (26)
2419 4134 2685 4189 Clementi
2728 4136 3077 4206 pudicitiam,
3132 4150 3242 4189 non
3281 4136 3674 4205 virginitatem,

2107 4227 2393 4290 concedat,
2418 4234 2472 4281 et
2501 4228 2643 4298 quod
2667 4228 2911 4283 doctrina
2947 4228 3013 4282 de
3039 4226 3311 4298 fugiendis
3339 4228 3673 4291 omnimode,

2107 4319 2271 4375 etiam
2299 4318 2478 4390 quoad
2506 4321 2704 4386 locum,
2728 4320 3072 4386 mulieribus,
3110 4335 3220 4375 non
3251 4321 3426 4389 sapiat
3452 4320 3675 4389 genium

2183 4494 2295 4568 (2‘2)
2333 4494 2401 4547 At
2422 4509 2564 4570 pace
2592 4493 3027 4570 adversariorum
3061 4492 3290 4548 dixerim
3312 4536 3326 4557 ,
3361 4495 3678 4570 hocvargu-

2110 4575 2350 4621 mentum
2381 4567 2607 4618 nimium
2637 4567 2866 4633 probare
2886 4605 2900 4627 ,
2931 4574 3331 4628 consequenter
3362 4568 3497 4621 nihil
3542 4567 3677 4627 inde

2108 4638 2306 4706 evinci.
2332 4634 2569 4689 Plurima
2591 4636 2995 4706 enim_veternnt
3026 4637 3349 4704 scriptorum
3381 4653 3545 4706 opera
3576 4644 3679 4697 abs

2109 4705 2173 4760 Ι).
2206 4705 2552 4778 Allieronynto
2606 4705 2659 4757 in
2725 4703 2882 4778 Libro
2914 4704 2976 4778 de
3013 4703 3153 4778 virisi
3178 4703 3476 4778 illustribus
3519 4712 3678 4778 prius

2108 4776 2312 4848 omissa
2343 4774 2544 4848 inaliis
2573 4783 2758 4848 postea
2793 4774 3265 4848 lucubrationibus
3289 4774 3677 4848 Hieronyntia-

2108 4844 2198 4915 nis
2223 4844 2504 4915 enuntiata
2534 4844 2825 4915 observant
2850 4844 2952 4897 viri
2983 4845 3205 4898 eruditi.
3238 4845 3391 4915 Adde
3419 4844 3563 4915 quod
3601 4852 3669 4904 li-

2108 4914 2267 4967 brum
2314 4913 2390 4967 De
2412 4914 2537 4966 viris
2566 4912 2864 4966 illustribus
2896 4928 3039 4967 anno
3070 4915 3272 4969 Christi
3297 4913 3403 4970 592
3425 4912 3681 4976 absolve-

2108 4985 2214 5054 rit,
2244 4984 2586 5054 primumque
2609 4984 2983 5054 subsequente
3019 5001 3163 5038 anno
3196 4987 3363 5041 libros
3407 4989 3681 5047 adversus

2107 5051 2451 5107 Jovinianum
2500 5051 2801 5122 evulgarit,
2857 5056 3316 5121 quemadmodum
3373 5071 3442 5111 ex
3481 5060 3678 5116 eodem

2108 5131 2300 5177 sancto
2328 5124 2552 5178 doctore
2580 5131 2797 5177 constat

2198 5194 2296 5269 ἱἓξ»)
2333 5194 2374 5269 _A
2409 5194 2677 5269 dissertet.
2702 5209 2839 5269 upon
2863 5194 2943 5249 the
2962 5204 3063 5269 two
3085 5193 3281 5269 Epist”
3312 5211 3438 5269 pag.
3467 5199 3554 5255 24.

2202 5264 2291 5334 24)
2330 5262 2489 5334 _Tom.
2523 5265 2543 5318 Ι
2574 5262 2957 5330 Conciliorum,‘
2983 5266 3087 5318 col.
3122 5265 3243 5319 157.

2178 5331 2289 5402 (25)
2329 5331 2513 5403 Neque
2564 5335 2676 5387 b:ec
2725 5337 2883 5389 crisis
2916 5344 2997 5390 sat
3035 5337 3187 5388 tirmo
3240 5336 3493 5389 innititur
3539 5336 3679 5395 talo.

2109 5403 2239 5469 Quis
2270 5405 2408 5458 enim
2436 5407 2663 5473 ignorat,
2684 5404 2801 5470 jam
2822 5422 2853 5457 a
2880 5416 3103 5473 tempore
3126 5407 3484 5473 apostolorum
3511 5410 3683 5461 exsti-

2109 5475 2231 5527 tisse
2256 5485 2477 5545 ascetas,
2506 5475 2595 5543 qui
2628 5476 2761 5527 inter
2780 5474 3108 5529 Christianos
3131 5476 3363 5529 strictius
3386 5477 3681 5545 quoddam,

2108 5560 2169 5596 ac
2208 5541 2579 5597 severius‘vita:
2609 5562 2766 5614 genus
2798 5547 3025 5614 amplexi
3055 5549 3218 5601 sunt?
3251 5546 3382 5601 Vide
3399 5541 3685 5603 'Montfau-

2106 5615 2347 5685 conium,
2372 5617 2588 5685 dissert.
2612 5616 2689 5670 De
2720 5615 2958 5685 Philonis
2993 5617 3355 5685 Therapeutis.

2179 5684 2291 5754 (26)
2333 5686 2393 5741 S.
2417 5684 2679 5755 lgnatius,
2710 5683 2953 5755 Epistola
2987 5688 3055 5741 ad
3089 5683 3429 5755 Pliiladeph.,
3461 5704 3587 5761 cap.
3620 5690 3681 5750 4.
