3936 6172
270 260 377 316 με»

1490 257 1834 315 ΡΒΟΈΜῙΑ
1873 256 2253 318 VARIORUM.

3426 262 3529 317 ΝΒ

268 375 664 448 apostolicum,
689 374 1192 430 sedmonasticum.
1220 369 1458 427 Econtra
1516 372 1852 432 Wetstenius
1881 383 1925 438 Α
1952 374 2188 444 Paganis
2216 389 2371 429 sacra
2404 373 2699 445 pralegant
2731 382 2825 429 aut
2857 382 3152 446 exponant,
3193 375 3418 433 ludibrii
3448 380 3531 433 vi-

267 471 375 523 hoc
407 469 587 536 ipsum
630 476 1011 536 argumentum
1060 482 1159 535 pro
1198 463 1494 519 astruenda
1537 467 1852 539 γνησιότητι

265 561 514 621 adhibet,
549 560 640 628 qui
668 560 807 613 hanc
826 560 998 627 ipsam
1026 559 1373 615 severitatem
1397 562 1452 615 in
1482 575 1649 616 causa
1674 561 1849 629 ponit,

264 666 369 704 cur
390 650 717 720 refrigerato
760 650 1049 703 caelibatus
1089 648 1291 711 studio,
1323 650 1680 719 immissaque
1710 650 1855 703 inter

264 743 506 797 clericos
532 758 753 812 quoque
795 742 1032 807 luxuria,
1066 740 1256 795 tandiu
1288 742 1540 812 epistola
1571 743 1677 797 illa
1716 742 1854 799 deli-

266 835 494 889 tuerint.

338 926 531 981 Amba
561 926 645 980 ha
677 926 922 995 epistola
966 930 1275 996 argumenti
1320 936 1451 984 sunt
1484 929 1707 985 ascetiei
1750 944 1853 983 nec

265 1020 527 1083 multum,
552 1021 700 1089 quod
732 1021 799 1075 ad
824 1021 1107 1087 doctrinm,
1132 1032 1226 1076 aut
1249 1022 1512 1087 historia,
1546 1030 1640 1077 aut
1678 1022 1850 1078 disci-

265 1110 435 1178 plina
492 1127 713 1181 quoque
763 1113 1154 1168 ecclesiastica
1207 1113 1477 1168 rationem
1534 1114 1853 1168 accuratius

264 1204 685 1273 percipiendam
744 1220 1077 1276 magnopere
1144 1204 1322 1270 facit,
1383 1206 1848 1275 complectuntur.

260 1294 454 1350 Prima
484 1298 730 1353 continet
760 1297 971 1353 laudem
1003 1300 1297 1363 castitatis,
1325 1300 1539 1356 scilicet
1564 1299 1852 1371 virginita-

261 1388 362 1453 tis,
402 1402 703 1459 veramque
734 1389 1023 1456 rationem,
1057 1408 1185 1446 eum
1225 1394 1425 1447 virtute
1462 1392 1849 1462 conjunctam;

260 1480 442 1535 altera
471 1482 718 1537 eamdem
750 1484 998 1554 pluribus
1028 1485 1265 1539 illustrat
1290 1484 1577 1553 exemplis,
1616 1483 1855 1538 maxime

261 1572 446 1642 ipsius
478 1575 744 1639 auctoris,
780 1577 1122 1646 aliorumque
1166 1576 1270 1646 ipsi
1304 1576 1589 1639 similium,
1616 1590 1852 1645 quorum

269 1663 396 1735 fuga
424 1672 482 1719 et
509 1664 840 1721 abstinentia
866 1682 895 1719 a
918 1666 1137 1722 feminis
1166 1682 1364 1738 magna
1386 1683 1517 1723 sane
1537 1676 1592 1723 et
1618 1665 1853 1723 sollicita

1958 466 2108 522 tandi
2140 482 2327 523 causa.

2027 556 2229 610 Earum
2262 557 2528 624 primitiva
2570 556 2863 627 lingua.-—-
2885 558 3082 616 Versio
3129 561 3347 615 illarum
3393 563 3530 617 sim—

1956 649 2079 719 plex
2125 656 2210 705 est
2256 656 2311 704 et
2366 648 2568 712 fidelis,
2608 664 2785 717 neque
2817 656 3003 706 tamen
3036 651 3263 722 Syriaco
3285 652 3529 706 idiomati

1954 742 2029 796 ita
2068 743 2283 807 similis,
2317 749 2377 797 ut
2413 750 2506 797 aut
2546 745 2933 814 perspicuitas,
2965 751 3059 799 aut
3093 744 3289 814 lingua
3326 744 3533 801 Latina

1953 836 2390 907 puritaslaboret
2423 854 2436 889 :
2460 838 2607 908 quod
2627 846 2807 891 tamen
2832 838 3075 909 magisin
3090 836 3261 892 altera
3276 838 3529 908 epistola,

1954 931 2232 984 nescimus
2256 945 2365 998 quo
2386 944 2539 994 casu,
2568 929 2795 997 factum,
2822 939 2880 986 ut
2918 934 2986 986 ad
3008 930 3236 986 verbum
3266 930 3533 985 translata

1954 1023 2157 1087 omnia,
2184 1020 2550 1077 Schmidiana
2570 1022 2871 1078 Bibliorum
2886 1020 3126 1078 versioni
3148 1028 3334 1077 essent
3358 1021 3532 1077 simil-

1954 1114 2118 1180 lima;
2156 1113 2302 1183 quod
2341 1123 2521 1170 tamen
2552 1115 2760 1171 crebris
2792 1115 2900 1169 illis
2931 1112 2998 1168 ad
3034 1112 3335 1184 Scriptura
3358 1127 3532 1168 sacra

1954 1206 2074 1261 loca
2103 1206 2465 1262 allusionibus
2496 1209 2682 1262 datum
2726 1207 2961 1262 videtur.
3012 1204 3303 1274 Caterum,
3346 1204 3536 1262 Graec

1956 1297 2191 1368 scriptas
2212 1298 2469 1368 primitus
2490 1300 2637 1370 quod
2672 1300 2933 1370 epistolas
2972 1307 3126 1370 putat
3172 1295 3530 1361 Wetstenius,

1952 1408 1983 1448 e
2012 1390 2218 1447 Gracis
2246 1392 2549 1457 vocabulis,
2588 1408 2711 1464 qua
2750 1392 2826 1447 ibi
2860 1393 3054 1447 crebra
3096 1392 3351 1462 leguntur
3370 1408 3401 1469 ;⁸
3427 1389 3532 1444 La-

1954 1485 2067 1541 tine
2096 1485 2333 1555 scriptas
2370 1499 2470 1539 cur
2489 1485 2674 1541 dicere
2721 1501 2833 1541 non
2870 1484 3197 1557 possemus?
3226 1498 3353 1539 cum
3386 1482 3535 1537 Lati-

1954 1591 2086 1631 num
2108 1576 2438 1630 vocabulum
2461 1576 2654 1647 seligo,
2678 1576 2940 1632 saculum
2971 1574 3131 1631 initio
3148 1574 3394 1644 epistola
3423 1574 3538 1644 pri-

1955 1682 2057 1721 ma
2086 1666 2480 1722 invenerimus.
2526 1665 2666 1721 Nam
2710 1667 2994 1737 complura
3025 1682 3057 1722 e
3087 1663 3276 1719 Graco
3298 1665 3355 1719 in
3394 1663 3537 1719 hanc

270 1757 623 1823 lescribitur,
657 1759 809 1814 nullo
830 1770 889 1814 ut
911 1760 1032 1815 loco
1054 1770 1337 1815 morentur
1360 1767 1453 1815 aut
1482 1761 1849 1825 diversentur,
1883 1742 1925 1797 Β
1954 1758 2195 1829 linguam
2214 1758 2524 1823 transiisse,
2556 1759 2644 1814 vel
2664 1774 2728 1814 ex
2746 1757 2898 1813 Novo
2918 1756 3267 1813 Testamento
3290 1764 3532 1827 apparet.

268 1848 359 1901 .Ibi
390 1857 487 1901 aut
534 1849 670 1903 nulli
700 1850 826 1915 viri,
867 1858 963 1905 aut
984 1849 1188 1906 femina
1217 1854 1379 1906 unica
1420 1842 1719 1921 sit,eaque
1758 1852 1856 1906 ab-

267 1942 530 1998 stinentia
553 1943 946 2013 prophetarum
968 1959 1123 2015 pane
1143 1947 1389 2001 omnium
1411 1947 1677 2015 exemplis
1697 1960 1853 1999 com—

268 2033 584 2091 mentiatur.
636 2033 930 2093 Monentur
965 2037 1166 2104 etiam,
1200 2038 1271 2093 ad
1319 2052 1461 2108 quos
1517 2038 1732 2102 scribit,
1785 2052 1856 2093 ne

1956 1850 2223 1906 Exaratas
2240 1849 2461 1920 quidem
2485 1849 2722 1906 fortasse
2744 1850 2917 1907 fuisse
2940 1865 3052 1905 non
3071 1850 3232 1919 longe
3256 1863 3289 1903 a
3304 1846 3539 1905 Neronis

1955 1941 2129 2008 obitu,
2155 1942 2284 1995 dum
2316 1940 2561 1996 Ecclesia
2595 1941 2893 2013 tranquilla
2916 1954 3051 2012 pace
3080 1938 3379 2005 frueretur,
3407 1952 3538 1995 cen-

1957 2042 2041 2090 set
2065 2032 2389 2090 Gallandius
2420 2032 2556 2105 (27).

1581 2412 1962 2504 CAPUT
2036 2413 2205 2504 IV.

520 2648 624 2706 DE
659 2648 1229 2711 SUPPOSITITIIS
1260 2649 1322 2710 S.
1356 2648 1814 2712 CLEMENTIS
1860 2648 2145 2709 NOMEN
2182 2646 2866 2709 PRAEFERENTIBUS
2920 2645 3297 2707 SCRIPTIS.

346 2985 557 3041 Prater
600 2984 854 3040 laudatas
907 2985 1174 3042 hactenus
1220 2985 1505 3057 epistolas,
1552 2987 1720 3042 multa
1751 2986 1859 3042 alia
1884 2993 1930 3053 c
1962 2986 2243 3056 explorata
2276 2991 2362 3039 est
2391 2982 2638 3055 epistola
2666 2984 2832 3054 hujus
2880 2981 3115 3048 falsitas,
3149 2979 3295 3050 quod
3326 2995 3445 3036 eam
3474 2980 3537 3036 ι).

271 3083 378 3137 sub
390 3079 691 3135 Clementis
705 3078 936 3133 Romani
954 3079 1173 3135 nomine
1190 3079 1655 3135 circumferuntur
1670 3095 1857 3151 opera:

275 3188 477 3243 nempe
498 3172 742 3241 quinque
775 3171 842 3225 ad
891 3171 1140 3227 diversos
1169 3172 1437 3242 epistola,
1489 3174 1725 3228 bomilia
1758 3190 1860 3229 no-

275 3274 609 3340 vemdecim,
639 3272 826 3328 decem
858 3267 982 3322 libri
1012 3261 1465 3333 Recognitionum,
1490 3266 1616 3312 octo
1655 3252 1867 3309 Consti-

278 3367 551 3419 tutionum
580 3361 1019 3432 apostolicarum,
1064 3353 1311 3423 Liturgia
1357 3360 1412 3406 et
1454 3348 1695 3404 Canones
1735 3360 1863 3413 apo-

277 3458 579 3519 stolarum;
601 3471 723 3523 qua
748 3451 935 3506 omnia
967 3446 1183 3514 collegit
1219 3443 1459 3498 Joannes
1489 3439 1732 3507 Baptista
1761 3437 1865 3491 Co-

275 3539 529 3602 telerius,
581 3537 845 3593 Sorbona
891 3539 1105 3604 doctor,
1153 3547 1208 3595 et
1252 3542 1697 3597 adnotationibus
1740 3542 1864 3598 illu-

278 3639 458 3686 strata
474 3632 661 3688 Graec
682 3641 736 3689 et
758 3631 947 3689 Latine
977 3635 1121 3689 inter
1141 3632 1330 3690 Patres
1363 3636 1695 3705 apostolicos
1718 3652 1865 3692 anno

282 3725 423 3779 ωῖὲ
457 3726 649 3780 edidit.

839 3863 1238 3920 ARTICULUS
1276 3864 1317 3921 1.

424 3995 493 4033 DE
531 3994 761 4041 QUINQUE
801 3995 1392 4036 PSEUDO-CLEHENTINIS
1415 3997 1720 4038 EPISTOLIS.

352 4092 553 4146 Mirum
602 4098 687 4147 est
716 4092 851 4145 viris
890 4092 1231 4147 doctissimis
1278 4092 1574 4159 Turriano,
1630 4094 1789 4148 Binio
1811 4100 1867 4147 et

278 4185 616 4256 quibusdam
651 4185 773 4239 aliis
807 4186 863 4238 in
906 4192 1070 4239 tanta
1099 4185 1432 4242 eruditionis
1475 4186 1867 4243 ecclesiastica

278 4280 402 4333 lum:
442 4278 663 4347 probari
698 4280 944 4347 potuisse
976 4278 1075 4333 has
1103 4280 1347 4349 quinque
1387 4280 1648 4349 epistolas
1677 4280 1868 4335 decre-

1962 3078 2216 3134 Clemens
2249 3084 2371 3148 post
2405 3077 2716 3147 passionem
2747 3075 2892 3131 Petri
2916 3075 2983 3128 ad
3003 3072 3265 3128 Iacobum
3301 3074 3544 3129 scribere

1964 3170 2221 3242 fingitur;
2249 3185 2412 3239 quem
2435 3177 2561 3223 ante
2581 3166 2805 3223 Petrum
2836 3168 3042 3222 obiisse
3070 3166 3395 3221 indubitatis
3424 3182 3542 3221 mo-

1964 3261 2240 3316 numentis
2270 3269 2458 3315 notum
2483 3260 2736 3316 habetur.
2766 3258 2901 3313 Nam
2921 3257 3185 3313 Iacobum
3211 3273 3356 3312 anno
3383 3259 3544 3314 Chri-

1964 3354 2036 3410 sti
2063 3353 2133 3409 62
2186 3368 2217 3408 a
2247 3351 2451 3409 Judais
2473 3353 2719 3408 occisum
2748 3367 2892 3417 esse,
2925 3366 3116 3407 omnes
3157 3352 3496 3407 conveniunt
3523 3372 3538 3408 :

1963 3444 2187 3499 Petrum
2220 3451 2399 3498 autem
2431 3443 2599 3514 aliqui
2627 3458 2773 3498 anno
2812 3442 2901 3507 65,
2936 3444 3120 3514 plures
3148 3458 3292 3497 anno
3319 3442 3410 3505 66,
3448 3444 3544 3498 alii

1965 3545 2147 3593 autem
2174 3537 2244 3593 68
2283 3544 2377 3593 aut
2406 3536 2496 3603 67,
2526 3537 2660 3592 nulli
2684 3552 2816 3593 sane
2839 3545 2965 3594 ante
2988 3538 3057 3593 65
3085 3553 3292 3592 annum
3320 3553 3541 3608 passum

1965 3629 2303 3685 existimant.

2038 3719 2289 3775 Secunda
2304 3721 2553 3777 eumdem
2584 3731 2831 3776 sanctum
2846 3718 3111 3776 Jacohum
3141 3722 3208 3777 de
3239 3736 3546 3777 sacramen-

1968 3813 2062 3879 tis,
2088 3812 2336 3867 vestibus
2378 3819 2432 3867 et
2475 3812 2624 3869 vasis
2662 3812 2835 3868 sacris
2880 3813 3137 3879 instruit;
3163 3812 3309 3882 quod
3355 3828 3545 3867 verum

1968 3906 2302 3961 Clementem
2344 3903 2449 3958 sibi
2485 3918 2776 3974 arrogasse
2818 3905 2873 3959 in
2904 3905 3236 3975 apostolum,
3269 3904 3395 3974 quis
3424 3920 3545 3959 creo

1966 3997 2097 4053 dat?
2134 3994 2316 4050 Tertia
2342 3994 2488 4049 inter
2514 3997 2651 4049 alios
2676 3996 2840 4051 etiam
2873 3995 3213 4065 principibus
3241 3996 3542 4066 majoribus

1966 4098 2020 4146 et
2042 4085 2368 4151 minoribus,
2398 4102 2499 4143 ceu
2537 4089 2649 4159 jam
2680 4088 2898 4144 Christo
2934 4088 3262 4159 aggregatis,
3288 4088 3543 4143 inscribi-

1967 4190 2079 4246 tur,
2126 4178 2221 4252 qui
2271 4194 2387 4235 avo
2434 4180 2732 4237 Clementis
2784 4183 2928 4236 inter
2972 4182 3156 4237 fideles
3210 4180 3387 4235 adhuc
3409 4183 3542 4236 nulli

1968 4283 2146 4328 erant.
2167 4274 2373 4340 Quarta
2392 4271 2673 4326 adJulium
2698 4279 2753 4326 et
2771 4270 3047 4325 Julianum
3070 4271 3368 4342 discipulos
3393 4272 3539 4337 data,

278 4371 419 4424 tales
451 4369 714 4423 Clementi
743 4367 991 4423 Romano
1021 4370 1356 4439 suppositas.
1390 4370 1539 4425 Adeo
1561 4371 1704 4425 enim
1738 4387 1863 4441 per-
1896 4366 1937 4418 Ι)
1964 4365 2374 4435 purificationes
2432 4380 2528 4420 seu
2569 4364 2879 4417 ablutioncs
2920 4361 3179 4416 Judaicas
3230 4361 3442 4427 suadet,
3491 4373 3545 4418 et

278 4462 600 4531 spicacibus
628 4461 762 4517 viris
784 4462 1058 4517 deformes
1098 4462 1351 4517 videntur
1377 4463 1481 4517 hoc
1509 4463 1701 4519 saltem
1727 4474 1863 4519 tem-

279 4568 437 4622 pore,
482 4560 542 4605 ut
588 4552 737 4605 nulla
770 4561 907 4615 arte,
938 4554 1088 4606 nulla
1131 4569 1379 4618 cerussa,
1412 4562 1507 4609 aut
1534 4556 1862 4626 purpurisso

279 4644 457 4699 fucari
488 4645 726 4711 possint.
753 4642 935 4696 Prima
966 4644 1033 4697 ad
1065 4643 1328 4700 Jacobum
1381 4645 1605 4701 fratrem
1646 4647 1863 4703 Domini

274 4744 329 4789 et
353 4734 866 4805 Hierosolymorum
889 4737 1190 4793 antistitem
1212 4738 1361 4804 data,
1381 4756 1696 4811 quanquam
1727 4742 1864 4797 satis

276 4828 530 4896 antiqua,
565 4825 769 4894 quippe
806 4826 919 4895 jam
950 4841 981 4880 a
1026 4826 1223 4883 Ruﬁno
1267 4830 1455 4885 saculi
1497 4832 1678 4900 quarti
1722 4834 1865 4887 scri-

277 4927 436 4988 ptore
470 4919 522 4971 in
556 4918 809 4972 Latinum
841 4922 1129 4986 translata,
1176 4930 1230 4976 et
1263 4924 1544 4979 nonnullis
1568 4925 1731 4979 etiam
1760 4941 1862 4979 an-

274 5012 450 5082 tiquis
490 5027 763 5065 canonum
797 5012 1239 5080 collectionibus,
1288 5015 1725 5087 nominatimque
1770 5032 1865 5071 co-

273 5104 419 5157 dicis
437 5118 467 5154 a
486 5101 786 5157 Paschasio
807 5103 1100 5168 Quesnello
1121 5105 1323 5176 vulgati
1345 5107 1668 5177 quibusdam
1687 5124 1866 5163 exem-

274 5194 526 5263 plaribus
560 5193 765 5246 inserta
798 5193 935 5263 (28),
961 5194 1148 5261 spuria
1173 5201 1354 5248 tamen
1379 5210 1408 5247 a
1438 5195 1716 5251 modernis
1750 5197 1861 5249 crio

273 5287 402 5341 ticis
436 5301 593 5356 pane
607 5285 866 5340 omnibus
890 5287 1229 5355 agnoscitur.
1263 5284 1392 5341 Inde
1424 5297 1607 5342 autem
1639 5295 1788 5344 certa
1812 5295 1865 5343 ct

342 5532 460 5665 $9.7)
495 5530 751 5586 Biblioth.
785 5529 927 5594 PP.,
952 5538 1084 5587 tom.
1106 5530 1148 5596 Ι,
1192 5533 1493 5603 prolegom.‘
1534 5534 1584 5594 l,
1617 5548 1739 5602 pag.
1768 5533 1859 5588 25.

370 5604 467 5665 28)
512 5601 670 5656 Unde
707 5601 906 5654 mirum
942 5618 1054 5655 non
1092 5611 1178 5657 est
1202 5604 1342 5657 hanc
1381 5604 1671 5665 epistolam
1717 5620 1859 5657 anno

370 5604 467 5671 28)
512 5601 670 5656 Unde
707 5601 906 5672 nlirum
942 5618 1054 5655 non
1092 5611 1178 5657 est
1202 5601 1671 5672 hanc'epistolam
1696 5601 1863 5657 anno

276 5672 383 5729 N2
420 5690 451 5727 a
483 5673 724 5729 concilio
768 5671 984 5729 Valensi
1009 5689 1049 5739 ι,
1083 5690 1295 5731 canone
1328 5671 1429 5739 16,7
1460 5688 1525 5730 ac
1570 5674 1802 5731 subinde
1832 5691 1861 5729 a

1968 4474 2068 4528 pro
2100 4467 2248 4513 certo
2278 4458 2450 4528 ponit,
2497 4471 2642 4520 eum,
2680 4455 2774 4525 qui
2806 4454 2903 4508 has
2939 4452 3184 4523 negligit,
3218 4467 3317 4506 nec
3351 4452 3419 4506 de
3458 4452 3543 4505 in-

1966 4562 2121 4607 terna
2149 4553 2343 4605 anima
2372 4551 2613 4621 puritate
2640 4547 2904 4617 cogitare.
2932 4544 3134 4611 Quinta
3168 4544 3404 4613 denique
3433 4543 3543 4597 fra-

1966 4624 2221 4697 tribus'et
2245 4639 2638 4710 condiscipulis
2664 4637 3017 4706 Jcrosolyma
3047 4649 3170 4687 cum
3197 4632 3405 4687 Jacobo
3444 4634 3543 4686 ιη-

1966 4734 2264 4789 bitantibus
2307 4732 2604 4802 inscripta,
2654 4734 2844 4783 narrat
2886 4726 3221 4781 Clementem
3275 4724 3539 4786 adfuisse,

1965 4826 2096 4882 dum
2149 4826 2389 4879 Ananias
2444 4831 2497 4878 et
2546 4821 2780 4891 Saphira
2831 4820 3094 4888 coniuges
3147 4831 3333 4871 coram
3382 4815 3544 4870 Petro

1966 4918 2165 4972 mortui
2196 4916 2571 4977 conciderunt,
2605 4910 2751 4983 quod
2774 4912 2977 4965 nullam
3009 4906 3539 4964 verisimilitudinem

1968 5012 2167 5066 habere
2195 5009 2412 5063 videtur
2442 5028 2454 5062 :
2481 5014 2535 5061 et
2572 5004 2697 5075 quis
2728 5002 2916 5057 credat
2952 5007 3206 5055 sanctum
3256 4996 3541 5069 (quemad-

1968 5099 2190 5155 modum
2238 5101 2294 5154 in
2342 5099 2445 5153 hac
2492 5096 2726 5167 cpistola
2774 5092 2993 5164 legitur)
3029 5091 3305 5153 docuisse,
3355 5102 3539 5142 rerum

1967 5193 2212 5249 omnium
2244 5206 2589 5246 communem
2627 5203 2818 5251 usum,
2852 5186 3203 5256 ipsarumque
3242 5180 3380 5236 adeo
3407 5194 3541 5234 uxo-

1965 5284 2448 5356 rum,interccdere
2481 5282 2677 5337 debere
2692 5323 2707 5336 .

1966 5537 2189 5593 Nicolao
2219 5537 2260 5601 l,
2295 5534 2504 5590 Joanne
2520 5531 2633 5586 Vlll
2660 5528 3028 5601 pontificibus,
3047 5525 3279 5595 aliisque
3304 5522 3533 5580 nomine

1968 5607 2267 5666 Clementis
2293 5608 2464 5662 fuisse
2499 5604 2795 5659 laudatam.
