3936 6172
414 280 509 336 147

940 391 1335 448 ARTICULUS
1386 392 1451 449 ll.

406 526 474 567 ιι
536 523 971 565 RECOGNITIONUI
1031 524 1241 572 LIBRIS,
1300 524 1557 563 LITCRGIA
1604 524 1978 573 CLEIENTINA,

688 594 938 642 ALIISQUE
978 595 1368 637 SUPPO'SITITHS
1407 596 1685 639 OPERIBUS.

475 673 733 729 Testatur
756 672 981 727 Photius
1021 673 1132 747 (29)
1162 675 1272 729 duo
1302 675 1579 730 volumina
1605 691 1635 730 a
1660 692 1719 732 se
1744 682 1982 748 perlecta

405 764 599 831 fuisse,
629 779 751 835 qua
780 765 983 834 scripta
1012 766 1295 837 complura
1339 766 1443 821 sub
1474 769 1648 823 sancti
1686 768 1982 826 Clementis

405 860 631 915 nomine
652 859 1178 929 complectebantur.
1210 857 1389 914 Priori
1428 861 1741 930 apostolica
1777 864 1984 918 consti-

406 954 646 1008 tutiones
669 992 684 1017 ,
718 966 857 1022 Opus
897 950 1040 1022 apud
1086 952 1399 1008 universam
1428 953 1808 1025 antiquitatem
1840 956 1982 1010 cele-

406 1040 727 1105 berrimum,
770 1040 1225 1105 continebantur;
1267 1042 1414 1112 quod
1455 1050 1641 1098 tamen
1695 1044 1980 1100 doctorum

406 1128 651 1185 virorum
696 1128 908 1199 judicio
940 1131 1100 1203 longe
1139 1139 1263 1201 post
1293 1133 1471 1187 sancti
1502 1133 1668 1203 hujus
1700 1134 1981 1191 Pontiﬁcis

405 1230 649 1291 tempora
683 1222 1057 1293 conscriptum
1096 1222 1199 1278 fuit
1233 1223 1369 1295 (50),
1414 1226 1587 1281 altero
1617 1226 1791 1282 sancti
1836 1226 1982 1282 Petri

404 1328 495 1370 res
523 1321 709 1385 gesta,
736 1315 966 1385 ejusque
988 1332 1113 1372 cum
1140 1315 1361 1373 Simone
1392 1316 1548 1389 Mago
1581 1320 1852 1391 colloquia
1885 1322 1983 1377 de-

405 1406 747 1474 scribuntur,
797 1412 853 1463 et
883 1423 991 1478 qua
1042 1410 1255 1465 ratione
1300 1412 1479 1466 sancti
1522 1412 1818 1469 Clementis
1866 1415 1982 1485 ipse

404 1504 706 1569 parentem,
752 1506 915 1571 atque
966 1501 1165 1558 fratres
1208 1518 1340 1559 suos
1388 1506 1785 1576 recognoverit,
1835 1506 1982 1563 unde

403 1588 831 1661 Recognitionum
865 1592 1156 1667 appellatio
1175 1596 1504 1667 syntagmati
1532 1596 1661 1653 huic
1682 1596 1852 1653 indita
1872 1605 1976 1655 est.

405 1680 556 1735 Solet
601 1690 656 1737 et
684 1681 909 1749 Itinera,
938 1692 1034 1739 aut
1073 1682 1424 1738 Itiuerarium
1472 1685 1557 1739 vel
1601 1685 1872 1743 Circuitus
1913 1687 1973 1745 S.

402 1771 575 1838 Petri,
620 1782 787 1845 atque
821 1774 958 1828 Acta
1001 1773 1070 1827 Β.
1111 1772 1263 1828 Petri
1282 1774 1567 1845 appellari.
1607 1775 1784 1835 Fuere
1803 1782 1980 1853 etqui

400 1882 542 1937 opus
590 1868 739 1922 istud
768 1883 892 1924 cum
936 1869 1051 1935 illa,
1104 1886 1226 1941 qua
1264 1872 1437 1928 fertur
1462 1873 1640 1928 sancti
1668 1872 1813 1929 Petri
1854 1891 1979 1930 cum

399 1960 633 2031 Apione,
667 1960 1040 2030 disputatione
1080 1962 1452 2021 confuderint.
1504 1964 1575 2018 At
1598 1963 1827 2022 Photius
1863 1965 1979 2038 (51)

400 2067 568 2124 opera
599 2052 714 2109 hac
740 2053 883 2108 inter
916 2069 976 2110 se
1004 2053 1221 2111 diversa
1250 2070 1375 2111 esse
1409 2058 1711 2113 contendit.

480 2142 724 2199 Veterum
751 2144 970 2215 quidam
990 2161 1077 2200 eos
1095 2155 1277 2201 sancto
1297 2144 1553 2202 Clementi
1584 2148 1897 2206 tribuerunt.
1911 2181 1981 2191 —

400 2236 664 2309 Origenes
682 2239 794 2310 (52)
816 2241 987 2295 sancti
1011 2240 1310 2297 Clementis
1325 2243 1544 2298 nomine
1557 2243 1677 2298 loca
1694 2246 1980 2317 complura

400 2330 617 2396 recitat,
640 2346 761 2402 qua
778 2331 941 2388 hodie
967 2332 1024 2387 in
1057 2331 1490 2404 Recognitioaum
1516 2336 1671 2393 libris
1704 2337 1975 2409 leguntur.

400 2423 635 2495 Origene
671 2424 839 2495 igitur
866 2439 1007 2494 opus
1038 2425 1185 2480 istud
1212 2427 1495 2497 antiquius
1521 2437 1627 2494 est,
1664 2437 1831 2501 atque
1858 2431 1979 2502 ejus

399 2523 577 2581 atate,
616 2523 676 2571 ut
729 2517 1137 2589 supposititium
1176 2519 1246 2574 ab
1277 2520 1556 2577 universis
1584 2538 1697 2577 non
1739 2523 1981 2580 habeba-

402 2620 511 2666 tur.
540 2612 685 2666 Idem
719 2626 941 2681 quoque
970 2620 1029 2666 ut
1057 2613 1233 2669 sancti
1257 2613 1554 2672 Clementis
1584 2614 1817 2672 Romani
1840 2620 1979 2675 serio

398 2713 552 2775 ptum
585 2721 615 2760 a
645 2704 711 2761 D.
736 2705 1043 2777 Epiphanio
1070 2714 1124 2762 et
1150 2705 1347 2761 Ruﬁno
1376 2706 1488 2781 (55)
1513 2709 1802 2779 laudatur;
1830 2720 1979 2767 uter-

397 2814 507 2868 que
534 2814 668 2855 vero
699 2800 1077 2870 conqueritur,
1110 2799 1181 2854 ab
1204 2799 1501 2866 hareticis,
1542 2800 1817 2857 Ebionitis
1839 2820 1977 2874 pra-

400 2890 614 2955 sertim,
647 2902 967 2961 corruptum
1021 2900 1186 2962 atque
1231 2892 1617 2963 interpolatum
1663 2894 1856 2961 fuisse,
1888 2914 1980 2952 er-

398 2998 663 3055 roresque
713 3000 844 3041 suos
871 2985 1112 3057 undique
1153 3001 1249 3043 eos
1280 2986 1363 3042 illi
1415 2988 1761 3059 inspersisse.
1812 2990 1978 3051 Addit

1552 278 1638 332 AD
1680 278 1736 333 S.
1779 274 2197 332 CLEMENTEM
2242 278 2261 331 Ι
2300 272 2529 331 PAPAM

2012 401 2061 458 Α
2089 391 2223 447 sebii
2249 391 2364 464 (57)
2382 400 2543 448 atate
2560 390 2899 464 legebantur,
2920 406 3044 447 eum
3074 407 3106 447 a
3129 399 3399 464 unptore
3419 392 3527 449 isto
3551 409 3671 450 non

3562 278 3672 335 us

2084 485 2207 542 ideo
2223 494 2435 541 tantum
2467 486 2769 556 rejiciatur,
2794 487 2939 557 quod
2955 497 3200 544 veterum
3222 488 3555 543 testimoniis
3573 487 3673 542 ﬁr-

2082 586 2289 633 matum
2340 595 2452 634 non
2482 581 2577 642 sit,
2600 595 2791 635 verum
2820 580 3007 644 etiam,
3035 581 3181 651 quod
3204 579 3519 650 apostolica
3537 578 3670 633 ﬁdei

2085 686 2336 725 normam
2392 685 2505 725 non
2542 680 2806 727 servaret.
2862 669 3144 741 Rejectum
3189 686 3408 741 quoque
3450 670 3550 725 fuit
3597 670 3670 723 ab

2083 773 2308 819 auctore
2328 780 2633 837 synopseos
2666 773 2844 823 sancti
2863 765 3151 822 Athanasii
3175 765 3289 836 (58)
3306 780 3502 819 nomen
3523 779 3668 834 pra—

2083 859 2327 923 ferentis,
2350 876 2380 915 a
2397 858 2615 915 Gelasio
2635 859 3154 932 papa(?i9).Sanctus
3170 858 3533 929 Hieronymus
3548 857 3667 926 (40)

2085 968 2212 1008 vero
2230 952 2323 1022 qui
2355 952 2409 1007 id
2427 952 2603 1007 sancti
2626 950 2931 1007 Clementis
2946 952 3167 1006 nomine
3188 950 3395 1014 laudat,
3419 949 3561 1004 idem
3579 957 3667 1003 ta-

2084 1065 2207 1105 men
2236 1058 2498 1119 tanquam
2528 1047 2903 1119 apocryphum
2933 1046 3086 1116 rejici
3131 1052 3334 1100 monet.
3369 1044 3466 1100 Est
3512 1042 3665 1098 enim

2081 1140 2477 1197 commentitiis
2524 1140 2773 1196 historiis
2822 1139 3117 1203 refertum,
3176 1137 3383 1192 nullam
3412 1136 3666 1191 veritatis

2082 1234 2322 1302 speciem
2363 1232 2712 1288 habentibus.
2747 1232 2862 1286 lmo
2889 1239 2943 1286 et
2992 1230 3329 1301 blasphema
3352 1244 3516 1284 voces
3544 1227 3666 1297 (41)

2083 1323 2138 1377 in
2166 1322 2259 1379 Dei
2284 1321 2504 1389 Filium,
2528 1332 2692 1395 atque
2712 1324 2929 1395 ineptia
2954 1323 3207 1394 indigna,
3233 1338 3356 1394 qua
3384 1321 3485 1378 sub
3506 1327 3667 1374 tanto

2081 1416 2302 1472 nomine
2332 1416 2508 1471 lucem
2553 1416 2824 1480 viderent,
2882 1416 3083 1471 ibidem
3138 1423 3455 1469 occurrunt.
3508 1412 3667 1483 Opus

2080 1524 2212 1564 vero
2240 1507 2387 1565 istud
2410 1506 2815 1579 supposititium
2839 1521 2963 1563 esse
2989 1506 3075 1560 vel
3105 1506 3221 1576 ipsa
3256 1505 3508 1575 epistola,
3537 1519 3667 1574 qua

2082 1601 2137 1655 in
2164 1601 2286 1672 ejus
2316 1610 2661 1656 antecessum
2696 1601 2917 1671 legitur,
2953 1607 3278 1670 argumento
3300 1605 3418 1664 est;
3444 1598 3666 1651 nuntiat

2081 1695 2227 1750 enim
2257 1695 2432 1751 sancti
2460 1692 2610 1749 Petri
2634 1701 2864 1749 mortem
2888 1701 3083 1749 sancto
3107 1690 3318 1747 Jacobo
3348 1690 3666 1761 Hierosoly-

2082 1784 2290 1838 mitano
2317 1785 2580 1855 episcopo
2605 1783 2719 1855 (42)
2754 1784 2849 1855 qui
2895 1783 3145 1854 pluribus
3173 1782 3336 1837 annis
3363 1791 3488 1835 ante
3521 1795 3664 1849 apo-

2082 1877 2345 1931 stolorum
2374 1877 2676 1949 principem
2697 1877 2931 1933 obierat.
2951 1875 3199 1948 Epistola
3215 1874 3331 1929 hac
3352 1872 3531 1927 Photii
3544 1871 3669 1943 (45)

2080 1975 2239 2023 atate
2264 1969 2319 2023 in
2351 1969 2608 2024 omnibus
2637 1967 3072 2038 Recoguitiouum
3102 1966 3510 2037 exemplaribus
3546 1978 3666 2020 non

2082 2061 2354 2117 exstabat.
2406 2059 2675 2117 Observat
2730 2066 2911 2115 autem
2942 2059 3084 2115 idem
3116 2058 3362 2123 eriticus,
3394 2072 3516 2113 eam
3560 2056 3667 2111 ali—

2080 2153 2303 2223 quando
2337 2156 2515 2209 sancti
2546 2153 2875 2220 Clementis,
2912 2151 3372 2225 quemadmodum
3403 2149 3564 2205 hodie
3593 2165 3665 2205 ex

2082 2243 2266 2299 Ruﬁni
2294 2244 2749 2315 interpretatione
2778 2244 3000 2315 legitur,
3031 2244 3170 2301 alias
3200 2259 3334 2300 vero
3357 2242 3531 2300 sancti
3566 2239 3668 2297 Pe-

2082 2340 2151 2394 tri
2175 2340 2399 2396 nomine
2428 2341 2753 2413 inscriptam
2782 2339 2975 2404 fuisse,
3008 2350 3172 2409 atque
3197 2338 3309 2394 duo
3337 2336 3453 2393 hac
3471 2352 3667 2393 exem-

2082 2433 2255 2506 plaria
2285 2440 2518 2490 eventus
2559 2440 2675 2488 toto
2709 2432 2851 2487 calo
2876 2431 3124 2487 diversos
3165 2430 3437 2485 retulisse.
3459 2428 3671 2499 Conje«

2080 2535 2296 2581 cturam
2324 2540 2456 2581 vero
2488 2524 2617 2580 inde
2646 2525 2843 2590 sumit,
2873 2524 3012 2581 duas
3051 2524 3237 2595 operis
3268 2523 3434 2593 hujus
3463 2521 3666 2577 editio-

2081 2634 2178 2674 nes
2210 2618 2445 2676 invicem
2477 2616 2635 2673 valde
2680 2617 2930 2673 diversas
2981 2617 3280 2681 exstitisse,
3332 2630 3498 2671 unam
3554 2614 3671 2669 sub

2080 2713 2255 2767 sancti
2285 2710 2454 2775 Petri,
2494 2711 2720 2765 alteram
2755 2710 2858 2765 sub
2894 2709 3068 2765 sancti
3098 2708 3395 2763 Clementis
3419 2706 3667 2773 nomine,

2078 2817 2259 2875 quaa
2305 2800 2505 2857 Ruﬁno
2552 2801 2769 2857 reddita
2798 2802 2921 2857 fuit.
2974 2799 3085 2855 Nec
3150 2798 3668 2869 injuriawidemus

2078 2896 2222 2950 enim
2252 2910 2339 2959 ea,
2372 2908 2493 2963 qua
2523 2901 2749 2949 sanctus
2770 2892 3110 2965 Epiphanius
3132 2899 3186 2947 et
3216 2899 3439 2946 sanctus
3467 2890 3665 2946 Hiero-

2080 3002 2279 3059 nymus
2296 3002 2365 3042 ex
2391 2984 2857 3056 Recognitionibus
2890 2983 3207 3049 laudarunt,
3232 2982 3287 3037 in
3311 2983 3407 3051 iis,
3427 2998 3548 3054 qua
3571 2996 3667 3039 su-

398 3087 625 3135 sanctus
650 3077 1008 3150 Epiphanius,
1039 3079 1178 3134 nihil
1200 3082 1473 3152 integrum
1504 3081 1701 3138 abillis
1724 3083 1975 3138 relictum
2004 3096 2045 3154 ο
2080 3086 2334 3151 persunt,
2380 3086 2476 3134 aut
2515 3079 2735 3150 penitus
2777 3093 2885 3133 non
2931 3084 3170 3141 exstare,
3220 3082 3315 3131 aut
3344 3076 3502 3147 longe
3549 3076 3667 3133 alia

398 3173 590 3227 fuisse.
636 3169 874 3227 Sanctus
920 3172 1285 3245 Hieronymus
1319 3172 1434 3244 (54)
1467 3172 1705 3245 idipsum
1759 3174 1817 3230 S.
1849 3176 1974 3232 Cle-

397 3264 600 3319 mentis
641 3264 866 3320 nomine
896 3265 1109 3321 recitat.
1140 3264 1373 3320 Ruﬁnus
1402 3266 1516 3339 (55)
1534 3267 1602 3321 ad
1626 3268 1799 3322 sancti
1826 3266 1975 3321 Gau-

398 3355 568 3410 dentii
627 3372 819 3427 preces
856 3355 1049 3413 Latine
1088 3373 1229 3429 opus
1277 3357 1426 3414 istud
1481 3358 1739 3423 reddidit,
1796 3374 1975 3429 neque

396 3446 697 3517 quidquam
719 3462 750 3501 a
779 3462 839 3503 se
867 3456 1139 3503 resectum
1174 3454 1372 3516 prater
1397 3446 1515 3501 loca
1546 3447 1811 3503 nonnulla
1828 3448 1975 3503 vires

398 3555 552 3602 suas,
578 3545 743 3609 atque
764 3548 984 3610 captum
1024 3540 1411 3610 exsuperantia
1437 3547 1848 3596 commemorat.
1875 3540 1973 3593 At-

401 3645 583 3686 tamen
615 3642 812 3701 prater
866 3630 1270 3696 Ebionitarum,
1313 3630 1779 3687 Eunomianorum
1833 3646 1974 3702 pra-

398 3733 577 3787 terea,
603 3730 766 3794 atque
801 3723 1165 3794 complurium
1214 3723 1449 3777 aliorum
1489 3738 1728 3788 errores,
1773 3724 1864 3793 qui
1908 3722 1979 3776 ab

400 3814 650 3871 Ecclesia
704 3816 950 3872 damnati
1001 3816 1176 3885 luere,
1199 3831 1269 3871 eo
1305 3825 1593 3872 contentos
1633 3816 1979 3871 animadver-

401 3909 467 3963 tit
490 3908 625 3980 (56).
1564 3900 1565 3903 ‘

474 4000 812 4071 Supposititii
837 4009 1057 4056 aunt.-—-
1072 3999 1275 4057 Eadem
1300 4015 1433 4057 vero
1458 4000 1516 4056 in
1546 4000 1651 4056 hoc
1680 4014 1845 4071 opere
1875 3999 1978 4054 Ευ-

496 4134 588 4203 29)
625 4135 826 4191 Codice
844 4150 993 4201 cxm,
1023 4135 1078 4190 in
1102 4151 1201 4192 sua
1237 4135 1579 4191 Bibliotheca.

498 4208 588 4277 50)
628 4206 818 4262 lnvicti
849 4206 1157 4276 argumenti
1189 4208 1309 4261 loco
1338 4210 1409 4262 sit
1445 4207 1509 4264 D.
1545 4206 1863 4277 Hieronymi
1895 4209 1975 4263 si-

399 4277 654 4341 lentium,
687 4278 780 4347 qui
816 4287 875 4331 ut
904 4277 1271 4347 peritissimus
1315 4278 1658 4347 antiquitatis
1704 4287 1977 4334 scrutator

402 4350 457 4403 in
522 4351 769 4418 catalogo
818 4349 1148 4416 scriptorum
1189 4348 1692 4403 ecclesiasticorum
1743 4351 1975 4403 mentio-

401 4435 525 4473 nem
558 4428 706 4473 certe
741 4435 859 4474 eam
884 4419 1184 4487 injecisset.
1213 4419 1258 4472 si
1283 4434 1342 4473 se
1362 4419 1576 4474 vivente
1633 4418 1974 4474 Constitutio-

402 4507 500 4546 ucs
521 4490 579 4544 D.
599 4489 896 4545 Clementis
913 4486 1108 4545 nomen
1132 4486 1478 4560 prafercntes
1496 4491 1548 4543 in
1564 4489 1967 4545 Catholicorum

400 4562 659 4617 manibus
702 4567 931 4615 versata
973 4559 1222 4615 fuissent.
1266 4559 1405 4625 Quid
1435 4561 1579 4630 qoud
1625 4560 1762 4613 liber
1786 4560 1877 4630 hic
1907 4563 1975 4614 ah

402 4634 707 4700 apostolico
731 4633 931 4686 saculo
958 4631 1308 4686 abhorrentia
1326 4629 1759 4699 complectatur?
1780 4629 1977 4685 Petrus

400 4704 547 4757 enim
576 4702 927 4757 Saturninum
957 4711 1009 4757 et
1038 4702 1327 4756 Basiliden]
1359 4700 1721 4755 absurdorum
1751 4700 1975 4770 dogma-

402 4783 518 4827 tum
562 4781 815 4843 auctores
855 4772 1008 4835 dicit,
1059 4774 1151 4843 qui
1204 4772 1599 4843 Petro‘tamen
1645 4773 1975 4843 posteriores

402 4851 575 4899 erant.
602 4842 722 4898 Lib.
759 4860 818 4907 ιι,
850 4859 899 4898 c.
931 4844 1002 4896 ‘29
1035 4840 1352 4898 decernitur
1367 4840 1603 4896 decimas
1635 4851 1687 4895 et
1706 4842 1976 4909 primitias

401 4913 721 4984 pcndcndas
750 4914 1047 4984 episc0pis,
1075 4929 1214 4984 quas
1240 4912 1485 4983 profecto
1525 4926 1757 4984 nascens
1786 4909 1977 4984 Eccle.

405 4981 486 5037 sia
518 4981 808 5053 ignoravit.
840 4983 901 5038 L.
926 4981 1001 5047 vt,
1040 4981 1201 5054 cflt‘i
1225 4981 1571 5054 baptismum
1595 4981 1662 5035 ab
1699 4981 1975 5054 haereticis

404 5050 663 5109 collatum
709 5055 894 5109 iterari
927 5055 1141 5124 jubent.
1188 5053 1247 5108 In
1285 5050 1481 5109 octavo
1524 5050 1975 5124 Constitutionum

404 5127 543 5180 libro
573 5126 885 5180 continetur
928 5120 1105 5179 'etiam
1141 5125 1367 5196 liturgia
1391 5138 1489 5196 seu
1523 5120 1705 5196 Missa
1730 5120 1978 5176 dicenda

402 5197 546 5252 ratio
580 5213 612 5250 a
647 5197 821 5266 capite
863 5197 1055 5266 quinto
1098 5192 1373 5266 usque'ad
1401 5194 1490 5254 15,
1529 5193 1586 5246 in
1636 5192 1749 5266 line
1792 5200 1976 5266 autem

404 5266 654 5338 ejusdem
701 5261 824 5323 libri
863 5261 916 5322 in
944 5261 1571 5322 editione—Conciliorum
1616 5279 1667 5338 νζ
1688 5262 1773 5338 _cl.
1803 5261 1978 5338 Mansi

405 5332 512 5393 col.
559 5340 683 5405 595,
740 5349 780 5393 t.
813 5340 854 5401 l,
905 5339 1309 5407 subiunguntur
1351 5348 1609 5407 canones__
1638 5332 1717 5407 84
1755 5346 1857 5407 c_eu
1884 5332 1979 5398 .ab

406 5402 677 5480 apostolis
704 5412 922 5475 sanciti,
959 5402 1021 5463 ac
1053 5424 1082 5461 a
1111 5402 1171 5463 Β.
1203 5408 1482 5480 Clemente
1509 5404 1743 5480 collecti.
1777 5402 1976 5458 Verum

406 5474 475 5533 de
506 5480 591 5536 his
617 5483 722 5535 alio
749 5483 868 5537 loco
903 5474 958 5537 et
986 5487 1253 5548 tempore,
1284 5479 1338 5532 in
1369 5492 1478 5548 quo
1511 5489 1612 5529 nos
1634 5474 1979 5548 demonstra-

406 5558 563 5605 turos
589 5552 938 5618 conﬁdimus,
970 5545 1309 5620 scripta'hac
1335 5545 1570 5619 primum
1596 5545 1796 5601 saculo
1816 5545 1979 5600 tertio

408 5622 673 5690 adornata
701 5624 891 5678 fuisse.

481 5692 593 5761 (51)
634 5691 836 5748 Codice
868 5695 988 5749 115.

482 5758 595 5840 (52)
631 5765 915 5836 Origenes,
948 5774 987 5821 t.
1015 5778 1079 5819 ιιι
1102 5763 1393 5823 Comment.
1419 5762 1469 5818 in
1493 5758 1675 5817 Genet.
1701 5772 1987 5830 capax",

2074 3175 2284 3231 ratione
2316 3172 2443 3242 legi.

2144 3262 2302 3319 Circa
2343 3264 2556 3318 tertium
2584 3262 2843 3318 arculum
2884 3263 3069 3332 scripti
3102 3261 3354 3332 faene.—-
3400 3261 3661 3332 Recogni~

2076 3356 2280 3410 tionum
2306 3356 2555 3412 auctoris
2580 3365 2795 3411 atatem
2823 3364 3083 3409 accurate
3105 3355 3394 3427 designare
3422 3370 3533 3409 non
3561 3369 3665 3409 va-

2076 3447 2286 3513 lemus;
2319 3456 2373 3502 at
2402 3448 2448 3502 si
2471 3462 2613 3517 opus
2654 3446 2802 3503 istud
2851 3445 3031 3514 idem,
3065 3454 3227 3517 atque
3282 3448 3458 3503 sancti
3508 3445 3660 3501 Petri

2077 3555 2202 3594 cum
2232 3538 2442 3611 Apione
2471 3540 2780 3610 disputatio,
2794 3538 2955 3603 foret,
2986 3555 3106 3609 qua
3138 3539 3240 3593 fuit
3269 3538 3521 3593 Cotelerii
3541 3539 3659 3608 (44)

2078 3639 2132 3686 et
2163 3629 2461 3700 insignium
2497 3631 2860 3702 quorumdam
2895 3631 3219 3691 criticorum
3258 3630 3548 3695 sententia,
3581 3631 3661 3684 al-

2079 3733 2199 3780 tero
2255 3732 2467 3779 tantum
2517 3725 2720 3779 sacqu
2753 3736 3013 3789 exeunte,
3075 3732 3169 3778 aut
3226 3723 3387 3777 tertio
3433 3723 3659 3779 ineunte

2080 3815 2246 3885 paulo
2295 3822 2422 3869 ante
2471 3812 2761 3885 Origenem
2808 3814 3074 3883 scriptum
3114 3813 3287 3868 fuisse
3320 3812 3657 3867 censendum

2081 3915 2249 3965 esset.
2282 3908 2372 3961 Ait
2400 3908 2545 3963 enim
2577 3905 2849 3961 Eusebius
2885 3905 2997 3977 (45)
3032 3906 3177 3960 haud
3227 3905 3433 3960 dudum
3474 3905 3661 3970 spissa

2079 3998 2331 4067 quadam
2370 4013 2539 4070 opera
2590 3998 2768 4054 sancti
2814 3996 3116 4053 Clementis
3162 3997 3392 4053 nomine
3442 3997 3659 4067 prolata

2078 4132 2365 4207 Philocat.,
2399 4142 2453 4191 et
2487 4136 2543 4190 in
2572 4151 2693 4207 cap.
2721 4151 2845 4191 xxvi
2886 4134 3081 4189 Matth.

2150 4207 2262 4277 (55)
2284 4206 2576 4277 Epiphan.,
2602 4204 2796 4262 haeres.
2816 4208 2905 4276 50,
2927 4223 2984 4261 ιι.
3011 4207 3079 4261 15
3096 4224 3110 4273 ;
3130 4204 3384 4272 Ruﬁnus,
3400 4204 3475 4260 De
3495 4204 3657 4267 adut»

2080 4276 2251 4332 terat.
2267 4276 2399 4333 libr.
2437 4276 2702 4348 Origem's.

2152 4348 2263 4419 (54)
2306 4346 2648 4419 Hieronymu
2680 4346 2864 4419 inEp.
2898 4346 3178 4419 ad_Galat.

2152 4417 2265 4488 (55)
2307 4418 2459 4483 Ruﬁ,
2497 4417 2707 4488 prolog.
2740 4418 2795 4472 in
2835 4419 2927 4473 lib.
2955 4417 3229 4488 Recognit.

2146 4488 2258 4559 (56)
2301 4489 2464 4547 Idem,
2493 4489 2567 4541 De
2599 4488 2909 4551 adulterat,
2944 4488 3033 4560 l_t'_b.
3055 4488 3212 4560 Qrig.

2150 4557 2261 4627 (57)
2302 4560 2525 4620 liuscln,
2559 4560 2594 4613 Ι.
2633 4575 2714 4623 ιιι,
2740 4575 2790 4614 c.
2822 4561 2913 4624 58,
2942 4558 3015 4612 Η.
3047 4557 3114 4615 E'.

2150 4631 2262 4700 (58)
2302 4630 2429 4700 Pag,
2459 4630 2581 4683 154.

2152 4698 2263 4769 (59⁷)
2306 4699 2361 4753 In
2388 4698 2620 4754 decreto.

2140 4768 2251 4842 (40)
2286 4771 2339 4842 ιιι
2375 4770 2622 4838 Catalog.
2649 4785 2697 4821 c.
2731 4768 2818 4821 15.
2918 4838 2927 4842 _
3228 4825 3240 4842 ι
3292 4822 3434 4842 ΜΠ-
3472 4818 3598 4842 _____.

2288 4841 2551 4913 Refertum
2570 4824 2864 4913 vautemest
2888 4838 3005 4913 hoc
3032 4844 3160 4913 opus

2069 4890 2569 4981 mustine
2813 4890 3140 4977 opinione'in
3170 4895 3376 4953 Filium
3409 4890 3656 4959 blaspltee

2070 4986 2189 5038 mis.
2223 4982 2472 5043 Pbotius.
2503 4982 2627 5041 cod.
2661 4996 2815 5034 cxm.

2153 5048 2265 5120 (42)
2299 5041 2497 5100 Notum
2520 5046 2615 5120 tibi
2636 5046 2796 5120 facio,
2824 5045 3065 5108 Domine,
3097 5050 3222 5120 quia
3252 5044 3436 5120 Simon
3463 5041 3653 5120 _Pet_r_ua

2078 5112 2172 5189 piro
2205 5112 2401 5189 pietate
2432 5119 2543 5189 pati
2575 5112 2770 5189 volens,
2795 5112 3291 5183 prwsentem'vitam
3331 5114 3521 5184 ﬁnivit.
3552 5112 3652 5182 Ep.

2080 5187 2251 5245 Clem.
2283 5188 2346 5242 ad
2374 5187 2663 5255 Jacob.,n.
2696 5188 2744 5240 1.

2154 5260 2266 5331 (45)
2307 5257 2555 5331 lfhotius,
2579 5256 2700 5313 cod.
2729 5258 2851 5331 i_l3_.

2153 5320 2265 5394 (44)
2304 5320 2630 5388 Cotelerius,
2669 5336 2707 5381 t.
2752 5328 2771 5381 l
2813 5327 3035 5380 Patrum
3066 5325 3316 5393 apostot.,
3366 5339 3489 5393 pag.
3523 5320 3655 5378 490.

2154 5402 2264 5471 (45)
2290 5401 2519 5471 Quidam
2548 5414 2703 5471 porro
2738 5400 2849 5459 alia
2876 5400 3036 5451 etiam
3064 5413 3223 5471 opera
3248 5396 3458 5471 prolata
3486 5405 3535 5471 et
3565 5411 3660 5471 co-

2082 5465 2372 5539 piosu'sub
2419 5465 2768 5539 ejus’nomine
2809 5472 2921 5521 heri
2959 5485 3021 5520 ac
3053 5469 3246 5520 nudius
3282 5469 3468 5539 tertius
3493 5467 3546 5517 in
3572 5465 3663 5539 la-

2093 5559 2203 5596 cem
2230 5537 2559 5610 protulerunt
2594 5556 2611 5621 ξ
2646 5551 2774 5621 puta
2827 5539 3051 5621 Petri‘e't
3077 5539 3294 5618 Apionis
3337 5537 3662 5604 disputatio-

2084 5629 2195 5677 nes,
2222 5609 2445 5682 quarum
2470 5610 2607 5679 apud
2639 5611 2881 5680 antiquos
2914 5609 3062 5662 nulla
3086 5609 3299 5662 omnino
3323 5616 3493 5660 exstat
3513 5622 3664 5659 men-

2086 5686 2157 5737 tio
2177 5699 2195 5746 ;
2222 5700 2379 5753 neque
2391 5683 2527 5736 enim
2544 5683 2748 5737 sincera
2768 5692 2919 5735 rectm
2934 5679 3161 5753 ﬁdeiah
3174 5676 3663 5753 apostolistrqtiiti:

2086 5766 2206 5810 uota
2232 5746 2335 5819 illis
2360 5768 2600 5823 expressa
2624 5754 2899 5821 reperitur.
2929 5746 3129 5808 Euseb.
3150 5750 3187 5809 l.
3211 5765 3299 5817 nt,
3321 5767 3370 5807 c.
3391 5746 3647 5814 38,1112}-
