3936 6172
434 277 529 333 151

1555 273 1641 327 AD
1683 272 1740 328 S.
1784 271 2206 329 CLEMENTEM
2246 271 2267 325 ι
2305 270 2536 327 PAPAM

3506 344 3517 357 ι
3566 275 3672 329 ιω

432 396 637 467 phorus
675 391 955 459 Callistus,
1000 399 1167 462 atque
1213 392 1460 446 nonnulli
1498 393 1610 447 alii.
1669 392 1744 449 De
1773 392 1996 463 liturgia
2027 398 2072 454 Α
2100 392 2281 448 storis
2320 391 2485 463 hujus
2534 389 2826 445 falsitatem
2857 387 3379 457 demonstrandam;
3422 402 3545 443 cum
3592 390 3670 445 le-

430 484 608 541 sancti
629 482 947 545 Clementis,
980 490 1143 553 atque
1169 482 1237 537 de
1267 482 1610 550 collectione,
1646 498 1809 554 quam
1832 484 1900 537 ab
1926 498 1996 538 eo

430 579 737 633 institutam
772 575 975 641 ferunt,
1003 578 1178 632 sancti
1220 576 1366 634 Petri
1402 577 1822 643 revelationum,
1851 577 1995 634 idem

430 669 715 727 ferendum
753 675 839 724 est
862 668 1153 739 judicium.

940 758 1340 817 ARTICULUS
1387 761 1476 817 ιν.

639 864 706 904 DE
743 865 902 906 Δετιε
942 867 1201 907 ιιΑιιτγιιιι
1240 867 1429 908 SANCTI
1459 868 1779 909 CLBIENTIS.

494 944 628 999 Acta
672 946 916 1018 martyrii
945 945 1125 1000 sancti
1154 944 1453 1002 Clementis
1498 953 1612 999 tam
1656 942 1994 1000 admirandis

426 1040 836 1095 narrationibus
867 1043 985 1091 tota
1033 1033 1269 1091 conﬂata
1315 1042 1469 1101 sunt,
1515 1042 1577 1091 ut
1628 1050 1769 1106 aegre
1799 1033 1996 1106 legenti

426 1130 771 1200 supposititia
791 1127 959 1185 videri
977 1142 1084 1182 non
1103 1128 1333 1199 possint.
1356 1126 1625 1183 Constant
1648 1133 1995 1192 autemmera

424 1221 815 1276 miraculorum
840 1219 1155 1276 narratione
1176 1236 1193 1286 ;
1215 1233 1338 1289 quae
1356 1219 1482 1274 licet
1509 1218 1651 1289 stylo
1670 1216 1824 1273 valde
1843 1218 1995 1287 gravi

423 1314 736 1384 conscripta
764 1313 857 1377 sit,
878 1312 1099 1367 nativus
1126 1320 1308 1367 tamen
1339 1310 1429 1365 ille
1446 1309 1792 1380 antiquitatis
1815 1310 1992 1375 color,

422 1402 517 1472 qui
540 1399 595 1455 in
619 1400 869 1471 genuinis
894 1401 1014 1474 ejus
1039 1401 1215 1459 artatis
1246 1399 1469 1470 scriptis
1519 1401 1850 1471 conspicuus
1890 1408 1993 1466 est,

428 1488 629 1546 ibidem
661 1506 773 1546 non
800 1499 1100 1561 spectatur.
1151 1488 1343 1544 Refert
1370 1489 1629 1559 primum,
1664 1488 1991 1553 Sisinnium,

422 1582 566 1653 quod
591 1581 891 1651 ,Theodora
934 1598 1071 1638 uxor
1098 1581 1462 1638 Christianam
1505 1581 1819 1652 religionem
1866 1596 1995 1652 pro-

422 1672 567 1731 fessa
584 1674 796 1740 fuisset,
812 1673 968 1731 valde
984 1675 1342 1745 indignatum,
1360 1675 1653 1739 rationem,
1666 1688 1773 1744 qua
1790 1672 1991 1729 factum

2098 491 2219 540 etor
2248 483 2405 539 facile
2430 483 2709 555 percipere
2738 480 2947 551 possit,
2992 479 3243 536 fabellam
3272 495 3465 549 sapere
3483 520 3499 544 ,
3548 496 3671 550 qua:

2097 577 2166 634 de
2196 575 2437 632 Sisinnio
2475 575 2804 633 referuntur.
2837 574 2973 643 Quis
3017 573 3163 630 enim
3203 573 3391 628 credat
3416 580 3575 628 etate
3600 574 3669 627 il-

2098 668 2183 733 la,
2212 681 2322 739 qua
2373 667 2567 737 pagani
2614 667 3053 723 Christianorum
3085 666 3257 721 cultui
3288 665 3519 720 vetando
3546 666 3671 736 plu-

2098 761 2297 815 rimum
2327 758 2703 832 invigilabant,
2727 759 2993 815 ecclesias
3012 758 3174 829 vulgo
3194 757 3330 813 adeo
3356 766 3530 821 notas,
3555 767 3674 812 tan-

2098 859 2317 923 tamque
2360 866 2454 909 eas
2484 851 2753 908 subeundi
2783 851 3061 906 licentiam
3089 850 3295 913 fuisse,
3331 857 3391 905 ut
3441 850 3673 923 paganis

2098 944 2230 1013 ipsis
2280 942 2463 999 aditus
2506 942 2575 997 ad
2614 957 2709 999 eas
2740 950 2979 1014 pateret,
3023 951 3078 998 et
3125 941 3340 998 Domini
3395 941 3672 996 ministris

2097 1036 2172 1091 nil
2214 1036 2648 1107 prohibentibus,
2680 1054 2803 1109 qua:
2847 1038 2904 1092 in
2947 1050 3232 1092 sacrorum
3281 1034 3672 1106 mysteriorum

2095 1129 2463 1187 celebratione
2514 1131 2861 1202 gerebantur,
2909 1129 3247 1200 perlustrare
3276 1126 3563 1182 valerent?
3603 1127 3673 1181 il-

2095 1221 2187 1276 lud
2216 1236 2435 1292 quoque
2471 1221 2784 1278 verosimile
2813 1236 2923 1276 non
2961 1218 3018 1275 fit
3041 1259 3057 1284 ,
3090 1216 3312 1289 Trajani
3341 1225 3502 1272 aetate
3531 1232 3673 1287 pra-

2094 1310 2296 1367 fectum
2337 1312 2513 1367 ullum
2544 1320 2693 1367 tanta
2735 1312 2963 1367 audacia
2994 1310 3199 1374 fuisse,
3232 1310 3326 1381 qui
3371 1309 3674 1364 seditiones

2094 1403 2151 1457 in
2200 1404 2334 1459 urbe
2366 1403 2454 1459 vel
2500 1410 2695 1459 contra
2735 1402 3081 1459 Christianos
3134 1402 3379 1456 excitare
3422 1399 3671 1454 auderet.

2093 1492 2174 1548 Ad
2203 1494 2319 1549 hzec
2349 1508 2631 1549 sacrorum
2663 1492 2962 1550 ciliciorum
2994 1492 3212 1548 comitis
3242 1491 3534 1563 appellatio
3561 1488 3674 1544 Pu-

2095 1581 2207 1639 blio
2237 1582 2441 1639 tributa
2486 1583 2661 1639 sancti
2713 1583 3013 1639 Clementis
3056 1597 3173 1638 aevo
3222 1581 3439 1651 cognita
3489 1580 3673 1635 adhuc

2096 1690 2205 1730 non
2227 1683 2382 1743 erat;
2416 1676 2512 1731 sed
2540 1674 2898 1731 Constantino
2926 1675 3160 1745 primum
3184 1673 3485 1742 imperante
3506 1687 3675 1726 usur-

422 1767 526 1822 hoc
541 1767 730 1824 ulcisci
758 1781 965 1837 posset,
994 1767 1347 1837 quaesivisse;
1377 1781 1502 1821 cum
1534 1780 1663 1821 vero
1704 1763 1990 1821 Theodora
2024 1753 2065 1812 Β
2094 1777 2279 1839 palam
2302 1765 2496 1829 fuisse,
2520 1781 2589 1822 ex
2614 1766 2843 1823 historia
2870 1765 3154 1822 discimus.
3185 1764 3376 1819 Fidem
3400 1764 3564 1818 etiam
3582 1778 3676 1818 su-

422 1854 654 1928 quadam
677 1857 764 1913 die
786 1856 854 1912 ad
880 1858 1169 1913 ecclesiam
1201 1858 1411 1922 ivisset,
1441 1856 1742 1914 Sisinnium
1773 1872 1992 1928 quoque

417 1960 486 2003 eo
514 1946 881 2013 contendisse,
912 1956 969 2002 at
995 1964 1091 2019 per
1120 1949 1284 2003 aliam
1309 1955 1524 2020 portam
1556 1949 1810 2014 subiisse,
1836 1952 1992 2018 icun-

419 2050 634 2113 ctaque,
661 2056 784 2113 quae
802 2041 861 2097 in
878 2030 1316 2099 Christianorum
1335 2042 1614 2114 mysteriis
1639 2042 1987 2112 gerebantur,

421 2132 641 2188 curiose
685 2131 978 2187 admodum
1040 2131 1426 2201 perlustrasse.
1494 2130 1754 2188 Precibus
1804 2139 1987 2188 autem

419 2237 450 2277 ι
474 2232 663 2281 sancto
681 2222 959 2280 Clemente
984 2224 1252 2281 absolutis
1268 2231 1322 2279 et
1346 2224 1548 2295 populo
1570 2225 1741 2279 Amen
1760 2240 1990 2296 respon-

419 2315 583 2372 dente
623 2313 925 2370 Sisinnium
961 2314 1300 2372 curiositatis
1350 2330 1465 2374 suae
1507 2329 1697 2385 pmnas
1748 2315 1985 2380 dedisse,

418 2414 474 2463 et
520 2408 727 2478 lingua,
762 2407 1096 2478 auribusque
1144 2406 1292 2463 illico
1346 2417 1568 2478 captum
1597 2406 1790 2463 fuisse.
1849 2406 1986 2463 Eum

421 2514 547 2557 vero
569 2508 679 2555 tam
708 2500 903 2555 celeris
933 2499 1156 2556 ultionis
1197 2509 1393 2555 eventu
1431 2500 1739 2571 perculsum
1781 2500 1987 2556 erroris

420 2590 506 2645 sui
535 2590 878 2660 paenituisse,
920 2597 976 2646 et
1012 2605 1138 2647 cum
1189 2590 1463 2661 baptismo
1491 2592 1760 2661 corporis,
1792 2592 1987 2647 anima:

412 2692 635 2753 quoque
676 2682 905 2739 salutem
927 2690 1283 2740 consecutum
1308 2683 1496 2739 fuisse.
1540 2682 1796 2739 Publium
1839 2683 1981 2739 Tar-

417 2773 739 2845 quinianum
797 2790 1081 2831 sacrorum
1144 2777 1447 2832 ofﬁciorum
1506 2780 1798 2841 comitem,
1858 2792 1984 2831 enm

420 2864 792 2921 Christianam
838 2867 1155 2938 religionem
1180 2875 1364 2923 tantos
1405 2868 1462 2922 in
1491 2867 1626 2923 urbe
1656 2882 1985 2939 progressus

420 2956 597 3013 facere
624 2966 891 3025 cerneret,
946 2958 1073 3015 data
1120 2960 1401 3031 regionum
1424 2959 1698 3031 prefectis
1720 2960 1974 3030 pecunia,

417 3056 698 3106 auctorem
760 3051 869 3108 illis
891 3051 1064 3108 fuisse
1116 3059 1173 3108 ut
1230 3052 1286 3107 in
1330 3052 1678 3109 Christianos
1724 3053 1981 3124 populum
2009 3092 2052 3149 ϐ

415 3142 772 3199 concitarent.
797 3142 1130 3202 Clementem
1168 3146 1335 3219 igitur
1365 3147 1599 3217 primum
1617 3146 1797 3202 adorti
1824 3154 1974 3213 sunt,

415 3250 539 3291 eum
570 3235 636 3293 de
677 3238 985 3308 sacrilegio,
1018 3239 1085 3295 de
1114 3239 1412 3310 impietate,
1457 3247 1622 3310 atque
1665 3239 1734 3295 de
1762 3239 1980 3298 violatis

416 3328 785 3400 Augustorum
831 3330 1028 3387 edictis
1058 3340 1398 3388 accusantes.
1453 3332 1723 3403 Trajanus
1754 3332 1839 3388 his
1859 3348 1981 3388 om-

416 3420 581 3478 nibus
636 3436 668 3475 a
696 3421 1017 3479 Mamertino
1066 3425 1219 3479 urbis
1266 3423 1525 3494 praefecto
1577 3424 1818 3496 acceptis
1851 3439 1982 3479 san-

416 3518 563 3567 ctum
620 3512 937 3571 Pontiﬁcem
992 3516 1048 3571 in
1095 3516 1498 3572 Chersonesum
1557 3518 1701 3572 ultra
1750 3517 1983 3573 Pontum

419 3604 689 3661 Euxinum
714 3608 992 3679 relegavit.
1033 3607 1242 3665 invenit
1263 3624 1391 3665 vero
1418 3609 1492 3665 ibi
1511 3611 1653 3666 ultro
1672 3611 1784 3666 duo
1812 3611 1983 3665 millia

418 3694 853 3751 Christianorum
877 3697 989 3767 jam
1017 3699 1109 3753 diu
1134 3699 1203 3753 ad
1227 3698 1471 3754 caedendi
1524 3701 1813 3754 marmoris
1842 3716 1982 3770 opus

422 3789 828 3843 damnatorum.
875 3786 1020 3844 Inter
1044 3793 1279 3843 maxima
1318 3797 1497 3844 autem
1521 3790 1712 3844 horum
1745 3790 1983 3845 fidelium

419 3877 764 3932 incommoda
787 3877 919 3932 illud
975 3887 1112 3943 erat,
1143 3879 1289 3950 quod
1316 3890 1471 3935 sexto
1494 3880 1749 3935 milliario
1784 3896 1981 3951 aquam

419 3966 663 4022 humeris
686 3967 802 4022 suis
827 3966 1114 4038 deportare
1164 3969 1444 4025 deberent.
1507 3968 1756 4025 Pontifex
1804 3979 1982 4025 autem

416 4073 610 4113 eorum
684 4060 1034 4115 miseratione
1085 4067 1308 4127 tactus,
1358 4076 1484 4116 cum
1517 4062 1641 4131 agni
1696 4062 1982 4131 cujusdam

417 4150 609 4215 ductu,
654 4150 745 4206 ubi
776 4149 898 4206 fons
927 4159 1093 4215 esset,
1124 4152 1492 4223 cognovisset,
1526 4167 1668 4215 eam,
1699 4162 1757 4207 ut
1782 4152 1985 4209 eliode-

416 4249 565 4310 rent,
590 4241 918 4298 Christianis
971 4243 1231 4298 ostendit.
1284 4242 1491 4310 Quibus
1513 4244 1879 4315 nequidquam
1903 4244 1982 4298 la-

416 4333 740 4391 borantibus
775 4342 1003 4391 sanctus
1041 4335 1295 4392 Clemens
1329 4351 1452 4391 eum
1501 4335 1681 4390 locum
1732 4335 1847 4406 ipse
1876 4335 1980 4391 levi

2092 1864 2275 1927 perat,
2313 1865 2565 1913 sanctum
2613 1856 2947 1914 Clementem
2998 1857 3146 1923 illos,
3192 1856 3287 1927 qui
3320 1856 3385 1911 ad
3436 1862 3673 1910 mortem

2091 1965 2216 2007 eum
2253 1950 2690 2022 conquirebant,
2728 1967 2887 2007 canes
2922 1951 2977 2005 in
3007 1949 3244 2004 homines
3276 1948 3535 2003 latrantes
3571 1964 3673 2001 vo-

2090 2043 2343 2109 cavisse;
2388 2042 2538 2113 quod
2586 2050 2771 2099 tamen
2800 2044 2869 2099 ab
2900 2056 2967 2100 eo
2996 2040 3411 2113 pronuntiatum
3446 2039 3503 2094 in
3544 2037 3673 2108 ejus

2090 2134 2230 2190 actis
2250 2135 2503 2207 legimus.

2159 2224 2357 2297 Ingens
2403 2226 2847 2283 Christianorum
2875 2224 2936 2281 in
2977 2224 3381 2282 Chersonesum
3408 2222 3671 2292 deporta-

2088 2326 2270 2373 torum
2324 2334 2590 2375 numerus
2642 2318 2748 2377 sub
2790 2319 2968 2374 sancti
3016 2316 3313 2373 Clementis
3370 2315 3669 2369 adventum

2088 2419 2413 2483 argumento
2434 2413 2597 2467 etiam
2619 2419 2704 2467 est
2739 2410 2935 2467 borum
2968 2417 3217 2465 actorum
3252 2406 3531 2463 falsitatis.
3563 2403 3671 2459 Ne-

2087 2520 2195 2575 que
2230 2505 2379 2559 enim
2425 2512 2660 2575 tempus,
2706 2520 2817 2576 quo
2845 2504 2976 2558 illuc
3022 2501 3301 2574 deportari
3348 2499 3666 2571 potuerint,

2098 2598 2483 2668 perspicimus.
2538 2598 2754 2653 Etenim
2779 2598 2827 2657 si
2860 2598 2965 2654 sub
3014 2596 3327 2653 Domitiano
3369 2593 3668 2647 damnatos

2086 2688 2358 2754 dicamus,
2385 2690 2577 2761 reponi
2614 2696 2815 2762 potest,
2845 2704 2942 2745 eos
2996 2690 3168 2744 altero
3216 2686 3439 2757 Trajani
3491 2698 3665 2745 anno,

2087 2796 2197 2853 quo
2225 2792 2452 2839 sanctus
2480 2782 2737 2839 Clemens
2758 2797 2825 2838 eo
2854 2782 3130 2852 relegatus
3153 2779 3346 2843 fertur,
3390 2777 3505 2831 illic
3542 2791 3667 2829 am-

2086 2876 2232 2946 plius
2260 2889 2370 2929 non
2393 2876 2706 2942 exstitisse;
2756 2889 2880 2929 cum
2901 2872 3081 2929 Nerva
3112 2871 3409 2926 Domitiani
3438 2885 3661 2926 succes—

2087 2980 2179 3021 sor
2200 2971 2254 3020 et
2284 2965 2567 3034 proximus
2594 2963 2815 3035 Trajani
2837 2962 3094 3019 decessor
3128 2962 3243 3035 (55)
3271 2976 3462 3019 omnes
3491 2976 3523 3015 a
3547 2960 3664 3015 Do-

2088 3058 2316 3114 mitiano
2363 3058 2634 3127 relegatos
2680 3065 2792 3111 tam
2826 3056 3173 3113 Christianos
3193 3096 3208 3120 ,
3238 3069 3401 3126 quam
3432 3054 3666 3109 alterius

2084 3148 2465 3221 cujuscunque
2494 3150 2714 3223 generis
2738 3150 3099 3214 revocaverit,
3156 3147 3431 3218 quomodo
3479 3147 3662 3201 sancti

2081 3242 2310 3301 Joannis
2353 3245 2604 3315 exemplo
2643 3244 2924 3300 docemur.
2950 3242 3054 3299 Sed
3083 3258 3261 3313 neque
3290 3241 3394 3298 sub
3430 3239 3664 3309 Trajani

2084 3336 2301 3408 imperii
2328 3337 2612 3393 exordium
2639 3338 2717 3391 illi
2738 3337 2980 3391 damnati
3014 3335 3186 3400 fuere,
3211 3349 3337 3389 cum
3370 3333 3418 3389 is
3441 3333 3663 3388 decimo

2083 3436 2298 3484 tantum
2328 3429 2545 3501 imperii
2567 3430 2655 3486 sui
2690 3445 2836 3485 anno
2867 3429 3199 3499 qumstiones
3221 3427 3278 3482 in
3306 3425 3662 3481 Christianos

2082 3523 2284 3580 habere
2308 3523 2557 3593 emperit,
2579 3521 3038 3592 quemadmodum
3056 3521 3124 3576 ab
3140 3519 3377 3576 Eusebio
3395 3518 3452 3574 in
3480 3516 3660 3572 Chro-

2083 3617 2210 3672 nico
2232 3616 2512 3671 docemur.

2151 3706 2372 3762 Fabulis
2398 3721 2615 3777 quoque
2637 3713 2720 3762 est
2742 3702 3231 3769 annumerandum,
3256 3701 3401 3774 quod
3430 3701 3485 3757 in
3517 3699 3663 3755 actis

2082 3798 2206 3855 istis
2228 3797 2482 3863 refertur,
2510 3798 2652 3853 intra
2675 3797 2805 3852 anni
2846 3797 3013 3853 unius
3039 3795 3277 3866 spatium
3310 3792 3661 3864 septuaginta

2081 3889 2347 3947 ecclesias
2396 3889 2453 3944 in
2502 3888 2851 3944 Chersoneso
2905 3887 3161 3942 conditas
3205 3885 3398 3941 fuisse.
3464 3882 3659 3954 Neque

2082 3981 2226 4037 enim
2253 3980 2431 4035 inscio
2472 3978 2689 4035 Caesare
2734 3978 2986 4034 construi
3014 3978 3343 4048 potuissent.
3392 3973 3549 4039 Quod
3606 3974 3661 4029 si

2083 4071 2357 4140 Trajanus
2384 4070 2439 4126 id
2494 4072 2775 4133 rescisset,
2816 4084 2944 4124 cum
2977 4067 3306 4123 Christianis
3350 4072 3498 4121 esset
3545 4064 3660 4118 ini-

2080 4166 2241 4236 quior
2265 4203 2280 4228 ,
2324 4161 2471 4235 quod
2511 4178 2644 4219 sane
2679 4172 2799 4217 acta
2837 4159 2953 4216 haec
2984 4162 3202 4216 sincera
3230 4174 3354 4215 esse
3378 4156 3658 4212 affirman-

2080 4263 2165 4312 tes
2188 4255 2465 4310 fateantur
2499 4270 2726 4311 necesse
2753 4263 2857 4318 est,
2890 4268 2988 4308 eas
3019 4260 3170 4308 tanto
3197 4265 3427 4306 numero
3476 4247 3657 4304 aedili-

2084 4348 2200 4403 cari
2230 4363 2430 4418 passus
2454 4361 2567 4401 non
2597 4346 2813 4401 fuisset.
2862 4344 3110 4409 Accedit,
3164 4353 3503 4412 compertum
3549 4356 3661 4397 nos

415 4426 529 4481 ictu
578 4427 871 4497 percussit,
915 4435 969 4484 et
995 4427 1117 4485 fons
1145 4428 1290 4484 illico
1330 4427 1550 4483 exsiliit.
1608 4425 1690 4482 Ad
1733 4426 1982 4483 miraculi

2091 4440 2307 4504 habere,
2337 4437 2682 4494 Christianos
2714 4438 2780 4491 ad
2812 4438 2956 4491 tertii
2987 4420 3200 4489 tantum
3221 4434 3408 4490 saeculi
3434 4434 3656 4487 initium

417 4517 583 4588 hujus
608 4518 808 4574 famam
830 4528 944 4576 tota
973 4521 1252 4591 provincia
1282 4528 1623 4586 accurrente,
1654 4522 1980 4590 cunctisque

418 4611 485 4665 ad
527 4610 687 4667 fidem
718 4612 987 4669 traductis
1017 4621 1071 4668 et
1101 4613 1387 4683 baptizatis
1408 4613 1552 4668 intra
1580 4613 1708 4667 anni
1742 4613 1980 4683 spatium

417 4704 760 4775 septuaginta
805 4704 1052 4760 ecclesiae
1081 4714 1435 4771 constructa},
1469 4706 1612 4761 idola
1637 4705 1819 4760 omnia
1846 4720 1981 4760 con-

416 4792 629 4858 fracta,
691 4796 890 4865 templa
947 4796 1387 4866 circumjacentis
1462 4798 1702 4867 regionis
1760 4797 1977 4862 diruta,

415 4898 715 4954 omnesque
751 4886 858 4939 luci
884 4902 1059 4956 usque
1112 4887 1181 4941 ad
1227 4895 1472 4944 trecenta
1501 4886 1753 4942 milliaria
1784 4887 1840 4941 in
1870 4888 1981 4942 cir-

417 4981 570 5037 cuitu
598 4983 808 5037 concisi
836 4982 1005 5038 fuere.
1062 4982 1335 5055 Trajanus
1363 4999 1514 5048 vero,
1552 4992 1610 5038 ut
1656 4992 1868 5038 tantum
1899 4984 1977 5039 rei

414 5070 741 5127 Christianae
796 5087 1145 5143 progressum
1195 5074 1447 5139 sisteret,
1489 5074 1819 5130 Clementem
1880 5088 1980 5128 an-

414 5163 585 5217 chora
614 5161 680 5217 ad
725 5162 926 5217 collum
960 5161 1121 5232 ligata
1144 5162 1201 5217 in
1229 5178 1379 5219 mare
1404 5163 1646 5233 demergi
1676 5161 1975 5218 mandavit.

414 5256 484 5308 At
512 5253 649 5310 mari.
672 5268 847 5323 usque
876 5252 944 5307 ad
975 5253 1153 5308 locum
1177 5293 1190 5317 ,
1216 5270 1326 5323 quo
1356 5253 1636 5308 Pontiﬁcis
1666 5268 1866 5323 corpus
1888 5252 1977 5322 ja-

414 5345 605 5411 cebat,
655 5347 976 5412 recedente,
1026 5345 1160 5399 illud
1214 5346 1423 5400 tumulo
1467 5361 1632 5402 saxeo
1677 5345 1731 5399 in
1775 5344 1979 5416 templo

412 5437 648 5507 quodam
671 5453 979 5493 marmoreo
998 5437 1280 5492 conditum
1312 5436 1610 5493 Christiani
1634 5438 1974 5493 invenerunt.

485 5528 650 5583 Multa
666 5539 864 5600 autem
895 5530 1284 5601 disquisitione
1313 5545 1454 5599 opus
1504 5546 1615 5585 non
1645 5540 1727 5586 est
1748 5567 1762 5596 .
1796 5528 1861 5584 ad
1893 5529 1976 5584 hi-

486 5690 594 5755 (ῑὶῖἱ)
632 5690 744 5755 Dio,
775 5691 911 5743 libro
936 5704 1124 5754 vam,
1157 5704 1275 5759 pag.
1308 5687 1426 5741 769.

2081 4531 2369 4597 ecclesias,
2413 4528 2481 4584 ad
2538 4544 2688 4601 quas,
2718 4529 2897 4599 palam
2939 4526 3327 4588 convenirent,
3368 4524 3653 4579 habuisse.

2082 4619 2405 4675 Auﬁdianus
2461 4634 2687 4689 praases,
2741 4617 2837 4688 qui
2875 4615 3172 4686 aTrajano
3227 4615 3295 4671 ad
3326 4613 3658 4669 Christianas

2083 4710 2301 4781 pietatis
2319 4718 2668 4780 augmentum
2702 4707 3101 4779 prohibendum
3141 4708 3197 4761 in
3242 4706 3657 4761 Chersonesum

2083 4804 2287 4861 missus
2320 4803 2510 4868 fertur,
2545 4804 2719 4859 solius
2776 4802 2953 4857 sancti
2980 4800 3280 4856 Clementis
3312 4806 3489 4854 morte
3517 4812 3655 4851 eon-

2082 4903 2269 4951 tentus
2291 4911 2402 4952 non
2434 4894 2647 4957 fuisset,
2678 4893 2773 4949 sed
2802 4909 2927 4947 eum
2952 4908 3053 4962 pro
3078 4907 3177 4947 sua
3208 4892 3263 4945 in
3286 4890 3418 4944 deos
3446 4890 3656 4959 pietate

2081 5003 2291 5058 suoque
2314 4987 2371 5043 in
2391 4986 2624 5043 Caesaris
2651 4986 2805 5054 jussa
2832 4984 3097 5053 obsequio
3125 4982 3561 5053 quamplurimos
3582 4996 3654 5035 ex

2081 5079 2379 5135 rebellibus
2409 5077 2519 5134 illis
2548 5076 2780 5133 Caesaris
2829 5075 3104 5129 mandatis
3137 5088 3331 5144 parere
3364 5072 3654 5126 renuenti-

2080 5171 2204 5235 bus,
2235 5170 2615 5240 idolorumque
2658 5168 2843 5223 cultus
2870 5166 3143 5232 hostibus,
3182 5165 3419 5235 plectere
3460 5164 3673 5233 utique.

2078 5260 2373 5315 debuisset.

2150 5351 2307 5418 Quod
2343 5350 2411 5405 de
2442 5349 2674 5404 mirifico
2706 5349 2800 5403 illo
2839 5347 2988 5402 fonte
3014 5355 3135 5401 acta
3169 5346 3275 5403 ista
3315 5350 3650 5414 memorant,

2077 5443 2174 5514 qui
2200 5442 2265 5496 ad
2292 5442 2467 5497 sancti
2504 5441 2803 5497 Clementis
2832 5456 3023 5511 preces
3073 5441 3369 5504 emanavit,
3419 5452 3651 5510 praeter-

2077 5534 2314 5591 eundum
2346 5532 2504 5590 nobis
2526 5548 2647 5590 esse
2668 5547 2954 5590 censemus
2978 5550 2994 5599 ;
3026 5531 3254 5605 singulae
3273 5531 3419 5589 enim
3446 5546 3651 5586 narra-
