3936 6172
196 303 305 361 ιῖδ

1440 307 1777 365 ΡΗΟἚΜΙΑ
1814 307 2198 366 VARIORUM.

3362 310 3459 365 ιει

195 419 370 473 tionis
394 417 567 490 hujus
599 427 786 491 partes
843 436 903 477 se
935 420 1084 491 ipsas
1133 418 1394 477 falsitatis
1456 428 1779 492 coarguunt.
1812 426 1858 482 Α
1883 418 2145 477 Clementi
2169 431 2327 474 sacra
2349 416 2416 472 ad
2435 417 2540 472 tria
2554 415 2721 472 millia
2737 430 2999 489 passuum
3020 419 3462 488 recedere‘ioui-

193 510 343 565 Idem
380 513 732 566 sentiendum
759 520 844 569 est
870 511 939 568 de
968 513 1058 576 iis,
1100 527 1221 582 quae
1254 518 1376 566 acta
1410 513 1512 568 ista
1553 512 1781 579 addunt,

190 618 320 657 cum
348 603 612 673 discipuli
643 604 835 675 paucis
863 611 987 674 post
1019 603 1197 659 sancti
1253 603 1550 659 Clementis
1581 611 1786 675 marty-

190 694 338 746 rium
370 693 572 750 diebus
605 693 674 747 ad
704 694 909 757 locum,
941 708 1050 764 quo
1084 694 1175 749 ille
1196 694 1252 748 in
1299 709 1470 764 aquas
1500 694 1785 750 demersus

188 786 399 851 fuerat,
434 787 825 852 accessissent,
866 788 1045 844 tribus
1082 788 1293 843 scilicet
1315 803 1346 841 a
1376 788 1564 842 littore
1585 788 1786 842 millia-

187 878 350 932 ribus
379 894 535 933 mare
565 880 892 944 recessisse,
950 888 1114 950 atque
1169 894 1267 935 eos
1309 879 1485 934 sancti
1526 879 1786 950 martyris

185 972 728 1041 reliquias.tumulo
779 973 995 1043 lapideo
1045 973 1297 1029 conditas
1354 974 1410 1027 in
1472 988 1784 1031 marmoreo

184 1061 403 1131 templo
432 1062 734 1117 invenisse.
769 1062 873 1129 Qui
902 1064 1045 1118 enim
1079 1062 1196 1117 fieri
1227 1070 1436 1133 posset,
1458 1069 1517 1117 ut
1542 1078 1630 1119 res
1647 1064 1785 1119 adeo

184 1151 541 1208 admiranda:
598 1154 868 1209 universae
900 1154 1214 1224 antiquitati
1248 1154 1470 1223 ignotae,
1520 1161 1683 1224 atque
1715 1156 1784 1210 ab

181 1244 457 1300 omnibus
506 1244 899 1300 ecclesiasticae
964 1245 1210 1301 historiae
1277 1245 1644 1315 scriptoribus
1701 1246 1783 1299 al-

183 1336 412 1391 tissimo
466 1335 688 1391 silentio
738 1336 963 1407 sepulta:
1017 1336 1264 1391 fuerint?
1294 1336 1439 1391 haud
1491 1335 1785 1391 dillitemur

181 1427 439 1498 quidem,
473 1429 597 1499 ejus
626 1429 710 1483 rei
735 1429 791 1483 in
820 1430 1086 1499 opusculo
1108 1429 1348 1500 quodam
1382 1428 1497 1499 (56)
1520 1428 1781 1500 Ephraim

181 1519 491 1576 Chersonis
518 1520 779 1591 episcopo
807 1522 1015 1576 tributo
1039 1520 1378 1577 mentionem
1410 1522 1555 1577 ﬁeri:
1589 1537 1780 1576 verum

183 1611 462 1680 scriptum
478 1611 616 1665 illud
639 1612 861 1668 levioris
879 1612 1140 1683 ponderis
1161 1628 1285 1668 esse
1299 1613 1535 1668 videtur.
1558 1612 1633 1667 Ex
1660 1614 1781 1683 ipso

182 1703 337 1759 enim
405 1703 555 1775 stylo
612 1704 1031 1775 dignoscimus,
1078 1705 1213 1760 illud
1256 1704 1430 1761 Graeci
1492 1706 1777 1775 cujusdam

1884 512 1987 568 bus
2019 511 2263 568 universi
2314 524 2634 580 reposuere,
2668 510 2784 566 haec
2812 510 2918 568 sibi
2942 510 3213 568 hactenus
3251 512 3463 569 incom-

1883 614 2039 679 perta
2070 606 2243 663 fuisse
2282 603 2418 677 (57).

1955 698 2254 755 Obscurior
2282 708 2563 769 praeterea,
2588 704 2687 752 aut
2713 696 2897 768 potius
2935 703 3198 767 tanquam
3230 712 3460 769 apocry-

1884 791 1993 864 pha
2021 798 2075 847 et
2104 791 2481 846 commentitia
2520 806 2552 845 a
2591 789 2657 847 D.
2687 788 2940 861 Gregorii
2970 788 3039 844 Μ,
3078 804 3254 867 usque
3299 798 3460 860 aetate

1884 886 2115 943 historia
2142 885 2260 941 haec
2283 884 2470 939 habita
2508 882 2646 951 fuit;
2678 896 2803 938 eum
2836 890 3028 937 sancto
3070 880 3301 952 Eulogio
3344 883 3463 952 cpi-

1884 992 2054 1049 scopo
2112 976 2485 1035 Alexandrino
2558 984 2861 1047 martyrum
2915 982 3036 1031 acta
3094 973 3164 1027 ab
3224 972 3461 1028 Eusebio

1882 1065 2221 1122 Ctesareensi
2252 1065 2479 1121 collecta
2502 1064 2775 1134 expetenti
2802 1062 3055 1118 Pontifex
3082 1062 3171 1117 ille
3196 1061 3455 1117 doctissi-

1882 1174 2007 1213 mus
2052 1156 2436 1227 responderit:
2470 1154 2722 1210 «Praeter
2762 1154 2881 1219 illa,
2930 1168 3053 1224 quae
3103 1153 3158 1206 in
3211 1152 3456 1223 ejusdem

1884 1249 2102 1305 Eusebii
2132 1248 2287 1302 libris
2316 1247 2384 1302 de
2414 1246 2597 1302 Gestis
2628 1253 2945 1302 sanctorum
2984 1253 3284 1316 martyrum
3317 1260 3456 1299 con-

1881 1336 2146 1399 tinentur,
2179 1335 2327 1389 nulla
2356 1336 2413 1390 in
2443 1335 2683 1390 Archivo
2740 1335 2906 1404 hujus
2955 1342 3161 1389 nostrae
3199 1334 3459 1389 Ecclesia:

1882 1428 1966 1483 vel
1999 1428 2055 1482 in
2105 1426 2367 1483 Romanae
2414 1426 2571 1483 urbis
2622 1426 2976 1481 bibliothecis
3022 1441 3148 1481 esse
3202 1427 3456 1497 cognovi,

1882 1520 1988 1574 nisi
2021 1533 2194 1589 pauca
2218 1518 2471 1589 quaedam
2504 1518 2561 1573 in
2590 1518 2758 1574 unius
2786 1517 2999 1573 codicis
3036 1518 3316 1573 volumine
3342 1520 3457 1572 col-

1882 1612 2043 1668 lecta.
2065 1610 2176 1667 Nos
2198 1619 2379 1666 autem
2409 1626 2562 1683 paene
2585 1611 2829 1664 omnium
2856 1618 3154 1681 martyrum
3180 1609 3458 1665 distinctis

1883 1718 1981 1771 per
2008 1702 2127 1759 dies
2161 1703 2408 1773 singulos
2438 1702 2792 1772 passionibus
2823 1702 3055 1756 collecta
3101 1701 3155 1753 in
3210 1715 3322 1755 uno
3364 1715 3459 1754 co-

184 1792 358 1847 medii
408 1792 512 1847 aevi
544 1808 683 1864 opus
713 1809 857 1850 esse.
916 1793 1182 1850 Eumdem
1213 1810 1388 1865 atque,
1435 1811 1499 1851 ac
1529 1803 1776 1850 actorum
1809 1787 1851 1841 Β
1880 1793 2003 1849 dice
2032 1796 2256 1849 nomina
2291 1795 2583 1858 habemus,
2617 1801 2782 1864 atque
2807 1793 3151 1864 quotidianis
3177 1792 3370 1848 diebus
3401 1793 3457 1847 in

183 1884 440 1956 martyrii
456 1886 640 1941 sancti
657 1885 958 1942 Clementis
980 1895 1259 1943 auctorem
1286 1886 1499 1943 fabellis
1512 1888 1779 1944 delectari

185 1975 314 2031 inde
342 1975 730 2047 intelligimus,
762 1977 910 2047 quod
939 1978 1153 2049 singula
1189 1979 1260 2034 ab
1310 1994 1375 2034 eo
1409 1980 1581 2035 relata
1626 1994 1657 2035 a
1686 1996 1779 2036 ve-

185 2068 288 2125 teri
312 2069 560 2140 quodam
582 2070 845 2140 episcopo
874 2068 1244 2126 Constantino
1274 2072 1548 2142 appellato
1567 2113 1582 2138 ,
1614 2072 1776 2143 cujus

188 2169 311 2215 acta
338 2177 372 2215 a
396 2160 668 2215 Bollando
715 2160 860 2216 edita
893 2170 1053 2229 sunt,
1082 2161 1208 2217 falsi
1242 2162 1671 2233 redarguantur.
1724 2164 1776 2219 ls

186 2253 331 2310 enim
373 2267 504 2307 cum
553 2253 701 2307 circa
735 2267 941 2307 annum
974 2252 1082 2309 850
1123 2252 1465 2309 Chersonem
1492 2254 1774 2323 profectus

186 2353 356 2411 esset,
381 2345 597 2401 incolas
631 2345 922 2414 diligenter
959 2344 1273 2400 sciscitatus
1294 2353 1399 2410 est,
1424 2354 1775 2402 constaretne

188 2435 461 2505 sibi,qua:
490 2434 798 2498 ferebatur,
835 2432 1003 2499 fama,
1034 2435 1214 2489 sancti
1244 2432 1547 2491 Clementis
1572 2451 1775 2506 corpus

188 2542 501 2582 marmoreo
524 2533 884 2583 monumento
928 2526 985 2582 in
1030 2528 1234 2598 templo
1282 2530 1352 2584 ab
1382 2530 1592 2600 angelis
1640 2544 1777 2584 con-

188 2617 304 2674 dito
335 2628 621 2692 repertum
654 2621 846 2688 fuisse,
876 2627 934 2678 et
975 2635 1129 2677 mare
1159 2622 1457 2695 quotannis
1475 2621 1563 2678 die
1577 2627 1769 2677 sancto

1883 1899 2073 1939 eorum
2126 1888 2475 1942 veneratione
2534 1886 2825 1941 Missarum
2889 1884 3157 1941 solemnia
3224 1884 3453 1955 agimus.

1881 1974 2003 2031 Non
2046 1986 2229 2033 tamen
2279 1980 2334 2033 in
2363 1978 2555 2035 eodem
2600 1978 2903 2042 volumine,
2932 1977 3081 2047 quis,
3116 1976 3352 2047 qualiter
3376 1976 3450 2031 sit

1882 2083 2079 2139 passus
2110 2068 2404 2134 indicatur,
2438 2068 2535 2124 sed
2584 2066 2966 2123 tantummodo
3024 2081 3247 2131 nomen,
3281 2067 3455 2133 locus,

1880 2167 1935 2215 et
1967 2160 2085 2215 dies
2106 2160 2381 2231 passionis
2414 2160 2658 2231 ponitur.
2698 2179 2717 2212 ι
2756 2158 2883 2213 Haec
2907 2173 3040 2215 sane
3068 2166 3294 2214 sanctus
3324 2156 3461 2212 Gre-

1885 2253 2073 2323 gorius
2124 2251 2236 2323 (58)
2285 2252 2597 2323 scripturus
2650 2267 2761 2307 non
2824 2250 3039 2315 fuisset,
3070 2252 3117 2305 si
3162 2261 3306 2313 acta,
3337 2265 3460 2320 qua:

1880 2346 2045 2402 hodie
2080 2346 2183 2401 sub
2213 2346 2387 2401 sancti
2418 2346 2717 2401 Clementis
2747 2344 2969 2399 nomine
3006 2349 3247 2406 exstant,
3273 2343 3458 2398 novis-

1882 2448 1984 2504 set,
2016 2438 2112 2493 ubi
2140 2454 2252 2492 non
2283 2437 2404 2493 dies
2437 2438 2601 2493 modo
2632 2446 2687 2493 et
2716 2438 2873 2493 locus
2909 2435 3189 2507 passionis
3219 2436 3340 2505 ejus
3386 2435 3460 2489 lc-

1882 2530 2049 2602 gitur,
2081 2528 2177 2585 sed
2206 2530 2492 2600 complura
2524 2530 2652 2596 alia,
2688 2546 2809 2600 qua:
2860 2531 3011 2586 circa
3069 2530 3190 2601 ejus
3225 2537 3456 2585 mortem

1880 2638 2133 2689 evenere,
2168 2623 2487 2696 singillatim
2516 2623 2924 2680 describuntur.

1196 3139 1615 3201 DOCTRINA
1649 3140 1934 3202 SANCTI
1969 3140 2452 3204 CLEMENTIS.

1778 3309 1842 3322 —

752 3358 1152 3463 ARTICULUS
1180 3406 1220 3464 Ι.

190 3514 641 3557 ουδειιητιοκεδ
666 3514 991 3553 ΒΟῦΜΑΤΙΩᾸΞ
1013 3516 1063 3553 IN
1084 3515 1194 3553 DIVI
1234 3514 1534 3556 ειεκεμτιε
1568 3514 1773 3555 ROIANI

666 3585 957 3625 EPISTOLAS
993 3586 1276 3625 GENUINAS.

404 3682 432 3753 ᾗ
466 3682 507 3737 1.
543 3682 622 3737 De
655 3692 843 3737 sancta
872 3682 1148 3751 Scriptura
1169 3690 1219 3737 et
1251 3680 1558 3739 traditione.

255 3773 338 3829 Ex
369 3777 551 3844 prima
588 3775 697 3831 divi
735 3776 1033 3831 Clementis
1090 3775 1157 3829 ad
1198 3774 1514 3830 Corinthios
1545 3774 1775 3845 epistola

188 3870 549 3925 utilissimum
598 3870 844 3925 eruimus
893 3870 946 3923 in
996 3868 1235 3924 favorem
1258 3879 1541 3924 sacrarum
1570 3868 1775 3922 littera-

187 3977 307 4015 rum
366 3962 788 4029 testimonium;
826 3962 925 4017 has
976 3962 1249 4032 siquidem
1302 3960 1544 4032 Spiritus
1590 3962 1767 4016 sancti

186 4055 412 4110 oracula
435 4063 630 4111 vocat:
658 4054 972 4124 Diligenter,
995 4056 1192 4125 legitur
1215 4055 1312 4119 ibi,
1350 4055 1593 4123 inspicite
1625 4053 1773 4108 Scri-

187 4158 399 4215 pturas,
433 4145 670 4216 Spiritus
717 4147 891 4199 sancti
940 4163 1063 4200 vera
1119 4147 1338 4201 oracula
1368 4160 1386 4198 :
1414 4146 1526 4209 Τὰς
1556 4144 1774 4216 ἀληθεῖς

191 4239 377 4307 ῥήσεις
411 4236 727 4306 Πνεύματος
744 4234 838 4289 τοῦ
870 4236 1026 4304 ἁγίου
1057 4235 1192 4307 (59),
1219 4236 1307 4289 Ait
1333 4235 1500 4291 etiam
1547 4245 1774 4291 sanctus

188 4327 481 4383 Pontifex:
518 4327 702 4382 Nostis
743 4328 909 4391 enim,
940 4337 990 4381 et
1037 4327 1198 4397 probe
1252 4328 1420 4383 nostis
1467 4325 1772 4395 Scripturas

188 4437 397 4482 sacras,
435 4419 656 4483 dilecti,
716 4428 763 4473 et
813 4419 1018 4488 penitus
1068 4420 1125 4473 in
1182 4418 1363 4474 divina
1418 4420 1649 4490 eloquia,
1691 4417 1774 4473 Τὰ

189 4511 344 4579 λόγια
391 4510 488 4563 τοῦ
535 4510 693 4575 Θεοῦ,
730 4511 1140 4580 introspexistis.
1174 4510 1316 4577 Quid
1357 4513 1536 4582 aptius
1566 4510 1635 4565 ad
1669 4508 1769 4565 SS.

192 4603 601 4674 Scripturarum
640 4619 764 4658 cum
797 4603 1209 4673 inspirationem
1230 4643 1247 4667 ,
1284 4610 1399 4657 tum
1428 4602 1771 4657 divinitatem

190 4695 658 4764 comprobandam
680 4693 920 4764 proferri
950 4692 1169 4765 potest?
1196 4691 1316 4748 Non
1364 4693 1540 4748 solum
1588 4699 1771 4747 autem

1798 3409 1845 3471 C
1880 3425 2022 3473 mus,
2068 3408 2165 3464 sed
2210 3408 2463 3465 eumdem
2522 3415 2776 3463 sanctum
2829 3407 3139 3480 pontitlcem
3192 3416 3452 3478 tanquam

1877 3510 2070 3558 testem
2119 3517 2231 3555 non
2285 3500 2749 3555 contemnendum
2803 3499 3117 3569 apostolica:
3136 3497 3455 3570 Evangelia-

1876 3608 1998 3648 rum
2029 3593 2258 3663 originis
2283 3608 2408 3646 cum
2440 3592 2562 3647 viro
2606 3592 2932 3647 doctissimo
2962 3591 3075 3663 (60)
3100 3603 3290 3646 contra
3322 3591 3455 3648 Fre-

1877 3691 2058 3739 retum
2090 3685 2201 3756 (6i)
2238 3684 2294 3737 in
2335 3684 2509 3739 aciem
2537 3683 2923 3754 producimus;
2957 3685 3011 3737 in
3044 3692 3275 3755 utraque
3307 3687 3453 3740 enim

1873 3792 1975 3834 sua
2017 3777 2249 3847 epistola
2282 3777 2464 3832 verbis
2510 3778 2971 3848 evangelistarum
3005 3780 3319 3847 frequenter
3347 3781 3455 3832 uti-

1872 3876 1985 3925 tur.
2015 3867 2274 3935 Quinimo
2310 3884 2378 3923 ex
2422 3869 2598 3939 ipsius
2642 3868 2865 3939 scriptis
2902 3868 3281 3923 demonstrare
3317 3872 3455 3937 pos;

1875 3976 2066 4016 sumus
2082 3967 2274 4015 contra
2301 3960 2561 4031 antiquos
2582 3966 2637 4015 et
2664 3958 3002 4014 recentiores
3026 3960 3450 4018 bibliomacbos.

1873 4067 1985 4106 non
2016 4067 2221 4122 paucos
2253 4061 2457 4107 sanctae
2489 4050 2792 4122 Scriptura:
2817 4053 2991 4107 libros
3036 4052 3240 4107 habere
3263 4060 3456 4106 aucto-

1874 4145 2091 4199 ritatem
2118 4145 2467 4200 canonicam.
2501 4143 2783 4214 Siquidem
2814 4144 2892 4197 ait
2926 4142 3231 4210 :Prwcipue
3262 4160 3455 4197 memo-

1876 4252 1960 4290 res
1991 4252 2289 4291 sermonum
2315 4235 2530 4289 Domini
2556 4235 2709 4298 Jesu,
2734 4251 2864 4305 quos
2897 4234 3103 4287 locutus
3150 4242 3229 4286 est
3261 4231 3451 4285 docens

1875 4328 2333 4384 mansuetudinem
2376 4338 2427 4383 et
2457 4328 2924 4399 aequanimitatem.
2960 4325 3049 4381 Sic
3098 4327 3235 4379 enim
3266 4325 3401 4377 dixit
3432 4342 3451 4379 :

1880 4439 1900 4472 ι
1931 4419 2114 4475 Estote
2152 4418 2536 4482 misericordes,
2584 4428 2641 4470 ut
2693 4415 3116 4471 misericordiam
3175 4430 3457 4483 consequa-

1875 4512 2043 4576 mini;
2075 4510 2347 4574 dimittite,
2382 4518 2442 4564 ut
2471 4508 2777 4563 dimittatur
2813 4506 2953 4561 vobis
2983 4506 3117 4576 (62).
3145 4525 3164 4557 s
3210 4504 3250 4558 Ε
3298 4505 3454 4561 libris

1875 4602 2161 4660 canonicis
2195 4602 2264 4657 ad
2293 4601 2586 4674 Evangelia
2618 4600 2852 4654 Matthzei
2885 4614 2949 4653 ac
2979 4599 3140 4653 Luca:
3181 4598 3449 4668 respexit.

1874 4698 1942 4754 Et
1967 4699 2098 4754 dum
2128 4696 2260 4751 dicit
2288 4695 2469 4765 capite
2489 4693 2733 4751 secundo
2774 4692 2976 4763 prioris
3009 4690 3255 4761 epistolae
3282 4709 3294 4744 :
3324 4688 3455 4745 0m-

194 4786 292 4842 SS.
314 4761 626 4841 litterarum
644 4761 986 4843 divinitatem
1002 4803 1070 4843 ex
1092 4786 1218 4841 άὶγο
1235 4784 1514 4841 Clemente
1535 4783 1772 4841 ostendi-
1801 4761 1847 4817 Β
1878 4808 1968 4847 ne;
1999 4800 2179 4846 autem
2230 4761 2422 4843 humili
2467 4788 2645 4841 animo
2695 4761 2883 4851 era—(is,
2924 4783 3231 4839 nullatenus
3271 4799 3457 4850 super.

266 4965 375 5029 [56)
410 4964 569 5019 Tom.
603 4964 621 5017 l
651 4963 888 5034 Operam
920 4963 1197 5028 Cotelerii,
1234 4978 1357 5034 pag.
1388 4962 1512 5034 8_l5.

191 5103 235 5157 ll
427 5036 565 5088 Acta
613 5031 785 5089 sancti
839 5033 1178 5089 Constantini
1208 5031 1353 5105 apud
1403 5031 1677 5097 Bolland.,
1731 5033 1765 5089 9

242 5121 302 5157 ar
330 5124 389 5157 ιι.

242 5107 389 5159 artii.

260 5176 373 5240 (58)
401 5174 459 5229 S.
496 5172 724 5244 Gregor.
758 5175 854 5235 Μ..
886 5176 981 5230 lib.
1004 5190 1101 5229 vm
1130 5173 1762 5245 Epistol.,indictione|,

192 5246 421 5314 epistola
454 5246 548 5307 29,
578 5246 659 5297 Ad
686 5245 968 5312 Eulogium
996 5245 1290 5300 Alexandr.

191 5316 375 5440 45(59)
411 5316 471 5371 S.
521 5315 774 5372 Clemens
805 5316 987 5381 ltom.,
1024 5332 1111 5387 ep.
1147 5316 1173 5370 1
1221 5315 1288 5369 ad
1331 5313 1607 5383 Corintb.,
1638 5330 1759 5387 cap.

266 5454 379 5526 (60)
408 5454 737 5511 Vincentius
792 5456 1078 5512 Fassinius
1127 5457 1183 5526 in
1215 5456 1355 5509 libro
1386 5456 1651 5525 singulari
1683 5456 1778 5509 ad-

195 5525 387 5597 versus
412 5526 694 5581 Freretum
720 5527 795 5581 De
810 5529 1105 5591 apostolica
1123 5525 1532 5596 Euangeliorum
1554 5527 1774 5597 origine,

199 5595 418 5649 Liburni
451 5597 602 5650 edito
632 5598 789 5661 i775,
815 5600 975 5652 ili-4'.

267 5666 386 5740 (Gl)
418 5666 725 5723 L‘Examen
757 5670 976 5740 critique
1008 5669 1096 5723 des
1129 5668 1442 5738 npologistes
1470 5667 1532 5722 dc
1563 5668 1613 5722 la
1652 5668 1772 5722 reli-

199 5752 313 5797 qton
338 5738 652 5795 cJtrétienne.

1947 4966 2059 5039 (62)
2090 4965 2155 5020 D.
2193 4963 2487 5039 Clemens,
2512 4978 2610 5039 ep._
2645 4962 2669 5016 1
2708 4960 2775 5017 ad
2812 4959 2944 5039 Cor.
2970 4960 3291 5039 ,_cap_._15~:
3335 4960 3457 5039 Μέι-

1872 5029 2393 5121 λιοίτὼμεὶινημένοι
2414 5033 2527 5120 ἐτῶν
2540 5029 2727 5121 ξλὸγων
2746 5030 2841 5121 τοῦ
2871 5031 3076 5121 Κυρίολ.)
3097 5029 3338 5121 "inscii;
3359 5029 3456 5092 οὓς

1870 5098 2099 5178 ὲλάληέε
2129 5098 2392 5178 διδᾶοκων
2411 5098 2707 5178 ὲπιςὶκερςιν
2726 5105 2819 5178 uoti.
2851 5098 3249 5178 μαξίροθυμίοὶν.
3271 5098 3457 5178 ρῦτῳς

1870 5179 1980 5251 γὰρ
2012 5170 2181 5251 ἐῖπεν·
2220 5177 2475 5251 Ἐλςεεῖτεζ
2501 5176 2587 5229 ἵνα
2614 5170 2893 5251 ὲλεηθῇτὲ,
2922 5170 3129 5251 ncipisse,
3163 5172 3249 5251 ζνα
3268 5170 3454 5251 ἐφεθῇ

1873 5240 2020 5318 ὖμῖν·
2057 5249 2133 5311 ὼς
2163 5250 2389 5310 ποιεῖτε,
2420 5246 2563 5299 οὕτω
2583 5240 2949 5318 ’ποιηθ-ήξςεται
2974 5240 3125 5318 ζρμῖνο
3161 5240 3453 5318 ὠςᾼᾷίδοτεέ

1870 5310 2013 5374 οὕτω
2059 5310 2344 5389 δοθήσεται
2385 5318 2531 5389 ὑμῖν·
2565 5316 2653 5389 ὠςῄ
2670 5310 2904 5386 κρἱὺετε,
2940 5310 3106 5389 οΰῒῳΔ
3134 5310 3455 5389 κριθήςεῖαι

1886 5392 2037 5481 ἑμῖνι
2069 5389 2144 5452 ὡς
2170 5380 2569 5481 ἀρηστεέέσθες
2598 5380 2781 5473 ora.
2807 5380 3451 5481 meaemeae-

1882 5450 1936 5530 ᾤ’
1974 5450 2447 5583 μέτίῴ”ῥ.ε’τρεῖτε
2469 5497 2484 5519 ,
2531 5459 2588 5509 ὲν
2642 5450 3245 5526 αὐτῷ”μέτρηοήὰεται
3301 5450 3451 5520 ὑμῖν.

1881 5533 2041 5587 Conf.
2113 5545 2201 5583 uc.
2233 5547 2308 5593 vi,
2335 5528 2426 5593 56,
2449 5528 2518 5583 '58
2539 5546 2553 5594 ;
2578 5535 2633 5581 et
2662 5524 2849 5579 Matth.
2876 5541 2972 5586 vn.
3008 5524 3060 5578 1.
3086 5522 3264 5594 Taceo
3294 5521 3451 5594 plura

1880 5604 1987 5657 alia
2036 5602 2177 5661 loca,
2228 5591 2351 5671 qua:
2398 5591 2454 5654 in
2507 5591 2747 5671 secunda
2780 5593 3076 5651 Clementis
3125 5591 3355 5663 cpistola
3384 5605 3451 5646 ex

1878 5672 2230 5745 evangelistis
2246 5668 2431 5727 'relata
2455 5668 2889 5741 conspiciuntur.
