3936 6172
231 309 333 365 157

1490 319 1829 377 ιδιιοωιιιι
1869 321 2257 381 VARIOBUM.

3399 335 3497 390 158

228 426 301 479 tri
330 424 598 495 Epistula:
631 427 939 485 sententias
969 444 1081 484 non
1129 445 1262 487 raro
1313 431 1590 503 imitatur;
1627 435 1818 507 prima
1846 440 1892 497 A
1918 437 2055 507 ejus,
2086 439 2224 495 dixit
2254 459 2273 498 :
2297 439 2430 497 Cum
2458 442 2563 499 duo
2606 454 2761 499 erunt
2790 462 2975 512 unum,
3001 455 3055 502 et
3078 448 3217 519 quod
3252 450 3407 519 foris,
3438 461 3497 509 ut

227 516 478 587 quidem,
510 532 637 572 cum
683 519 863 590 inquit
890 536 903 573 :
935 520 1185 577 Charitas
1214 526 1381 595 operit
1429 526 1817 583 multitudinem

225 616 568 674 peccatorum
590 606 737 679 (77);
760 616 848 664 et:
888 608 1255 682 Unusquisque
1294 614 1612 684 subjiciatur
1636 618 1819 685 proxi-

226 712 312 749 mo
341 713 440 750 suo
458 696 595 766 (78).
632 697 823 753 Omnes
853 700 1042 756 humili
1067 713 1242 758 autem
1271 706 1447 759 animo
1472 711 1655 775 eratis,
1691 710 1815 763 nul-

228 788 440 841 latenus
469 790 850 858 superbientes,
883 795 1053 863 magis
1076 796 1319 865 subjecti,
1347 815 1507 868 quam
1531 799 1817 870 subjicien-
1860 844 1865 847 -

228 889 305 931 tes
345 879 487 951 (79).
525 880 795 938 Secunda:
827 900 958 939 vero
986 886 1116 941 dum
1152 890 1389 947 scribit:
1427 891 1543 948 Noe
1563 896 1815 965 paeniten-

225 972 359 1024 tiam
388 972 740 1039 pradicavit;
775 985 824 1030 et
850 978 940 1047 qui
962 979 1288 1044 obedierunt.
1307 987 1501 1039 servati
1529 996 1651 1041 sunt
1676 986 1812 1059 (80).

224 1061 459 1133 Propter
500 1067 925 1136 hospitalitatem
950 1079 1005 1125 et
1044 1074 1293 1141 pietatem
1347 1076 1449 1133 Lat
1489 1096 1519 1134 e
1566 1078 1815 1137 Sodomis

222 1155 407 1208 salvus
438 1158 624 1222 evasit,
659 1173 780 1212 cum
834 1167 950 1213 tota
994 1163 1138 1233 regio
1171 1166 1551 1236 circumjacens
1603 1171 1723 1240 igne
1764 1181 1816 1225 et

220 1247 477 1316 sulphure
517 1250 779 1305 damnata
807 1262 960 1309 esset.
992 1253 1186 1309 Palam
1214 1256 1338 1326 fecit
1364 1258 1526 1326 Deus,
1544 1261 1682 1332 quod
1706 1279 1818 1333 spe-

222 1349 402 1396 rantes
422 1343 477 1395 in
505 1359 562 1397 se
584 1361 689 1397 non
725 1344 1061 1419 derelinquit,
1097 1366 1185 1403 eos
1208 1368 1347 1416 vero,
1380 1354 1470 1423 qui
1517 1355 1573 1409 in
1612 1365 1816 1408 contra-

221 1435 304 1487 ria
334 1433 634 1499 declinant,
670 1440 944 1508 punitione
973 1458 1037 1495 ac
1060 1442 1317 1512 supplicio
1348 1446 1507 1516 afﬁcit
1549 1445 1684 1519 (81).

290 1524 387 1581 Ha:
420 1534 608 1582 autem
653 1530 1012 1601 allegationcs
1044 1532 1154 1588 divi
1187 1532 1490 1591 Clementis
1533 1552 1601 1592 eo
1633 1539 1814 1608 majus

220 1619 429 1675 habere
466 1621 629 1675 nobis
662 1622 921 1678 videntur
952 1625 1190 1695 pondus,
1226 1627 1374 1696 quod
1411 1629 1466 1683 in
1498 1630 1676 1700 prima
1714 1647 1814 1690 sua

220 1711 461 1781 epistola
494 1712 706 1766 nullum
736 1715 1109 1785 apocryphum
1139 1732 1280 1787 opus
1309 1729 1615 1787 memoret;
1658 1722 1814 1775 locus

219 1803 368 1856 enim
412 1802 511 1856 ille
554 1803 754 1873 capitis
798 1804 1052 1859 vicesimi
1103 1807 1252 1860 tertii
1295 1806 1500 1878 (miseri
1555 1820 1698 1875 sunt,
1726 1811 1817 1881 qui

219 1894 399 1947 animo
430 1901 558 1946 sunt
574 1892 827 1965 duplices)
849 1910 1221 1966 nequaquam,
1249 1905 1308 1951 ut
1331 1897 1565 1954 Grabius
1591 1899 1703 1972 (82)
1727 1915 1817 1954 ar-

220 1986 459 2040 bitratus
515 1992 638 2051 est,
707 2001 739 2041 e
795 1987 1069 2057 scriptura
1129 1990 1441 2062 apocrypha
1492 1992 1816 2063 desumptus

218 2086 325 2141 est,
377 2077 503 2141 sed,
542 2085 603 2131 ut
633 2078 775 2133 bene
823 2079 1039 2134 notavit
1079 2078 1402 2139 Gallandius
1446 2083 1582 2156 (83),
1610 2085 1815 2141 ibidem

222 2168 575 2225 D.Pontil‘ex
626 2170 819 2225 alludit
865 2172 933 2227 ad
981 2188 1203 2228 versum
1259 2184 1514 2231 octavum
1551 2179 1748 2250 capitis
1796 2195 1814 2234 ι

218 2262 485 2334 Epistolae
512 2263 627 2318 divi
671 2262 883 2329 Jacobi,
931 2276 1095 2337 atque
1140 2268 1211 2323 ad
1252 2285 1451 2325 versus
1495 2272 1716 2327 tertium
1750 2289 1815 2329 ac

217 2362 481 2426 quartum
511 2356 711 2426 capitis
733 2371 796 2410 ιιι
815 2359 1070 2413 secundas
1102 2358 1166 2413 D.
1186 2358 1334 2416 Petri
1354 2362 1630 2433 Epistolas.

287 2445 349 2501 In
380 2447 559 2501 altera
599 2447 822 2517 quidem
861 2451 1042 2504 sancti
1065 2450 1374 2510 Clementis
1406 2455 1473 2509 ad
1498 2454 1814 2514 Corinthios

218 2535 466 2608 Epistola
500 2537 775 2609 duplicem
807 2539 1281 2598 alienduntcritici
1308 2544 1489 2599 locum
1515 2562 1581 2601 ex
1606 2549 1815 2619 scripto

218 2629 541 2699 apocrypha
606 2630 903 2699 prolatum.
975 2629 1198 2686 Primus
1249 2635 1332 2688 sic
1383 2650 1443 2691 se
1482 2636 1688 2708 habet;
1739 2642 1815 2694 ait

218 2723 424 2792 quippe
452 2721 718 2778 Dominus
758 2723 816 2777 in
848 2721 1144 2795 Evangelio
1169 2743 1185 2781 :
1215 2725 1279 2781 Si
1315 2744 1536 2797 parvum
1566 2748 1670 2785 non
1702 2748 1815 2787 ser-

216 2815 407 2879 vastis,
434 2815 556 2884 quis
582 2830 833 2884 magnum
876 2814 1025 2868 dabit
1054 2817 1238 2873 vobis?
1287 2817 1405 2873 dico
1446 2822 1589 2875 enim
1629 2823 1813 2880 vobis:

218 2904 323 2970 Qui
355 2906 535 2976 ﬁdelis
563 2915 639 2961 est
678 2906 733 2960 in
767 2908 1006 2973 minimo,
1040 2918 1089 2963 et
1119 2910 1177 2962 in
1210 2911 1406 2980 majori
1430 2913 1604 2983 ﬁdelis
1630 2926 1709 2971 est
1740 2918 1805 2973 η.

217 3002 426 3057 Locum
460 3015 645 3056 autem
684 3003 833 3058 hunc
870 3019 901 3057 a
931 3014 1127 3059 sancto
1152 3004 1313 3061 Patre
1339 3007 1496 3062 velut
1542 3025 1612 3064 ex
1637 3010 1814 3067 Evan-

1850 1781 1889 1836 Β

1917 533 2055 599 quad
2092 532 2259 598 intus,
2304 542 2355 590 et
2402 536 2695 590 masculum
2736 554 2855 591 cum
2889 537 3111 607 femina,
3151 558 3310 612 neque
3356 560 3493 607 mas,

1918 638 2079 694 neque
2105 626 2323 695 femina.
2358 626 2558 683 Verum
2588 645 2697 683 non
2727 629 2904 696 video,
2927 632 3021 701 qui
3051 632 3165 688 ﬁeri
3196 636 3404 705 possit,
3436 643 3496 692 ut

1916 726 2201 787 propterea
2222 718 2385 789 hujus
2406 720 2581 775 sancti
2608 722 2883 789 pontiﬁcis
2911 724 3284 781 testimonium
3316 728 3497 799 quoad

1917 812 2156 881 genuina
2191 820 2508 869 sanctorum
2540 816 2913 885 apostolorum
2954 818 3162 891 scripta
3202 821 3497 891 repudiano

1916 899 2047 955 dum
2078 901 2151 957 sit
2178 902 2422 957 omnino.

1988 992 2284 1049 Historiam
2309 996 2473 1050 etiam
2495 994 2684 1053 Judith
2712 998 2873 1055 divus
2904 1000 3161 1058 Clemens
3202 1019 3316 1058 sua:
3349 1006 3498 1060 inse-

1914 1087 2029 1142 ruit
2083 1088 2329 1159 epistola:
2380 1106 2615 1145 numero
2665 1106 2763 1146 seu
2813 1094 2994 1163 capite
3045 1096 3498 1166 quinquagesimo

1916 1182 2148 1252 quinto;
2205 1197 2441 1253 cumque
2491 1185 2669 1241 eidem
2735 1188 2925 1243 statim
2994 1190 3291 1262 subjungat
3353 1191 3496 1247 facta

1916 1273 2186 1340 Estheris,
2210 1289 2322 1330 non
2356 1275 2713 1332 inverosimili
2744 1281 3139 1351 consequentia
3169 1282 3367 1339 exinde
3394 1285 3497 1340 de-

1916 1365 2158 1429 ducitur,
2189 1368 2477 1422 eumtanti
2507 1369 2812 1426 aestimasse
2844 1371 3048 1427 librum
3069 1372 3281 1439 Iudith,
3305 1377 3497 1445 quanti

1916 1456 2115 1512 librum
2135 1456 2394 1515 Estheris.
2426 1458 2623 1515 Verum
2656 1462 2858 1517 librum
2886 1462 3077 1520 Esther
3098 1482 3165 1521 ex
3188 1467 3497 1523 divinarum

1920 1547 2330 1620 Scripturarum
2363 1550 2487 1606 albo
2523 1552 2819 1608 excludere
2856 1569 3003 1608 nunc
3045 1570 3206 1609 nemo
3231 1556 3499 1612 Christia-

1917 1655 2136 1706 norum,
2169 1649 2399 1712 excepto
2427 1642 2547 1697 solo
2577 1643 2943 1714 hypercritico
2972 1643 3218 1700 Semlero
3242 1647 3380 1717 (87),
3400 1662 3498 1702 au-

1917 1730 2043 1800 det;
2091 1748 2327 1804 eumque
2363 1749 2465 1789 ceu
2493 1734 2738 1790 divinum
2778 1735 2977 1790 librum
3021 1751 3051 1789 a
3078 1746 3340 1793 nascente
3383 1738 3496 1807 jam

1919 1823 2166 1879 Ecclesia
2206 1825 2449 1896 agnitum
2497 1824 2692 1890 fuisse,
2727 1841 2919 1882 omnes
2950 1826 3062 1883 fere
3094 1844 3202 1882 uno
3235 1844 3329 1884 ore
3370 1844 3500 1898 pro-

1921 1913 2139 1968 ﬁtentur
2167 1914 2368 1970 eruditi
2407 1934 2420 1972 :
2462 1931 2559 1972 cur
2590 1932 2700 1971 non
2734 1933 2955 1988 quoque
3001 1918 3204 1973 librum
3232 1917 3422 1972 Iudith
3465 1933 3499 1972 ι

1916 2006 2043 2062 divo
2092 2005 2375 2063 Clemente
2444 2009 2588 2064 inter
2648 2025 2839 2065 sacras
2894 2008 3210 2083 Scripturas
3267 2012 3499 2066 relatum

1917 2097 2088 2155 fuisse
2133 2098 2466 2155 concludere
2498 2100 2818 2171 possimus?

1987 2188 2083 2245 Est
2131 2199 2328 2260 praeter
2369 2191 2656 2262 hucusque
2702 2192 2960 2248 adnotata
3005 2194 3146 2250 alius
3179 2202 3500 2251 sanctorum

1916 2282 2189 2353 prazcipue
2214 2283 2313 2337 aevi
2338 2285 2622 2354 apostolici
2644 2284 2869 2341 Patrum
2896 2301 3033 2343 usus
3062 2287 3116 2341 in
3146 2287 3497 2351 illustrando,

1915 2373 2401 2446 conﬁrmandoque
2436 2383 2592 2431 textu
2638 2392 2820 2443 sacro,
2865 2378 3024 2448 cujus
3055 2379 3133 2433 rei
3174 2379 3286 2449 jam
3320 2379 3500 2451 speci-

1916 2466 2062 2521 mina
2117 2467 2367 2539 quaadam
2414 2467 2629 2525 damus.
2682 2468 2872 2526 Medos
2920 2469 3181 2540 loquendi
3238 2487 3269 2526 e
3322 2471 3499 2526 sacris

1913 2558 2071 2615 libris
2137 2560 2331 2616 ductos
2400 2559 2560 2615 divus
2629 2558 2909 2629 Clemens,
2950 2561 3091 2615 alios
3152 2560 3298 2616 inter
3375 2561 3499 2633 plu-

1915 2668 2026 2716 res,
2046 2661 2335 2723 sequentes
2366 2652 2653 2722 usurpavit
2684 2668 2697 2703 :
2727 2654 2902 2723 primo
2939 2667 2969 2706 a
3000 2650 3279 2707 Clemente
3309 2659 3502 2709 nostro

1914 2743 2118 2798 κανόνα
2150 2744 2262 2815 (88)
2297 2743 2365 2799 de
2396 2743 2595 2798 ﬁnibus
2632 2742 2883 2798 muneris
2928 2750 2983 2797 et
3019 2741 3316 2813 provinciae
3361 2742 3495 2806 diei,

1914 2840 2127 2895 clarum
2156 2848 2240 2892 est
2267 2852 2365 2908 per
2395 2837 2645 2909 phrasin,
2675 2837 2840 2908 idque
2871 2835 3037 2891 habet
3073 2850 3141 2890 ex
3171 2833 3215 2888 ll
3245 2834 3495 2890 Corinth.

1915 2948 1966 2988 c.
1991 2949 2046 2998 Χ,
2077 2930 2365 3003 ν.15;Μὴ
2394 2930 2775 3003 παρεκϐαίνων
2803 2928 3107 3002 ὡρισμένον
3130 2928 3230 2999 τῆς
3260 2927 3500 3001 λειτουρρ

1914 3026 2040 3093 γίας
2068 3021 2234 3077 αὐτοῦ
2264 3023 2484 3077 κανόνα.
2545 3021 2670 3078 Non
2715 3022 3106 3095 transgrediens
3134 3023 3498 3091 prtescriptam

216 3096 358 3168 gelio
391 3093 737 3165 descriptum
796 3095 993 3149 recitat
1036 3111 1256 3168 quoque
1305 3097 1363 3152 S.
1392 3097 1630 3157 Irenaeus
1664 3103 1801 3175 (84),

1925 3116 2137 3170 nuneris
2168 3115 2252 3169 sui
2284 3114 2541 3186 regulam.
2586 3113 2840 3169 Secundo
2868 3093 3102 3185 explicat
3138 3114 3501 3187 sequentibus

213 3188 310 3243 ubi
332 3186 581 3241 Grabius
613 3186 838 3257 conjicit
873 3186 1009 3259 (85),
1036 3187 1149 3243 hate
1182 3204 1245 3244 ex
1279 3188 1573 3262 Evangelio
1615 3210 1816 3251 secun~

214 3282 345 3341 dum
374 3279 673 3350 Egyptios
720 3278 895 3334 fuisse
924 3278 1275 3357 deprompta.
1323 3281 1430 3338 Sed
1464 3286 1624 3341 nobis
1660 3289 1814 3343 vide-

217 3381 307 3425 tur
335 3388 454 3425 non
486 3371 596 3423 nisi
629 3370 827 3425 allusio
864 3369 930 3423 ad
962 3387 1157 3427 versus
1199 3372 1469 3429 decimum
1502 3384 1556 3431 et
1586 3381 1814 3436 undeci-

217 3480 366 3518 mum
399 3463 605 3533 capitis
632 3479 716 3517 xv:
751 3461 1028 3533 Evangelii
1067 3465 1369 3519 secundum
1400 3466 1626 3525 Lucam.
1660 3472 1814 3529 Alter

218 3556 399 3621 locus,
435 3571 600 3625 quem
634 3556 798 3609 etiam
825 3554 1186 3613 doctissimus
1231 3558 1548 3619 Larduerus
1587 3565 1701 3637 (86)
1743 3585 1809 3623 ex

219 3646 520 3717 Evangelia
543 3643 925 3716 Egyptiorum
956 3645 1304 3717 desumptum
1336 3662 1546 3717 censet,
1576 3670 1813 3711 consen-

218 3739 490 3795 tientibus
524 3735 639 3791 fere
670 3736 929 3795 omnibus
968 3737 1203 3801 criticis,
1238 3739 1294 3794 in
1339 3741 1445 3797 line
1482 3744 1648 3815 hujus
1690 3750 1811 3818 epi-

219 3831 376 3885 stolae
420 3829 624 3899 legitur
681 3827 787 3881 hoc
816 3827 979 3882 modo
1021 3844 1039 3886 :
1086 3825 1458 3900 Interrogatus
1509 3837 1646 3891 enim
1703 3840 1813 3913 ipse

218 3920 485 3979 Dominus
528 3936 563 3972 a
590 3917 841 3988 quodam,
873 3918 1083 3990 quando
1119 3930 1395 3978 venturum
1432 3938 1566 3981 esset
1597 3945 1810 4003 regnum

305 4078 349 4110 ι’
383 4076 525 4130 Luc.
564 4091 677 4143 xvi,
713 4075 803 4132 10.

221 4256 429 4327 amicus
462 4262 699 4327 vocatus.
730 4251 902 4309 Clem.
940 4254 1104 4327 epist.
1130 4254 1184 4327 1,
1207 4271 1330 4327 cap.
1365 4259 1434 4314 10
1461 4269 1514 4315 et
1544 4263 1631 4320 17.
1662 4263 1801 4322 Coll.

1915 3208 2101 3265 verbis
2131 3209 2461 3264 sententiam
2496 3206 2651 3262 Pauli
2691 3207 2759 3261 ad
2787 3205 3165 3276 Philippenses
3200 3222 3249 3263 c.
3284 3221 3345 3271 ιι,
3378 3224 3430 3262 v.
3462 3208 3500 3262 6

1913 3309 1968 3358 et
2000 3301 2032 3356 7
2067 3321 2082 3357 :
2132 3300 2339 3372 Ἰησοῦς
2367 3302 2468 3354 οὐκ
2502 3297 2663 3373 ἦλθεν
2691 3301 2748 3353 ὲν
2776 3298 2972 3370 κόμπῳ
3001 3297 3336 3362 ἀλαζονείας,
3376 3298 3498 3353 οὗδδ

1915 3395 2312 3467 ὑπερηφανίας,
2362 3394 2564 3466 καίπερ
2608 3393 2919 3462 δυνάμενος,
2964 3390 3099 3445 ἀλλὰ
3140 3406 3498 3462 ταπεινοφρο-

1914 3487 2020 3541 νῶν
2051 3487 2188 3559 (89).
2222 3485 2411 3558 Cyrill.
2444 3485 2662 3541 Hieros.
2710 3483 2830 3540 Cat.
2864 3498 2929 3547 ιι,
2975 3499 3030 3554 p.
3076 3499 3152 3538 m.
3190 3483 3297 3537 222
3325 3494 3493 3539 extr.:

1914 3576 1979 3629 Τί
2020 3577 2165 3629 ἐστιν
2196 3575 2380 3647 ἕτερον
2408 3574 2677 3643 γινῶσκον
2717 3574 2784 3627 τὰ
2814 3572 2952 3645 βάθη
2984 3571 3079 3627 τοῦ
3106 3571 3241 3627 Θεοῦ
3265 3591 3279 3640 ;
3306 3572 3327 3626 l
3362 3572 3493 3630 Cor.

1914 3685 1976 3734 ιι,
2006 3668 2102 3736 10;
2156 3667 2302 3722 unde
2344 3673 2513 3737 patet,
2560 3666 2617 3720 in
2664 3666 2829 3721 verbo
2870 3666 3096 3737 ὲρευνᾷν
3127 3665 3335 3721 nullam
3380 3681 3497 3720 em-

1914 3757 2127 3829 phasim
2154 3772 2278 3813 esse
2315 3756 2382 3811 ab
2421 3771 2488 3811 eo
2523 3755 2830 3826 quaesitam,
2855 3769 2975 3825 qua}
3004 3769 3108 3809 nec
3136 3754 3212 3809 ibi
3238 3762 3360 3810 est:
3394 3770 3496 3825 pro

1913 3865 2088 3922 eoque
2114 3849 2368 3906 Clemens
2399 3847 2515 3921 (90)
2554 3863 2569 3900 :
2626 3846 2973 3917 Ἐγχύπτειν,
3005 3846 3369 3918 ἐγκεκυφότες
3415 3848 3496 3910 είς

1913 3941 1982 3999 τὰ
2010 3939 2149 4012 βάθη
2187 3938 2288 4009 τῆς
2317 3938 2468 4003 Θείας
2493 3938 2594 4009 τῆς
2622 3936 2876 4007 γνώσεως
2899 3975 2915 4001 ,
2956 3935 3101 3991 unde
3137 3942 3194 3993 et
3226 3942 3397 4007 patet,
3424 3934 3495 3989 τὰ

1914 4269 2004 4349 ξιὰ
2040 4270 2534 4349 ψρὸςηκαξμθείουο
2566 4269 2835 4349 προδηλον
2864 4273 3099 4349 ποιήσας
3126 4274 3155 4328 ὁ
3189 4275 3487 4349 Δεσπὰι-ης,

220 4341 344 4414 sum
376 4322 775 4414 Jacoqupi'st.
827 4338 877 4378 c.
906 4322 1039 4412 il,"v.
1198 4322 1549 4414 :I‘a'lqt'luwpol
1577 4336 1733 4399 εἰσιν,
1756 4338 1807 4414 oi

2039 4322 2526 4414 κτέξέξῗέλλιὲίξςλκῐ-εειξ
2574 4322 2689 4414 es;
2710 4322 3487 4414 ao'a.".;i;;2{x;;aa;a:

218 4396 459 4477 δίψυχοι,
489 4394 551 4482 οἱ,
572 4393 1271 4482 δΐσξέξςονιεεςσὴνυψχχήν.
1306 4393 1493 4482 Miseri
1526 4414 1704 4482 sunt,“
1717 4393 1806 4482 qui
1838 4415 1881 4470 ι)
1909 4412 2035 4474 τοὺς
2075 4393 2530 4482 δίὲτερὧῖλώέίξ

220 4462 404 4538 animo
428 4472 552 4517 sunt
579 4462 1275 4538 duplicesetincertiCiein.
1293 4485 1380 4538 ep.
1406 4471 1459 4533 1,
1482 4487 1531 4526 c.
1561 4462 1805 4533 25.0611.

220 4552 346 4614 cum
375 4534 502 4614 J_ac.
536 4548 587 4586 c.
620 4548 658 4594 1,
695 4549 746 4587 v.
790 4534 844 4587 8.
883 4533 1195 4614 -Θεὲςχᾲρ,
1222 4533 1408 4614 φησὶν,
1440 4542 1810 4614 ὐμρηφάνοις

218 4605 630 4681 ἁπιίςὰσσεται,
651 4605 934 4681 ’ταπεινοῖς
1044 4604 1433 4681 δί-ᾷιὶρσίχᾶριν.
1457 4604 1617 4666 Βεάδ’
1635 4604 1809 4679 ἐιιίηι,

220 4677 424 4746 inquit,
437 4673 690 4753 superbis
706 4672 926 4753 resistit,
952 4674 1239 4753 humilibus
1257 4672 1543 4753 autemdat
1559 4672 1808 4753 gratiam;

217 4743 397 4820 Clem.
436 4744 609 4820 Epist:
650 4744 712 4807 1,
747 4759 797 4799 c.
825 4743 1087 4820 50_.AColl.
1122 4748 1398 4820 cunilae.
1439 4750 1537 4820 Ep.
1559 4743 1622 4808 'c.
1654 4770 1729 4819 Iv,
1755 4773 1809 4811 ν.

218 4818 273 4879 li,
300 4813 684 4894 iteulntionter.
714 4828 837 4894 gap.
863 4813 968 4894 -50,
1198 4816 1370 4874 Clem.
1423 4813 1546 4875 cum
1604 4813 1727 4894 cap:
1750 4826 1805 4888 2,

218 4905 269 4941 v.
412 4882 880 4965 “Ep.".la_cobi;‘et
907 4898 957 4937 c.
992 4882 1063 4939 49
1097 4884 1270 4943 Clem.
1307 4905 1395 4960 ep.
1447 4906 1571 4946 cum
1596 4882 1716 4965 cap.
1754 4882 1809 4959 5,

215 4973 271 5009 v.
301 4955 375 5008 20
412 4952 513 5023 Ep.
550 4953 607 5007 S.
638 4952 846 5007 Jacobi.

291 5025 410 5094 (Ti)
458 5024 681 5102 'Afcn'urq
719 5023 982 5102 ualuit-ean
1013 5025 1217 5102 πλῆρος
1272 5030 1575 5102 ἁμαρτιῶν.
1631 5036 1805 5091 Clem.

219 5092 319 5166 Ep.
353 5092 397 5154 ι,
436 5093 614 5166 949.
644 5096 783 5166 Coll.
817 5092 978 5150 lPet.
1004 5113 1078 5158 iv,
1113 5092 1167 5152 8.

291 5163 693 5248 (¹ῖ8),1ι]ιξιιιλ(ῑἶ
720 5165 788 5248 58
800 5180 838 5248 3‘
853 5166 1273 5248 'l‘uosqpcésbm
1303 5170 1533 5237 ἕκαστος
1560 5175 1638 5245 τῷ
1672 5175 1810 5248 πλη-

221 5236 336 5287 σίον
368 5234 565 5295 animi.
599 5234 717 5288 Col.
753 5233 770 5286 Ι
799 5233 917 5289 Pet.
953 5254 1005 5297 ν,
1036 5237 1088 5290 5.

292 5306 407 5385 (ἲς-9)
429 5305 602 5385 Idem,
628 5319 680 5358 c.
702 5304 767 5385 2.:
790 5305 1003 5385 Πάντες.
1022 5324 1081 5358 τε
1110 5309 1626 5385 ἐταπεινοφρονεῖτε,
1650 5315 1814 5385 μηδὲν

220 5374 698 5497 uiuiﬁcae}???
732 5376 1161 5498 ὑπὲτασσόμενοι
1195 5374 1393 5450 μᾶλλον
1406 5374 1452 5453 ’ἢ
1476 5374 1811 5439 ὑποτάσσον-

220 5462 333 5498 τες.
400 5457 443 5495 ’0
494 5486 507 5498 .
625 5461 778 5498 e.v.
845 5488 856 5498 .

219 5462 333 5499 τες.
363 5445 507 5498 Coll.
537 5445 558 5496 1
582 5445 696 5498 Pet.
724 5461 778 5499 ν.
804 5445 856 5499 8.

318 5485 333 5496 .
537 5480 558 5496 ι
582 5480 603 5496 ι
625 5480 696 5498 ι..
733 5480 778 5499 ν.
804 5480 856 5499 υ.

285 5480 410 5598 (80)
448 5514 528 5568 Id.
559 5530 613 5598 ρ.
640 5515 707 5598 7n:
743 5515 865 5567 Νῶε
894 5515 1465 5598 ξῖκῇρυξενὶμετάνοιαν
1494 5524 1587 5577 καὶ
1608 5525 1655 5576 οἱ
1676 5526 1814 5578 ὑπα-

225 5583 527 5655 κούσαντες
555 5583 860 5655 ἐσώθησαν.
892 5583 1031 5642 Coll.
1070 5588 1111 5643 ll
1139 5583 1252 5643 Pet.
1285 5607 1346 5649 ιι.
1370 5591 1422 5645 5.

298 5654 411 5722 (81)
446 5652 527 5706 Id.
560 5669 609 5707 c.
638 5652 746 5724 11,
779 5656 877 5707 Διὰ
918 5656 1221 5724 φιλοξενίαν
1254 5664 1345 5714 καὶ
1375 5662 1657 5717 εὐσέϐειαν
1689 5664 1811 5717 Acir:

227 5722 408 5794 ὶσὼθη
450 5726 515 5776 ἐκ
561 5723 825 5796 Σοδόμων,
860 5722 953 5804 τῆς
993 5727 1297 5803 περιχώρου
1330 5733 1506 5807 πάσης
1535 5735 1811 5808 κριθείσης

1916 4480 2171 4553 αἰκισμὺν
2198 4480 2398 4553 τίθησι.
2428 4482 2585 4553 11911ζ
2607 4481 2648 4534 ll
2680 4480 2795 4536 Pet.
2828 4497 2891 4545 ιι,
2921 4480 3040 4553 6,Ῠ9
3071 4491 3125 4537 et
3151 4483 3304 4540 Judae
3328 4486 3378 4542 7.

2413 4551 2517 4608 SS.
2548 4550 2803 4615 Patrum,
2832 4560 2963 4607 tom.
2986 4552 3030 4613 l,
3070 4569 3120 4615 p.
3147 4553 3275 4612 268.

2396 4621 2497 4678 SS.
2528 4620 2706 4686 Patr.,
2746 4632 2877 4675 tom.
2913 4622 2953 4685 Ι,
2985 4622 3039 4675 in
3071 4620 3215 4679 hunc
3241 4626 3445 4683 locum.

1985 4691 2098 4813 (84g
2141 4690 2401 4746 Similiter
2423 4692 2679 4745 Dominus
2712 4691 2848 4744 dixit
2892 4692 3116 4762 ingratis
3151 4695 3205 4748 in
3234 4712 3351 4750 eum
3372 4700 3489 4752 exi-

1985 4762 2069 4813 ’nti
2104 4777 2166 4813 us
2191 4776 2209 4813 :
2233 4762 2292 4813 Si
2320 4764 2376 4813 in
2398 4762 2600 4813 modico
2633 4762 2809 4813 ﬁdeles
2840 4780 2941 4813 non
2972 4762 3170 4813 fuistis-
3202 4768 3339 4813 auod
3370 4787 3486 4813 mn-

1913 4762 2166 4815 stentibus
2191 4776 2209 4814 :
2233 4762 2292 4817 Si
2320 4764 2376 4837 in
2398 4762 2600 4837 modico
2630 4762 2809 4837 ﬁdeles
2840 4762 3170 4837 nonfuistis,
3202 4768 3339 4837 quod
3370 4787 3486 4823 ma-

1912 4841 2200 4954 gnum6‘est
2256 4834 2372 4902 quis
2419 4832 2567 4886 dabit
2606 4832 2797 4888 vobis?
2842 4832 2900 4888 S.
2954 4832 3224 4901 lrenaaus,
3274 4839 3368 4895 lib.
3416 4855 3481 4906 ιι,

1914 4916 2035 4954 can.
2138 4943 2150 4954 .

1914 4916 2150 4970 cap.os.

1954 4969 2098 5057 “(85)
2140 4969 2396 5035 Grabius,
2429 4970 2678 5042 Spicileg.
2712 4970 2813 5027 SS.
2841 4971 3086 5040 Patrum,
3113 4982 3245 5031 tom.
3276 4977 3318 5045 Ι,
3356 4994 3480 5050 pag.

1914 5041 2097 5183 ἰΙίῡξ86)
2139 5111 2212 5183 ΑΙιι
2249 5111 2347 5166 der
2394 5109 2868 5183 Glaubwiirdigkeit
2934 5110 3028 5183 der
3091 5112 3480 5183 evangelise/ten

1913 5180 2233 5251 Geschichte,
2294 5190 2433 5251 part.
2468 5196 2529 5244 ιι,
2559 5188 2692 5236 tom.
2720 5179 2762 5243 l,
2792 5194 2913 5250 pag.
2950 5180 3036 5236 74.

1986 5254 2101 5326 (87)
2139 5250 2307 5326 Ijibro’
2323 5252 2386 5305 de
2404 5264 2622 5326 c_anone,
2670 5259 2831 5326 parte
2864 5264 2925 5326 ιι,
2956 5266 3080 5326 pag.
3117 5253 3214 5308 561
3264 5263 3320 5309 et
3353 5270 3473 5326 seq.

1982 5320 2097 5388 (88')
2132 5322 2383 5391 Clemens
2412 5320 2825 5391 Rom.,epistola
2859 5320 2909 5391 1,
2934 5336 2987 5391 e.
3012 5321 3101 5391 41.

1985 5392 2098 5463 (89)
2129 5390 2287 5447 Jesus
2318 5392 2559 5463 Christus
2607 5390 2709 5445 non
2756 5390 2889 5463 venit
2926 5390 2979 5441 in
3024 5390 3285 5459 jactantia
3327 5410 3481 5447 arro-

1911 5461 2125 5583 qantiaz,
2161 5478 2321 5532 neque
2360 5462 2637 5533 superbire,
2682 5461 2889 5516 etiamsi
2934 5468 3112 5528 potens
3160 5464 3258 5527 sit;
3297 5465 3385 5518 sed
3426 5466 3481 5519 in

1950 5533 2229 5587 umilitate.
2255 5534 2427 5587 Clem.
2465 5550 2551 5587 eo.
2586 5534 2624 5587 Ι.
2656 5547 2706 5586 c.
2735 5532 2822 5585 16.

1950 5549 2427 5603 unumate.uem.
2465 5550 2551 5603 ep.
2586 5549 2624 5598 I,
2656 5549 2706 5586 c.
2735 5549 2822 5585 ιι).

1983 5603 2095 5673 (90)
2126 5602 2191 5656 1η
2210 5602 2400 5675 divina:
2423 5598 2728 5675 cognitionis
2750 5598 3011 5675 profunda
3042 5605 3475 5674 introspicientes.

1912 5669 2085 5740 Idem,
2104 5690 2187 5745 cp.
2219 5674 2266 5741 1,
2298 5689 2416 5750 cap.
2443 5669 2535 5734 40.

1989 4550 2101 4673 (82)
2132 4550 2381 4673 Spicileq.

1989 4622 2003 4673 ί
2010 4621 2078 4673 85
2130 4621 2325 4673 Btbltot
2344 4639 2379 4673 ι-

1986 4621 2100 4688 (85)
2130 4621 2379 4679 Biblioth.
