3936 6172
439 282 540 338 159

1569 285 1664 342 AD
1704 285 1761 344 S.
1803 284 2227 343 CLEMENTEM
2267 290 2287 344 Ι
2322 288 2553 349 PAPAII

3580 293 3684 349 ICO

436 398 574 469 βάθη
606 397 704 469 τῆς
734 396 884 461 θείας
921 405 1147 469 accepta
1190 414 1316 458 esse
1355 397 1423 455 de
1449 398 1765 472 Evangelio,
1814 402 1870 458 ln
1901 419 2010 474 quo
2041 410 2085 466 Α
2114 403 2395 461 derationa
2434 405 2612 477 digna:
2650 412 2779 460 sunt
2816 406 3105 463 sententia:
3139 422 3277 477 quas
3306 407 3453 462 circa
3481 408 3683 465 divini-

430 499 516 546 est
551 491 847 562 μυστήριον
877 488 1033 554 Θεοῦ,
1084 505 1285 545 arcana
1328 491 1458 546 olim
1508 492 1760 549 voluntas
1794 492 1891 549 Dei
1942 494 2011 550 de

432 581 611 636 salute
641 580 958 645 hominum;
991 580 1130 635 bene
1164 580 1304 636 idem
1335 590 1559 639 sanctus
1587 583 1823 653 Cyrillus
1850 585 2010 641 Cate—

431 672 584 726 chesi
618 687 730 733 xvn,
772 688 894 743 pag.
924 671 1050 735 429,
1082 674 1393 743 συγκρίνειν
1431 690 1531 744 pro
1570 676 1909 746 interpretari
1941 692 2010 732 ex

432 761 725 819 lCorinth.
761 779 884 833 cap.
912 779 973 827 ιι,
1004 780 1057 818 v.
1088 764 1175 818 15.
1213 765 1481 821 Curiosus
1520 774 1683 836 atque
1726 768 2009 825 studiosus

433 855 628 919 lector,
668 855 763 918 qui
811 856 965 924 plura
1010 855 1113 909 hac
1156 856 1224 911 de
1264 857 1491 911 materia
1540 857 1840 922 desiderat,
1875 875 2009 915 con-

432 947 577 1001 sulat
602 962 650 1001 ν.
676 946 748 1001 cl.
781 946 1075 1000 Fromanni
1100 947 1518 1005 observationes
1561 949 1629 1004 ad
1661 948 1871 1005 Novum
1903 950 2008 1007 Te-

432 1046 764 1092 stamentum
808 1052 837 1091 e
862 1036 1139 1091 Clemente
1162 1034 1429 1092 Romano.

503 1129 579 1184 De
627 1128 930 1183 traditione.
963 1126 1344 1182 Controversice
1398 1145 1501 1183 non
1561 1129 1677 1183 sola
1726 1128 2007 1200 Scriptura

428 1220 581 1285 duce,
622 1220 713 1275 sed
746 1228 797 1274 et
837 1237 927 1288 per
959 1219 1295 1274 traditionem
1332 1220 1652 1280 decidendw.
1675 1253 1746 1262 —
1769 1220 2005 1280 Sanctus

430 1315 682 1371 Clemens
732 1311 1014 1367 Romanus
1067 1314 1121 1367 in
1193 1314 1371 1384 prima
1427 1330 1527 1369 sua
1579 1315 1647 1370 ad
1690 1315 2005 1373 Corinthios

426 1406 655 1473 epistola
699 1405 766 1459 ad
796 1403 1202 1459 controversias
1252 1404 1308 1459 in
1330 1404 1737 1459 Corinthiorum
1764 1406 2005 1463 Ecclesia

426 1498 694 1552 excitatas
726 1495 1125 1565 dijudicandas,
1158 1495 1534 1565 iluiendasque
1562 1513 1670 1551 non
1698 1498 2003 1555 divinarum

428 1588 603 1644 solum
625 1588 1053 1659 Scripturarum,
1074 1602 1262 1642 verum
1293 1587 1607 1644 traditionis
1636 1590 1799 1644 etiam
1835 1590 2005 1645 utitur

429 1681 778 1737 auctoritate.
846 1678 975 1733 Vult
1019 1679 1165 1735 enim
1207 1677 1509 1735 Corinthiis
1558 1679 1625 1733 ad
1668 1696 1731 1735 ea
1780 1682 1894 1736 suis
1946 1682 2002 1736 in

2108 502 2273 551 tatem
2324 496 2453 553 Jesu
2505 497 2711 552 Christi
2769 498 2825 552 in
2858 505 3093 568 utraque
3142 500 3375 569 epistola
3406 501 3516 555 divi
3554 501 3683 558 Cie.

2108 587 2307 642 mentis
2340 587 2628 644 habemus.
2679 587 2871 645 Omnes
2914 599 3111 654 autem,
3161 591 3240 643 ait
3283 599 3510 647 sanctus
3554 594 3684 648 Cle-

2108 693 2263 733 mens
2292 678 2426 748 (95),
2450 678 2638 739 humili
2675 680 2853 733 animo
2890 683 3147 737 eratis....
3186 681 3281 736 Dei
3321 683 3511 738 viatico
3552 701 3684 738 con-

2109 771 2327 826 tenti....
2357 780 2406 824 et
2446 783 2690 847 accurate
2721 772 3044 827 attendentes
3082 774 3408 830 sermonibus
3444 777 3679 845 ejus.....

2109 858 2391 914 Passiones
2435 861 2583 915 illius
2629 861 2768 932 (Dei)
2812 878 2939 930 prce-
2969 863 3137 916 oculis
3168 865 3352 918 vestris
3380 875 3564 919 erant:
3598 867 3683 919 Τὰ

2104 950 2406 1022 παθήματα.
2423 952 2585 1005 αὑτοῦ
2610 952 2785 1023 (Θεοῦ)
2808 948 2876 1025 ἦν
2906 954 3013 1025 πρὸ
3040 954 3333 1025 ὀφθαλμῶν
3361 956 3513 1026 ὑμῶν
3541 957 3680 1028 (96).

2106 1039 2223 1097 Hoc
2261 1044 2317 1096 in
2354 1044 2474 1098 loco
2514 1043 2671 1099 divus
2698 1043 2953 1101 Clemens
2990 1046 3275 1114 passiones
3303 1047 3508 1101 Christi
3555 1064 3685 1117 pas-

2106 1134 2291 1189 siones
2319 1133 2416 1189 Dei
2460 1136 2731 1204 appellat,
2761 1135 2842 1190 sic
2881 1152 3074 1205 nempe
3120 1136 3189 1189 ab
3235 1138 3481 1206 apostolo
3510 1136 3686 1192 Paulo

2105 1225 2583 1297 iustitutus,cujus
2613 1234 2731 1283 erat
2763 1227 3017 1298 συνεργός
3053 1226 3429 1298 (cooperator),
3462 1230 3556 1298 qui
3584 1246 3677 1284 eo-

2105 1314 2228 1372 dem
2272 1319 2431 1388 plane
2480 1333 2645 1373 sensu
2687 1318 2892 1372 Christi
2937 1316 3235 1372 Ecclesiam
3273 1318 3564 1387 appellavit
3597 1320 3682 1372 "2

2118 1410 2439 1481 Ἐκκλησίαν
2468 1408 2562 1463 τοῦ
2591 1410 2727 1463 Θεοῦ
2762 1411 2828 1480 ὴν
2857 1410 3278 1480 περιεποιήσατο
3307 1409 3395 1462 διὰ
3421 1409 3516 1462 τοῦ
3550 1410 3685 1463 ἰδίου

2103 1502 2440 1572 αῐματος.-
2469 1500 2756 1555 Ecclesiam
2788 1499 2906 1565 Dei,
2936 1517 3094 1571 quam
3125 1502 3400 1570 acquisivit
3427 1504 3685 1571 sanguine

2103 1609 2219 1647 suo.
2269 1591 2379 1647 Nec
2407 1591 2621 1658 dubito,
2652 1591 2785 1661 quin
2818 1591 2973 1646 hisce
3002 1591 3182 1647 verbis
3220 1611 3233 1646 :
3266 1593 3377 1645 Καὶ
3404 1593 3472 1645 τὰ
3502 1593 3685 1662 παθή-

2108 1700 2252 1754 ματα
2291 1684 2457 1738 αὐτοῦ
2500 1680 2567 1756 ἣν
2600 1684 2705 1755 πρὸ
2732 1683 3022 1754 ὀφθαλμῶν
3054 1682 3229 1753 ὑμῶν,
3260 1683 3529 1751 repexerit
3552 1699 3687 1737 san-

425 1770 918 1841 disceptationibus
949 1785 1073 1825 esse
1095 1769 1520 1840 respiciendum,
1538 1786 1658 1841 qua:
1680 1771 2002 1841 postJesum
2035 1745 2080 1806 Β
2104 1745 2226 1831 ctus
2255 1774 2419 1829 Pater
2447 1745 2540 1831 ad'
2563 1745 2698 1830 illud
2745 1745 2993 1844 eiusdem
3021 1745 3291 1843 Apostoli,
3323 1745 3559 1829 Calatas
3605 1775 3684 1828 ita

424 1863 708 1919 Christum
756 1876 933 1933 usque
972 1860 1041 1915 ad
1084 1876 1203 1916 eam
1235 1860 1380 1915 diem
1424 1861 1481 1916 in
1516 1861 1761 1918 Ecclesia
1807 1864 2006 1919 tradita

424 1962 479 2010 et
524 1962 739 2011 servata
803 1953 1041 2009 fuerant.
1107 1952 1346 2022 Apostoli
1406 1953 1591 2025 nobis,
1644 1954 1822 2024 inquit
1864 1954 2003 2025 (9i),

424 2047 854 2117 euangelizarunt
902 2063 934 2100 a
962 2044 1188 2099 Domino
1216 2042 1345 2100 Iesu
1369 2043 1581 2101 Christo
1626 2046 1811 2111 missi,
1844 2044 2002 2101 Jcsus

426 2134 668 2192 Christus
721 2153 755 2188 a
786 2134 1036 2191 Deo......
1062 2131 1131 2186 Et
1159 2134 1386 2202 apostoli
1442 2135 1612 2187 nostri
1656 2141 2003 2205 cognoverunt

424 2243 515 2297 per
544 2226 611 2283 D.
636 2226 689 2279 Ν
697 2270 709 2282 .
736 2224 795 2283 Ι.
822 2224 1116 2290 Christum,
1157 2224 1296 2297 quod
1318 2225 1504 2294 futura
1550 2234 1684 2279 esset
1740 2226 2002 2280 contentio

424 2318 490 2373 de
526 2320 733 2372 nomine
771 2318 1141 2387 episcopatus;
1191 2314 1254 2370 ob
1293 2332 1409 2369 eam
1444 2332 1568 2385 ergo
1614 2332 1832 2369 causam
1877 2332 2001 2369 con-

425 2410 707 2463 stituerunt
750 2405 1110 2476 supradictas
1170 2403 1407 2476 (scilicet
1442 2406 1729 2475 episcopos
1779 2413 1833 2458 et
1884 2403 2001 2458 dia-

424 2500 616 2570 conos)
646 2510 694 2554 et
718 2500 955 2567 deinceps
988 2498 1183 2563 futurae
1221 2497 1568 2551 successionis
1614 2497 1850 2568 regulam
1888 2505 2003 2551 tra-

426 2591 694 2647 diderunt.

497 2707 525 2780 §
556 2705 618 2762 ll.
653 2706 728 2761 De
748 2702 1461 2780 SS._’I_‘rinitatis_mysterio,
1494 2698 1635 2780 If‘ilio
1669 2700 1764 2755 Dei
1800 2698 1929 2757 Iesu

848 2774 1089 2840 Christo,
1130 2774 1341 2843 ejusque
1378 2773 1573 2843 gratia.

496 2868 575 2923 De
606 2866 889 2925 Trinitate.
924 2898 992 2909 —
1022 2865 1080 2922 In
1119 2866 1424 2936 fragmento
1456 2880 1532 2920 vn
1563 2864 1674 2919 divi
1702 2861 2000 2920 Clementis

423 2976 491 3015 ex
520 2960 721 3014 Basilio
752 2958 866 3013 Lib.
897 2962 961 3012 de
985 2958 1191 3028 Spiritu
1220 2965 1401 3011 sancto
1448 2971 1499 3011 c.
1528 2955 1620 3017 29,
1666 2954 1812 3025 quod
1853 2954 1998 3010 Cou-

426 3052 652 3114 tantius,
685 3050 1003 3105 Gallandius
1036 3065 1100 3105 ac
1126 3049 1361 3104 Crabius
1394 3047 1643 3119 epistolis
1675 3047 1853 3102 sancti
1895 3048 1996 3101 hu-

420 3143 513 3213 jus
568 3142 837 3213 pontificis
883 3142 1221 3213 adiungunt,
1253 3155 1517 3210 expressa
1554 3139 1785 3194 habetur
1830 3138 1997 3194 trium

424 3236 733 3289 divinarum
760 3234 1132 3291 Personarum
1184 3250 1215 3287 a
1244 3244 1435 3289 sancto
1460 3232 1739 3287 Clemente
1790 3230 2001 3302 profesu-

424 3327 509 3381 sio
538 3326 671 3399 (92).
730 3325 987 3381 Nonnulli
1039 3326 1144 3380 viri
1174 3326 1375 3381 eruditi
1418 3324 1641 3393 insuper
1670 3323 2005 3377 arbitrantur

426 3417 693 3473 referente
718 3418 1010 3473 Coutantio
1033 3418 1148 3491 (93)
1196 3432 1225 3471 a
1254 3425 1446 3471 sancto
1475 3414 1757 3469 Clemente
1789 3415 2002 3485 speCia-

425 3510 529 3564 lem
572 3510 639 3565 de
663 3509 867 3581 Spiritu
909 3520 1102 3565 sancto
1138 3510 1384 3563 habitum
1443 3507 1615 3561 fuisse
1671 3520 2002 3571 sermonem,

425 3602 587 3670 idque
644 3600 947 3673 fragmento
998 3616 1131 3665 vui,
1182 3601 1236 3654 in
1262 3614 1371 3669 quo
1418 3598 1486 3653 de
1540 3596 1749 3667 Spiritu
1804 3604 1997 3653 sancto

423 3693 746 3758 disseritur,
808 3693 1167 3760 conﬁrmant;
1220 3691 1317 3747 sed
1368 3706 1482 3745 rem
1535 3706 1646 3744 non
1702 3691 1992 3757 evincunt;

424 3801 551 3839 cum
610 3786 771 3840 etiam
838 3785 893 3838 in
952 3783 1201 3854 epistolis
1259 3782 1327 3837 de
1374 3780 1582 3851 Spiritu
1634 3788 1827 3836 sancto
1879 3781 1996 3836 haec

424 3876 699 3931 disserere
721 3874 960 3939 licuerit,
1009 3890 1073 3929 ac
1116 3880 1326 3930 certum
1355 3875 1427 3927 sit
1457 3873 1679 3927 mutilas
1716 3887 1839 3935 esse
1880 3874 1997 3942 epi-

426 3968 593 4022 stolas
644 3967 713 4020 ad
758 3964 1092 4029 Corinthios.
1154 3962 1211 4017 ιη
1264 3964 1483 4017 laudato
1540 3962 1645 4016 hoc
1696 3961 1997 4032 fragmento

423 4075 546 4123 vnn,
588 4059 873 4130 perspicue
921 4064 1144 4112 sanctus
1186 4054 1276 4110 hic
1321 4069 1457 4130 papa
1486 4053 1651 4108 tradit
1689 4052 1995 4109 doctrinam

425 4151 492 4207 de
523 4150 728 4220 Spiritu
761 4155 951 4203 sancto
984 4146 1120 4219 (94).

495 4244 754 4299 Divinitas
784 4241 881 4295 Dei
904 4240 1035 4295 Filii
1049 4239 1179 4294 Jesu
1207 4237 1426 4294 Christi.
1454 4268 1526 4281 -—
1554 4238 1775 4293 Attenta
1806 4236 1992 4293 consi-

496 4381 541 4412 '°
573 4378 690 4434 Act.
734 4394 805 4433 xx
832 4418 871 4445 ,ν
898 4377 988 4433 28.
1068 4376 1113 4407 ¹¹
1146 4374 1267 4430 Gal.
1300 4390 1386 4444 tu,
1422 4375 1476 4433 i.

492 4512 605 4579 (9|)
644 4510 815 4565 Clem.
840 4507 1023 4571 Rom.,
1056 4508 1109 4571 1.
1140 4524 1260 4578 cap.
1290 4508 1379 4563 t4.

494 4574 607 4653 (92)
637 4600 663 4653 Δι
686 4580 791 4634 Sed
815 4588 876 4653 et
906 4574 1492 4653 antiquiorﬁ'Clemens:
1518 4576 1675 4641 Vivit,
1694 4574 1861 4653 Deus,
1890 4575 1999 4629 Do-

423 4646 597 4707 minus
622 4650 778 4703 Iesus
802 4646 1064 4713 Christus,
1096 4659 1144 4703 et
1177 4648 1405 4717 Spiritus
1430 4657 1665 4702 sanctus.
1694 4646 1862 4717 Nemo
1886 4662 1996 4701 non

422 4722 570 4777 videt
594 4721 688 4772 Dei
717 4721 934 4774 nomine
956 4715 1248 4774 Personam
1281 4718 1459 4771 Patris
1493 4717 1738 4786 intelligi.
1764 4715 1818 4770 Id
1850 4718 1995 4770 enim

423 4791 666 4860 antiquis
727 4790 896 4860 moris
945 4806 1067 4845 esse
1110 4790 1293 4842 nullus
1346 4788 1576 4857 ignorat,
1636 4788 1744 4860 nisi
1794 4787 1995 4860 quiin

424 4855 666 4930 ipsorum
699 4859 920 4930 scriptis
951 4861 1274 4930 peregrinus
1304 4855 1410 4930 est,
1441 4865 1501 4930 ut
1532 4872 1655 4930 cum
1680 4855 1851 4930 Deum
1870 4857 1997 4930 sim-

423 4925 639 5002 pliciter
672 4925 1165 5002 sinc_adjuiict_o'in
1198 4928 1495 5002 Scripturis
1538 4926 1745 4995 legunt,
1773 4927 1855 5002 vel
1888 4925 1990 4995 ipsi

422 4996 730 5060 enuntiarit,
786 4996 1001 5051 Patrem
1045 5000 1148 5052 hoc
1192 4999 1412 5051 nomine
1455 5011 1777 5065 expressum
1824 4996 1996 5050 inter-

422 5076 726 5141 pretentur,
754 5068 1051 5141 atqueipsi
1077 5068 1403 5141 exprimant.

497 5141 615 5262 (95%
666 5134 841 5206 Apud,
883 5134 1076 5203 Mansi,
1141 5134 1182 5191 ί.
1232 5134 1253 5189 Ι
1302 5134 1531 5197 Concil.,
1582 5134 1687 5192 col.
1760 5134 1889 5199 254,
1937 5134 1994 5189 in

524 5228 551 5262 ἶὶ
622 5251 634 5262 ι

422 5219 551 5266 nota
580 5219 634 5263 2.

497 5281 609 5351 (94)
641 5279 837 5351 Beatus
860 5279 942 5351 _vir
986 5275 1188 5348 (inquit
1217 5287 1438 5351 sanctus
1462 5274 1738 5351 Clemens)
1781 5274 1871 5351 qui
1892 5289 1992 5351 nco-

422 5342 621 5421 gnoscit
638 5349 817 5421 Patris
835 5342 1029 5421 donum
1044 5342 1135 5421 per
1154 5349 1529 5421 processionem
1549 5342 1998 5421 sanctissimi—Spi-

322 5460 325 5461 ν
422 5412 579 5475 ἲίιιιε.
627 5419 822 5474 Beatus
856 5420 956 5481 vir,
980 5412 1069 5487 qui
1092 5412 1323 5487 agnoscit
1351 5428 1399 5471 et
1425 5415 1808 5486 comprehendit
1822 5412 1997 5481 Spiri-

426 5500 537 5543 tum
575 5500 815 5545 sanctum
850 5506 961 5543 esse
993 5486 1189 5542 donum
1230 5486 1396 5553 illius,
1437 5488 1501 5541 ab
1537 5505 1596 5541 eo
1626 5488 1682 5541 in
1704 5487 1877 5556 ﬁgura
1907 5499 1997 5536 co-

426 5560 617 5614 lumba:
646 5560 924 5621 traditum,
959 5567 1090 5617 etc...
1111 5565 1217 5611 etc.

499 5631 612 5699 (95)
646 5628 883 5699 Epistola
909 5629 961 5689 1,
981 5644 1099 5697 cap.
1130 5628 1184 5681 2.

499 5690 611 5771 (96)
637 5690 791 5755 llaud
818 5716 903 5755 me
932 5690 1066 5755 latri
1086 5702 1143 5754 in
1172 5698 1589 5757 eoClementino
1618 5698 1737 5753 loco
1770 5694 1993 5750 Iunium

2103 1868 2446 1938 objurgantis
2472 1869 2512 1899 "
2539 1887 2552 1922 :
2587 1865 2632 1922 0
2660 1867 2914 1920 insensati
2939 1864 3266 1920 Galatae"...
3300 1875 3422 1919 ante
3455 1882 3686 1935 quorum

2102 1957 2280 2011 oculos
2312 1952 2553 2012 Christus
2580 1955 2918 2024 praescriptus
2948 1965 3047 2016 est,
3091 1955 3145 2007 in
3184 1952 3328 2008 vobis
3360 1956 3679 2024 cruciﬁxus.

2100 2048 2368 2104 Nimirum
2400 2048 2672 2111 Clemens,
2705 2054 2765 2101 ut
2794 2047 3016 2109 assolet,
3054 2044 3280 2100 Paulum
3319 2045 3585 2110 imitatus,
3626 2047 3684 2100 in

2100 2139 2422 2194 memoriam
2465 2137 2673 2208 redegit
2703 2137 3026 2201 Corinthiis,
3070 2136 3345 2207 quomodo
3380 2144 3520 2203 ante
3558 2152 3685 2190 mo-

2099 2241 2189 2287 tus
2229 2230 2289 2287 in
2320 2245 2512 2285 eorum
2543 2228 2791 2285 Ecclesia
2831 2243 3006 2298 nuper
3039 2235 3285 2291 exertos,
3318 2227 3468 2281 omni
3502 2230 3683 2282 virtu-

2098 2329 2216 2376 tum
2266 2335 2465 2391 genere
2505 2317 2779 2382 florerent,
2817 2327 2982 2389 atque
3027 2316 3121 2372 Dei
3150 2317 3438 2388 passiones
3464 2332 3685 2387 semper

2100 2420 2227 2467 ante
2251 2413 2439 2467 oculos
2470 2410 2603 2479 ipsis
2631 2409 3081 2464 obversarentur.

2169 2503 2303 2559 Duas
2342 2504 2398 2557 in
2434 2499 2646 2558 Christo
2687 2511 2924 2565 natura;
2970 2517 3079 2555 una
3119 2499 3324 2564 divina,
3366 2499 3539 2553 altera
3578 2497 3684 2549 hu-

2099 2609 2294 2658 mana;
2329 2603 2377 2649 et
2402 2610 2511 2647 una
2539 2591 2797 2646 Persona.
2817 2590 3093 2644 -—Divinae
3119 2590 3283 2660 igitur
3315 2597 3523 2643 naturae
3556 2603 3680 2641 ma-

2094 2685 2348 2756 iestatem
2375 2700 2502 2739 cum
2529 2684 2711 2739 earinis
2742 2683 3073 2745 humilitate,
3104 2682 3399 2751 crucisque
3436 2679 3681 2749 ignomi-

2098 2778 2189 2834 nia
2228 2778 2333 2832 hoc
2376 2777 2497 2831 loco
2543 2774 2829 2845 coniungit
2881 2782 3109 2829 sanctus
3134 2771 3329 2837 Pater;
3362 2772 3501 2826 duas
3547 2771 3682 2825 item

2098 2877 2324 2926 naturas
2350 2867 2595 2940 agnoscit
2621 2867 2678 2921 in
2697 2866 2918 2922 Christo
2942 2881 2956 2915 :
2980 2880 3143 2920 unam
3165 2862 3326 2918 Verbi
3350 2862 3680 2923 Personam,

2096 2974 2221 3030 qua:
2263 2973 2431 3014 carne
2474 2970 2637 3029 passa
2682 2964 2801 3021 est,
2851 2970 2915 3010 ac
2957 2955 3053 3010 Dei
3101 2956 3373 3025 passiones
3419 2953 3684 3009 Ecclesiae

2098 3051 2464 3108 Corinthiacae
2491 3049 2746 3120 proponit
2768 3049 2917 3103 velut
2947 3048 3106 3118 longe
3137 3048 3437 3101 maximum
3472 3053 3683 3117 myste-

2100 3145 2265 3208 rium,
2307 3142 2453 3197 unde
2493 3141 2617 3195 vitat
2665 3138 2961 3194 sanctioris
3000 3148 3269 3208 praecepta
3319 3138 3686 3207 institutaque

2100 3237 2287 3293 omnia
2324 3233 2687 3289 deducantur.
2742 3230 2820 3285 Ex
2862 3230 3061 3300 quibus
3110 3246 3239 3301 ergo
3269 3230 3477 3299 liquido
3506 3239 3680 3299 patet,

2103 3342 2213 3382 non
2246 3326 2424 3397 solum
2460 3324 2592 3396 quid
2623 3332 2849 3380 sanctus
2878 3324 3134 3378 Clemens
3155 3362 3169 3387 ,
3216 3321 3312 3377 sed
3349 3323 3513 3375 etiam
3545 3322 3682 3391 quid

2104 3416 2358 3482 Romani,
2386 3418 2516 3487 quid
2545 3415 2840 3479 Corinthii,
2872 3414 3007 3485 quid
3036 3414 3257 3468 demum
3304 3413 3485 3467 caueri
3516 3412 3684 3467 Chri-

2104 3510 2273 3565 stiani
2316 3509 2517 3565 saculo
2549 3525 2567 3563 ι
2606 3507 2909 3579 apostolico
2948 3506 3018 3560 de
3063 3503 3175 3559 Deo
3211 3504 3268 3558 in
3306 3520 3473 3558 carne
3514 3520 3684 3574 passo

2099 3602 2413 3666 senserint,
2464 3607 2627 3669 atque
2683 3596 3043 3654 crediderint.
3123 3596 3255 3662 Qua:
3296 3596 3517 3666 quidem
3568 3612 3684 3653 non

2098 3695 2277 3750 solum
2308 3701 2501 3747 contra
2527 3689 2899 3745 Arianismum
2937 3703 3003 3743 ac
3031 3688 3267 3742 haeresin
3295 3686 3683 3742 Nestorianam

2098 3787 2327 3841 multum
2358 3785 2562 3847 valent,
2597 3782 2693 3838 sed
2721 3783 2888 3836 etiam
2929 3780 3093 3835 valde
3118 3787 3311 3832 contra
3353 3778 3684 3832 Socinianos

2100 3878 2260 3941 urget
2306 3870 2392 3923 vir
2439 3870 2634 3925 doctus
2683 3874 2874 3923 noster
2926 3866 3185 3921 Maranus
3229 3865 3389 3937 (97):
3426 3866 3683 3935 idemque

2100 3968 2479 4033 argumentum
2499 3962 2612 4031 jam
2641 3959 2852 4030 pridem
2882 3959 3131 4029 pluribus
3152 3958 3330 4012 fuerat
3355 3968 3681 4027 persecutus

2098 4054 2332 4110 Grahius
2358 4052 2470 4123 (98)
2500 4052 2594 4122 qui
2636 4052 2867 4104 aliorum
2899 4051 3076 4104 sancti
3106 4047 3288 4103 Patris
3325 4048 3498 4102 nostri
3530 4048 3683 4101 loco-

2096 4157 2218 4196 rum
2265 4142 2631 4212 parallclismo
2684 4140 2958 4203 instituto,
3013 4138 3161 4192 ιιιωο
3213 4138 3414 4206 ipsum,
3452 4136 3522 4191 de
3568 4152 3682 4205 quo

2095 4236 2327 4307 agimus,
2385 4241 2610 4289 strenue
2652 4231 2975 4297 vindicavit,
3016 4238 3181 4300 atque
3208 4228 3415 4285 Christi
3448 4226 3684 4283 Deitatis

2030 4510 2070 4564 D
2096 4503 2439 4574 conjectasse
2470 4514 2571 4574 pro
2608 4498 2910 4574 παθήματᾳ
2952 4496 3242 4574 legendum
3279 4493 3677 4574 (ρης-,μαθή-

2105 4563 2269 4646 pata.
2303 4573 2416 4646 Sed
2434 4563 2590 4646 plane
2622 4563 2988 4646 respuendum
3012 4563 3140 4619 cum
3166 4564 3388 4627 Grabio,
3415 4563 3681 4646 thtono

2102 4636 2336 4715 aliisque
2371 4636 2731 4715 viris-doctis
2757 4640 2917 4715 inane
2953 4646 3346 4697 commentum,
3379 4636 3525 4715 quod
3557 4642 3681 4689 tex-

2101 4722 2216 4768 tum
2248 4706 2403 4767 'citra
2454 4712 2617 4765 ullam
2660 4711 3042 4763 necessitatem
3072 4746 3087 4769 ,
3136 4720 3313 4773 neque
3364 4706 3531 4757 ullius
3568 4722 3677 4758 ms.

2101 4785 2311 4839 codicis
2349 4782 2673 4836 auctoritate
2716 4779 3014 4832 sollicitare
3058 4777 3394 4844 compcritur
3450 4774 3680 4841 Etjure

2100 4854 2319 4924 quidem
2338 4853 2564 4924 :etenim
2594 4866 2772 4924 nonne
2784 4850 3151 4924 demumapte
3169 4846 3443 4899 coluerent
3462 4845 3672 4924 omnia,

2099 4916 2146 4981 si
2177 4924 2330 4979 verba
2363 4922 2456 4974 Dei
2494 4921 2693 4974 mentis
2747 4919 3043 4979 attentioni,
3104 4917 3335 4984 ejusque
3397 4916 3679 4981 passiones

2096 4994 2280 5050 cordis
2309 4992 2474 5046 oculis
2512 4989 2929 5059 preponantug?
2962 4987 3107 5057 quod
3141 4986 3232 5059 ubi
3266 4985 3556 5059 diligenter
3599 4995 3683 5059 at-

2096 5064 2284 5123 tendo,
2326 5054 2528 5115 mirari
2549 5054 2714 5123 subit,
2764 5060 2835 5113 cl.
2864 5054 3143 5110 Fletirium
3184 5056 3241 5107 in
3289 5070 3385 5108 sua
3430 5054 3681 5107 Historia

2096 5134 2477 5193 ecclesiastica,
2520 5140 2650 5184 tom.
2674 5130 2713 5192 l,
2738 5145 2860 5198 pag.
2886 5128 3013 5188 277,
3041 5124 3306 5198 edit.Lat.
3340 5125 3485 5177 iii-8°
3516 5125 3681 5198 vitio-

2098 5221 2213 5260 sam
2244 5203 2391 5257 Junii
2420 5194 2790 5268 conjccturain
2812 5194 3015 5268 'sequi_
3035 5197 3315 5268 maluisse,
3351 5210 3519 5268 quam
3556 5194 3675 5246 sin-

2098 5290 2277 5330 ceram
2316 5280 2498 5327 textus
2528 5266 2837 5333 lectionem,
2866 5268 2961 5338 qui
2982 5266 3190 5321 Gallice
3234 5282 3342 5319 non
3375 5266 3675 5333 passiones,

2098 5344 2194 5400 sed
2224 5344 2520 5397 doctrinam
2548 5339 2861 5395 reddiderit.

2171 5414 2283 5484 (97)
2315 5413 2576 5484 Diviuitas
2619 5410 2682 5465 D.
2718 5408 2793 5464 N.
2818 5407 2875 5463 Ι.
2906 5404 3109 5461 Christi
3148 5405 3439 5471 manifest,
3465 5404 3562 5459 lib.
3596 5420 3675 5468 Iv,

2098 5500 2219 5555 cap.
2247 5486 2300 5547 3,
2326 5502 2378 5555 p.
2404 5483 2527 5555 377.

2097 5502 2300 5680 ἓῗέδῗ
2326 5502 2674 5610 litotidnomt.
2710 5549 2775 5606 ad
2806 5548 2946 5604 Bulli
2991 5545 3203 5604 defens.
3233 5546 3323 5603 (id.
3360 5542 3510 5608 Nic.,
3546 5560 3673 5615 pag.
