3936 6172
275 314 373 367 Ml

1510 312 1849 374 PROIEMIA
1890 311 2276 371 VARIORUM.

3420 314 3520 368 (62

271 428 532 485 hostibus
593 427 826 484 fidenter
882 428 1085 499 objecit
1124 427 1261 499 (99).
1327 426 1385 483 In
1440 430 1683 484 secunda
1737 428 1852 499 epi-
1881 434 1919 487 Α
1950 428 2142 481 sentire
2155 426 2219 480 de
2246 435 2430 479 nostra
2449 424 2641 487 saluts,
2660 421 2800 478 etde
2825 424 2940 487 illo,
2963 423 3054 494 qui
3067 422 3225 493 hujus
3239 425 3430 479 salutis
3446 437 3523 481 est

270 515 592 585 stola(100)
620 524 812 571 auctor
848 517 954 573 iste
984 532 1084 570 nos
1121 516 1305 580 docet,
1347 525 1407 570 ut
1448 520 1754 572 sentiamus
1782 517 1850 572 de

268 606 405 662 Jesu
431 606 659 663 Christo
688 615 946 677 tanquam
978 607 1044 662 de
1065 606 1195 670 Deo,
1221 615 1274 662 et
1299 615 1555 677 tanquam
1582 608 1649 662 de
1665 608 1851 677 judice

268 702 524 751 vivorum
574 708 629 752 et
676 706 1015 751 mortuorum
1067 717 1081 752 :
1119 696 1389 761 Fratres,
1420 698 1495 751 ait
1544 697 1658 764 ipse
1694 698 1850 752 initio

270 791 424 843 illius
444 788 713 857 epistolae,
742 788 823 841 ita
852 790 1044 843 sentire
1065 805 1158 842 nos
1188 798 1387 855 oportet
1414 788 1476 841 de
1490 787 1619 842 Jesu
1640 787 1849 843 Christo

271 892 530 951 tauquam
560 880 625 935 de
663 881 773 935 Deo
801 882 896 952 (ὡς
922 882 1049 952 περὶ
1082 880 1263 950 Θεοῦ),
1308 891 1560 950 tanquam
1591 880 1656 933 de
1673 882 1850 950 judice

268 974 507 1026 vivorum
534 980 585 1025 et
612 981 937 1025 mortuorum
956 979 1121 1034 ,'—-et
1148 986 1375 1025 numero
1404 970 1493 1033 '56,
1518 986 1606 1039 ep.
1624 970 1648 1023 l
1668 980 1850 1038 aperte

268 1064 409 1117 dicit
436 1063 624 1118 Jesum
654 1062 936 1116 Christum
967 1076 996 1114 a
1025 1060 1138 1116 Deo
1161 1076 1284 1117 esse
1302 1060 1585 1115 secundum
1615 1076 1847 1115 carnem:

283 1153 379 1217 Ἐξ
403 1152 570 1207 αὑτοῦ
600 1154 628 1205 ὁ
653 1151 857 1223 Κύριος
897 1149 1100 1221 Ἰησοῦς
1126 1149 1187 1203 τὸ
1213 1151 1353 1205 κατὰ
1391 1150 1587 1221 σάρκα.

343 1243 545 1299 Nescio
579 1258 649 1296 an
685 1243 890 1297 clarius
933 1242 1105 1311 possit
1132 1241 1257 1310 quis
1296 1240 1364 1295 de
1405 1241 1688 1295 divinitate
1719 1238 1848 1296 Jesu

267 1334 480 1389 Christi
534 1333 909 1389 testimonium
962 1332 1230 1404 proferre.
1280 1330 1553 1401 Expresse
1582 1332 1710 1387 alibi
1754 1334 1851 1388 de—

266 1426 469 1485 claret,
496 1422 681 1479 Jesum
711 1423 994 1478 Christum
1036 1422 1283 1490 spiritum
1310 1421 1501 1486 fuisse,
1529 1423 1847 1493 priusquam

266 1532 403 1573 caro
451 1517 609 1571 fieret
647 1535 661 1572 :
701 1514 859 1570 Jesus
916 1512 1159 1570 Christus
1205 1512 1282 1584 (l)
1319 1513 1681 1570 ﬂaminum...
1730 1529 1849 1569 cum

266 1610 503 1677 primum
553 1617 689 1660 esset
745 1605 964 1673 spiritus
1019 1620 1146 1657 caro
1194 1604 1369 1672 {actus
1395 1613 1475 1659 est
1498 1604 1597 1676 (2).
1630 1588 1711 1660 Ex
1739 1619 1849 1676 quo

1954 530 2159 575 auctor.
2190 519 2356 574 Docet
2372 519 2599 588 insuper
2614 533 2715 572 nos
2732 533 2981 588 peccare,
3009 519 3056 571 si
3085 520 3341 573 nescimus
3389 521 3523 575 unde

1947 620 1999 664 et
2024 610 2281 681 quomodo
2303 610 2472 664 vocati
2491 626 2693 672 sumus,
2716 618 2764 663 et
2793 625 2825 661 a
2846 624 2967 679 quo,
2992 617 3039 661 et
3065 609 3119 661 in
3140 625 3287 677 quem
3310 608 3521 674 locum;

1948 711 1998 754 et
2026 710 2224 770 quanta
2250 703 2503 755 sustinuit
2543 699 2701 754 Iesus
2740 698 2986 753 Christus
3022 700 3138 767 pati
3163 710 3375 768 propter
3405 718 3519 755 nos.

1947 788 2028 843 En
2059 791 2292 844 maxima
2322 790 2605 854 beneﬁcia,
2637 805 2759 860 quae
2791 805 2821 843 a
2849 790 3036 844 divino
3070 790 3172 845 hoc
3208 790 3507 852 Salvatore,

1948 888 2009 934 ut
2032 880 2197 933 tradit
2227 888 2452 936 sanctus
2476 880 2751 944 Clemens,
2778 881 3109 950 recepimus!
3140 880 3330 935 Lucem
3360 882 3507 935 nobis

1950 973 2171 1043 largitus
2191 980 2269 1026 est
2291 987 2308 1024 :
2334 981 2583 1041 tanquam
2613 982 2763 1039 pater
2783 973 2922 1041 ﬁlios
2944 990 3036 1027 nos
3064 974 3340 1041 appellavit
3354 990 3373 1037 ;
3391 990 3512 1042 per-

1946 1074 2124 1121 euntes
2179 1080 2272 1117 nos
2300 1064 2543 1118 servavit.
2574 1062 2860 1117 Miseratus
2881 1074 2959 1117 est
2999 1082 3114 1128 nos,
3152 1076 3200 1118 et
3224 1066 3505 1120 visceribus

1947 1163 2257 1215 commotus,
2292 1153 2466 1207 salvos
2480 1153 2620 1222 fecit,
2650 1170 2767 1207 cum
2788 1156 2839 1207 in
2860 1154 3005 1208 nobis
3029 1156 3249 1208 multum
3276 1171 3507 1210 errorem

1950 1261 2013 1297 ac
2040 1246 2312 1298 interitum
2342 1255 2626 1314 spectasset
2651 1262 2670 1308 ,'
2696 1262 2786 1300 nec
2830 1245 3019 1300 habere
3056 1264 3149 1300 nos
3176 1246 3345 1300 ullam
3380 1264 3522 1316 spem

1950 1334 2164 1402 salutis,
2195 1336 2298 1388 nisi
2328 1352 2467 1401 eam,
2512 1352 2629 1406 quae
2673 1336 2738 1388 ab
2785 1338 2919 1404 ipso.
2956 1336 3174 1390 Vocavit
3216 1337 3355 1390 enim
3404 1354 3520 1402 nos,

1947 1426 2038 1495 qui
2091 1443 2194 1479 non
2239 1444 2471 1491 eramus,
2518 1437 2567 1480 et
2620 1428 2803 1495 voluit,
2856 1445 2887 1480 a
2922 1428 3085 1481 nihilo
3119 1445 3229 1481 esse
3268 1445 3381 1483 nos.
3412 1429 3510 1482 Hic

1948 1518 2319 1586 apertetradit
2351 1518 2627 1582 Clemens,
2658 1519 2804 1588 quod
2825 1518 3162 1589 Augustinus
3190 1530 3375 1590 postea
3401 1521 3508 1575 fre—

1949 1622 2126 1676 quens
2152 1607 2362 1673 docuit,
2404 1618 2626 1664 vocatos
2650 1625 2751 1664 nos
2781 1625 2811 1661 a
2840 1609 2971 1674 Deo,
3002 1626 3126 1664 cum
3160 1613 3311 1665 nulla
3336 1613 3389 1665 in
3412 1628 3512 1665 no-

266 1696 565 1751 deducitur
601 1694 865 1747 adversus
904 1691 1168 1761 quosdam
1200 1699 1514 1747 nostrorum
1539 1698 1846 1762 temporum
1952 1698 2037 1751 bis
2067 1699 2283 1762 merita,
2316 1698 2429 1753 imo
2465 1708 2520 1755 et
2549 1700 2717 1753 multa
2747 1700 3011 1756 demerita
3041 1704 3436 1771 conspexisset.

263 1788 530 1854 Arianos,
564 1783 763 1839 Filium
790 1783 884 1839 Dei
916 1783 1196 1841 exstitisse
1223 1793 1348 1839 ante
1391 1798 1547 1838 suam
1593 1783 1849 1839 ineama-
1877 1772 1921 1827 Β
2010 1782 2239 1843 ’Μίδα-ἑο
2256 1789 2479 1844 hominis
2498 1799 2620 1844 ante
2638 1792 3072 1847 incarnationem.
3105 1824 3176 1833 —
3205 1792 3379 1848 Verba
3402 1795 3516 1849 hmo

265 1882 503 1935 tionem.

340 1971 617 2039 Beneﬁcia
650 1969 805 2025 Verbi
846 1970 1115 2024 incarnats'
1144 1968 1291 2021 circa
1329 1965 1584 2021 homines.
1607 1994 1678 2007 --
1702 1965 1850 2024 Nihil

266 2060 563 2115 movendis
603 2060 803 2114 animis
853 2059 1037 2128 aptius
1082 2057 1191 2112 dici
1223 2064 1406 2127 potest
1454 2057 1542 2120 iis,
1578 2073 1702 2127 quae
1740 2066 1853 2113 tra-

266 2152 351 2205 dit
379 2158 606 2206 sanctus
635 2148 887 2204 Clemens
918 2150 973 2202 in
995 2159 1230 2217 utraque
1249 2147 1477 2216 epistola
1508 2147 1655 2202 circa
1678 2148 1849 2203 bene-

267 2242 416 2304 ﬁcia,
472 2258 596 2312 qua:
643 2258 744 2312 pro
792 2240 1108 2295 hominibus
1151 2254 1219 2293 ex
1277 2238 1652 2294 incarnatione
1685 2236 1849 2295 Verbi

266 2340 404 2391 Sunt
448 2340 767 2389 consecuta.
800 2331 890 2385 Ait
918 2331 1063 2386 enim
1115 2329 1172 2384 in
1215 2330 1425 2399 prima,
1463 2345 1563 2385 nos
1614 2331 1669 2385 in
1718 2330 1849 2387 ἔθευ

264 2427 500 2482 Christo
530 2426 770 2482 salutare
797 2432 1047 2479 nostrum
1087 2422 1464 2490 adinvenisse;
1505 2423 1685 2492 ipsum
1726 2440 1850 2481 esse

265 2520 604 2574 oblationum
642 2527 946 2571 nostrarum
994 2531 1294 2585 supremum
1316 2514 1656 2584 Pontiﬁcem;
1697 2517 1850 2587 inﬁr—

266 2611 480 2665 mitatis
509 2617 1115 2677 nostrteessepatronum
1143 2619 1191 2662 et
1219 2608 1593 2663 auxiliatorem
1615 2606 1715 2679 (5).
1744 2607 1851 2663 Per

268 2705 430 2767 hunc,
466 2702 643 2773 pergit
674 2709 901 2756 sanctus
930 2701 1034 2756 iste
1072 2700 1338 2770 pontifex,
1361 2702 1417 2755 in
1452 2702 1701 2755 cistarum
1731 2701 1851 2755 alti-

268 2795 487 2848 tudines
514 2792 690 2846 oculos
712 2792 1029 2861 deﬁgemus;
1057 2808 1150 2862 per
1184 2792 1321 2846 hunc
1365 2792 1768 2847 immaculatum
1797 2801 1849 2848 et

266 2908 579 2958 supremum
622 2890 769 2944 illius
825 2890 1028 2944 vultum
1091 2888 1520 2958 speculabimur;
1566 2906 1660 2959 per
1710 2889 1847 2944 hunc

267 2984 416 3038 oculi
450 2982 625 3036 cordis
650 2982 821 3036 nostri
852 2982 1022 3049 aperti
1054 2990 1207 3044 sunt;
1237 2997 1331 3050 per
1361 2980 1498 3035 hunc
1522 2982 1772 3051 insipiens
1796 2989 1848 3036 et

268 3075 564 3129 obscurata
596 3090 740 3127 mens
771 3082 957 3126 nostra
1006 3072 1061 3125 in
1107 3071 1478 3126 admirabilem
1521 3072 1635 3141 ejus
1680 3073 1849 3127 lucem

269 3165 594 3231 repullulat;
622 3180 715 3234 per
742 3165 880 3217 hunc
908 3163 1071 3218 voluit
1097 3164 1379 3229 Dominus,
1409 3171 1470 3218 ut
1498 3164 1851 3220 immortalem

269 3256 627 3324 cognitionem
648 3264 1006 3324 gustaremus.
1030 3252 1133 3321 Qui
1154 3270 1270 3307 cum
1300 3254 1373 3308 sit
1403 3253 1577 3325 (addit
1605 3254 1850 3326 insuper)

269 3346 532 3415 splendor
572 3346 1048 3414 majestatisqejus,
1091 3353 1239 3409 tanto
1281 3344 1457 3413 major
1497 3354 1575 3399 est
1612 3345 1850 3416 angelis,

272 3445 479 3506 quanto
508 3434 849 3490 excellentius
889 3451 1077 3489 nomen
1114 3434 1334 3490 sortitus
1376 3442 1475 3488 est.
1507 3432 1664 3501 Quod
1693 3434 1853 3505 quasi

272 3528 347 3583 de
376 3527 546 3582 verbo
571 3526 643 3582 ad
674 3526 899 3581 verbum
930 3541 998 3581 ex
1012 3523 1254 3595 Epistola
1282 3524 1351 3579 ad
1381 3524 1640 3581 Hebraeos
1664 3541 1853 3582 excer-

273 3629 432 3691 ptum
479 3627 589 3684 est,
649 3621 706 3674 in
734 3636 841 3689 qua
872 3618 1169 3689 Apostolus
1215 3618 1411 3675 iisdem
1450 3617 1622 3673 ferme
1672 3619 1855 3675 verbis

273 3711 521 3782 elogium
546 3709 677 3766 Jesu
717 3710 920 3765 Christi
970 3707 1237 3764 eﬂ‘ormat.
1285 3707 1425 3763 Hinc
1466 3707 1735 3764 Eusebius
1775 3707 1852 3779 (4)

275 3804 542 3867 advertit,
597 3803 653 3857 in
699 3802 874 3873 prima
920 3801 1024 3855 hac
1065 3800 1243 3855 sancti
1291 3800 1588 3855 Clementis
1622 3800 1856 3870 epistola

274 3894 466 3948 haberi
513 3894 797 3948 nonnullas
846 3893 1130 3948 sententias
1161 3890 1418 3960 Epistolas
1458 3890 1566 3945 divi
1594 3890 1757 3945 Pauli
1786 3888 1855 3945 ad

280 3986 542 4040 Hebraeos
566 3994 621 4039 et
647 3984 956 4056 quandoque
968 3984 1130 4039 etiam
1160 3983 1425 4051 expositas
1455 3982 1637 4037 iisdem
1666 3982 1853 4048 verbis,

276 4077 471 4149 quibus
500 4079 671 4131 utitur
696 4076 980 4140 Apostolus
1012 4090 1031 4129 :
1059 4074 1198 4144 quod
1228 4074 1437 4145 quidem
1465 4074 1711 4138 ostendit,
1733 4090 1858 4144 per-

278 4178 361 4242 git
392 4169 686 4237 Eusebius,
704 4167 1000 4239 Epistolam
1019 4170 1092 4223 ad
1124 4166 1374 4222 Hebrteos
1401 4183 1727 4237 nequaquam
1745 4183 1859 4223 esse

278 4280 414 4333 opus
458 4279 659 4326 recens,
690 4272 738 4315 et
770 4263 895 4331 jure
933 4262 1219 4331 meritoque
1263 4259 1387 4316 aliis
1434 4259 1591 4313 istius
1632 4260 1859 4328 apostoli

275 4353 525 4423 epistolis
553 4353 793 4423 adjungi.

1950 1878 2178 1935 mirifice
2233 1882 2530 1936 ostendunt
2581 1884 2875 1937 maximam
2944 1885 3184 1938 hominis
3238 1887 3520 1941 miseriam

1951 1976 2078 2023 ante
2110 1969 2569 2035 incarnationem,
2619 1983 3054 2043 extremamque,
3098 1990 3207 2044 qua
3239 1976 3522 2031 detineba-

1949 2065 2062 2124 tur,
2095 2062 2480 2118 necessitatem
2499 2065 2845 2121 medicinalis
2861 2067 3049 2137 gratiae
3080 2068 3384 2124 Salvatoris
3407 2070 3521 2140 (5);

1948 2153 2117 2205 tradit
2143 2154 2307 2208 etiam
2336 2156 2501 2223 paulo
2544 2156 2795 2222 inferius,
2846 2159 3073 2227 gentiles
3099 2168 3225 2215 ante
3268 2161 3523 2217 incarna-

1948 2242 2152 2298 tionem
2204 2242 2335 2299 Jesu
2385 2245 2590 2300 Christi
2652 2246 2727 2299 ita
2757 2255 2938 2302 mente
2989 2255 3179 2318 captos
3233 2248 3426 2316 fuisse,
3460 2259 3523 2305 ut

1948 2333 2242 2392 adorarent
2290 2336 2522 2404 lapides,
2566 2338 2784 2407 lignum,
2834 2356 3044 2405 aurum,
3089 2352 3383 2410 argentum,
3438 2352 3521 2397 atr-

1947 2442 2045 2498 que
2076 2442 2169 2489 tes,
2204 2442 2362 2496 opera
2397 2428 2701 2496 hominum;
2738 2432 2963 2501 insuper
3003 2433 3150 2502 quod
3184 2442 3295 2487 tota
3328 2450 3519 2493 eorum

1949 2518 2057 2570 vita
2084 2518 2165 2571 nil
2193 2519 2341 2571 aliud
2370 2533 2485 2572 erat
2526 2537 2685 2590 quam
2729 2538 2871 2575 mors
2902 2536 2921 2575 :
2947 2531 2997 2576 et
3030 2521 3277 2589 tenebris,
3305 2533 3354 2577 et
3383 2525 3520 2578 cali-

1948 2610 2067 2680 gine
2098 2611 2531 2675 obaoleebantur;
2561 2614 2707 2682 quod
2743 2613 2988 2669 Ecclesia
3021 2615 3210 2685 paucis
3236 2619 3523 2672 constabat

1950 2698 2226 2767 fidelibus,
2257 2717 2321 2755 ac
2351 2703 2553 2772 populo
2587 2703 3035 2759 circumdabatur
3069 2706 3304 2775 ingrato,
3333 2715 3386 2762 et
3427 2708 3524 2761 be-

1948 2791 2264 2848 neficiorum
2297 2792 2392 2849 Dei
2424 2794 2753 2851 immemori.
2789 2795 2922 2862 Qua:
2968 2798 3190 2867 quidem
3231 2799 3299 2853 de
3347 2800 3522 2854 idolo-

1949 2896 2070 2940 rum
2104 2884 2407 2939 cultoribus
2462 2886 2820 2957 intelligenda
2853 2894 3015 2954 sunt;
3044 2888 3247 2959 quippe
3278 2898 3406 2944 ante
3437 2892 3525 2945 in-

1950 2976 2327 3031 carnationem
2394 2977 2464 3030 ad
2523 2977 2825 3033 Ecclesium
2897 2995 3007 3034 non
3074 2981 3415 3050 spectabant,
3468 2990 3523 3036 et

1952 3063 2120 3120 Deum
2151 3066 2495 3137 ignorabant.
2524 3067 2677 3134 Quod
2699 3068 2834 3122 dixit
2866 3068 3219 3141 (Scriptura),
3254 3072 3329 3125 ait
3366 3070 3525 3126 Pater

1874 3126 1919 3185 ϐ
1952 3158 2056 3214 iste
2081 3126 2198 3227 (6):
2222 3158 2425 3225 laetare,
2462 3126 2577 3230 qua:
2615 3178 2719 3216 non
2763 3126 2934 3230 paris,
2978 3126 3072 3216 ηδε
3104 3126 3242 3215 didit
3273 3178 3291 3215 :
3316 3162 3524 3218 Sterilis

1949 3250 2136 3322 quippe
2163 3259 2279 3304 erat
2302 3250 2546 3305 Ecclesia
2580 3262 2785 3316 nostra,
2816 3261 3095 3322 antequam
3118 3251 3234 3306 dati
3263 3262 3435 3307 essent
3465 3254 3529 3307 li-

1952 3339 2081 3395 beri.
2108 3340 2278 3412 lgitur
2308 3339 2499 3396 inferri
2539 3342 2751 3411 nequit,
2800 3352 2925 3395 ante
2951 3342 3387 3396 incarnationem
3428 3358 3526 3396 ne-

1950 3432 2153 3488 minem
2185 3433 2397 3502 justum
2454 3432 2722 3488 adfuisse.
2772 3431 2861 3488 Sic
2904 3441 2953 3486 et
2991 3430 3255 3496 Christus,
3310 3433 3526 3503 egregie

1952 3524 2233 3579 concludit
2278 3528 2416 3593 ipse,
2461 3525 2629 3578 voluit
2654 3541 2863 3579 seruare
2910 3527 3204 3593 pereuntia,
3242 3534 3291 3580 et
3332 3528 3525 3580 multos

1951 3614 2195 3678 servavit,
2233 3613 2362 3667 dum
2409 3614 2568 3681 venit,
2610 3612 2837 3684 dumque
2858 3631 2952 3668 nos
2980 3613 3102 3681 jam
3136 3624 3408 3683 pereuntes
3434 3631 3528 3669 uo-

1952 3705 2088 3760 cauit
2109 3704 2210 3776 (7).

2021 3796 2473 3852 Animadvertere
2508 3794 2598 3851 hic
2645 3801 2859 3867 Oportet
2904 3809 3029 3849 cum
3065 3802 3258 3850 nostro
3289 3795 3381 3865 pio
3423 3810 3526 3851 au-

1952 3898 2124 3953 ctore,
2167 3890 2365 3945 debere
2397 3905 2500 3945 nos
2526 3905 2708 3953 veros,
2756 3902 3159 3959 germanosque
3200 3888 3339 3958 grati
3358 3888 3527 3945 animi

1956 3995 2157 4036 sensus
2187 3996 2317 4051 erga
2365 3978 2705 4036 Salvatorem
2737 3980 3003 4035 enutrirc.
3029 3977 3410 4047 Conﬁtebimur
3431 3995 3529 4031 au-

1955 4082 2059 4128 tem
2089 4073 2244 4126 illum
2269 4073 2534 4143 faciendo,
2561 4090 2678 4143 quae
2709 4072 2859 4136 dicit,
2884 4083 2933 4127 et
2956 4073 3211 4125 mandata
3250 4073 3395 4126 illius
3424 4090 3527 4126 non

1955 4164 2242 4233 spernendo
2262 4181 2281 4229 ;
2303 4181 2396 4219 nec
2437 4165 2607 4219 solum
2633 4164 2790 4218 labiis
2820 4180 2938 4217 eum
2972 4163 3303 4228 honorando,
3342 4162 3435 4217 sed
3462 4176 3529 4218 ea:

1957 4265 2066 4311 toto
2096 4256 2269 4320 corde,
2298 4272 2363 4312 ea:
2390 4266 2504 4311 tota
2525 4265 2711 4311 mente.
2741 4255 2863 4309 Non
2897 4254 3051 4309 modo
3085 4255 3268 4323 igitur,
3300 4254 3375 4307 ait
3395 4269 3493 4308 san
3513 4284 3527 4293 -

1957 4358 2079 4404 ctus
2109 4349 2198 4404 hic
2243 4349 2485 4419 pontifex
2531 4349 2633 4419 (8),
2682 4349 2853 4417 ipsum
2877 4364 3111 4402 vocemus
3138 4347 3444 4414 Dominum,
3471 4345 3528 4400 id

353 4446 415 4502 in
469 4446 711 4502 secunda
747 4444 980 4515 epistola
1026 4458 1137 4498 non
1183 4444 1366 4499 minus
1406 4450 1560 4515 urget
1610 4443 1857 4514 ingentes
1887 4463 1931 4519 ι)
1959 4442 2097 4520 enim
2125 4457 2230 4495 non
2256 4440 2481 4495 salvabit
2504 4457 2598 4495 nos
2632 4440 2766 4503 ;sed
2797 4441 2852 4493 in
2882 4438 3125 4508 operibus
3160 4440 3331 4508 ipsum
3356 4440 3526 4507 conﬁ-

282 4540 555 4595 utilitates
601 4536 1018 4593 incarnationis.
1068 4532 1228 4591 Vetat
1272 4536 1449 4607 primo
1487 4536 1609 4590 loco
1635 4534 1858 4590 humilia

353 4694 471 4764 (99')
509 4693 821 4748 Notandum
862 4694 952 4749 hic
1001 4692 1176 4747 obiter
1218 4691 1543 4762 gravissimo
1567 4691 1643 4764 _in
1674 4705 1861 4764 errore

278 4762 501 4821 versari
543 4764 815 4826 P’hotium,
857 4765 986 4818 dum
1034 4777 1295 4817 asserere
1327 4778 1435 4814 non
1466 4762 1759 4825 erubescit,
1804 4762 1861 4815 in

281 4845 485 4891 sancto
499 4836 780 4891 Clemente
796 4835 933 4888 nihil
947 4832 1251 4887 adinveniri
1266 4832 1333 4884 ad
1348 4830 1649 4885 Salvatoris
1663 4831 1858 4884 divini-

282 4916 457 4961 tatem
497 4904 1009 4975 comprehendam.”
1035 4904 1112 4956 Ita
1150 4917 1302 4975 sane
1321 4917 1599 4975 nunquam
1642 4901 1862 4975 locutus

282 4976 509 5039 fuisset,
539 4978 585 5031 si
616 4971 776 5030 verba
810 4973 1148 5034 attendisset,
1182 4972 1343 5025 modo
1368 4986 1397 5024 a
1421 4972 1579 5026 nobis
1605 4971 1787 5032 allata,
1806 4971 1863 5023 in

280 5047 490 5120 quibus
511 5055 735 5120 sanctus
758 5043 1007 5120 Pontifex;
1034 5052 1303 5120 tanquam.
1330 5049 1537 5120 certum
1573 5049 1862 5120 ratumque

283 5110 602 5179 constituit,
630 5117 685 5170 in
705 5115 835 5171 ἔθευ
872 5114 1093 5169 Christo
1127 5110 1234 5165 lina
1260 5111 1424 5166 simul
1450 5126 1577 5166 cum
1608 5110 1863 5166 humani-

282 5195 400 5241 tate
429 5186 771 5241 divinitatem
796 5184 1120 5238 inhabitare.

387 5255 515 5322 100)
553 5255 797 5325 Epistola
823 5256 879 5319 2,
902 5269 1023 5324 cap.
1055 5253 1109 5307 1.

388 5327 441 5399 ι)
482 5326 644 5399 lbid..
670 5341 793 5394 cap.
824 5325 877 5379 9.

358 5389 438 5467 (Ξ)
483 5397 597 5451 Hoc
618 5389 878 5467 esu—cum
904 5400 1050 5467 esset
1072 5392 1236 5467 Deus.
1270 5389 1506 5460 Spiritus
1530 5391 1673 5446 enim
1699 5405 1865 5445 voca-

285 5462 479 5525 bulum
512 5481 655 5536 sape
678 5465 822 5536 apud
856 5465 1112 5536 antiquos
1132 5462 1368 5536 divinam
1387 5470 1866 5536 naturam_sqn_a_re

288 5528 616 5609 przefatione
639 5528 880 5609 generali
905 5535 960 5587 in
990 5528 1595 5609 novissimampperurn
1628 5528 1685 5584 S.
1713 5530 1865 5584 Hila-

289 5600 358 5663 'm
388 5606 597 5661 Pictav.
627 5600 921 5661 editionem
948 5618 1102 5657 num.
1132 5601 1202 5655 62
1223 5608 1277 5655 et
1308 5600 1378 5653 65
1404 5601 1651 5669 pluribus
1679 5615 1867 5656 exem-

292 5680 397 5747 plis
447 5678 885 5747 demonstratum
925 5681 1086 5747 estua
1116 5670 1679 5747 Cantantiomnostro;
1720 5669 1866 5725 unde

292 5737 427 5803 illud
441 5746 736 5819 Augustini
760 5746 921 5817 epist.
948 5743 1072 5813 MO,
1105 5759 1163 5803 υ.
1192 5741 1280 5809 tt,
1310 5738 1379 5798 ad
1398 5737 1690 5798 Clementis
1710 5755 1866 5796 men-

1965 4545 2208 4601 teamur;
2242 4536 2295 4591 in
2325 4534 2588 4605 diligendo
2611 4535 2709 4589 alii
2737 4535 2893 4598 alios,
2920 4535 2975 4587 in
3006 4549 3109 4587 non
3153 4532 3526 4599 adulterando,

1958 4697 2066 4744 tem
2084 4691 2258 4759 magis
2270 4688 2731 4759 accommodatum
2746 4686 3106 4759 exscribimus
3119 4704 3147 4759 g7
3162 4685 3383 4759 Verbum
3401 4702 3528 4741 caro

1960 4762 2158 4830 factum
2182 4756 2286 4825 est,
2316 4769 2365 4813 et
2405 4758 2675 4830 habitavit,
2700 4758 2753 4810 in
2786 4756 3200 4830 nobisgreddite
3237 4758 3421 4830 picem,
3475 4767 3526 4811 et

1958 4827 2215 4899 eﬂicimini
2247 4831 2475 4897 Spiritus
2514 4838 2561 4881 et
2587 4829 2818 4880 habitate
2854 4827 2908 4879 in
2933 4827 3062 4899 illo:
3092 4827 3249 4896 quasi
3293 4827 3523 4899 diceret,

1972 4896 2195 4955 Verbum
2223 4896 2348 4953 cum
2381 4909 2526 4953 esset
2557 4899 2805 4966 spiritus,
2839 4913 2935 4951 seu
2971 4896 3136 4959 Deus,
3173 4913 3295 4949 caro
3327 4898 3527 4965 factum

1958 4982 2059 5033 est,
2091 4976 2341 5024 naturam
2381 4969 2730 5036 suscipiendo
2756 4968 3083 5033 humanam;
3115 4967 3314 5020 reddite
3343 4968 3525 5031 vicem,

1960 5049 2015 5096 et
2042 5042 2134 5108 qui
2165 5054 2292 5092 caro
2324 5040 2479 5101 estis,
2512 5039 2790 5108 eﬁicimini
2817 5037 3051 5108 quodam
3083 5037 3243 5090 modo
3294 5036 3524 5108 Spiritus

1961 5126 2027 5165 ac
2060 5106 2227 5173 Deus,
2267 5118 2514 5163 naturam
2541 5106 2837 5163 "induendo
2887 5106 3158 5171 divinam,
3203 5116 3252 5160 et
3295 5106 3527 5159 habitate

1961 5182 2017 5235 in
2047 5181 2178 5236 Deo.

2036 5181 2405 5321 (gfogalutare
2432 5259 2670 5305 nostrum
2698 5248 2996 5321 invenimus
3017 5244 3201 5321 Iesum
3233 5242 3523 5321 Christum,

1964 5315 2275 5389 Pontiﬁcem
2289 5322 2610 5375 oblutionum
2628 5326 2947 5389 nostrarum,
2978 5315 3302 5389 inﬁrmitatis
3330 5324 3525 5389 nostra:

1963 5382 2246 5461 patronum
2268 5400 2315 5443 et
2340 5392 2735 5461 auxiliatorem.
2771 5382 3241 5461 Epist._i‘iCleut.,
3276 5398 3396 5453 cap.
3428 5382 3519 5438 36.

2035 5462 2112 5526 (4)
2154 5462 2271 5515 Lib.
2306 5477 2363 5514 ιιι
2402 5461 2543 5514 Hist.
2568 5458 2774 5521 eccles.,
2804 5471 2924 5526 cap.
2956 5455 3044 5510 58.

2059 5464 2091 5514 4
2154 5464 2271 5515 Lib.
2306 5477 2363 5514 ιιι
2402 5464 2543 5514 Hist.
2568 5476 2634 5510 ea

2059 5464 2112 5597 5;
2151 5530 2320 5600 Epist.
2348 5530 2402 5600 2,
2429 5546 2548 5598 cap.
2576 5529 2634 5600 _l.

2060 5603 2113 5671 6)
2150 5598 2317 5671 Epist.
2341 5599 2395 5671 2,
2420 5615 2537 5669 cap.
2568 5598 2623 5654 2.

2064 5663 2115 5738 7)
2155 5663 2325 5726 Clem.
2358 5663 2539 5733 Romi,
2572 5684 2657 5738 ep.
2692 5666 2751 5738 72,
2784 5679 2902 5736 cap.
2935 5663 2989 5718 2.

2065 5685 2116 5814 ῖς
2155 5685 2325 5726 Clem.
2358 5685 2539 5752 item,
2572 5685 2657 5738 ep.
2697 5685 2732 5720 Ζ

2061 5744 2095 5799 8
2154 5741 2321 5809 Idem,
2350 5739 2505 5807 tbtd.,
2538 5754 2659 5808 cap.
2686 5737 2735 5793 5.
