3936 6172
459 287 560 342 165

1580 288 1670 342 ΔΙ)
1714 287 1773 344 S.
1814 284 2234 342 CLEMENTEM
2276 285 2293 339 l
2330 286 2558 342 PAPAM

3582 290 3684 343 164

458 422 615 474 neque
645 404 984 461 obtrectando
1013 405 1252 467 invicem,
1283 419 1444 474 neque
1471 403 1800 466 atmulando:
1824 402 1913 458 sed
1939 403 2015 456 οε-
2045 407 2086 464 Α
2117 419 2272 472 quam
2302 413 2536 467 cunctos,
2557 402 2644 473 qui
2677 417 2906 472 unquam
2931 403 3066 471 justi
3084 402 3314 471 fuerunt,
3339 403 3680 471 justiﬁcavit.

454 499 614 553 vendo
645 500 698 552 in
731 499 1075 562 continentia,
1113 496 1501 560 misericordia,
1532 505 1582 550 et
1625 497 1878 559 bonitate,
1906 504 2013 550 etc.

459 590 535 660 (0)
571 589 697 644 Ha’c
754 587 951 660 agendo
994 599 1324 656 acceptorum
1357 587 1722 656 beneﬁciorum
1766 603 2014 640 memores

453 687 648 736 erimus
679 699 810 745 vere,
845 681 998 735 sicuti
1029 679 1354 734 Christianos
1388 678 1551 733 decet.

523 773 677 827 .Iesus
727 773 969 827 Christus
1003 789 1102 826 non
1152 773 1251 840 fuit
1291 771 1444 824 homo
1491 771 1873 838 phantasticus,
1925 772 2013 826 sed

454 880 624 926 verus,
655 866 890 936 quamvis
920 881 1020 916 non
1046 879 1228 930 purus.
1251 892 1325 903 —
1348 863 1406 915 In
1439 862 1613 932 prima
1651 877 1748 916 sua
1785 865 2014 931 epistola

455 963 677 1011 sanctus
705 956 954 1010 Clemens
984 953 1112 1010 Jesu
1141 954 1361 1008 Christo
1393 969 1634 1016 carnem,
1665 955 2010 1024 sanguinem,

453 1055 506 1101 et
558 1048 792 1100 animam
842 1047 1130 1102 manifeste
1177 1045 1445 1100 attribuit.
1507 1044 1572 1098 In
1617 1045 1892 1110 charitatc,
1923 1047 2012 1101 in-

450 1140 568 1208 quit
593 1138 727 1206 (10),
758 1139 1041 1207 assumpsit
1070 1155 1162 1191 nos
1194 1137 1452 1190 Dominus
1474 1136 1612 1190 Deus
1634 1147 1810 1192 noster
1836 1155 1900 1192 ea:
1923 1157 2012 1193 vo-

453 1230 653 1282 luntate
683 1229 800 1291 Dei,
832 1229 1138 1299 sanguinem
1166 1245 1320 1282 suum
1356 1242 1450 1290 pro
1485 1227 1633 1281 nobis
1686 1229 1929 1294 tradidit,
1963 1239 2012 1284 et

451 1337 660 1373 carnem
710 1337 802 1390 pro
839 1337 997 1375 carne
1043 1331 1245 1386 nostra,
1275 1330 1324 1374 et
1355 1321 1586 1374 animum
1613 1336 1706 1388 pro
1735 1322 2010 1378 animabus

450 1413 663 1466 nostris.

521 1503 762 1558 Christus
817 1521 910 1574 pro
963 1503 1202 1559 omnibus
1253 1513 1512 1558 mortuus.
1551 1535 1619 1544 —
1677 1503 2007 1578 Sanguinem

446 1595 647 1649 Christi
683 1611 782 1664 pro
813 1597 982 1652 totius
1015 1595 1201 1650 mundi
1233 1597 1410 1651 salute
1439 1595 1669 1652 eﬁ'usum
1705 1614 1848 1664 esse,
1876 1603 2008 1670 quin

448 1687 515 1741 ab
551 1689 649 1740 hac
689 1688 862 1758 gratia
894 1689 1204 1742 mortalium
1229 1689 1373 1743 ullus
1403 1687 1729 1758 excipiatur,
1781 1701 2007 1747 sanctus

447 1779 536 1832 hic
568 1755 810 1850 pontifex
854 1781 1054 1835 diserte
1094 1779 1321 1834 aﬂirmat
1365 1755 1693 1850 (il):vFi:cis
1711 1784 1894 1848 oculis,
1927 1801 2009 1837 re-
2043 1755 2081 1810 Β

445 1871 727 1938 spiciamus
757 1872 811 1924 in
843 1872 1149 1940 sanguinem
1179 1871 1398 1934 Christi,
1430 1888 1821 1943 cernamusque,
1851 1891 2008 1944 quam

446 1963 706 2031 pretiosus
735 1964 803 2015 sit
826 1963 938 2031 ejus
963 1965 1200 2033 sanguis,
1231 1965 1322 2034 qui
1350 1974 1559 2033 propter
1590 1974 1827 2018 nostram
1857 1967 2008 2019 salu-

447 2065 548 2107 tem
573 2055 769 2122 effusus
801 2058 895 2109 toti
932 2055 1124 2108 mundo
1153 2057 1469 2124 paenitentiae
1497 2059 1726 2127 gratiam
1754 2059 1956 2111 attulit.

512 2145 669 2199 Jesus
739 2146 979 2201 Christus
1025 2147 1193 2216 judex
1251 2150 1482 2203 vivorum
1541 2158 1591 2203 et
1654 2160 2002 2204 mortuorum.

448 2234 739 2290 Eternitas
769 2239 1144 2306 suppliciorum
1177 2248 1224 2292 et
1255 2241 1610 2308 prazmiorum.
1663 2239 1916 2295 Meritum
1955 2252 2006 2297 et

445 2330 726 2383 necessitas
761 2329 1014 2385 bonarum
1053 2332 1343 2388 actionum.
1372 2362 1442 2372 —
1473 2331 1708 2388 Sanctus
1754 2333 2006 2391 Clemens

443 2418 631 2475 Jesum
668 2420 950 2476 Christum
992 2423 1225 2493 appellat
1254 2438 1470 2493 quoque
1492 2423 1723 2492 judicem
1772 2426 2005 2480 vivorum

442 2523 491 2563 et
514 2522 838 2565 mortuorum
861 2511 995 2582 (l2),
1025 2514 1152 2566 item
1201 2527 1484 2583 primarum
1514 2514 1866 2568 :eternitatem
1894 2518 2006 2572 cla-

444 2603 666 2657 rissimo
713 2605 1028 2658 testimonio
1090 2605 1346 2669 afﬁrmat,
1387 2606 1515 2660 dum
1563 2605 1630 2660 ad
1687 2605 2003 2666 Corinthios

445 2695 637 2750 scribit
663 2694 773 2765 (15)
804 2709 816 2744 :
845 2693 1118 2749 Facientes
1147 2697 1286 2750 enim
1317 2695 1516 2751 Christi
1545 2697 1886 2762 voluntatem,
1917 2715 2002 2752 re—

441 2791 612 2860 quiem
656 2787 988 2840 inveniemus.
1019 2788 1117 2841 Sin
1154 2789 1325 2842 minus
1355 2788 1528 2842 :nihil
1555 2806 1647 2843 nos
1691 2788 1756 2842 ab
1809 2799 2004 2845 (eterna

442 2880 700 2950 supplicio
726 2878 929 2946 eripiet,
964 2879 1010 2931 si
1034 2878 1290 2932 mandata
1322 2880 1468 2934 illius
1497 2891 1889 2935 contemnamus
1912 2897 2000 2946 ς...

441 2970 571 3041 quid
604 2969 744 3023 vobis
779 2968 1020 3025 videtur?
1053 2971 1142 3040 qui
1173 2972 1575 3041 incorruptionis
1607 2983 1867 3028 certamen
1887 2991 2002 3029 cor-

2120 491 2353 546 Sanctus
2368 491 2528 546 Pater
2545 491 2710 546 tradit
2726 491 2816 545 hic
2833 491 3164 560 coniunctim
3182 496 3427 562 egregias
3451 501 3562 548 tres
3585 509 3682 549 ve-

2116 586 2333 649 ritates;
2381 586 2557 654 primo
2603 592 2846 639 nostram
2890 583 3234 638 vocationem
3266 583 3334 637 ad
3373 583 3528 638 ﬁdem
3558 602 3685 642 esse

2116 677 2409 746 gratuitam
2452 691 2515 728 ex
2551 684 2707 745 parte
2747 675 2862 739 Dei,
2891 691 3015 730 cum
3040 676 3112 730 sit
3146 675 3370 730 effectus
3407 677 3562 730 bona:
3585 694 3684 729 vo-

2115 770 2341 824 luntatis
2372 784 2504 831 suae,
2534 783 2598 822 ac
2627 768 3019 822 misericordia:
3039 783 3165 837 erga
3195 783 3296 823 nos
3327 788 3340 823 :
3383 770 3491 821 Καὶ
3520 773 3683 839 ἡμεῖς

2111 858 2204 914 οὖν
2233 862 2318 914 διὰ
2347 860 2646 931 θελήματος
2673 859 2837 912 αὐτοῦ
2867 859 3171 930 κληθέντες.

2183 951 2435 1008 Secundo
2471 968 2663 1008 omnes
2703 960 2932 1007 conatus
2963 952 3254 1018 humanos,
3285 962 3338 1008 et
3369 952 3487 1022 ipsa
3512 953 3680 1007 etiam

2113 1044 2330 1113 pietatis
2368 1058 2555 1112 opera,
2592 1044 2638 1097 si
2671 1042 2726 1096 in
2751 1058 2809 1097 se
2840 1042 2974 1112 ipsis
3002 1050 3338 1112 spectentur,
3352 1052 3404 1096 et
3426 1044 3680 1112 sejuncta

2112 1151 2141 1189 a
2181 1136 2302 1199 ﬁde,
2327 1153 2424 1206 per
2447 1151 2610 1206 quam
2642 1135 3010 1199 viviﬁcantur,
3051 1150 3395 1205 nequaquam
3429 1134 3681 1191 sufﬁcere

2111 1229 2178 1282 ad
2232 1228 2676 1297 justiﬁeationem
2727 1227 3140 1297 promerendam
3177 1245 3190 1280 :
3235 1229 3310 1280 υύ
3359 1227 3423 1280 δι’
3468 1227 3680 1282 ἑαυτῶν

2107 1319 2479 1390 δικαιούμεϐα,
2509 1320 2626 1373 οὐδὲ
2654 1319 2740 1373 διὰ
2767 1320 2865 1390 τῆς
2895 1321 3168 1390 ἡμετέρας
3200 1321 3410 1389 σοφίας,
3465 1321 3498 1391 ἢ
3553 1338 3680 1374 συν-

2109 1409 2294 1473 έσεως,
2335 1411 2367 1482 ἢ
2405 1410 2711 1473 εὐσεὸείας,
2751 1409 2784 1479 ἢ
2846 1409 3018 1480 ἔργων
3065 1403 3139 1462 ὧν
3199 1409 3676 1481 κατειργασάμεθα

2108 1504 2165 1555 ὲν
2194 1504 2426 1574 ὁσιότητι
2454 1505 2697 1576 καρδίας.

2177 1591 2362 1646 Tertio
2390 1608 2487 1662 per
2517 1593 2672 1647 ﬁdem
2704 1607 2803 1647 nos
2830 1591 3008 1662 justos
3041 1591 3199 1658 efﬁci,
3243 1603 3296 1648 et
3327 1593 3485 1649 ﬁdem
3530 1594 3677 1648 hanc

2109 1683 2256 1737 omni
2314 1691 2560 1753 tempore
2618 1684 2686 1738 ad
2746 1685 2979 1739 salutem
3045 1687 3412 1741 necessariam
3468 1686 3673 1752 fuisse;

2109 1771 2310 1840 quippe
2341 1786 2437 1840 per
2466 1771 2606 1825 hanc
2637 1771 2781 1826 Deus
2813 1771 3134 1840 justiﬁcavit
3173 1782 3402 1829 cunctos
3446 1777 3537 1845 qui
3571 1793 3676 1830 un-

2110 1877 2272 1932 quam
2297 1861 2432 1931 justi
2465 1861 2684 1917 fuerunt
2715 1881 2728 1917 :
2798 1862 2959 1916 Ἀλλὰ
2986 1863 3072 1916 διὰ
3101 1864 3199 1934 τῆς
3227 1866 3480 1927 πίστεως,
3510 1866 3576 1918 δι’
3605 1862 3676 1936 ἦς

2109 1952 2314 2015 πάντας
2327 1952 2419 2005 τοῦ
2435 1953 2512 2006 ἀπ
2528 1953 2732 2015 ἀἰῶνος
2745 1953 2772 2005 ὁ
2787 1954 3178 2025 παντοκράτωρ
3196 1953 3326 2017 Θεὸς
3338 1953 3674 2013 ἐδικαίωσεν.

2179 2060 2476 2117 Fatendum
2510 2062 2864 2118 nihilominus
2893 2070 2998 2128 est,
3034 2063 3090 2117 in
3133 2064 3297 2119 allato
3339 2071 3486 2120 textu
3531 2083 3675 2121 non-

2109 2155 2256 2208 nulla
2283 2153 2446 2209 verba
2477 2152 2688 2217 haberi,
2721 2169 2840 2224 quae
2869 2163 3091 2223 possent
3136 2154 3393 2210 lectorem
3441 2158 3672 2224 morari,

2109 2247 2212 2302 nisi
2247 2245 2485 2316 perfecte
2511 2245 2705 2301 calleat
2745 2260 2873 2301 vera
2905 2245 3082 2301 sancti
3129 2246 3424 2303 Clementis
3465 2248 3675 2319 princi-

2108 2339 2217 2411 pia.
2254 2336 2379 2397 Haec
2429 2345 2610 2392 autem
2656 2337 2823 2392 verba
2872 2338 3017 2392 haud
3057 2338 3130 2391 ita
3167 2340 3453 2409 perspicua
3499 2350 3673 2407 sunt,

2106 2447 2227 2503 quae
2270 2440 2619 2500 sequuntur:
2655 2426 2849 2496 Opera,
2903 2445 3019 2498 qua:
3067 2430 3121 2483 in
3163 2431 3336 2485 cordis
3386 2433 3675 2488 sanctitate

2109 2520 2188 2589 (ὲν
2207 2519 2811 2596 ὁσίοτητιτῆςκαρδίας)
2839 2521 3043 2587 operati
3069 2519 3283 2572 sumus!
3331 2518 3407 2573 Ex
3465 2521 3672 2590 quibus

2107 2612 2308 2667 inferre
2339 2610 2461 2680 quis
2487 2616 2684 2680 potest,
2715 2616 2964 2664 sanctum
3006 2610 3151 2664 hunc
3199 2611 3504 2678 pontiﬁcem
3536 2612 3672 2682 reji-

2106 2719 2230 2760 cere
2273 2702 2524 2756 meritum
2567 2701 2836 2755 bonorum
2883 2715 3130 2770 operum.
3177 2700 3453 2757 immerito
3483 2712 3670 2757 autem

2104 2796 2246 2852 hanc
2272 2793 2564 2848 illationem
2595 2793 2719 2862 quis
2748 2791 2972 2846 inferret
2997 2808 3010 2857 ;
3043 2800 3096 2846 et
3127 2791 3228 2847 hoc
3245 2802 3388 2848 esset
3415 2795 3674 2850 recedere

2107 2899 2138 2938 a
2167 2891 2346 2938 mente
2377 2883 2551 2937 sancti
2586 2880 2890 2945 Pontiﬁcis,
2925 2882 3016 2951 qui
3067 2899 3177 2937 non
3219 2883 3274 2936 in
3298 2899 3406 2938 uno
3455 2885 3576 2940 loco
3618 2894 3674 2940 et

2105 2972 2359 3027 meritum
2407 2981 2462 3027 et
2489 2972 2868 3027 necessitatem
2898 2973 3160 3027 bonorum
3189 2988 3411 3044 operum
3442 2975 3671 3033 fatetur.

441 3064 662 3132 ruperit,
688 3061 812 3131 quid
855 3065 1122 3132 patietur?
1151 3063 1226 3118 De
1255 3065 1320 3118 iis
1345 3067 1502 3131 enim,
1532 3067 1620 3136 qui
1647 3068 1880 3138 sigillum
1902 3085 2004 3122 non

2111 3057 2248 3125 Quid
2279 3059 2438 3128 igitur
2465 3058 2737 3124 faciemus,
2760 3059 2999 3128 fratres?
3035 3071 3258 3117 sanctus
3300 3064 3375 3118 ait
3414 3065 3503 3120 ille
3543 3075 3674 3134 post

441 3159 793 3214 servaverunt,
842 3153 973 3208 ait:
1035 3151 1234 3208 Vermis
1290 3170 1469 3207 eorum
1547 3172 1651 3208 non
1712 3157 2004 3228 exstingue-

443 3253 530 3296 tur
561 3245 625 3297 ”.
659 3241 846 3312 Itaque
875 3243 1068 3312 fratres
1093 3244 1213 3308 mei,
1247 3245 1377 3298 alibi
1400 3245 1592 3300 scribit
1621 3246 1756 3318 (M),
1788 3249 2002 3302 omnino

441 3353 505 3391 ne
529 3337 850 3399 vacillemus,
875 3336 964 3390 sed
992 3347 1258 3405 sperantes
1285 3339 1660 3402 sustineamus,
1692 3349 1748 3392 ut
1782 3350 1832 3394 et
1861 3357 2004 3394 mer-

440 3429 616 3482 cedem
666 3439 1016 3497 reportemus.
1055 3427 1254 3482 Fidelis
1302 3429 1442 3482 enim
1469 3439 1567 3494 est,
1606 3431 1697 3501 qui
1737 3432 2004 3500 pollicitus

439 3530 536 3583 est,
578 3537 632 3574 se
659 3521 931 3590 unicuique
962 3520 1337 3574 retributurum
1367 3537 1582 3589 operum
1611 3524 1999 3580 retributiones.

444 3610 502 3665 Si
533 3628 652 3681 ergo
684 3612 955 3680 fecerimus
1001 3611 1267 3679 justitiam
1303 3628 1482 3666 coram
1529 3613 1660 3678 Deo,
1690 3616 1746 3668 in
1786 3632 2004 3684 regnum

441 3701 810 3772 ingrediemur,
838 3710 886 3753 et
915 3701 1224 3768 accipiemus
1253 3702 1648 3770 promissiones,
1701 3721 1830 3774 quas
1858 3724 1876 3758 ι
1907 3724 2005 3760 auo

441 3793 516 3846 ris
556 3809 660 3846 non
713 3791 933 3857 audivit,
961 3809 1052 3846 nec
1075 3792 1257 3848 oculus
1286 3793 1433 3855 vidit,
1463 3811 1677 3866 qumque
1699 3797 1753 3850 in
1784 3814 1874 3853 cor
1904 3799 2000 3854 ho-

441 3885 597 3938 minis
637 3901 741 3938 non
778 3885 1122 3938 ascenderunt
1151 3887 1216 3940 ¹³.
1255 3905 1274 3938 ι

512 3976 692 4032 Verba
736 3977 940 4032 faciens
979 3987 1202 4034 sanctus
1233 3978 1484 4036 Clemens
1513 3979 1582 4037 de
1618 3983 1808 4053 gratiis
1863 4001 2003 4055 quas

441 4075 653 4124 veteres
697 4068 1022 4138 patriarcha:
1061 4071 1344 4125 consecuti
1395 4079 1543 4135 sunt,
1595 4083 1781 4144 aperte
1820 4077 2000 4145 docet,

441 4157 541 4213 has
569 4173 760 4213 omnes
788 4156 956 4212 Deum
989 4159 1160 4230 gratis
1203 4160 1456 4231 largitum
1481 4163 1673 4230 fuisse,
1705 4174 1759 4222 et
1806 4168 2002 4224 horum

439 4252 681 4305 virorum
745 4251 975 4315 meritis,
1035 4265 1099 4305 ac
1151 4252 1313 4308 bonis
1366 4256 1626 4324 operibus
1671 4258 1838 4314 tribui
1893 4276 2003 4317 non

441 4356 618 4412 posse.
655 4340 706 4395 Ii
731 4357 849 4411 ergo
883 4358 1079 4406 omnes,
1121 4343 1195 4396 ait
1217 4343 1304 4399 ille
1335 4344 1465 4417 (15),
1490 4347 1712 4417 gloriam
1743 4360 1792 4404 et
1814 4355 2004 4420 ampli-

2105 3151 2270 3207 allata
2293 3152 2545 3221 superius
2569 3151 2733 3206 verba
2758 3152 2901 3221 (i7);
2929 3153 3248 3207 cessabimus
3306 3169 3338 3208 a
3369 3154 3516 3210 bonis
3548 3174 3674 3225 ope-

2105 3245 2273 3308 ribus,
2298 3253 2347 3298 et
2377 3244 2685 3298 charitatem
2729 3243 3184 3314 derelinquemus?
3215 3245 3533 3318 Neutiquam
3574 3250 3673 3303 hoc

2105 3354 2138 3391 a
2167 3337 2314 3391 nobis
2343 3335 2460 3405 ﬁeri
2482 3336 2751 3404 permittat
2782 3335 3072 3400 Dominus;
3108 3336 3198 3390 sed
3225 3354 3342 3391 cum
3395 3339 3671 3410 diligentia

2104 3437 2154 3483 et
2193 3427 2474 3481 alacritate
2515 3426 2818 3494 festinemus
2851 3443 3000 3480 omne
3038 3443 3166 3496 opus
3191 3429 3565 3498 ’μετῇσαν-θη...
3597 3434 3677 3485 ri-

2104 3519 2342 3580 deamus,
2373 3517 2510 3587 quod
2532 3519 2587 3570 in
2619 3517 2765 3571 bonis
2791 3518 3033 3586 operibus
3061 3520 3238 3573 ornati
3263 3521 3458 3588 fuerint
3489 3539 3672 3576 omnes

2095 3612 2253 3681 justi.
2276 3609 2343 3663 Et
2365 3611 2474 3680 ipse
2492 3626 2614 3679 ergo
2637 3609 2917 3674 Dominus,
2935 3597 3064 3664 'cum
3093 3628 3147 3666 se
3166 3613 3404 3682 operibus
3429 3613 3676 3669 decoras-

2103 3711 2200 3766 set,
2232 3703 2440 3771 gavisus
2481 3710 2579 3756 est.
2620 3701 2886 3755 Habentes
2922 3702 3099 3772 itaque
3127 3703 3222 3756 hoc
3253 3706 3540 3773 exemplar,
3567 3707 3673 3759 im-

2102 3793 2246 3862 pigre
2275 3790 2343 3844 ad
2366 3790 2685 3844 voluntatem
2709 3789 2824 3858 ejus
2857 3789 3203 3853 accedamus;
3227 3806 3293 3844 ea:
3327 3793 3448 3845 totis
3471 3793 3672 3846 viribus

2105 3883 2298 3936 nostris
2353 3896 2624 3950 operemur
2667 3894 2798 3948 opus
2840 3878 3080 3942 iustitiae.
3131 3877 3198 3933 Et
3225 3881 3413 3950 paucis
3445 3882 3675 3950 interje-

2101 3977 2228 4040 etis,
2265 3976 2345 4032 sic
2371 3976 2648 4031 concludit
2679 3977 2790 4048 (18)
2819 3995 2832 4031 :
2861 3976 3077 4045 Oportet
3095 3991 3217 4045 ergo
3246 3991 3340 4030 nos
3369 3973 3437 4029 ad
3467 3976 3670 4029 bonum

2103 4067 2408 4124 faciendum
2447 4079 2684 4138 prompto
2714 4070 2890 4123 animo
2912 4083 3024 4122 esse
3050 4082 3067 4121 :
3098 4082 3163 4120 ea:
3182 4067 3278 4121 hoc
3319 4068 3456 4121 enim
3489 4068 3674 4120 omnia

2102 4169 2364 4214 constant.
2417 4158 2694 4215 Sufficiam
2743 4160 2878 4226 haec,
2927 4168 2987 4215 ut
3028 4159 3283 4215 omnibus
3337 4158 3668 4225 innotescat,

2103 4255 2232 4326 quid
2263 4261 2487 4310 sanctus
2517 4253 2768 4310 Clemens
2795 4255 3028 4310 senserit
3062 4254 3131 4310 de
3174 4252 3371 4309 merito
3397 4258 3452 4307 et
3475 4266 3672 4307 neces-

2107 4347 2269 4402 sitate
2307 4346 2574 4400 bonorum
2619 4360 2869 4416 cperum.
2917 4346 3191 4401 Caeterum
3238 4345 3461 4416 quando
3506 4345 3666 4411 dicit,

443 4434 672 4488 tudinem
701 4436 963 4488 consecuti
992 4445 1134 4501 sunt,
1166 4453 1269 4490 non
1299 4453 1391 4506 per
1419 4455 1474 4493 se
1517 4440 1678 4508 ipsos,
1712 4451 1804 4496 aut
1846 4460 2002 4513 opera
2032 4431 2076 4486 Ι)
2105 4456 2206 4495 nos
2236 4453 2331 4509 per
2355 4439 2498 4493 bona
2525 4453 2691 4507 opera
2730 4453 2839 4494 non
2885 4439 3072 4493 venire
3101 4438 3168 4493 ad
3191 4437 3667 4509 justiﬁeationem,

439 4543 558 4589 sua,
591 4535 682 4580 aut
700 4526 878 4595 justas
909 4529 1159 4592 actiones,
1198 4545 1328 4598 quas
1353 4529 1606 4596 fecerunt,
1643 4533 1732 4586 sed
1773 4550 1864 4603 per
1908 4554 2000 4591 vo-

441 4617 693 4671 luntatem
739 4618 872 4686 ejus.
923 4619 1003 4673 Ex
1051 4621 1251 4691 quibus
1300 4623 1602 4691 prtemissis
1651 4624 1791 4681 hanc
1837 4628 2003 4685 infert

441 4711 738 4764 illationem
786 4710 899 4781 (ιε)
931 4729 943 4765 :
996 4710 1065 4765 Et
1096 4729 1190 4766 nos
1222 4713 1386 4783 igitur
1422 4727 1488 4767 ea:
1522 4715 1788 4772 uoluntate
1833 4720 2000 4789 illius,

441 4802 561 4854 scil.
598 4800 712 4860 Dei,
733 4801 785 4853 in
806 4801 1014 4856 Christo
1039 4801 1165 4856 Jesu
1194 4806 1383 4869 vocati,
1417 4821 1519 4860 non
1547 4822 1637 4875 per
1658 4811 1999 4879 nosmetipsos

435 4891 568 4960 justi
619 4891 898 4960 eﬂicimur;
939 4909 1096 4963 neque
1125 4909 1214 4962 per
1238 4897 1554 4965 sapientiam
1601 4908 1857 4966 nostram,
1907 4911 1998 4956 aut

441 4981 856 5050 intelligentiam,
885 4991 976 5034 aut
1003 4983 1263 5050 pietatem,
1311 4996 1405 5038 aut
1437 5001 1615 5054 opera,
1660 5003 1775 5057 qua:
1804 4989 1856 5043 in
1882 5007 2002 5045 cor-

440 5072 523 5126 dis
567 5072 845 5126 sanctitate
889 5074 1090 5142 operati
1143 5091 1354 5140 sumus;
1401 5075 1491 5131 sed
1541 5094 1634 5147 per
1680 5078 1861 5148 ﬁdem,
1907 5097 2001 5152 per

2105 4532 2160 4587 id
2190 4533 2353 4587 unice
2381 4531 2638 4595 intendit,
2665 4531 2810 4586 bona
2853 4529 3070 4600 pietatis
3107 4543 3273 4600 Opera
3318 4531 3373 4585 in
3424 4545 3484 4586 se
3530 4531 3672 4600 ipsis

2102 4633 2350 4694 accepta,
2381 4630 2436 4678 et
2466 4621 2589 4678 ﬁdei
2631 4623 2825 4693 spiritu
2857 4621 3147 4686 destituta,
3196 4623 3360 4678 sicuti
3411 4625 3670 4693 superius

2102 4712 2359 4777 diximus,
2409 4713 2625 4782 operari
2653 4728 2760 4768 non
2811 4728 2971 4783 posse
3018 4725 3261 4770 nostram
3311 4715 3669 4784 iustiﬁcatio-

2101 4820 2248 4870 nem,
2285 4813 2340 4860 et
2370 4820 2436 4860 ex
2483 4805 2599 4860 sola
2649 4804 2772 4869 ﬁde,
2803 4820 2912 4875 qua
2957 4821 3122 4876 opera
3165 4814 3353 4862 nostra
3386 4807 3672 4862 viviﬁcan-

2107 4906 2216 4958 tur,
2269 4896 2519 4952 eﬁ'ectum
2565 4895 2710 4950 hunc
2761 4911 2924 4967 posse
2963 4897 3288 4968 exspectari.
3343 4897 3457 4953 Hoc
3506 4908 3673 4970 pacto

2107 4998 2327 5044 sanctus
2373 4987 2620 5044 Pontifex
2648 4987 2779 5044 satis
2818 5003 3088 5059 superque
3131 4990 3446 5061 comprobat
3487 4993 3674 5047 excel-

2106 5081 2352 5136 lentiam.
2386 5089 2440 5135 et
2467 5080 2761 5134 eﬁicaciam
2787 5079 2911 5136 ﬁdei
2936 5078 3282 5136 Christianas.

510 5226 556 5257 ’⁸
588 5222 713 5279 lsai.
767 5240 913 5282 wa.
961 5225 1053 5281 ει.
1129 5228 1175 5258 ’³
1204 5226 1327 5284 lsai.
1361 5245 1508 5299 inv,
1562 5233 1619 5301 4;
1649 5233 1757 5294 eti
1789 5235 1916 5293 Cor.
1939 5239 2026 5307 in,
2072 5238 2128 5295 9.

515 5405 612 5479 (tif
661 5403 832 5479 Clem.
862 5403 1044 5470 Rom.,
1075 5405 1233 5476 epist.
1266 5406 1321 5474 2,
1354 5423 1473 5479 cap.
1498 5411 1549 5465 4.

514 5476 622 5545 (10)
663 5476 831 5540 Idem,
855 5492 940 5544 ep.
976 5479 1026 5540 1,
1057 5493 1174 5545 cap.
1200 5479 1290 5536 49.

515 5545 624 5616 (li)
665 5545 829 5616 idem,
858 5545 1009 5607 ibid.,
1037 5563 1156 5616 cap.
1185 5549 1237 5603 7.

513 5614 622 5685 (l2)
667 5615 834 5684 Epist.
867 5617 922 5678 2,
950 5632 1069 5685 cap.
1107 5614 1157 5671 ⁷1.

517 5683 625 5747 (13)
665 5683 822 5750 lbid.,
854 5703 971 5753 cap.
1012 5683 1043 5740 6
1070 5695 1120 5742 et
1155 5689 1203 5741 7.

2174 5419 2286 5490 (14)
2325 5417 2494 5490 Epist.
2518 5421 2573 5479 ‘2.
2605 5434 2724 5490 cap.
2754 5423 2835 5477 11.

2175 5489 2286 5560 (15)
2325 5489 2496 5560 Epist.
2524 5492 2574 5554 1,
2600 5489 2719 5560 cap.
2747 5494 2834 5546 32.

2200 5559 2286 5612 iﬁl
2327 5559 2459 5612 Ibid.

2201 5627 2288 5697 17)
2326 5627 2484 5689 lbid.,
2515 5644 2636 5699 cap.
2661 5632 2749 5684 53.

2174 5699 2286 5769 (18)
2326 5699 2488 5756 lbid..
2515 5715 2636 5772 cap.
2670 5702 2756 5756 54.
