3936 6172
215 289 318 346 1ῦὲ

649 400 676 472 ς
717 403 807 459 Ill.
853 401 926 458 De
968 403 1367 457 resurrectione.

281 494 617 554 Rcsurrectio
647 501 846 555 carnis.
873 529 944 538 —
966 497 1039 554 De
1066 498 1471 554 resurrectione
1503 514 1796 569 corporum

213 591 498 660 expressis
545 592 797 647 terminis
849 591 1094 660 loquitur
1139 597 1365 645 sanctus
1403 589 1679 646 Clemens.
1729 589 1800 643 Et

216 683 500 750 possimus
539 683 700 738 facile
736 682 954 737 veritati
984 681 1112 734 huic
1133 680 1292 734 ﬁdem
1318 688 1602 751 praestare,
1629 680 1801 733 utitur

212 783 444 830 sanctus
500 776 590 829 hic
646 775 893 845 pontifex
933 775 988 830 in
1029 774 1262 842 epistola
1307 775 1484 845 prima
1519 773 1799 842 aliquibus

214 871 705 935 similitudinibus,
745 885 866 940 quae
915 869 1153 924 humiles
1182 876 1331 932 sunt,
1360 875 1414 921 et
1446 868 1629 921 minus
1662 866 1802 935 peri-

210 970 399 1038 torum
431 970 655 1033 captum
701 976 810 1016 non
856 968 1138 1029 superant.
1181 957 1367 1012 Primo
1399 955 1454 1011 id
1497 957 1693 1027 probat
1733 972 1799 1010 ex

210 1054 330 1124 ipsa
355 1055 766 1110 resurrectione
792 1052 1113 1116 Salvatoris,
1144 1066 1209 1106 ac
1229 1050 1363 1105 dicit
1391 1048 1580 1104 Jesum
1632 1049 1800 1103 Chri-

210 1153 360 1201 stum
380 1147 695 1202 ostendisse
726 1147 883 1202 nobis
909 1147 962 1200 in
983 1161 1082 1200 sua
1106 1144 1511 1199 resurrectione
1533 1142 1802 1212 primitias

209 1240 650 1296 resurrectionis
696 1245 922 1296 nostrae.
960 1237 1219 1292 Secundo
1266 1237 1465 1305 probat
1491 1235 1598 1290 hoc
1636 1237 1801 1290 ducta

209 1335 450 1404 paritate
480 1349 512 1388 a
552 1339 718 1388 nocte
747 1338 802 1388 et
830 1331 920 1386 die
949 1330 1055 1387 sibi
1096 1330 1331 1384 invicem
1374 1330 1801 1386 succedentibus

210 1426 359 1497 (19);
392 1427 562 1481 tertio
589 1441 654 1481 ex
688 1424 1010 1495 quotidiana
1039 1422 1400 1494 experientia,
1440 1437 1547 1492 qua
1578 1422 1802 1492 conspi-

209 1518 393 1571 cimus
427 1516 605 1580 arida,
640 1525 693 1570 et
722 1514 870 1569 nuda
906 1514 1116 1570 semina
1146 1513 1203 1568 in
1233 1520 1437 1568 terram
1467 1514 1638 1582 jacta,
1683 1527 1802 1566 ma-

209 1625 314 1680 gna
340 1609 708 1680 providentia
737 1607 956 1663 Domini
982 1607 1186 1663 virtute
1216 1620 1535 1675 exsurgere,
1581 1619 1645 1658 ac
1685 1602 1804 1659 fru-

209 1707 358 1754 ctum
391 1697 663 1769 proferre.

281 1789 564 1843 Fabulosa
594 1788 820 1842 historia
853 1785 1413 1854 Numisia—Quarto
1435 1799 1501 1839 ex
1547 1783 1799 1842 fabulosa

211 1879 448 1933 historia
483 1879 759 1948 phoenicis
787 1876 924 1948 (20).
944 1876 1004 1930 ln
1020 1876 1386 1931 orientalibus
1401 1876 1558 1940 locis,
1587 1876 1800 1931 scilicet

211 1972 264 2026 in
287 1972 714 2036 Arabia,tradit
733 1979 960 2026 sanctus
990 1971 1267 2036 Clemens,
1286 1978 1371 2026 est
1391 1970 1507 2027 avis
1529 1971 1657 2034 ista,
1679 1985 1801 2040 qua:

207 2071 445 2116 vocatur
462 2062 715 2132 phrrnix,
747 2078 867 2133 quae
891 2061 1189 2132 singularis
1218 2070 1272 2117 et
1300 2062 1536 2134 unigena
1557 2063 1800 2118 existens

208 2170 387 2210 annos
408 2156 544 2209 vivit
570 2155 922 2226 quingentos.
948 2154 1084 2210 Cum
1107 2155 1219 2225 jam
1250 2163 1425 2210 morte
1454 2155 1800 2212 dissolvenda

206 2256 314 2312 est,
348 2248 596 2302 loculum
646 2248 747 2304 sibi
779 2247 1002 2303 conﬁcit
1046 2265 1076 2304 e
1104 2250 1286 2313 thure,
1333 2249 1556 2319 myrrha
1589 2256 1642 2304 et
1673 2249 1803 2304 reli-

208 2341 334 2410 quis
360 2341 726 2400 aromatibus.
758 2356 920 2411 quem
954 2342 1197 2396 loculum
1245 2343 1516 2412 completo
1557 2349 1802 2412 tempore

209 2431 523 2504 ingreditur
556 2439 610 2486 et
634 2432 770 2487 obit.
800 2430 877 2485 Ex
911 2447 1079 2487 carne
1122 2433 1244 2502 ejus
1265 2432 1572 2502 putrefacta
1598 2434 1801 2489 vermis

207 2526 465 2580 nascitur
491 2524 740 2595 quidam,
772 2524 868 2594 qui
897 2524 1157 2580 animalis
1181 2524 1430 2580 defuncti
1452 2525 1682 2580 humore
1705 2542 1804 2580 nu-

206 2621 380 2674 tritus
404 2618 724 2688 plumescit,
756 2626 810 2672 et
831 2617 938 2671 alia
962 2616 1192 2688 phoenix
1223 2618 1466 2672 omnium
1505 2618 1679 2674 oculis
1701 2634 1800 2690 ap-

211 2720 393 2784 paret.
453 2710 763 2765 Nonnullas
807 2710 943 2764 alias
975 2709 1146 2764 miras
1175 2710 1624 2765 circumstantias
1657 2711 1802 2764 reci-

210 2809 293 2855 tat
321 2801 392 2855 de
425 2800 681 2870 phcenice
717 2806 944 2853 sanctus
965 2795 1240 2863 Clemens,
1266 2814 1388 2868 quae
1423 2797 1589 2853 sicuti
1639 2799 1802 2852 modo

212 2897 396 2949 aliaue
447 2893 837 2948 commentitize
898 2898 1047 2946 sunt.
1110 2889 1324 2946 Erravit
1351 2906 1484 2962 ergo
1527 2889 1799 2954 Pontifex,

212 2988 345 3043 dum
404 2987 722 3057 huiusmodi
767 2986 1013 3040 historiae
1056 2986 1270 3055 plenam
1318 2985 1478 3040 ﬁdem
1518 2983 1797 3050 adhibuit;

210 3089 482 3135 caeterum
511 3079 717 3134 erravit
747 3094 871 3131 cum
914 3078 1196 3148 plerisque
1249 3075 1672 3147 spectatissimis
1702 3091 1802 3129 au-

210 3169 468 3225 ctoribus
485 3169 738 3231 vetustis,
758 3167 1085 3223 Christianis
1099 3183 1250 3237 seque
1269 3182 1332 3220 ac
1359 3166 1653 3236 gentilibus
1669 3165 1802 3239 (21).

283 3260 494 3326 Quinto
543 3258 763 3312 tandem
804 3265 1026 3312 sanctus
1061 3255 1312 3310 Pontifex
1339 3255 1532 3325 probat
1559 3269 1808 3310 resurre-

211 3355 454 3410 ctionem
489 3360 831 3405 mortuorum
871 3351 939 3405 iis
977 3349 1274 3420 Scriptura:
1320 3349 1478 3413 locis,
1513 3348 1568 3401 in
1607 3347 1806 3418 quibus

213 3460 399 3501 sermo
425 3451 515 3499 est
543 3443 610 3497 de
640 3443 743 3498 hac
766 3444 1012 3506 veritate,
1045 3443 1223 3510 iisque
1245 3441 1418 3494 utitur
1440 3440 1720 3509 aptissime
1739 3437 1807 3492 ad

214 3540 376 3594 fidem
407 3545 464 3592 et
492 3551 646 3606 spem
674 3551 837 3604 super
874 3534 1024 3588 hunc
1059 3534 1348 3587 articulum
1379 3532 1434 3586 in
1473 3532 1630 3587 nobis
1659 3531 1808 3585 exci-

214 3630 470 3684 tandum.
489 3628 654 3692 Deus,
675 3628 764 3697 qui
789 3643 850 3681 ne
867 3627 1180 3679 mentiamur
1200 3626 1464 3694 prwcepit,
1491 3625 1705 3695 egregie
1727 3627 1805 3677 ait

215 3724 307 3779 ille
333 3721 477 3793 (22),
505 3721 669 3774 multo
699 3720 868 3790 magis
892 3735 996 3772 non
1021 3718 1290 3772 mentitur.
1313 3716 1464 3770 Nihil
1493 3717 1677 3786 quippe
1700 3716 1808 3771 Deo

213 3815 568 3883 impossibile,
597 3823 947 3883 prarterquam
982 3811 1212 3865 mentiri.
1247 3809 1612 3864 Exsuscitetur
1633 3811 1810 3879 itaque

214 3905 270 3956 in
300 3904 458 3957 nobis
482 3901 614 3971 ﬁdes
639 3901 775 3970 ejus,
803 3900 1082 3956 concludit
1103 3901 1242 3971 ipse,
1271 3909 1320 3954 et
1351 3903 1633 3971 cogitemus
1672 3900 1810 3970 quod

215 3998 398 4050 omnia
430 3995 531 4062 ipsi
577 3995 865 4064 propinqua
912 4002 1040 4050 sint.
1090 3991 1156 4046 In
1204 3993 1355 4047 uerbo
1407 3993 1810 4064 magniﬁcentia:

214 4103 328 4140 sua
351 4085 632 4140 constituit
665 4085 862 4148 omnia,
898 4091 947 4137 et
981 4085 1036 4136 in
1067 4082 1218 4137 uerbo
1243 4091 1410 4151 potest
1439 4085 1536 4136 illa
1565 4094 1807 4138 evertere.

215 4178 352 4232 Cum
381 4177 578 4238 uoluit,
616 4184 770 4244 atque
814 4184 872 4227 ut
922 4175 1105 4238 uoluit,
1147 4175 1322 4228 omnia
1369 4174 1600 4227 condidit
1648 4173 1806 4244 (25):

214 4285 380 4336 neque
409 4267 701 4338 quidquam
740 4265 803 4319 ab
831 4282 888 4320 eo
915 4265 1176 4320 decretum
1205 4267 1489 4334 praeteribit
1518 4281 1535 4318 :
1569 4267 1811 4320 universa

216 4376 403 4412 coram
441 4359 556 4424 ipso
593 4367 734 4421 sunt,
778 4357 1006 4428 nihilque
1047 4357 1323 4411 consilium
1368 4358 1482 4426 ejus
1520 4357 1664 4414 latet.
1698 4357 1811 4412 Hac

215 4451 496 4515 doctrina,
511 4451 710 4505 veritas
766 4450 832 4504 de
859 4465 966 4519 qua
990 4449 1222 4520 agimus,
1251 4465 1368 4505 mea
1407 4451 1663 4520 Opinione
1695 4451 1810 4506 evi-

216 4543 552 4600 dentissime
589 4543 940 4612 comprobata
984 4551 1089 4598 est.
1139 4543 1481 4614 lmpossibile
1525 4553 1608 4600 est
1649 4544 1812 4615 hujus

218 4636 537 4708 argumenti
567 4635 675 4688 vim
702 4650 807 4689 non
837 4635 1072 4702 sentire;
1103 4634 1246 4690 Deus
1275 4635 1330 4689 in
1359 4633 1658 4705 Scripturis
1696 4639 1812 4693 suis

217 4744 523 4798 corporum
560 4728 1016 4782 resurrectionem
1045 4727 1308 4796 spondet;
1342 4727 1437 4782 sed
1480 4727 1623 4783 Deus
1660 4746 1814 4785 men-

217 4822 313 4875 tiri
347 4821 566 4890 nequit,
598 4820 724 4890 quia
762 4820 876 4889 ipse
905 4818 1120 4874 Veritas
1157 4826 1243 4874 est
1280 4835 1345 4874 ex
1376 4835 1484 4874 una
1510 4828 1704 4890 parte;
1746 4838 1813 4878 ex

292 5015 415 5138 £19)
458 5012 584 5067 Dies
613 5021 662 5066 et
684 5029 788 5066 non:
824 5013 972 5066 nobis
1020 5012 1453 5065 resurrectionem
1483 5011 1759 5067 declarant
1789 5029 1809 5069 :

327 5097 381 5138 at
414 5087 564 5138 nox?
598 5085 832 5138 exsurgit
859 5083 1007 5138 dies:
1036 5083 1145 5135 dies
1170 5083 1323 5137 abit?
1348 5097 1452 5136 nox
1473 5083 1699 5137 advenit.
1719 5084 1809 5137 Vi-

222 5083 564 5141 cubat'nox?
598 5085 832 5152 exsurgit
859 5083 1007 5143 dies;
1036 5083 1145 5135 dies
1170 5083 1323 5137 abit?
1348 5097 1452 5136 nox
1473 5083 1699 5137 advenit.
1719 5084 1810 5137 Vi-

221 5159 450 5210 deamus
480 5153 695 5223 fruges:
723 5153 1002 5208 seminatio
1029 5154 1184 5222 grani
1215 5152 1472 5221 quomodo
1497 5153 1612 5220 fiat.
1658 5153 1809 5206 Exiit

224 5227 543 5288 seminator,
591 5235 639 5277 et
671 5224 799 5292 jecit
844 5240 1015 5277 semen
1053 5223 1106 5275 in
1163 5235 1378 5283 terram,
1415 5223 1681 5292 jactisque
1727 5241 1810 5288 se-

226 5297 484 5356 minibus,
520 5312 637 5364 qua:
691 5295 846 5347 arida
881 5305 932 5348 et
978 5292 1122 5346 nuda
1162 5293 1456 5346 ceciderunt
1493 5294 1545 5345 in
1589 5304 1806 5358 terram,

225 5363 629 5428 dissoluuntur;
665 5364 851 5418 deinde
873 5381 935 5418 ea
971 5379 1036 5417 ex
1057 5363 1425 5425 dissolutione,
1459 5380 1654 5433 magna
1698 5364 1808 5417 Do-

228 5439 362 5490 mini
390 5435 734 5506 prooidentite
762 5445 989 5503 potestas
1043 5435 1358 5506 resuscitgt;
1409 5443 1564 5506 atque
1602 5449 1665 5486 ex
1703 5451 1809 5506 uno

229 5503 464 5576 fructum
496 5505 737 5574 pluribus
774 5516 987 5576 auctum
1013 5505 1232 5574 profert.
1266 5503 1439 5574 Epist.
1469 5503 1520 5566 1,
1552 5519 1674 5573 cap.
1715 5505 1806 5560 21.

305 5578 419 5640 (20)
456 5577 620 5639 una,
649 5591 770 5645 cap.
803 5575 894 5630 25.

304 5647 417 5714 (21)
459 5643 783 5710 Tillemont,
831 5653 962 5700 tom.
987 5645 1053 5708 ll,
1105 5643 1379 5699 Mémoires
1407 5659 1539 5712 pour
1571 5645 1735 5696 servir
1777 5645 1809 5696 ὰ

229 5718 512 5774 [Histoire
551 5717 716 5773 cccles
750 5757 764 5784 ,
806 5731 926 5789 pag.
977 5717 1098 5782 117,
1145 5716 1422 5778 observat,
1453 5714 1508 5768 S.
1545 5715 1806 5786 Cyrillum

1453 286 1793 344 PROiEMlA
1830 285 2212 347 VARIORUM.

1822 410 1866 466 Α
1895 407 2064 462 altera
2095 425 2224 464 vero
2253 411 2600 480 omnipotens
2629 419 2734 478 est,
2759 419 2817 467 ut
2846 428 2968 484 quae
3015 416 3284 486 promisit,
3312 417 3491 475 adimo

1831 1758 1873 1813 Β

1832 3121 1874 3179 C

3387 297 3489 352 166

1899 501 2043 569 pleat
2072 521 2086 557 :
2119 519 2252 574 ergo
2277 504 2484 575 absque
2533 506 2644 559 ulla
2689 511 3062 564 controversia
3108 526 3339 580 corpora
3387 529 3491 568 no-

1900 601 2016 648 stra
2056 606 2363 668 resurgent.
2414 598 2813 671 Argumentum
2865 601 2989 666 hoc,
3037 602 3214 657 dicam
3266 604 3488 674 iterum,

1900 688 2167 758 cujusque
2191 690 2457 745 increduli
2493 694 2858 762 pervicaciam
2888 703 3183 764 expugnat.

1972 780 2038 834 In
2049 784 2263 852 propria
2276 800 2432 837 carne
2446 787 2638 838 mortui
2655 785 3078 857 resurgent.—ln
3095 789 3333 843 secunda
3351 807 3488 846 vero

1899 873 2011 944 (24)
2043 874 2270 944 epistola
2295 889 2553 944 expresse
2577 877 2793 941 asserit,
2827 877 2972 945 quod
3005 877 3057 930 in
3083 881 3300 949 propria
3325 897 3490 938 carne

1902 974 2093 1020 nostra
2118 982 2486 1037 resurgemus,
2507 970 2729 1038 proprio
2753 978 2941 1024 nostro
2963 985 3192 1040 corpore
3219 973 3488 1028 bonorum

1899 1071 2131 1126 operum
2159 1060 2462 1113 mercedem
2490 1060 2834 1129 recipiemus.
2865 1059 2979 1114 Nos
3012 1063 3066 1114 in
3095 1062 3193 1116 hac
3222 1081 3399 1129 carne,
3432 1068 3492 1121 ὲν

1899 1146 2073 1217 ταύτῃ
2114 1149 2180 1218 τῇ
2226 1148 2418 1219 σαρκί,
2450 1148 2736 1202 mercedem
2785 1150 3113 1217 recipiemus.
3170 1150 3391 1206 Summa
3434 1153 3490 1207 in

1900 1254 2069 1310 parvo
2100 1239 2202 1292 hoc
2241 1247 2389 1293 textu
2422 1239 2672 1309 praecisio
2702 1241 2996 1310 reperitur,
3036 1248 3090 1295 et
3140 1243 3273 1296 nulli
3319 1245 3484 1315 tergi-

1902 1329 2200 1384 versationi
2232 1329 2388 1384 locus
2427 1337 2694 1387 remanet.

2212 1418 2239 1490 §
2277 1418 2365 1474 IV.
2399 1419 2476 1474 De
2507 1419 2802 1474 hierarchia
2828 1421 3204 1476 ecclesiastica.

1973 1508 2214 1565 Plurima
2235 1510 2379 1565 haud
2408 1510 2543 1566 levis
2565 1513 2824 1566 momenti
2840 1512 3006 1566 tradit
3020 1521 3270 1568 vetustus
3285 1513 3372 1567 hic
3386 1513 3492 1568 Pa-

1901 1605 2142 1659 tercirca
2163 1603 2596 1659 ecclesiasticum
2623 1605 2893 1659 ordinem.
2952 1604 3135 1660 Primo
3163 1608 3279 1660 vult
3307 1608 3492 1664 omnia

1905 1695 1960 1750 in
1991 1695 2234 1751 Ecclesia
2285 1695 2536 1750 ordinate
2584 1695 2722 1750 fieri.
2757 1693 2982 1760 Cuncta,
3024 1697 3202 1766 inquit
3235 1698 3323 1751 ille
3353 1698 3490 1767 (25),

1901 1788 2086 1842 ordine
2119 1787 2364 1842 debemus
2388 1787 2582 1858 facere,
2615 1803 2733 1857 qua:
2766 1804 2859 1841 nos
2897 1787 3155 1841 Dominus
3177 1788 3342 1856 jussit
3371 1807 3492 1859 per-

1902 1897 2095 1950 agere:
2127 1881 2341 1934 statutis
2384 1879 2703 1949 temporibus
2735 1879 3025 1934 oblationes
3068 1887 3117 1933 et
3161 1882 3328 1950 o/Iicia
3374 1897 3487 1950 per-

1901 1973 2011 2042 ﬁci,
2058 1989 2218 2042 neque
2268 1982 2454 2026 temere
2484 1973 2561 2026 vel
2594 1971 2894 2026 inordinate
2944 1973 3061 2041 ﬁeri
3112 1975 3376 2042 praecepit,
3401 1975 3493 2029 sed

1900 2067 2180 2135 prce/initis
2209 2064 2528 2134 temporibus
2557 2072 2606 2118 et
2631 2063 2774 2117 horis
2799 2079 2816 2117 :
2841 2063 2929 2116 ubi
2955 2065 3114 2117 etiam
3148 2074 3198 2117 et
3241 2083 3273 2118 a
3305 2066 3492 2136 quibus

1901 2157 2155 2212 celebrari
2182 2159 2312 2222 uult,
2345 2159 2456 2227 ipse
2497 2172 2594 2211 sua
2623 2155 3066 2210 excellentissima
3097 2156 3365 2212 voluntate
3401 2157 3497 2210 de-

1902 2251 2094 2320 ﬁnivit,
2121 2260 2179 2304 ut
2211 2267 2339 2320 pure
2366 2259 2416 2305 et
2457 2258 2635 2305 sancte
2681 2264 2859 2302 omnia
2888 2248 3033 2317 facta
3062 2250 3117 2306 in
3148 2250 3489 2318 beneplacito,

1902 2351 2115 2412 accepta
2156 2353 2328 2398 essent
2367 2344 2626 2398 voluntati
2668 2343 2806 2414 ejus.
2853 2342 3079 2413 Semper
3107 2344 3273 2414 igitur
3303 2343 3357 2396 in
3390 2343 3495 2396 Ec:

1902 2434 2066 2489 clesia
2120 2449 2220 2504 pro
2270 2435 2637 2490 celebratione
2690 2436 2861 2490 divini
2906 2433 3164 2489 sacrificii
3219 2435 3493 2505 assignata

1903 2524 2128 2581 fuerunt
2159 2526 2298 2589 loca,
2326 2534 2572 2596 tempora
2605 2542 2669 2583 ac
2699 2543 2965 2598 personae.

1974 2615 2146 2688 Magis
2175 2625 2357 2672 autem
2398 2619 2589 2685 instat,
2628 2621 2808 2689 quoad
2838 2618 3263 2674 ecclesiasticam
3297 2616 3497 2671 subor-

1902 2707 2236 2762 dinationem
2262 2725 2276 2761 :
2311 2706 2528 2762 Summo
2557 2708 2757 2779 quippe
2784 2707 3068 2770 sacerdoti,
3111 2709 3185 2761 ait
3234 2707 3322 2762 ille
3353 2707 3491 2778 (26),

1902 2816 2000 2854 sua
2030 2802 2212 2852 munia
2260 2799 2460 2853 tributa
2506 2809 2649 2866 sunt,
2700 2809 2748 2854 et
2797 2799 3154 2855 sacerdotibus
3189 2798 3330 2852 locus
3369 2813 3495 2867 pro—

1900 2893 2046 2962 prius
2075 2893 2377 2961 assignatus
2406 2900 2504 2956 est,
2538 2899 2586 2946 et
2621 2892 2786 2946 levitis
2838 2910 2935 2946 sua
2967 2892 3261 2945 ministeria
3289 2893 3492 2943 incum-

1904 2988 2065 3048 bunt;
2092 2984 2244 3038 homo
2277 2984 2464 3050 laicus,
2486 2983 2669 3048 λαῖκὸς
2703 2985 3005 3056 ἄνθρωπος,
3039 2983 3311 3050 praeceptis
3342 2982 3493 3036 laicis

1907 3076 2303 3146 constringitur.
2335 3075 2412 3129 E‘x
2442 3076 2643 3146 quibus
2691 3075 2966 3130 concludit
3006 3074 3117 3146 (27)
3147 3093 3159 3128 :
3200 3072 3496 3143 Unusquis-

1906 3184 2004 3238 que
2031 3175 2280 3230 vestrum,
2310 3166 2527 3234 fratres,
2552 3167 2606 3220 in
2630 3176 2773 3219 statu
2799 3183 2894 3220 suo
2920 3168 3122 3238 gratias
3149 3165 3254 3218 Deo
3278 3165 3490 3229 habeat,

1906 3258 1962 3312 in
1995 3258 2130 3313 bona
2159 3260 2479 3314 conscientia
2517 3259 2727 3328 degens,
2761 3275 2864 3312 non
2915 3257 3302 3328 transgrediens
3354 3272 3493 3322 pra:-

1907 3350 2158 3419 scriptam
2193 3351 2423 3403 muneris
2449 3351 2532 3403 sui
2556 3349 2810 3419 regulam,
2841 3350 2894 3401 in
2927 3348 3211 3402 honestate.
3239 3347 3493 3401 Conside-

1909 3459 2080 3496 remus
2123 3458 2232 3504 eos,
2281 3440 2444 3494 habet
2488 3438 2604 3508 ipse
2649 3437 2780 3491 alibi
2821 3437 2956 3508 (28).
2989 3436 3078 3508 qui
3142 3434 3234 3489 sub
3273 3434 3493 3491 ducibus

1908 3536 2103 3590 nostris
2149 3540 2366 3597 merent,
2399 3547 2558 3601 quam
2598 3530 2859 3594 ordinate,
2883 3546 3041 3599 quam
3071 3538 3302 3589 strenue,
3334 3542 3493 3598 quam

1907 3628 2164 3684 submisse
2187 3627 2447 3695 imperata
2472 3630 2841 3692 exsequantur.
2869 3619 2993 3674 Non
3011 3637 3188 3674 omnes
3209 3628 3328 3673 sunt
3355 3635 3495 3687 pra:-

1909 3721 2050 3790 fecti,
2079 3734 2238 3789 neque
2286 3717 2503 3780 tribuni,
2553 3731 2713 3784 neque
2755 3713 3103 3777 centuriones,
3130 3727 3290 3780 neque
3336 3711 3492 3779 quin-

1908 3815 2161 3886 quaginta
2189 3812 2417 3865 militum
2438 3809 2694 3879 prtefecti,
2733 3823 2895 3877 neque
2924 3805 3344 3875 consequentium
3367 3820 3493 3873 gra-

1909 3906 2106 3969 duum;
2139 3903 2228 3959 sed
2260 3903 2610 3972 unusquisque
2655 3901 2709 3952 in
2744 3915 2838 3952 suo
2875 3897 3054 3951 ordine
3092 3896 3155 3949 ab
3182 3897 3494 3964 imperatore

1909 4009 1957 4053 et
1981 3995 2201 4050 ducibus
2229 3992 2488 4048 mandata
2519 3992 2741 4062 peragit.
2786 3988 2925 4044 Hinc
2959 3988 3283 4056 conjicimus
3313 3987 3491 4057 qualis

1909 4096 2055 4146 esset
2084 4087 2275 4158 primis
2322 4085 2578 4140 Ecclesia:
2615 4082 2953 4152 temporibus
2989 4080 3389 4143 subordinatio,
3431 4080 3488 4134 in

1911 4179 2216 4234 ministerio
2269 4183 2322 4232 et
2378 4174 2768 4232 ecclesiasticis
2810 4173 3199 4242 dignitatibus;
3235 4169 3488 4240 episcopi

1911 4275 2121 4329 scilicet
2149 4270 2460 4327 eminebant
2496 4283 2660 4338 super
2708 4267 2983 4335 simplices
3029 4264 3360 4326 sacerdotes,
3393 4277 3487 4318 sa-

1912 4363 2159 4416 cerdotes
2189 4376 2318 4415 vero
2364 4374 2527 4430 super
2556 4358 2837 4424 diaconos,
2876 4365 2929 4411 et
2968 4355 3266 4427 generatim
3296 4353 3485 4410 clerici

1843 4477 1888 4532 ι)
1913 4466 2076 4520 super
2105 4451 2297 4507 laicos.

1984 4542 2171 4597 Missio
2201 4543 2558 4611 apostolorum
2588 4551 2637 4596 et
2659 4541 3038 4610 episcoporum,
3070 4538 3159 4610 qui
3184 4539 3236 4592 in
3255 4539 3488 4607 {illorum

1914 4636 2085 4689 locum
2109 4636 2315 4704 suffecti
2341 4643 2482 4689 sunt.
2511 4665 2580 4674 —
2605 4633 2869 4699 Quoniam
2900 4631 2966 4685 de
3000 4631 3370 4686 ecclesiastico
3394 4647 3486 4685 or-

1912 4725 2038 4780 dine
2084 4726 2377 4795 loquimur,
2433 4724 2486 4777 id
2533 4724 2588 4777 in
2640 4723 2874 4778 medium
2919 4722 3112 4777 afferre
3158 4738 3482 4792 possumus,

1912 4815 2057 4886 quod
2087 4816 2245 4871 docet
2288 4823 2518 4871 sanctus
2544 4815 2796 4869 Clemens
2823 4813 2970 4867 circa
3003 4813 3316 4868 missionem
3349 4829 3484 4883 apo-

1912 5013 2467 5086 }lierosolymitanum
2515 5015 2659 5069 inter
2701 5022 2927 5069 caeteros
2966 5013 3070 5086 hoc
3119 5027 3280 5086 usum
3313 5009 3484 5086 fuisse

1912 5087 2023 5140 divi
2044 5082 2339 5141 Clementis
2374 5087 2527 5150 loco;
2560 5086 2767 5155 absque
2795 5100 2882 5148 eo,
2917 5084 3060 5153 quod
3098 5085 3259 5155 ill_um_
3276 5082 3484 5155 erroris

1914 5158 2192 5211 insimulet
2222 5174 2234 5208 :
2260 5156 2403 5224 quod
2443 5155 2661 5224 quidem
2681 5152 2903 5225 peregit
2930 5152 2982 5207 in
3017 5170 3115 5210 sua
3143 5153 3362 5208 Catbes.
3393 5152 3482 5207 18.

2005 5227 2096 5292 22)
2131 5226 2302 5294 Epist.
2338 5227 2362 5280 1
2401 5225 2796 5295 Clement.cap.
2827 5225 2915 5279 27.

2005 5299 2094 5359 25)
2125 5292 2346 5362 Quando
2378 5296 2486 5349 vult
2514 5305 2562 5347 et
2585 5292 2838 5360 quomodo
2867 5295 2993 5359 uult,
3023 5294 3200 5348 omnia
3228 5292 3406 5361 faciet.

1984 5365 2096 5502 (24)
2133 5368 2300 5435 Epist.
2328 5366 2383 5428 2,
2411 5381 2530 5434 cap.
2562 5365 2617 5419 9.

1985 5437 2075 5502 (25
2128 5437 2299 5502 Epist.
2333 5438 2385 5500 1,
2412 5452 2532 5502 cap.
2557 5436 2617 5490 Ml

2006 5436 2096 5502 25)
2128 5437 2299 5505 Epist.
2333 5438 2385 5500 1,
2412 5452 2532 5504 cap.
2557 5436 2647 5490 40.

2005 5508 2096 5576 26)
2128 5508 2261 5561 Ibid.

2004 5575 2094 5644 27)
2126 5577 2285 5640 lbid-.,
2311 5590 2431 5644 cap.
2455 5575 2544 5628 41.

1982 5639 2096 5722 (28)
2129 5648 2291 5714 lbid.,
2316 5639 2438 5717 cap.
2475 5645 2564 5700 37.

1982 5437 2002 5652 ἒ
