3936 6172
450 294 551 357 107
1583 280 1672 336 AD
1713 276 1773 333 S.
1809 270 2060 333 CLEMEI

2165 268 2238 327 ΞΜ
2280 267 2299 323 l
2332 266 2562 324 PAPAM
3610 251 3720 309 168

445 415 712 473 ειοῑοιιιιιιι
738 417 794 467 et
820 411 1225 482 episcoporum,
1250 400 1347 475 qul
1378 400 1526 474 ipsos
1560 403 1691 454 sunt
1718 389 2020 452 subsecuti.
2051 391 2101 451 Α
2126 387 2396 457 proprium
2427 401 2616 453 corpus
2667 382 2971 438 seditionem
3022 378 3269 449 facimus,
3306 390 3467 446 eoque
3495 376 3722 429 vesania

449 466 763 576 Dii-citergo
814 466 954 572 quod
998 466 1227 569 dpostoli
1268 466 1416 549 nobii
1462 487 1950 558 evangelisaoerant
2002 496 2037 535 α
2136 479 2454 543 devenimus,
2486 486 2543 530 ut
2567 476 2701 530 alios
2741 474 2967 528 aliorum
3008 469 3241 525 membra
3281 484 3391 522 esse
3437 466 3723 521 oblivisca-

448 598 675 655 Domino
703 573 833 651 lesu
863 593 1076 649 Christo
1112 588 1285 653 missi,
1314 595 1364 641 et
1397 582 1555 638 Iesus
1585 579 1827 636 Christus
1862 592 1896 629 a
1926 573 2036 628 Deo

449 697 677 757 missus;
714 692 929 763 ideoque
956 695 1043 744 'est
1085 687 1280 743 missus
1308 682 1464 737 Iesus
1506 676 1748 734 Christus
1772 691 1804 727 a
1833 671 1962 737 Deo,
1987 679 2039 725 et

448 784 678 857 apostoli
722 800 759 837 a
802 780 1048 843 Christo;
1094 785 1316 846 utraque
1350 780 1527 826 autem
1572 767 1755 823 missio
1784 765 1930 836 facta
1960 770 2040 818 est

448 851 741 930 ordinatim
790 886 861 926 es:
898 870 1166 925 uoluntate
1208 864 1328 919 Dei.
1359 861 1589 931 Insuper
1622 855 1770 928 quod
1813 851 2042 925 apostoli

451 966 678 1037 acceptis
703 962 991 1028 mandatis,
1021 970 1072 1015 et
1118 968 1259 1013 certo
1304 954 1546 1027 persuasi
1584 967 1673 1021 per
1698 946 2042 1003 resurrectio-

452 1077 569 1115 nem
592 1058 806 1112 Domini
834 1056 1001 1110 nostri
1032 1053 1163 1107 Jesu
1194 1048 1414 1113 Christi,
1445 1056 1493 1101 et
1530 1048 1582 1101 in
1615 1044 1718 1116 ﬁde
1740 1036 2044 1111 conﬁrmati

452 1167 545 1221 per
568 1148 778 1203 uerbum
812 1146 929 1211 Dei,
966 1160 1084 1197 cum
1124 1141 1297 1196 sancti
1343 1138 1577 1209 Spiritus
1613 1131 1938 1204 plenitudine
1980 1143 2044 1182 ac

455 1242 736 1297 securitate
755 1238 953 1309 egressi
977 1243 1121 1297 sunt,
1154 1233 1529 1287 annuntiantes
1565 1227 1912 1282 aduenturum
1934 1236 2046 1275 esse

455 1348 674 1403 regnum
705 1330 801 1384 Dei
832 1345 849 1382 :
880 1326 1228 1398 prwdicantes
1260 1324 1447 1394 igitur,
1482 1317 1698 1374 tandem
1742 1311 2044 1376 concludit,

456 1440 549 1493 per
586 1423 818 1493 regiones
855 1429 908 1474 et
946 1418 1121 1484 urbes,
1168 1415 1437 1486 primitias
1475 1427 1658 1467 earum
1698 1409 1887 1478 spiritu
1928 1422 2048 1461 cum

454 1516 788 1584 probassent,
819 1514 875 1567 in
901 1512 1166 1581 episcopos
1195 1517 1244 1563 et
1264 1506 1519 1561 diaconos
1549 1518 1730 1559 eorum
1758 1500 1848 1571 qui
1872 1498 2047 1554 credi-

461 1608 572 1662 turi
621 1615 796 1670 erant,
847 1603 1257 1658 constituerunt.
1306 1597 1488 1668 Neque
1527 1596 1624 1650 hoc
1653 1609 1869 1658 nouum,
1896 1590 2049 1645 addit

458 1707 686 1757 sanctus
730 1695 972 1769 pontifex
999 1714 1012 1750 :
1046 1711 1079 1748 a
1109 1692 1289 1747 multis
1331 1690 1472 1744 enim.
1493 1684 1817 1758 temporibus
1844 1684 1907 1739 de
1934 1681 2049 1750 epi-

459 1793 632 1859 scopis
660 1799 712 1846 et
756 1788 998 1844 diaconis
1042 1786 1297 1854 scriptum
1319 1781 1630 1852 fuerat;slc
1659 1779 1800 1834 enim
1846 1775 2050 1831 alicubi

459 1885 590 1940 dicit
619 1883 895 1953 Scriptura
918 1897 936 1935 :
957 1880 1292 1935 Constituam
1313 1876 1581 1946 episcopos
1602 1888 1785 1927 eorum
1806 1872 1865 1925 in
1883 1869 2052 1940 justi-

463 1978 540 2031 tia
565 1986 616 2031 et
644 1975 897 2029 diaconos
923 1987 1105 2028 eorum
1137 1971 1191 2024 in
1219 1967 1323 2039 ﬁde
1353 1966 1487 2039 (29).
1515 1964 1594 2019 Ex
1624 1963 1779 2020 Isaia:
1811 1977 1935 2031 cap.
1956 1975 2049 2026 LI,

460 2085 627 2127 versu
658 2069 747 2131 17,
773 2066 987 2121 videtur
1016 2071 1198 2119 textus
1225 2062 1330 2118 iste
1352 2067 1666 2130 excerptus,
1695 2055 1786 2112 ubi
1810 2053 1944 2125 quid
1974 2053 2053 2109 si-

465 2162 597 2216 mile
632 2159 865 2230 legitur;
896 2157 989 2211 alii
1020 2163 1203 2211 autem
1231 2154 1387 2209 illum
1416 2166 1486 2208 ex
1521 2151 1707 2221 aliquo
1740 2145 2055 2221 apocrypbo

466 2252 614 2307 libro
643 2250 981 2320 exscriptum
1006 2255 1220 2319 putant.

532 2340 731 2398 Paucis
760 2340 1064 2411 interiectis
1106 2340 1173 2395 de
1212 2336 1436 2410 injustis
1468 2335 1737 2391 bonorum
1767 2338 2055 2403 pastorum

464 2435 901 2506 depositionibus
932 2432 1084 2488 addit
1127 2439 1353 2488 sanctus
1371 2428 1641 2492 Pontifex,
1665 2425 1804 2498 quod
1832 2422 2060 2494 apostoli

464 2535 833 2598 cognoscentes
860 2541 951 2595 per
974 2524 1261 2577 Dominum
1287 2530 1528 2577 nostrum
1550 2519 1734 2573 Jesum
1762 2515 2056 2579 Christum,

465 2618 606 2691 quod
641 2618 885 2686 temporis
914 2615 1138 2671 decursu
1171 2622 1304 2670 esset
1345 2612 1604 2668 contentio
1627 2610 1690 2664 de
1719 2608 1929 2664 nomine
1950 2607 2061 2676 epi-

467 2720 751 2781 scopatus;
778 2709 838 2763 ob
863 2725 978 2763 eam
1006 2724 1226 2763 causam
1267 2713 1481 2776 accepta
1511 2704 1743 2775 perfecta
1769 2700 2063 2772 cognitione

469 2819 795 2858 successores
825 2801 927 2856 sibi
947 2800 1355 2865 constituerunt,
1380 2808 1429 2854 et
1450 2798 1686 2868 deinceps
1718 2796 1912 2866 futurte
1943 2808 2064 2848 suc-

470 2896 726 2951 cessionis
762 2895 999 2966 regulam
1026 2892 1361 2948 tradiderunt
1386 2892 1498 2965 ('50)
1528 2899 1587 2944 ut
1622 2905 1742 2945 cum
1777 2887 1861 2942 illi
1886 2884 2064 2940 deces-

471 2991 688 3052 sissent,
719 2988 1073 3041 ministerium
1095 3002 1277 3040 eorum
1301 3002 1364 3040 ac
1394 3000 1584 3039 munus
1609 2982 1705 3036 alii
1732 2980 1831 3035 uiri
1854 2976 2064 3049 probati

2138 572 2295 627 mur?
2333 566 2699 624 Recordamini
2751 564 3022 621 uerborum
3073 561 3286 616 Domini
3333 560 3501 614 nostri
3551 558 3723 623 Iesu;

2139 663 2278 718 dixit
2307 662 2445 717 enim
2474 676 2494 715 :
2529 679 2548 712 ‹
2569 658 2659 714 Va:
2691 658 2891 713 homini
2915 656 2996 710 illi
3021 672 3111 724 per
3130 670 3280 726 quem
3302 650 3613 707 scandalum
3639 667 3726 704 ve—

2141 758 2223 813 nit
2251 756 2297 787 "
2325 753 2340 807 ι
2378 752 2567 807 bonum
2595 758 2712 805 erat
2744 751 2814 813 ei,
2852 750 2903 804 si
2930 757 3088 802 natus
3118 763 3221 800 non
3259 746 3445 815 fuisset
3471 744 3538 807 ",
3564 758 3727 813 quam

2143 858 2201 901 ut
2230 863 2392 901 unum
2413 861 2478 901 ex
2515 844 2692 899 electis
2724 843 2850 897 meis
2870 840 3291 895 scandalizaret:
3316 838 3501 891 melius
3524 845 3636 888 erat
3666 841 3727 886 ut

2141 940 2191 994 ei
2238 939 2379 993 mola
2444 940 2921 1007 circumponeretur
2959 941 3009 987 et
3044 934 3095 986 in
3138 948 3281 985 mare
3321 930 3726 997 demergeretur,

2143 1048 2304 1103 quam
2353 1039 2414 1085 ut
2461 1046 2623 1085 unum
2664 1029 2728 1084 de
2764 1028 2973 1097 pusillis
3012 1026 3138 1079 meis
3178 1022 3565 1078 scandalizaret
3594 1021 3662 1073 ’⁷.
3702 1037 3724 1071 s

2146 1121 2394 1180 Schisma
2422 1132 2654 1179 vestrum
2698 1121 2895 1177 multos
2926 1118 3205 1189 pervertit;
3250 1115 3444 1170 multos
3476 1116 3530 1167 in
3560 1110 3729 1165 animi

2145 1218 2507 1287 dejectionem,
2541 1220 2740 1269 ’omnes
2797 1230 2891 1267 nos
2942 1212 2997 1265 in
3031 1210 3306 1263 tristitiam
3333 1206 3551 1275 conjecit
3588 1203 3729 1274 (32).

2151 1307 2349 1378 Turpia
2394 1315 2539 1372 sunt,
2574 1306 2771 1368 dilecti,
2804 1302 3153 1374 prosequitur
3202 1307 3426 1355 sanctus
3452 1295 3731 1355 Clemens,

2149 1418 2212 1456 ac
2271 1399 2422 1457 ualde
2466 1400 2665 1468 turpia,
2708 1407 2757 1452 et
2788 1395 3097 1451 Christiana
3160 1390 3548 1446 conversatione
3597 1386 3739 1439 indi—

2149 1512 2274 1566 gna,
2327 1492 2506 1547 audiri
2540 1490 2901 1562 ﬁrmissimam
2952 1494 3001 1541 et
3043 1485 3315 1555 antiquam
3338 1480 3737 1535 Corinthiorum

2150 1587 2445 1642 Ecclesiam
2468 1593 2679 1655 propter
2708 1597 2871 1636 unum
2893 1589 2985 1634 aut
3007 1579 3233 1634 alterum
3255 1577 3511 1630 hominem
3548 1582 3740 1626 contra

2150 1679 2475 1751 presbyteros
2506 1676 2812 1731 seditionem
2850 1690 3068 1728 movere.
3109 1672 3280 1741 Atque
3328 1671 3371 1724 is
3415 1684 3597 1722 rumor
3634 1684 3739 1720 non

2078 1739 2122 1796 Β
2150 1739 2357 1827 tantum
2386 1769 2455 1824 ad
2475 1786 2574 1824 nos
2600 1768 2850 1838 peruenit,
2880 1764 2971 1821 sed
2994 1764 3062 1819 ad
3085 1781 3173 1819 eos
3195 1739 3395 1835 quoque
3414 1762 3503 1833 qui
3530 1778 3562 1814 a
3584 1760 3739 1814 nobis

2151 1864 2313 1920 alieni
2336 1870 2458 1917 sunt
2483 1862 2662 1915 animo
2683 1870 2731 1915 et
2754 1860 3035 1922 sententia,
3060 1857 3192 1912 adeo
3214 1869 3273 1911 ut
3286 1866 3495 1925 propter
3511 1865 3740 1909 vestram

2151 1956 2511 2027 insipientiam
2525 1955 2685 2009 etiam
2711 1952 3048 2018 blasphemia:
3076 1960 3123 2004 et
3148 1950 3383 2003 conuicia
3407 1948 3606 2001 nomini
3631 1946 3743 1999 Do«

2159 2050 2293 2106 mini
2316 2049 2637 2119 inferantur.
2660 2066 2678 2099 ‹
2707 2044 2867 2101 Vobts
2891 2053 3063 2099 autem
3077 2043 3364 2114 periculum
3386 2051 3621 2101 creatur,
3652 2056 3744 2095 oc-

2157 2142 2427 2197 casionem
2440 2140 2581 2194 hisce
2610 2138 2947 2210 blasphemiis
2959 2136 3255 2206 prwbendo.
3280 2154 3298 2188 ι
3318 2133 3442 2189 Haec
3454 2142 3537 2190 est
3560 2132 3745 2204 imago

2153 2250 2321 2306 quam
2344 2234 2413 2289 de
2432 2232 2806 2300 schismate,et
2819 2231 2888 2286 de
2909 2229 3067 2285 malis
3109 2243 3230 2300 quae
3248 2226 3372 2283 inde
3394 2242 3748 2297 consequun-

2158 2332 2270 2392 tur,
2294 2337 2519 2383 sanctus
2555 2326 2657 2381 iste
2695 2322 2939 2397 pontifex
2961 2321 3224 2392 depingit.
3257 2319 3553 2375 Videamus
3582 2318 3751 2374 modo

2157 2432 2408 2489 quaenam
2434 2416 2673 2474 remedia
2710 2415 3014 2472 Corinthiis
3043 2411 3362 2484 praescribat
3403 2417 3463 2467 ut
3500 2426 3534 2465 a
3580 2410 3751 2481 spiri-

2159 2510 2295 2565 tuali
2338 2510 2442 2564 hac
2474 2509 2799 2579 contagione
2820 2507 3141 2562 liberentur.

2230 2600 2480 2656 Remedia
2507 2610 2694 2655 contra
2714 2600 2965 2655 schisma.
2992 2597 3252 2652 Hortatur
3273 2594 3416 2662 illos,
3435 2602 3498 2649 ut
3518 2592 3753 2649 Domino

2161 2693 2407 2749 accidant
2427 2703 2476 2748 et
2503 2693 2780 2763 plangant,
2818 2700 3028 2745 orantes
3052 2689 3266 2755 eum,'ut
3288 2687 3545 2758 propitius
3571 2686 3752 2755 factus

2161 2786 2524 2841 reconcilietur
2550 2786 2682 2850 illis,
2725 2793 2880 2854 atque
2920 2783 2977 2837 in
3016 2782 3263 2836 decoram
3303 2788 3353 2834 et
3393 2787 3603 2832 castam
3633 2778 3750 2848 fra-

2163 2879 2300 2934 terni
2333 2879 2530 2932 amoris
2570 2879 2704 2932 viam
2751 2877 2874 2931 illos
2910 2875 3129 2930 reducat
3172 2873 3307 2946 ('55).
3344 2870 3473 2927 Vult
3504 2871 3678 2942 igitur
3700 2880 3756 2923 ut

2163 2969 2387 3025 humiles
2409 2986 2464 3025 se
2488 2970 2626 3039 ipsos
2653 2968 2922 3039 praebeant
2963 2984 3065 3022 non
3106 2966 3278 3020 solum
3302 2964 3433 3026 Deo,
3455 2962 3548 3018 sed
3576 2973 3630 3017 et
3661 2963 3757 3016 toti

470 3080 761 3147 exciperent
794 3076 927 3149 (51).
956 3076 1288 3132 Constitutos
1318 3077 1497 3147 itaque
1526 3073 1591 3128 ab
1614 3072 1724 3128 illis
1752 3068 2063 3143 (prosequi-
2090 3096 2134 3159 Ο
2166 3072 2431 3118 terrarum
2468 3062 2621 3128 orbi,
2662 3070 2719 3115 ut
2765 3060 3029 3130 publicam
3073 3059 3360 3113 utilitatem
3397 3055 3759 3126 peculiaribus

472 3179 564 3227 tur
589 3177 813 3226 sanctus
842 3168 1115 3240 Pontifex)
1144 3167 1221 3223 vel
1260 3167 1501 3236 deinceps
1530 3165 1595 3221 ab
1636 3165 1759 3219 aliis
1788 3165 1913 3218 viris
1948 3165 2062 3219 exi-

475 3264 620 3327 miis,
645 3262 998 3316 consentiente
1023 3278 1085 3315 ac
1109 3259 1482 3330 comprobante
1509 3260 1758 3315 universa
1789 3259 2061 3326 Ecclesia;

474 3357 566 3426 qui
595 3355 861 3424 inculpate
884 3355 1008 3410 ouili
1042 3354 1243 3410 Christi
1274 3354 1709 3409 ministrauerunt
1735 3370 1855 3409 cum
1885 3353 2065 3409 humi-

474 3449 646 3513 litate,
679 3448 869 3520 quiete,
900 3463 992 3503 nec
1023 3447 1379 3512 illiberaliter,
1425 3448 1613 3517 quique
1643 3446 1796 3517 longo
1837 3455 2065 3516 tempore

477 3538 543 3592 ab
571 3538 809 3593 omnibus
844 3538 1201 3592 testimonium
1229 3537 1545 3608 praclarum
1586 3547 1943 3608 reportarunt,
1970 3538 2063 3593 hos

476 3636 723 3697 putamus
756 3626 920 3697 ofﬁcio
966 3626 1161 3697 injuste
1204 3625 1364 3696 dejici
1392 3641 1410 3679 :
1438 3642 1597 3698 neque
1642 3628 1781 3681 enim
1828 3628 1933 3681 leue
1963 3628 2065 3681 erit

476 3727 767 3787 peccatum,
797 3718 844 3771 si
868 3733 955 3772 eos
981 3718 1069 3788 qui
1097 3718 1236 3771 citra
1256 3717 1523 3788 querelam
1550 3730 1600 3773 et
1624 3727 1801 3773 sancte
1839 3718 2067 3789 o/I'erunt

478 3809 640 3875 dona,
671 3810 969 3878 episcopatu
1010 3810 1411 3879 privaverimus.
1444 3809 1623 3866 Habes
1667 3810 1830 3866 modo
1859 3827 1980 3883 quae
2009 3813 2066 3867 in

480 3909 674 3956 sancto
701 3901 980 3956 Clemente
1003 3909 1304 3958 memoratu
1327 3901 1462 3957 mihi
1483 3902 1602 3957 visa
1628 3900 1850 3958 fuerunt
1878 3904 2064 3974 digna,

479 3992 662 4067 quoad
682 3992 930 4047 ordinem
959 3992 1073 4049 sive
1102 3993 1531 4049 ecclesiasticam
1564 3992 1951 4050 hierarchiam.

558 4084 848 4139 lnstructio
877 4081 1125 4137 adversus
1154 4082 1538 4138 schismaticos.
1564 4112 1635 4123 —
1661 4081 1966 4154 Antequam
1999 4083 2068 4139 ad

484 4192 701 4233 morum
756 4174 1054 4242 veritates,
1111 4190 1249 4245 quas
1301 4173 1467 4229 tradit
1517 4182 1742 4230 sanctus
1792 4175 2067 4240 Clemens,

484 4268 712 4338 gradum
732 4266 1017 4332 faciamus,
1038 4266 1323 4331 nonnulla,
1346 4281 1467 4337 quas
1484 4267 1727 4322 schisma
1744 4267 2067 4337 respiciunt,

488 4366 616 4415 sunt
658 4359 748 4414 hic
781 4358 1096 4415 asserenda.
1147 4357 1366 4429 thuid,
1405 4359 1599 4415 scribit
1637 4359 1727 4414 ille
1768 4359 1835 4413 ad
1871 4358 2070 4414 Corin-

2164 3172 2346 3211 eorum
2394 3155 2683 3212 commodis
2712 3153 3021 3224 praeferant,
3054 3166 3116 3204 ac
3147 3150 3454 3204 eharitatem
3500 3148 3757 3219 diligant,

2165 3250 2404 3306 divinam
2449 3248 2661 3304 scilicet
2699 3246 2955 3302 virtutem
2999 3244 3167 3307 illam,
3207 3260 3330 3316 qua:
3382 3244 3760 3299 essentialiter

2164 3351 2249 3399 est
2295 3340 2516 3397 inimica
2560 3336 2867 3394 schismati.
2921 3336 3022 3390 Vos
3079 3336 3263 3406 igitur,
3310 3335 3443 3389 dicit
3500 3335 3753 3405 insuper,

2164 3433 2255 3504 qui
2282 3429 2553 3485 seditionis
2574 3427 2921 3498 fundamenta
2948 3424 3173 3495 jecistis,
3198 3424 3398 3478 subditi
3437 3433 3605 3478 estote
3641 3439 3759 3493 pre-

2164 3523 2472 3594 sbyteris,et
2494 3522 2551 3575 in
2566 3519 2923 3590 paenitentiam
2938 3517 3283 3587 corrigimini,
3301 3515 3566 3585 ﬂectentes
3586 3532 3759 3586 genua

2166 3616 2339 3671 cordis
2366 3615 2557 3679 uestri;
2599 3613 2788 3668 discite
2824 3611 3038 3682 subjici,
3061 3612 3373 3681 deponentes
3416 3621 3761 3680 arrogantem

2165 3718 2218 3765 et
2253 3706 2531 3779 superbam
2560 3706 2755 3776 lingua:
2784 3703 3338 3773 vestrwjactantiam;
3380 3703 3572 3756 melius
3596 3702 3763 3771 siqui-

2166 3803 2286 3858 dem
2312 3801 2456 3857 vobis
2480 3809 2580 3865 est,
2610 3800 2666 3853 in
2694 3798 2818 3854 ovili
2846 3795 3043 3853 Christi
3069 3812 3289 3865 paruos,
3313 3804 3361 3850 et
3391 3795 3647 3864 probatos
3681 3796 3764 3848 in-

2167 3894 2352 3959 ueniri,
2377 3907 2535 3963 quam
2586 3890 2757 3945 altum
2796 3889 3057 3958 sapientes
3083 3903 3111 3941 e
3138 3901 3226 3955 spe
3251 3886 3398 3940 illius
3427 3884 3607 3954 dejici.
3644 3883 3764 3939 Uti-

2168 4002 2296 4042 nam
2319 3985 2501 4056 gravis
2532 3982 2648 4037 baec
2680 3980 2885 4037 veritas
2921 3982 3033 4035 vim
3065 3978 3290 4034 haberet
3324 3992 3490 4047 super
3536 3977 3762 4032 illorum

2170 4081 2431 4145 animum,
2459 4076 2552 4147 qui
2582 4090 2641 4131 se
2675 4075 2744 4129 ab
2771 4073 3019 4128 Ecclesia
3065 4068 3345 4141 separant!
3372 4069 3648 4126 Caeterum
3694 4084 3762 4125 ex

2171 4172 2323 4227 hisce
2348 4168 2582 4233 eruitur,
2606 4166 2986 4223 schismaticos
3006 4164 3074 4219 ab
3096 4163 3356 4218 Ecclesiae
3376 4176 3612 4231 corpore
3636 4176 3767 4217 esse

2172 4263 2403 4327 divisos,
2430 4261 2583 4315 omni
2614 4259 2867 4327 adempta
2901 4257 3097 4313 salutis
3127 4254 3579 4327 spe,quandiuin
3602 4254 3765 4310 dam-

2172 4355 2341 4411 nabili
2370 4354 2473 4408 hac
2503 4352 2776 4408 divisione
2800 4350 3163 4421 perstiterint.

489 4453 632 4508 thios
657 4452 723 4517 ’⁸,
747 4451 884 4506 inter
906 4467 999 4505 nos
1022 4460 1143 4504 sunt
1174 4452 1544 4518 contentiones,
1574 4450 2060 4516 iraz,dissensiones,

2178 4462 2301 4535 ςίν.
2335 4462 2413 4516 De
2442 4461 2743 4531 pmnitentia
2779 4468 2935 4529 atque
2972 4458 3329 4535 observatione
3358 4456 3764 4535 mandatorum.

488 4546 775 4601 schismata
823 4557 874 4598 et
897 4544 1089 4598 bellum
1107 4546 1133 4600 ?
1159 4560 1327 4599 nonne
1355 4560 1520 4599 unum
1543 4542 1714 4598 Deum
1750 4543 1999 4598 habemus
2022 4552 2074 4599 et

490 4654 652 4691 unum
681 4636 992 4693 Christum?
1018 4646 1173 4709 atque
1215 4653 1351 4691 unus
1378 4644 1457 4691 est
1480 4634 1711 4706 Spiritus
1742 4637 1952 4708 gratiae,
1983 4636 2074 4706 qui

489 4728 689 4796 effusus
736 4736 813 4782 est
861 4744 1015 4797 super
1062 4745 1156 4782 nos
1205 4727 1294 4799 (en
1346 4728 1601 4798 explicita
1645 4728 1921 4784 confessio
1970 4727 2071 4783 SS.

492 4818 799 4883 Trinitatis,
824 4829 876 4877 et
901 4823 1068 4876 trium
1099 4823 1155 4876 in
1184 4837 1294 4876 una
1322 4829 1519 4876 natura
1540 4822 1921 4877 distinctarum
1945 4820 2077 4877 Per—

492 4927 752 4967 sonarum
779 4913 933 4984 ﬁdes)
985 4923 1037 4970 et
1093 4932 1201 4970 una
1254 4916 1455 4969 uacatio
1484 4915 1540 4968 in
1567 4913 1820 4971 Christo?
1877 4931 1972 4968 cur
1991 4914 2075 4969 di-

490 5003 733 5058 ducimus
781 5014 831 5059 et
873 5005 1219 5061 distrahimus
1264 5006 1498 5060 membra
1543 5004 1769 5071 Christi,
1807 5014 1858 5061 et
1888 5015 2077 5061 contra

556 5118 605 5149 ’δ
635 5114 655 5168 l
685 5116 813 5171 Cor.
840 5130 943 5181 xu,
976 5114 1069 5172 20.
1146 5115 1193 5148 "
1217 5113 1409 5172 Matth.
1438 5131 1597 5184 xvui,
1630 5114 1686 5172 7.
1760 5116 1807 5149 '°
1836 5114 2030 5172 Matth.
2068 5131 2219 5181 xxvr,
2238 5116 2329 5172 24.

567 5227 681 5296 (29)
711 5226 874 5292 lbid.,
903 5241 1025 5296 cap.
1066 5224 1159 5281 42.

568 5298 681 5367 ('50)
713 5298 876 5360 lbid.,
900 5312 1021 5367 cap.
1052 5298 1142 5351 44.

571 5366 684 5437 (31‘)
712 5368 953 5439 Videtur,
970 5366 1065 5421 hic
1090 5367 1146 5423 S.
1178 5366 1432 5424 Clemens
1457 5367 1687 5425 innuere
1714 5368 1784 5423 ab
1810 5368 2073 5439 apostolis

500 5442 636 5512 ipsis
658 5439 911 5495 traditam
936 5438 1260 5512 fuisse__eam
1288 5438 1656 5512 successionis
1679 5440 1741 5512 in
1763 5440 2075 5512 episcopatu

501 5508 773 5574 normam,
800 5524 924 5580 quae
951 5508 1483 5580 prioribusisteculis
1514 5511 1939 5580 servabatur,ut
1969 5510 2077 5580 sci-

503 5526 773 5574 normam,
800 5525 924 5632 quae
951 5525 1226 5580 pI'IOI'IDllS
1269 5525 1483 5565 saeculis
1514 5525 1851 5573 servabatur,
1880 5525 1939 5562 ut
1969 5525 2073 5563 SCI-

503 5584 631 5637 licet
644 5595 753 5662 per
776 5594 807 5634 c
828 5596 982 5662 erum
1034 5578 1184 5660 fieret
1210 5579 1403 5661 electio
1441 5580 1802 5662 praesentibus
1830 5579 2073 5662 ejusdem

504 5651 797 5723 provincia:
825 5650 1117 5723 episcopis,
1140 5649 1255 5719 qui,
1291 5649 1491 5720 popqu
1510 5651 1905 5723 consentiente,
1928 5650 2074 5704 illam

505 5720 911 5789 confirmarent,
940 5728 995 5777 et
1014 5720 1247 5779 electum
1285 5721 1737 5791 metropolitanus
1782 5734 2076 5777 consecra-

2202 4534 2281 4589 De
2296 4529 2619 4603 confessione
2632 4539 2965 4601 peccatorum
2981 4546 3043 4583 ac
3064 4529 3367 4584 earumdem
3392 4529 3731 4584 remissione.

2246 4635 2583 4692 Pmnitentite
2623 4632 2843 4703 agendae
2892 4640 2946 4687 et
2989 4630 3354 4688 confessionis
3410 4638 3767 4700 peccatorum

2176 4727 2439 4784 faciendae
2465 4741 2682 4798 quoque
2704 4724 3034 4781 mentionem
3060 4724 3222 4780 habet
3250 4724 3313 4780 D.
3338 4723 3618 4787 Clemens,
3649 4738 3765 4777 non

2176 4836 2289 4876 uno
2317 4819 2560 4890 quidem,
2590 4818 2686 4874 sed
2713 4818 2963 4889 pluribus
3001 4817 3162 4882 locis,
3193 4816 3546 4888 potissimum
3576 4822 3766 4871 autem

2177 4913 2421 4967 numeris
2433 4913 2493 4968 51
2513 4922 2565 4967 et
2575 4912 2643 4967 52
2662 4912 2799 4983 ep.11
2820 4910 2955 4983 (54),
2972 4911 3224 4981 hancque
3244 4908 3651 4965 confessionem
3665 4908 3770 4963 Do-

2182 5007 2393 5061 minum
2424 5003 2591 5059 Deum
2631 5005 2849 5075 exigere
2890 5003 3089 5075 probat
3130 5017 3200 5059 ex
3234 5000 3489 5058 adductis
3527 5002 3769 5073 quibus-

2407 5118 2453 5149 "
2483 5114 2616 5171 Luc.
2648 5130 2781 5184 xvn,
2803 5118 2860 5175 2.

2174 5239 2279 5284 ret.
2311 5228 2371 5283 Id
2398 5240 2578 5285 tamen
2617 5243 2727 5283 non
2757 5227 2942 5294 ofﬁcit,
2970 5236 3100 5298 quo“
3124 5227 3308 5283 minus
3358 5229 3515 5298 lapsu
3546 5236 3771 5300 tempo.

2177 5316 2299 5354 rum
2330 5300 2530 5354 mutari
2570 5300 2686 5354 haec
2723 5312 2913 5353 norma
2945 5300 3213 5368 potuerit:
3244 5314 3366 5353 cum
3409 5315 3473 5354 ea
3520 5315 3648 5369 quae
3696 5305 3771 5359 ad

2176 5371 2521 5440 disciplinam
2546 5370 2804 5425 Ecclesiae
2821 5369 3113 5439 pertinent,
3143 5371 3281 5423 citra
3312 5370 3432 5425 fidei
3450 5370 3767 5440 periculum

2178 5440 2467 5496 mutationi
2495 5440 2734 5495 obnoxia
2761 5455 2883 5495 esse
2913 5440 3047 5495 satis
3078 5445 3316 5494 constet.

2251 5510 2364 5581 (52)
2388 5512 2559 5567 Clem.
2585 5510 2770 5572 Rom.,
2793 5525 2881 5581 ep.
2911 5510 2965 5575 1,
2997 5524 3120 5580 cap.
3149 5509 3239 5564 45.

2251 5580 2365 5651 (55)
2394 5581 2568 5650 Epist.
2596 5582 2649 5645 1,
2670 5596 2792 5650 cap.
2821 5580 2911 5635 '57.

2251 5586 2345 5651 (55
2395 5586 2568 5650 Epist.
2596 5586 2649 5645 1,
2670 5596 2792 5650 cap.
2821 5586 2911 5635 57.

2251 5586 2365 5721 (ssi
2390 5653 2657 5721 Quotquot
2679 5652 2841 5721 igitur
2864 5665 2955 5717 per
2973 5649 3252 5720 quemdam
3290 5649 3588 5704 adversarii
3636 5652 3773 5706 illa-

2180 5720 2933 5793 psumdeliquimusﬂeniam
2972 5720 3333 5791 postulamus;
3375 5720 3461 5775 illi
3502 5737 3627 5777 vero
3673 5722 3771 5793 qui
