3936 6172
228 335 335 395 169

1470 327 1813 411 ρικοοεμιΑ
1850 325 2233 383 νΑιυοῐιυΜ.

3394 321 3498 375 4το

224 447 352 502 dam
398 460 573 501 sacrae
615 443 916 516 Scriptura;
959 442 1095 499 locis
1124 462 1137 497 :
1172 442 1573 513 correptionem
1603 454 1822 513 quoque
1849 442 1896 501 Α
1925 438 2065 494 stolo
2096 438 2343 502 fundata,
2373 437 2441 491 ad
2470 451 2633 508 quam
2674 437 2777 492 rite
2807 436 3199 492 instituendam
3252 436 3393 491 idem
3429 438 3490 491 ll.

222 545 320 591 aut
349 536 540 608 potius
568 534 971 590 correctionem
1020 531 1317 588 fraternam
1353 546 1384 584 a
1418 531 1687 587 ministris
1718 531 1820 585 Ec-

220 629 410 685 clesiae
437 626 844 697 suscipiendam
884 624 1066 681 docet.
1102 623 1202 680 Ast
1247 638 1430 679 nonne
1472 622 1614 678 idem
1654 623 1820 679 etiam

220 718 387 774 docet
412 717 711 772 concilium
741 714 1125 771 Tridentinum
1172 714 1418 771 sessione
1441 713 1530 778 M,
1553 728 1674 784 cap.
1707 713 1741 767 5
1767 721 1821 768 et

220 823 443 865 canone
466 808 540 863 6?

294 898 718 955 Confessionem
747 904 931 952 autem
965 894 1269 951 faciendam
1311 909 1434 950 esse
1483 890 1819 965 presbyteris

218 1004 290 1045 ex
322 990 623 1047 Clementis
665 988 911 1060 epistolae
960 986 1142 1057 capite
1167 986 1236 1041 57
1277 992 1517 1050 constat,
1558 985 1651 1040 ubi
1696 984 1814 1037 ait:

222 1082 444 1139 Subditi
484 1093 652 1139 estote
677 1082 1022 1153 presbyteris,
1046 1090 1098 1136 et
1147 1080 1526 1149 corrcptiouem
1572 1077 1819 1146 suscipite

218 1174 280 1228 in
307 1175 704 1239 paenitentiam;
732 1174 995 1242 flectentes
1022 1186 1195 1241 genua
1222 1168 1395 1222 cordis
1426 1167 1604 1230 uestri,
1633 1165 1819 1218 discite

218 1265 441 1329 subiici,
469 1264 783 1334 deponentes
826 1271 1166 1333 arrogantem
1209 1270 1258 1315 et
1302 1259 1580 1330 superbam
1626 1258 1818 1329 lingua:

215 1366 413 1410 vestrm
425 1356 845 1426 jactantiam....

293 1445 492 1502 Tradit
538 1461 757 1517 quoque
800 1443 1164 1501 universalem
1194 1457 1319 1499 esse
1353 1445 1703 1511 peccatorum
1732 1451 1817 1491 re-

216 1538 575 1603 missionem,
600 1546 656 1594 et
679 1538 890 1592 nullum
913 1550 1039 1592 esse
1061 1542 1371 1605 peccatum,
1403 1529 1547 1602 quod
1579 1536 1701 1599 post
1733 1542 1818 1582 se-

215 1632 360 1685 riam
392 1630 776 1701 paenitentiam
814 1645 911 1701 per
939 1626 1147 1684 Christi
1195 1625 1449 1680 meritum
1482 1638 1592 1678 non
1624 1620 1813 1676 remit-

213 1730 371 1777 tatur
401 1721 541 1793 (55).

1924 529 2127 585 Paulus
2149 531 2310 585 binas
2346 530 2571 585 dederat
2602 528 2875 600 Epistolas
2920 527 3135 583 aliiante
3178 528 3383 599 Spiritu
3412 532 3498 585 di-

1923 623 2052 677 vino
2075 624 2332 692 scriptas,
2356 636 2475 691 qua:
2490 621 2679 676 eodem
2709 620 2820 674 fere
2843 626 3084 689 tempore
3111 619 3268 674 ﬁdem
3289 620 3497 675 Christi

1924 713 1993 767 ab
2018 713 2282 783 apostolis
2316 711 2507 766 edocta
2544 710 2753 773 fuerat,
2796 724 2906 780 quo
2936 708 3181 766 Ecclesia
3214 709 3495 775 Romana;

1924 812 2160 874 antqua!
2190 803 2385 872 majori
2426 802 2565 857 forte
2607 801 2829 872 gloriari
2876 808 3089 871 poterat
3137 803 3497 872 antiquitate;

1923 895 1979 949 in
1992 910 2099 966 qua
2113 895 2249 950 adeo
2264 894 2463 950 divites
2486 902 2539 949 et
2556 894 2767 950 nobiles
2786 893 3152 949 versabantur
3173 893 3497 961 Christiani,

1924 995 1983 1042 ut
2004 1003 2133 1043 suas
2162 988 2539 1058 eleemosynas
2555 987 2756 1042 exteris
2784 1000 3002 1057 quoque
3029 985 3290 1042 Ecclesiis
3315 994 3500 1040 trans.

1924 1080 2238 1145 mitterent;
2272 1075 2537 1142 Ecclesna,
2571 1077 2815 1148 inquam,
2846 1074 3154 1142 Corinthia,
3215 1083 3334 1131 orta
3363 1090 3499 1147 qua-

1922 1172 2047 1225 dam
2079 1172 2367 1235 seditione,
2395 1171 2462 1225 ad
2493 1168 2792 1225 Ecclesiam
2818 1166 3119 1223 Romanam
3150 1168 3415 1239 confugit,
3446 1176 3500 1223 et

1922 1262 1990 1315 ab
2020 1276 2083 1315 ea
2112 1262 2372 1316 auxilium
2406 1263 2560 1332 petit.

1997 1366 2018 1400 s
2060 1348 2424 1405 Advertamus
2472 1351 2675 1421 pariter
2719 1349 2784 1404 ad
2837 1358 3093 1421 tempus,
3142 1365 3252 1421 quo
3302 1350 3499 1405 seditio

1922 1440 2037 1494 haec
2068 1441 2121 1494 in
2151 1440 2393 1496 Ecclesia
2423 1441 2705 1497 Corinthia
2735 1451 2853 1497 orta
2883 1452 2986 1506 est,
3021 1459 3236 1513 nempe,
3259 1460 3368 1514 quo
3396 1442 3501 1497 Ec-

1920 1532 2085 1587 clesia
2132 1531 2374 1588 Romana
2418 1544 2503 1589 sat
2548 1552 2766 1605 gravem
2817 1536 3132 1591 exantlabat
3160 1538 3497 1605 persecutior

1922 1639 2044 1679 nem
2069 1643 2083 1692 ;
2113 1641 2222 1695 quo
2252 1627 2473 1696 quidem
2522 1628 2700 1682 adhuc
2730 1628 2985 1683 vivebant
3015 1627 3282 1698 apostoli;
3329 1628 3499 1681 disci-

1921 1714 2033 1783 puli
2062 1731 2195 1771 vero
2228 1714 2432 1771 Christi
2456 1726 2510 1771 et
2556 1719 2927 1788 apostolorum
2960 1718 3368 1788 quamplurimi,
3395 1718 3498 1770 viri

288 1782 441 1868 Alibi
466 1782 631 1868 etiam
660 1811 823 1868 docet
851 1808 966 1882 ('56)
1001 1808 1069 1864 ad
1093 1782 1542 1879 iustificationem
1572 1810 1818 1858 nostram
1849 1801 1892 1857 Β
1922 1782 2102 1862 autem
2136 1810 2440 1878 apostolico
2472 1782 2668 1880 spiritu
2712 1811 2858 1865 ducti
2890 1782 3018 1865 vere
3049 1782 3356 1874 innumeri;
3389 1825 3498 1878 quo

212 1920 285 1960 ac
313 1906 703 1961 remissionem
748 1911 1099 1975 peccatorum
1136 1907 1451 1956 nostrorum
1500 1911 1608 1951 non
1660 1894 1819 1949 ﬁdem

215 2007 459 2063 tantum,
486 1997 583 2054 sed
612 2004 669 2053 et
694 1996 1020 2051 charitatem
1045 1993 1272 2065 requiri.

295 2088 491 2144 Multis
507 2089 735 2158 insuper
755 2094 982 2144 sanctus
1008 2085 1260 2142 Clemens
1283 2083 1526 2140 declarat
1551 2086 1822 2152 praecepta

218 2176 319 2233 Dei
344 2179 537 2233 omnia
562 2186 620 2233 et
649 2192 752 2234 nos
779 2192 945 2247 posse
968 2190 1211 2241 servare,
1243 2185 1298 2230 et
1317 2191 1349 2229 a
1380 2173 1542 2229 nobis
1570 2185 1823 2227 necessa-

215 2274 305 2329 rio
332 2271 613 2329 servanda
640 2286 784 2327 esse.
830 2269 965 2326 Cum
1013 2268 1291 2341 diligentia
1317 2276 1367 2322 et
1400 2266 1702 2328 alacritate,
1742 2262 1822 2316 ait

217 2366 341 2436 ipse
370 2364 513 2437 (57),
547 2364 858 2433 festinemus
886 2379 1037 2417 omne
1066 2378 1197 2431 opus
1233 2361 1427 2415 bonum
1453 2360 1815 2431 perﬁcere.....

218 2456 307 2512 Ea:
337 2458 468 2513 totis
495 2456 694 2511 uiribus
731 2471 1005 2527 operemur
1030 2471 1160 2526 opus
1180 2454 1435 2525 justitiae.

413 2547 445 2620 ς
478 2546 570 2603 γι.
613 2548 690 2603 De
720 2548 1041 2603 auctoritate
1076 2545 1335 2601 Ecclesia:
1356 2542 1634 2597 Romanis.

290 2638 370 2696 De
391 2639 651 2711 dogmate
673 2640 895 2711 quidem
920 2638 1213 2701 catholico,
1233 2636 1379 2707 quod
1409 2651 1477 2691 ex
1498 2633 1817 2705 praescripto

215 2729 448 2784 concilii
476 2726 787 2783 Tridentini
821 2727 984 2783 etiam
1018 2727 1236 2798 publice
1284 2725 1610 2796 proﬁtemur
1641 2741 1654 2777 :
1688 2736 1818 2777 san-

214 2828 366 2875 ctam
400 2818 666 2874 nimirum
689 2818 1018 2873 catholicam
1041 2824 1097 2873 et
1124 2815 1483 2887 apostolicam
1515 2812 1817 2868 Ecclesiam

214 2906 531 2965 Romanam
576 2924 701 2965 esse
753 2910 998 2966 omnium
1051 2907 1418 2963 Ecclesiarum
1476 2916 1707 2960 matrem
1763 2912 1818 2959 et

216 3003 553 3075 magistram
572 3042 587 3065 ,
622 3001 679 3056 in
709 3002 944 3073 epistola
964 3016 1064 3057 sua
1092 2999 1287 3055 nullibi
1316 2997 1631 3069 explicitam
1663 3010 1819 3049 men-

215 3096 433 3150 tionem
464 3093 601 3149 facit
626 3094 788 3149 divus
825 3093 1098 3149 Clemens.
1135 3090 1340 3147 Verum
1371 3090 1420 3145 si
1462 3087 1814 3160 potissimum

215 3202 477 3258 scopum,
511 3186 731 3256 aliaque
759 3185 929 3256 hujus
956 3183 1205 3255 epistola:
1231 3181 1537 3237 accidentia
1566 3180 1670 3234 rite
1689 3194 1818 3249 per-

217 3276 558 3347 pendamus,
591 3284 678 3333 sat
706 3276 854 3331 clare
881 3274 1170 3345 praefatum
1204 3274 1402 3343 dogma
1440 3271 1566 3326 inde
1602 3268 1820 3339 colligi-

215 3377 343 3434 tur,
400 3368 745 3438 deduxitque
796 3366 882 3421 vir
931 3366 1278 3421 clarissimus
1320 3366 1482 3420 Pater
1531 3362 1820 3419 Conradns

217 3459 387 3516 Ebert
407 3459 803 3515 Benedictinus
827 3468 1197 3515 sacrosanctae
1220 3455 1510 3527 theologia:
1538 3454 1821 3525 professor

215 3551 525 3607 Fuldensis
551 3551 606 3605 in
640 3552 787 3605 hunc
817 3550 930 3605 fere
958 3549 1204 3605 modum.
1257 3548 1337 3603 En
1383 3547 1561 3619 ipsius
1601 3547 1769 3600 verba
1802 3564 1816 3601 :

221 3660 244 3695 ι
282 3642 587 3697 Enimvero
627 3642 676 3697 si
720 3650 1171 3713 perscrutcmur,
1216 3638 1442 3709 quinam
1475 3638 1553 3692 illi
1583 3636 1817 3697 fuerint,

216 3730 313 3801 qui
338 3730 433 3786 vel
468 3730 671 3784 litteris
699 3739 825 3784 ante
855 3730 1022 3793 datis,
1055 3730 1139 3785 vel
1172 3738 1230 3784 ut
1265 3728 1458 3785 saltem
1491 3727 1821 3798 probabilis-

217 3822 425 3876 simum
456 3819 704 3886 videtur,
734 3821 1007 3892 legatione
1036 3821 1204 3875 missa
1234 3834 1265 3873 a
1293 3817 1541 3873 Romana
1574 3816 1819 3873 Ecclesia

190 3984 191 3991 γ
217 3925 345 3984 post
375 3920 537 3968 ortas
569 3913 711 3967 inter
729 3927 789 3967 se
815 3911 1187 3967 contentionis
1216 3910 1410 3966 turbas
1436 3910 1698 3964 auxilium
1724 3925 1821 3980 pe-

217 4006 458 4068 tierunt,
490 4004 540 4059 si
573 4011 810 4074 tempus,
835 4019 946 4076 quo
966 4043 981 4070 ,
1006 4004 1090 4069 si,
1120 4002 1188 4058 ad
1213 4018 1355 4074 quos
1382 4001 1689 4073 confugerit
1720 4000 1821 4055 Ec-

217 4097 393 4152 clesia
430 4096 866 4162 Corinthiorum,
895 4095 944 4152 si
972 4110 1059 4159 ea,
1092 4109 1214 4166 qua‘
1238 4102 1365 4165 post
1393 4094 1652 4164 scriptam
1678 4094 1821 4147 hanc

221 4187 521 4259 epistolam
550 4187 869 4251 evenerint,
899 4188 1003 4242 rite
1036 4186 1416 4242 examinemus
1437 4226 1451 4250 ,
1485 4187 1642 4256 plura
1672 4196 1821 4240 certe

216 4287 560 4344 occurrent,
597 4295 720 4351 quae
750 4279 1168 4335 celeberrimum
1208 4279 1315 4334 hoc
1342 4278 1600 4335 Ecclesiae
1630 4278 1822 4331 catho-

220 4374 341 4429 lica
398 4373 605 4445 dogma
662 4387 828 4444 quam
877 4373 1118 4429 maxime
1174 4374 1453 4429 illustrant
1506 4380 1562 4428 et
1616 4373 1819 4428 confir-

221 4476 400 4522 luant.

302 4577 325 4611 s
358 4555 615 4613 Ecclesia
640 4554 925 4612 Corinthia
950 4571 980 4611 a
1010 4555 1372 4612 celeberrimo
1399 4556 1639 4629 gentium
1668 4557 1814 4627 Apo-

222 4692 502 4748 seditionis
534 4707 600 4745 ac
624 4690 968 4745 dissensionis
996 4690 1153 4745 duces
1199 4699 1248 4743 et
1278 4690 1534 4760 principes
1552 4689 1811 4760 _fuerunt,

222 4764 407 4819 debent
440 4778 768 4817 communem
797 4777 940 4830 spem
977 4758 1473 4830 contemplari......
1510 4758 1703 4814 Melius
1736 4767 1815 4811 est

217 4834 428 4889 homini
470 4833 712 4901 conﬁteri
753 4829 831 4886 de
858 4831 1091 4900 lapsibus
1121 4829 1186 4885 et
1204 4831 1429 4901 peccatis
1456 4829 1815 4902 (ἐξομολογεῖ-

225 4904 349 4958 σθαι
389 4904 525 4973 περὶ
570 4902 677 4983 edn:
715 4902 1205 4983 ςπαρᾳπτωμάτων)
1240 4917 1399 4971 quam
1442 4901 1694 4983 indurare
1726 4914 1817 4983 cor

223 4990 411 5037 suum,
446 4969 605 5041 prout
635 4969 944 5027 induratum
964 4969 1042 5025 est
1070 4989 1160 5025 cor
1185 4969 1367 5026 eorum
1387 4972 1477 5040 qui
1502 4980 1693 5024 contra
1726 4969 1815 5035 fa-

224 5047 433 5099 mulum
461 5038 564 5097 Dei
592 5040 812 5113 loysen
851 5043 1158 5096 seditionem
1187 5043 1510 5113 fecerunt....
1539 5040 1814 5113 Clemens,

224 5047 433 5099 mulum
461 5047 564 5097 Dei
592 5047 812 5113 loysen
851 5047 1158 5096 seditionem
1187 5047 1510 5113 fecerunt....
1539 5047 1814 5101 Clemens,

225 5117 389 5185 epist.
417 5114 473 5181 i,
500 5128 625 5184 cap.
652 5114 714 5169 51
743 5120 798 5167 et
837 5114 1015 5182 capite
1050 5112 1142 5178 52,
1177 5114 1252 5166 ait
1280 5131 1292 5167 :
1328 5110 1545 5165 Nullius
1574 5111 1671 5172 rei,
1704 5110 1817 5179 fra-

227 5196 349 5232 Ira-
377 5183 596 5232 ἱηάὶαιιε
632 5193 710 5232 est
737 5182 994 5232 Dominus
1023 5184 1277 5232 omnium.
1302 5198 1393 5232 nec
1416 5180 1698 5232 auidauam
1727 5180 1813 5232 de-

226 5180 350 5251 tres,
377 5180 596 5255 indigus
632 5193 710 5238 est
735 5180 994 5237 Domitius
1023 5184 1277 5247 omnium,
1302 5198 1393 5235 nec
1416 5180 1698 5254 quidquam
1727 5180 1813 5234 de-

230 5257 949 5336 sideratkprteterq‘uantut
986 5255 1187 5336 eihﬁat.
1226 5253 1505 5336 confessio.
1678 5252 1818 5334 enim

220 5326 423 5381 eiectus
441 5322 649 5379 David:
667 5344 685 5375 ε
706 5322 1009 5394 Conﬁtebor
1032 5323 1278 5386 Domino,
1310 5332 1359 5377 et
1395 5322 1619 5392 placebit
1648 5322 1695 5375 ei
1723 5338 1817 5375 su-

224 5395 563 5491 p‘qrjcitulum
592 5394 872 5491 novellum;
896 5411 1094 5491 cprnua
1115 5394 1479 5491 prgducentent
1499 5402 1548 5446 et
1566 5395 1817 5491 u'ngulaq.

226 5461 471 5522 Videant
489 5480 744 5534 pauperes
765 5475 818 5518 et
845 5461 1123 5520 ltetentur.
1138 5484 1155 5516 ι
1175 5463 1244 5517 Et
1284 5465 1474 5518 iterum
1496 5477 1517 5516 :
1546 5484 1562 5513 ι
1588 5461 1617 5515 1
1625 5464 1820 5517 mmola

226 5536 339 5618 Deo
370 5537 703 5618 sacri/ficium
733 5534 928 5590 laudis.
970 5533 1116 5589 Nam
1160 5534 1481 5604 sacriﬁcium
1512 5531 1622 5588 Deo
1658 5534 1820 5604 spiri-

226 5617 313 5662 tus
344 5605 762 5661 contribulatum
803 5624 822 5657 ι

298 5676 417 5749 (55)
455 5676 710 5730 Animam
760 5674 1094 5749 intendamus
1118 5675 1187 5749 _in
1234 5674 1544 5749 sanguinem
1593 5671 1817 5749 Cbristi,

228 5744 613 5817 eernamusque
639 5761 799 5816 quam
823 5746 1083 5815 pretiosus
1110 5746 1213 5801 Dea
1236 5747 1303 5801 sit
1330 5744 1443 5815 ejus
1472 5745 1711 5816 sanguis,
1728 5744 1820 5814 qui

564 5839 837 5901 Ριτιιοι.
894 5839 1013 5901 Gn.
1070 5838 1119 5901 Ι.

1919 1898 1975 1952 in
2002 1898 2131 1952 Asia
2164 1901 2337 1954 multo
2364 1902 2560 1971 magis,
2596 1909 2653 1955 ut
2686 1902 2877 1955 saltem
2908 1900 3139 1955 ominari
3172 1900 3318 1964 licet,
3352 1902 3500 1969 vige-

1920 1990 2013 2044 bat
2040 1989 2354 2045 Christiana
2384 1993 2598 2063 religio,
2631 2007 2695 2046 ac
2720 1994 2775 2046 in
2805 1992 2923 2062 ipsa
2948 1992 3083 2047 urbe
3110 1990 3379 2055 Romana,
3404 1992 3500 2046 ubi

1920 2081 2240 2151 superstitio
2283 2084 2502 2153 gentilis
2552 2084 2667 2138 fere
2708 2084 2889 2139 omnis
2941 2098 3041 2138 sua
3092 2084 3326 2153 templa,
3368 2099 3501 2138 suos

1920 2172 2163 2227 cultores
2225 2172 2501 2240 habebat;
2551 2188 2662 2244 quo
2727 2173 2985 2228 Ecclesiae
3027 2174 3339 2236 columnte,
3390 2172 3502 2228 divi

1919 2278 2115 2334 nempe
2143 2266 2376 2334 apostoli
2400 2265 2593 2322 Petrus
2614 2274 2668 2322 et
2698 2265 2900 2321 Paulus
2921 2266 3034 2336 jam
3055 2265 3297 2321 defuncti
3319 2274 3499 2332 erant,

1919 2370 2027 2424 quo
2057 2364 2238 2411 autem
2269 2358 2483 2412 vivebat
2515 2358 2693 2413 adhuc
2713 2399 2728 2424 ,
2761 2366 2821 2412 ut
2850 2374 2915 2413 ex
2950 2357 3184 2413 Eusebio
3211 2359 3497 2422 discimus,

1918 2447 2151 2507 dilectus
2178 2447 2384 2503 Christi
2430 2448 2733 2519 discipulus
2757 2448 2917 2504 divus
2940 2450 3231 2519 apostolus
3258 2457 3313 2506 et
3335 2466 3502 2505 evan-

1916 2539 2112 2609 gelista
2132 2538 2396 2603 Joannes,
2426 2540 2510 2594 vel
2537 2540 2591 2594 in
2620 2541 2795 2596 insula
2825 2539 3066 2606 Patmos,
3088 2542 3169 2597 vel
3186 2541 3387 2611 Ephesi
3413 2543 3503 2597 de-

1914 2643 2073 2699 gens.

1990 2721 2068 2776 De
2098 2719 2339 2776 Ecclesia
2370 2721 2731 2778 Romana.—i
2756 2723 2989 2790 Quinam
3012 2740 3177 2795 porro
3206 2733 3363 2780 erant
3394 2722 3502 2777 Ro-

1919 2814 2090 2878 mani,
2119 2813 2187 2868 ad
2214 2831 2356 2886 quos
2404 2814 2648 2871 Ecclesia
2686 2813 2972 2870 Corinthia
3004 2816 3282 2887 confugit?
3310 2816 3503 2871 Nonne

1922 2907 1974 2960 in
2009 2907 2129 2978 ipsa
2159 2909 2403 2965 Ecclesia
2430 2906 2678 2963 Romana
2700 2908 3013 2964 viventibus
3037 2909 3215 2963 adhuc
3237 2913 3502 2981 apostolis

1920 2996 2081 3054 Petro
2109 3008 2164 3055 et
2192 2998 2362 3056 Paulo
2392 2999 2773 3055 contentiones
2816 3011 2949 3054 ortae
2982 3008 3141 3055 erant
3179 3002 3324 3056 inter
3367 3017 3462 3056 eos
3484 3042 3499 3063 ,

1920 3093 2014 3161 qui
2046 3107 2115 3147 ex
2147 3091 2454 3164 Synagoga,
2486 3101 2541 3148 et
2577 3094 2721 3147 inter
2744 3107 2863 3155 eos,
2900 3094 2995 3162 qui
3026 3109 3094 3147 ex
3137 3094 3392 3160 gentibus
3432 3096 3503 3148 ad

1921 3182 2050 3237 Jesu
2081 3185 2287 3240 Christi
2339 3185 2499 3240 fidem
2549 3185 2727 3239 vocati
2784 3194 2977 3250 erant,
3031 3184 3358 3255 utEpistola
3388 3186 3502 3241 divi

1921 3270 2076 3329 Pauli
2105 3275 2173 3329 ad
2202 3273 2479 3328 Romanos
2512 3281 2596 3328 sat
2626 3274 2770 3328 clare
2805 3273 2983 3328 docet.
3014 3271 3205 3327 Nonne
3226 3272 3341 3342 jatn
3373 3273 3503 3327 bina

1921 3368 2041 3422 vice
2088 3382 2309 3438 gravem
2353 3366 2791 3436 persecutionem
2832 3380 3092 3436 perpessa
3138 3364 3343 3430 fuerat,
3408 3373 3504 3420 ant

1922 3458 2102 3512 adhuc
2125 3466 2255 3513 tunc
2280 3456 2595 3512 exantlabat
2628 3456 2874 3511 Ecclesia
2910 3454 3347 3510 Christianorum
3385 3452 3499 3508 Ro-

1922 3550 2126 3605 mana?
2154 3566 2336 3605 nonne
2366 3551 2514 3604 nulla
2546 3550 2598 3606 ei
2634 3550 2703 3604 ab
2733 3547 3156 3619 imperatoribus
3189 3549 3361 3604 totius
3390 3548 3503 3603 fere

1921 3642 2075 3698 orbis
2102 3641 2337 3697 dominis
2362 3642 2534 3706 salus,
2565 3642 2780 3697 nullum
2806 3642 2983 3698 eidem
3013 3656 3043 3695 a
3074 3649 3289 3707 senatu,
3322 3657 3500 3712 popu-

1920 3735 2084 3805 loque
2110 3733 2356 3789 Romano
2385 3733 2690 3789 auxilium?
2722 3748 2905 3789 nonne
2931 3733 3017 3789 vel
3054 3733 3159 3804 ipsi
3190 3735 3494 3789 nobiliores

1921 3827 2181 3883 Ecclesia:
2208 3826 2489 3894 Romana},
2518 3828 2605 3883 vel
2625 3831 2682 3882 in
2710 3827 2965 3883 exsilium
2994 3826 3149 3882 missi
3170 3836 3329 3883 erant
3350 3828 3504 3883 Chri-

1923 3922 2106 3986 stiani,
2141 3928 2240 3974 aut
2260 3921 2316 3975 in
2341 3921 2557 3993 angulis
2588 3918 3015 3976 delitescebant?
3049 3919 3117 3973 ad
3158 3919 3300 3974 hanc
3332 3920 3503 3991 igitur

1922 4012 2223 4069 Ecclesiam
2260 4013 2615 4068 celeberrima
2645 4010 3061 4069 Corinthiorum
3096 4010 3340 4068 Ecclesia
3369 4028 3501 4067 con-

1924 4104 2080 4176 fugit.

1998 4213 2016 4247 c
2055 4195 2121 4249 Et
2150 4210 2274 4266 qua:
2302 4194 2520 4250 demum
2550 4195 2811 4250 eveniunt
2852 4204 2977 4266 post
3005 4196 3283 4251 obtentam
3312 4211 3343 4249 a
3375 4192 3501 4250 divo

1920 4286 2226 4350 Clentente,
2260 4287 2483 4341 nomine
2516 4286 2773 4342 Ecclesiae
2814 4286 3097 4354 Romanae,
3129 4290 3415 4359 epistolam
3444 4291 3501 4343 in

1922 4376 2166 4433 Ecclesia
2195 4377 2644 4433 Corinthiorum?
2672 4389 2853 4433 cessat
2882 4379 3100 4444 seditio,
3135 4381 3277 4435 redit
3295 4382 3501 4437 sereni-

1848 4483 1892 4537 n
1919 4476 2006 4525 tas
2051 4469 2241 4540 pacis,
2285 4476 2345 4523 ut
2395 4484 2462 4523 ex
2507 4467 2711 4524 irenan
2761 4470 3046 4525 discimus.
3096 4468 3339 4541 Epistola
3385 4473 3502 4528 hate

1916 4568 2071 4617 tanto
2093 4562 2361 4632 applausn
2384 4561 2584 4616 ibidem
2611 4562 2929 4632 suscipitur,
2960 4571 3020 4617 ut
3041 4578 3207 4634 porro
3226 4580 3324 4635 per
3343 4566 3501 4635 plura

1916 4701 2127 4766 propter
2147 4700 2383 4766 nostram
2398 4692 2635 4766 salutem
2656 4693 2877 4762 eﬂ'usus,
2906 4695 3003 4766 toti
3032 4696 3226 4751 mundo
3247 4701 3501 4766 poeniten—

1917 4761 2005 4817 tiae
2033 4765 2234 4839 gratias
2263 4762 2471 4818 obtulit.
2498 4761 2849 4839 Rec-urramus
2889 4765 2972 4839 ad!
2996 4783 3173 4821 omnes
3208 4761 3502 4839 generatio-

1917 4833 2427 4909 nes,‘disc_amusque
2467 4833 2612 4909 quod
2645 4834 2703 4888 in
2738 4837 3074 4909 generatione
3096 4846 3146 4909 et
3168 4833 3503 4909 generatione

1916 4904 2232 4980 paenitentiae
2255 4903 2434 4980 locth
2456 4904 2712 4980 Dominus
2742 4903 3209 4980 deditgvolentibus
3233 4910 3303 4963 ad
3328 4912 3503 4980 ipsum

1914 4973 2370 5051 converti,_capite
2403 4973 2435 5027 7
2460 4981 2514 5030 et
2538 4975 2715 5051 capite
2742 4977 2796 5031 8.
2834 4976 3079 5051 inistri
3100 4978 3291 5035 divinat
3310 4973 3503 5051 gratia:

1910 5059 2007 5113 per
2039 5043 2298 5123 Spirith
2332 5054 2577 5123 sanctum
2606 5043 2687 5123 'de_
2714 5049 3017 5123 paenitentia
3059 5049 3220 5103 locuti
3251 5064 3269 5102 :
3294 5043 3502 5123 ipseque

1920 5115 2155 5170 omnium
2185 5114 2441 5191 Dominus
2456 5115 2530 5191 _de
2552 5117 2856 5191 paenitentia
2880 5118 3083 5191 locutus
3104 5129 3182 5174 est
3208 5114 3327 5176 cum
3348 5114 3502 5191 iura-

1919 5196 2133 5240 mento;
2164 5202 2183 5235 ι
2222 5185 2347 5240 Vivo
2380 5187 2521 5256 enim
2559 5202 2674 5255 ego,
2718 5186 2847 5242 dicit
2878 5188 3163 5256 Dominus,
3203 5193 3327 5247 nolo
3348 5185 3502 5247 Vmor-

1921 5257 2360 5329 temipecgatoris,
2383 5255 2475 5310 sed
2498 5265 2555 5310 ut
2573 5268 2933 5329 convertatur.
2966 5280 2986 5311 ι

1994 5327 2106 5400 (56)
2130 5325 2284 5400 Beati
2317 5343 2520 5400 sumus,
2548 5327 2749 5400 dilecti,
2790 5325 2838 5383 si
2883 5338 3142 5400 prwcepta
3183 5329 3402 5386 Domini
3444 5336 3499 5387 iu

1913 5396 2195 5469 charitatis
2225 5396 2504 5469 concordia
2546 5398 2841 5466 fecerimus,
2871 5396 2928 5453 ut
2955 5396 3060 5469 per'
3078 5402 3387 5456 cltaritatcm
3417 5421 3499 5458 re-

1921 5468 2203 5521 mittantur
2223 5467 2370 5540 nobis
2404 5477 2638 5535 peccata,
2664 5470 2916 5537 scriptum
2936 5467 3120 5540 quippe
3148 5480 3224 5524 est
3247 5487 3267 5525 :
3295 5491 3314 5523 ι
3345 5474 3498 5528 Beati

1920 5554 2143 5609 quorum
2190 5539 2432 5612 remissa:
2472 5548 2595 5593 sunt
2640 5539 2973 5610 iniquitates,
3008 5552 3057 5595 et
3103 5558 3325 5612 quarunt
3363 5554 3499 5600 tecta

1922 5606 2300 5682 suntpeccata.
2331 5626 2351 5660 ι
2375 5606 2648 5682 Clemens,
2678 5606 2907 5682 epistola
2940 5612 2993 5671 l,
3024 5606 3204 5682 capite
3227 5613 3317 5668 50.

1992 5678 2105 5749 (⁸57)
2138 5677 2411 5745 Clemens,
2436 5680 2665 5748 cpistola
2697 5677 2749 5745 1⁷,
2783 5682 2960 5751 capite
2983 5682 3070 5738 54.

3194 5839 3233 5899 (i
