3936 6172
480 309 584 387 ’171

1597 335 1687 389 ΑΙ)
1729 338 1785 393 S.
1825 336 2255 419 CLEMENTEMﬂ
2288 339 2304 391 I
2346 338 2573 395 PAPAM

3633 352 3737 407 ΗΞ

488 456 686 505 saecula
721 457 871 505 certo
896 460 1136 522 tempore
1169 453 1220 505 in
1255 453 1482 522 publicis
1514 457 1871 511 conventibus
1902 457 2061 510 Chri-
2091 463 2134 517 Α
2163 456 2398 512 Joannes
2437 460 2720 529 apostolus
2751 469 2804 515 et
2826 464 3160 532 evangelista
3182 503 3198 528 ,
3244 464 3481 519 dilectus
3523 464 3734 520 Christi

488 546 793 599 stianorum
820 546 959 598 lecta
990 545 1172 607 fuerit,
1210 553 1370 615 prout
1398 562 1459 599 ex
1492 544 1749 617 Dionysio
1772 548 2061 603 Corinthio

486 643 712 691 enarrat
766 634 1073 702 Eusebius,
1111 643 1165 691 et
1195 652 1297 691 suo
1341 636 1519 692 adhuc
1560 645 1806 708 tempore
1856 639 2060 694 factum

484 744 611 783 esse
640 729 803 783 divus
832 727 1196 800 Hieronymus
1222 736 1456 785 testatur
1483 749 1496 784 :
1532 732 1852 801 spectabant
1868 748 2061 803 nempe

484 820 757 876 Corinthii
789 821 932 876 hanc
971 820 1257 891 epistolam
1290 831 1548 892 tanquam
1577 821 1934 878 fortissimum
1963 839 2061 879 an-

482 914 723 969 tidotum
767 912 1028 968 adversus
1076 912 1289 967 futuras
1334 913 1660 981 seditiones;
1688 914 2061 983 deprehende-

484 1009 618 1064 bant
647 1011 803 1080 plura
832 1010 884 1063 in
924 1026 988 1065 ea
1029 1025 1199 1065 sacrae
1238 1011 1539 1080 Scriptura:
1577 1011 1695 1065 loca
1730 1012 1932 1066 clarius
1958 1028 2056 1067 ex-

485 1104 687 1175 posita,
721 1113 776 1159 et
806 1106 1051 1160 moribus
1093 1105 1450 1160 emendandis
1495 1105 1727 1161 feliciter
1764 1106 2006 1161 adhibita
2038 1126 2052 1161 :

483 1197 835 1252 inveniebant
887 1198 1219 1267 apostolicas
1261 1197 1583 1253 traditiones
1625 1213 1655 1251 a
1697 1199 2057 1254 celeberrimo

480 1292 853 1360 apostolorum
876 1290 1145 1361 discipulo
1172 1289 1274 1345 sibi
1306 1290 1679 1361 conscriptas;
1712 1292 1960 1360 legebant
1999 1292 2055 1346 in

478 1383 669 1439 eadem
701 1384 849 1454 leges
878 1382 1183 1453 disciplina
1219 1382 1331 1451 jam
1377 1383 1445 1436 ab
1486 1397 1600 1437 a:vo
1644 1383 1942 1453 apostolico
1969 1382 2055 1437 in-

470 1476 797 1544 troductas;
847 1486 1009 1547 atque
1048 1485 1132 1533 sat
1170 1477 1315 1531 clare
1346 1464 1410 1531 ex
1442 1476 1630 1531 eadem
1661 1474 1922 1530 Romana:
1952 1475 2055 1531 Ec-

476 1571 660 1625 clesia:
713 1586 879 1641 supra
928 1579 1153 1625 crateras
1194 1571 1524 1640 colligebant
1572 1570 2050 1641 principalitatem.

467 1663 587 1718 Cur
615 1664 758 1717 enim
794 1663 1033 1717 Ecclesia
1063 1663 1346 1717 Corinthia
1376 1663 1444 1717 ad
1472 1661 1773 1717 Romanam
1804 1661 2050 1732 confugit

468 1755 804 1824 Ecclesiam;
836 1756 940 1811 nisi
974 1756 1027 1810 in
1056 1755 1158 1809 hac
1188 1756 1305 1826 ipsa
1332 1755 1589 1826 superius
1622 1753 1896 1824 quoddam
1927 1768 2048 1805 ma-

2163 551 2468 622 discipulus
2492 592 2507 615 ,
2541 553 2632 621 qui
2664 552 2745 623 (ut
2773 553 2961 622 phrasi
2993 554 3253 610 Ecclesia:
3284 558 3497 629 loquar)
3534 558 3739 626 ﬂuenta

2164 641 2437 713 Evangelii
2463 644 2527 697 de
2555 645 2668 711 ipso
2692 662 2847 699 sacro
2884 646 3147 701 Dominici
3169 652 3395 718 pectoris
3424 649 3570 717 fonte
3589 660 3741 718 pota-

2160 735 2269 799 vit,
2312 736 2407 805 qui
2453 750 2618 805 porro
2647 744 2887 793 testante
2908 738 3034 793 divo
3066 724 3399 811 Hieronymo
3437 741 3549 811 (58)
3589 747 3740 795 totas

2160 823 2303 881 Asia:
2344 826 2625 895 fundavit,
2674 830 2929 900 rexitque
2957 827 3239 886 Ecclesias
3272 850 3285 886 :
3320 830 3508 885 Roma:
3551 840 3741 888 autem

2156 915 2270 987 jam
2300 920 2562 990 martyrio
2597 918 2832 976 affectos
2860 936 2984 977 esse
3012 922 3168 977 divos
3201 924 3481 993 apostolos
3510 922 3737 978 Petrum

2159 1017 2214 1064 et
2242 1008 2470 1066 Paulum
2491 1051 2508 1077 ,
2540 1012 2595 1067 id
2631 1021 2780 1068 certe
2810 1012 3113 1069 Ecclesiam
3141 1016 3479 1070 Corinthiam
3509 1016 3741 1071 minime

2158 1101 2379 1157 latebat.
2425 1102 2491 1157 Et
2529 1104 2888 1159 nihilominus
2927 1121 3035 1160 non
3074 1106 3400 1177 legationem
3440 1106 3507 1161 ad
3544 1107 3738 1161 divum

2152 1189 2443 1259 Joannem,
2474 1197 2570 1251 sed
2596 1197 2664 1251 ad
2688 1196 2988 1253 Ecclesiam
3006 1198 3309 1253 Romanam
3325 1206 3379 1253 et
3400 1198 3467 1252 ad
3483 1198 3737 1267 ejusdem

2155 1284 2450 1343 Praesulem
2477 1288 2757 1343 destinant
2778 1290 3066 1345 Corinthii.
3096 1290 3232 1357 Quis
3261 1306 3329 1345 ex
3358 1290 3461 1345 hoc
3485 1305 3593 1355 non
3618 1291 3740 1344 col-

2156 1376 2311 1447 ligat,
2341 1376 2658 1434 Corinthios
2698 1380 2885 1434 divum
2927 1381 3268 1437 Clementem
3302 1396 3402 1435 ceu
3429 1381 3598 1436 totius
3628 1380 3737 1436 Ec-

2154 1468 2339 1525 clesiie
2367 1478 2551 1540 caput,
2578 1478 2632 1526 et
2669 1473 2913 1527 omnium
2941 1471 3381 1528 Christianorum
3436 1481 3647 1543 patrem
3677 1482 3738 1527 et

2155 1561 2437 1618 doctorem
2468 1562 2641 1619 fuisse
2674 1575 2965 1620 veneratos
2982 1568 3005 1619 Τ
3024 1575 3079 1621 et
3099 1582 3198 1638 per
3228 1567 3369 1622 hanc
3391 1570 3563 1636 ipsam
3593 1568 3650 1621 in
3670 1583 3737 1622 re

2156 1655 2326 1710 ardua
2357 1658 2667 1712 cessionem
2702 1673 2765 1712 ae
2794 1658 3183 1723 obedientiam,
3216 1660 3307 1713 ubi
3333 1660 3485 1714 zelus
3514 1660 3737 1714 invidia:

2149 1746 2263 1815 jam
2308 1756 2594 1803 exarserat
2626 1757 2775 1809 ante.
2822 1749 2995 1804 fuisse
3046 1750 3370 1815 confessos,
3432 1750 3578 1822 quod
3622 1752 3734 1822 ipsi

467 1816 893 1917 gisteriumpaut
923 1816 1333 1903 eminentiorem
1357 1816 2048 1917 quamdam-auctoritatem
2082 1816 2124 1871 Β
2154 1840 2281 1895 divo
2312 1838 2567 1895 Clementi
2594 1842 2648 1895 in
2675 1843 2826 1896 beato
2878 1842 3035 1896 Petro
3082 1843 3370 1911 pascendi,
3421 1853 3487 1897 et'
3518 1844 3737 1913 regendi

458 1941 820 2009 agnovisset?
864 1940 1054 1995 Nonne
1097 1939 1325 1994 aderant
1353 1940 1664 2009 complures
1713 1939 1871 2009 longe
1912 1937 2049 1991 vici-

461 2032 661 2086 .niores
706 2031 966 2087 Ecclesiae
1008 2034 1212 2103 pariter
1254 2032 1323 2086 ab
1352 2032 1614 2101 apostolis
1656 2029 1893 2085 fundatae.
1918 2070 1934 2093 ,
1980 2028 2047 2083 ad

467 2140 609 2193 quas
642 2124 936 2196 confugere
963 2127 1119 2196 longe
1152 2126 1366 2180 facilius
1392 2125 1676 2195 potuisset,
1710 2125 1756 2179 si
1791 2125 2050 2193 agnovis-

470 2226 553 2271 set
580 2219 631 2270 in
664 2218 744 2273 eis
771 2218 1032 2287 aequalem
1060 2218 1285 2271 omnino
1322 2232 1445 2272 cum
1469 2215 1714 2269 Romana
1752 2216 2048 2270 auctorita-

457 2310 619 2362 tem?
666 2308 856 2363 Nonne
896 2310 988 2363 illo
1022 2318 1264 2380 tempore
1285 2350 1298 2372 ,
1332 2326 1442 2380 quo
1472 2308 1717 2364 Ecclesia
1760 2308 2045 2364 Corinthia

460 2402 540 2455 ad
571 2400 871 2454 Romanam
909 2399 1174 2471 confugit,
1218 2399 1284 2453 ad
1316 2399 1530 2469 imperii
1575 2399 1787 2453 clavum
1821 2400 2047 2454 sedebat

464 2494 837 2556 Domitianus,
872 2508 1209 2563 persequens
1238 2492 1539 2547 crudeliter
1565 2492 1911 2548 Christianos
1931 2533 1946 2557 ,
1986 2494 2042 2547 in

460 2587 605 2641 urbe
632 2586 880 2640 Romana
912 2585 1258 2656 potissimum
1298 2584 1587 2638 dominans
1615 2592 1666 2638 ct
1696 2583 2065 2639 Christianos

458 2679 670 2734 ibidem
691 2678 999 2749 exagitans,
1031 2688 1089 2732 ut
1110 2694 1176 2732 ex
1211 2678 1441 2733 Eusebio
1470 2677 1769 2731 discimus?
1791 2677 1903 2731 Cur
1917 2692 2042 2731 cum

464 2782 619 2826 tanto
664 2772 911 2843 periculo
954 2772 1083 2825 illuc
1124 2770 1331 2841 legatos
1378 2776 1472 2823 aut
1510 2770 1704 2824 saltem
1755 2769 2042 2839 epistolam

464 2864 656 2928 mittit,
696 2863 800 2917 nisi
824 2862 1119 2920 Ecclesiam
1154 2861 1475 2926 Romanam,
1510 2861 1841 2930 reliquarum
1871 2859 2043 2929 magi-

463 2965 637 3011 stram
679 2956 873 3011 fuisset
926 2952 1439 3020 venerata?Noune
1488 2951 1591 3005 hoc
1638 2951 1757 3020 ipso
1798 2959 2043 3021 tempore

461 3048 731 3104 ﬂorebant
777 3048 916 3103 varii
969 3047 1150 3101 adhuc
1197 3046 1486 3117 apostolici
1551 3044 1687 3107 viri,
1746 3050 1802 3099 et
1854 3044 2039 3115 plures

2156 1931 2321 2004 (quod
2356 1932 2661 2001 spiritualia
2692 1934 2909 2004 attinet)
2940 1943 2988 1987 et
3017 1934 3344 2004 gubernandi
3381 1935 3733 1988 universalem

2154 2023 2445 2079 Ecclesium
2471 2025 2624 2094 plena
2649 2035 2878 2093 potestas
2909 2028 2978 2080 sit
3005 2027 3245 2083 tradita?
3275 2047 3293 2080 ι
3316 2025 3595 2083 Hactenus
3617 2027 3737 2081 cla-

2151 2118 2406 2173 rissimus
2437 2116 2725 2173 Fuldcusis
2776 2119 3079 2189 theologus.

2704 2228 3103 2285 ARTICULUS
3142 2229 3207 2285 ll.

2567 2338 2999 2379 OBSERVATIONES
3039 2339 3303 2379 IORALES.

2152 2414 2180 2487 ς
2218 2413 2260 2471 1.
2296 2414 2374 2470 De
2394 2416 2715 2480 humilitate.
2744 2426 2793 2470 et
2819 2416 3099 2482 charitate,
3136 2418 3361 2487 vitioque
3381 2416 3547 2471 eidem
3571 2433 3735 2488 oppo-

2677 2488 2802 2553 sito,
2833 2488 3189 2542 cemulatione.

2222 2579 2537 2635 Humilitas.
2566 2578 2878 2649 Exemplum
2917 2580 3236 2634 humilitatis
3285 2581 3341 2634 in
3376 2590 3563 2634 sancta
3599 2579 3733 2635 Per-

2147 2688 2279 2725 sona
2303 2671 2621 2729 Salvatoris.
2652 2700 2720 2711 -—-
2754 2671 2946 2739 Quoad
2978 2674 3240 2728 moralem
3269 2675 3445 2729 sancti
3473 2674 3731 2729 Clemen-

2148 2763 2220 2818 tis
2252 2764 2593 2828 doctrinam,
2625 2782 2693 2820 en
2731 2766 3045 2836 pulchriora
3076 2767 3194 2822 loca
3215 2808 3229 2829 ,
3262 2783 3382 2838 quae
3416 2783 3480 2822 ex
3511 2768 3735 2823 duabus

2145 2858 2396 2927 epistolis
2413 2866 2669 2928 excerpta
2692 2874 2810 2913 eam
2828 2859 3150 2929 respiciunt.
3172 2858 3437 2930 Loquitur
3463 2861 3645 2929 primo
3660 2862 3735 2915 de

2145 2949 2456 3003 humilitate
2485 2949 2801 3004 Christiana
2822 2990 2836 3015 ,
2872 2952 3102 3021 ejusque
3138 2954 3349 3022 praxim
3381 2960 3607 3008 sanctus
3640 2954 3734 3007 hic

2152 3039 2397 3107 pontifex
2448 3038 2698 3095 fidelibus
2742 3042 3123 3106 commendat;
3161 3043 3380 3097 exhibet
3414 3045 3733 3115 exemplum

461 3139 672 3196 Christi
703 3149 757 3194 et
780 3140 1149 3209 apostolorum
1178 3138 1434 3209 discipuli
1459 3138 1482 3191 ?
1511 3138 1575 3191 ad
1608 3150 1746 3207 quos
1776 3136 1937 3205 longe
1958 3133 2040 3189 fa-
2066 3150 2115 3212 ρ
2144 3129 2428 3199 ipsiusmet
2455 3128 2586 3186 Jesu
2610 3130 2815 3186 Christi
2837 3173 2852 3196 ,
2881 3133 2948 3187 de
2975 3150 3084 3203 quo
3109 3134 3222 3190 haec
3247 3135 3409 3190 habet
3432 3136 3542 3205 (39)
3567 3157 3581 3190 :
3603 3136 3735 3192 Sco—

460 3232 622 3287 cilius
661 3231 929 3302 potuisset
959 3230 1258 3286 accedere?
1287 3246 1384 3283 cur
1413 3230 1481 3283 ab
1513 3229 1663 3284 hisce
1711 3243 1820 3281 non
1862 3228 2042 3297 potius

458 3322 727 3378 auxilium
757 3322 930 3391 petit?
974 3320 1080 3375 nisi
1126 3321 1209 3374 vel
1235 3320 1289 3373 bi
1322 3320 1426 3390 ipsi
1456 3334 1485 3373 a
1515 3317 1766 3372 Romana
1796 3317 2041 3372 Ecclesia

460 3413 754 3485 quamdam
791 3412 1210 3482 dependentiam
1264 3410 1495 3467 fuissent
1540 3411 1811 3483 professi;
1858 3424 2042 3465 nonne

464 3508 558 3563 ille
589 3508 725 3577 ipse.
752 3505 806 3559 in
838 3520 999 3575 quem
1046 3505 1364 3560 fundaverat
1391 3521 1545 3560 suam
1582 3504 1885 3559 Ecclesiam
1920 3502 2040 3556 Sal-

457 3607 618 3654 vator
648 3604 835 3652 noster
861 3595 1022 3652 Jesus
1053 3598 1327 3659 Christus,
1370 3596 1549 3667 quoad
1571 3611 1861 3666 personam
1879 3610 2037 3650 suam

451 3690 567 3760 jam
617 3689 910 3743 defunctus
958 3695 1075 3743 erat
1129 3704 1252 3742 cum
1302 3688 1431 3743 divo
1477 3687 1645 3743 Paulo
1698 3689 2038 3745 zelosissimo

454 3781 696 3851 gentium
749 3781 992 3851 apostolo
1014 3781 1037 3834 ?
1058 3788 1110 3834 et
1144 3781 1498 3835 nihilominus
1528 3781 1597 3835 ab
1624 3781 1813 3837 eadem
1844 3780 2037 3837 Eccle-

457 3872 562 3937 sia,
612 3873 669 3926 in
703 3886 811 3942 qua
843 3871 1049 3925 crudeli
1094 3872 1473 3940 persecutione
1517 3872 1682 3926 vitam
1737 3881 2037 3943 posuerant

455 3964 619 4019 ambo
650 3964 905 4034 apostoli,
939 3962 1242 4018 subsidium
1266 3973 1319 4019 et
1352 3964 1764 4020 instructionem
1792 3973 2038 4036 tempore

456 4054 747 4110 seditionis
771 4062 826 4109 et
866 4056 1234 4110 contentionis
1303 4056 1444 4110 inter
1497 4057 1645 4125 ipsos
1686 4056 2035 4113 Christianos

455 4155 661 4203 exortte
687 4152 821 4217 petit
851 4146 1095 4203 Ecclesia
1135 4147 1452 4203 Corinthia!
1491 4158 1544 4203 et
1580 4164 1679 4203 cur
1712 4149 1842 4202 illud
1869 4191 1882 4212 ,
1925 4150 2033 4206 nisi

455 4239 513 4294 in
540 4240 658 4311 ipsa
676 4238 919 4295 Ecclesia
948 4239 1195 4295 Romana
1235 4248 1561 4311 potestatem
1604 4241 1714 4296 divi
1762 4241 1906 4296 Petri
1938 4243 2033 4297 ad-

454 4333 564 4389 huc
604 4342 719 4387 tum
749 4333 934 4405 vigere
964 4334 1246 4389 novisset?
1267 4341 1322 4389 et
1352 4334 1592 4399 demum,
1628 4334 1797 4400 unde,
1822 4351 2029 4405 quaeso,

453 4434 644 4482 tantus
692 4427 821 4481 huic
863 4427 1109 4498 epistolae
1150 4425 1482 4498 Clementis,
1524 4435 1617 4482 aut
1660 4427 2029 4483 Romanorum

2147 3231 2325 3292 ptrum
2349 3225 2647 3294 majestatis
2666 3224 2784 3289 Dei,
2812 3225 3069 3281 Dominus
3086 3238 3262 3283 noster
3280 3229 3436 3283 Iesus
3454 3228 3729 3293 Christus.

2146 3332 2251 3369 non
2285 3318 2421 3370 venit
2465 3318 2518 3370 in
2548 3318 2816 3387 jactantia
2849 3321 3171 3391 arrogantia:
3194 3361 3209 3385 ,
3257 3338 3418 3392 neque
3444 3323 3730 3391 superbire,

2144 3424 2264 3461 cum
2287 3418 2469 3477 potens
2494 3410 2566 3463 sit
2607 3411 2742 3473 ;sed
2797 3411 2852 3464 in
2902 3411 3230 3478 humilitate,
3280 3415 3729 3485 quemadmodum

2144 3496 2378 3569 Spiritus
2413 3510 2629 3555 sanctus
2663 3501 2728 3555 de
2754 3503 2867 3572 ipso
2912 3504 3116 3559 locutus
3155 3514 3255 3560 est.
3288 3505 3555 3577 Deinceps
3600 3518 3732 3579 post

2144 3591 2377 3645 adducta
2410 3591 2500 3646 illa
2532 3593 2811 3664 propheta:
2838 3592 2992 3649 Isaize
3020 3596 3138 3650 loca
3161 3638 3174 3661 ,
3208 3598 3261 3651 in
3286 3600 3486 3669 quibus
3512 3600 3581 3654 de
3610 3609 3732 3653 tor-

2142 3684 2343 3739 mentis
2374 3692 2429 3739 et
2459 3686 2863 3755 abjectionibus
2909 3686 3210 3745 Salvatoris
3251 3698 3335 3744 est
3379 3706 3597 3754 sermo,
3647 3693 3731 3747 ita

2142 3777 2453 3837 concludit.
2496 3780 2563 3834 ad
2603 3780 2917 3835 Corinthios
2972 3798 3284 3837 sermonem
3344 3794 3724 3842 convertens:

2139 3867 2390 3936 Cernitis,
2417 3872 2518 3926 viri
2548 3873 2719 3938 chari,
2752 3875 2890 3946 quod
2920 3877 3189 3945 exemplar
3217 3877 3366 3931 nobis
3395 3878 3580 3931 datum
3610 3880 3681 3933 sit
3702 3885 3731 3939 .9

2138 3978 2262 4015 nam
2301 3965 2348 4017 si
2377 3963 2639 4021 Dominus
2683 3966 2813 4021 adeo
2841 3969 3111 4023 humiliter
3148 3987 3202 4024 se
3236 3972 3435 4040 gessit,
3491 3973 3618 4041 quid
3642 3974 3735 4042 fa-

2136 4054 2333 4107 ciemus
2362 4072 2480 4121 nos,
2513 4059 2603 4126 qui
2621 4059 2716 4111 sub
2734 4060 2925 4129 jugum
2947 4061 3140 4129 gratia:
3170 4061 3283 4130 ejus
3317 4077 3409 4130 per
3441 4062 3613 4130 ipsum
3637 4080 3733 4119 ves

2135 4146 2352 4202 nimus?

2206 4237 2331 4290 Alia
2352 4240 2591 4309 exempla
2614 4240 2936 4295 humilitatis
2972 4243 3026 4296 in
3055 4243 3380 4311 patriarchis
3410 4252 3461 4299 et
3493 4248 3733 4315 prophe-

2134 4330 2225 4384 tis.
2251 4361 2319 4369 —
2342 4330 2472 4385 Post
2500 4332 2745 4386 divinum
2769 4333 2873 4388 hoc
2903 4333 3248 4410 humilitatis,
3283 4336 3730 4407 abjectionisque

2133 4422 2444 4492 exemplar,
2487 4434 2710 4479 sanctus
2758 4424 3008 4481 Pontifex
3046 4427 3206 4483 nobis
3236 4430 3306 4483 ob
3334 4430 3521 4483 oculos
3565 4434 3733 4500 ponit

454 4518 699 4584 effectus,
732 4527 791 4573 ut
824 4519 879 4574 in
897 4491 1154 4575 Ecclesia
1180 4491 1468 4575 Cdrinthia
1497 4522 1879 4577 contentiones
1908 4537 2032 4578 ces-

2149 4491 2436 4582 pcrfeetam
2501 4514 2863 4571 humilitatem
2938 4528 3255 4573 sanctorum
3323 4491 3729 4590 prophetarum

455 4619 598 4675 sent,
628 4612 914 4667 seditionis
940 4613 1082 4682 ignis
1110 4612 1509 4682 exstinguatur,
1541 4626 1647 4682 pax
1675 4613 1865 4669 redeat
1888 4614 1911 4667 Ἰ
1936 4628 2036 4669 cur

454 4702 564 4757 divi
587 4701 879 4757 Clementis
898 4703 1127 4772 epistola
1157 4710 1308 4757 tanta
1339 4705 1690 4759 veneratione
1712 4705 2030 4775 suscipitur,

455 4802 519 4849 ut
545 4795 871 4865 quantocius
893 4796 1077 4849 cuncti
1106 4795 1282 4850 eidem
1313 4795 1612 4851 obediant?
1646 4811 1746 4852 cur
1774 4804 1924 4851 tanta
1954 4799 2034 4852 ei-

454 4884 576 4939 dem
608 4883 867 4938 tribuitur
889 4886 1213 4947 reverentia,
1253 4892 1312 4938 ut
1345 4891 1466 4954 post
1493 4886 1648 4954 plura
1680 4886 1877 4940 smcula
1906 4900 2026 4939 eam

454 4977 511 5029 in
535 4976 891 5029 conventibus
917 4976 1149 5045 publicis
1183 4977 1385 5045 legant,
1413 4977 1519 5031 nisi
1549 4977 1734 5030 divum
1773 4976 2028 5032 Clemen-

452 5078 562 5122 tem
596 5082 695 5120 ceu
718 5068 893 5121 sancti
923 5067 1068 5122 Petri
1100 5069 1471 5138 apostolorum
1506 5067 1779 5138 Principis
1806 5084 2028 5123 succes—

451 5175 635 5214 sorem
679 5158 915 5213 fuissent
953 5162 1236 5225 venerati,
1289 5161 1395 5214 nisi
1434 5176 1546 5230 prae
1588 5161 1815 5231 reliquis
1863 5161 2027 5215 etiam

452 5252 823 5309 sanctissimis
850 5252 985 5305 viris
1013 5252 1277 5320 majorem
1321 5255 1612 5323 quamdam
1645 5254 2025 5309 auctoritatem

452 5349 630 5401 eidem
672 5346 1034 5400 tribuissent?
1076 5344 1187 5399 lloc
1230 5347 1349 5415 ipso
1394 5361 1526 5401 sane
1557 5354 1840 5416 tempore,
1871 5355 1931 5400 ut
1959 5363 2028 5401 ex

453 5435 691 5498 Eusebio
738 5438 1037 5501 discimus,
1094 5438 1311 5491 vivebat
1377 5438 1555 5493 adhuc
1613 5437 1817 5509 Ephesi
1867 5440 2027 5496 divus

528 5600 573 5631 "
603 5598 739 5654 Gen.
792 5616 951 5658 xvtn.
983 5599 1072 5653 27.
1151 5601 1194 5631 ²⁹
1225 5599 1326 5654 Job
1353 5616 1463 5664 xlv,
1494 5601 1549 5657 4.
1628 5601 1671 5640 ⁸ο
1698 5599 1869 5657 Exod.
1893 5614 1973 5667 Ill,
1994 5601 2079 5658 11.

528 5735 640 5804 ('58)
684 5733 746 5807 ρ.
784 5735 1096 5807 Ilicronym.
1129 5735 1206 5789 De
1233 5737 1415 5806 script.
1446 5736 1630 5795 eccles.
1665 5737 1720 5792 in
1749 5736 2025 5807 Catalogo.

530 5808 640 5876 (59)
683 5805 853 5876 Epist.
892 5808 943 5874 1,
978 5805 1098 5877 cap.
1133 5808 1225 5864 1ϋ.

2139 4604 2287 4670 Elim,
2307 4605 2547 4662 Elisaeiet
2568 4606 2889 4663 Ezechielis.
2922 4607 3153 4663 Abrahae
3170 4609 3529 4665 humilitatem
3564 4628 3732 4667 com-

2136 4699 2358 4753 mendat
2402 4700 2515 4771 (40)
2568 4699 2623 4753 in
2671 4700 2795 4755 istis
2839 4700 3091 4771 ejusdem
3120 4702 3446 4771 patriarcha:
3474 4705 3664 4760 verbis
3708 4727 3729 4765 :

2136 4791 2248 4863 Ego
2280 4802 2456 4846 autem
2505 4810 2621 4847 sum
2663 4803 2805 4847 terra
2844 4803 2893 4848 et
2944 4797 3076 4850 cinis
3107 4798 3186 4865 ’3;
3218 4797 3577 4851 humilitatem
3610 4796 3733 4857 Job

2137 4888 2193 4941 in
2235 4886 2521 4941 verissima
2576 4887 2699 4954 bac,
2753 4905 2922 4958 quam
2960 4891 3156 4954 tradit,
3200 4892 3432 4946 veritate
3479 4910 3492 4946 :
3545 4890 3731 4950 Nemo

2134 4977 2361 5032 mundus
2390 4996 2423 5031 a
2454 4978 2607 5033 sorde
2626 5020 2641 5044 ,
2672 4989 2719 5034 ct
2746 4981 2792 5034 si
2824 4982 2979 5035 unius
3005 4982 3109 5035 diei
3138 4984 3207 5037 sit
3234 4985 3339 5036 vita
3368 4983 3479 5052 ejus
3508 4985 3583 5051 ”;
3613 4987 3733 5041 hu-

2135 5070 2421 5125 militatem
2453 5070 2654 5141 Moysis
2694 5072 2748 5125 in
2793 5074 3079 5129 aversione
3101 5114 3115 5137 ,
3140 5089 3303 5142 quam
3335 5073 3446 5127 Deo
3476 5083 3731 5134 testatus

2137 5171 2243 5224 est,
2280 5179 2309 5217 a
2343 5163 2608 5218 sumendo
2638 5166 2903 5235 regimine
2946 5168 3132 5236 populi
3172 5167 3461 5221 Israelitici
3494 5168 3578 5223 “z
3613 5170 3733 5226 hu-

2138 5256 2423 5311 militatem
2458 5256 2681 5312 Davidis
2702 5299 2717 5323 ,
2751 5275 2873 5329 quae
2902 5262 3138 5313 maxime
3167 5260 3220 5313 in
3248 5260 3457 5329 psalmo
3488 5275 3519 5313 ι.
3552 5256 3728 5329 repe-

2134 5349 2297 5416 ritur,
2324 5351 2417 5404 ubi
2451 5366 2615 5405 verus
2649 5352 2735 5405 hic
2789 5354 3063 5422 pmnitcns
3109 5352 3471 5409 humilitatem
3526 5356 3730 5412 cordis

2137 5442 2222 5495 sui
2251 5441 2563 5496 manifestat
2588 5442 2721 5513 (41).

2213 5733 2325 5804 (40)
2361 5731 2521 5804 lbid.,
2554 5747 2677 5803 cap.
2720 5733 2806 5788 l7.

2207 5803 2320 5871 (41)
2362 5803 2458 5870 Ep.
2494 5805 2546 5871 1,
2577 5820 2697 5869 cap.
2735 5804 2820 5860 l8.
