3936 6172
260 330 333 348 ὴ

231 330 337 384 ιτδ

1476 315 1818 376 ΡκοωΜιΑ
1857 313 2240 371 VARIORUM.

3379 320 3480 374 m

302 442 555 497 Ραιειιηε
586 439 858 496 gementia;
890 438 954 494 de
980 438 1389 494 humilitate...
1419 436 1812 507 Splendidissi-
1842 433 1888 491 Δ
1916 430 2212 485 schismata
2254 447 2444 487 eorum
2490 448 2657 488 causa
2696 434 2923 489 excitari
2974 434 3475 505 deprehemlcrunt.

224 532 337 585 mis
364 532 520 586 hisee
549 529 877 585 humilitatis
897 527 1225 584 Christiante
1256 526 1524 597 exemplis
1565 525 1812 594 adjungit

221 633 457 679 sanctus
486 622 747 679 Clemens
772 622 1066 677 nonnullas
1094 620 1289 677 breves
1334 619 1637 675 sententias
1664 618 1811 672 circa

227 714 376 766 hanc
399 710 654 767 eamdem
675 714 955 767 virtutem.
986 711 1130 766 Laus
1162 720 1370 774 nostra,
1396 710 1592 780 inquit,
1617 709 1671 762 in
1702 706 1810 760 Deo

227 806 323 865 sit.
349 815 403 860 et
444 822 552 861 non
582 823 618 861 a
660 805 812 860 nobis
854 806 983 875 ipsis
1007 803 1143 877 (42).
1190 804 1432 869 Etenim,
1479 802 1629 857 addit
1658 802 1810 871 ipse,

233 897 377 951 Deus
394 897 508 951 odit
526 914 613 952 eos
658 898 750 968 qui
765 898 1066 966 semetipsos
1089 896 1399 965 praedicant.
1436 894 1813 949 Testimonium

227 990 355 1043 boni
381 991 557 1059 operis
585 990 759 1044 nostri
792 988 857 1042 ab
882 989 1007 1043 aliis
1030 987 1298 1042 tribuatur
1326 986 1473 1040 nobis
1490 1028 1505 1053 ,
1528 986 1685 1039 sicuti
1721 1000 1815 1038 ea:-

228 1081 458 1135 hibitum
483 1090 564 1135 est
594 1079 851 1135 Patribus
900 1080 1117 1135 nostris.
1154 1078 1473 1140 Temeritas,
1507 1076 1815 1146 arrogantia

222 1186 280 1229 et
317 1176 575 1240 audacia,
620 1175 915 1229 maledictis
954 1192 988 1228 a
1037 1174 1178 1239 Deo;
1224 1174 1516 1229 moderatio
1552 1183 1726 1226 autem
1765 1182 1815 1226 et

228 1266 517 1320 humilitas
541 1276 589 1320 et
615 1263 961 1319 mansuetudo
977 1264 1117 1333 apud
1148 1264 1293 1329 illos,
1331 1268 1421 1335 qui
1458 1282 1490 1316 a
1526 1263 1631 1316 Deo
1665 1261 1816 1316 bene-

223 1359 362 1412 dicti
394 1366 523 1412 sunt
564 1400 578 1412 .
623 1397 638 1409 .
687 1399 698 1411 .
746 1354 1143 1427 Unusquisque,
1170 1356 1335 1410 habet
1367 1356 1497 1409 alibi
1524 1355 1667 1425 (45),
1693 1370 1818 1421 pro-

224 1446 380 1501 ximo
398 1463 497 1500 suo
528 1444 847 1515 subjiciatur
888 1486 901 1498 .
948 1482 965 1498 .
1006 1483 1021 1498 .
1064 1442 1281 1497 humilis
1305 1460 1407 1497 non
1434 1442 1535 1496 sibi
1578 1443 1816 1497 testimo-

222 1540 383 1592 nium
412 1538 574 1607 ferat,
598 1535 689 1591 sed
720 1536 883 1599 sinat,
909 1545 967 1588 ut
997 1533 1133 1588 alter
1160 1535 1263 1604 ipsi
1282 1532 1548 1603 perhibeat
1582 1534 1819 1588 testimo-

227 1630 381 1683 nium
417 1643 437 1681 :
458 1629 549 1698 qui
565 1645 722 1682 carne
740 1636 918 1682 castus
944 1636 1044 1693 est,
1065 1643 1127 1680 ne
1149 1626 1450 1692 insolescat,
1468 1628 1634 1682 sciens
1651 1626 1818 1680 alium

221 1738 367 1783 esse,
402 1722 494 1791 qui
518 1722 567 1774 ei
594 1720 969 1775 continentiam
991 1719 1178 1773 donat.
1204 1717 1520 1789 Reputemus
1540 1735 1682 1789 ergo,
1706 1718 1819 1788 fra-

226 1823 363 1877 tres,
397 1828 466 1866 ea:
502 1829 608 1883 qua
636 1812 863 1866 materia
885 1812 1049 1865 creati
1073 1812 1278 1875 simus;
1301 1812 1429 1882 qui,
1478 1820 1527 1864 et
1549 1810 1729 1881 quales
1760 1812 1816 1865 in

226 1904 495 1960 mundum
529 1905 751 1976 ingressi
775 1905 964 1969 simus,
997 1913 1248 1975 tanquam
1270 1919 1301 1957 e
1323 1903 1561 1974 sepulcro
1582 1912 1631 1959 et
1672 1912 1816 1958 tene-

223 1999 375 2063 bris;
430 2007 620 2052 auctor
641 2007 690 2052 et
715 1998 889 2066 opifex
930 2006 1107 2051 noster
1138 1998 1194 2050 in
1238 1995 1493 2050 mundum
1530 2012 1683 2050 suum
1723 2013 1818 2050 nos

226 2089 561 2154 introduxit,
592 2091 931 2159 prtzparatis,
965 2098 1249 2159 antequam
1280 2104 1634 2153 nasceremur,
1662 2087 1816 2141 bene-

229 2181 395 2249 factis
429 2182 566 2236 suis.
595 2179 679 2236 Sit
711 2180 905 2251 aliquis
935 2180 1130 2250 ﬁdelis,
1155 2182 1223 2234 sit
1244 2190 1426 2249 potens
1448 2180 1502 2233 in
1516 2180 1819 2233 enarranda

226 2272 539 2342 cognitione
578 2314 591 2327 .
635 2315 647 2326 .
694 2314 707 2327 .
752 2282 898 2325 tanto
922 2272 1172 2325 humilior
1194 2286 1305 2324 esse
1322 2268 1493 2332 debet,
1522 2286 1623 2339 quo
1645 2270 1820 2338 major

225 2381 344 2418 esse
380 2363 593 2418 videtur
619 2365 768 2436 (44);
798 2364 922 2436 quia
943 2404 958 2428 ,
990 2371 1047 2418 ut
1079 2364 1187 2417 alio
1211 2363 1333 2418 loco
1355 2362 1489 2416 dicit
1544 2361 1657 2431 (45)
1676 2402 1690 2422 ,
1718 2378 1819 2430 quo

229 2457 435 2525 majori
478 2456 780 2527 cognitione
822 2456 971 2526 digni
1009 2471 1192 2510 sumus
1234 2454 1439 2519 habiti,
1487 2470 1546 2509 eo
1586 2454 1818 2521 periculo

228 2549 469 2618 graviori
492 2548 710 2603 obnoxii
734 2565 935 2603 sumus.

306 2639 388 2694 De
410 2641 697 2697 charitate.
724 2639 1071 2696 Characteres
1126 2640 1428 2695 charitatis.
1464 2671 1532 2680 —
1560 2638 1717 2706 Quod
1752 2639 1820 2695 de

230 2730 511 2785 charitate
542 2730 701 2786 docet
730 2739 957 2787 sanctus
980 2730 1254 2796 Pontifex,
1285 2740 1341 2786 et
1364 2731 1432 2787 ad
1458 2732 1710 2801 pietatem
1741 2730 1821 2783 al-

230 2822 383 2884 licit,
416 2831 474 2877 et
505 2836 728 2877 omnem
769 2831 1016 2878 nostram
1049 2831 1393 2894 promeretur
1439 2822 1816 2878 attentionem.

232 2914 450 2970 Divina:
486 2915 656 2985 hujus
678 2916 903 2971 virtutis
935 2917 1284 2972 characteres
1309 2924 1440 2971 sunt
1469 2924 1766 2987 sequentes
1801 2937 1815 2971 :

230 3005 496 3061 Charitas
526 3023 622 3061 nos
649 3006 757 3062 Deo
784 3007 1104 3079 agglutinat,
1154 3026 1173 3060 ι
1212 3009 1447 3062 charitas
1487 3009 1652 3077 operit
1680 3010 1820 3064 mul-

1846 1766 1890 1826 Β

1916 522 2171 578 Dicamus
2202 524 2361 578 etiam
2386 565 2399 587 ,
2452 539 2643 579 omnes
2675 525 2956 581 ministros
2997 526 3210 581 Domini
3247 525 3481 595 idipsum

1914 615 1969 668 in
1999 614 2194 668 iisdem
2219 615 2652 671 circumstantiis
2684 632 2944 689 peragere
2967 619 3200 685 debere;
3233 620 3483 674 fidelibus

1913 704 2055 758 enim
2087 706 2327 775 prtebere
2349 716 2605 762 tenentur
2629 710 2875 780 exempla
2904 710 3209 774 charitatis,
3245 728 3366 778 quae
3384 728 3486 782 pu-

1914 798 2134 853 rissima
2168 800 2259 863 sit,
2292 808 2346 854 et
2371 800 2658 854 commoda
2693 816 2802 856 non
2833 812 3060 873 quierat.
3101 801 3184 857 Ne
3210 816 3487 858 vereantur

1914 891 2076 960 igitur
2103 890 2158 943 id
2186 890 2385 960 agendo
2414 893 2714 946 necessaria
2749 894 2991 947 amittere
3020 909 3038 945 :
3078 894 3183 960 Qui
3221 895 3360 948 enim
3389 894 3487 948 hoc

1918 984 2168 1046 fecerit...
2203 983 2507 1053 percptime
2534 984 2609 1039 ait
2632 995 2855 1042 sanctus
2882 986 3128 1042 Pontifex
3146 988 3282 1060 (48),
3315 990 3486 1042 onmis

1917 1076 2059 1129 locus
2080 1093 2197 1130 eum
2227 1078 2471 1146 suscipiet
2500 1091 2521 1131 :
2549 1077 2764 1133 Domini
2788 1080 2925 1133 enim
2954 1091 3031 1134 est
3054 1091 3214 1147 terra,
3244 1092 3293 1136 et
3316 1082 3487 1152 pleni-

1917 1169 2041 1222 tudo
2063 1169 2196 1237 ejus.

1990 1260 2059 1316 Ut
2080 1260 2336 1317 ostendat
2360 1270 2588 1318 sanctus
2612 1262 2894 1331 Clemens,
2944 1265 3286 1337 impossibile
3318 1269 3491 1322 haud-

1915 1366 2189 1421 quaquam
2219 1366 2367 1417 esse,
2399 1354 2545 1422 quod
2576 1354 2832 1424 superius
2859 1354 3069 1417 docuit,
3091 1358 3337 1426 exempla
3364 1373 3491 1427 pro-

1918 1442 2023 1497 fert
2057 1443 2323 1511 gentium,
2358 1459 2422 1498 ac
2463 1453 2672 1510 narrat,
2705 1446 2909 1501 multos
2934 1462 3091 1517 reges
3116 1462 3180 1500 ac
3212 1449 3489 1518 principes

1917 1533 2196 1590 exstitisse
2218 1550 2282 1589 ex
2328 1535 2609 1603 gentibus,
2644 1538 2738 1607 qui
2766 1553 2828 1593 se
2862 1538 3014 1608 ipsos
3055 1541 3217 1594 morti
3250 1540 3489 1594 tradide-

1920 1631 2082 1689 runt,
2116 1634 2174 1679 ut
2215 1626 2363 1681 cives
2390 1641 2493 1681 suo
2521 1627 2789 1699 sanguine
2835 1628 3152 1684 liberarent.
3197 1629 3286 1684 Ait
3337 1630 3492 1683 insu-

1919 1732 2016 1785 per
2047 1716 2159 1789 (49)
2190 1737 2203 1771 :
2236 1716 2434 1773 Multos
2462 1719 2602 1774 inter
2637 1736 2729 1774 nos
2757 1720 3090 1790 cognovimus
3110 1761 3125 1785 ,
3170 1722 3260 1790 qui
3289 1722 3489 1790 seipsos

1919 1812 1977 1864 in
2010 1811 2217 1864 vincula
2238 1811 2570 1880 conjecerunt
2589 1851 2604 1875 ,
2636 1821 2695 1865 ut
2720 1814 2855 1866 alios
2880 1811 3213 1868 redimerent.
3246 1810 3407 1866 Multi
3436 1830 3492 1867 se

1919 1903 2058 1971 ipsos
2083 1903 2137 1956 in
2159 1904 2461 1957 servitutem
2490 1902 2786 1969 dederunt,
2832 1913 2883 1959 et
2926 1914 3135 1975 accepto
3162 1906 3326 1973 pretio
3368 1910 3487 1968 sui,

1920 1994 2054 2048 alios
2073 1993 2335 2050 cibarunt.
2356 1993 2582 2064 Egregia
2610 1993 2724 2047 haec
2746 1994 2998 2063 perfecta:
3017 1996 3301 2052 charitatis
3317 2013 3493 2052 exem-

1920 2085 2007 2154 pla
2035 2100 2145 2155 prae
2166 2084 2341 2139 oculis
2371 2084 2607 2139 habeant
2632 2082 2892 2140 Ecclesia:
2918 2087 3177 2152 ministri,
3203 2103 3267 2142 ac
3291 2097 3493 2145 attente

1919 2176 2283 2233 considerent.

1990 2269 2068 2323 De
2089 2269 2451 2324 wmulatione.
2497 2268 2731 2338 Effectus
2765 2269 3141 2325 wmulationis.
3173 2301 3243 2311 -—
3274 2269 3492 2326 Tertius

1920 2362 2185 2416 articulus
2221 2360 2403 2432 quoad
2438 2375 2655 2424 mores,
2684 2376 2847 2430 quem
2892 2361 2949 2415 in
2994 2372 3187 2417 sancto
3213 2362 3497 2419 Clemente

1920 2454 2180 2508 observat
2213 2453 2283 2509 cl.
2312 2452 2587 2509 Marechal
2611 2452 2675 2509 Ο.
2701 2452 2759 2508 S.
2787 2453 2872 2518 8.,
2899 2461 2982 2509 est
3012 2456 3161 2509 circa
3190 2455 3450 2511 invidiam
3476 2496 3493 2520 ,

1922 2556 2019 2597 seu
2053 2543 2475 2598 aemulationem.
2528 2543 2878 2600 Demonstrat
2922 2544 3264 2607 Corinthiis,
3310 2548 3493 2616 quod,

1921 2642 2214 2705 postquam
2251 2635 2381 2690 huic
2406 2637 2652 2705 passioni
2684 2652 2745 2692 se
2773 2630 2890 2692 toto
2929 2638 3114 2692 animo
3133 2638 3495 2703 dediderunt,

1921 2726 2113 2795 procul
2156 2726 2300 2781 absit
2323 2726 2541 2797 justitia
2565 2733 2619 2782 et
2653 2741 2760 2796 pax
2798 2746 2811 2781 :
2848 2725 3215 2797 Unusquisque
3257 2728 3498 2782 timorem

1920 2818 2021 2873 Dei
2044 2818 2260 2885 deserit,
2292 2830 2341 2875 et
2365 2821 2421 2874 in
2450 2819 2555 2889 fide
2583 2821 2730 2876 illius
2760 2823 2972 2877 ctecutit
2991 2860 3009 2887 ,
3044 2839 3136 2877 nec
3161 2823 3217 2876 in
3236 2823 3498 2877 institutis

1920 2922 2300 2984 praeceptorum
2321 2914 2437 2985 ejus
2459 2913 2731 2980 ambulat,
2757 2931 2848 2968 nec
2880 2912 3091 2970 Christo
3112 2913 3351 2969 decenter
3372 2931 3501 2969 con-

1922 3016 2191 3072 versatur;
2221 3007 2312 3062 sed
2340 3009 2694 3079 unusquisque
2723 3007 3007 3062 secundum
3027 3023 3218 3077 pravas
3239 3007 3500 3078 cupidita-

232 3098 525 3152 titudinem
554 3110 889 3167 peccatorum
911 3099 955 3130 ³¹
981 3100 1255 3155 :charitas
1279 3102 1457 3154 omnia
1486 3101 1676 3155 tolerat
1702 3100 1769 3165 ³⁸,
1796 3118 1816 3153 s
1848 3119 1890 3178 ο
1927 3109 1999 3154 tes
2042 3117 2169 3155 suas
2225 3101 2441 3155 incedit.
2501 3099 2709 3155 Deinde
2767 3100 3033 3154 nonnulla
3083 3115 3151 3154 ex
3196 3099 3500 3170 Scripturis

229 3192 419 3245 omnia
444 3207 598 3261 equo
625 3192 728 3261 fert
750 3193 925 3246 animo
948 3208 967 3254 ;
994 3192 1051 3246 in
1072 3192 1331 3249 cltaritate
1349 3193 1481 3248 nihil
1524 3192 1820 3261 sordidum,

235 3282 377 3335 nihil
403 3281 693 3350 superbum
712 3321 728 3347 ,
770 3281 1008 3337 videlicet
1039 3283 1451 3338 moderationem
1494 3284 1549 3338 in
1577 3283 1821 3340 omnibus

230 3382 437 3436 servm,
468 3373 707 3427 charitas
738 3374 970 3429 schisma
1001 3392 1105 3429 non
1136 3375 1320 3443 habet,
1351 3376 1590 3431 charitas
1614 3377 1826 3433 seditio-

232 3482 352 3519 nem
381 3480 492 3518 non
524 3464 774 3530 concitat,
804 3466 1039 3520 charitas
1070 3468 1249 3520 omnia
1268 3467 1397 3536 facit
1426 3469 1481 3521 in
1497 3469 1781 3525 concordia
1802 3485 1823 3524 :

232 3560 291 3612 in
319 3558 590 3612 charitate
613 3575 792 3613 omnes
823 3558 920 3614 Dei
940 3560 1093 3615 electi
1123 3561 1339 3630 perfecti
1365 3570 1510 3618 sunt.
1545 3562 1673 3620 Sine
1697 3566 1823 3621 cha-

234 3650 401 3704 ritate
427 3650 564 3704 nihil
593 3660 862 3719 acceptum
887 3660 968 3706 est
998 3650 1105 3706 Deo
1134 3650 1273 3723 (46).

309 3740 700 3797 Pulcherrimo
729 3743 859 3798 huic
887 3743 1181 3799 charitatis
1208 3745 1405 3816 elogio,
1434 3746 1685 3817 ejusdem
1712 3750 1825 3803 vir-

234 3834 377 3888 tutis
404 3834 731 3904 ‘exemplum
777 3834 930 3889 addit
975 3843 1201 3891 sanctus
1244 3836 1535 3905 Pontifex,
1582 3840 1826 3912 illudque

233 3926 711 3982 considerandum
747 3929 1003 3998 proponit
1034 3929 1089 3983 in
1128 3929 1347 4002 Moyse,
1393 3934 1490 4003 qui
1535 3935 1665 3989 olim
1694 3952 1825 3992 suas

236 4017 306 4071 ad
342 4016 526 4071 Deum
563 4015 703 4071 fudit
729 4032 957 4089 preces,
996 4026 1057 4075 ut
1086 4032 1179 4075 aut
1210 4020 1511 4079 dimitteret
1538 4035 1825 4097 peccatum

235 4109 429 4180 populi
460 4109 583 4173 sui,
610 4116 705 4163 aut
744 4109 950 4165 deleret
983 4126 1107 4166 eum
1143 4112 1212 4167 de
1254 4113 1394 4170 libro
1426 4117 1725 4174 viventium
1756 4120 1821 4176 ³⁸.

238 4199 376 4265 Quis
418 4215 546 4269 ergo
586 4199 723 4253 inter
764 4216 853 4254 vos
894 4203 1221 4270 generosus?
1277 4206 1557 4261 concludit
1598 4217 1825 4267 sanctus

235 4274 503 4347 Clemens
531 4290 666 4363 (47),
681 4294 796 4363 quis
822 4294 1122 4348 misericors
1140 4297 1165 4349 ἒ)
1185 4296 1301 4366 quis
1320 4297 1578 4354 charitate
1597 4301 1782 4371 plenus
1800 4306 1826 4359 ?

238 4384 385 4438 dicat
417 4397 440 4434 :
475 4384 541 4437 Si
573 4394 783 4453 propter
821 4402 901 4440 me
928 4386 1119 4441 seditio
1153 4397 1273 4442 orta
1298 4399 1376 4443 est
1397 4400 1481 4455 ,et
1520 4392 1819 4459 discordia,

1924 3196 2171 3264 exempla
2200 3193 2384 3257 aﬂ‘ert,
2415 3192 2613 3262 quibus
2638 3206 2854 3246 morum
2880 3191 3321 3262 depravationem
3349 3194 3501 3247 omni

1923 3294 2172 3357 tempore
2201 3286 2258 3340 in
2290 3285 2604 3340 hominibus
2620 3285 2903 3339 inductam
2927 3283 3173 3339 ostendit
3200 3299 3266 3339 ex
3300 3284 3403 3338 hoc
3426 3285 3502 3339 vi-

1924 3380 2004 3434 tio
2031 3399 2044 3435 :
2079 3378 2232 3445 Quod
2251 3388 2463 3448 propter
2486 3377 2899 3441 cumulationem,
2932 3377 3009 3430 ait
3038 3376 3130 3430 hic
3149 3382 3374 3431 sanctus
3395 3375 3503 3431 Pa-

1924 3482 2007 3527 ter
2040 3469 2175 3543 (50),
2202 3469 2559 3541 fratricidium
2572 3470 2618 3501 “
2636 3470 2975 3525 commissum
2992 3470 3061 3523 sit
3088 3479 3300 3539 propter
3329 3485 3499 3524 temu-

1926 3561 2175 3615 lationem
2192 3559 2357 3614 Pater
2376 3570 2555 3615 noster
2571 3557 2740 3613 Jacob
2783 3576 2817 3612 a
2852 3558 2990 3628 facie
3012 3558 3199 3628 fratris
3230 3557 3376 3613 Esau
3399 3575 3501 3612 aur

1929 3655 2063 3725 fugit
2082 3653 2152 3717 ";
2177 3652 2448 3708 aamulatio
2475 3654 2668 3722 effecit,
2699 3660 2758 3707 ut
2777 3650 2975 3721 Ioseph
3002 3652 3072 3707 ad
3094 3661 3315 3708 mortem
3339 3669 3503 3723 usque

1924 3748 2335 3813 persecutionem
2354 3746 2635 3801 sustineret
2658 3738 2710 3778 ³⁸
2732 3755 2783 3800 et
2816 3745 2872 3799 in
2900 3747 3205 3800 servitutem
3233 3745 3506 3800 addicere-

1930 3852 2035 3895 tur.
2089 3838 2391 3894 xEmulatio
2447 3837 2681 3909 Moysem
2732 3854 2765 3891 a
2821 3839 2957 3908 facie
3006 3836 3305 3892 Pharaonis
3364 3839 3502 3909 regis

1938 3931 2159 4003 nggpti
2188 3932 2365 4003 fugere
2395 3931 2647 4000 compulit
2713 3945 2833 3985 cum
2900 3931 3205 4001 popularem
3234 3947 3387 3986 suum
3413 3932 3503 3984 di-

1927 4034 2126 4079 centem
2149 4024 2356 4078 audiret
2381 4038 2399 4076 :
2434 4023 2565 4090 Quis
2601 4032 2649 4077 te
2677 4023 2953 4077 constituit
2981 4023 3267 4091 principem
3290 4030 3340 4076 et
3349 4021 3506 4091 judi-

1928 4134 2036 4172 cem
2063 4133 2219 4186 super
2240 4119 2375 4172 nos?
2397 4114 2631 4186 nunquid
2663 4124 2719 4167 tu
2741 4116 2816 4169 vis
2851 4131 2932 4169 me
2959 4116 3221 4181 occidere,
3251 4113 3504 4183 quemad-

1935 4205 2151 4258 modum
2180 4204 2419 4259 occidisti
2440 4204 2552 4256 heri
2567 4200 2641 4254 Αἶ
2645 4202 2883 4271 gyptium
2904 4202 2991 4255 "'?
3020 4200 3247 4267 Propter
3282 4196 3503 4252 azmula—

1935 4296 2127 4349 tionem
2147 4298 2327 4350 Aaron
2348 4302 2397 4348 et
2435 4292 2613 4346 Maria
2638 4292 2681 4324 ³⁸
2700 4302 2853 4346 extra
2873 4302 3050 4346 castra
3068 4289 3326 4361 segregati
3351 4288 3504 4341 habi-

1929 4392 2136 4438 tarunt.
2170 4381 2474 4437 xEmulntio
2495 4381 2711 4436 Dathan
2741 4391 2791 4435 et
2825 4382 3026 4435 Abiron
3056 4381 3101 4413 ³³
3138 4383 3278 4435 vivos
3317 4381 3386 4433 ad
3422 4376 3528 4433 in-l

235 4483 286 4527 et
335 4475 658 4539 schismata,
688 4473 921 4539 discedo,
963 4478 1089 4531 abeo
1162 4495 1469 4549 quocunque
1510 4482 1823 4550 volueritis;
1857 4464 1901 4520 Ῑ)
1931 4478 2071 4548 feros
2102 4476 2349 4540 detrusit,
2372 4474 2511 4545 quod
2537 4490 2659 4528 cum
2688 4472 2873 4543 Moyse
2894 4472 2991 4527 Dei
3025 4472 3229 4542 famulo
3253 4471 3508 4526 seditione

236 4574 286 4615 et
324 4564 473 4632 facio
524 4580 642 4634 quae
663 4581 697 4617 a
716 4564 862 4634 plebe
885 4566 1250 4632 mandantur;
1277 4570 1449 4624 solum
1470 4574 1601 4628 ovile
1627 4575 1829 4633 Christi

238 4658 293 4710 in
316 4672 454 4726 pace
479 4655 657 4727 degat,
688 4673 807 4711 cum
831 4661 1134 4716 constitutis
1163 4662 1503 4733 presbyteris.
1534 4666 1660 4723 Htec
1694 4685 1827 4728 sane

238 4756 321 4803 est
351 4745 607 4818 perfecta
636 4748 876 4803 charitas
896 4791 913 4817 ,
942 4766 1064 4821 quae
1114 4754 1268 4808 nullo
1303 4755 1530 4825 privatae
1572 4758 1827 4818 utilitatis

238 4841 434 4895 studio
485 4840 739 4909 ducitur;
771 4840 1002 4913 ejusque
1040 4842 1267 4900 ductum
1294 4850 1470 4903 secuti
1517 4859 1646 4906 sunt
1688 4869 1827 4909 non—

240 4931 382 4987 nulli
445 4932 624 4986 sancti
679 4932 964 5003 episcopi,
1016 4935 1239 5005 quando
1289 4937 1702 5008 dissensiones,
1763 4960 1828 4999 ac

1928 4574 2316 4634 contenderent.
2377 4568 2455 4625 0b
2498 4569 2891 4624 aemulationem
2935 4566 3107 4621 David
3154 4584 3258 4622 non
3300 4576 3506 4621 tantum

1928 4670 2233 4742 alienigenis
2264 4667 2488 4729 invisus,
2521 4662 2610 4718 sed
2643 4663 2805 4717 etiam
2840 4679 2874 4715 a
2908 4660 3045 4717 Saul
3086 4678 3203 4732 rege
3254 4661 3427 4717 Israel
3458 4663 3505 4696 ⁸⁸

1927 4767 2033 4835 fuit
2074 4771 2314 4818 vexatus.
2369 4756 2472 4812 Sed
2522 4765 2579 4809 ut
2620 4766 2795 4810 vetera
2836 4753 3080 4823 exempla
3115 4754 3502 4825 relinquamus,

1929 4855 2281 4929 prosequitur
2298 4858 2524 4907 sanctus
2537 4846 2788 4903 Pontifex
2805 4846 2890 4917 (al
2901 4846 2940 4916 ),
2956 4848 3224 4901 veniamus
3239 4848 3308 4902 ad
3321 4849 3503 4918 proxi-

1934 4968 2045 5005 mos
2081 4948 2328 5009 athletas,
2352 4954 2401 4998 et
2432 4941 2616 4997 steculi
2644 4941 2815 4995 nostri
2842 4956 3093 5011 generosa
3116 4941 3353 5011 exempla
3383 4958 3506 5011 pro-

314 5135 359 5211 .1
385 5132 509 5189 Jac-
540 5150 595 5199 ν’
632 5134 937 5211 20:1}fegr.
975 5151 1053 5211 tv,
1075 5136 1130 5193 8.
1186 5137 1255 5211 "7'
1284 5137 1457 5211 ICori
1481 5156 1601 5208 xm,
1635 5144 1693 5198 4,
1769 5146 1816 5180 ss

1929 5149 2019 5204 od.
2062 5163 2245 5209 xxxu,
2271 5144 2360 5199 32.
2441 5142 2487 5174 “
2508 5139 2648 5198 Gen.
2672 5139 2886 5203 ιν,5ο8.
2962 5140 3009 5174 ³³
3037 5105 3174 5197 Cen.
3206 5157 3380 5211 xxvn,
3410 5143 3500 5199 ll.

242 5206 289 5239 “
314 5205 462 5262 Gen.
490 5221 709 5263 xxxv".
785 5206 828 5238 ³⁷
862 5205 1037 5263 Exod.
1085 5208 1269 5275 ",14.
1345 5210 1391 5243 ³⁸
1414 5205 1715 5288 Νυιηζιιι,
1757 5219 1810 5275 4.

313 5429 434 5500 με)
473 5428 583 5500 Ep.
610 5430 664 5492 ι,
694 5443 816 5500 cap.
850 5432 939 5488 50.

312 5498 433 5570 με)
471 5498 636 5570 tum"
661 5498 784 5570 οιρῖ
817 5500 905 5557 ss.

338 5568 431 5642 se
470 5568 634 5642 me.
667 5568 773 5642 θεῷ
819 5571 911 5642 48.

338 5640 434 5706 45)
472 5639 639 5704 lbid.,
657 5639 778 5710 cap.
802 5641 893 5697 41.

342 5711 435 5784 ω)
465 5710 630 5777 lbid.,
662 5726 784 5782 cap.
813 5712 904 5769 49.

1913 5218 1960 5248 ”
1991 5215 2153 5271 Num.
2182 5232 2293 5279 xw,
2314 5218 2403 5270 55.
2479 5218 2524 5247 ἰο
2558 5217 2732 5288 Ηὶρε.
2766 5232 2923 5284 xvnt,
2946 5222 3001 5274 8.

2006 5433 2118 5504 (47)
2147 5428 2423 5504 -Ερίεεης,
2449 5439 2569 5495 cap.
2596 5423 2687 5481 54.

2004 5497 2125 5571 (48)·
2147 5497 2255 5571 tdi,
2283 5497 2413 5551 ibid.

2007 5565 2119 5639 (49)
2149 5569 2308 5630 lbid.,
2330 5582 2452 5635 cap.
2486 5565 2576 5639 55.

2030 5635 2117 5706 50)
2156 5640 2315 5702 lbid.,
2346 5653 2468 5707 cap.
2500 5635 2555 5689 4.

2030 5644 2117 5706 50)
2156 5643 2315 5702 lbid.,
2346 5653 2468 5707 cap.
2500 5643 2555 5689 ι.

2003 5643 2119 5785 (51)
2156 5710 2324 5781 Epist.
2354 5709 2404 5769 l,
2432 5723 2482 5761 c.
2512 5707 2560 5760 5.
