3936 6172
506 275 611 331 175

1612 272 1703 327 AD
1745 273 1806 335 S.
1846 273 2272 332 CLEMENTEM
2314 276 2331 330 Ι
2371 274 2603 334 PAPAM

3655 286 3757 342 176

498 404 776 461 ponamus.
810 385 1033 456 Propter
1056 386 1447 440 wmulationem
1474 394 1521 439 et
1551 387 1828 451 invidiam,
1854 390 1943 458 qui
1980 387 2077 442 Ec-
2109 396 2154 451 Α
2184 391 2435 459 thalium,
2469 395 2669 464 quibus
2705 409 2823 448 eam
2873 398 3307 455 maculavimusf
3352 398 3486 466 Nos,
3533 403 3637 457 nisi
3663 403 3755 459 ba-

426 530 432 535 ,
498 482 673 537 clesitc
692 488 843 534 erant
874 478 1056 549 ﬁdeles
1086 489 1136 533 et
1159 480 1479 547 justissima:
1518 478 1776 534 columna:
1796 521 1811 542 ,
1838 483 1909 534 ad
1938 497 2078 533 mor-

500 585 601 630 tem
629 589 791 644 usque
820 573 1063 626 acerbam
1085 572 1495 639 persecutionem
1534 572 1682 641 passi
1721 581 1863 627 sunt.
1898 571 2078 625 Pona-

495 681 615 719 mus
656 663 805 718 nobis
853 670 975 716 ante
1022 662 1200 716 oculos
1256 671 1467 717 sanctos
1512 664 1802 731 apostolos.
1850 661 2076 731 Propter

498 757 889 814 a'mulationem
912 756 1147 826 iniquam
1172 754 1361 809 Petrus
1391 772 1494 808 non
1524 772 1689 809 unum
1713 767 1805 810 aut
1826 756 2071 821 alterum,

497 849 587 904 sed
616 849 789 917 plures
815 847 1019 901 labores
1042 846 1280 909 sustulit,
1313 854 1467 915 atque
1499 846 1576 899 ita
1601 847 1919 916 martyrium
1948 863 2074 915 pas-

492 958 585 995 sus
613 944 667 995 in
693 940 925 995 debitum
946 938 1133 1010 gloria)
1162 938 1335 991 locum
1368 938 1625 993 ascendit.
1660 936 1883 1006 Propter
1914 956 2074 993 temu-

493 1034 741 1088 lationem
786 1031 996 1086 Paulus
1038 1032 1305 1100 patientiw
1350 1031 1626 1099 prasmium
1666 1030 1921 1099 obtinuit,
1951 1049 2069 1085 cum

490 1136 703 1182 catenas
732 1126 918 1194 septies
941 1131 1227 1193 portasset,
1260 1126 1583 1191 vapulasset,
1606 1123 1875 1191 lapidatus
1904 1133 2069 1178 esset:

490 1233 663 1288 prteco
693 1216 865 1285 factus
890 1215 946 1268 in
970 1213 1181 1269 Oriente
1226 1256 1238 1267 .
1287 1254 1299 1267 .
1346 1254 1358 1267 .
1405 1222 1568 1265 totum
1604 1213 1855 1267 mundum
1877 1216 2067 1271 docens

478 1310 773 1379 justitiam,
812 1315 863 1362 et
893 1306 961 1361 ad
997 1305 1293 1361 Occidentis
1328 1308 1608 1359 terminum
1637 1306 1862 1368 veniens,
1891 1317 1940 1361 et
1971 1306 2067 1360 sub

480 1402 807 1475 principibus
838 1402 1157 1471 martyrium
1179 1415 1389 1469 passus,
1414 1400 1492 1452 ita
1520 1415 1550 1452 e
1572 1398 1764 1453 mundo
1796 1401 2063 1470 migravit,

482 1506 639 1568 atque
660 1496 713 1549 in
728 1494 898 1549 locum
910 1501 1152 1547 sanctum
1173 1490 1325 1549 abiit.
1339 1492 1609 1560 patientia:
1626 1508 1873 1561 magnum
1886 1510 2062 1547 exem-

478 1591 601 1661 plar
631 1588 828 1658 factus.
881 1586 1063 1642 Locus
1101 1587 1205 1641 iste
1249 1590 1456 1639 attenta
1504 1584 1945 1641 consideratione
1980 1586 2063 1640 di-

478 1698 620 1754 gnus
646 1689 764 1748 est;
785 1680 960 1751 primo
980 1678 1125 1735 enim
1143 1692 1487 1747 expressum,
1505 1684 1559 1731 et
1576 1677 1723 1731 omni
1746 1680 2062 1749 exceptione

2178 488 2373 553 ptisma
2422 503 2609 555 purum
2648 498 2697 541 et
2748 490 3149 544 immaculatum
3194 493 3608 563 servaverimus,
3654 514 3756 566 qua

2180 578 2499 646 conﬁdentia
2521 579 2839 635 intrabimus
2866 582 2920 634 in
2948 585 3146 653 regiam
3172 582 3270 637 Dei
3328 584 3474 656 (54)?

2248 668 2292 721 A
2324 670 2559 723 terribili
2620 670 2721 724 hac
2769 671 3016 739 veritate,
3070 689 3192 743 quae
3238 674 3520 731 evidenter
3564 680 3760 747 probat

2176 760 2559 814 necessitatem
2618 762 3004 831 perseverandi
3063 762 3119 816 in
3164 762 3480 820 Christiana
3515 768 3754 836 justitia.

2176 860 2392 923 sumpta
2416 853 2710 909 occasione
2738 855 2992 911 stimulos
3021 855 3179 911 nobis
3208 856 3380 922 addit,
3398 866 3457 913 ut
3477 868 3757 916 certamen

2174 944 2423 1001 ineamus
2467 961 2591 999 cum
2637 946 2888 1002 hostibus
2931 956 3135 1003 nostrae
3184 950 3399 1006 salutis.
3435 950 3549 1006 Nos
3591 955 3759 1024 igitur

2171 1047 2451 1101 certemus,
2487 1038 2563 1091 ait
2608 1038 2699 1094 ille
2729 1039 2865 1112 (55),
2897 1048 2954 1093 ut
2999 1056 3176 1094 omnes
3217 1058 3469 1097 coronam
3512 1055 3753 1115 reporte-

2170 1147 2357 1185 mus...
2387 1141 2437 1184 et
2468 1133 2517 1185 si
2545 1149 2650 1186 non
2693 1149 2971 1201 possumus
3020 1149 3197 1188 omnes
3240 1137 3507 1198 coronari.
3561 1139 3752 1192 saltem

2168 1238 2326 1290 prope
2347 1238 2595 1275 coronam
2625 1223 2810 1278 simus.
2837 1222 3115 1278 Postrema
3142 1226 3254 1280 haec
3270 1227 3433 1281 verba
3457 1230 3752 1283 maximam

2168 1314 2362 1369 afferre
2403 1316 2602 1369 debent
2644 1317 3078 1371 consolationem
3111 1318 3178 1373 iis
3206 1319 3352 1373 haud
3403 1322 3535 1374 satis
3580 1324 3753 1377 firmis

2166 1407 2517 1471 Christianis.
2545 1408 2637 1477 qui
2669 1408 2963 1478 perfectam
2996 1419 3275 1481 nequeunt
3305 1412 3373 1466 de
3411 1412 3751 1468 vehementi-

2168 1500 2270 1554 bus
2295 1499 2646 1569 passionibus
2678 1500 2958 1556 victoriam
2990 1510 3290 1573 reportare,
3322 1502 3450 1557 licet
3480 1506 3631 1559 omni
3652 1520 3750 1559 co-

2166 1598 2297 1645 natu
2325 1591 2379 1644 in
2404 1591 2456 1644 id
2478 1590 2727 1647 tendant.

2238 1683 2369 1739 Post
2394 1684 2529 1737 hanc
2566 1685 2728 1738 vitam
2759 1684 2964 1738 nullum
2991 1685 3307 1755 paenitentia:
3337 1694 3554 1755 tempus.
3577 1715 3651 1727 -——
3675 1685 3749 1741 Ut

476 1776 657 1846 majus
685 1774 930 1830 continet
954 1771 1331 1828 testimonium
1370 1770 1619 1841 martyrii
1646 1769 1879 1825 duorum
1907 1772 2058 1841 prin-
2089 1750 2133 1812 Β
2160 1785 2343 1830 autem
2380 1774 2655 1831 efﬁcacius
2686 1776 2751 1831 ad
2782 1777 2884 1832 hoc
2923 1785 3199 1832 certamen
3232 1791 3335 1832 nos
3360 1787 3597 1840 moveat,
3629 1784 3750 1831 tra-

476 1867 657 1937 cipum
686 1865 1079 1936 apostolorum,
1108 1860 1210 1917 SS.
1244 1876 1321 1917 sc.
1350 1860 1493 1916 Petri
1520 1868 1575 1916 et
1605 1861 1779 1918 Pauli.
1804 1861 2057 1918 Secundo

474 1958 681 2022 tradit,
715 1966 1050 2027 postremum
1086 1955 1232 2008 hunc
1277 1954 1584 2022 apostolum
1618 1953 1687 2007 ad
1719 1953 1854 2009 lines
1884 1970 2058 2025 usque

474 2050 791 2106 Occidentis
817 2050 1124 2119 migrasse;
1155 2046 1356 2117 quibus
1386 2045 1597 2109 verbis,
1631 2055 1690 2100 ut
1712 2046 2055 2102 animadver-

468 2142 540 2195 tit
565 2142 733 2196 abbas
765 2140 984 2211 Fleury,
1008 2146 1063 2194 et
1087 2146 1211 2208 post
1240 2153 1363 2192 eum
1393 2137 1887 2193 reverendissimus
1913 2138 2056 2195 Ceil-

472 2236 595 2301 lier,
620 2234 896 2305 designari
932 2239 1117 2303 posset
1147 2235 1322 2286 sancti
1366 2230 1532 2299 hujus
1576 2230 1804 2300 apostoli
1851 2231 1955 2285 iter
1996 2232 2053 2286 in

470 2326 811 2398 Hispaniam.
850 2324 923 2380 De
954 2326 1059 2379 hoc
1103 2331 1283 2378 autem
1325 2322 1594 2393 judicium
1638 2322 1780 2393 apud
1828 2323 2052 2380 criticos

466 2431 619 2479 esto:
662 2421 715 2475 id
751 2420 897 2473 enim
944 2418 1279 2488 perpendere
1335 2417 1389 2470 in
1433 2417 1597 2472 linem
1641 2418 1803 2473 nobis
1854 2418 1959 2473 isto
1994 2419 2052 2473 in

468 2530 632 2585 opere
663 2511 1003 2584 prepositum
1040 2524 1147 2563 non
1178 2508 1375 2563 tendit.

719 2604 746 2675 ς
778 2602 843 2659 ll.
881 2602 955 2656 De
986 2602 1165 2670 ofﬁciis
1196 2600 1643 2666 Christianorum,
1690 2609 1798 2658 etc.

540 2697 615 2752 De
663 2696 855 2751 sa'culo
886 2694 1133 2765 praesenti
1167 2702 1217 2748 et
1268 2694 1469 2762 futuro.
1512 2693 1849 2763 Contemptus
1893 2694 2048 2765 hujus

464 2790 671 2854 steculi,
703 2797 752 2843 et
780 2804 931 2842 amor
963 2787 1154 2855 futuri.
1186 2783 1310 2840 Non
1331 2802 1608 2854 possumus
1639 2786 1913 2839 amborum
1936 2804 2050 2842 esse

466 2882 645 2936 amici.
667 2912 737 2922 —
764 2880 841 2934 En
867 2880 1049 2949 aliqua
1084 2884 1200 2932 loca
1225 2879 1279 2932 in
1314 2878 1556 2933 secunda
1588 2879 1815 2948 epistola
1843 2879 1911 2933 ad
1936 2878 2046 2933 Co-

458 2974 719 3037 rinthios,
752 2988 874 3043 quae
904 2971 971 3025 ad
1005 2986 1185 3025 mores
1218 2971 1515 3040 pertinent.
1549 2970 1755 3025 Auctor
1779 2971 1870 3027 hic
1910 2971 2042 3027 hor-

458 3075 610 3124 tatur
638 3064 976 3127 Corinthios,
1026 3071 1085 3117 ut
1129 3070 1348 3117 terrena
1389 3064 1573 3117 omnia
1614 3062 1938 3132 despiciant,
1990 3072 2045 3119 et

459 3159 703 3215 caelestia
720 3154 1062 3213 solummodo
1078 3156 1500 3223 concupiscant;
1520 3154 2044 3225 validissima,quam

459 3253 637 3314 aliert,
663 3250 827 3312 ratio,
860 3257 919 3302 ut
943 3248 1066 3301 illos
1090 3246 1156 3299 ad
1184 3246 1237 3300 id
1266 3247 1635 3317 peragendum
1668 3254 2039 3311 moveat,est:

454 3345 582 3415 quia
613 3343 740 3396 dum
766 3342 865 3395 illa
902 3338 1167 3409 possidere
1195 3340 1624 3407 concupiscimus
1659 3339 1901 3411 (terrena
1932 3341 2042 3396 sci-

456 3435 932 3507 licet),ea:cidimus
959 3450 991 3485 a
1028 3433 1113 3485 via
1142 3432 1297 3501 justa
1335 3430 1479 3501 (5‘2);
1519 3430 1644 3485 inde
1677 3447 1806 3485 vero
1851 3430 2037 3496 infert,

457 3527 604 3597 quod
636 3540 867 3594 prtesens
897 3523 1149 3577 sweulum
1171 3531 1219 3575 et
1250 3520 1489 3589 futurum
1523 3530 1646 3575 sunt
1676 3520 1780 3575 duo
1806 3522 2037 3586 inimici;

454 3617 582 3687 quia
610 3614 861 3669 swculum
908 3629 1139 3682 prcesens
1178 3610 1435 3681 pra'dicat
1467 3611 1811 3677 adulterium,
1852 3630 2037 3667 corru-

453 3709 670 3780 ptelam,
726 3706 1008 3761 avaritiam
1039 3713 1089 3758 et
1132 3703 1414 3773 fraudem;
1459 3703 1699 3771 futurum
1743 3720 1873 3760 vero
1916 3706 2034 3759 istis

467 3799 759 3853 renuntiat.
801 3796 973 3851 Porro
1005 3796 1101 3849 hoc
1138 3793 1391 3849 swcu'lum
1424 3805 1473 3848 et
1502 3794 1742 3863 futurum
1779 3804 1900 3851 sunt
1927 3797 2032 3851 duo

451 3890 721 3946 inimici...
750 3888 875 3943 Non
902 3905 1022 3958 ergo
1045 3903 1346 3952 possumus,
1379 3887 1655 3941 concludit
1678 3888 1814 3957 ipse.
1850 3888 2031 3943 ambo-

450 4000 568 4036 rum
598 3983 755 4036 amici
796 3997 929 4036 esse.
970 3980 1187 4048 Oportet
1218 3989 1415 4042 autem,
1445 3989 1504 4032 ut
1535 3979 1878 4035 valedicentes
1924 3982 2027 4049 illi,

448 4075 545 4129 hoc
574 4084 791 4129 utamur
820 4073 954 4145 (55).
988 4071 1209 4127 Veritas
1259 4072 1375 4125 haec
1433 4072 1569 4127 satis
1627 4072 1781 4125 ﬁrma
1831 4083 1914 4127 est
1964 4090 2029 4129 ac

447 4167 799 4239 gravissima;
851 4171 906 4219 et
959 4165 1005 4220 si
1051 4162 1465 4233 probationibus
1515 4163 1805 4232 indigeret,
1856 4181 2025 4220 unum

444 4258 716 4315 suliiceret
771 4256 828 4311 in
871 4254 1108 4311 medium
1139 4252 1333 4308 afferre
1366 4251 1667 4308 Salvatoris
1700 4255 2021 4310 oraculum:

446 4350 617 4406 Nemo
650 4358 818 4420 potest
846 4346 1052 4401 duobus
1080 4344 1309 4400 dominis
1340 4346 1533 4400 servire
1556 4345 1621 4401 δι.
1653 4345 1841 4411 Quoad
1871 4346 2014 4401 futu-

2159 1868 2261 1932 dit,
2290 1867 2435 1938 quod
2467 1868 2608 1924 Deus
2638 1868 2903 1924 concedat
2923 1869 3083 1923 nobis
3112 1869 3429 1938 temporalis
3459 1869 3626 1938 hujus
3656 1871 3746 1923 vi-

2156 1966 2225 2013 tte
2258 1967 2492 2029 tempus,
2546 1965 2606 2012 ut
2646 1959 2965 2028 pmnitentia
3013 1958 3301 2013 ducamur.
3344 1957 3555 2028 Quippe
3604 1971 3750 2027 post-

2155 2068 2313 2122 quam
2342 2050 2585 2104 emundo
2608 2053 2887 2116 exivimus,
2922 2051 2997 2106 ait
3039 2052 3155 2121 ipse
3181 2050 3317 2121 (56),
3360 2068 3466 2104 non
3509 2053 3745 2120 amplius

2154 2159 2434 2213 possumus
2460 2143 2535 2197 ibi
2554 2144 2815 2213 conﬁteri,
2842 2152 2933 2196 aut
2961 2144 3320 2212 paenitentiam
3351 2142 3530 2196 adhuc
3564 2159 3744 2213 agere.

2156 2231 2286 2285 Vult
2312 2248 2465 2303 ergo,
2498 2240 2557 2286 ut
2595 2232 2838 2302 quandiu
2864 2231 2917 2286 id
2944 2232 3104 2289 nobis
3129 2230 3271 2286 Deus
3300 2231 3577 2296 tribuerit,
3608 2233 3747 2286 totis

2154 2323 2364 2379 viribus
2421 2340 2684 2380 conemur
2722 2323 2899 2379 nosui
2947 2323 3204 2394 baptismi
3249 2324 3570 2377 munditiem
3620 2340 3747 2379 ser-

2152 2432 2309 2482 vare,
2361 2426 2457 2471 aut
2516 2416 2760 2472 maculas
2814 2431 2910 2487 per
2966 2423 3191 2487 peccata
3244 2415 3501 2472 inductas
3554 2418 3745 2472 deter-

2150 2524 2297 2579 gere.

2221 2599 2663 2657 Christianorum
2723 2598 2897 2655 cilicia
2955 2606 3183 2655 sanctus
3231 2597 3484 2654 Pontifex
3542 2600 3743 2669 paucis

2148 2696 2469 2766 complexus
2496 2701 2581 2749 est
2603 2694 2811 2755 omnia,
2834 2693 2963 2747 dum
2989 2693 3065 2745 ait
3091 2691 3519 2762 Corinthiosque
3548 2692 3742 2747 admo-

2148 2796 2241 2843 net
2274 2787 2411 2859 (57),
2434 2796 2491 2839 ut
2534 2784 2821 2839 Dominum
2877 2782 3062 2839 Jesum
3102 2783 3373 2839 Christum
3402 2796 3739 2850 venerentur,

2145 2882 2456 2951 prwpositos
2508 2890 2861 2943 revereantur,
2914 2879 3142 2933 seniores
3186 2876 3459 2942 honorent,
3508 2877 3739 2947 juvenes

2153 2972 2378 3027 doceant
2408 2971 2753 3039 disciplinam
2781 2971 2987 3025 timoris
3017 2969 3115 3023 Dei
3140 2982 3157 3028 ;
3184 2985 3374 3024 uxores
3406 2986 3530 3023 suas
3562 2969 3635 3021 ad
3678 2968 3738 3021 id

2148 3063 2285 3134 quod
2316 3062 2508 3116 bonum
2546 3072 2623 3116 est
2650 3061 2941 3125 inducant;
2973 3059 3225 3115 amabiles
3252 3061 3518 3115 castitatis
3558 3078 3736 3115 mores

2149 3154 2449 3217 ostendant,
2483 3153 2773 3223 simplicem
2802 3170 2862 3205 ac
2882 3154 3143 3206 sinceram
3164 3150 3586 3205 mansuetudinis
3617 3168 3737 3205 sua:

2146 3247 2466 3301 voluntatem
2512 3245 2887 3308 demonstrent,
2939 3243 3349 3298 moderationem
3389 3244 3585 3314 lingua:
3615 3261 3737 3299 sua:

2146 3342 2354 3396 silentio
2389 3340 2728 3407 manifestam
2766 3338 3001 3407 faciant;
3049 3336 3359 3391 charitatem
3401 3353 3555 3390 suam
3620 3354 3734 3391 non

2143 3433 2427 3487 secundum
2475 3432 2641 3486 animi
2683 3431 3074 3499 propensiones,
3121 3428 3212 3482 sed
3264 3429 3505 3483 omnibus
3551 3428 3731 3484 Deum

2141 3534 2322 3579 sancte
2363 3522 2665 3578 timentibus
2704 3521 2958 3592 (aqualem
2998 3520 3289 3589 prtebeant.
3325 3520 3499 3575 Liberi
3552 3524 3731 3576 nostri

2137 3618 2435 3689 disciplima
2484 3616 2685 3673 Christi
2715 3617 2994 3684 participes
3039 3617 3177 3681 sint,
3207 3614 3417 3668 discant
3468 3615 3597 3685 quid
3622 3618 3731 3669 ltu-

2136 3711 2338 3765 militas
2369 3709 2508 3779 apud
2539 3708 2707 3763 Deum
2739 3708 2934 3769 valeat,
2967 3706 3094 3777 quid
3117 3716 3269 3760 casta
3308 3706 3545 3761 charitas
3577 3709 3727 3777 apud

2134 3805 2303 3860 Deum
2324 3804 2509 3873 possit,
2540 3802 2798 3873 quomodo
2833 3803 2991 3855 timor
3008 3803 3122 3870 ejus
3151 3800 3412 3872 (Domini)
3440 3800 3607 3856 bonus
3639 3813 3726 3856 est

2133 3915 2196 3953 ac
2235 3913 2456 3967 magnus
2481 3905 2530 3950 et
2554 3911 2766 3949 servans
2804 3909 2980 3947 omnes
3026 3893 3116 3963 qui
3140 3892 3196 3947 in
3219 3892 3332 3961 ipso
3354 3904 3632 3947 versantur
3664 3896 3725 3949 in

2129 4008 2266 4063 pm
2291 4001 2478 4045 ’Μία
2661 4054 3056 4111 ARTICULUS
3088 4054 3176 4111 ιιι.

2270 4171 2336 4209 DE
2366 4167 2597 4207 ERRATIS
2621 4166 2779 4205 VEIIS
2807 4166 2907 4202 νει
2938 4165 3122 4203 FALSIS
3154 4165 3201 4204 S.
3236 4164 3565 4206 ειειίεΝτις.

2200 4247 2341 4314 Quid
2390 4245 2611 4299 Photius
2656 4244 2711 4295 in
2744 4241 2863 4295 divo
2910 4238 3176 4295 Clemente
3226 4240 3602 4310 reprehendat.
3641 4272 3717 4282 —

2127 4339 2254 4393 Tria
2288 4340 2342 4393 in
2384 4337 2551 4408 priori
2598 4335 2664 4389 ad
2698 4333 3017 4389 Corinthios
3046 4334 3277 4403 epistola
3306 4331 3534 4389 Photius
3592 4334 3715 4404 (58)

441 4458 565 4497 rum
592 4441 851 4497 saeculum
885 4447 1077 4491 auctor
1106 4437 1208 4492 iste
1244 4434 1409 4490 tradit
1436 4435 1512 4500 id,
1545 4451 1655 4505 quo
1696 4435 2020 4493 deberemus
2053 4451 2096 4506 D
2127 4430 2495 4505 reprehendit.
2540 4426 2808 4489 Primum,
2862 4426 3007 4495 quod
3049 4433 3242 4480 auctor
3290 4424 3524 4481 mundos
3566 4427 3715 4482 alios

439 4533 915 4589 vehementissime
938 4529 1267 4586 commoveri
1290 4568 1305 4591 ,
1354 4528 1586 4593 scilicet,
1630 4530 1774 4599 quod
1806 4547 1909 4584 non
1937 4532 2020 4584 in-

440 4624 697 4679 trabimus
730 4625 783 4678 in
803 4624 1017 4693 regnum
1043 4620 1160 4686 Dei,
1189 4620 1295 4675 nisi
1323 4635 1514 4690 purum
1539 4627 1588 4673 et
1619 4619 2018 4674 immaculatum

438 4717 815 4772 servaverimus
863 4724 1102 4769 nostrum
1142 4712 1440 4781 baptisma,
1486 4712 1591 4767 hoc
1634 4714 1870 4775 est,nisi
1914 4728 2019 4767 no-

440 4815 611 4863 stram
644 4806 901 4877 baptismi
937 4804 1307 4860 innocentiam
1333 4802 1757 4866 servaverimus,
1789 4809 1883 4855 aut
1912 4802 2017 4857 nisi

437 4914 537 4969 per
572 4896 950 4969 pmnitentiam
995 4894 1468 4964 impetraverimus
1514 4892 1899 4949 remissionem
1942 4895 2020 4950 Ie-

509 5031 555 5067 “
589 5030 785 5085 Matth.
807 5044 885 5093 γι,
921 5027 1016 5083 24.

508 5166 622 5236 (52)
650 5162 825 5236 Epist.
860 5160 1055 5236 2,cap_.
1073 5159 1127 5213 5.

530 5233 619 5302 53)
652 5233 812 5302 tum,
854 5247 975 5302 cap.
1011 5234 1063 5283 υ.

531 5300 621 5362 5η
652 5300 787 5358 Ibid.

532 5371 622 5442 55)
654 5376 811 5435 Ibid..
838 5371 1044 5442 cap._7.

510 5391 601 5457 (ὁι)
654 5391 957 5442 ιυιαηςθρ.
1004 5391 1044 5425 t.
1554 5440 1566 5451 .

510 5391 622 5518 (56$
657 5447 713 5501 S.
746 5445 917 5499 Clem.
960 5440 1143 5518 liam,
1170 5455 1255 5518 ep.
1283 5440 1317 5493 2
1349 5440 1413 5495 ad
1441 5438 1716 5518 C_ormth.,
1751 5454 1911 5518 num._
1954 5438 2009 5494 8.

435 5509 574 5573 {line
597 5509 938 5587 pnevertitnr
964 5510 1214 5587 Origenis
1242 5526 1417 5573 error,
1442 5511 1671 5587 ejusque
1696 5509 2011 5587 sequacium

437 5578 818 5641 tnodei'norum
878 5578 1218 5651 theista'rum,
1237 5596 1367 5651 quo,
1399 5578 1728 5651 ut’loquitur
1750 5578 2008 5634 Iustinia-

436 5673 561 5721 nus,
599 5666 731 5710 tum.
769 5653 1051 5708 \"Concil.
1105 5649 1236 5705 Lub.
1260 5649 1396 5712 ⁷666,
1428 5649 1673 5705 omnium
1712 5652 2001 5720 itnpiortnn

435 5720 712 5783 hominum
727 5738 773 5780 et
792 5734 1051 5795 praetcrea
1063 5723 1364 5775 daemonum
1379 5735 1594 5792 pmnam
1612 5722 1769 5775 linem
1786 5720 2001 5774 habitu-

2127 4526 2270 4579 ultra
2321 4535 2589 4580 oceanum
2636 4533 2758 4573 esse
2806 4518 3122 4572 existimare
3170 4517 3440 4572 videatur.
3498 4515 3717 4573 Deinde

2124 4613 2269 4684 quod
2302 4610 2368 4664 ad
2390 4624 2678 4678 corporum
2696 4607 3149 4662 resurrectionem
3182 4604 3518 4677 probandam
3549 4607 3718 4677 phar-

2123 4706 2265 4760 uicis
2298 4701 2704 4771 comparatione
2753 4706 2960 4763 utatur,
3010 4703 3171 4770 quasi
3218 4699 3337 4754 avis
3377 4698 3471 4753 illa
3511 4715 3713 4755 revera

2123 4799 2402 4858 existeret,
2447 4801 2503 4849 et
2529 4807 2614 4853 ea,
2642 4806 2765 4861 quae
2793 4790 2861 4846 de
2890 4791 2982 4845 illa
3021 4791 3291 4859 feruntur,
3315 4806 3445 4846 vera
3475 4793 3713 4848 omnino

2128 4888 2325 4943 forent.
2356 4885 2660 4948 Postremo,
2706 4881 2879 4955 quod,
2905 4882 3001 4937 ubi
3026 4881 3095 4938 de
3126 4881 3259 4939 Jesu
3302 4881 3527 4938 Christo
3566 4886 3707 4956 agit,

2113 5172 2225 5210 ram
2281 5171 2425 5217 esse,
2476 5154 2902 5225 restitutumque
2942 5154 3008 5209 iri
3061 5163 3177 5209 tum
3218 5152 3419 5223 impios
3447 5153 3707 5215 homines

2111 5237 2224 5280 tum
2256 5226 2529 5279 daemones
2566 5229 2617 5279 in
2651 5228 2944 5294 pristinum
2966 5226 3215 5280 ordinem
3253 5239 3415 5278 suum
3455 5230 3701 5284 censuit.

2114 5297 2239 5350 llaec
2263 5297 2407 5351 enim
2438 5296 2555 5366 sine
2580 5296 2778 5365 praevia
2808 5298 3128 5365 poenitentia
3151 5295 3361 5350 admitti
3391 5308 3701 5366 nequeunt.

2110 5366 2462 5435 Rursumque
2490 5365 2618 5419 dum
2637 5382 2863 5421 numero
2889 5366 3138 5436 sequenti
3168 5366 3451 5429 docemur.
3479 5366 3702 5423 nullum

2112 5446 2235 5507 post
2267 5439 2407 5490 hanc
2448 5436 2615 5489 vitam
2664 5451 2951 5503 superesse
2990 5447 3226 5506 tempus,
3273 5436 3327 5489 in
3360 5453 3473 5507 quo
3508 5440 3700 5495 sanari

2113 5509 2411 5569 valeamus,
2451 5507 2541 5559 illa
2582 5507 2635 5558 in
2689 5507 2979 5575 pristinum
3023 5508 3274 5562 ordinem
3306 5523 3468 5563 suum
3510 5523 3702 5564 rever-

2115 5577 2262 5633 tendi
2294 5592 2419 5645 spes
2452 5576 2633 5645 impiis
2656 5591 2882 5645 prorsus
2919 5578 3190 5632 aufertur.

2185 5648 2296 5718 (57)
2421 5644 2676 5718 Clemens
2708 5644 2889 5708 lioln.,
2921 5663 3009 5717 ep.
3048 5648 3073 5703 1
3108 5650 3176 5704 ad
3215 5646 3371 5714 Con,
3410 5663 3568 5707 num.
3598 5649 3695 5708 21.

2182 5717 2293 5789 (58)
2324 5717 2568 5780 Photius,
2601 5718 2790 5771 co..ice
2812 5733 2999 5773 cxxvt.
