3936 6172
232 349 345 405 ΓΠ

1480 349 1823 409 ΡΒΟαΣΜΙΑ
1864 349 2249 409 νΑιιιυιιυΜ.

3390 354 3492 413 178

224 484 400 526 voces
440 467 563 538 ejus
591 473 807 522 tantum
840 467 1235 524 humanitatem
1284 468 1637 539 designantes
1658 468 1815 522 adhi-
1846 468 1893 525 Α
1920 468 2244 524 Cotelcrius.
2283 470 2547 541 Superius
2570 473 2768 543 quippe
2803 488 3029 528 numero
3057 471 3147 535 40,
3182 485 3375 545 praeter
3400 492 3484 532 sat

224 561 380 624 beat,
412 575 539 614 eum
580 574 856 615 summum
903 558 1221 615 Pontificem
1253 567 1308 615 et
1356 567 1522 629 caput
1568 566 1816 613 nostrum

222 652 548 723 appellans;
595 651 731 705 nihil
762 665 892 705 vero
940 652 1202 706 eximium
1233 660 1401 721 atque
1442 650 1673 706 sublime
1718 650 1817 704 ha-

223 744 356 801 beat
380 785 397 806 ,
425 760 535 814 quo
576 743 699 815 ejus
737 742 1002 799 divinitas
1034 742 1394 814 significetur.
1419 743 1488 796 At
1516 742 1815 797 secundam

222 851 292 892 ac
348 838 571 891 tertiam
631 836 1113 906 reprehensionem
1172 836 1284 905 jam
1336 835 1589 904 superius
1646 835 1814 889 dilui-

220 944 349 984 mus
381 928 535 1001 (59);
565 929 634 984 ad
665 929 899 999 primam
940 944 1070 983 vero
1101 928 1393 999 reSpoadet
1433 927 1516 983 Cl.
1558 926 1624 983 V.
1653 925 1811 981 Remi

217 1020 447 1076 Ceillier
480 1021 618 1094 (60),
653 1021 892 1077 mundos
917 1021 1064 1083 illos,
1115 1036 1256 1090 quos
1300 1028 1526 1075 sanctus
1560 1019 1813 1074 Clemens

217 1113 366 1168 ultra
408 1127 674 1168 oceanum
704 1130 829 1170 esse
865 1115 961 1177 ait,
994 1099 1282 1184 antipodas
1308 1129 1451 1177 esse,
1484 1128 1623 1182 quos
1652 1128 1809 1167 reve-

215 1223 278 1263 ra
304 1207 547 1262 existere
574 1224 769 1263 omnes
801 1208 962 1262 hodie
993 1206 1271 1274 fatentur;
1305 1224 1411 1278 qua
1444 1207 1511 1261 de
1543 1222 1601 1260 re
1627 1204 1808 1260 Photii

210 1307 381 1354 atate
413 1297 670 1354 fortassis
719 1315 829 1353 non
879 1299 1121 1369 liquebat
1153 1298 1288 1371 (61).
1328 1298 1467 1364 Quia
1497 1306 1681 1353 tamen
1721 1313 1808 1352 re-

207 1399 397 1445 motas
426 1405 493 1443 ac
518 1389 673 1460 prius
709 1389 1019 1459 incognitas
1055 1389 1246 1443 mundi
1289 1396 1492 1459 partes,
1527 1396 1657 1458 puta
1686 1386 1809 1442 Bri<

205 1483 472 1536 tannicas
504 1480 743 1545 Insulas,
772 1480 918 1537 Julio
950 1480 1177 1539 Caesari.
1206 1479 1458 1553 Virgilio,
1504 1482 1737 1550 aliisque
1774 1497 1805 1534 a

202 1572 494 1628 Cotelerio
536 1574 750 1633 relatis,
791 1590 949 1627 novos
1002 1574 1153 1627 orbes
1202 1589 1521 1643 nuncupare
1562 1573 1805 1627 solemne

200 1670 313 1729 est,
336 1663 625 1734 ambigere
653 1664 781 1719 licet
823 1681 951 1718 num
967 1664 1221 1719 Clemens
1250 1663 1529 1719 Romanus
1551 1662 1803 1717 Pontifex

202 1756 273 1811 de
302 1756 542 1810 remotis
572 1755 763 1810 mundi
802 1756 1048 1826 partibus
1073 1757 1215 1810 ultra
1259 1770 1547 1821 oceanum,
1582 1770 1689 1809 non
1719 1763 1801 1807 ta-

200 1859 329 1898 men
364 1844 427 1898 in
459 1844 695 1898 adversa
726 1806 887 1899 nobis
922 1843 1239 1914 parte-sitis
1281 1843 1556 1913 loquatur.
1590 1841 1803 1899 Viderit
1834 1806 1876 1863 Β

196 1934 369 1987 etiam
435 1934 696 2003 quisque,
746 1950 878 1987 num
921 1934 1375 1989 subscribendum
1415 1940 1567 2002 putet
1614 1931 1805 2004 Orige-

202 2026 258 2080 ni
297 2026 419 2096 (62)
446 2038 613 2096 atque
634 2027 763 2081 divo
794 2025 1124 2098 Hieronymo
1156 2025 1271 2097 (63)
1309 2026 1402 2096 qui
1434 2026 1619 2096 plures
1643 2042 1802 2079 mun-

192 2119 300 2175 dos
354 2135 387 2173 a
433 2119 565 2175 divo
593 2118 877 2174 Clemente
907 2119 998 2173 hic
1028 2119 1204 2173 asseri
1251 2119 1611 2173 arbitrantur.
1668 2118 1799 2173 Mihi

194 2226 331 2266 vero
361 2211 531 2281 longe
560 2211 1067 2281 probabilissimum
1099 2210 1339 2275 videtur,
1366 2211 1616 2282 cognitas
1646 2211 1798 2267 orbis

194 2310 555 2371 partes,qu:e
584 2301 740 2372 prius
762 2302 1027 2364 latebant,
1068 2309 1225 2357 extra
1266 2316 1536 2356 oceanum
1571 2300 1795 2357 mundos

193 2397 263 2450 ab
283 2412 355 2451 eo
382 2396 678 2466 appellari,
710 2412 939 2466 eamque
979 2396 1312 2451 locutionem
1349 2398 1593 2467 antiquis
1619 2398 1795 2453 usita-

193 2494 304 2540 tam
340 2485 523 2542 fuisse
553 2486 683 2541 Julii
738 2487 994 2553 Caesaris,
1018 2486 1251 2558 Virgilii,
1283 2487 1506 2544 Seneca:
1531 2492 1795 2546 aliorum-

192 2597 256 2633 ve
288 2580 623 2635 testimonia
641 2595 669 2632 a
696 2580 815 2635 viro
838 2580 1162 2636 doctissimo
1185 2579 1399 2637 Joanne
1418 2582 1662 2653 Baptista
1683 2583 1793 2639 Co-

190 2672 393 2727 telerio
424 2671 542 2741 (64)
573 2672 742 2726 relata
774 2673 1023 2741 probant.

263 2763 420 2819 Nam
454 2763 518 2818 S.
563 2763 804 2818 Clemens
850 2764 1203 2818 ltierarcltiam
1242 2781 1308 2821 ex
1342 2767 1619 2834 episcopis,
1669 2784 1791 2837 prc-

188 2856 447 2925 sbyteris,
483 2871 550 2907 ac
579 2856 839 2909 ministris
870 2866 1196 2910 constantem
1220 2858 1500 2912 crediderit
1520 2862 1629 2915 .’—
1648 2859 1787 2915 Fue-

189 2962 249 3001 re
291 2946 557 3000 nonnulli
608 2946 812 3009 critici,
864 2948 955 3016 qui
989 2963 1056 3002 ex
1103 2948 1334 3017 epistola
1382 2949 1549 3020 priori
1608 2953 1783 3007 sancti

186 3036 481 3091 Pontificis
536 3038 709 3091 nostri
740 3036 1011 3091 conficere
1052 3045 1265 3107 putant,
1313 3038 1451 3095 duos
1483 3047 1692 3093 tantum
1727 3042 1781 3097 in

1919 555 2169 611 cerdotes
2216 564 2272 611 et
2320 558 2510 615 levitas
2573 576 2844 615 summum
2903 562 3241 617 sacerdotem
3302 567 3485 635 praedi.

1917 656 2007 703 cat
2036 648 2238 722 (66),et
2268 652 2497 709 inferius
2527 669 2754 709 numero
2781 655 2872 719 44,
2901 672 3026 711 cum
3052 656 3349 715 Corinthiis
3388 675 3483 714 ex-

1916 744 2180 812 postulat,
2211 746 2356 815 quod
2400 745 2595 815 dejecti
2640 747 2709 802 ab
2738 748 2805 804 iis
2845 749 2954 803 sint
2990 750 3312 821 presbyteri,
3345 768 3485 821 quos

1916 834 2149 901 apostoli
2205 836 2363 891 aliive
2401 837 2588 891 eximii
2636 838 2739 892 viri
2788 840 3133 895 ordinassent
3158 840 3294 912 (67),
3345 842 3485 900 forte

1914 922 2077 977 etiam
2111 927 2397 995 episcopos
2428 934 2637 981 tantum
2680 943 2744 981 ac
2790 928 3050 984 diaconos
3081 930 3169 984 hic
3210 937 3480 995 recenset,

1912 1027 2133 1087 propter
2152 1016 2304 1071 Isaize
2329 1018 2505 1073 locum
2530 1035 2653 1073 mox
2685 1020 2752 1073 ab
2780 1035 2845 1074 eo
2874 1021 3122 1085 citatum,
3149 1022 3204 1075 in
3234 1038 3343 1092 quo
3374 1022 3485 1093 epi-

1912 1108 2061 1177 scopi
2092 1116 2145 1162 et
2172 1108 2385 1163 diaconi
2415 1110 2733 1164 nominatim
2758 1113 3278 1186 memorantur(68).
3312 1114 3485 1170 Acce-

1911 1199 1989 1253 dit
2007 1198 2149 1267 quod
2188 1200 2489 1254 numeroﬂl
2508 1201 3017 1270 epistolael,aperte
3045 1204 3389 1275 presbyteros
3413 1206 3483 1260 ab

1909 1288 2182 1358 episcopis
2212 1288 2517 1357 discernat;
2555 1290 2632 1343 ait
2665 1293 2846 1345 enim:
2891 1290 3235 1362 Presbyteros
3271 1305 3480 1349 nostros

1910 1397 2270 1445 revereamur;
2324 1384 2556 1436 seniores
2616 1394 2822 1437 nostros
2869 1383 3201 1441 honoremus.
3261 1386 3476 1443 Gratce:

1906 1474 2045 1537 Τοὺς
2074 1475 2511 1546 προηγουμένους
2548 1475 2701 1546 ἡμῶν
2722 1476 3216 1547 αἱδεσθῶμεν,τοὺς
3242 1479 3480 1550 πρεσϐυ-

1904 1565 2093 1636 τέρους
2121 1566 2276 1636 ἡμῶν
2318 1568 2654 1638 τιμήσωμεν.
2689 1566 2822 1633 Quis
2864 1576 3046 1622 autem
3092 1570 3328 1639 ignorat,
3362 1574 3481 1642 epi-

1906 1671 2101 1725 scopos
2134 1656 2445 1725 frequenter
2479 1659 2778 1729 appellatos
2806 1659 2975 1714 fuisse
3001 1661 3480 1732 προηγουμένουςῖ

1905 1746 2043 1804 Vide
2076 1747 2159 1802 Cl.
2211 1748 2593 1820 Binghamutn,
2626 1750 2899 1821 Originum
2931 1752 3114 1808 eccles.
3159 1760 3200 1808 t.
3251 1753 3291 1819 l,
3335 1769 3384 1808 c.
3418 1754 3475 1821 2,

1909 1840 2023 1912 55.

1976 1932 2108 1986 Illud
2127 1943 2274 1987 certo
2299 1942 2536 1998 constat,
2562 1944 2811 1989 sanctum
2842 1933 3170 1991 Clementem
3202 1936 3478 2006 Iocaquze-

1901 2026 2031 2080 datn
2063 2025 2306 2089 laudare,
2339 2043 2460 2097 qua:
2508 2028 2562 2081 in
2595 2026 2877 2095 Scriptura
2908 2028 3099 2083 iisdem
3139 2029 3322 2083 verbis
3364 2045 3480 2084 non

1898 2125 2153 2182 exstant;
2187 2134 2374 2173 eorum
2393 2125 2572 2173 tamen
2605 2120 2785 2189 aliqua
2813 2121 2991 2189 quoad
3021 2122 3343 2176 sententiam
3371 2121 3475 2175 ibi-

1897 2211 2018 2265 dem
2052 2211 2327 2282 leguntur.
2374 2210 2465 2267 Sic
2513 2214 2676 2267 verba
2704 2214 2815 2269 haec
2870 2213 3036 2269 refert
3084 2215 3195 2285 (69)
3220 2216 3376 2288 quasi
3416 2216 3473 2271 in

1899 2301 2199 2374 Scripturis
2226 2313 2440 2359 essent:
2482 2303 2668 2358 Miseri
2705 2315 2848 2368 sunt,
2883 2307 2974 2377 qui
3016 2308 3189 2361 animo
3220 2317 3342 2361 sunt
3370 2306 3475 2361 du-

1892 2395 2051 2463 plices
2074 2404 2122 2449 et
2164 2397 2368 2461 incerti,
2394 2399 2483 2467 qui
2514 2398 2733 2452 dicunt:
2762 2398 2890 2453 ch
2922 2400 3215 2455 audivimus
3241 2402 3402 2455 etiam
3437 2417 3472 2455 α

1892 2485 2137 2554 patribus
2177 2489 2393 2551 nostris,
2434 2497 2482 2542 et
2510 2506 2624 2543 ecce
2652 2491 3017 2544 consenuimus
3044 2500 3093 2544 et
3124 2490 3254 2545 nihil
3283 2491 3472 2547 horum

1892 2580 2040 2632 nobis
2068 2580 2279 2635 accidit.
2310 2580 2570 2637 Eumdem
2602 2583 2780 2636 locum
2814 2584 2981 2637 altera
3003 2599 3218 2654 quoque
3240 2585 3471 2655 epistola

1889 2671 2086 2724 recitat
2109 2670 2252 2742 (70);
2284 2673 2411 2726 licet
2434 2674 2624 2727 nullibi
2652 2675 2704 2727 in
2730 2674 2919 2729 Bibliis
2950 2676 3024 2728 ita
3053 2677 3279 2747 legatur.
3311 2676 3470 2744 Quod

1888 2763 1936 2817 si
1976 2764 2094 2817 loca
2147 2765 2302 2834 plura
2331 2765 2499 2820 variis
2546 2764 2843 2836 Scriptura:
2872 2768 3027 2823 libris
3068 2768 3179 2839 (7i)
3222 2769 3471 2839 dispersa

1887 2857 2232 2926 colligamus,
2287 2860 2615 2913 sententiam
2674 2860 2920 2915 eamdem
2977 2861 3464 2931 deprehendemus.

1886 2946 2065 3002 Alium
2094 2950 2258 3004 etiam
2282 2951 2461 3007 locum
2497 2960 2723 3007 sanctus
2761 2952 3014 3009 Clemens
3045 2956 3211 3009 altera
3238 2956 3467 3025 epistola

1883 3042 2097 3107 recitat,
2137 3058 2295 3112 quem
2342 3042 2592 3100 Clemens
2630 3042 3029 3103 Alexandrinus
3061 3045 3256 3119 (72)ex
3290 3046 3469 3101 Evan-

185 3129 339 3182 clero
362 3126 618 3188 ordines,
645 3129 936 3197 episcopos
968 3128 1178 3183 scilicet
1210 3136 1264 3181 et
1296 3130 1557 3186 diaconos
1588 3146 1618 3185 a
1649 3130 1777 3187 Cle-
1804 3163 1846 3221 ρ
1881 3136 2024 3204 gelio
2066 3136 2366 3191 secundum
2408 3136 2695 3208 Aegyptios
2729 3146 3013 3207 acceptum
3052 3154 3193 3203 esse,
3240 3140 3336 3193 ait.
3367 3138 3477 3194 Est

184 3227 373 3272 mente
404 3216 667 3287 agnosci;
693 3218 821 3287 quia
852 3218 927 3271 ait
970 3218 1038 3272 ab
1078 3219 1339 3286 apostolis
1381 3220 1671 3290 episcopos
1721 3228 1775 3275 et
1814 3216 1846 3221 f
1876 3236 2056 3284 autem
2081 3228 2427 3296 huiusmodi:
2455 3228 2587 3285 Cum
2610 3230 2714 3284 duo
2752 3239 2904 3284 erunt
2926 3246 3110 3294 unum,
3141 3238 3191 3285 et
3215 3230 3352 3300 quod
3378 3231 3466 3300 fo-

183 3311 460 3363 diaconos
493 3309 780 3363 ordinatos
810 3308 1000 3372 fuisse,
1036 3310 1184 3362 nulla
1209 3308 1277 3364 de
1312 3311 1643 3381 presbyteris
1679 3311 1778 3365 ad-

179 3402 328 3471 jecta
359 3402 649 3456 mentione
670 3400 804 3473 (65).
825 3400 933 3457 Sed
957 3403 1206 3472 pluribus
1230 3404 1461 3460 revincit
1491 3420 1588 3461 eos
1615 3421 1668 3459 v.
1697 3405 1773 3461 cl.

258 3578 375 3649 (59)
402 3575 539 3649 Vid.
559 3589 682 3645 cap.
706 3574 768 3649 2,
798 3576 983 3649 art._‘),
1006 3593 1157 3632 num.
1178 3577 1343 3649 ill,et
1371 3577 1423 3632 in
1444 3579 1657 3649 analysi
1678 3596 1779 3636 no-

185 3638 296 3702 tam
331 3638 569 3717 inferius
605 3638 857 3714 positam.
894 3647 1105 3712 Quibus
1126 3638 1285 3711 adde,
1310 3648 1455 3717 quod
1489 3651 1533 3704 si
1569 3638 1626 3704 S.
1652 3650 1778 3706 Cle-

184 3735 343 3773 mens
365 3719 436 3772 de
466 3716 671 3771 Christi
700 3716 1039 3774 humanitate
1061 3716 1402 3787 frequentius
1429 3720 1683 3787 disserat,
1720 3722 1775 3776 in

182 3808 249 3843 eo
280 3788 665 3858 apostolorum
706 3795 949 3841 sectatur
985 3789 1324 3850 methodum,
1356 3790 1471 3858 qui,
1520 3798 1581 3843 ut
1628 3800 1711 3845 est
1742 3807 1773 3845 a

184 3860 241 3914 S.
270 3857 582 3912 Athanasio
595 3856 881 3932 (Athanas.
904 3858 979 3932 pe
996 3859 1287 3932 Dionysiis,
1313 3856 1435 3929 pag.
1450 3861 1584 3932 7555)
1601 3863 1778 3915 anim-

182 3932 510 3991 adversum,
560 3928 758 4002 saepius
786 3926 858 4002 de
886 3926 1207 4002 Servatoris
1240 3926 1577 4002 humanitate
1612 3947 1778 4002 quam

182 4002 486 4072 divinitate
543 4000 801 4072 agebant,
847 4000 1008 4072 idque
1050 4010 1273 4072 propter
1328 3999 1645 4072 haereticos.
1682 4002 1777 4072 qui

182 4071 381 4140 primis
410 4068 524 4121 illis
555 4070 893 4139 temporibus
925 4068 1093 4126 Deum
1124 4070 1399 4124 hominem
1426 4070 1627 4125 factum
1654 4068 1779 4128 esse

181 4142 489 4206 negabant.

253 4210 373 4282 (60)
415 4210 663 4282 Histoire,
681 4210 925 4282 generale
960 4210 1050 4265 des
1085 4220 1301 4264 auteurs
1346 4214 1500 4278 eccl.,
1547 4224 1681 4269 tom.
1731 4212 1774 4279 1,

179 4281 359 4349 chap.
399 4281 488 4361 10,
523 4288 627 4360 art.
653 4281 721 4365 ᾇ)
741 4281 855 4403 ξι,
882 4297 939 4335 n.
967 4286 1022 4336 ‘2.

252 4352 371 4403 (61)
400 4350 618 4403 Plinius
663 4367 717 4403 in
774 4353 891 4403 tbro
949 4368 1022 4403 se:

252 4352 371 4423 (6t)
400 4350 618 4404 Plinius
663 4352 723 4423 in:
742 4350 891 4423 libro
920 4360 1127 4423 sexto,
1159 4368 1281 4423 cap.
1314 4353 1385 4406 65
1430 4363 1683 4419 testatur,
1712 4371 1777 4410 ea

178 4424 248 4476 de
280 4422 645 4493 reiusignem
677 4422 807 4474 olim
843 4422 1037 4493 vulgus
1070 4425 1212 4478 inter
1230 4422 1298 4475 ac
1332 4425 1599 4481 litteratos
1624 4426 1773 4482 viros

180 4507 429 4561 pugnam
459 4491 650 4545 luisse.

252 4563 371 4630 (6'2)
399 4560 689 4633 ()rigenes,
717 4563 813 4617 lib.
838 4579 877 4617 ιι
905 4562 1269 4633 Periarcho_n.,
1288 4579 1408 4633 cap.
1436 4566 1490 4620 5.

249 4632 369 4703 (65)
405 4630 465 4703 l).
496 4630 840 4703 Hieronym.,
869 4636 924 4687 in
949 4632 1140 4701 Ephes.
1169 4631 1270 4701 Ep.
1293 4630 1413 4703 ca'p.
1450 4651 1511 4697 Il,
1540 4636 1596 4691 2.

248 4696 637 4826 (MLConsule
671 4696 930 4784 C'otelerii
964 4696 1121 4759 notas
1256 4696 1421 4773 caput
1457 4706 1528 4761 20
1564 4707 1770 4778 episto-

273 4774 295 4826 l
398 4815 413 4826 .
446 4772 744 4826 Clementis
774 4772 793 4826 ι
824 4773 982 4826 Rom.
1023 4775 1217 4826 pontif.

177 4775 241 4828 Ia:
273 4774 295 4826 Ι
346 4772 413 4827 ι).
446 4772 744 4842 Clementis
774 4772 793 4826 ι
824 4773 982 4830 Rom.
1023 4775 1217 4842 pontif.

243 4844 367 4964 5’65)
414 4841 778 4897 Prwdicantes
810 4841 1085 4916 (apostoli)
1126 4846 1292 4916 igitur
1326 4861 1418 4915 per
1446 4851 1677 4918 regiones
1716 4859 1768 4903 et

276 4932 353 4964 es.
412 4913 677 4964 primitias
712 4931 895 4964 earum
931 4917 1123 4964 snirilu
1163 4933 1281 4964 cum
1334 4916 1659 4964 probassent-
1713 4922 1768 4964 in

176 4913 354 4976 urbes,
412 4913 677 4986 primitias
712 4913 895 4968 earum
931 4913 1123 4984 spiritu
1150 4913 1281 4971 cum
1328 4913 1661 4986 probassent,
1713 4922 1769 4974 in

174 4986 447 5051 episcopos
481 4982 810 5057 ethdiaconos
841 4982 1041 5051 eorum,
1071 4989 1160 5056 qui
1182 4982 1433 5046 credituri
1459 5000 1769 5057 erant,con—

174 5057 489 5108 stituerunt.
515 5052 714 5119 Clem.,
744 5071 832 5123 ep.
866 5058 919 5119 l,
948 5074 1003 5111 n.
1030 5052 1122 5113 42.

245 5126 363 5195 (66)
414 5124 634 5178 Summo
676 5128 862 5195 quippe
906 5129 1167 5183 sacerdoti
1213 5148 1312 5185 sua
1342 5132 1523 5186 munia
1567 5130 1767 5185 tributa

172 5206 331 5271 sunt:
362 5208 415 5249 et
442 5195 983 5271 sacerdotibuslocus
1018 5202 1261 5266 proprius
1293 5202 1620 5271 prwstitutus
1642 5212 1721 5255 est
1744 5217 1763 5254 :

174 5266 345 5320 let-itis
381 5281 586 5335 quoque
627 5283 735 5319 sua
759 5268 1055 5322 ministeria
1084 5266 1425 5327 incumbunt:
1469 5270 1621 5323 homo
1660 5272 1764 5325 lai-

170 5338 574 5409 casiprtrceptis
604 5336 757 5409 laicis
788 5341 1191 5409 constringitur.
1228 5342 1395 5403 Idem,
1430 5358 1486 5395 ιι.
1526 5342 1618 5395 40.

244 5408 362 5475 (67)
398 5405 519 5459 Non
543 5409 680 5460 enim
707 5408 812 5462 lere
832 5411 930 5463 erit
972 5405 1261 5479 peccatum,
1287 5415 1334 5469 si
1362 5430 1471 5473 eos,
1500 5412 1589 5478 qui
1623 5413 1762 5465 citra

170 5480 461 5554 querelam,
500 5489 551 5530 et
569 5490 754 5554 sancte
784 5481 1010 5554 offerunt
1043 5480 1205 5549 dona,
1239 5484 1304 5537 ab
1344 5486 1647 5554 episcopatu
1679 5500 1761 5536 re-

175 5550 517 5623 moverintus.
561 5548 1051 5623 Beati‘presbgteri,
1080 5555 1170 5621 qui
1194 5548 1334 5608 riam
1361 5548 1758 5623 prius‘emensi,

173 5619 505 5691 fructuosam
531 5637 589 5672 ac
606 5619 1176 5691 perfectam’consec'uti
1195 5636 1315 5678 sunt
1331 5619 1755 5678 dissolutionem.

172 5686 340 5746 Idem.
371 5705 428 5742 n.
459 5691 550 5744 Η.
580 5686 765 5747 Nutat
803 5692 857 5745 in
891 5693 1035 5746 hunc
1054 5686 1352 5749 Clementis
1392 5697 1567 5748 locum
1603 5712 1650 5748 ν.
1681 5696 1756 5748 cl.

175 5758 307 5827 Epp.
339 5758 490 5815 Rom.
536 5762 725 5831 pontif.
752 5762 1143 5821 Coustantius:
1175 5765 1311 5821 Dum
1344 5766 1503 5836 paulo
1527 5764 1755 5820 inferius

1876 3319 1951 3373 ris
1990 3329 2048 3373 ut
2091 3319 2231 3388 quod
2273 3323 2436 3385 intus,
2472 3330 2521 3375 et
2550 3321 2845 3375 masculum
2892 3338 3011 3376 cum
3048 3322 3265 3391 femina,
3302 3338 3469 3393 neque

1876 3427 1991 3465 mas
2014 3428 2174 3483 neque
2202 3412 2398 3482 femina
2429 3414 2560 3485 (75).

1878 3588 2159 3663 praemittit
2178 3588 2452 3663 Clemens,
2474 3591 2522 3644 si
2541 3590 2719 3663 eosab
2742 3591 3043 3663 episcopatu
3063 3595 3458 3663 removerimus,

1878 3658 1943 3715 ac
1972 3658 2185 3732 deinde
2236 3662 2481 3730 proxime
2525 3662 2770 3730 subiicit,
2808 3662 2959 3715 Beati
2987 3662 3310 3732 presbyteri,
3345 3658 3457 3724 etc;

1880 3730 1985 3784 sibi
2015 3747 2122 3807 non
2148 3746 2330 3807 secus,
2365 3740 2530 3800 atque
2560 3732 2784 3795 Irenaeo,
2818 3733 3123 3803 presbyteri
3145 3730 3318 3807 :atque
3341 3737 3461 3807 epi-

1880 3801 2031 3870 scopi
2076 3802 2314 3873 nomina_
2356 3817 2657 3873 synonyma
2694 3816 2836 3873 csse,
2885 3801 3057 3872 eaque
3095 3803 3162 3857 ad
3213 3801 3457 3862 eamdem

1878 3886 1992 3993 regi
2021 3870 2432 3939 enuntiandam,
2459 3870 2767 3942 promiscue
2799 3872 2901 3928 hoc
2929 3870 3050 3928 loco
3080 3889 3347 3947 usurpare
3375 3894 3455 3943 se,

1879 3955 1933 3993 In
1980 3950 2106 3993 teat.

1879 3950 2106 3996 indicat.

1948 4010 2061 4083 (68)
2087 4011 2266 4082 Neque
2305 4012 2398 4066 hoc
2435 4029 2590 4076 nove;
2624 4030 2657 4066 a
2688 4014 2867 4069 multis
2891 4017 3029 4070 enim
3054 4018 3368 4084 temporibus
3394 4018 3473 4074 de

1879 4084 2132 4152 episcopis
2163 4094 2210 4137 et
2232 4083 2470 4137 diaconis
2494 4085 2747 4153 scriptum
2788 4085 2983 4153 fuerat.
3011 4086 3099 4142 Sic
3133 4083 3269 4140 enim
3302 4090 3455 4143 Scri-

1877 4161 2036 4221 ptura
2076 4154 2272 4206 alicubi
2306 4153 2473 4228 isaite
2496 4170 2584 4228 ix,
2612 4155 2696 4216 l7,
2729 4154 2898 4228 dicit:
2932 4176 2950 4206 ε
2986 4157 3321 4212 Constituam
3346 4162 3455 4228 epi-

1878 4238 2060 4297 scopos
2089 4226 2353 4297 eorumAin
2368 4225 2605 4292 justitia,
2632 4233 2680 4297 et
2697 4224 2953 4297 diaconos
2991 4244 3169 4297 eorum
3194 4229 3247 4281 in
3272 4224 3393 4297 ﬁde.
3428 4250 3449 4282 ι

1881 4290 2088 4365 Similis
2132 4290 2642 4365 estHChrysostomi
2694 4295 2833 4348 libro
2877 4297 3028 4362 Quod
3084 4290 3329 4353 Christus
3383 4302 3455 4354 sit

1879 4361 2042 4435 ρεαδ,
2079 4374 2211 4419 ιοιιι.
2238 4364 2306 4427 V,
2339 4361 2394 4419 οξ
2424 4364 2475 4428 7,
2509 4382 2563 4434 p.
2600 4361 3057 4435 757,hujusmodi
3101 4368 3448 4426 observatio:

1881 4431 1950 4485 Et
1976 4451 2136 4504 neque
2162 4436 2333 4504 ipsum
2363 4431 2697 4488 sacerdotum
2721 4431 2927 4505 nomen,
2962 4453 3319 4505 episcoporum
3355 4458 3453 4493 no-

1798 4501 1844 4557 D
1873 4520 1988 4577 men
2001 4501 2138 4567 dico,
2163 4501 2380 4558 obticuit
2409 4514 2586 4577 (vetus
2612 4506 2742 4575 lex);
2764 4525 2781 4556 t
2805 4501 3141 4563 Constituani
3154 4508 3289 4560 enim
3303 4511 3453 4577 prin-

1871 4576 2010 4657 fipes
2041 4586 2154 4629 tuos
2169 4578 2234 4657 in‘
2236 4592 2362 4644 pace
2385 4595 2402 4626 ι
2418 4575 2568 4657 dicit,
2588 4584 2676 4657 cet
2693 4578 2959 4657 episcopos
2975 4588 3090 4630 tuos
3105 4575 3399 4657 injustitia.
3424 4601 3445 4634 ι

1870 4643 2141 4699 Nimirum
2196 4643 2385 4701 Graece
2414 4645 2557 4715 apud
2605 4645 2797 4700 Isaiam
2831 4643 3030 4717 legerat
3060 4667 3071 4699 :
3105 4643 3453 4721 Κὰταστήσω

1870 4715 1980 4789 γὰρ
2023 4718 2148 4780 τοὺς
2197 4716 2460 4789 ἄρχοντάς
2512 4734 2602 4789 dou
2657 4717 2715 4770 ὲν
2744 4718 2961 4789 Εἰρήνῃ,
3003 4718 3096 4771 καὶ
3143 4720 3268 4782 τοὺς
3324 4721 3448 4773 ἐπι-

1872 4786 2105 4850 σκόπους
2149 4785 2695 4861 σού-ὲᾲγ-ξδικᾳιο-σρνῃ.
2744 4785 3051 4842 Ριίσνέτὺυ
3085 4792 3447 4861 κατμστήσω,

1870 4865 2049 4943 εξειειι
2074 4859 2214 4943 apud
2232 4857 2383 4943 .LXX
2406 4859 2500 4943 scatit
2529 4856 2691 4943 saga).
2710 4874 2723 4921 ;
2755 4873 2905 4943 quos.
2923 4865 3146 4913 secutus
3184 4856 3444 4943 [renti-its,

1869 4926 1967 4981 lib.
1998 4944 2069 4989 Iv,
2102 4942 2150 4981 c.
2184 4930 2275 4989 44,
2313 4929 2507 4983 scribit
2537 4948 2548 4982 :
2591 4928 2746 4981 Tales
2768 4928 3095 4999 presbyteros
3126 4932 3292 4983 nutrit
3341 4926 3448 4985 Ec-l

1869 4996 2052 5080 clesia,
2078 4997 2150 5079 de.
2171 4998 2357 5069 quibus
2390 5009 2437 5052 et
2471 4998 2721 5080 propheta
2744 5000 2819 5051 ait
2846 5021 2863 5053 .-
2899 5017 2917 5080 ι
2963 4998 3032 5080 [ξι
3082 4998 3218 5080 dabo
3247 5002 3445 5080 princic

1868 5083 1956 5135 pes
1987 5078 2102 5121 tuos
2133 5069 2186 5121 in
2208 5086 2355 5139 pace,
2375 5080 2423 5124 et
2453 5070 2719 5137 episcopos
2754 5082 2869 5124 tuos
2900 5071 2955 5123 in
2983 5069 3220 5139 justitia.
3264 5091 3282 5123 ι
3323 5072 3444 5136 Quo

1869 5141 1925 5190 in
1989 5140 2109 5193 loco
2154 5140 2390 5195 [rent-eus
2434 5140 2736 5210 presbyteri
2783 5142 3135 5210 episcopique
3178 5142 3453 5197 vocabula-

1867 5210 2178 5281 promisc_ue
2204 5211 2422 5281 accipit,
2453 5224 2517 5263 ac
2546 5226 2848 5281 synonyma
2881 5211 3060 5266 habet.

1938 5278 2253 5350 (69)‘Clem.
2286 5278 2467 5344 ηοω..
2501 5278 2589 5350 ep.
2618 5282 2671 5341 1,
2698 5278 2753 5335 ιι.
2784 5280 2875 5336 25.

1961 5350 2047 5413 70)
2076 5349 2242 5413 ldcm,
2275 5350 2467 5420 ep.i‘2,r
2490 5349 2548 5404 ιιζ
2579 5352 2666 5406 li.

1962 5358 2047 5413 70)
2078 5358 2242 5413 Idem,
2275 5366 2361 5420 ep.
2396 5358 2451 5411 2,
2490 5366 2545 5404 ιι.
2579 5358 2666 5406 II.

1935 5358 2047 5491 in)
2079 5420 2319 5497 Consule
2349 5419 2613 5497 _Isai_te_v,
2641 5422 2991 5497 _l9;l§ccles.
3036 5436 3090 5486 v,
3133 5421 3158 5475 1
3198 5430 3253 5477 et
3282 5439 3455 5497 seq.;-

1861 5489 1976 5543 Jac.
2008 5489 2044 5552 t,
2079 5492 2133 5550 8.
2159 5501 2211 5546 et
2240 5509 2313 5553 tv,
2345 5491 2406 5554 8;
2440 5489 2480 5541 11
2512 5491 2655 5545 Petri
2680 5508 2762 5554 Ill,
2792 5494 2846 5555 5,
2885 5496 2938 5548 4.

1935 5562 2045 5631 (72)
2076 5563 2328 5617 Clemens
2386 5560 2768 5627 Alexandriu.,
2816 5564 2909 5619 lib.
2960 5581 3020 5620 ιιι
3068 5566 3291 5630 Strom.,
3331 5567 3439 5625 sub

1862 5631 2045 5773 [infigi
2074 5701 2129 5757 S.
2164 5702 2335 5756 Clem.
2368 5702 2553 5766 Rom.,
2588 5718 2674 5771 ep.
2709 5702 2764 5767 2,
2799 5720 2855 5758 ιι.
2894 5705 2980 5770 12,
3013 5705 3066 5759 in
3100 5707 3223 5761 line.
