3908 6172
446 328 549 382 179

1547 325 1635 378 Αἰ)
1677 324 1733 380 S.
1776 324 2200 381 CLEMENTEM
2242 325 2265 379 l
2299 325 2527 381 PAPAM

3593 336 3713 392 180

521 438 657 495 Usus
680 441 783 510 fuit
831 444 1063 496 versione
1106 440 1257 495 LXX
1300 444 1659 509 interpretum.
1689 474 1758 483 —
1787 442 2022 499 Sanctus
2054 451 2097 505 Α
2128 443 2327 499 fatetur
2356 445 2410 499 in
2446 444 2791 516 praefatione,
2821 453 2877 500 et
2902 446 3116 503 litteras
3141 454 3415 503 vetustate
3465 462 3665 505 exesas
3692 492 3711 513 ,

444 532 701 588 Clemens
733 534 1088 604 Septuaginta
1137 533 1497 604 lnterpretum
1532 537 1783 590 versione
1822 537 1876 589 in
1909 536 2016 603 epi-

445 624 606 677 stolis
650 626 768 680 suis
822 625 1020 692 utitur;
1076 641 1263 680 verum
1318 627 1647 695 plerumque
1700 627 2025 681 sententiam

448 718 653 785 potius,
677 732 841 787 quam
870 718 1033 773 verba
1067 718 1183 788 ipsa
1212 727 1585 788 repraesentat.
1614 718 1875 772 Invidiam
1900 734 2027 772 vero

449 822 888 863 commemoi-ans
924 809 980 863 in
1012 808 1279 864 Aaronem
1293 809 1365 864 ob
1388 808 1754 863 sacerdotium
1785 809 2026 861 concita-

450 905 587 961 tam,
619 899 901 968 complura
926 898 1113 962 refert,
1142 913 1262 968 qua:
1292 897 1347 951 in
1374 896 1734 952 Numerorum
1764 896 1905 951 libro
1921 911 2029 949 non

451 992 729 1060 leguntur.
764 988 948 1059 Itaque
977 1006 1008 1045 e
1034 989 1343 1044 Judaeorum
1382 988 1673 1044 traditione
1706 989 1776 1043 ab
1796 1003 1861 1043 eo
1882 1002 2033 1041 acceo

454 1094 543 1152 pta
573 1082 741 1138 fuisse
771 1082 1183 1148 existimamus;
1214 1081 1673 1151 quemadmodum
1706 1087 1756 1134 et
1786 1079 1933 1150 quod
1966 1079 2032 1134 de

451 1177 645 1231 Bahal)
664 1177 859 1239 habet,
893 1191 1013 1231 eam
1044 1176 1111 1230 de
1148 1175 1556 1246 exploratorum
1605 1174 1693 1229 via
1716 1173 1828 1244 (74)
1859 1173 2033 1228 inter-

456 1277 730 1338 rogatam,
764 1269 921 1339 longe
972 1269 1141 1321 aliam
1167 1268 1577 1323 demonstrasse
1608 1267 1676 1321 ab
1702 1281 1791 1331 ea,
1821 1281 1929 1336 qua
1957 1265 2033 1319 illi

455 1361 687 1415 redituri
724 1370 908 1427 erant;
954 1360 1099 1432 quod
1150 1361 1207 1415 in
1255 1360 1401 1416 libro
1444 1358 1631 1421 Josue,
1671 1357 1766 1412 ubi
1805 1358 2035 1414 historia

460 1455 573 1507 haec
606 1453 957 1517 describitur,
995 1453 1219 1507 minime
1265 1452 1528 1508 occurrit.
1575 1449 1853 1507 Hactenus
1881 1458 1933 1505 ν.
1962 1451 2034 1504 cl.

459 1545 615 1600 ltemi
645 1544 884 1601 Ceillier.
925 1544 1127 1600 Verum
1152 1545 1295 1615 quod
1326 1545 1393 1599 de
1422 1544 1510 1599 via
1539 1542 1819 1599 contraria
1850 1540 2038 1610 explo-

459 1640 737 1695 ratoribus
776 1655 807 1693 a
846 1639 1038 1694 Bahab
1064 1639 1460 1702 demonstrata,
1506 1652 1571 1693 ex
1618 1650 1846 1693 erronea
1888 1631 2038 1687 Junii

459 1734 695 1787 lectione
726 1732 890 1803 hujus
920 1731 1246 1787 Clementini
1280 1730 1386 1785 loci
1419 1728 1795 1799 deprompsit;
1839 1724 2040 1781 Junius

2130 536 2325 604 spatiis
2364 546 2419 591 et
2475 536 2784 593 interstitiis
2814 538 3231 594 accuratissime
3273 538 3538 597 dimensis
3569 557 3713 613 sup-

2132 626 2319 695 plevit,
2350 636 2405 683 et
2447 629 2617 684 minio
2649 628 2817 683 rubro
2852 629 3095 696 notavit;
3123 644 3191 685 eo
3228 630 3489 685 nimirum
3519 634 3718 687 consi—

2133 719 2206 771 lio
2231 759 2245 781 ,
2278 727 2336 772 ut
2366 736 2487 789 qua:
2521 722 2576 775 in
2608 722 2807 778 laceris
2831 722 3168 779 membranis
3194 724 3462 793 temporis
3503 724 3718 795 injuria

2132 822 2459 882 consumpta
2486 813 2969 877 desiderabantur,
2995 814 3064 869 ab
3093 814 3182 878 iis,
3219 829 3340 883 qua:
3374 814 3581 879 addita,
3626 816 3716 870 vel

2134 905 2379 973 suppleta
2405 904 2628 967 fuerint,
2658 905 2889 961 lectores
2922 904 3140 961 facilius
3164 915 3540 962 secernerent.
3576 906 3717 972 Qua:

2134 992 2354 1058 quidem
2382 995 2758 1064 supplementa
2792 992 3027 1051 Juniana
3064 996 3400 1066 posteriores
3442 996 3714 1061 editores,

2138 1094 2197 1138 ut
2225 1086 2502 1142 uncinulis
2537 1088 2724 1143 clausa
2762 1088 2905 1158 typis
2958 1088 3427 1158 imprimerentur,
3476 1087 3717 1157 diligen-

2137 1185 2221 1231 ter
2253 1186 2539 1232 curarunt.
2577 1178 2769 1248 Magna
2825 1181 3127 1245 enimvero,
3172 1188 3226 1234 et
3269 1178 3538 1234 laudanda
3565 1175 3719 1232 Junii

2139 1273 2387 1337 solertia,
2418 1274 2464 1329 si
2499 1273 2632 1328 ﬁdes
2658 1275 2760 1345 ipsi
2793 1275 3124 1330 adhibenda.
3162 1274 3359 1329 Verum
3390 1288 3553 1329 secus
3595 1288 3721 1328 sen-

2140 1366 2285 1419 tiunt
2310 1367 2377 1420 de
2405 1382 2492 1429 eo,
2523 1365 2699 1436 deque
2730 1367 2852 1436 ejus
2883 1368 3070 1421 labore
3114 1367 3170 1421 in
3197 1365 3561 1422 describendo
3604 1380 3716 1419 ms.

2139 1458 2509 1512 Alexandrino
2537 1459 2639 1512 viri
2672 1459 2830 1529 longe
2858 1456 3165 1512 doctissimi
3193 1455 3486 1511 Wottonus
3517 1454 3572 1507 in
3604 1452 3721 1522 pri—

2141 1552 2267 1613 mis,
2296 1550 2500 1605 Millius
2524 1561 2579 1606 et
2597 1550 2832 1604 Grabius
2857 1549 2993 1621 (76),
3017 1557 3076 1602 ut
3102 1547 3335 1618 proinde
3366 1546 3548 1600 minus
3572 1556 3725 1601 recte

2141 1644 2417 1698 censuerit
2446 1642 2627 1696 Fellus
2655 1641 2767 1711 (77)
2807 1658 2819 1693 :
2858 1659 2875 1691 ι
2901 1640 3118 1701 Actum,
3162 1639 3396 1701 scilicet,
3435 1637 3595 1691 irrito
3634 1652 3729 1692 co-

2144 1745 2275 1789 natu
2343 1743 2593 1788 acturum
2652 1732 2827 1789 fuisse
2878 1734 3052 1794 illum,
3080 1731 3171 1801 qui
3208 1740 3328 1801 post
3380 1729 3603 1790 Junium
3654 1726 3722 1782 ad

458 1825 604 1879 enim
636 1823 782 1893 quod
824 1823 914 1878 hic
952 1823 1009 1876 in
1059 1822 1357 1891 archetypo
1383 1819 1748 1883 desideratur,
1813 1817 2041 1873 studens
2075 1803 2114 1859 Β
2144 1824 2422 1893 exemplar
2460 1824 2890 1878 Alexandrinum
2931 1822 3114 1877 omnia
3148 1822 3383 1891 denique
3410 1820 3721 1891 exegisset:

462 1916 737 1986 supplere,
754 1915 999 1971 ediderat
1020 1914 1177 1983 (ὁδὸν)
1195 1913 1616 1966 ὑποδεικνύουσα
1644 1911 1828 1972 αὐτοῖς
1856 1909 2043 1976 ὲ(ναν-

461 2010 695 2079 τίαν),θι
722 2006 913 2063 Latine
941 2026 955 2062 :
982 2007 1121 2061 viam
1146 2004 1419 2060 ostendens
1432 2006 1507 2059 eis
1523 2004 1868 2057 contrariam.
1888 1999 2045 2067 Quod

463 2115 588 2153 cum
625 2097 932 2153 Cotclerius
960 2096 1419 2151 animadverteret
1448 2106 1753 2163 repugnare
1792 2090 2047 2147 Historia:

464 2204 659 2252 sacrae,
696 2203 817 2257 qua:
848 2188 1223 2257 exploratores
1254 2201 1286 2241 e
1324 2185 1490 2239 domo
1534 2183 1723 2239 Bahab
1753 2191 1871 2237 tum
1904 2198 2045 2237 non-

465 2283 595 2336 dum
631 2281 850 2342 exiisse,
871 2279 965 2335 sed
998 2279 1052 2332 in
1082 2294 1144 2332 ea
1165 2277 1345 2331 adhuc
1374 2277 1589 2330 latitare
1618 2275 1811 2342 docet;
1836 2276 1933 2345 οὐχ
1952 2290 2048 2344 pro

462 2375 601 2437 ὁδὸν,
643 2373 925 2444 ὲ(κείνους)
974 2387 1070 2442 pro
1110 2369 1400 2442 ὲ(ναντίαν)
1447 2369 1750 2425 substituit.
1801 2368 1911 2423 Nec
1947 2368 2050 2422 du-

464 2468 640 2529 bium,
685 2464 819 2535 quin
861 2463 983 2533 ejus
1026 2461 1294 2518 correctio
1322 2460 1572 2516 Junianae
1603 2461 1674 2516 sit
1711 2458 2050 2529 praeferenda

466 2559 719 2613 lectioni:
759 2558 993 2611 maxime
1034 2571 1158 2610 cum
1190 2555 1331 2610 hanc
1360 2554 1428 2609 ad
1453 2555 1829 2624 exploratores
1860 2550 2049 2616 Josue,

466 2652 667 2722 quibus
700 2651 824 2705 unis
849 2648 1040 2703 Rahab
1069 2648 1212 2701 viam
1240 2648 1575 2702 contrariam
1607 2646 1914 2701 ostendisse
1939 2660 2053 2699 me—

467 2753 745 2805 moratur,
789 2741 983 2796 referri
1023 2740 1297 2796 orationis
1333 2740 1505 2795 series
1538 2754 1646 2793 non
1681 2740 1846 2794 sinat.
1879 2738 2053 2793 Antea

467 2836 631 2890 etiam
664 2835 804 2889 forte
831 2834 1116 2904 legendum
1164 2834 1257 2885 καὶ
1286 2830 1387 2885 ποῦ
1410 2830 1751 2901 πορεύονται,
1787 2830 1888 2882 οὐκ
1914 2824 2053 2892 οἶδα,

468 2938 518 2981 et
543 2944 645 2997 quo
673 2936 890 3001 pergant
920 2927 1115 2988 nescio,
1145 2923 1415 2994 conjectat
1450 2939 1501 2977 v.
1531 2922 1600 2977 cl.
1625 2921 1971 2985 Coutantius,
2001 2928 2058 2973 at

472 3034 787 3089 perperam;
835 3034 959 3071 nam
995 3017 1159 3086 hujus
1202 3014 1566 3086 supplementi
1610 3028 1780 3084 capax
1816 3030 1925 3068 non
1974 3022 2059 3068 est

472 3112 830 3181 mauuscripti
847 3111 1039 3165 lacuna
1051 3152 1063 3163 .

1008 3220 1407 3277 ARTICULUS
1432 3219 1520 3276 Ν.

506 3334 683 3373 VARle
716 3332 1004 3373 EDITIONES
1042 3332 1419 3371 EPISTOLARUI
1456 3330 1503 3369 S.
1538 3326 1843 3368 CLBIBNTIS
1882 3327 2015 3367 1101.

1089 3404 1413 3443 PONTIFICIS.

544 3485 844 3539 Clementis
867 3481 1101 3535 Romani
1129 3478 1199 3534 ad
1219 3478 1537 3534 Corinthios
1558 3480 1824 3549 epistolae.
1851 3486 2058 3548 quanto

479 3578 709 3647 reliquis
732 3577 837 3631 sub
868 3575 991 3644 ejus
1020 3573 1244 3626 nomine
1269 3571 1511 3641 vulgatis
1536 3572 1875 3626 sinceriores
1905 3576 2055 3633 sunt,

480 3678 535 3723 et
558 3687 586 3723 a
612 3670 868 3738 primaeva
896 3666 1259 3736 simplicitate
1290 3665 1476 3719 minus
1507 3664 1718 3731 alienae,
1751 3672 1907 3719 tanto
1937 3664 2060 3733 plus

480 3778 661 3831 operte
682 3762 873 3816 iisdem
889 3759 1137 3823 edendis,
1166 3758 1221 3813 in
1247 3758 1382 3811 alias
1401 3757 1617 3827 linguas
1640 3755 2059 3820 transferendis,

483 3864 538 3906 et
571 3852 913 3907 illustrandis
945 3850 1327 3920 impenderunt
1353 3850 1455 3903 viri
1487 3849 1839 3917 antiquitatis
1880 3847 2063 3920 eccle-

483 3949 721 4006 siasticae
742 3942 992 4000 studiosi.
1024 3918 1300 3991 Laudatur
1333 3931 1437 3985 hoc
1467 3925 1686 3980 nomine
1720 3922 1771 3975 in
1801 3918 2050 3976 Gallandi

482 4036 889 4111 Prolegomenis
914 4030 1175 4088 Patritius
1198 4024 1394 4080 Junius
1427 4020 1623 4076 Scotus
1667 4015 1804 4084 (75),
1834 4014 2051 4069 hetero-

484 4109 676 4192 doxus‘
704 4129 947 4200 quidem,
984 4135 1069 4179 ast
1102 4119 1369 4178 eruditus,
1401 4124 1455 4170 et
1477 4109 1857 4180 antiquitatum
1894 4120 2050 4159 scru-

486 4244 631 4285 tator
658 4198 961 4281 indefessus
988 4237 1001 4283 ;
1035 4218 1128 4288 qui
1163 4213 1376 4283 insigne
1404 4209 1506 4262 hoc
1534 4202 1709 4260 :etatis
1734 4198 2051 4271 apostolica:

486 4325 898 4377 monumentum
947 4311 1039 4365 diu
1080 4302 1320 4362 tenebris
1359 4294 1733 4366 consepultum
1759 4331 1774 4355 ,
1825 4305 1856 4343 e
1892 4296 2048 4342 vctu-

481 4415 727 4472 stissimo
758 4425 860 4463 ms.
893 4403 1079 4460 codice
1104 4392 1490 4457 Alexandrino,
1526 4401 1686 4458 quem
1713 4398 1874 4472 manu
1908 4378 2052 4472 The-

613 4499 810 4555 nobilis
838 4495 1053 4549 femina:
1086 4485 1353 4558 Egyptian
1382 4482 1528 4535 circa
1564 4474 1780 4530 concilii
1807 4470 2005 4526 Νερωιή
2034 4486 2049 4523 ι

481 4603 723 4662 tempora
763 4596 1067 4647 exaratum,
1116 4577 1354 4649 Cyrillus
1397 4569 1662 4631 Lucaris,
1709 4579 1775 4619 ex
1819 4563 2053 4662 Alexan-

483 4649 643 4737 drino
689 4668 1326 4740 Constantinopolitanus
1380 4656 1721 4732 patriarcha,
1778 4668 1871 4723 per
1913 4649 2053 4703 Tho-

486 4790 630 4830 mam
666 4774 937 4825 Itowaaum
972 4782 1039 4819 ex
1066 4762 1286 4818 Oriente
1316 4756 1567 4811 reducem
1593 4789 1607 4813 ,
1640 4746 1840 4801 Carolo
1871 4743 1909 4804 l,
1941 4742 2053 4795 An-

484 4868 605 4936 glia:
630 4865 742 4933 regi
772 4863 919 4916 dono
947 4859 1185 4916 miserat,
1226 4866 1371 4905 anno
1404 4847 1571 4907 1655,
1618 4839 1812 4896 Oxouii
1846 4837 2055 4936 primus

485 4929 656 5014 edidit
697 4929 849 5008 iii-4°
899 4950 1087 5004 Graece
1142 4961 1207 4999 ac
1270 4941 1503 4995 Latine:
1559 4934 1790 5005 priorem
1833 4929 2051 4999 quidem

487 5028 774 5121 epistolam
827 5044 1008 5098 addita
1060 5037 1253 5093 Latina
1300 5032 1582 5089 versione,
1631 5026 1883 5121 notisque
1932 5021 2055 5074 illii-

484 5114 753 5199 stratum:
804 5130 1125 5205 posterioris
1186 5142 1315 5180 vero
1356 5120 1613 5190 reliquias
1674 5114 1861 5169 (ΕΙ-ωορδ
1927 5122 2049 5167 tan-

509 5251 599 5288 um
642 5231 708 5285 ad
746 5228 947 5283 calcem
994 5221 1242 5290 rejectas.
1286 5215 1407 5280 Quo
1460 5223 1590 5264 vero
1618 5220 1779 5260 suum
1823 5216 2053 5271 pensum

486 5332 585 5383 lite
610 5302 933 5381 absolveret.
957 5314 1155 5375 editor,
1197 5323 1356 5362 voces
1380 5302 1708 5373 deperditas.
1738 5305 1799 5351 ut
1826 5298 2056 5364 ipsemet

557 5482 672 5555 (η)
705 5479 763 5555 _S_-
792 5471 1377 5555 Cleetsre.“9.'2-~:c-
1416 5467 1650 5555 '1"???
1683 5461 1768 5555 1?-

705 5550 862 5603 Tom.
892 5547 911 5600 Ι
950 5544 1090 5618 Bibi.
1257 5532 1498 5618 Patrum,
1520 5550 1655 5618 pag.
1686 5532 1770 5584 1-1.

585 5554 673 5618 75)
705 5551 862 5603 Tom.
892 5551 911 5600 l
950 5551 1090 5597 Bibl.
1125 5551 1224 5595 δδ.
1257 5551 1498 5599 Patrum,
1535 5551 1655 5655 pag.
1686 5551 1770 5584 ιι.

585 5623 673 5689 76)
707 5613 1378 5689 Waltou._._“Prolegomz‘
1405 5607 1471 5689 ad
1500 5604 1615 5689 ¹Βιὶ)
1638 5642 1688 5689 ἔ,-
1727 5599 2050 5689 ρρξὶςιομιξέ,

488 5669 712 5751 sect-iit),
750 5669 874 5760 53—4
894 5669 1145 5752 illiillius
1176 5669 1559 5760 a‘puilultu‘f‘lizlz,
1587 5669 1739 5760 edita
1759 5669 2051 5760 ‘IA’IA’L‘ap‘o‘:

731 5737 792 5823 1³³,
812 5737 958 5828 part.
977 5737 1061 5822 VII,
1088 5737 1338 5823 pstg.'ﬂ{iti
1364 5768 1374 5816 ;
1412 5746 1587 5801 Grabc
1609 5786 1629 5811 ν
1655 5742 1953 5812 ΡιῸιεκθωη
1982 5737 2049 5791 ad

2083 3142 2129 3203 C

2147 1920 2436 1991 siquidem,
2452 1921 2658 1983 subdit,
2680 1936 2743 1975 ca
2766 1920 2995 1975 habetur
3013 1922 3080 1976 de
3104 1918 3433 1984 eruditione,
3450 1918 3725 1973 industria

2147 2021 2201 2068 et
2235 2012 2339 2067 fide
2363 2011 2425 2067 D.
2460 2011 2609 2067 Junii
2636 2014 2779 2084 apud
2814 2028 3007 2069 omnes
3038 2012 3206 2075 fama,
3241 2019 3301 2065 ut
3327 2011 3579 2067 eamdem
3629 2027 3725 2066 su-

2149 2105 2396 2173 spicione
2419 2104 2600 2175 aliqua
2634 2105 2965 2161 labefactare
2996 2120 3105 2159 non
3130 2104 3349 2159 incivile
3373 2102 3539 2158 modo
3563 2141 3582 2168 ,
3632 2101 3729 2158 sed

2150 2196 2398 2265 iniquum
2428 2211 2658 2266 prorsus
2690 2196 2958 2251 videatur.
3003 2218 3021 2247 ο

2222 2285 2291 2338 At
2325 2287 2562 2355 pretium
2589 2286 2754 2341 fuerit
2773 2304 2953 2357 opera:
2986 2288 3075 2341 hic
3103 2287 3157 2341 in
3190 2286 3427 2341 medium
3456 2286 3712 2356 proferre

2151 2394 2273 2448 qua:
2298 2380 2350 2433 in
2373 2376 2609 2432 Juniana
2631 2378 3097 2434 Clementinarum
3115 2378 3469 2449 epistolarum
3490 2378 3738 2433 editione

2153 2468 2307 2523 fuere
2339 2468 2407 2522 ab
2427 2468 2547 2537 ipso
2574 2466 3044 2539 Grabio(78-100)
3058 2467 3314 2522 adnotata
3333 2467 3439 2523 :sic
3462 2476 3651 2522 autem
3678 2483 3741 2522 se

2153 2561 2391 2615 habent:
2416 2579 2433 2610 ‹
2456 2561 2589 2625 Qute
2621 2575 2687 2613 ex
2720 2560 3014 2614 collatione
3039 2575 3143 2613 ms.
3175 2558 3384 2614 codicis
3403 2558 3741 2614 Alexandri-

2156 2652 2211 2706 ni
2238 2650 2678 2706 emendationem
2709 2650 2975 2720 praibent,
3008 2648 3078 2703 ad
3121 2649 3237 2703 haec
3277 2647 3393 2703 fere
3430 2651 3619 2719 capita
3652 2665 3741 2704 re-

2155 2743 2451 2796 ducuntur.
2480 2739 2666 2795 Primo
2686 2739 2948 2793 nonnulla
2974 2739 3027 2793 in
3057 2739 3219 2793 editis
3237 2738 3592 2800 omittuntur,
3618 2750 3745 2807 qua:

2158 2832 2215 2886 in
2246 2839 2537 2902 prototypo
2567 2836 2810 2895 exstant,
2844 2838 2903 2884 ut
2932 2846 2998 2885 ex
3038 2830 3299 2885 versione
3352 2827 3553 2884 Latina
3606 2844 3745 2883 con-

2159 2932 2300 2991 stat;
2334 2924 2577 2979 secundo
2609 2922 2757 2976 haud
2785 2938 2957 2992 pauca
2993 2922 3259 2976 vocabula
3304 2920 3505 2975 litteris
3537 2921 3745 2973 minia-

2160 3016 2232 3072 tis
2255 3017 2518 3080 eduntur,
2568 3031 2691 3085 quae
2722 3016 2777 3069 in
2808 3014 2996 3070 codice
3032 3022 3292 3078 exstant,
3342 3012 3490 3082 quod
3534 3011 3749 3066 factum

2159 3124 2283 3164 esse
2326 3124 2357 3162 a
2413 3108 2711 3179 typothetis
2750 3109 3045 3164 verisimile
3089 3117 3207 3174 est;
3236 3108 3398 3163 tertio
3442 3115 3577 3161 sunt
3599 3105 3751 3161 haud

2160 3216 2353 3271 pauca,
2386 3217 2507 3271 qutc
2551 3217 2659 3256 non
2719 3209 2868 3256 recte
2923 3201 3218 3271 exscripsit
3262 3200 3478 3265 editor;
3542 3208 3751 3270 quarto

2160 3295 2423 3349 nonnulla
2447 3294 2604 3349 aliter
2635 3294 2840 3364 scripta
2867 3302 3017 3355 sunt,
3035 3309 3203 3364 quam
3226 3293 3405 3347 editor
3428 3306 3751 3361 Περι-πειθη-

2160 3388 2298 3441 tavit
2323 3402 2390 3442 ex
2425 3388 2692 3459 singulari
2720 3388 2957 3458 quadam
2985 3388 3107 3458 ejus
3134 3387 3435 3459 Opinione;
3488 3400 3604 3455 qua
3649 3384 3750 3439 ad-

2160 3477 2289 3532 duci
2354 3494 2465 3533 non
2523 3479 2732 3549 potuit,
2762 3486 2822 3532 ut
2881 3479 3236 3551 scriptionem
3287 3486 3530 3533 veterem
3586 3477 3751 3531 aliter

2161 3571 2464 3637 exhiberet,
2487 3588 2650 3642 quam
2676 3570 2979 3627 secundum
3006 3572 3286 3642 vulgarem
3307 3569 3588 3627 scribendi
3624 3584 3745 3623 mo-

2162 3681 2305 3730 rem;
2336 3668 2529 3737 quinto
2548 3681 2690 3736 saepe
2713 3681 2839 3720 cum
2873 3666 2990 3735 ipse
3019 3664 3161 3718 male
3190 3664 3573 3733 exscripserit,
3607 3680 3736 3718 cor-

2166 3758 2469 3814 rectionem
2507 3773 2573 3812 ex
2604 3756 2924 3826 conjectura
2952 3754 3105 3810 addit
3133 3753 3203 3807 ad
3231 3756 3567 3824 marginem;
3624 3767 3750 3823 quae

2165 3850 2436 3904 correctio
2466 3849 2520 3902 in
2550 3848 2672 3917 ipso
2697 3847 2887 3903 codice
2915 3848 3210 3918 reperitur.
3246 3866 3265 3897 ›
3295 3844 3575 3901 Hactenus
3607 3843 3751 3900 Gra-

2167 3943 2311 3999 bius.
2342 3941 2552 4008 Quibus
2569 3956 2699 4011 ergo
2734 3940 2883 3995 vitiis
2913 3939 3168 3993 laborant
3186 3937 3459 3993 editiones
3484 3936 3599 3992 fere
3624 3952 3749 3992 om-

2170 4051 2292 4099 nes,
2335 4041 2523 4105 utpote
2544 4048 2666 4104 qua:
2698 4031 2851 4086 fuere
2889 4030 2957 4085 ad
2987 4029 3283 4085 Junianam
3312 4038 3539 4084 exactae.
3590 4027 3759 4080 Eam-

2169 4125 2291 4181 dem
2307 4124 2595 4179 Junianam
2619 4122 2913 4180 editionem
2935 4120 3473 4176 Helmstadiensibus
3489 4119 3634 4192 typis
3656 4136 3753 4174 ex,-

2172 4219 2337 4289 primi
2376 4218 2591 4273 curavit
2641 4214 2962 4270 Joachimus
3003 4212 3243 4269 Joannes
3295 4211 3552 4268 Maderus
3607 4227 3762 4267 anno

2174 4310 2339 4373 1651,
2393 4318 2446 4365 et
2479 4324 2620 4364 nova
2656 4306 2978 4378 przefationc
3039 4304 3226 4359 addita
3273 4304 3574 4375 genuinum
3627 4318 3761 4358 esse

2178 4404 2325 4457 hunc
2355 4401 2655 4458 Clementis
2688 4401 2880 4465 fetum,
2912 4407 3106 4453 contra
3146 4396 3439 4468 quemdam
3484 4394 3763 4449 Luthera-

2107 4480 2151 4535 D
2183 4510 2265 4547 na:
2287 4491 2694 4547 communionis
2722 4490 3036 4559 theologum
3066 4485 3490 4543 demonstravit.
3510 4482 3765 4539 Joannes

2180 4584 2363 4640 Fellus
2392 4582 2787 4638 Oxoniensium
2858 4580 3088 4636 antistes
3137 4594 3281 4632 anno
3316 4576 3455 4632 1669
3478 4574 3680 4631 Oxonii
3706 4584 3763 4630 et

2180 4676 2318 4730 l687
2360 4672 2598 4727 Londini
2636 4672 2779 4725 in-8°
2800 4679 3091 4739 utramque
3128 4668 3430 4725 Clementis
3462 4665 3530 4721 ad
3559 4664 3764 4720 Corin-

2179 4770 2323 4823 thios
2353 4766 2665 4837 epistolam,
2702 4764 2904 4818 minori
2949 4762 3171 4834 quidem
3221 4761 3417 4825 forma,
3455 4757 3549 4815 sed
3610 4756 3763 4812 notis

2180 4876 2291 4916 non
2317 4860 2499 4913 minus
2533 4857 2711 4912 doctis
2744 4856 3101 4923 conspicuam
3133 4849 3572 4922 repraesentavit.
3602 4846 3765 4902 Prior

2180 4955 2246 5009 ad
2270 4952 2588 5008 Corinthios
2630 4948 2862 5019 epistola
2890 4946 3083 5000 Latine
3117 4945 3385 4999 duntaxat
3408 4942 3553 4996 inter
3594 4938 3767 4995 Fran»

2180 5048 2314 5102 cisci
2339 5045 2488 5099 linus
2515 5044 2680 5097 Mella
2701 5044 2925 5097 Patrum
2957 5040 3186 5095 Londini
3213 5038 3357 5092 in—8"
3386 5036 3523 5090 1650
3544 5035 3771 5105 οοηερίρ

2182 5140 2345 5194 citur.
2368 5139 2527 5192 Anno
2557 5137 2719 5201 1672,
2741 5136 2841 5190 has
2868 5134 3130 5205 epistolas
3147 5146 3287 5186 nova
3312 5127 3777 5200 interpretatione

2186 5231 2454 5299 novisque
2494 5229 2643 5283 notis
2677 5228 2975 5281 adornatas
3024 5223 3203 5279 Paris.
3255 5220 3441 5277 in-fol.
3483 5222 3539 5274 in
3586 5220 3767 5274 lucem

2188 5324 2373 5379 emisit
2403 5322 2567 5377 Joan.
2592 5319 2901 5375 Cotelerius
2944 5318 3140 5372 doctor
3165 5314 3432 5369 Sorbonte
3488 5312 3545 5367 in
3601 5327 3775 5383 opere

2186 5478 2488 5532 versionem
2508 5476 2645 5531 LXX
2662 5475 2960 5535 seniorum,
2985 5486 3106 5541 cap.
3134 5471 3190 5529 2,
3230 5469 3257 5538 ᾗ
3290 5471 3342 5524 1.

2405 5546 2622 5601 Praafat.
2658 5547 2724 5601 ad
2755 5535 3105 5614 epistolam'l
3150 5535 3350 5607 Cleiu.,
3381 5537 3517 5595 edit.
3545 5535 3730 5594 Oxon.
3754 5575 3769 5599 ,

2192 5619 2910 5756 lbiﬁi-l00)Cral)ius.apud
2938 5685 3282 5743 Wottonum,
3314 5681 3381 5737 ad
3400 5681 3612 5737 calcem
3650 5678 3770 5748 Epi—

2189 5762 2338 5815 stula:
2387 5760 2674 5824 Clemcut.,
2706 5772 2758 5830 p.
2788 5759 2907 5813 tot.
