3908 6172
1514 279 1805 337 PROCEMI
1817 280 1853 335 λ
1892 279 2271 337 VARIORUM.

3415 284 3521 339 18⁸2

256 398 626 455 celeberrimo
675 398 744 453 de
796 396 1053 452 Patribus
1098 395 1438 467 apostolicis.
1480 394 1587 449 Eas
1623 409 1843 464 quoque
1871 399 1919 454 Α
1950 410 2175 464 parasse
2204 406 2503 463 asseverat,
2540 408 2596 455 et
2625 400 2827 481 passim
2849 418 2915 457 ex
2944 416 3009 457 eo
3030 401 3337 457 accuratior
3364 402 3520 457 reddi

256 490 540 545 recensuit
588 505 653 543 ac
702 497 957 543 notarum
1002 488 1345 558 spieilegium
1379 487 1599 557 collegit
1634 486 1840 541 Paulus

254 580 604 636 Colomesius
628 593 775 632 anno
798 578 934 631 1687
956 576 1189 631 Londini
1214 578 1267 629 in
1284 577 1380 641 -8°,
1399 592 1520 645 quae
1545 576 1711 630 editio
1735 576 1839 629 ite-

256 683 375 728 rata
410 690 475 728 ac
493 672 786 728 emendata
814 670 1016 741 prodiit
1045 670 1228 725 denuo
1253 669 1393 723 169ι1
1425 668 1649 723 ibidem.
1683 666 1841 722 Cote-

254 767 374 821 lerii
407 764 925 834 interpretationem
954 761 1188 831 adjectis
1218 761 1335 815 suis
1371 760 1576 814 notulis
1615 759 1839 828 evulga-

251 860 331 913 vit
376 856 627 913 Clericus
671 854 1002 924 Antwerpia‘.
1048 869 1147 909 seu
1208 852 1393 907 verius
1432 851 1837 908 Amstazlodami

252 965 401 1004 anno
432 948 574 1003 1698
600 947 655 1001 in
684 945 1011 1001 collectione
1038 943 1263 998 Patrum
1295 942 1750 1013 apostolicorum,
1784 948 1839 996 et

256 1041 481 1094 auctius
510 1038 690 1093 adhuc
715 1051 863 1091 anno
888 1036 1027 1090 1724
1060 1035 1262 1090 ibidem
1300 1032 1483 1089 in—fol.
1515 1032 1836 1087 Collectioni

250 1133 484 1202 insuper
535 1130 898 1186 conciliorum
936 1144 1061 1183 cum
1100 1127 1405 1183 Labheana:
1443 1134 1560 1180 tum
1600 1124 1839 1180 Mansia-

249 1244 355 1290 me,
408 1243 476 1281 ac
525 1225 705 1298 primo
735 1223 1005 1278 volumini
1076 1218 1437 1290 Epistolarum
1469 1217 1824 1271 Romanorum

244 1318 561 1387 pontiﬁcum
658 1316 939 1372 Coutantii
1016 1314 1264 1383 epistola:
1326 1311 1564 1382 prtefatae
1615 1312 1836 1365 inserta:

246 1418 400 1463 sunt.
441 1409 604 1461 Anno
655 1406 827 1471 1718,
871 1404 1340 1474 Cantabrigiensis
1380 1403 1515 1457 satis
1552 1402 1833 1456 luculenta

245 1503 446 1555 harum
481 1501 841 1571 epistolarum
872 1498 1041 1553 editio
1068 1498 1122 1551 in
1151 1497 1347 1567 vulgus
1378 1496 1581 1566 prodiit
1622 1510 1835 1551 summa

242 1610 380 1650 cura
430 1592 654 1647 Henrici
699 1589 942 1644 Wottoni
988 1589 1298 1654 elaborata;
1342 1602 1462 1641 eam
1496 1588 1640 1641 enim
1688 1586 1834 1641 haud

242 1686 416 1741 semel
444 1685 674 1755 exigens
704 1700 757 1739 ν.
800 1683 870 1737 cl.
908 1681 976 1735 ad
1009 1680 1168 1735 tidem
1216 1695 1322 1734 ms.
1362 1678 1569 1734 codicis
1602 1679 1835 1734 Alexan-

1945 489 2114 543 editio
2142 492 2403 559 potuerit,
2440 499 2581 547 teste
2609 492 2915 548 Callandio.

2015 580 2200 650 Nuper
2235 582 2452 637 tandem
2483 600 2535 639 v.
2561 586 2631 638 cl.
2662 584 2911 639 Andreas
2941 584 3261 639 Gallandius
3292 584 3520 655 presby-

1944 682 2026 726 ter
2048 676 2491 744 congregationis
2514 676 2751 731 Oratorii
2775 676 2834 730 S.
2862 675 3098 746 Philippi
3122 675 3524 738 Nerii,antece-

1941 767 2187 821 dentium
2242 768 2485 821 omnium
2535 768 2838 822 editionum
2901 766 3150 822 subsidio
3184 765 3515 829 instructus,

1941 859 2421 914 emendatissimas
2458 867 2513 914 et
2539 860 2996 931 castigatissimas
3028 858 3191 913 edere
3220 856 3368 912 omni
3399 864 3519 911 stu-

1940 950 2029 1005 dio
2066 966 2129 1005 ac
2157 967 2320 1022 opere
2364 951 2589 1007 adnisus
2630 960 2713 1007 est
2744 953 2909 1007 hasce
2935 950 3230 1005 Clementis
3259 949 3518 1019 epistolas

1942 1042 1996 1096 in
2029 1057 2128 1096 sua
2187 1042 2509 1098 Bibliotheca
2530 1053 2756 1098 veterum
2779 1042 3005 1099 Patrum
3078 1058 3242 1111 opere
3294 1042 3373 1094 uti
3423 1056 3520 1095 ex—

1940 1134 2367 1197 cellentissimo,
2401 1141 2456 1188 et
2504 1135 2776 1198 utilitatis,
2828 1149 2991 1203 quam
3036 1134 3390 1188 scientiarum
3425 1147 3519 1187 ec-

1934 1226 2375 1283 clesiasticarum
2403 1227 2668 1283 studiosis
2695 1227 2954 1281 omnibus
2985 1227 3174 1280 aﬂ'erat
3197 1226 3519 1281 cumulatis-

1938 1317 2157 1380 simam,
2184 1317 2344 1372 laude
2373 1319 2845 1387 przestantissimo;
2882 1318 2956 1371 ita
2979 1326 3323 1387 sumptuoso,
3352 1319 3516 1372 char-

1939 1412 2008 1458 tae
2064 1406 2284 1475 insuper
2310 1406 2490 1462 nitore
2539 1417 2593 1461 et
2622 1408 2997 1463 cliaracterum
3039 1416 3326 1463 venustate
3355 1409 3519 1463 undi-

1939 1511 2045 1565 que
2073 1499 2314 1567 expolito
2343 1514 2411 1553 ex
2466 1500 2827 1570 typographia
2856 1498 2974 1554 Joa.
2999 1499 3228 1554 Albrizii
3274 1499 3515 1557 Venetiis

1941 1587 2100 1642 1765.
2135 1588 2413 1654 Quantum
2442 1605 2571 1644 vero
2603 1590 2807 1645 laboris
2845 1606 2909 1645 ac
2942 1591 3239 1661 diligentiae
3266 1592 3320 1645 in
3353 1593 3515 1647 ador-

1940 1681 2122 1736 nanda
2145 1682 2249 1736 hac
2272 1682 2513 1737 editione
2540 1683 2888 1753 impenderit,
2916 1685 3165 1755 pluribus
3196 1687 3417 1755 exponit
3456 1687 3517 1742 in

240 1779 416 1841 drini,
458 1777 713 1831 adhibito
750 1775 913 1830 etiam
953 1773 1102 1829 Junii
1152 1772 1302 1827 edito
1344 1787 1469 1826 cum
1501 1772 1694 1827 eodem
1735 1786 1833 1825 (εο-
1864 1768 1909 1823 Β
1938 1774 2388 1845 Prolegomenis,
2449 1784 2613 1847 atque
2669 1777 2833 1832 simul
2892 1778 3091 1834 ibidem
3152 1780 3514 1849 epistolarum

240 1871 412 1926 dicea
436 1868 611 1923 Millio
633 1876 799 1937 atque
822 1864 1025 1921 Grabio
1038 1866 1263 1931 collato,
1283 1862 1580 1919 Iunianum
1598 1872 1833 1929 textum,

240 1978 407 2032 quem
456 1962 644 2015 caateri
691 1959 929 2015 editores
973 1966 1103 2014 sunt
1149 1958 1348 2022 secuti,
1379 1958 1620 2028 octogies
1648 1972 1833 2012 emen-

240 2055 395 2110 davit
419 2053 826 2123 supplevitque;
861 2068 982 2122 quae
1007 2067 1139 2107 vero
1178 2051 1407 2107 aberant
1438 2067 1468 2104 a
1498 2066 1603 2106 ms.
1642 2065 1830 2105 exem-

240 2150 382 2220 plari
412 2157 581 2218 atque
616 2162 647 2200 a
679 2144 846 2200 Junio
877 2145 1077 2200 litteris
1103 2144 1347 2199 miniatis
1376 2142 1830 2214 designabantur,

240 2238 643 2295 minutioribus
689 2238 833 2309 typis
876 2236 1240 2307 imprimenda
1294 2236 1529 2299 curavit,
1569 2236 1832 2292 lectiones

238 2340 295 2387 et
348 2332 728 2402 conjecturas,
758 2327 933 2393 Junii,
967 2326 1158 2390 Boisii,
1200 2326 1482 2391 Cotelerii,
1526 2326 1679 2392 Felli,
1726 2326 1833 2383 Co-

239 2425 458 2480 lomesii
521 2438 588 2479 ac
639 2420 843 2477 Clerici
898 2422 1043 2476 inter
1096 2421 1377 2475 variantes
1429 2418 1690 2475 lectiones
1732 2433 1832 2489 po-

239 2519 375 2572 suit.
426 2514 585 2569 Hanc
640 2520 825 2568 autem
883 2511 1301 2568 Wottonianam
1341 2509 1639 2565 editionem
1701 2511 1831 2565 licet

239 2608 490 2663 omnium
548 2604 1026 2661 accuratissimam
1062 2643 1078 2668 ,
1157 2604 1255 2674 qui
1312 2603 1573 2672 deinceps
1625 2604 1830 2672 episto-

240 2700 325 2756 las
376 2698 757 2754 Clementinas
810 2697 955 2767 typis
1018 2696 1380 2763 excuderunt,
1436 2696 1541 2749 viri
1599 2696 1826 2761 eruditi,

238 2792 287 2846 si
324 2788 667 2844 Ricbardum
720 2787 1037 2844 Russelium
1070 2795 1126 2843 et
1162 2786 1511 2841 Gallaudium
1556 2789 1823 2860 excipias,

242 2884 561 2955 praeteriere
626 2883 1023 2939 inconsultam.
1083 2880 1243 2947 Quod
1308 2881 1533 2951 quidem
1588 2881 1822 2947 mirum,

238 2979 325 3032 sin
384 2976 572 3030 minus
624 2974 694 3030 de
747 2974 1017 3045 reliquis,
1084 2973 1280 3029 saltem
1327 2972 1395 3028 de
1441 2972 1674 3038 Clerico,
1730 2976 1825 3044 qui

235 3072 489 3128 eamdem
537 3087 649 3141 pra:
683 3070 940 3125 manibus
990 3069 1217 3136 habuit;
1270 3086 1339 3125 ex
1388 3085 1453 3125 ea
1494 3071 1639 3125 enim
1678 3070 1820 3127 sele-
1850 3107 1894 3165 C

233 3168 444 3221 ctiores
474 3164 644 3219 Boisii
676 3164 1061 3219 adnotationes
1082 3178 1113 3217 a
1143 3162 1407 3219 Wotlono
1440 3173 1553 3219 tum
1580 3166 1821 3236 primum

232 3258 413 3314 editas
427 3258 747 3327 descripsit,
781 3270 921 3325 quas
945 3256 998 3309 in
1025 3256 1325 3311 secundam
1338 3255 1827 3313 Amstaelodamenu

233 3367 351 3407 sem
406 3349 632 3403 Patrum
690 3348 1119 3418 apostolicorum
1176 3349 1471 3403 editionem
1523 3348 1824 3405 Coteleria-

233 3459 363 3499 nam
395 3441 708 3496 transtulit.
734 3440 805 3493 At
839 3455 905 3495 eo
938 3440 990 3493 in
1026 3441 1221 3511 primis
1243 3441 1463 3495 nomine
1493 3441 1640 3495 illam
1669 3442 1827 3497 insu-

233 3551 334 3605 per
370 3532 640 3587 babuisse
667 3531 889 3585 videtur
918 3528 1193 3597 Clericus,
1217 3533 1365 3602 quod
1399 3532 1578 3587 editor
1616 3532 1822 3589 Canta-

233 3625 539 3696 lnrigiensis
588 3637 708 3677 tum
755 3621 994 3677 Eduardi
1040 3622 1304 3677 Bernardi
1345 3625 1583 3689 notulas,
1623 3626 1825 3695 quibus

232 3722 488 3793 epistola:
520 3720 712 3791 prima:
748 3718 1037 3773 αὑθεντίαν
1074 3720 1289 3774 elevare
1320 3726 1553 3773 conatus
1580 3726 1696 3783 est,
1727 3734 1825 3774 ex-

233 3813 492 3876 sulﬂarit,
532 3821 647 3866 tum
682 3812 979 3882 ipsummet
1007 3811 1281 3867 Clericum
1321 3811 1627 3873 identidem
1675 3811 1823 3866 haud

232 3904 515 3959 immerito
546 3902 853 3973 castigarit.
904 3901 1063 3956 Anno
1103 3902 1262 3965 1742,
1303 3900 1463 3957 Joan.
1508 3901 1824 3961 Ludovicus

230 3996 375 4068 Frey
414 3996 690 4066 epistolas
729 3994 951 4048 Patrum
983 3994 1419 4064 apostolicorum
1442 3995 1587 4067 typis
1615 3996 1823 4053 Basile-

230 4092 464 4145 ensibus
496 4088 863 4157 consignavit,
896 4087 1309 4143 Wottonianum
1339 4091 1649 4161 exemplar,
1674 4091 1823 4162 quod

230 4184 457 4253 quidem
514 4183 845 4251 exoptabat,
908 4184 1144 4253 primum
1194 4183 1471 4250 obtinuit,
1526 4199 1652 4239 cum
1705 4184 1821 4254 jam

230 4272 527 4345 epistola!
578 4270 879 4327 Clementis
931 4288 963 4327 e
1020 4274 1175 4344 prelo
1224 4275 1523 4341 evasisset;
1578 4282 1636 4329 ut
1693 4292 1824 4347 pro-

231 4362 363 4421 iride
398 4364 757 4435 posteriorem
782 4364 1160 4420 tantummodo
1189 4365 1351 4436 paulo
1389 4366 1818 4423 emendatiorem

1938 1869 2168 1925 istarum
2192 1871 2589 1940 prtestantiam,
2624 1871 3016 1942 integritatem,
3051 1889 3114 1927 ac
3134 1874 3516 1932 sinceritatem

1937 1962 2159 2017 invictis
2186 1962 2529 2027 argumentis
2570 1971 2778 2028 tuetur,
2808 1979 2872 2017 ac
2900 1965 3143 2019 vindicat
3173 1983 3187 2032 ;
3220 1966 3384 2037 cujus
3428 1968 3514 2021 la.

1934 2056 2069 2111 bore
2096 2072 2196 2110 nos
2220 2072 2437 2125 quoque
2472 2056 2768 2125 plurimum
2802 2072 2932 2114 usos
2961 2057 3153 2124 fuisse,
3192 2060 3247 2113 in
3292 2061 3517 2133 signum

1932 2149 2288 2222 gratitudinis
2319 2150 2496 2219 palam
2528 2147 2783 2203 fatemur.

2004 2239 2231 2309 Anglice
2248 2238 2546 2296 Clementis
2578 2239 2812 2296 Romani
2834 2240 3081 2312 epistolae
3100 2243 3167 2298 ad
3189 2242 3517 2302 Corinthios

1934 2348 2033 2403 per
2069 2330 2215 2388 Guil.
2262 2332 2610 2398 Burtonium,
2638 2349 2762 2387 cum
2814 2334 2962 2389 notis
2991 2336 3232 2405 copiosis
3265 2352 3329 2391 ac
3362 2336 3512 2393 Guil.

1932 2425 2096 2480 Cavei
2131 2425 2344 2495 judicio
2388 2425 2624 2480 Londini
2666 2426 2827 2492 1647,
2892 2436 3055 2498 atque
3112 2429 3308 2483 iterum
3360 2430 3509 2488 Guil.

1933 2515 2156 2572 Wakaao
2187 2517 2507 2587 interprete,
2544 2534 2651 2572 una
2682 2534 2805 2573 cum
2830 2518 3115 2585 Barnabie,
3156 2520 3370 2592 lgnatii,
3405 2521 3512 2577 Po-

1931 2610 2141 2682 lycarpi
2192 2611 2441 2681 epistolis
2490 2618 2654 2681 atque
2694 2610 2907 2667 Hermae
2956 2610 3181 2667 Pastore
3224 2614 3408 2669 itidem
3453 2616 3515 2669 in.

1931 2718 2241 2759 sermonem
2258 2702 2546 2773 Anglicum
2574 2704 2856 2759 conversis
2885 2705 2987 2761 sub
3006 2706 3164 2761 titulo
3186 2726 3199 2761 :
3221 2705 3513 2779 «Epistula:

1930 2796 2185 2867 genuinze
2224 2795 2449 2851 Patrum
2481 2798 2916 2867 apostolicorum
2962 2798 3016 2851 in
3048 2799 3336 2870 Anglicum
3383 2816 3509 2856 ser-

1930 2904 2146 2943 monem
2198 2889 2476 2945 translatae
2512 2889 2743 2944 Londini
2779 2889 2935 2957 1695,
2958 2911 2977 2943 ›
3014 2891 3190 2959 ίιι›8⁰;
3223 2899 3279 2947 et
3310 2893 3510 2947 iterum

1929 2979 2129 3034 ibidem
2162 2980 2299 3035 1710
2330 2980 2674 3050 prodierunt.
2707 2980 2765 3034 In
2796 2979 3060 3034 Gallicam
3095 2982 3335 3053 linguam
3386 2998 3509 3036 am-

1927 3072 2010 3127 bae
2054 3088 2086 3127 a
2142 3071 2332 3129 Gratio
2378 3072 2615 3128 Oratorii
2656 3072 3173 3140 sodale,conversae
3229 3075 3401 3139 fuere,
3454 3083 3513 3131 et

1927 3175 2126 3237 quarto
2150 3166 2484 3221 Gallicorum
2531 3165 2833 3219 Bibliorum
2866 3174 3037 3231 tomo,
3075 3183 3219 3223 anno
3251 3168 3389 3222 1717
3420 3168 3509 3222 in-

1927 3258 2023 3312 l'ol.
2057 3256 2286 3312 Parisiis
2316 3256 2558 3310 insertae.
2590 3253 2823 3309 Easdem
2857 3256 2912 3308 in
2947 3255 3149 3308 idioma
3205 3252 3508 3309 Germano-

1927 3367 2051 3405 ruin
2083 3348 2367 3403 transtulit
2396 3346 2626 3402 Jo.0tto
2650 3344 2881 3416 Gliising
2903 3344 3204 3416 liamburgi
3226 3346 3386 3415 1725,
3420 3348 3513 3401 in-

1924 3444 2001 3508 8°,
2034 3458 2159 3497 cum
2185 3441 2437 3511 epistolis
2455 3448 2508 3495 et
2531 3439 2750 3509 scriptis
2784 3438 3027 3492 virorum
3047 3438 3511 3507 apostolicoruma

1922 3534 2214 3604 Antiquior
2242 3531 2421 3585 adhuc
2450 3531 2681 3585 habetur
2706 3529 2995 3584 conversio
3026 3528 3079 3581 in
3130 3527 3321 3584 Bibliis
3371 3527 3506 3584 Ger-

1926 3625 2160 3681 manicis
2189 3622 2489 3693 Hamburgi
2520 3622 2684 3677 editis
2714 3635 2859 3675 anno
2908 3620 3067 3674 1710.
3101 3618 3301 3675 Nostra
3347 3626 3515 3676 aetate

1923 3729 2213 3788 utramque
2244 3716 2418 3771 edidit
2447 3714 2773 3770 Germanice
2806 3713 2996 3767 Simon
3029 3711 3296 3784 Grynzeus
3348 3713 3505 3768 Basi-

1924 3814 2021 3868 leae
2062 3810 2200 3866 1782
2241 3811 2385 3865 iii-8°
2430 3825 2553 3863 cum
2615 3809 2737 3863 aliis
2796 3807 3019 3861 Patrum
3071 3807 3506 3878 apostolicorum

1922 3903 2317 3967 monumentis,
2347 3901 2614 3972 appositis
2651 3900 2983 3970 quibusdam
3004 3900 3210 3955 notulis
3238 3898 3417 3953 dubiae
3442 3897 3507 3952 ll-

1923 3997 2010 4053 dei
2033 4016 2046 4050 :
2074 3995 2200 4050 inde
2230 3994 2458 4055 factum,
2478 4002 2537 4048 ut
2564 3992 2626 4048 P.
2643 3992 2837 4047 Vitalis
2862 3991 3029 4047 Moesl
3046 3992 3350 4046 monachus
3368 3990 3501 4045 0rd.

1928 4088 1986 4143 S.
2004 4086 2286 4142 Benedicti
2317 4084 2622 4155 Salisburgi
2639 4084 2707 4139 ad
2723 4083 2779 4139 S.
2798 4083 3045 4149 Petrum,
3067 4099 3175 4155 quo
3201 4083 3505 4138 faciliorem

1924 4192 2090 4253 atque
2120 4179 2455 4237 securiorem
2475 4178 2776 4233 Catliolicis
2803 4178 2968 4233 etiam
2990 4177 3213 4232 Patrum
3232 4174 3502 4248 apostoli-

1923 4290 2115 4331 corum
2146 4273 2436 4328 lectionem
2480 4270 2755 4333 redderet,
2789 4270 3062 4335 eamdem,
3083 4270 3275 4341 paucis
3307 4279 3503 4326 contra

1926 4370 2086 4424 iidem
2113 4366 2437 4421 catholicam
2470 4364 2855 4429 militantibus,
2883 4364 3206 4427 immutatis,
3240 4363 3504 4435 Augusta)

225 4456 564 4514 exhibuerit.
626 4456 1074 4526 Qualemcunque
1117 4465 1299 4511 tamen
1350 4457 1514 4526 hujus
1553 4458 1814 4515 editionis

1933 4455 2514 4520 Vindelicorurnd'ﬂd
2546 4455 2728 4510 denuo
2762 4454 3167 4525 procudendam
3199 4457 3431 4512 curarit.

228 4549 520 4620 Freyanae,
553 4547 801 4617 alioquin
854 4548 990 4603 satis
1014 4548 1222 4613 nitidae,
1256 4547 1530 4604 defectum
1562 4552 1820 4621 supplere

225 4640 466 4695 annisus
489 4646 576 4693 est
595 4638 679 4692 vir
697 4638 947 4695 eruditus
981 4639 1254 4694 Antonius
1275 4640 1489 4697 Birrius
1517 4640 1573 4695 in
1598 4641 1820 4696 Publica

227 4732 520 4801 specimine
572 4727 763 4783 itidem
817 4728 1045 4786 Basilea:
1093 4746 1240 4786 anno
1271 4732 1410 4787 1741
1452 4734 1625 4799 edito,
1653 4744 1821 4806 atque

222 4819 572 4891 conjecturis
600 4820 747 4874 haud
778 4823 1114 4891 pcenitendis
1144 4823 1213 4878 ad
1263 4833 1471 4879 textum
1523 4825 1821 4882 Clementi-

224 4929 361 4969 uum
383 4912 646 4968 editionis
668 4912 1041 4970 Wottoniana:
1072 4917 1303 4972 ulterius
1325 4917 1503 4973 adhuc
1530 4919 1820 4990 detergen-

221 5009 357 5063 dum
383 5005 608 5062 referto.
644 5005 936 5062 Russelius
975 5008 1030 5062 in
1048 5009 1167 5065 suis
1210 5007 1433 5065 Patrum
1478 5013 1818 5080 apostolico-

221 5116 347 5153 rum
405 5100 672 5168 operibus
703 5100 958 5170 genuinis
988 5099 1225 5155 Londini
1270 5117 1417 5158 anno
1486 5104 1623 5157 1746
1658 5105 1815 5159 evul-

218 5192 389 5261 gatis,
424 5189 842 5245 Wottonianam
869 5192 1167 5248 editionem
1196 5210 1307 5264 prae
1343 5194 1561 5251 caeteris
1590 5198 1694 5251 sibi
1735 5212 1818 5253 se-

220 5282 501 5353 quendam
530 5283 658 5350 jure
692 5284 943 5353 censuit;
990 5287 1081 5355 qui
1113 5294 1167 5341 et
1200 5288 1267 5341 ad
1308 5289 1521 5342 calcem
1556 5291 1822 5345 secundae

224 5371 404 5441 partis
436 5372 735 5427 voluminis
764 5374 927 5444 primi
976 5375 1237 5430 laudabili
1281 5377 1513 5432 consilio
1556 5378 1815 5448 pleraque

227 5464 475 5532 subjecit
526 5464 793 5521 adnotata
823 5482 889 5522 ex
922 5465 1041 5522 Joa.
1105 5467 1258 5521 Millii
1296 5470 1613 5539 apographo
1651 5487 1815 5525 aecu-

225 5564 346 5609 rate
371 5557 437 5611 ad
472 5573 576 5611 ms.
627 5558 839 5614 codicis
884 5559 1113 5615 Alexan.
1144 5560 1304 5615 tidem
1349 5573 1545 5617 exacto
1600 5562 1812 5619 descri-

228 5655 353 5717 pta;
386 5665 511 5717 qua:
531 5649 753 5718 quidem
787 5652 1045 5705 adnotata
1074 5651 1369 5708 Wottonus
1426 5656 1807 5723 pra:termisit,

230 5738 487 5806 quamvis
510 5750 559 5794 et
608 5741 723 5811 ipse
752 5743 1124 5812 apngraplium
1162 5743 1463 5798 Milliauum
1516 5744 1623 5800 sibi
1655 5762 1805 5800 com-

1932 4590 1935 4591 ν
2005 4551 2431 4624 Recognitionum
2479 4548 2603 4604 libri
2634 4563 2665 4601 a
2692 4546 2890 4601 Rulino
2921 4547 3109 4603 Latine
3154 4547 3355 4603 redditi
3405 4548 3504 4603 Ba-

1923 4649 2075 4705 silcaa
2102 4659 2225 4698 cum
2258 4639 2869 4711 pseudoodecretalibus
2900 4654 3045 4693 anno
3072 4639 3228 4705 1526,
3273 4639 3459 4695 in-l‘ol.
3480 4679 3497 4706 ,

1921 4751 1977 4795 et
1997 4736 2158 4793 subin
2182 4733 2409 4787 Parisiis
2442 4730 2573 4785 l5“
2605 4738 2659 4785 et
2688 4730 2848 4795 1568,
2874 4731 3117 4785 Colonia:
3149 4730 3306 4785 1569.
3354 4729 3501 4801 Lug-

1921 4829 2055 4887 duni
2087 4827 2143 4880 in
2182 4824 2302 4881 PP.
2331 4824 2657 4880 Bibliotheca
2700 4836 2845 4875 anno
2887 4820 3025 4877 1677
3079 4830 3207 4878 sunt
3237 4822 3496 4893 evulgati.

1920 4917 2268 4979 Coloniensis
2323 4914 2491 4971 editio
2544 4921 2741 4982 praeter
2810 4912 3237 4987 Recoguitionum
3326 4916 3499 4970 libros

1919 5012 2263 5070 Clementina
2310 5022 2549 5079 quoque,
2575 5014 2630 5061 et
2657 5004 2714 5061 S.
2742 5004 2886 5059 Petri
2918 5014 3194 5075 gestorum
3226 5025 3497 5064 summam

1921 5122 1950 5160 a
1974 5104 2228 5161 Perionio
2256 5115 2576 5157 conversam
2608 5114 2734 5152 cum
2781 5100 2925 5153 notis
2972 5097 3226 5155 Venradii
3257 5103 3496 5172 comple-

1918 5200 2110 5253 ctitur.

1990 5286 2207 5341 Primus
2237 5285 2527 5339 Turnebus
2556 5284 2801 5337 eamdem
2829 5281 3015 5337 Gnece
3044 5290 3101 5337 et
3135 5280 3330 5338 Latine
3377 5285 3496 5340 edi-

1918 5379 1996 5433 dit
2023 5377 2251 5432 Parisiis
2282 5391 2426 5430 anno
2463 5375 2601 5431 1551
2633 5373 2781 5428 ἰιισιίο.
2824 5373 3147 5428 Clementina
3177 5384 3231 5429 et
3260 5374 3503 5441 Epitome

1918 5474 2009 5527 illa
2034 5470 2442 5525 exstantetiam
2473 5470 2526 5522 in
2549 5467 2891 5523 Coteleriana
2918 5464 3260 5531 collectione;
3294 5465 3362 5519 de
3390 5483 3499 5535 qua

1916 5564 2172 5633 superius
2200 5561 2403 5615 mentio
2433 5577 2464 5613 a
2495 5560 2653 5613 nobis
2682 5559 2935 5613 instituta
2960 5564 3066 5619 est,
3090 5572 3213 5610 cum
3242 5560 3497 5627 supposi-

1917 5655 2053 5708 titiis
2090 5654 2263 5707 sancti
2296 5653 2593 5719 Clementis
2626 5650 2823 5703 litteris
2855 5648 2921 5701 ad
2950 5655 3201 5702 sanctum
3231 5647 3493 5703 Jacobum

1914 5749 2231 5815 episcopum
2263 5744 2836 5814 llierosolymitanum.
