3908 6172
445 261 547 318 185

1556 268 1643 322 ΑΙ)
1683 259 1754 326 8(
1783 268 2213 328 CLEMENTI?!
2255 273 2272 326 Ι
2312 273 2545 331 PAPAM

531 481 3669 525 Μ

628 643 775 732 DE
881 644 1347 736 DUABUS
1450 646 2084 741 EPISTOLIS

2189 653 2873 746 CLEMENTIS
2973 654 3482 751 ROMANI.

1190 839 1423 901 (Herus,
1450 841 1657 892 Patrum
1688 842 2066 906 apostolicorum
2090 845 2271 907 Opera,
2297 847 2555 911 'l‘ublnga,
2579 847 2718 907 18l2,
2740 849 2911 911 ιιι-8⁸.)

497 1141 537 1196 l.
568 1140 899 1196 Clementem
946 1140 1253 1199 Romanum
1297 1144 1547 1198 eumdem
1578 1160 1701 1200 esse
1752 1159 1875 1199 cum
1908 1161 1995 1211 eo,
2025 1153 2073 1208 Α
2099 1146 2254 1201 daica
2282 1164 2407 1205 esse
2442 1147 2671 1202 editum.
2718 1146 2823 1217 Ipsi
2870 1146 3105 1217 primum
3154 1147 3393 1203 accessit
3417 1144 3673 1204 Contam-

423 1247 584 1302 quem
629 1231 687 1287 S.
719 1230 922 1287 Paulus
949 1234 1005 1287 in
1047 1234 1145 1305 Ep.
1171 1234 1240 1289 ad
1284 1232 1518 1304 Philipp.
1545 1250 1620 1300 tv,
1661 1236 1716 1303 3,
1748 1236 2003 1291 laudibus

420 1325 573 1379 effert
607 1324 714 1395 (l),
739 1324 850 1395 jam
892 1326 1153 1397 Origenes
1176 1327 1254 1398 (2)
1276 1369 1290 1393 ,
1319 1326 1584 1383 Eusebius
1626 1329 1732 1398 ('5),
1766 1328 2004 1402 Epipha-

421 1418 544 1471 nius
563 1416 660 1487 (4),
694 1416 1054 1490 Hieronymus
1075 1418 1149 1489 (5)
1177 1426 1231 1473 et
1259 1418 1349 1472 alii
1375 1427 1614 1474 veterum
1642 1419 1997 1476 allirmarunt.

418 1508 573 1575 Quod
600 1511 645 1565 si
681 1527 770 1564 res
793 1514 868 1567 ita
901 1527 960 1566 se
986 1511 1166 1572 habet,
1193 1508 1353 1566 facile
1388 1518 1633 1582 apparet,
1659 1511 1998 1567 Clementem

420 1597 478 1654 S.
519 1599 700 1664 Pauli,
746 1600 1009 1671 Philippis
1054 1602 1110 1655 in
1154 1600 1472 1657 Macedonia
1520 1603 1763 1660 secundo
1805 1604 1998 1660 itinere

417 1694 717 1759 apostolico
759 1712 808 1751 a.
840 1694 1007 1750 55-55
1037 1695 1161 1766 (cfr.
1181 1697 1302 1753 Act.
1330 1697 1446 1765 xvi)
1475 1694 1825 1767 Evangelium
1857 1711 1997 1767 prae-

415 1784 675 1851 ilicantis,
714 1786 926 1841 socium
967 1802 1030 1842 ac
1074 1788 1450 1859 coadjutorem
1495 1789 1698 1859 optime
1739 1788 1994 1843 meritum

414 1880 608 1938 fuisse.

482 1974 908 2045 Chrysostomus
984 1976 1039 2029 in
1111 1976 1522 2031 Commentario
1571 1975 1639 2029 ad
1686 1973 1705 2028 l
1748 1973 1987 2029 Timoth.

412 2066 747 2135 suspicatur,
771 2066 1129 2131 Clementem,
1165 2071 1368 2136 pariter
1396 2082 1461 2123 ac
1489 2066 1692 2121 Lucam
1718 2074 1772 2120 et
1802 2064 1992 2119 Timo-

412 2157 619 2220 tlieum,
636 2166 955 2227 perpetuum
976 2157 1189 2212 itineris
1204 2158 1458 2212 comitem
1483 2156 1593 2211 divi
1622 2155 1775 2209 Pauli
1795 2155 1984 2211 fuisse.

484 2246 609 2301 Mihi
651 2256 830 2302 autem
882 2248 1135 2305 Clemens
1188 2250 1316 2302 civis
1373 2247 1517 2301 urbis
1567 2247 1989 2316 Pliilippensium

414 2338 585 2393 fuisse
638 2340 869 2403 videtur,
916 2340 1011 2410 qui
1067 2356 1099 2393 a
1146 2338 1348 2403 Paulo,
1397 2338 1663 2409 Philippis
1711 2346 1985 2401 morante,

412 2446 725 2493 conversus,
754 2432 873 2501 ipse
912 2447 1220 2503 praeconem
1259 2431 1536 2503 Evangelii
1570 2432 1625 2486 in
1656 2446 1821 2502 opere
1851 2445 1988 2500 apo-

2105 1240 2214 1295 tius
2245 1240 2300 1295 in
2339 1240 2697 1295 celeberrima
2728 1255 2828 1295 sua
2864 1238 3105 1294 editione
3169 1237 3526 1308 Epistolarum
3569 1238 3678 1293 Ro-

2100 1350 2372 1389 manorum
2399 1336 2703 1404 pontiﬁcum
2732 1377 2747 1402 ,
2773 1343 2815 1390 t.
2878 1330 2923 1395 Ι,
2964 1347 3019 1402 p.
3059 1332 3155 1399 ii;
3190 1339 3381 1403 postea
3424 1348 3555 1388 vero
3598 1334 3675 1403 (Ι.

2100 1438 2150 1479 c.
2182 1440 2235 1494 p.
2261 1426 2351 1494 41)
2382 1424 2468 1478 vir
2494 1424 2851 1479 doctissimus
2880 1438 3037 1477 suam
3064 1423 3295 1478 mutavit
3319 1424 3673 1479 sententiam.

2099 1511 2430 1570 Tillemontii
2479 1513 2809 1569 sententiam
2875 1512 3162 1581 amplexus
3210 1519 3297 1566 est
3355 1509 3546 1565 Herm.
3569 1508 3679 1562 Ve-

2099 1622 2278 1670 nenia,
2304 1615 2363 1661 ut
2391 1606 2588 1662 exinde
2616 1614 2996 1676 argumentum
3030 1604 3328 1659 deduceret
3351 1603 3676 1674 contraepi—

2098 1698 2290 1753 stolam
2317 1699 2695 1768 posteriorem,
2720 1696 2880 1766 cujus
2909 1695 3147 1765 scriptor
3166 1697 3377 1767 origine
3417 1696 3676 1766 gentile"!

2096 1799 2283 1860 aperte
2313 1807 2378 1846 se
2401 1790 2600 1859 prodit.

2163 1882 2542 1938 Tillemontius
2573 1881 2778 1936 addere
2816 1888 3050 1951 poterat,
3078 1879 3415 1935 Clementem
3441 1894 3554 1934 non
3580 1896 3677 1936 so-

2095 1976 2203 2029 lum
2235 1990 2356 2045 cap.
2382 1974 2439 2040 4,
2472 1974 2567 2030 sed
2592 1981 2645 2027 et
2675 1988 2796 2043 cap.
2828 1973 2890 2027 5i
2926 1972 2975 2043 (ὁ
3003 1970 3186 2043 πατὴρ
3206 1971 3365 2041 ἡμῶν
3399 1971 3677 2043 Ἀϐραάμ.)

2091 2066 2461 2137 patriarcham
2491 2063 2801 2118 Iudaeorum
2827 2074 3032 2131 patrem
3061 2072 3301 2117 nostrum
3325 2063 3623 2133 appellare.

2161 2156 2427 2213 Praeterea
2446 2157 2699 2213 Clemens
2734 2172 2786 2211 c.
2814 2156 2883 2210 55
2925 2154 2995 2209 de
3026 2169 3215 2209 amore
3256 2169 3387 2224 erga
3437 2155 3676 2225 patriam

2088 2250 2397 2320 disputans,
2435 2250 2700 2319 exemplis
2744 2248 2979 2316 gentium
3015 2246 3267 2316 prolatis,
3312 2245 3380 2299 ad
3418 2246 3676 2315 exempla

2087 2358 2276 2398 eorum
2310 2343 2575 2412 procedit,
2614 2356 2776 2411 quos,
2811 2347 2873 2394 ut
2917 2339 3076 2404 dicit,
3112 2340 3252 2393 inter
3278 2354 3373 2393 nos
3409 2338 3677 2409 cognovi-

2088 2452 2232 2491 mus.
2259 2436 2471 2502 Quibus
2502 2450 2625 2489 cum
2647 2433 2900 2503 judaicas
2942 2433 3227 2497 mulieres,
3260 2430 3448 2486 Judith
3480 2442 3536 2487 et
3566 2430 3673 2486 Es-

412 2522 606 2577 stolico
635 2500 839 2592 optime
870 2500 1100 2595 adjuvit,
1133 2523 1304 2579 Paulo
1327 2500 1509 2578 autem
1552 2500 1805 2587 abeunte,
1836 2520 1983 2576 domi
2016 2500 2058 2555 Β
2087 2530 2228 2591 iber,
2260 2500 2537 2585 ascribere
2566 2500 2839 2591 videatur,
2872 2527 2991 2598 ipse
3028 2525 3083 2581 in
3113 2532 3271 2581 ortus
3298 2524 3507 2596 judaici
3575 2542 3675 2582 suo

412 2615 697 2678 remansit,
722 2614 866 2671 inter
897 2632 1028 2673 suos
1052 2616 1259 2672 Christi
1289 2631 1513 2671 causam
1547 2630 1733 2685 agens.

479 2704 735 2764 Pluribus
760 2709 1075 2778 conjectura
1099 2716 1288 2762 nostra
1320 2707 1539 2777 probari
1570 2714 1769 2776 potest.

480 2798 531 2866 a)
572 2798 709 2852 Cum
757 2797 959 2854 Paulus
996 2798 1276 2869 Philippos
1324 2804 1662 2867 properaret,
1708 2794 1982 2851 neminem

583 2890 688 2943 nisi
741 2887 944 2956 Silam,
992 2890 1341 2945 Timotheum
1381 2898 1436 2943 et
1476 2888 1681 2945 Lucam
1728 2888 1981 2943 comitem

584 2983 840 3039 habuisse
869 2984 1107 3039 videtur.
1136 2982 1252 3038 Cir.
1286 2984 1408 3037 Act.
1434 2998 1545 3037 xvr.

479 3076 532 3144 b)
574 3075 773 3132 Nullibi
808 3093 964 3131 sacra
1016 3076 1300 3146 Scriptura
1354 3075 1653 3131 Clementis
1703 3073 1978 3138 meminit,

584 3168 891 3237 apostolum
921 3167 1148 3223 Paulum
1177 3169 1232 3222 in
1261 3168 1547 3223 itineribus
1570 3166 1906 3222 comitantis.

477 3258 529 3327 e)
572 3258 647 3312 Ex
708 3259 939 3330 Philipp.
979 3276 1052 3323 tv,
1100 3261 1168 3323 5,
1221 3264 1371 3315 clare
1418 3268 1678 3330 apparet,
1735 3267 1980 3329 tempore

583 3353 769 3421 prima:
799 3352 951 3408 Pauli
979 3356 1310 3425 captivitatis
1348 3352 1605 3409 Romana:
1644 3352 1979 3409 Clementem

586 3444 847 3516 Philippis
879 3446 1115 3517 degisse.

478 3538 533 3607 d)
572 3537 804 3607 Philipp.
835 3555 906 3603 iv,
931 3539 984 3603 ὅ,
1015 3537 1313 3593 Clementis
1343 3553 1452 3593 non
1481 3538 1637 3593 aliter
1666 3536 1722 3590 fit
1752 3538 1975 3602 mentio,

583 3648 647 3683 ac
674 3647 885 3694 eorum,
916 3632 1007 3701 qui
1042 3634 1189 3687 cives
1219 3630 1598 3703 Philippenses
1629 3632 1836 3702 absque
1873 3632 1977 3687 du-

580 3724 668 3777 bio
692 3724 929 3777 luerunt.

476 3814 723 3875 Quando,
756 3812 843 3865 ubi
875 3820 927 3867 et
962 3828 1197 3903 quonam
1228 3827 1424 3881 genere
1454 3821 1612 3864 ortus
1652 3810 1813 3865 fuerit
1850 3812 2049 3906 Cie-nc

413 3907 571 3949 mens
606 3901 811 3959 noster,
836 3892 1129 3949 nescimus.
1178 3894 1338 3949 Liber
1367 3897 1723 3967 pontificalis,
1751 3893 1982 3967 catalogi

410 3985 786 4040 Romanorum
816 3988 1153 4056 pontificum,
1196 3988 1254 4042 S.
1306 3987 1610 4043 Eucherius
1652 3987 1982 4058 Lugdunen-

409 4080 488 4134 sis
529 4088 583 4134 et
624 4079 954 4135 Breviarium
998 4082 1295 4137 Romanum
1335 4099 1400 4137 ex
1445 4081 1902 4152 Recognitionibus
1926 4089 1980 4134 et

406 4174 647 4227 hoiniliis
680 4174 1232 4242 pseudoclementinis
1254 4175 1555 4230 fabulosam
1579 4175 1725 4229 illam
1759 4188 1979 4241 recepe-

402 4272 530 4316 runt
559 4265 954 4328 narrationem,
1008 4281 1131 4333 quae
1159 4264 1429 4321 Clementi
1463 4283 1637 4338 genus
1668 4266 1855 4323 Romae
1884 4284 1974 4323 se-

400 4356 699 4420 natorium,
760 4364 1076 4427 patremque
1132 4355 1453 4413 Faustinum
1485 4376 1553 4414 ex
1588 4360 1758 4430 stirpe
1783 4360 1971 4416 Caesa-

399 4464 520 4504 rum
556 4449 817 4505 vindicat.
850 4448 1001 4504 Talia
1035 4450 1365 4507 refutatione
1395 4468 1504 4507 non
1535 4453 1801 4523 indigent.

469 4537 847 4593 Tillemontius
877 4538 1181 4609 (Memoires
1213 4540 1275 4604 ll,
1308 4558 1358 4611 p.
1390 4544 1515 4606 M9)
1543 4560 1609 4599 ex
1640 4545 1815 4615 prima
1847 4545 1972 4601 Cle-

398 4634 596 4687 mentis
634 4634 896 4704 epistola,
930 4652 1062 4707 'cap.
1094 4637 1129 4691 4
1174 4637 1379 4709 (πατὴρ
1405 4638 1562 4709 ἡμῶν
1606 4640 1821 4707 Ἰακώϐ)
1858 4642 1974 4694 col-

395 4725 552 4795 legit,
601 4727 774 4780 virum
820 4737 1068 4784 nostrum
1119 4732 1482 4800 apostolicum
1530 4748 1597 4787 ex
1645 4733 1817 4804 stirpe
1866 4733 1971 4788 Ju-

464 4901 483 4969 (
495 4900 539 4970 l)
562 4905 689 4988 'Ka}
716 4906 904 4988 ὲρῳτῶ
934 4910 1026 4988 xui
1057 4912 1136 4988 es:
1170 4911 1376 4988 adiere
1401 4913 1970 4988 TV'ltjd’LSfud’Ullap‘l'd-

394 4988 484 5025 νου
511 4974 952 5058 ριὺττξῖςζέαβτινες
979 4980 1038 5031 ἐν
1064 4981 1141 5058 τῷ
1162 4974 1462 5058 suavidicis
1486 4974 1966 5058 ὰυνήθλησάν’μοι,

393 5042 663 5130 accusarat,
688 5038 1503 5130 Κλήμξντρςωκαῗρῷίλοιπῶν
1533 5038 1811 5128 συθερῆὦύ

390 5112 561 5239 ωνιξξί
579 5114 825 5239 ira:
843 5119 900 5239 i‘.’
917 5118 1278 5239 ξέῖδλδςηῖῖὲηξς

464 5184 539 5249 (‘2)
582 5183 640 5249 In
668 5183 825 5239 Joan.
855 5203 893 5249 r,

462 5248 540 5319 (5)
577 5248 647 5310 Π.
675 5250 740 5308 Ε.
767 5272 852 5319 iit,
880 5260 968 5314 l5.

461 5323 539 5400 (ᾖ)
580 5324 784 5400 Haeres.
810 5329 903 5392 26,
935 5347 990 5385 ιι.
1015 5330 1069 5387 6.

391 5464 401 5474 ,
461 5394 536 5461 (5)
580 5398 970 5479 Catalzscript.
996 5401 1169 5479 εἰπέ..-
1237 5418 1288 5479 c.
1318 5406 1405 5479 _l_5.
1440 5405 1785 5479 Opinionem_
1816 5408 1959 5466 hanc

386 5468 711 5580 :lllpllgllalll
731 5468 988 5533 Gieseler,
1013 5470 1211 5531 Lehrh.
1235 5474 1290 5527 d.
1318 5468 1739 5548 Kirchengesch.
1769 5477 1806 5541 I,
1831 5480 1952 5543 121,

412 5535 636 5603 .iierike,
656 5534 872 5594 Handb.
904 5542 960 5595 d.
986 5541 1051 5597 Κ.
1076 5542 1141 5597 C.
1171 5542 1212 5603 l,
1242 5544 1346 5599 i67
1388 5555 1445 5601 et
1473 5550 1587 5603 alii.
1617 5550 1684 5603 ad
1720 5566 1952 5603 auorum

412 5560 636 5607 inurunt,
656 5560 872 5607 naguuu.
904 5560 960 5595 (1.
986 5560 1051 5597 n.
1076 5560 1141 5597 ιι.
1171 5560 1212 5607 Ι,
1242 5560 1343 5599 ΠΗ
1388 5560 1445 5601 Cl.
1473 5560 1587 5607 alll.
1617 5560 1684 5603 ad
1720 5566 1956 5607 (tuorum

390 5567 636 5603 ιιιιυιιλιε,
656 5567 872 5594 ualluu.
904 5567 960 5595 ll.
986 5567 1051 5597 n.
1076 5567 1141 5597 υ.
1171 5567 1212 5609 I,
1242 5567 1341 5599 'lOl
1388 5567 1445 5601 οι
1473 5567 1587 5607 alll.
1617 5567 1684 5603 {Nl
1720 5567 1956 5615 QUOI'III'II

390 5603 693 5683 augendam
714 5605 1113 5683 dubitationem
1149 5630 1404 5683 magnum
1429 5617 1770 5673 Jacobsoiius
1800 5636 1957 5674 acce-

389 5671 517 5726 dere
550 5680 702 5740 putat
736 5681 947 5746 pondus
983 5698 1051 5738 ex-
1078 5699 1167 5749 eo,
1195 5671 1339 5755 quod
1390 5671 1661 5755 li'cmcus,
1684 5671 1969 5759 qui—iouini

2085 2617 2382 2687 spicionem
2405 2617 2655 2674 incurrit.

2157 2712 2265 2767 Sed
2306 2728 2416 2767 non
2446 2710 2603 2766 valde
2632 2711 2817 2781 gravia
2849 2710 2964 2764 haec
3006 2717 3137 2764 sunt
3175 2716 3521 2781 argumenta.
3558 2707 3673 2763 No-

2085 2817 2198 2862 tum
2226 2805 2373 2860 enim
2399 2811 2505 2867 est,
2527 2811 2581 2859 et
2607 2804 2744 2859 alios
2771 2802 2983 2865 Patres,
3010 2818 3150 2873 quos
3174 2818 3204 2857 e
3234 2802 3490 2874 gentibus
3510 2810 3672 2858 ortos

2082 2909 2205 2950 esse
2234 2909 2393 2947 nemo
2420 2894 2622 2951 nescit.
2658 2893 2839 2962 justas
2876 2891 3095 2947 Veteris
3137 2891 3473 2947 Testamenti
3525 2907 3665 2962 per-

2084 3001 2250 3040 sonas
2292 2985 2410 3040 suis
2458 2986 2737 3041 ascribere
2769 2984 3096 3053 majoribus.
3125 2982 3185 3037 E.
3227 2999 3280 3053 g.
3320 2981 3671 3051 Theophilus

2084 3078 2179 3131 lib.
2207 3092 2268 3129 Ill
2314 3075 2381 3130 ad
2409 3076 2618 3139 Autol.,
2659 3091 2715 3130 n.
2747 3074 2847 3138 ει,
2898 3074 3093 3129 scribit
3128 3093 3141 3129 :
3189 3072 3442 3144 Ἀϐραὰμ
3485 3074 3514 3125 ὁ
3560 3090 3673 3126 πα-

2081 3167 2345 3239 τριάρχης
2400 3166 2578 3237 ἡμῶν,
2610 3182 2665 3220 n.
2696 3165 2811 3219 27:
2865 3164 3114 3236 Ἀϐραὰμ
3158 3162 3255 3217 τοῦ
3318 3163 3673 3235 προπάτορος

2082 3259 2261 3331 ἡμῶν,
2286 3270 2341 3313 et
2371 3275 2428 3313 n.
2458 3258 2530 3313 94
2565 3278 2577 3311 :
2610 3257 2772 3311 Aa6‘t6
2798 3258 2826 3309 6
2856 3258 3120 3328 πρόγονος
3146 3254 3324 3326 ἡμῶν.

2151 3351 2307 3417 Quod
2356 3358 2540 3405 autem
2571 3356 2872 3405 memorata
2903 3349 3103 3419 capitis
3147 3348 3216 3403 55
3249 3346 3498 3417 exempla
3531 3348 3667 3403 atti-

2081 3450 2195 3507 net,
2231 3441 2565 3497 monendum
2606 3447 2890 3510 praeterea,
2915 3439 3254 3494 Clementem
3290 3436 3530 3492 fortasse
3558 3439 3671 3509 pri-

2081 3547 2228 3585 mum
2260 3547 2291 3585 e
2333 3531 2606 3600 gentibus,
2646 3538 2759 3583 tum
2800 3544 2830 3583 e
2860 3528 3215 3591 Christianis,
3236 3527 3472 3598 denique
3507 3544 3539 3583 e
3566 3525 3670 3583 Ju-

2079 3623 2213 3678 daeis
2241 3622 2489 3693 exempla
2518 3622 2729 3677 amoris
2759 3622 2950 3691 patria:
2981 3620 3301 3690 protulisse.

2147 3714 2502 3776 Clementem,
2534 3713 2908 3783 apostolorum
2938 3712 3291 3781 discipulum,
3319 3728 3351 3766 a
3377 3710 3667 3768 Clemente

2078 3805 2447 3861 Alexandrino
2480 3804 2721 3873 Apostoli
2759 3804 2979 3859 nomine
3036 3804 3361 3874 insignitum
3394 3803 3505 3875 (6),
3548 3804 3664 3859 Ro-

2079 3914 2250 3951 mana:
2282 3896 2533 3950 Ecclesia:
2574 3895 2737 3964 fuisse
2766 3896 3085 3963 episcopum,
3114 3896 3402 3950 unanimes
3434 3897 3665 3951 tradunt

2077 3997 2323 4055 veteres;
2355 3988 2454 4044 sed
2484 3997 2687 4059 quotus
2717 3988 2912 4043 ordine
2938 3986 3244 4042 Romanam
3271 3987 3538 4043 insederit
3571 4004 3664 4044 ca-

2076 4082 2350 4144 thedram,
2378 4092 2534 4136 vetus
2564 4091 2617 4136 et
2644 4080 2824 4135 adhuc
2856 4081 2960 4137 sub
2986 4078 3173 4149 judice
3201 4080 3269 4133 lis
3299 4087 3405 4134 est.

2148 4176 2199 4229 1.
2240 4176 2573 4231 Clementem
2628 4174 3004 4230 immediatum
3068 4172 3219 4229 Petri
3273 4188 3661 4228 successorem

2076 4267 2269 4329 fuisse,
2304 4268 2550 4339 plerique
2571 4266 2893 4322 Latinorum
2923 4266 3125 4336 priscis
3145 4266 3260 4335 jam
3290 4266 3658 4336 temporibus,

2074 4370 2210 4416 teste
2242 4360 2573 4431 Hieronymo
2598 4360 2698 4431 (7),
2723 4360 3083 4415 aflirmarunt.

2148 4452 2282 4506 Eum
2312 4469 2343 4506 a
2368 4451 2530 4507 Petro
2554 4454 2673 4523 ipso
2704 4452 2879 4509 fuisse
2906 4452 3244 4515 ordinatum,
3271 4450 3659 4507 Tertullianus

2072 4544 2222 4597 addit
2252 4544 2350 4612 (8).
2402 4541 2769 4615 Hieronymus
2818 4545 2953 4614 ipse,
3000 4545 3253 4615 quamvis
3299 4546 3354 4598 in
3390 4542 3659 4614 Catalogo

2071 4636 2403 4690 Clementem
2436 4634 2573 4689 Lino
2620 4644 2675 4690 et
2708 4635 2971 4691 Anacleto
3013 4636 3413 4706 postposuerit,
3462 4645 3658 4705 postea

2071 4728 2398 4783 sententiam
2427 4735 2697 4793 mutasse,
2739 4729 3065 4799 caaterisque
3092 4727 3303 4783 Latinis
3344 4728 3659 4785 accessisse

2071 4925 2229 4980 laude
2259 4926 2592 4980 Clementem
2622 4937 2871 4981 nostrum
2901 4929 3166 4991 cumulat,
3189 4930 3372 4983 dotali
3398 4946 3461 4983 ac
3491 4938 3657 4986 tanto

2069 4999 2389 5120 hisattimonio
2424 4996 2681 5068 (Philipp.
2710 5016 2781 5065 iv,
2814 5000 2867 5069 5)
2909 5015 2976 5055 ne
3007 5002 3235 5054 verbum
3280 5000 3502 5071 quidem
3552 5002 3655 5056 ha-

2144 5138 2221 5206 (6)
2257 5136 2459 5207 Strom.
2486 5153 2560 5192 tv.
2596 5138 2680 5202 17,
2718 5155 2770 5207 p.
2795 5138 2921 5203 609,
2947 5140 3032 5194 ed.
3068 5139 3209 5196 Pott.

955 5189 1008 5254 9,
1042 5174 1179 5261 Opp.
1216 5174 1277 5247 ’ί.
1301 5190 1389 5259 IV,
1420 5209 1473 5262 p.
1506 5195 1628 5259 155,
1657 5196 1747 5251 cd.
1813 5198 1919 5255 ΒΒ.
1996 5200 2043 5259 ἰ)
2488 5174 2921 5283 E53517,"
3070 5174 3389 5269 Clemens...
3422 5225 3654 5283 quartus

2063 5288 2181 5350 post
2226 5277 2445 5350 Petrum
2496 5279 2672 5331 flama:
2720 5295 3023 5349 episcopus;
3066 5282 3325 5350 siquidem
3378 5277 3651 5341 secundus

2062 5346 2226 5401 Linus
2250 5348 2572 5423 fuit,t_erlius
2595 5346 2901 5423 Attae/etus,
2931 5346 3141 5405 tametsi
3159 5354 3392 5423 plerique
3422 5354 3645 5409 Latino-

2063 5435 2183 5495 rum
2214 5418 2498 5471 secundum
2527 5432 2642 5487 post
2677 5420 2892 5474 Petrum
2920 5418 3219 5491 apostolum
3258 5418 3441 5493 putent
3479 5426 3653 5495 fuisse
3732 5492 3735 5493 ν

2062 5486 2398 5543 Clementem.

2132 5558 2213 5623 l8)
2234 5560 2323 5634 De
2340 5560 2649 5634 prmscript.
2694 5562 2846 5626 lucu,
2879 5579 2928 5618 c.
2960 5564 3030 5617 32
3059 5583 3069 5618 :
3108 5564 3471 5621 Romanorum
3503 5566 3642 5634 (Ιιῖιιο

2062 5628 2251 5700 clcsm)
2284 5628 2601 5685 Clementem
2634 5652 2662 5685 (ι
2699 5636 2859 5689 l’ctro
2891 5634 3199 5691 ordinatum
3224 5637 3353 5691 edit.
