3908 6172
248 285 352 339 I85
1515 275 1856 333 PRO(EMIA
1895 272 2281 333 VARIORUII.
3406 278 3508 337 ιω

245 395 489 450 videtur.
524 389 777 444 scribens
804 407 818 442 :
859 385 928 440 Et
957 385 1220 447 Clemens.
1249 388 1330 441 vir
1365 386 1711 456 apostolicus,
1740 385 1832 456 qui
1859 388 1908 448 Α
2109 386 2586 456 comprehenderis,
2614 405 2719 442 non
2747 387 2848 442 sibi
2877 404 3104 443 consono
3129 389 3512 457 respondebunt

245 493 363 554 post
409 482 632 536 Petrum
663 479 960 535 Romanam
1007 477 1305 534 Ecclesium
1340 479 1499 544 rexit,
1545 477 1731 533 scribit
1761 476 1830 532 ad
2115 478 2244 531 anni
2295 479 2610 548 pontiﬁcum
2659 476 3019 532 Romanorum
3075 478 3229 531 annis
3282 478 3511 549 impera-

245 576 554 633 Corintltios
580 575 681 644 (9).
2113 577 2306 624 torum.

315 670 373 722 2.
415 668 755 723 Clementem
785 671 1038 719 nostrum
1070 657 1208 716 Lino
1232 659 1453 718 demum
1496 662 1836 718 successisse
2005 660 2063 731 γ)
2107 658 2251 714 Beda
2302 659 2658 724 venerabilis,
2711 657 2997 724 Rabanus,
3048 657 3258 732 Haymo
3305 669 3368 726 et‘
3395 661 3510 719 alii.

248 767 481 814 censent
514 755 858 828 Augustinus
893 752 1032 826 (10),
1051 751 1286 822 Optatus
1319 752 1665 808 Milevitanus
1695 752 1834 820 (11),
2112 751 2229 807 (llr.
2253 751 2492 806 Coteler.
2525 751 2614 806 ed.
2693 749 2808 806 PP.
2839 761 3033 819 apost.,
3061 760 3105 808 t.
3137 753 3157 808 1
3187 793 3204 820 ,
3237 769 3292 825 p.
3323 754 3429 808 492
3455 764 3512 812 ct

252 854 676 909 Constitutioncs
703 846 1062 919 apostolorum
1087 845 1203 915 (12)
1227 853 1282 900 et
1309 841 1603 913 Catalogus
1631 841 1834 900 Roma-
2111 857 2166 912 p.
2201 841 2328 897 387.
2481 851 2484 854 ’

251 961 452 1002 norum
485 944 834 1014 pontilicum,
862 957 895 996 a
921 938 1266 996 Bollandistis
1295 937 1348 991 in
1373 935 1652 1008 Propylaao
1675 952 1830 994 men-
2003 934 2350 1003 Conjecturae
2387 933 2516 988 huic
2559 933 2832 990 Eusebius
2872 936 3086 999 obstat,
3124 937 3352 1002 docens,
3385 940 3513 996 Cle-

253 1040 335 1094 οίε
371 1037 500 1091 Maii
535 1035 844 1106 evulgatus.
1933 1029 2172 1078 mentem
2204 1037 2349 1076 anno
2372 1021 2590 1078 demum
2620 1023 2691 1078 92
2720 1025 2902 1080 sedem
2930 1026 3297 1098 episcOpalem
3324 1044 3516 1086 ascen.

326 1129 382 1188 ὅ.
425 1127 674 1195 Denique
703 1140 812 1180 non
838 1123 1034 1178 Linum
1068 1121 1269 1183 solum,
1299 1118 1392 1175 sed
1421 1125 1475 1172 et
1495 1116 1704 1173 Cletum
1728 1133 1829 1175 seu
1933 1116 2104 1178 disse,
2137 1115 2208 1168 24
2241 1114 2404 1171 annis
2437 1132 2466 1168 a
2499 1122 2674 1171 morte
2704 1114 2762 1171 S.
2788 1115 2931 1170 Petri
2967 1121 3353 1191 praeterlapsis,
3381 1137 3517 1193 quo-

252 1221 580 1275 Anacletum
599 1227 726 1272 ante
741 1218 1073 1272 Clementem
1090 1221 1339 1266 nostrum
1361 1209 1616 1262 Romanae
1645 1208 1795 1266 Eccle

1967 1223 2057 1261 um
2088 1206 2154 1260 12
2182 1206 2341 1271 Lino,
2378 1214 2433 1261 et
2482 1207 2687 1276 pariter
2717 1208 2783 1262 12
2810 1209 3108 1270 Anencleto
3137 1214 3510 1284 assignantur.

250 1302 353 1355 site
397 1301 770 1372 gubernacula
809 1302 1070 1364 tenuisse,
1126 1299 1362 1357 Irenazus
1395 1298 1506 1369 (15)
1539 1298 1837 1354 contendit:
1936 1299 2042 1355 Sed
2079 1300 2169 1354 vix
2196 1298 2436 1363 credam,
2471 1299 2767 1355 Eusebium
2803 1303 2877 1368 id,
2909 1303 3255 1361 documentis
3290 1305 3510 1372 fultum,

240 1393 689 1462 θεμελιώσαντες
727 1391 820 1448 οὖν
860 1397 952 1449 κα).
983 1395 1433 1468 οἰκοδομήσαντες
1473 1395 1525 1446 οἱ
1574 1393 1781 1466 μακάρι

1968 1392 2248 1462 cripsisse.
2288 1392 2547 1449 Fortasse
2582 1411 2677 1465 per
2711 1397 3062 1454 traditionem
3108 1400 3212 1470 ipsi
3255 1401 3511 1456 innotue-

253 1485 570 1538 Ἀπόστολοι
603 1486 1048 1558 τὴνἙκκλησίαν,
1079 1488 1226 1558 Λίνῳ
1253 1487 1354 1558 τὴν
1397 1486 1495 1556 τῆς
1527 1485 1796 1556 ὲπισκοπῆ

1971 1492 2040 1544 at.
2075 1483 2270 1538 Linum
2299 1493 2354 1540 et
2385 1487 2740 1542 Anencletum
2781 1489 2848 1542 12
2891 1506 3065 1547 annos
3097 1490 3395 1546 Romanam
3424 1507 3514 1548 re-

237 1575 588 1648 λειτουργίαν
607 1578 962 1648 ἐνεχείρισαν.
993 1579 1196 1632 Τούτου
1224 1577 1319 1631 τοῦ
1345 1577 1505 1631 Λίνου
1535 1575 1748 1639 Παῦλος
1773 1578 1780 1627 ἐ

1973 1577 2080 1631 isse
2127 1575 2450 1634 Ecclesiam.
2518 1577 2654 1633 Cum
2699 1588 2876 1635 autem
2911 1581 3088 1652 ipsum
3129 1583 3342 1647 lateret,
3387 1583 3513 1640 illos

235 1672 360 1733 ταῖς
392 1670 534 1740 πρὸς
554 1670 821 1741 Τιμόθεον
833 1671 1170 1733 Ἐπιστολαῖς
1204 1669 1477 1741 μέμνηται
1497 1685 1510 1697 ⁸
1531 1668 1778 1738 διαδέχετι

1970 1667 2281 1734 onjunctos,
2320 1685 2426 1721 una
2456 1685 2574 1721 cum
2605 1671 2802 1724 vivente
2829 1670 2998 1725 adhuc
3031 1671 3212 1738 Petro,
3241 1674 3513 1745 guberna-

232 1762 290 1815 δὲ
323 1727 492 1815 αὐτον
513 1727 529 1733 ⁷
549 1727 902 1833 Ἀνέγκλητος
920 1779 932 1791 ·
973 1762 1113 1833 μετὰ
1151 1727 1346 1814 ἶ’.τοῦεέον
1374 1727 1442 1814 ¹δὲ
1487 1760 1656 1830 τρίτῳ
1679 1727 1775 1812 ἰιξότι

1971 1759 2057 1811 nla
2090 1763 2363 1826 tenuisse;
2412 1759 2528 1814 ﬁeri
2570 1769 2808 1831 poterat,
2841 1771 2930 1828 ut,
2963 1727 3283 1836 Catalogum
3322 1763 3512 1822 lrenai

233 1857 348 1908 ἀπὸ
375 1855 488 1908 τῶν
531 1855 869 1910 Ἀποστόλων
897 1855 994 1927 τὴν
1023 1855 1330 1926 ἐπισκοπὴν
1364 1851 1660 1924 κληροῦται
1688 1852 1776 1904 Κλ·

1970 1852 2258 1921 aspiciens,
2303 1868 2517 1908 summa
2550 1852 2749 1908 ﬁducia
2781 1870 2935 1910 suam
2979 1856 3138 1912 nobis
3179 1863 3513 1929 proponeret

237 1967 371 2020 μηςν
403 1953 433 2003 ὁ
461 1949 560 2003 καὶ
582 1946 845 2019 ἑωρακὼς
860 1949 988 2011 τοὺς
1010 1947 1314 2019 μακαρίους
1346 1945 1719 2007 Ἀποστόλους,
1740 1962 1780 1997 κι

874 1949 988 2011 τοὺς
1010 1947 1314 2019 μακαρίους
1346 1945 1719 2007 Ἀποστόλους,
1740 1946 1835 1997 κα).
1935 1941 2417 2010 computationem.

234 2039 641 2111 συμϐεϐληκὼς
682 2041 888 2103 αὐτοῖς,
941 2040 1036 2092 κα).
1079 2038 1160 2092 ἔτι
1203 2037 1422 2090 ἔναυλον
1464 2036 1524 2089 τὸ
1573 2037 1777 2108 κήρυγε.

2005 2035 2059 2090 5.
2099 2033 2210 2090 Nec
2253 2034 2322 2089 de
2355 2034 2645 2105 Epiphanii
2692 2036 3011 2107 conjectura
3062 2045 3368 2104 taceamus,
3414 2036 3511 2110 qui

231 2135 344 2186 τῶν
390 2131 756 2198 ’Δποστόλων,
795 2132 890 2185 κα),
930 2131 1032 2202 τὴν
1069 2130 1364 2202 παράδοσιν
1395 2129 1503 2200 πρὸ
1539 2128 1774 2198 ὀφθαλμί

1989 2122 2184 2187 Clem.,
2215 2139 2266 2179 c.
2301 2124 2406 2190 54,
2439 2126 2581 2181 male
2625 2127 3036 2198 interpretatus,
3079 2127 3446 2196 Clementem,
3474 2144 3510 2186 ι

233 2225 376 2296 ἔχων
405 2244 461 2280 χ,
493 2243 546 2279 τ,
586 2225 638 2279 λ,
1935 2214 2097 2270 Petro
2125 2216 2462 2284 ordinatum,
2497 2219 2648 2289 pacis
2676 2235 2842 2276 causa
2887 2221 3123 2276 cessisse
3171 2219 3307 2275 Lino
3347 2229 3513 2276 autu-

310 2315 456 2371 Cum
485 2312 694 2368 Irenaeo
724 2318 834 2367 stat
849 2307 1118 2364 Eusebius
1140 2306 1238 2378 (Η.
1262 2306 1328 2363 E.
1351 2321 1433 2373 nt,
1467 2307 1554 2371 15,
1591 2307 1680 2369 15.
1709 2309 1826 2378 54),

1970 2315 2076 2373 lat;
2124 2307 2260 2363 Lino
2292 2317 2474 2364 autem
2519 2311 2858 2368 successisse
2904 2312 3154 2379 Cletum,
3197 2313 3353 2368 Cleto
3386 2313 3513 2371 Cle-

239 2407 474 2468 docens,
499 2404 696 2458 Linum
715 2403 784 2457 ab
816 2415 959 2456 anno
987 2399 1056 2455 68
1096 2415 1272 2470 usque
1297 2399 1365 2454 ad
1399 2414 1492 2454 an.
1519 2397 1608 2467 80,
1643 2400 1825 2455 Anen-
1934 2408 2170 2454 mentem
2203 2408 2485 2470 resumpto
2517 2402 2865 2470 pontiﬁcatu,
2895 2405 3197 2458 arbitratur
3222 2405 3360 2478 (16).
3397 2405 3513 2463 Nos

238 2500 445 2554 dctum
475 2495 669 2562 30.92,
693 2494 1028 2550 Clementem
1060 2490 1256 2548 92-101
1303 2506 1357 2560 p.
1414 2489 1517 2545 Ch.
1553 2507 1609 2544 n.
1638 2490 1824 2547 sedem
1933 2488 2075 2542 hanc
2102 2491 2458 2560 quaestionem
2504 2492 2702 2547 iterum
2749 2494 3104 2566 attingemus,
3131 2496 3200 2552 de
3240 2505 3511 2568 tempore,

239 2590 552 2645 Romanam
583 2587 846 2643 tenuisse.
1932 2596 2043 2650 quo
2089 2580 2110 2633 1
2157 2581 2454 2640 Clementis
2512 2585 2746 2655 epistola
2804 2587 3008 2657 scripta
3059 2587 3262 2654 fuerit,
3315 2588 3514 2661 dispu-

312 2681 580 2735 Eamdem
636 2677 957 2734 sententiam
1034 2673 1399 2745 Hieronymus
1450 2673 1505 2727 in
1562 2671 1822 2743 Catalogo
1931 2677 2133 2725 tantes.

234 2776 566 2843 scriptorum
595 2770 1070 2825 ecclesiasticorum
1100 2783 1149 2824 c.
1177 2768 1244 2821 15
1271 2767 1542 2832 tuebatur,
1565 2775 1624 2820 ut
1653 2781 1821 2836 supra
2001 2759 2120 2814 Jam
2159 2760 2228 2816 de
2256 2773 2426 2817 morte
2459 2762 2759 2822 Clementis
2787 2766 2954 2821 verba
3009 2765 3292 2826 iaciamus.
3337 2768 3514 2827 Euse-

233 2868 478 2923 vidimus
513 2865 649 2933 (i4).

1971 2849 2054 2904 ius
2101 2852 2402 2916 contendit,
2447 2851 2782 2910 Clementem
2832 2873 3010 2911 novem
3057 2875 3234 2914 annos
3280 2875 3512 2918 munera

301 2949 360 3002 4.
405 2947 605 3002 Varias
647 2947 748 3002 has
794 2946 1098 3002 sententias
1148 2947 1223 3001 ita
1270 2949 1676 3019 componebant
1723 2951 1828 3006 viri
1930 2942 2229 3013 episcopali
2256 2944 2526 3009 Γυηειυηι»
2554 2948 2718 3001 tertio
2740 2946 2966 3017 Traiani
2992 2965 3137 3004 anno
3161 2951 3279 3021 (101
3306 2967 3355 3020 p.
3381 2950 3510 3025 Ch)

231 3043 384 3096 docti
431 3051 488 3096 et
532 3041 845 3112 priscorum
875 3049 932 3095 et
972 3044 1339 3098 recentiorum
1392 3051 1728 3115 temporum,
1767 3064 1774 3099 ι

1964 3041 2165 3090 mortem
2197 3036 2420 3091 obiisse.
2454 3035 2535 3091 Ad
2567 3053 2629 3092 ea
2663 3047 2869 3104 autem,
2901 3057 3021 3110 quae
3051 3059 3215 3112 supra
3246 3043 3507 3110 diximus,

230 3135 618 3203 conjicerent,
670 3134 864 3192 Linum
919 3141 973 3188 et
1023 3137 1231 3193 clatum
1287 3136 1599 3192 viventibus
1649 3139 1832 3193 adhuc
1866 3127 1898 3132 ⁷
1936 3135 1991 3182 et
2021 3127 2161 3182 infra
2190 3129 2454 3196 dicemus,
2494 3131 2860 3196 attendentes,
2891 3149 3070 3188 novem
3100 3137 3318 3205 quidem
3367 3137 3511 3207 regi-

230 3227 509 3296 apostolis
535 3224 707 3279 Paulo
727 3234 782 3282 et
805 3225 964 3281 Petro
987 3226 1360 3280 Romanorum
1393 3227 1634 3282 ﬁdelium
1662 3229 1834 3286 fuisse
1936 3223 2099 3276 minis
2139 3238 2315 3279 annos
2359 3225 2627 3279 Clementi
2675 3225 2967 3281 tribuimus
3018 3228 3105 3296 (a.
3148 3228 3338 3301 68-77)
3383 3245 3511 3284 cum

232 3312 1122 3381 antistites;Clementemautem,
1144 3315 1255 3371 illis
1281 3314 1514 3373 lortasse
1536 3319 1832 3389 defunctis,
1933 3315 2132 3382 Caveo,
2171 3315 2467 3380 Dodwello,
2497 3316 2715 3372 Fleurio
2747 3326 2801 3373 et
2843 3318 2994 3385 aliis;
3025 3334 3148 3372 eum
3181 3327 3361 3374 autem
3394 3320 3511 3390 jam

229 3423 329 3462 seu
369 3405 478 3460 sub
509 3403 726 3459 Nerone
757 3406 1020 3477 martyrio
1061 3408 1339 3462 coronatis
1393 3409 1532 3479 (15),
1585 3426 1615 3464 a
1642 3410 1830 3475 Petro,
1934 3408 2038 3462 sub
2070 3405 2410 3477 Vespasiano
2437 3408 2756 3464 defunctum
2788 3424 2911 3465 esse
2943 3418 3215 3480 putamus.
3244 3409 3348 3476 Qui
3377 3425 3511 3466 vero

230 3499 299 3552 ad
333 3505 572 3552 mortem
619 3505 966 3567 properante,
1007 3497 1270 3556 Romana:
1303 3499 1562 3559 Ecclesia:
1616 3501 1834 3573 episco-
1933 3496 2167 3553 Eusebio
2204 3498 2361 3553 ﬁdem
2395 3500 2598 3555 habere
2637 3502 2788 3564 velit,
2823 3517 2948 3555 cum
2987 3502 3107 3572 ipso
3135 3503 3323 3556 credat
3351 3517 3514 3573 opor-

233 3605 367 3659 pum
397 3606 526 3646 esse
556 3590 894 3646 ordinatum.
1932 3595 2031 3653 tet,
2081 3589 2229 3643 brevi
2263 3597 2529 3660 tempore,
2577 3609 2627 3646 a.
2664 3592 2922 3656 101-155,
2955 3607 3071 3646 non
3119 3593 3300 3648 minus
3343 3607 3510 3663 quam

306 3682 465 3736 Hanc
497 3683 826 3737 sententiam
864 3684 988 3736 tuiti
1022 3693 1154 3740 sunt
1932 3687 2139 3750 septem
2170 3696 2266 3734 seu
2293 3689 2419 3735 octo
2451 3683 2732 3751 pontiﬁces
2761 3683 2946 3738 sedem
2982 3681 3283 3738 Romanam
3315 3697 3512 3739 ascen-

301 3778 363 3843 α)
409 3773 643 3828 Ruﬁnus
694 3773 884 3844 (Prel.
935 3776 990 3829 in
1043 3773 1099 3829 S.
1136 3775 1436 3833 Clementis
1477 3775 1778 3850 Recognit.)
1813 3798 1829 3837 ;
1931 3771 2099 3840 disse,
2122 3772 2372 3844 quamvis
2397 3790 2504 3828 una
2531 3781 2742 3829 tantum
2779 3775 3088 3846 persecutio
3112 3775 3216 3830 hoc
3246 3773 3514 3846 temporis

419 3865 589 3934 Cujus
621 3867 696 3918 rei
735 3865 870 3919 hanc
902 3867 1197 3936 accepimus
1227 3885 1340 3923 esse
1373 3870 1656 3935 rationem,
1689 3873 1830 3942 quod
1931 3867 2167 3936 spatium
2199 3867 2596 3935 perturbasset.
2969 3860 2976 3874 ’

415 3957 584 4011 Linus
622 3966 672 4011 et
705 3957 885 4011 Clelus
921 3958 1135 4025 fuerunt
1178 3958 1388 4029 quidem
1433 3971 1555 4015 ante
1585 3961 1830 4016 Clemen-
2005 3957 2272 4012 Eusebius
2295 3969 2348 4013 et
2387 3958 2752 4030 Hieronymus
2785 3960 2846 4028 (1.
2872 3959 2909 4013 1.
2935 3974 2986 4014 c.
3013 3959 3090 4028 c.)
3123 3965 3353 4014 mortem
3383 3957 3518 4013 Cle-

418 4061 522 4102 tem
545 4051 770 4118 episcopi
797 4051 852 4103 in
876 4050 1000 4104 urbe
1017 4050 1206 4117 Roma,
1231 4053 1321 4106 sed
1344 4055 1621 4122 superstite
1645 4054 1828 4119 Petro,
1930 4050 2128 4106 mentis
2158 4052 2307 4105 nulla
2349 4051 2416 4106 de
2449 4051 2714 4123 martyrio
2758 4054 3033 4108 mentione
3072 4053 3318 4106 instituta
3357 4066 3516 4106 com-

414 4141 672 4207 ridelicet,
705 4151 763 4194 ut
802 4142 884 4196 illi
929 4145 1265 4213 episcopatus
1322 4162 1507 4199 curam
1554 4157 1828 4217 gererent,
1928 4157 1957 4195 ῐι

1971 4149 2257 4196 remorant.
2289 4141 2527 4198 lrenams
2572 4158 2790 4212 quoque
2822 4142 2934 4213 (Ill,
2967 4145 3044 4212 3),
3094 4143 3380 4214 pontiﬁces
3413 4156 3514 4196 uso

417 4235 527 4300 ipse
569 4251 687 4288 vero
736 4235 1065 4302 apostolatus
1111 4237 1348 4305 impleret
1395 4239 1638 4308 οθῑεεαηι,
1677 4239 1830 4295 δίεπε
1928 4246 2035 4300 que
2065 4231 2133 4286 ad
2169 4230 2541 4286 Eleutherium
2577 4248 2893 4296 recensens,
2937 4247 3126 4287 eorum
3174 4245 3516 4300 quemquam.

421 4326 686 4377 invenitur
735 4328 899 4379 etiam
937 4326 1078 4396 apud
1121 4325 1421 4383 Cwsaream
1472 4331 1687 4399 fecisse;
1736 4331 1828 4387 ubi
1927 4325 2252 4394 martyrium
2276 4339 2499 4393 passum
2529 4333 2723 4394 prmter
2746 4323 3139 4394 Telesphorum
3173 4321 3315 4375 haud
3343 4322 3516 4392 signi--

418 4434 537 4469 cum
567 4419 674 4486 ipse
730 4429 862 4474 esset
897 4436 1150 4488 praesens,
1183 4420 1468 4476 Zachazum
1500 4434 1675 4479 tamen
1703 4443 1736 4478 α
1773 4443 1828 4480 δε
1859 4430 1904 4486 ι)
1935 4416 2079 4472 ﬁcat.
2125 4417 2169 4469 A
2219 4416 2419 4470 Ruﬁno
2461 4432 2592 4471 vero
2636 4428 2690 4471 et
2744 4416 2965 4473 Zosimo
3013 4415 3269 4471 Clemens
3318 4421 3520 4468 noster

420 4509 730 4563 ordinatum
781 4511 1004 4565 habebat
1051 4515 1374 4582 episcopum.
1424 4514 1492 4567 Et
1523 4515 1618 4569 hoc
1667 4516 1822 4571 modo
1927 4519 2132 4579 martyr
2160 4510 2464 4579 εψροιιίιιυτ
2497 4509 2631 4577 (Π)-

421 4614 701 4673 utrumque
733 4620 908 4658 verum
938 4603 1200 4658 videbitur
1222 4619 1240 4653 .·
1275 4615 1332 4658 ut
1361 4617 1410 4660 et
1441 4607 1524 4660 illi
1552 4617 1673 4662 ante
1710 4607 1826 4664 ςιε-
1998 4599 2074 4653 Ex
2107 4600 2259 4654 Actis
2289 4600 2557 4670 martyrii,
2587 4599 2706 4654 sine
2729 4599 2897 4653 dubio
2930 4596 3319 4667 supposititiis,
3345 4595 3521 4650 Lum—

417 4706 639 4748 mentem
669 4707 1010 4750 numerentur
1055 4699 1315 4766 episcopi,
1361 4708 1412 4752 et
1442 4699 1682 4754 Clemens
1735 4711 1823 4755 ta-
1925 4708 2090 4762 perus
2143 4692 2426 4746 historiam
2472 4691 2718 4761 martyrii
2753 4689 2810 4745 S.
2855 4690 3153 4746 Clementis
3201 4689 3288 4744 his
3319 4688 3519 4744 verbis-

417 4805 533 4841 men
553 4788 887 4855 postobitum
905 4789 1050 4843 Petri
1072 4789 1291 4844 docendi
1309 4793 1595 4859 susceperit
1624 4791 1818 4847 sedem.
1924 4783 2127 4840 refe”:
2160 4803 2177 4834 ι
2208 4784 2564 4846 Clementem.
2595 4800 2624 4836 ει
2658 4782 3002 4844 Mamertino.
3037 4781 3191 4836 urbis
3217 4780 3511 4851 Ρηῖθοῐον-

307 4881 363 4951 β)
405 4879 718 4934 Chronicon
747 4878 964 4934 Damasi
994 4899 1008 4934 :
1043 4879 1167 4934 Nisi
1201 4891 1435 4949 tempora
1479 4883 1821 4952 pontiﬁcatus
1925 4876 2048 4930 ﬁdei
2081 4890 2246 4930 causa
2279 4883 2629 4937 accusatum,
2683 4874 2956 4944 Traianus
2988 4875 3040 4928 in
3092 4872 3514 4930 Chersonesum-

422 4968 544 5022 Lini
572 4979 725 5040 atque
748 4969 884 5025 Cleti
915 4970 1011 5024 sub
1033 4972 1206 5040 spatio
1229 4973 1549 5041 praesulatus
1584 4972 1644 5027 Β.
1673 4972 1822 5028 Petri
1925 4967 2066 5020 ultra
2113 4965 2346 5020 Pontum
2393 4965 2665 5020 Euxinum
2709 4966 2991 5036 relegavit.
3027 4964 3239 5020 Invenit
3266 4979 3398 5019 vero
3425 4963 3511 5024 ibi

305 5127 391 5192 (9)
433 5123 659 5198 In‘lsai.
700 5142 749 5180 c.
776 5143 870 5198 LI}.

1995 5125 2110 5198 (is)
2163 5124 2294 5180 Adv.
2318 5127 2480 5189 luem,
2513 5125 2548 5179 I.
2578 5090 2662 5192 ui,
2694 5126 2842 5194 αὖ,
2893 5126 3039 5198 apud
3102 5122 3301 5180 Euseb.
3329 5121 3401 5178 ιι.
3421 5120 3495 5176 E.

310 5199 427 5258 (I0)
474 5195 571 5264 Ep.
599 5197 668 5250 55
695 5198 760 5250 ad
808 5197 1072 5254 Generos.
1104 5217 1115 5252 :
1155 5198 1311 5254 Petro
1341 5203 1593 5255 successit
1623 5199 1816 5263 Linus,
1937 5223 1992 5263 ν,
2022 5196 2076 5249 6.

237 5271 375 5326 Li'm
399 5263 661 5329 Clemens,
694 5269 949 5321 Clementi
978 5269 1281 5323 Anacletus.
1995 5265 2107 5332 (14)
2148 5263 2265 5335 Cfr.
2300 5279 2465 5334 supra
2487 5276 2601 5335 not.
2646 5264 2746 5335 (7).

302 5339 420 5404 (11)
459 5337 578 5390 Lib.
613 5351 690 5410 It:
724 5338 991 5410 Catltedra
1019 5357 1127 5392 una
1153 5351 1261 5402 est;
1294 5342 1587 5410 seditprior
1602 5340 1818 5403 Petrus,
1935 5336 2108 5410 “(15)
2150 5334 2428 5410 l_ndi_culus
2486 5334 2666 5410 Rom.
2694 5334 3104 5410 Pontilasupra
3139 5342 3502 5410 memoratus,

233 5410 320 5458 cui
342 5405 1487 5478 successitLinus,LinoClemens.Clementi
1512 5411 1818 5467 Anacletus.
1924 5406 2116 5478 Linum
2144 5405 2412 5478 Capitone
2451 5413 2506 5460 et
2535 5405 2680 5459 Rufo
2721 5422 2866 5463 coss.
2899 5408 2959 5477 (i.
2985 5405 3033 5462 ei.
3086 5424 3135 5461 a.
3159 5407 3251 5473 67,
3284 5422 3338 5476 p.
3361 5405 3492 5478 Ch.)

313 5479 427 5543 (12)
463 5477 581 5551 Lib.
609 5494 707 5551 vrt,
741 5496 791 5551 c.
817 5480 891 5551 46
926 5497 937 5530 :
981 5481 1092 5551 Τῆς
1123 5480 1178 5532 δὲ
1203 5477 1485 5548 Ῥωμαίων
1501 5481 1822 5550 Ἑκκλησίας

1206 5477 1485 5548 Ῥωμαίων
1501 5481 1822 5550 Ἑκκλησίας
1923 5494 1955 5532 c
1987 5477 2128 5551 vivis
2151 5477 2472 5551 decessisse
2504 5485 2749 5551 annotat.

239 5548 396 5623 (tivo;
429 5549 528 5623 μὲν
561 5548 893 5623 ὁ-Ιςλαῆίας
914 5545 1126 5623 πρῶξος
1163 5545 1543 5623 ὑπὸιΠαυλου,
1581 5545 1782 5623 -Κλῆμη

1176 5545 1543 5623 ζιπὸῴΠαυλου,
1581 5545 1822 5623 -Κλῆμης
2151 5545 2355 5623 μίξεως.
2381 5563 2553 5623 xxvii,
2590 5549 2719 5623 n._6.

236 5614 291 5667 δὲ
315 5612 454 5685 μετὰ
472 5618 564 5693 τρν
594 5619 754 5672 Λίνου
791 5612 1017 5675 θάνατον
1048 5622 1138 5673 ὑπ’
1173 5619 1307 5690 ἐμοῦ
1342 5622 1545 5693 Πέτρου
1574 5612 1779 5692 δεύτξρέ

1995 5612 2111 5693 (ῃ)
2150 5615 2405 5691 Lumper,
2458 5617 2701 5674 Historia
2732 5615 3251 5686 theologica-critica,
3337 5624 3378 5671 t.
3429 5612 3495 5682 ι,

239 5689 697 5762 κεχειροτόνηται.
1209 5688 1218 5690 “
1454 5688 1463 5693 ’
1732 5688 1740 5692 ’
1929 5705 1983 5759 p.
2023 5688 2111 5744 16.
