3908 6172
432 282 534 340 H7

1530 272 1623 328 AD
1664 269 1722 328 S.
1759 261 2184 327 CLEMENTEM
2222 262 2244 317 Ι
2282 261 2514 317 PAPAM

3579 258 3679 315 188

429 400 572 453 ultra
592 396 704 451 duo
726 393 897 449 millia
922 388 1389 455 Christianorum,
1414 388 1525 457 jain
1544 386 1639 441 diu
1666 387 1733 441 ad
1762 382 2002 439 caedendi
2033 386 2081 441 Α
2109 399 2276 470 pm“
2296 405 2352 454 ει
2379 397 2551 453 minio
2575 394 2805 449 ιιοιεινίι,
2832 392 2937 447 δυσ
2973 392 3149 465 ipsius
3173 392 3361 455 ωίιίο,
3386 400 3442 447 ει
3466 407 3682 461 omnes,

427 488 719 545 marmoris
746 504 885 557 opus
924 484 1331 540 damnatorum.
1366 480 1513 536 Inter
1536 481 1773 535 maxima
1822 484 2003 532 autem

428 581 625 636 horum
668 578 907 633 fidelium
948 574 1294 630 incommoda
1327 572 1461 628 illud
1493 580 1633 636 erat,
1659 570 1806 642 quod
1847 576 2004 625 sexto

426 670 685 726 milliario
712 682 908 738 aquam
942 666 1189 722 humeris
1220 666 1340 719 suis
1381 664 1674 735 deportare
1718 661 2001 716 deberent.

424 760 676 818 Pontifex
722 767 902 815 autem
961 773 1156 814 eorum
1210 758 1567 812 miseratione
1618 762 1837 821 tactus,
1874 768 2002 809 cum

424 856 549 926 agni
587 853 877 924 cujusdam
911 852 1102 917 ductu,
1136 851 1227 907 ubi
1262 849 1386 906 fons
1428 855 1599 915 esset,
1626 847 1999 918 cognovisset,

421 963 567 1011 eam,
602 955 660 1000 ut
683 945 1000 1023 ell‘oderent,
1026 944 1360 1000 Christianis
1386 942 1646 998 ostendit.
1678 940 1889 1008 Quibus
1913 956 2005 995 ne-

421 1038 720 1110 quidquam
748 1038 1126 1093 laborantibus
1158 1035 1218 1092 S.
1242 1035 1496 1092 Clemens
1527 1037 1644 1107 ipse
1668 1051 1793 1091 eum
1819 1034 2001 1089 locum

422 1131 527 1185 levi
560 1132 668 1185 ictu
707 1130 1003 1199 percussit,
1033 1136 1090 1184 et
1135 1129 1260 1186 fons
1290 1128 1439 1183 illico
1466 1128 1690 1184 exsiliit.
1722 1127 1803 1183 Ad
1834 1127 2003 1182 mira-

419 1226 531 1281 culi
569 1225 735 1295 hujus
781 1225 979 1280 famam
1014 1233 1129 1281 tota
1178 1226 1460 1296 provincia
1495 1234 1836 1292 accurrente,
1864 1242 2003 1282 cuii-

420 1315 635 1384 ctisque
674 1317 740 1372 ad
776 1315 935 1371 ﬁdem
975 1316 1245 1371 traductis
1273 1324 1328 1371 et
1357 1316 1669 1388 baptizatis,
1698 1317 1841 1372 intra
1870 1318 2000 1373 anni

420 1407 661 1477 spatium
720 1406 1066 1477 septuaginta
1128 1406 1377 1463 ecclesiae
1440 1416 1802 1473 constructae,
1854 1407 1999 1463 idola

416 1508 601 1561 omnia
653 1507 968 1573 confracta,
1021 1508 1225 1578 templa
1278 1504 1723 1575 circumjecentis
1761 1501 2000 1572 regionis

416 1599 623 1666 diruta,
653 1615 957 1673 omnesque
1004 1601 1110 1655 luci
1141 1616 1316 1671 usque
1347 1599 1413 1654 ad
1456 1605 1701 1677 trecenta
1740 1594 1999 1651 milliaria

417 1693 475 1746 in
503 1692 735 1748 circuitu
764 1694 972 1749 concisi
999 1694 1172 1749 fuere.
1206 1692 1480 1762 Trajanus
1511 1706 1663 1755 vero,
1694 1699 1753 1744 ut
1780 1695 1995 1743 tantum
2031 1732 2074 1788 Β

417 1785 497 1839 rei
526 1784 854 1842 Christianae
876 1801 1231 1858 progressum
1262 1787 1502 1849 sisteret,
1532 1782 1870 1839 Clementem
1901 1795 2000 1833 an-

414 1877 582 1933 chora
612 1879 678 1933 ad
711 1878 913 1934 collum
948 1879 1111 1948 ligata
1141 1879 1199 1933 in
1231 1892 1383 1933 mare
1426 1875 1667 1946 demergi
1697 1872 1995 1931 mandavit.

415 1968 485 2023 At
514 1971 651 2025 mari
682 1986 857 2041 usque
884 1970 953 2025 ad
992 1970 1195 2035 locum,
1234 1984 1345 2037 quo
1371 1966 1655 2022 Pontiﬁcis
1690 1981 1892 2035 corpus
1912 1965 1999 2035 ja-

414 2061 611 2125 cebat,
662 2060 981 2127 recedente,
1033 2061 1169 2115 illud
1206 2058 1419 2113 tuinqu
1474 2072 1641 2113 saxeo
1682 2056 1739 2110 in
1796 2057 1999 2127 templo

412 2152 650 2225 quodam
699 2167 1011 2208 marmoreo
1064 2151 1353 2209 conditum
1412 2147 1715 2208 Christiani
1770 2149 1996 2206 invene-

413 2254 543 2303 runt
573 2244 710 2319 (is).
734 2265 754 2299 ι

484 2338 548 2394 ll.
589 2338 885 2395 Clementis
931 2334 1271 2409 temporibus
1323 2351 1451 2395 cum
1496 2334 1827 2406 gravissima
1875 2333 1994 2391 dis-

412 2432 601 2489 sensio
632 2431 882 2489 Corinthi
907 2439 1099 2486 exorta
1143 2437 1292 2486 esset
1320 2430 1463 2485 inter
1496 2428 1693 2483 Iratres
1718 2426 1856 2499 (19),
1889 2425 1995 2481 Ee-

411 2525 579 2580 clesia
620 2522 869 2579 Romana
920 2522 1413 2579 luculentissimam
1459 2522 1748 2593 epistolam
1797 2519 1994 2577 Corin»

413 2615 544 2669 thiis
585 2615 839 2685 scripsit,
880 2629 989 2684 qua
1036 2628 1132 2669 eos
1170 2613 1240 2667 ad
1284 2627 1475 2685 pacein
1529 2610 1995 2682 concordiamque

412 2714 728 2772 revocaret,
770 2716 825 2764 et
875 2707 1033 2763 ﬁdem
1080 2708 1332 2772 illorum,
1364 2714 1419 2762 et
1467 2722 1633 2778 quam
1679 2720 1875 2761 recens
1923 2705 1993 2761 ab

423 2800 692 2871 apostolis
721 2808 1084 2869 susceperant
1128 2798 1480 2855 traditionem
1532 2806 1884 2855 renovarent.
1912 2796 1991 2853 Ita

410 2890 648 2947 li'eiiaius
683 2892 818 2963 (20).
844 2891 997 2947 Hanc
1024 2892 1314 2964 epistolam
1345 2891 1567 2947 nomine
1593 2889 1854 2947 Ecclesia:
1882 2889 1993 2945 Ro-

411 2999 587 3038 manae
614 2982 950 3040 Clementem
994 2991 1246 3039 nostrum
1284 2983 1577 3054 scripsisse
1615 2981 1785 3037 refert
1819 2982 1991 3038 Euse-

2107 492 2173 545 ad
2206 488 2497 545 Junianam
2546 496 2774 551 exactae,
2818 486 2966 541 vitiis
3013 486 3265 541 laborant
3308 501 3417 540 non
3467 487 3681 556 paucis.

2105 583 2226 650 Quo
2277 582 2482 637 factum
2533 588 2651 644 est,
2696 588 2757 635 ut
2810 578 3082 635 Henricus
3134 578 3680 647 Wottonus,eColl.

2106 675 2165 732 S.
2198 674 2357 730 Joan.
2401 673 2607 744 Evang.
2647 672 2713 728 A.
2757 671 2826 727 Μ.
2874 672 3122 727 codicem
3173 682 3377 726 mstum
3420 672 3490 727 de
3536 686 3685 727 novo

2104 776 2360 822 accurate
2390 766 2710 838 inspiceret,
2753 772 2807 820 et
2837 772 3046 819 textum
3088 763 3387 818 Junianum
3432 765 3683 835 octogies

2103 858 2419 914 emendaret
2433 868 2489 913 et
2514 858 2813 930 suppleret.
2836 855 2927 911 Sic
2947 855 3149 927 prodiit
3166 856 3301 912 1718
3312 855 3683 926 Cantabrigia:

2102 951 2269 1007 editio
2285 950 2659 1016 Wottoniana,
2684 950 2740 1004 in
2764 965 2894 1020 qua,
2911 964 3032 1019 quae
3047 949 3274 1004 aberant
3286 966 3318 1002 a
3333 957 3479 1003 insto
3502 964 3687 1003 exem-

2103 1043 2264 1113 plari,
2302 1042 2689 1097 minutioribus
2731 1041 2874 1112 typis
2928 1041 3199 1110 impressa
3244 1039 3477 1095 invenis.
3529 1037 3686 1092 Hanc

2101 1134 2397 1189 editionem
2439 1133 2760 1189 Gallandius
2792 1133 2898 1190 sibi
2929 1132 3266 1203 sequendam
3318 1146 3533 1187 summo
3556 1131 3687 1200 jure

2101 1228 2349 1295 censuit,
2390 1227 2485 1299 qui
2534 1227 2759 1296 insuper
2800 1227 2949 1281 notis
2977 1234 3033 1281 et
3066 1225 3402 1295 conjecturis
3444 1224 3682 1279 aliorum

2102 1320 2348 1376 virorum
2397 1319 2761 1385 eruditorum,
2797 1319 2975 1384 Millii,
3011 1317 3165 1384 Birii,
3196 1315 3398 1388 Freyii,
3444 1324 3579 1379 etc...
3623 1317 3683 1372 in

2101 1413 2561 1469 elaboranda'sua
2602 1412 2841 1467 editione
2871 1419 2956 1467 est
2988 1426 3144 1466 usus.
3175 1409 3421 1478 Denique
3459 1423 3515 1462 a.
3540 1409 3681 1463 1839

2100 1505 2299 1562 Oxonii
2327 1522 2359 1562 e
2388 1505 2759 1577 typographeo
2804 1503 3117 1559 academico
3148 1501 3351 1572 prodiit
3380 1500 3549 1555 editio
3577 1501 3687 1555 ele-

2102 1597 2425 1669 gantissima
2462 1596 2739 1651 Guilielmi
2784 1594 3101 1660 Jacobsoni,
3146 1593 3243 1664 qui
3276 1591 3521 1647 codicem
3553 1591 3685 1645 Ale-

2101 1689 2431 1744 xandrinum
2468 1689 2665 1743 iterum
2706 1687 2937 1751 evolvit,
2984 1694 3195 1740 textum
3243 1683 3449 1755 passim
3494 1697 3686 1736 emen-

2100 1782 2270 1847 davit,
2300 1781 2648 1851 conjecturas
2692 1780 2885 1835 doctas
2916 1776 3229 1849 pr0posuit,
3276 1784 3331 1830 et
3372 1774 3685 1827 annotatio-

2100 1875 2265 1931 nibus
2295 1874 2529 1929 aliorum
2558 1888 2691 1929 suas
2730 1872 2931 1940 adjecit
2970 1869 3107 1943 (24).

2168 1965 2280 2023 Nos
2308 1982 2432 2022 cum
2461 1965 2748 2021 Callandio
2784 1973 2840 2020 et
2881 1962 3212 2025 Jacobsono,
3244 1976 3330 2028 ea,
3375 1974 3496 2030 que
3537 1958 3685 2029 apud

2100 2057 2447 2123 Wottoniim,
2480 2067 2626 2113 insto
2655 2057 2835 2115 codici
2866 2057 3025 2127 plane
3054 2054 3443 2116 adhaerentem,
3480 2050 3686 2106 vitioso

2096 2153 2184 2209 vel
2229 2153 2481 2209 obsoleto
2521 2167 2677 2207 more
2708 2150 2914 2221 scripta
2956 2148 3398 2210 inveniebantur,
3443 2144 3684 2198 mutavi-

2095 2260 2254 2317 mus;
2276 2260 2439 2302 voces
2463 2252 2520 2300 et
2548 2245 2785 2309 litteras,
2818 2258 2938 2313 quas
2973 2241 3029 2296 in
3059 2239 3247 2295 codice
3274 2238 3495 2301 desunt,
3520 2238 3686 2292 uncis

2094 2336 2459 2407 lnclusimus,
2502 2348 2556 2394 et
2592 2336 2961 2392 Jacobsonum
3005 2333 3253 2403 aliosque
3296 2329 3444 2385 viros
3487 2328 3686 2385 doctos

2094 2426 2265 2485 duces
2302 2429 2618 2485 habuimus.

2167 2521 2251 2577 ΙΙΙ.
2295 2519 2631 2577 Clementem
2677 2518 2985 2575 Romanum
3024 2517 3093 2573 ad
3135 2515 3457 2571 Corinthios
3503 2516 3685 2585 scrip-

2094 2616 2269 2683 sisse,
2308 2628 2469 2671 nemo
2504 2612 2744 2684 negabit.
2786 2610 2962 2666 Fuere
3009 2617 3216 2674 tamen,
3254 2608 3346 2678 qui
3389 2607 3682 2677 epistolam

2092 2718 2339 2765 nostram
2384 2721 2496 2761 non
2538 2705 2823 2776 genuinam
2856 2711 3117 2775 putarent
3162 2717 3266 2757 nec
3296 2702 3442 2755 illam
3484 2716 3686 2757 cense-

2092 2810 2236 2867 rent,
2268 2816 2435 2873 quam
2468 2801 2681 2871 antiqui
2712 2798 2906 2854 Patres
2942 2797 3238 2853 laudarunt
3266 2805 3322 2853 et
3350 2796 3679 2866 allegarunt.

2090 2895 2401 2953 Praesertim
2422 2892 2507 2951 Jo.
2533 2892 2813 2949 Tolandus
2836 2893 2973 2965 (25),
2996 2892 3203 2947 Christ.
3234 2889 3373 2962 Aug.
3391 2888 3539 2961 Salig
3566 2889 3684 2961 (26)

2091 2998 2147 3046 et
2179 2989 2467 3046 Gisbertus
2502 2986 2755 3051 Voctius,
2832 2985 2998 3042 theol.
3039 2983 3322 3056 professor
3367 2983 3422 3038 in
3467 2983 3684 3039 Acade-

411 3075 693 3145 liiust2l);
727 3077 993 3148 multique
1022 3077 1114 3132 alii
1139 3084 1385 3132 veterum
1418 3077 1582 3146 hujus
1609 3075 1854 3145 epistolae
1883 3092 1991 3132 me-
2016 3100 2058 3159 C
2091 3083 2200 3137 mia
2246 3080 2607 3151 Ultrajectina
2640 3080 2754 3151 (2'7)
2792 3078 3133 3135 authentiain
3184 3079 3435 3149 epistolae
3470 3083 3684 3133 nostra

408 3167 709 3224 niinerunt.
744 3166 852 3225 Sed
883 3178 1008 3224 ante
1035 3183 1162 3225 saec.
1191 3185 1304 3224 mi
1329 3184 1524 3225 omnes
1558 3170 1721 3225 medii
1762 3179 1817 3226 et
1854 3170 1987 3227 infe.

409 3260 573 3317 rioris
600 3262 699 3318 aevi
735 3262 973 3334 theologi
1005 3262 1149 3318 hanc
1174 3261 1357 3318 Patris
1381 3262 1668 3334 apostolici
1696 3263 1987 3335 epistolam

406 3351 741 3424 deperditam
772 3355 1049 3427 lugebant.

481 3445 638 3503 Anno
678 3453 860 3503 autem
904 3446 1045 3502 1632
1087 3446 1329 3519 Cyrillus
1376 3445 1629 3513 Lucaris,
1671 3446 1985 3518 patriarcha

405 3536 1071 3609 Constantinopolitanus,
1102 3538 1401 3611 Anglorum
1452 3539 1571 3611 regi
1603 3540 1803 3596 Carolo
1833 3539 1855 3594 l
1886 3556 1986 3596 an-

406 3627 778 3698 tiquissimum
810 3627 878 3686 ν.
916 3638 974 3684 et
1006 3627 1074 3684 N.
1111 3627 1176 3685 Τ.
1223 3630 1469 3687 codicem
1511 3631 1659 3686 dono
1699 3633 1886 3702 misit;
1931 3642 1987 3689 et

406 3733 556 3784 ecce,
589 3719 655 3774 ad
687 3719 893 3776 calcem
930 3722 1373 3791 praestantissimi
1418 3722 1583 3793 hujus
1631 3724 1839 3780 codicis
1859 3726 1982 3785 Ale-

408 3806 661 3863 xandrini
686 3808 920 3879 epistola
948 3811 1039 3865 illa
1068 3810 1386 3879 Clementis,
1412 3813 1620 3868 dudum
1647 3813 1981 3883 desiderata,

406 3896 791 3954 inveniebatur
804 3900 918 3971 (22)
939 3917 1065 3957 cum
1094 3902 1399 3975 fragmento
1421 3906 1647 3961 alterius
1670 3906 1982 3979 libri,quem

405 3991 691 4062 catalogus
719 3992 893 4047 codici
921 3991 1173 4065 prailixu's
1209 3997 1292 4052 his
1322 3999 1519 4053 litteris
1550 3998 1730 4070 signat
1755 4018 1768 4054 :

408 4100 654 4147 ....εντος
674 4084 861 4155 ὲ....λη
885 4086 945 4139 Β.
977 4086 1088 4157 (25)
1113 4088 1163 4143 id
1192 4097 1277 4143 est
1298 4089 1610 4162 Κλήμεντος
1637 4092 1891 4164 ἐπιστολὴ
1913 4092 1977 4163 β’.

482 4173 775 4246 Utramque
816 4176 956 4232 hanc
979 4177 1276 4237 Clementis
1306 4181 1593 4251 epistolam
1623 4198 1688 4240 ex
1725 4186 1982 4240 vetustis-

402 4266 544 4320 simo
573 4266 667 4320 illo
696 4267 888 4323 codice
921 4270 1133 4338 primus
1154 4271 1399 4325 omnium
1425 4271 1622 4329 Oxonii
1647 4276 1787 4330 1653
1809 4276 1982 4332 edidit

403 4351 674 4411 Patricius
713 4355 932 4423 Junius,
963 4359 1106 4429 regis
1144 4359 1444 4430 Anglorum
1492 4363 1975 4433 bibliothecarius;

2089 3184 2379 3247 negarunt,
2413 3176 2493 3230 illi
2518 3174 2812 3245 imperiose
2842 3173 2991 3228 nulla
3013 3171 3306 3228 aﬂerentes
3331 3178 3680 3241 argumenta,

2087 3267 2178 3323 hic
2210 3268 2694 3323 hallucinationem
2722 3267 2924 3337 potius,
2952 3280 3116 3336 quam
3149 3264 3681 3321 demonstrationem

2088 3358 2393 3430 proferens.
2427 3359 2603 3426 Quam
2638 3359 2779 3413 male
2822 3365 3202 3428 przeconcepta
3238 3358 3499 3428 opinione
3533 3357 3679 3412 due-

2086 3457 2180 3506 tus
2211 3451 2267 3506 id
2301 3452 2493 3523 egerit,
2523 3451 2672 3506 audi.
2703 3449 3074 3515 Admiramur,
3110 3449 3308 3520 inquit,
3349 3450 3680 3520 singularem

2092 3542 2332 3598 divinam
2361 3545 2766 3614 providentiam,
2797 3561 2916 3616 qua:
2946 3545 3171 3608 curavit,
3205 3553 3264 3597 ut
3295 3544 3360 3597 ab
3401 3544 3679 3612 apostolo-

2088 3653 2206 3691 rum
2234 3637 2531 3706 discipulis,
2578 3638 2808 3707 virisque
2841 3636 3174 3706 apostolicis,
3216 3644 3263 3689 et
3304 3635 3678 3699 apostolorum

2085 3730 2281 3785 swculo
2309 3731 2590 3799 proximis,
2620 3739 2712 3783 aut
2747 3728 2878 3783 nihil
2910 3729 3248 3791 scriberetur,
3276 3735 3369 3780 aut
3394 3727 3531 3781 nihil
3553 3744 3679 3781 con-

2083 3834 2384 3877 servaretur
2408 3831 2457 3876 et
2489 3820 2558 3875 ad
2584 3830 2820 3890 posteros
2850 3829 3115 3882 manaret,
3149 3827 3245 3873 aut
3306 3820 3499 3873 saltem
3537 3804 3677 3873 nihil

2085 3914 2152 3966 ab
2179 3914 2334 3968 initio
2364 3912 2617 3968 Ecclesiw
2642 3929 2804 3984 usque
2845 3914 2900 3966 in
2930 3912 3068 3965 hunc
3098 3911 3240 3965 diem
3262 3922 3578 3980 superesset,
3606 3910 3677 3967 de

2082 4022 2184 4076 quo
2208 4022 2311 4060 non
2331 4003 2690 4069 dubitaretur,
2713 4014 2807 4057 aut
2832 4003 2972 4074 quod
3004 4020 3097 4073 per
3140 4004 3312 4056 tineas
3343 4002 3673 4075 blattasque,

2084 4106 2178 4151 aut
2203 4098 2372 4152 alium
2400 4098 2631 4169 quemvis
2663 4096 2763 4151 Dei
2788 4098 3077 4151 exercitum
3110 4096 3417 4149 mutilatum
3451 4113 3556 4151 non
3583 4115 3675 4152 es-

2081 4198 2160 4243 set
2182 4205 2201 4243 :
2234 4200 2291 4243 ut
2322 4190 2425 4244 soli
2451 4188 2743 4259 Scriptura:
2772 4198 2924 4242 tanto
2956 4188 3247 4242 evidentius
3272 4204 3372 4242 sua
3399 4198 3674 4244 constaret

2082 4285 2409 4347 auctoritas,
2443 4283 2625 4353 illique
2653 4282 2756 4337 soli
2784 4290 2919 4337 esset
2943 4282 3164 4352 propria
3182 4280 3672 4351 incorruptibilitas

2081 4384 2133 4430 et
2165 4376 2459 4431 aeternitas.

400 4460 565 4539 voces
593 4445 903 4517 deperditus
924 4456 980 4503 et
1007 4449 1216 4505 litteras
1244 4459 1516 4508 vetustate
1542 4468 1759 4519 exesas,
1786 4455 1978 4524 spatiis
2010 4474 2055 4532 ι)
2153 4466 2265 4522 Nos
2292 4468 2572 4531 eamdem,
2605 4483 2768 4539 quam
2801 4466 3056 4522 Clemens
3087 4466 3408 4537 scripserit,
3464 4467 3675 4525 habere

390 4543 459 4601 et
492 4537 805 4596 interstitiis
833 4548 1110 4608 accurate,
1148 4551 1207 4596 ut
1245 4543 1491 4613 putabat,
1523 4544 1810 4614 dimensis,
1842 4564 1976 4620 sup-

469 4673 591 4817 ἲιεζ
630 4674 871 4759 Historia
889 4678 1046 4734 theol.
1086 4680 1243 4745 erit.,
1276 4687 1316 4737 t.
1343 4681 1385 4746 l,
1412 4684 1559 4753 p.52
1587 4700 1671 4756 sq.

500 4747 568 4802 l9
632 4746 842 4802 Seditio
874 4756 1022 4802 mota
1063 4759 1243 4805 iuerat
1298 4761 1489 4808 contra
1523 4758 1671 4817 presl

500 4746 591 4817 l9)
632 4746 842 4829 S_edit_io
869 4756 1022 4829 mota
1063 4759 1243 4829 iuerat
1298 4746 1496 4829 contra
1522 4746 1872 4829 presbyteros
1899 4760 1972 4829 (c.

512 4856 526 4880 ,
550 4813 663 4895 “qui
715 4817 921 4895 injuste
962 4821 1291 4895 muneribus
1319 4824 1436 4895 suis
1465 4813 1867 4895 dejicieliantur
1898 4813 1972 4895 (é.

399 4884 513 4969 ἀι).
549 4884 910 4969 sene-ligus
955 4886 1034 4969 Qu
1069 4884 1751 4969 (lllmanniStudfetKrit.
1811 4884 1972 4964 isti,

390 4953 634 5038 East-.2],
669 4972 723 5026 p.
750 4957 820 5011 55
842 4953 995 5038 sqq.)
1022 4962 1615 5038 autumat,_factioneni
1644 4967 1820 5038 illam,
1854 4953 1976 5038 qua;

397 5024 605 5105 Christi
635 5024 760 5082 esse
803 5024 1165 5105 gloriabatur,
1198 5032 1488 5095 revixisse,
1527 5044 1581 5088 et
1611 5036 1753 5090 sicut
1782 5024 1976 5094 aucto;

400 5099 621 5151 ritatem
659 5099 1241 5180 apostolorumnitanet
1268 5105 1650 5180 aucturitatem
1684 5110 1972 5180 presbyte-

400 5169 732 5247 rorum,_qui
763 5168 833 5247 ab
864 5168 1129 5247 apostolis
1158 5168 1375 5247 fuerant
1407 5168 1975 5247 institutifsprev'isse

399 5250 464 5289 ac
478 5237 756 5306 rejecissc.
775 5238 881 5294 Sed
895 5238 1145 5295 Clemens
1159 5240 1272 5309 ipse
1287 5250 1642 5301 recentiorem
1654 5237 1974 5306 Co'i'intliin-

400 5320 528 5384 run:
544 5309 867 5384 seditionem
891 5309 960 5364 ab
990 5309 1286 5384 illagpriori
1312 5313 1446 5384 bene
1468 5316 1777 5384 distinguit,
1802 5336 1852 5375 c.
1878 5322 1967 5377 47.

475 5376 591 5462 βο)
626 5379 759 5434 Adv.
785 5383 913 5434 Ιιων.
952 5393 1053 5444 ιιι,
1086 5376 1138 5436 5.
1183 5383 1339 5453 Apud
1370 5383 1597 5453 Euseb.,
1631 5376 1778 5441 Hist.
1818 5376 1971 5459 eccl.,

400 5448 585 5657 "ﬁgi;
621 5517 690 5571 ιι.
721 5518 787 5572 E.
822 5534 903 5582 ιιι,
935 5519 999 5574 ιθ
1024 5529 1077 5574 et
1104 5520 1195 5575 58.

482 5585 563 5657 722
612 5588 792 5643 Codex
842 5606 942 5645 nis.
978 5590 1195 5657 epigrap

494 5585 811 5669 22)_Codex_
842 5606 942 5645 nis.
962 5590 1621 5669 pepigrapheilprzestat;
1655 5596 1971 5669 Κλήμεντος

400 5656 538 5726 πρὸς
567 5656 906 5728 Κορινθίους
958 5656 1235 5734 emeram.
1283 5656 1399 5719 Cfr.
1446 5656 1966 5736 JacobSOii,"l’atrcs

392 5734 595 5795 apost.,
631 5738 668 5782 t.
698 5727 737 5793 I,
768 5744 819 5800 p.
853 5728 977 5784 205.

2076 4560 2393 4631 epistolam,
2430 4559 2627 4615 exinde
2668 4560 2803 4615 satis
2829 4560 3112 4631 probatur,
3137 4560 3266 4630 quia
3291 4575 3379 4625 ea,
3419 4576 3543 4631 quae
3573 4577 3673 4617 ve-

2150 4694 2264 4766 (25)
2287 4694 2962 4765 Cfr..lacobsonl.c.,p.x1.
2984 4694 3369 4765 Inscriptionis
3395 4696 3451 4750 in
3484 4695 3672 4753 fronte

2076 4766 2322 4850 epistolae
2344 4766 2519 4834 ipsius
2546 4784 2611 4818 ne
2642 4769 2881 4821 litteram
2904 4767 3126 4837 quidem
3156 4768 3423 4838 integram
3456 4772 3671 4837 praebet

2076 4834 2215 4889 Cod.
2246 4845 2422 4889 mstus
2453 4831 2727 4888 lacobson
2749 4872 2763 4891 .
2794 4836 2831 4891 I.
2859 4852 2908 4891 c.
2948 4853 2999 4891 ι).
3022 4837 3150 4891 2M.

2204 4875 2215 4887 .
2246 4852 2422 4889 IIISlllS
2453 4852 2727 4888 JaCODSOH
2749 4872 2763 4895 ν
2794 4852 2831 4893 Ι.
2859 4852 2908 4891 C.
2948 4853 2999 4895 β.
3022 4852 3150 4892 214.

2150 4853 2215 4887 ια.
2246 4853 2422 4889 ιιιειιιε
2453 4853 2727 4888 δίιοουεοιι
2749 4872 2763 4895 ,
2794 4853 2831 4893 ι.
2859 4853 2908 4891 c.
2948 4853 3150 4906 p.214.

2150 4905 2295 4979 (2ιῇΔ
2311 4905 2369 4959 S.
2393 4904 2690 4959 Clementis
2715 4904 2978 4979 Bomani,
3013 4906 3070 4960 S.
3098 4907 3291 4976 lgiiatii
3320 4914 3375 4961 et
3415 4906 3476 4961 S.
3496 4905 3669 4979 Poly-

2076 4975 2231 5046 carpi
2244 4973 2963 5046 _Patrunigapn_stolicoruin,
2984 4994 3105 5046 qiize
3126 4973 3455 5045 supersunt.
3484 4973 3667 5033 Acce-

2076 5042 2213 5117 dunt
2233 5044 2289 5097 S.
2316 5042 2505 5113 lgiiatii
2531 5042 2584 5117 et
2603 5042 2953 5117 S._Polycarpi
2976 5042 3258 5117 iiiartyria.
3276 5050 3354 5100 Ad
3384 5048 3543 5102 lidciii
3563 5065 3667 5101 co-

2074 5114 2258 5168 dicum
2291 5116 2588 5174 recensuit,
2618 5114 3069 5171 adnotationibus
3111 5114 3388 5172 varioruin
3435 5127 3490 5173 et
3537 5122 3666 5177 suis

2090 5179 2399 5240 illustravit,
2455 5181 2725 5237 indicibus
2752 5183 3010 5236 instruxit
3031 5182 3355 5237 Guilieliiius
3385 5179 3668 5235 Jacobsmi

2084 5249 2150 5302 Λ.
2177 5249 2441 5321 _M.,aii|:e
2482 5250 2539 5303 B.
2576 5250 2758 5304 Mariae
2798 5250 3145 5321 Magdalenze
3174 5250 3669 5321 vice-principalis,

2083 5319 2294 5384 collegii
2327 5320 2647 5374 Exoniensis
2670 5337 2843 5389 nuper
2866 5325 3068 5375 socius.
3103 5320 3148 5373 il
3181 5319 3335 5375 tomil

2154 5389 2265 5458 (25)
2305 5389 2362 5443 In
2411 5389 2981 5461 Catalogoililirorum
3030 5391 3251 5447 Christo
3289 5400 3345 5447 et
3391 5392 3668 5461 apostolis

2080 5462 2441 5525 ascriptoruiii
2471 5482 2519 5513 c.
2549 5461 2633 5514 18.
2667 5460 2730 5514 T.
2767 5461 2781 5513 Ι
2810 5461 2971 5529 Opp.,
3003 5477 3055 5529 p.
3088 5461 3215 5515 392.

2153 5530 2285 5603 (26)-
2306 5529 2379 5583 De
2401 5532 2660 5603 (tiptyclais
2694 5548 2953 5603 veterum,
3004 5548 3053 5584 c.
3086 5532 3141 5598 5,
3175 5534 3202 5603 ᾗ
3229 5532 3296 5596 4,
3328 5549 3382 5602 p.
3418 5532 3512 5588 '59.
3538 5531 3663 5587 Cfr.

2082 5597 2366 5670 Mnslieiiii.
2404 5597 2580 5653 Imm.
2615 5602 2861 5668 majores,
2898 5618 2952 5670 p.
2980 5602 3105 5655 2l5.

2154 5669 2267 5743 (27)
2300 5668 2490 5743 Select.
2543 5673 2743 5743 (lispul.
2771 5712 2783 5733 ,
2842 5668 2909 5742 pf
2938 5687 2950 5724 i
2979 5714 2991 5737 ,
3026 5689 3075 5743 p.
3132 5672 3252 5726 105.
3301 5672 3416 5728 Cir.
3466 5669 3664 5729 Grabii

2082 5738 2354 5811 Spic'ilcg.,
2389 5750 2425 5795 l.
2453 5740 2488 5807 Ι,
2521 5758 2571 5811 p.
2596 5738 2721 5794 “2120.
