3908 6172
292 302 399 360 189

296 431 441 471 teres
462 407 721 470 Ecclesiae
739 414 930 473 Patres
943 433 1011 474 ex
1032 417 1427 490 dictafepistola
1456 418 1781 490 allegarunt,
1807 417 1863 472 in
1892 422 1941 479 Δ

293 520 478 563 nostra
507 511 876 580 reperiuntur.

292 620 371 691 (ιι)
405 617 524 674 Jam
555 620 612 675 S.
635 618 990 693 Polycarpus,
1019 630 1078 677 ut
1105 621 1426 679 Gallandius
1454 625 1687 688 monuit,
1712 639 1864 679 eam-

427 712 553 767 dem
590 712 988 768 Clementinam
1017 717 1302 787 epistolam
1333 733 1497 772 manu
1529 717 1791 781 versavit,
1813 724 1864 771 et

427 804 695 859 nonnulla
746 820 813 861 ex
850 817 916 860 ea
961 823 1100 878 pene
1135 810 1466 866 verbotenus
1515 809 1571 866 in
1605 824 1764 867 suam
1796 808 1867 865 ad

429 895 812 969 Philippenses
833 900 1122 972 epistolam
1142 902 1440 959 transtulit.

452 1078 627 1151 Epist.
654 1079 673 1134 l
700 1079 872 1137 Clem.

356 1260 417 1316 C.
443 1262 496 1315 1.
520 1262 773 1328 Γυναιξίν
790 1279 917 1316 τε...
936 1280 1045 1316 πα-

274 1356 614 1428 ’ρηγγέλλετε
637 1397 653 1421 ,
715 1358 941 1430 στεργού
949 1375 1048 1422 σας

282 1449 638 1520 καθηκόντως
680 1452 807 1512 τοὺς
850 1450 1049 1521 ἄνδρας

283 1546 585 1599 ἐαυτῶν....
632 1545 774 1599 πάνυ
832 1562 1047 1618 σωφρο-

280 1644 500 1706 νούσας.

348 1734 411 1789 C.
469 1733 522 1787 5.
572 1732 845 1803 Πέτρος...
902 1731 1047 1786 οὕτω

281 1825 643 1895 μαρτυρήσας
663 1823 932 1895 ἐπορεύθη
967 1826 1047 1885 είς

277 1919 367 1971 τὸν
395 1917 744 1989 ὀφειλόμενον
763 1919 927 1972 τόπον
949 1920 1047 1991 τῆς

275 2014 456 2084 δόξης-

344 2106 408 2161 C.
442 2107 500 2159 7.
531 2105 624 2159 Διὸ
641 2105 1026 2176 ἀπολείπωμεν

276 2200 375 2264 τὰς
436 2199 605 2264 κενὰς
661 2200 757 2253 καὶ
801 2198 1039 2270 ματαίας

277 2291 574 2362 φροντίδας
593 2331 608 2355 ,
656 2291 752 2344 καί
794 2290 1036 2359 ἔλθωμεν

276 2387 371 2440 ἐπὶ
399 2387 497 2441 τὸν
537 2387 733 2458 εὐκλεῆ
771 2388 867 2440 καὶ
910 2403 1042 2457 σεμ-

276 2484 365 2537 νὸν
424 2485 529 2556 τῆς
576 2485 740 2553 ἁγίας
797 2485 1042 2557 κλήσεως

278 2578 314 2646 ἡ
321 2578 438 2646 μῶν
471 2577 693 2630 κανόνα.

345 2669 410 2721 (3.
472 2668 527 2723 9.
586 2668 675 2721 Διὸ
713 2666 1038 2722 ὑπακούσω-

283 2783 381 2835 μεν
410 2767 485 2836 τῇ
510 2765 920 2837 μεγαλοπρεπεῖ
942 2765 1037 2818 καὶ

276 2858 480 2930 ἐνδόξῳ
557 2857 807 2930 βουλήσει
868 2855 1036 2911 αὐτοῦ

277 2949 532 3021 (Θεοῦ)...
556 2949 910 3013 ἀπολιπόντες
940 2949 1039 3021 τὴν

280 3045 700 3116 ματαιοπονίαν,
722 3045 822 3116 τήν
841 3061 902 3097 τε
923 3042 1059 3117 έριν,

280 3160 334 3195 κ.
366 3160 419 3195 τ.
444 3141 503 3193 λ.

348 3237 415 3293 C.
444 3238 537 3291 15.
566 3238 762 3308 Μεμνη
771 3235 920 3308 μένοι
934 3234 1041 3288 τῶν

279 3328 455 3397 λόγων
482 3326 576 3382 τοῦ
597 3329 804 3400 Κυρίου
839 3326 1034 3399 Ἰησοῦ,

279 3421 373 3485 οὓς
389 3421 657 3493 ἐλάλησεν
676 3420 985 3474 διδάσκων·.
1018 3459 1032 3472 .

281 3505 326 3579 ᾧ
350 3512 541 3583 μέτρῳ
568 3514 836 3583 μετρεῖτε,
860 3511 919 3563 ἐν
941 3511 1040 3564 αύ-

283 3606 359 3677 τῷ
382 3608 793 3679 μετρηθήσεται
821 3606 976 3676 ὑμῖν.

360 3718 427 3772 C.
480 3716 571 3770 21.
616 3713 878 3784 Ἴδωμεν,
927 3711 1045 3774 πῶς

285 3811 458 3883 ἐγγύς
502 3809 651 3860 ἐστιν
705 3804 753 3874 (ὁ
794 3800 1042 3875 Κύριος),

284 3905 379 3959 καὶ
405 3903 494 3955 ὅτι
522 3897 673 3952 οὐδὲν
704 3894 926 3966 λέληθεν
945 3893 1043 3946 αὐ·-

284 3994 376 4049 τὸν
424 3989 539 4044 τῶν
594 3984 814 4040 ἐννοιῶν
862 3982 1041 4055 ἡμῶν,

284 4084 404 4139 οὐδὲ
423 4080 538 4135 τῶν
556 4074 943 4147 διαλογισμῶν,
968 4067 1044 4127 ὧν

260 4168 265 4173 ’
286 4167 616 4240 ποιούμεθα.
716 4160 1044 4235 Ἐρευνητὴς

287 4264 397 4334 γάρ
417 4263 571 4314 ἐστιν
590 4254 810 4313 ἐννοιῶν
839 4253 935 4309 καὶ
962 4252 1047 4305 ὲν-

290 4352 352 4406 θυ
360 4352 435 4423 μή
444 4364 607 4402 σεων.

357 4463 501 4521 lbid.
551 4462 693 4524 Τοὺς
731 4458 887 4520 νέους
926 4473 1053 4509 παι-

287 4554 466 4609 δεύσω
473 4568 574 4625 μεν
640 4551 741 4621 τὴν
790 4544 1054 4609 παιδείαν

290 4644 384 4699 τοῦ
415 4643 588 4715 φόϐου
612 4638 709 4694 τοῦ
734 4635 914 4701 Θεοῦ,
956 4634 1057 4700 τὰς

292 4738 565 4803 γυναῖκας
622 4728 779 4801 ἡμῶν
833 4727 929 4780 ἐπὶ
994 4725 1059 4779 τὸ

294 4826 507 4895 ἀγαθὸν
524 4819 967 4895 διορθωσώμεθα.
983 4817 1057 4871 Τὸ

295 4916 676 4986 ἁξιαγάπητον
706 4913 807 4985 τῆς
835 4911 1057 4979 ἁγνείας

295 5005 428 5081 ἦθος
455 5005 885 5071 ἐνδειξάσθωσαν
903 5020 918 5034 ·
1021 5044 1052 5057 ..

295 5105 393 5176 τὴν
406 5102 636 5171 ἀγάπην
654 5097 834 5153 αὐτῶν
859 5097 935 5169 μὴ
957 5113 1056 5150 κα-

299 5199 367 5253 τά
396 5194 773 5269 προσκλίσεις,
788 5189 924 5245 ἀλλά
951 5191 1057 5244 πᾶ-

256 5282 261 5290 ’
301 5307 383 5343 σιν
412 5292 528 5352 τοῖς
562 5284 920 5357 φοϐουμένοις
965 5283 1058 5336 τὸν

299 5383 434 5436 Θεὸν
462 5381 649 5445 ὁσίως,
682 5380 806 5450 ίσην
826 5374 1058 5449 παρεχέ-

302 5489 507 5528 τωσαν.

307 5606 385 5679 (b)
415 5606 549 5672 Quae
584 5601 823 5661 lrenwus
858 5602 929 5657 de
958 5601 1187 5671 epistola
1228 5599 1489 5655 Romana:
1528 5596 1784 5652 Ecclesiae
1816 5596 1884 5650 ad

453 5696 779 5755 Corinthios
794 5694 982 5763 refert,
1001 5696 1206 5767 optime
1231 5693 1562 5765 respondent
1583 5690 1752 5747 indoli
1779 5706 1880 5747 no-

1548 304 1874 364 PBOtl-IIIA

1984 295 2315 365 ικιοιιῠιι.
3450 307 3554 365 190

2108 418 2519 493 διηερρίειοιω.
2552 417 2636 484 En
2675 420 2841 477 verba
2872 420 3031 491 ejus:
3074 421 3197 477 Ἐπὶ
3222 419 3413 475 τούτου
3454 418 3552 478 οὗν

2104 509 2200 566 τοῦ
2230 511 2564 582 Κλήμεντος,
2597 510 2837 575 στάσεως
2863 513 2963 567 οὐκ
2979 511 3168 585 ὀλίγης
3204 516 3316 576 τοῖς
3343 515 3403 567 ἐν
3442 515 3553 569 Κο-

2108 603 2275 675 ρίνθῳ
2295 604 2592 674 γενομένης
2619 604 2884 674 ἀδελφοῖς,
2900 604 3211 660 ἐπέστειλεν
3225 607 3261 675 ἡ
3275 607 3334 660 ἐν
3364 606 3553 683 Ῥώμῃ

2116 694 2408 767 Ἐκκλησία
2439 696 2774 769 ἱκανωτάτην
2801 698 3019 770 γραφὴν
3055 700 3167 761 τοῖς
3209 698 3549 770 Κορινθίοις,

2105 788 2193 852 εις
2216 787 2465 855 εἰρήνην
2503 787 2950 857 συμϐιϐάζουσα
2987 789 3228 856 αὐτοὺς,
3272 789 3371 845 καὶ
3407 793 3551 846 ἀνα-

2103 878 2329 933 νεοῦσα
2354 879 2469 949 τὴν
2495 882 2705 935 πίστιν
2729 879 2950 945 αὐτῶν,
2970 880 3071 935 καὶ
3089 878 3173 947 ἢν
3186 882 3403 936 νεωστὶ
3429 883 3549 938 ἀπὸ

2104 969 2223 1025 τῶν
2262 972 2643 1027 Ἀποστόλων
2667 971 3002 1044 παράδοσιν
3026 971 3280 1043 εἰλήφει.

1262 1081 1435 1155 Epist.
1466 1082 1652 1155 Polyc.

1972 1154 2047 1227 (c)
2085 1158 2338 1217 Clemens
2353 1154 2755 1214 Alexandrinus
2796 1161 3000 1211 multos
3020 1153 3267 1226 epistolae
3304 1151 3549 1208 Clemen-

1186 1263 1250 1319 C.
1284 1265 1336 1320 4.
1360 1265 1736 1338 Διδάξωμεν...
1767 1266 1868 1329 τὰς

2112 1248 2246 1303 tina:
2267 1248 2417 1305 locos
2440 1248 2645 1315 laudat,
2669 1248 2764 1320 qui
2795 1247 2977 1303 adhuc
3007 1248 3063 1302 in
3093 1247 3324 1319 epistola
3356 1253 3547 1303 nostra

1118 1370 1383 1431 γυναῖκας
1425 1362 1600 1433 ὑμῶν.
1611 1401 1649 1415 ..
1711 1375 1869 1431 στερ-
2106 1342 2474 1413 reperiuntur.

1119 1459 1322 1530 γούσας
1360 1456 1487 1518 τοὺς
1525 1452 1733 1507 ἑαυτῶν
1775 1450 1869 1503 ἄν-

2039 1454 2243 1527 Strom.
2277 1472 2316 1521 ι,
2355 1472 2409 1512 c.
2451 1456 2502 1523 7,
2541 1470 2596 1528 p.
2635 1455 2779 1511 539:
2811 1455 3018 1511 Δὺτίκα
3047 1457 3075 1510 ὁ
3103 1455 3336 1527 Κλήμης
3379 1455 3440 1508 ἐν
3475 1457 3547 1527 τῇ

1118 1552 1251 1623 δρας
1311 1550 1371 1602 ἐν
1431 1547 1581 1617 πάσῃ
1639 1541 1869 1613 ἀληθείᾳ
1966 1547 2105 1620 πρὸς
2132 1547 2455 1619 Κορινθίους
2483 1548 2741 1620 ἐπιστολῇ
2770 1547 2912 1601 κατὰ
2942 1547 3086 1613 λέξιν
3126 1548 3280 1618 φησὶ,
3310 1545 3408 1610 τὰς
3432 1546 3548 1600 δια-

1116 1644 1278 1698 καὶ...
1294 1642 1351 1693 ἐν
1377 1640 1525 1711 πάσῃ
1549 1635 1862 1709 ἐγκρατείᾳ·
1967 1640 2140 1712 φοράς
2164 1639 2506 1710 ἐκτιθέμενος
2526 1639 2635 1692 τῶν
2656 1638 2905 1713 κατάτήν
2920 1638 3242 1711 Ἐκκλησίαν
3270 1638 3506 1710 δοκίμων
3522 1652 3546 1674 ο

1187 1734 1248 1789 C.
1273 1734 1325 1789 9.
1359 1733 1565 1803 Πέτρος
1592 1730 1695 1828 καὶ.
1717 1726 1865 1780 Παῦ·
1893 1772 1938 1828 Β
1972 1732 2126 1787 Ἠτω
2143 1750 2233 1798 τις
2252 1731 2483 1797 πιστὸς,
2505 1730 2627 1800 ἤτω
2642 1730 2899 1797 δυνατός
2916 1748 3005 1797 τις
3022 1731 3249 1802 γνῶσιν
3263 1730 3543 1796 ἐξειπεῖν,

1115 1827 1272 1889 λος...
1303 1827 1382 1887 εἰς
1410 1823 1501 1875 τδν
1521 1819 1861 1892 ὀφειλόμενον
1893 1819 1934 1828 ⁷
1965 1824 2086 1893 ἤτω
2112 1824 2304 1893 σοφὸς
2328 1824 2397 1877 ἐν
2422 1823 2715 1892 διακρίσει
2742 1824 2961 1893 λόγων,
2981 1822 3103 1893 ἤτω
3128 1824 3339 1893 τορτὸς
3364 1824 3435 1877 ἐν
3458 1823 3547 1892 ἐρ-

1117 1921 1299 1981 αύτοῖς
1346 1917 1508 1969 τόπον
1564 1914 1672 1967 εἰσὶ
1708 1911 1863 1984 παρὰ

1984 1935 2108 1984 ροις.
2142 1916 2342 1971 Eadem
2365 1916 2554 1984 verba,
2584 1932 2653 1971 ex
2682 1914 2704 1969 ι
2739 1916 2915 1976 Clem.
2945 1930 2998 1972 c.
3022 1916 3093 1971 48
3120 1916 3432 1989 desumpta,
3456 1931 3546 1973 re-

1110 2014 1189 2086 τῷ
1215 2011 1426 2084 Κυρίῳ.
1964 2009 2101 2080 petit
2136 2006 2539 2064 Alexandrinus
2569 2005 2773 2064 Strom.
2800 2006 2889 2075 Vl,
2928 2024 2982 2067 c.
3006 2008 3062 2075 8,
3086 2024 3141 2081 p.
3168 2008 3294 2067 775.

1179 2104 1241 2160 C.
1278 2105 1333 2157 7.
1377 2103 1469 2157 Διδ
1506 2100 1863 2164 ἀπολιπόντες

1108 2199 1208 2270 τὴν
1238 2195 1571 2269 ματαιότητα
1599 2192 1708 2245 τῶν
1734 2190 1863 2244 πολ-

1106 2291 1232 2343 λῶν.
1265 2330 1279 2342 .
1330 2288 1423 2341 ἐπὶ
1460 2287 1551 2339 τὸν
1584 2285 1645 2351 ἐξ
1689 2284 1863 2357 ἀρχῆς

1111 2384 1244 2454 ἡμῖν
1284 2379 1656 2453 παραδοθέντα
1702 2377 1861 2443 λόγον

1111 2474 1544 2547 ἐπιστρέψωμεν.

2036 2122 2239 2181 Strom.
2280 2120 2373 2187 IV,
2419 2138 2471 2177 ο.
2521 2123 2613 2188 17,
2644 2122 2861 2194 p.609,
2908 2122 3053 2178 610:
3083 2122 3194 2177 Ναὶ
3240 2121 3348 2196 μήν
3391 2123 3546 2197 ἐντῇ

1966 2217 2105 2290 πρὸς
2132 2216 2455 2289 Κορινθίους
2482 2216 2738 2287 ἐπιστολῇ
2765 2218 2794 2270 ὁ
2859 2214 3152 2280 ἀπόστολος
3170 2215 3420 2288 Κλήμης,
3452 2216 3549 2271 καὶ

1961 2309 2126 2374 αὐτὸς
2156 2310 2287 2380 ἡμῖν
2315 2307 2484 2361 τύπον
2510 2307 2632 2361 τινὰ
2655 2307 2749 2361 τοῦ
2768 2305 3070 2377 γνωστικοῢ
3100 2307 3432 2380 ὑπογράφων
3457 2307 3547 2363 λέ-

1960 2420 2081 2472 γει’
2118 2403 2215 2469 Τίς
2255 2403 2367 2471 τὰρ
2412 2400 2910 2471 παρεπιδημήσας
2950 2400 3099 2469 πρὸς
3132 2398 3371 2470 optigit.
3410 2416 3462 2454 τ.
3492 2398 3544 2454 λ.

1962 2493 2064 2550 Hic
2098 2493 2502 2549 Alexandrinus
2542 2494 2787 2565 epistola:
2824 2501 3025 2547 nostra:
3062 2497 3240 2563 capita
3282 2492 3336 2558 1,
3366 2492 3422 2557 9,
3452 2492 3545 2558 10,

1971 2586 2186 2655 11,12,
2226 2586 2316 2651 17,
2361 2586 2453 2649 18,
2483 2585 2577 2656 21,
2608 2585 2700 2654 22,
2719 2586 2808 2653 56,
2843 2585 2934 2651 '58,
2959 2584 3053 2654 40,
3092 2584 3185 2652 41,
3217 2584 3309 2651 18,
3333 2583 3428 2651 49,
3451 2584 3545 2651 50,

1977 2679 2067 2743 51,
2093 2680 2184 2744 55,
2209 2677 2502 2748 excerpsit.

2037 2792 2244 2851 Strom.
2266 2792 2335 2861 V,
2359 2810 2412 2850 ο.
2440 2793 2530 2861 12,
2577 2809 2632 2865 p.
2665 2792 2772 2849 695
2805 2809 2818 2846 :
2874 2792 3033 2847 Ἀλλὰ
3052 2792 3155 2847 κάν
3181 2794 3248 2865 τῇ
3278 2791 3415 2865 πρὸς
3440 2791 3550 2845 Κοη

1965 2886 2201 2960 ρινθίους
2239 2886 2523 2959 Ῥωμαίων
2552 2886 2809 2959 ἐπιστολῇ
2841 2902 2857 2918 ο
2902 2884 3178 2952 Ὠκεανὸς
3206 2883 3541 2953 ἀπέραντος

1110 2954 1252 3052 θείᾳ,
1282 2952 1635 3052 ἀπολιπόντες
1652 2951 1751 3052 Vh?
1771 2965 1864 3052 ἥθ’
1962 2951 2293 3048 ἀνθρώποις
2331 2951 2662 3052 γέγραπται,
2692 2951 2808 3033 καί.
2834 2980 2905 3039 ol.
2911 2977 3053 3049 μετ’-
3083 2951 3271 3031 αύτὸν
3312 2951 3546 3045 κόσμοι.

1109 3041 1217 3169 ζξζ
1237 3036 1860 3169 μξξξξξξοζξαζλξζῖτὴν
1886 3106 1933 3169 ο
1963 3036 2088 3131 cn:
2120 3074 2143 3128 1
2170 3036 2355 3130 Clem:
2377 3036 2449 3130 εἶ’
2466 3074 2559 3132 20.

1108 3130 1217 3185 τῶν
1260 3129 1469 3185 πολλῶν
1498 3128 1730 3200 πλάνην.
1886 3128 1933 3169 υ
2184 3128 2196 3129 ί
2250 3128 2345 3200 ’λλ
2387 3128 2425 3130 ”
2486 3128 2558 3200 ,ξ’
2674 3188 2776 3200 ___
2862 3189 2905 3200 __
3030 3186 3043 3200 ,
3225 3184 3236 3200 ,
3366 3182 3392 3193 -

1181 3184 1244 3278 C.
1270 3184 1341 3277 r2.
1379 3184 1864 3293 qupovedaavteg

2036 3188 2239 3246 Strom.
2278 3187 2369 3253 Vl,
2401 3203 2452 3244 c.
2483 3188 2539 3253 8,
2577 3204 2632 3258 ι).
2674 3188 2779 3242 775
2809 3206 2824 3243 :
2861 3186 3130 3255 Τοσούτῳ
3173 3184 3284 3254 τὰρ
3306 3184 3553 3252 μᾶλλον

1964 3280 2451 3351 ταπεινοφρονεῖν
2481 3280 2707 3349 ὀφείλει
2729 3318 2746 3344 ,
2776 3278 2901 3345 ὅσῳ
2946 3276 3113 3331 δοκεῖ
3144 3274 3386 3345 μᾶλλον
3420 3273 3550 3345 μεί-

1965 3373 2077 3435 ζων
2101 3373 2275 3437 εῖναι,
2304 3375 2333 3425 ό
2360 3371 2592 3444 Κλήμης
2633 3372 2693 3424 ἐν
2738 3372 2805 3441 τῇ
2849 3369 2985 3441 πρὸς
3030 3366 3348 3440 Κορινθίους
3391 3366 3546 3438 φησί.

1965 3465 2081 3521 Clr.
2106 3466 2132 3519 1
2171 3464 2373 3530 Clem.,
2394 3479 2446 3519 c.
2469 3464 2561 3519 48.

2038 3580 2244 3636 Strom.
2275 3595 2315 3645 l,
2356 3594 2408 3634 ο.
2443 3579 2498 3643 7,
2528 3594 2583 3649 p.
2620 3576 2763 3633 559:
2809 3574 2935 3630 Ἐὰν
2962 3574 3018 3628 δὲ
3046 3574 3146 3647 τὴν
3179 3573 3465 3645 βασιλικήν
3488 3589 3550 3625 τε

1966 3674 2062 3729 καὶ
2090 3671 2412 3742 αὐθεντικὴν
2433 3671 2634 3725 εῐσοδον
2651 3669 2840 3742 ζητῇς,
2862 3667 3072 3741 ἀκούσῃ
3096 3685 3109 3697 ·
3136 3669 3293 3734 Αὕτη
3314 3667 3352 3735 ἠ
3381 3665 3549 3733 πύλη

1965 3767 2072 3821 τοῦ
2097 3767 2341 3835 Κυρίου,
2372 3763 2589 3818 δίκαιοι
2615 3763 3065 3818 εἰσελεύσονται
3091 3759 3162 3814 ἐν
3186 3757 3360 3828 αὐτῇ.
3390 3759 3551 3813 Πολ-

1964 3857 2093 3914 λῶν
2120 3859 2331 3913 τοίνυν
2368 3854 2757 3926 ἀνεῳγμένων
2803 3851 3015 3909 πυλῶν
3058 3852 3130 3905 ἐν
3174 3850 3551 3921 δικαιοσύνῃ,

1969 3952 2122 4021 αὕτη
2154 3952 2239 4023 ἧν
2267 3951 2339 4006 ὲν
2365 3947 2617 4020 Χριστῷ.
2648 3947 2763 4030 Cfr.
2785 3946 2807 4001 l
2828 3947 3027 4011 Clem.,
3051 3960 3101 4000 c.
3125 3942 3215 4000 L8.

1178 2676 1241 2731 C.
1257 2676 1311 2731 2.
1329 2675 1420 2729 Διὸ
1448 2671 1860 2744 ἀναζωσάμενοι

1105 2772 1207 2835 τὰς
1244 2769 1451 2839 ὀσφύας
1467 2808 1483 2834 ,
1540 2765 1862 2821 δουλεύσατε

1106 2864 1189 2935 τῷ
1216 2862 1333 2934 Θεῷ
1353 2863 1411 2915 ἐν
1430 2860 1580 2931 φόϐῳ
1603 2858 1699 2914 καὶ
1727 2856 1860 2928 άλη-

1109 3316 1165 3371 δὲ
1193 3310 1268 3371 ὧν
1295 3310 1449 3369 εἶπεν
1469 3312 1865 3387 ὁΚύριοςδιδά-

1108 3420 1288 3458 σκων·
1487 3404 1548 3458 ὲν
1591 3397 1637 3473 ᾧ
1680 3404 1865 3476 μέτρῳ

1114 3502 1385 3570 μετρεῖτε,
1403 3498 1866 3571 ἀντιμετρηθήσε-

1113 3610 1205 3647 ται
1235 3594 1387 3664 ὑμῖν.

1184 3703 1247 3756 C.
1279 3702 1333 3755 4.
1368 3700 1669 3756 Γινώσκ....
1700 3702 1780 3755 ὄτι
1817 3702 1867 3771 (ὁ

1115 3794 1267 3865 Θεὸς)
1284 3794 1463 3848 πάντα
1475 3796 1509 3865 ἡ
1516 3794 1630 3866 μῶν
1647 3797 1866 3847 σκοπεῖ-

1112 3903 1227 3951 ται,
1272 3888 1367 3941 καὶ
1417 3886 1638 3958 λέληθεν
1698 3887 1864 3940 αὐτὸν

1112 3978 1285 4041 οὐδὲν,
1300 3977 1423 4032 οὔτε
1434 3978 1729 4051 λογισμῶν,
1743 3977 1868 4031 οὔτε

1115 4071 1354 4135 ἐννοιῶν,
1377 4070 1501 4124 οὔτε
1526 4088 1580 4123 τι
1598 4071 1708 4124 τῶν
1731 4089 1867 4143 κρυ-

1117 4096 1354 4135 εννοιων,
1377 4096 1501 4124 ουτε
1526 4096 1580 4123 τι
1598 4096 1708 4124 των
1731 4096 1867 4143 κρυ-

1117 4162 1276 4217 πτῶν
1302 4162 1402 4233 τῆς
1430 4160 1676 4234 καρδίας.

1984 4114 2052 4188 [ὐ)
2071 4112 2355 4183 Origenes,
2377 4109 2455 4165 De
2472 4106 2764 4180 principiis,
2789 4120 2849 4176 ιι,
2872 4121 2923 4161 c.
2953 4105 3010 4173 3,
3048 4119 3107 4159 ιι.
3146 4100 3213 4172 6,
3232 4110 3275 4161 t.
3307 4099 3350 4167 l,
3376 4113 3431 4169 p.
3455 4096 3551 4162 82,

2113 4207 2177 4234 ..ιι
2252 4206 2336 4234 un
2388 4225 2401 4234 .
2465 4201 2698 4234 Il.....'...'o
2732 4216 2856 4234 um.
2898 4196 3137 4234 (flauum.
3187 4191 3551 4234 ιιηηιιηιηηιπι

2112 4207 2201 4262 ed.
2252 4206 2403 4262 BB.:
2461 4201 2700 4257 Meminit
2727 4216 2856 4255 sane
2898 4196 3137 4253 Clemens
3187 4191 3551 4263 apostolorum

2111 4294 2405 4366 discipulus
2447 4294 2609 4349 etiam
2639 4307 2846 4355 eorum,
2883 4304 3012 4358 quos
3036 4283 3354 4356 άντίχθονας
3380 4280 3555 4337 Graeci

2114 4390 2478 4452 nominarunt,
2507 4394 2665 4452 atque
2707 4383 2845 4437 alias
2874 4388 3052 4449 partes
3092 4376 3235 4432 orbis
3279 4385 3455 4440 terra,
3480 4372 3552 4429 ad

2114 4498 2246 4551 quas
2272 4495 2431 4549 neque
2453 4485 2757 4534 nostrorum
2781 4473 3059 4544 quisquam
3087 4466 3330 4523 accedere
3361 4474 3553 4537 potest,

2112 4588 2274 4643 neque
2291 4585 2357 4625 ea:
2378 4569 2509 4633 illis,
2532 4567 2622 4636 qui
2647 4566 2721 4619 ibi
2747 4574 2891 4627 sunt,
2927 4562 3204 4633 quisquam
3234 4559 3461 4613 transire
3482 4568 3554 4610 aa

2116 4681 2248 4728 nos;
2281 4681 2411 4735 quos
2437 4670 2486 4715 et
2528 4661 2669 4729 ipsos
2695 4656 2916 4711 mundos
2942 4654 3247 4724 appellavit,
3285 4668 3405 4706 cum
3437 4650 3554 4705 ait:

2121 4775 2141 4810 ι
2181 4756 2422 4813 Oceanus
2449 4748 2901 4808 intransmeabilis
2927 4757 3006 4801 est
3037 4744 3369 4810 hominibus,
3394 4756 3447 4798 et
3473 4741 3557 4805 hi,

2121 4868 2141 4901 ι
2178 4850 2268 4919 qui
2299 4857 2447 4901 trans
2494 4846 2667 4914 ipsum
2704 4849 2827 4896 sunt
2864 4838 3069 4901 mundi,
3113 4838 3204 4908 qui
3242 4837 3321 4891 his
3355 4834 3558 4891 eisdem

2125 4961 2145 4996 ι
2174 4940 2526 4997 dominatoris
2548 4937 2645 4992 Dei
2666 4931 3103 5005 dispositionibus
3119 4930 3497 5003 gubernantur.
3528 4948 3557 4984 ν

2120 5037 2235 5093 Cfr.
2263 5033 2285 5089 l
2315 5034 2488 5090 Clem.
2514 5048 2565 5087 c.
2593 5030 2685 5087 20.

1202 4460 1338 4519 Ibid.
1368 4460 1742 4533 Διδάξωμεν...
1774 4457 1873 4521 τάς
1899 4441 1951 4504 D

1125 4560 1391 4625 γυναῖκας
1435 4556 1589 4627 ὑμῶν
1622 4551 1875 4625 (πορεύε-

1128 4649 1275 4723 σθαι)
1289 4651 1347 4705 ἐν
1358 4654 1426 4722 τῇ
1445 4649 1659 4721 δοθείσῃ
1679 4650 1873 4711 αὐταῖς

1128 4744 1313 4797 πίστει
1369 4742 1464 4796 καὶ
1525 4740 1715 4812 ἀγάπῃ
1780 4739 1876 4793 καὶ

1128 4834 1361 4906 ἁγνείᾳ..
1372 4872 1386 4887 .
1433 4833 1528 4887 καὶ
1573 4829 1875 4900 ἁγαπώσας

1126 4924 1337 4987 πάντας
1365 4922 1426 4988 ἐξ
1482 4923 1598 4976 [σου
1630 4922 1689 4974 ἐν
1726 4918 1879 4991 πάσῃ

1128 5018 1444 5089 ἐγκρατείᾳ·
1482 5016 1577 5070 καὶ
1614 5014 1683 5068 τὰ
1708 5014 1877 5067 τέκνα

1126 5110 1401 5166 παιδεύειν
1470 5109 1569 5180 τὴν
1630 5107 1878 5163 παιδείαν

1127 5201 1221 5256 τοῦ
1239 5201 1406 5272 φόϐου
1431 5198 1527 5254 τοῦ
1547 5198 1703 5253 Θεοῦ.

2057 5218 2208 5290 Orig.
2239 5218 2297 5273 in
2337 5212 2538 5270 Ezech.
2572 5226 2625 5268 c.
2658 5209 2694 5265 8
2717 5247 2735 5274 ,
2763 5216 2807 5264 t.
2846 5205 2950 5272 lll,
2989 5221 3043 5276 p.
3084 5203 3191 5259 122
3223 5217 3241 5254 :
3267 5202 3407 5273 φησι
3441 5200 3506 5254 δέ
3532 5202 3564 5257 ό

1980 5314 2216 5385 Κλήμης
2237 5327 2251 5341 ·
2298 5305 2577 5372 Ὠκεανὸς
2620 5300 2952 5369 ἀπέραντος
2985 5295 3335 5364 ἀνθρώποις,
3382 5291 3481 5385 καὶ
3513 5296 3569 5349 el

1978 5384 2101 5476 μετ⁴
2133 5401 2321 5457 αὐτὸν
2359 5400 2575 5468 κόσμοι
2621 5395 2943 5457 τοσαύταις
2980 5386 3285 5457 διαταγιιῖς
3324 5384 3431 5439 τοῦ
3465 5389 3568 5440 Δε-

1984 5502 2218 5557 σπότου
2248 5493 2632 5551 διοικοῦνται.
2663 5490 2777 5546 Cl‘r.
2802 5487 2824 5541 ι
2851 5489 3023 5541 Clem.
3062 5499 3115 5539 c.
3142 5482 3235 5537 20.

2055 5593 2203 5649 Idem
2233 5591 2288 5646 in
2317 5587 2514 5644 Joann.
2539 5584 2584 5649 l,
2621 5582 2714 5647 29,
2738 5587 2783 5636 t.
2813 5577 2905 5642 ιν,
2934 5593 2990 5648 p,
3024 5575 3157 5630 153:
3190 5572 3567 5643 Μεμαρτύρη-

1991 5705 2079 5743 ται
2107 5686 2164 5740 δέ
2192 5684 2287 5739 καὶ
2314 5678 2468 5753 παρὰ
2491 5679 2603 5742 τοῖς
2633 5674 2864 5740 ἔθνεσιν,
2892 5671 2975 5725 ὅτι
3014 5665 3195 5724 πολλοί
3222 5679 3370 5729 τινες
3397 5661 3565 5730 λοιμο-
