3908 6172
1503 307 1594 364 ΑΙ)
1632 307 1691 366 8.
1731 304 2159 365 MIENTEI
2197 308 2219 365 l
2256 310 2488 368 PAPAI

3539 313 3647 371 Ι),

382 422 497 479 κῶν
539 422 926 495 tumtqu
963 424 1286 499 νοσημάτων
1315 426 1540 491 ἑαυτοὺς
1568 426 1776 496 σφάγια
1813 423 1949 495 ,ὐπὶι

2075 431 2113 482 ι.
2142 424 2233 492 ιιι,
2256 444 2311 499 p.
2334 430 2428 495 δι,
2465 430 2556 487 ed.
2594 430 2656 488 ιι.
2685 431 2747 489 s.
2773 433 2999 490 scribit:
3047 431 3208 489 Ἀλλὰ
3233 432 3329 488 και
3352 434 3383 487 δ
3409 432 3645 508 Κλήμης

376 515 476 572 τοῦ
530 516 711 573 κοινοῦ
753 518 1169 589 παραδεδώκασι
1193 538 1207 551 ο
1251 521 1346 575 καὶ
1390 520 1755 593 παραδέχεται
1806 519 1961 575 ταῦθ’

376 610 553 676 οὕτως
579 612 859 682 γεγονέναι
886 612 989 668 οὐκ
1016 613 1228 684 ἀλόγως
1241 613 1538 679 πιστεύσας
1549 616 1671 679 ταῖς
1699 614 1964 687 ἱστορίαις

376 705 409 758 ὀ
436 705 631 770 πιστὸς
657 706 910 779 Κλήμης,
934 707 1040 762 ὑπὸ
1053 708 1267 763 Παύλου
1286 707 1751 783 μαρτυρούμενος,
1779 709 1964 780 λέγον-

375 811 488 861 τος
534 798 698 852 Μετὰ
722 797 1152 870 Κλήμεντος,κ.
1172 817 1225 856 τ.
1254 801 1305 855 λ.
1327 801 1443 858 Cfr.
1468 800 1490 855 ι
1520 802 1694 861 Clem.
1720 818 1771 859 c.
1797 803 1886 860 55.

378 886 457 961 (c)
494 887 781 952 Eusebium
809 892 1059 949 eamdem
1096 909 1219 964 quae
1256 909 1403 950 nunc
1436 903 1641 959 exstat,
1663 895 1961 953 Clementis

518 982 808 1052 epistolam
838 992 966 1041 ante
995 986 1189 1042 oculos
1222 986 1507 1054 habuisse,
1532 988 1701 1045 verba
1724 988 1847 1060 ejus
1870 1005 1962 1045 sa-

516 1074 587 1128 tis
611 1074 1016 1134 demonstrant:

450 1162 591 1221 Hist.
616 1168 752 1224 eccl.
779 1167 867 1232 Ill.
901 1170 969 1225 16
1002 1191 1015 1227 :
1048 1172 1263 1227 Τούτου·
1291 1172 1354 1246 δή
1399 1168 1494 1227 οὖν
1518 1172 1615 1227 τοῦ
1645 1173 1962 1245 Κλήμεντος

374 1258 778 1335 ὁμολογουμένη
825 1264 922 1335 μία
951 1266 1206 1339 ἐπιστολὴ
1249 1266 1472 1340 φέρεται
1491 1307 1507 1332 ,
1540 1267 1748 1339 μεγάλη
1776 1284 1837 1321 τε
1866 1268 1961 1321 καὶ

377 1349 677 1423 θαυμασία,
720 1356 787 1425 ἢν
815 1355 893 1419 ὡς
935 1357 1043 1411 ἀπὸ
1069 1359 1167 1429 τῆς
1208 1359 1491 1431 Ῥωμαίων
1532 1359 1856 1429 Ἐκκλησίας
1890 1362 1958 1433 τῇ

374 1444 683 1516 Κορινθίων
707 1446 1103 1515 διετυπὼσατο,
1136 1452 1379 1517 στάσεως
1403 1453 1657 1524 τηνικάδε
1689 1453 1833 1508 κατὰ
1859 1455 1961 1528 τὴν

373 1537 639 1608 Κόρινθον
667 1542 986 1614 γενομένης.

444 1628 581 1688 Ibid.
620 1631 723 1700 ΙΙΙ,
747 1634 818 1690 38
859 1653 876 1693 :
927 1634 1035 1689 Τοῦ
1079 1637 1393 1709 Κλήμεντος
1430 1639 1491 1693 ἐν
1516 1640 1582 1710 τῇ
1612 1640 1959 1713 ἀνωμολογη-

739 1729 926 1794 πᾶσιν,
980 1730 1049 1801 ῆν
1093 1730 1159 1784 ἐκ
1200 1731 1491 1804 προσώπου
1532 1734 1632 1805 τῆς
1671 1735 1955 1806 Ῥωμαίων
1986 1768 2033 1827 ³

384 1814 709 1889 Ἐκκλησίας
722 1822 789 1893 τῇ
808 1822 1109 1895 Κορινθίων
1122 1824 1509 1879 διετυταῦσατο.
1543 1827 1630 1880 Ἐν
1702 1827 1800 1898 τῆς
1819 1828 1957 1899 πρὸς

382 1907 669 1981 Ἑϐραίους
695 1912 869 1967 πολλὰ
894 1918 1141 1988 νοήματα
1169 1918 1456 1990 παραθεὶς,
1473 1919 1572 1989 ἤδη
1592 1919 1648 1974 δὲ
1676 1920 1769 1974 καὶ
1795 1920 1956 1974 αὐτο-

368 1998 512 2065 λεξεὶ
544 2005 725 2073 ῥητοῖς
752 2004 813 2070 ἐξ
830 2007 999 2079 αὐτῆς
1027 2008 1457 2081 χρησάμενος,κ.
1483 2028 1534 2065 τ.
1565 2011 1615 2065 λ.

442 2094 740 2165 Epistolam
764 2108 1010 2156 nostram
1041 2118 1186 2175 saepe
1208 2104 1403 2161 iisdem
1428 2105 1614 2161 verbis
1630 2100 1733 2169 uti,
1750 2121 1873 2176 qua:
1898 2106 1953 2161 in

370 2186 617 2259 Epistola
645 2192 714 2247 ad
737 2191 995 2251 Hebraeos
1022 2195 1401 2264 inveniuntur,
1420 2212 1581 2254 nemo
1608 2199 1787 2254 nescit
1817 2199 1950 2272 (38).

370 2281 437 2353 (ί)
480 2283 717 2354 Cyrillus
742 2286 1282 2359 Hierosolymitanus,
1299 2291 1523 2348 Catech.
1550 2293 1637 2349 18.
1653 2308 1705 2349 c.
1729 2294 1784 2359 8,
1804 2294 1957 2349 fabu-

514 2377 621 2431 lam
650 2377 719 2434 de
750 2380 1005 2449 phoenice
1043 2382 1086 2456 (Ι
1109 2381 1281 2439 Clem.
1313 2384 1427 2456 25),
1460 2393 1522 2441 ut
1549 2386 1666 2458 ipse
1696 2394 1950 2455 testatur,

511 2486 578 2527 ex
609 2476 849 2536 epistola
872 2474 1170 2534 Clementis
1200 2478 1429 2548 profert.

368 2563 446 2634 (ε)
478 2566 810 2640 Epiphanius
841 2570 974 2625 her.
1002 2569 1096 2635 τι,
1123 2587 1181 2626 ιι.
1204 2570 1273 2626 6:
1296 2571 1467 2642 Λέγει
1498 2575 1611 2642 γὰρ
1634 2572 1943 2646 (Clemens)

507 2658 579 2711 ἐν
601 2658 711 2729 μιᾷ
760 2660 879 2715 τῶν
904 2662 1245 2718 ἐπιστολῶν
1290 2665 1509 2719 αὑτοῦ·
1548 2684 1568 2717 t
1621 2666 1950 2736 'Arazwpdi,

516 2753 743 2823 ἄπειμι,
772 2752 1119 2822 ἐνσταθήτω
1166 2758 1200 2810 ὀ
1225 2755 1376 2823 λαὸς
1404 2755 1511 2811 τοῦ
1562 2756 1730 2813 Θεοῦ.
1773 2776 1791 2810 ι
1832 2756 1948 2814 Cfr.

510 2849 528 2902 1
556 2849 757 2913 Clem.,
788 2864 839 2904 c.
869 2847 959 2903 54.

370 2942 452 3012 (h)
490 2937 850 3011 Hieronymus
891 2938 1067 2995 Catat.
1106 2941 1287 3008 script.
1319 2943 1445 2996 eccl.
1487 2940 1675 2998 ο.15;
1720 2940 1950 3011 Scripsit

512 3034 810 3103 (Clemens)
832 3046 896 3087 ea
922 3048 1147 3102 persona
1177 3031 1431 3089 Romanis
1460 3032 1713 3090 Ecclesia:
1748 3035 1818 3089 ad
1845 3034 1949 3090 Ec-

2062 520 2466 596 ἀρχαῖκώτερον
2494 523 2555 594 (f.
2587 526 3014 599 ἀρχαῖκὼτερος)
3034 543 3048 559 ο
3067 526 3177 596 Ζῇ,
3207 527 3392 597 φησιν,
3418 530 3453 581 ό
3478 529 3645 603 Θεὸς,

2062 614 2163 668 καί
2189 616 2452 684 olitipr
2492 618 2730 687 Ἰησοῦς
2770 620 3045 688 Χριστὸς,
3074 620 3178 676 καὶ
3217 619 3284 674 τὸ
3308 619 3550 692 Πνεῦμα
3574 621 3650 676 τὸ

2061 706 2233 777 ἅγιον
2258 706 2395 781 (29).

2135 799 2245 857 Sed
2298 802 2485 859 futiles
2523 811 2655 859 sunt
2691 802 2910 859 illorum
2941 805 3207 875 rationes,
3259 807 3357 878 qui
3388 805 3531 863 hanc
3569 805 3645 863 ob

2061 908 2288 950 causam
2319 897 2657 951 authentiam
2689 897 2939 968 epistola
2968 906 3173 955 nostra
3198 900 3640 973 fimpugnarant;

2062 984 2301 1043 fortasse
2339 988 2486 1043 enim
2516 1003 2707 1044 omnes
2753 989 2808 1043 hi
2849 990 2977 1053 loci,
3027 1006 3262 1061 quorum
3310 1008 3512 1064 parvus
3554 999 3645 1050 est

2061 1093 2345 1143 numerus,
2376 1080 2505 1133 olim
2534 1090 2655 1151 post
2678 1089 2841 1151 caput
2866 1082 2935 1137 57
2962 1084 3302 1153 legebantur.
3327 1085 3418 1140 ubi
3446 1084 3641 1141 folium

2062 1168 2334 1242 integrum
2349 1172 2571 1227 excidit.
2596 1173 2757 1228 Certe
2774 1173 2959 1243 ῥῆσις
2976 1176 3068 1229 illa
3095 1176 3304 1239 Basilii.
3332 1186 3391 1231 ut
3409 1176 3642 1251 Freyiua

2061 1263 2295 1328 monuit,
2330 1274 2739 1336 peropportune
2770 1266 2849 1320 illi
2879 1267 3001 1322 loco
3032 1269 3316 1333 convenit,
3339 1281 3394 1325 et
3421 1285 3642 1325 accom-

2060 1357 2271 1412 modari
2305 1365 2483 1429 potest
2512 1359 2566 1413 in
2592 1359 2821 1429 epistola
2852 1360 2921 1414 ad
2948 1361 3109 1416 tinem
3141 1361 3493 1419 decurrente.

2131 1450 2197 1505 ν.
2223 1449 2342 1505 iam
2367 1453 2436 1507 de
2461 1453 2759 1522 integritate
2781 1452 3074 1508 dicendum
3105 1461 3211 1509 est.

2060 1541 2137 1615 (ει)
2170 1542 2371 1598 Eodem
2405 1559 2550 1597 anno
2582 1544 2743 1609 1655,
2774 1560 2887 1614 quo
2916 1546 3151 1615 primum
3179 1545 3409 1615 epistola
3446 1553 3638 1605 nostra

2200 1635 2344 1706 typis
2370 1636 2720 1705 vulgabatur,
2755 1634 2977 1691 Hieron.
3003 1634 3319 1705 Bignonius,
3342 1636 3496 1695 lctus
3528 1638 3637 1693 Pa—

2201 1728 2429 1793 risinus,
2462 1731 2825 1800 integritatem
2872 1730 2997 1799 ejus
3041 1731 3097 1784 in
3131 1730 3354 1787 dubium
3396 1733 3633 1798 vocavit,

2197 1821 2382 1892 plures
2410 1822 2689 1875 clausulas
2720 1830 2775 1876 et
2800 1836 2961 1876 voces
2988 1822 3234 1892 epistola:
3262 1826 3510 1894 genuinas
3541 1823 3635 1879 ad-

2196 1915 2342 1970 ditas
2354 1929 2476 1969 esse
2493 1922 2710 1985 putans.
2725 1912 3035 1968 Praesertim
3052 1914 3171 1969 viro
3180 1914 3497 1973 doctissimo
3518 1918 3637 1974 dis-

2192 2007 2427 2077 plioebat

2126 2099 2209 2169 (α)
2246 2100 2493 2155 narratio
2515 2100 2583 2155 de
2618 2098 2875 2170 phmnice
2904 2114 2956 2153 c.
2989 2098 3082 2154 23.

2125 2191 2202 2262 (β)
2240 2191 2556 2262 frequentia
2598 2192 2992 2264 epithetorum.

2123 2287 2203 2355 (γ)
2238 2301 2344 2341 vox
2374 2286 2561 2349 λαῖκός
2588 2300 2639 2341 c.
2672 2286 2743 2341 ιο
2766 2296 2821 2341 et

2124 2380 2196 2450 (δ)
2234 2381 2387 2435 locus
2433 2380 2631 2450 capitis
2655 2380 2763 2435 l7:
2815 2378 2905 2435 ubi
2938 2377 3188 2436 Ecclesia
3215 2380 3635 2437 Corinthiorum

2050 2472 2256 2544 ἀρχαία
2285 2484 2531 2529 vocatur.

2122 2564 2230 2637 lpsi
2276 2566 2557 2637 respondit
2590 2564 2747 2638 Hugo
2768 2563 3009 2637 Grotius,
3034 2568 3175 2637 (30),
3201 2569 3346 2623 inter
3376 2567 3484 2621 alia
3508 2583 3633 2620 m0—

2050 2677 2190 2717 nens
2216 2661 2553 2719 Clementem
2584 2663 2704 2717 sine
2732 2662 2900 2717 dubio
2923 2678 3079 2733 teque
3107 2678 3171 2718 ac
3197 2670 3484 2717 auctorem
3504 2662 3628 2731 Epi-

2052 2754 2207 2810 stolze
2254 2754 2323 2809 ad
2356 2753 2614 2811 Hebraeos
2643 2752 2893 2810 Graecum
2938 2770 3249 2810 sermonem
3294 2770 3363 2809 ex
3394 2754 3635 2812 eruditis

2050 2848 2368 2903 auctoribus
2386 2848 2656 2913 hausisse,
2678 2847 3175 2919 ideoqueliheriori
3206 2846 3467 2910 dictione,
3496 2861 3633 2914 non,

2050 2948 2111 2994 ut
2164 2940 2531 3012 ἑϐραῖζουσιν,
2579 2941 2636 2995 in
2671 2940 2932 2996 minutias
2978 2939 3224 3005 concisa,
3276 2938 3372 2995 sed
3424 2938 3636 3010 largius

2050 3031 2261 3100 liuenti,
2294 3048 2455 3089 usum
2488 3048 2636 3088 esse.

510 3127 726 3181 rlesiam
776 3124 1173 3181 Corinthiorum
1220 3126 1371 3181 valde
1416 3126 1599 3182 utilem
1638 3128 1939 3197 epistolam,
1966 3127 2015 3190 α
2113 3124 2268 3191 Quod
2300 3125 2670 3179 narrationem
2707 3123 2777 3179 de
2823 3123 3075 3195 phmnice
3116 3124 3327 3188 attinet,
3374 3123 3465 3177 alii
3491 3138 3637 3193 quo-

512 3235 631 3290 qute
684 3228 735 3273 et
773 3218 829 3271 in
867 3216 1136 3273 nonnullis
1167 3216 1313 3273 locis
1337 3217 1542 3287 publice
1582 3221 1793 3292 legitur,
1830 3238 1946 3293 qua

509 3314 640 3367 mihi
672 3312 875 3369 videtur
904 3313 1202 3369 characteri
1230 3313 1489 3383 epistolae,
1523 3332 1643 3385 qua:
1664 3316 1759 3372 sub
1785 3316 1948 3371 Pauli

511 3410 723 3462 nomine
754 3408 823 3462 ad
877 3408 1132 3465 Hebrwos
1175 3411 1367 3481 fertur,
1411 3412 1703 3467 convenire.
1751 3410 1861 3466 Sed
1900 3421 1951 3467 et

508 3502 691 3556 multis
713 3501 778 3555 de
796 3502 977 3557 eadem
999 3505 1244 3574 epistola,
1259 3522 1363 3560 non
1382 3506 1551 3560 solum
1577 3504 1838 3571 sensibus,
1856 3505 1947 3561 sed

502 3596 665 3664 juxta
687 3595 959 3650 verborum
980 3614 1184 3668 quoque
1216 3598 1454 3653 ordinem
1477 3598 1734 3653 abutitur.

441 3687 586 3741 Idem
633 3686 729 3742 lib.
792 3701 886 3741 xw
948 3686 1948 3760 Comment.inlsai.,c.ut,15:Cle-

370 3796 538 3842 mens,
570 3779 651 3834 uir
688 3779 1031 3847 apostolicus,
1063 3781 1154 3851 qui
1191 3790 1308 3848 post
1339 3780 1557 3835 Petrum
1598 3784 1734 3835 rexit
1767 3781 1949 3837 Eccle-

368 3870 725 3933 siam,scribit
753 3868 821 3923 ad
836 3870 1139 3926 Corinthios
1163 3887 1181 3924 :
1201 3890 1219 3923 ι
1245 3871 1520 3941 Sceptrum
1547 3872 1662 3937 Dei,
1693 3873 1949 3930 Dominus

366 3965 525 4018 Jesus
552 3961 824 4027 Christus,
856 3981 959 4017 non
984 3965 1120 4019 venit
1154 3965 1208 4018 in
1228 3965 1500 4034 jactantia
1525 3965 1801 4034 superbiae,
1830 3983 1949 4020 cum

366 4058 531 4129 possit
562 4058 763 4121 omnia,
782 4056 873 4111 sed
902 4057 957 4111 in
982 4056 1300 4112 humilitate.
1328 4077 1346 4110 ι
1374 4056 1488 4111 Cir.
1516 4056 1535 4111 Ι
1564 4057 1830 4121 Clem.,c.
1860 4058 1947 4115 l6.

442 4150 587 4207 Idem
619 4152 718 4207 lib.
762 4164 780 4205 ι
812 4150 1192 4208 Comment.in
1208 4150 1305 4221 Ep.
1323 4155 1393 4209 ad
1408 4152 1628 4221 Eph.,c.
1646 4151 1756 4218 11,2
1782 4170 1797 4207 :
1826 4150 1949 4207 Cle-

367 4263 534 4309 mens,
562 4247 616 4300 in
650 4243 876 4315 epistola
905 4260 1004 4297 sua
1029 4243 1251 4296 scribit:
1277 4242 1517 4299 Oceanus
1542 4250 1593 4297 et
1622 4242 1827 4310 mundi,
1860 4244 1951 4315 qui

368 4348 518 4393 trans
543 4338 717 4409 ipsum
749 4346 893 4391 sunt.
924 4334 1040 4390 tlfr.
1071 4334 1091 4389 l
1120 4334 1291 4392 Clem.
1323 4351 1375 4391 c.
1405 4335 1498 4391 20.

440 4432 583 4488 Idem
614 4430 748 4487 ibid.
805 4429 900 4485 lib.
944 4446 1003 4496 ιι,
1048 4428 1115 4483 ad
1145 4445 1286 4490 (λιν.
1316 4429 1341 4484 1
1381 4447 1395 4484 :
1437 4427 1602 4500 Cujus
1634 4431 1709 4485 rei
1739 4438 1790 4484 et
1822 4428 1941 4486 Cle-

365 4542 511 4579 mens
541 4523 608 4577 ad
640 4521 940 4579 Corinthios
965 4522 1112 4576 testis
1142 4531 1221 4576 est
1246 4536 1263 4573 .'
1294 4538 1312 4573 ‹
1354 4521 1633 4576 Vinculum
1655 4522 1937 4581 charitatis

366 4617 466 4671 Dei
486 4618 602 4687 quis
630 4617 820 4685 poterit
849 4616 1141 4671 enarrare?
1180 4634 1198 4667 ι
1233 4612 1349 4669 Cfr.
1382 4613 1592 4670 lClem.
1614 4630 1666 4670 c.
1696 4614 1787 4674 49.

436 4708 775 4763 Testimonia
808 4708 1172 4778 posteriorum
1206 4713 1509 4762 taceamus.

437 4799 526 4853 IV.
557 4798 815 4853 Nonnulli
846 4810 1091 4853 veterum
1135 4799 1286 4853 locos
1315 4798 1559 4869 epistolae
1586 4799 1941 4857 Clementinte

365 4892 617 4958 laudant,
646 4894 739 4964 qui
766 4894 821 4948 in
860 4894 1071 4948 nostris
1093 4892 1505 4962 exemplaribus
1526 4908 1635 4946 non
1660 4892 1937 4964 leguntur.

368 4987 432 5045 Ε.
463 5004 519 5059 g.
550 4985 814 5049 Basilius,
846 4985 941 5040 lib.
976 4986 1045 5041 de
1086 4984 1295 5055 Spiritu
1324 4994 1517 5041 sancto
1538 4999 1589 5040 c.
1620 4983 1713 5051 29,
1754 5001 1815 5061 ιι.
1847 4985 1939 5049 72,

368 5209 489 5280 (38)
522 5207 677 5262 Multi
720 5213 1102 5280 autumat-unt.
1122 5215 1218 5261 aut
1245 5205 1578 5280 Clementem
1616 5207 1797 5278 ipsum
1821 5208 1943 5278 epi-

510 5281 709 5335 stolam
754 5276 820 5332 ad
869 5275 1126 5333 Hebraeos
1158 5278 1471 5346 scripsisse.
1512 5286 1605 5332 aut
1637 5275 1788 5333 certe
1820 5275 1940 5335 eam

509 5352 564 5405 in
602 5364 703 5404 sua
729 5346 1020 5419 scribemla
1051 5348 1719 5419 anteioctgoshahuisse.
1758 5347 1945 5419 Longe

510 5421 671 5475 aliter
698 5417 935 5488 coniicit
951 5417 1225 5488 il)r.h|ack
1267 5414 1520 5484 (Tubing.
1562 5413 1724 5469 theol.
1764 5413 1941 5488 Quoi.

518 5484 1001 5561 talschrift71838,
1070 5486 1205 5542 fasc.
1269 5503 1362 5551 ιιι,
1412 5502 1463 5566 p_.
1528 5488 1634 5543 585
1669 5490 1840 5612 Ἕω).
1889 5487 1942 5543 id

518 5575 702 5612 naeus.
746 5569 806 5612 ut
841 5558 1003 5612 nobis
1036 5562 1317 5612 ostendat.
1361 5558 1652 5612 emstolam
1746 5560 1942 5612 lenien-

513 5575 702 5628 agens,
739 5558 806 5613 ut
841 5558 1003 5612 nobis
1036 5562 1317 5618 ostendat,
1361 5558 1652 5625 epistolam
1698 5558 1943 5614 Clemen-

513 5632 584 5683 tis
600 5628 839 5697 Epistola
863 5626 931 5680 ad
964 5626 1222 5682 Hebraeos
1245 5626 1416 5681 fuisse
1446 5626 1703 5695 priorem,
1731 5639 1785 5682 et
1804 5628 1944 5685 hanc

514 5698 580 5750 ad
612 5698 914 5767 Clementis
942 5697 1231 5767 epistolam
1272 5698 1410 5752 bene
1452 5697 1593 5766 apud
1625 5698 1942 5766 Corinthios

518 5765 991 5826 introducas-dam
1024 5765 1353 5834 confectam,
1411 5775 1465 5824 et
1492 5765 1619 5824 una
1646 5780 1771 5824 cum
1817 5765 1941 5828 Cle-

2048 3232 2157 3287 que
2193 3224 2461 3283 veterum,
2491 3233 2541 3273 e.
2571 3233 2624 3287 ς.
2659 3215 2883 3273 Tacitus
2918 3216 3138 3288 (Annal.
3173 3232 3247 3279 νι.
3292 3216 3389 3285 28)
3421 3228 3475 3270 et
3520 3215 3636 3270 Pli-

2048 3308 2177 3364 nius
2206 3307 2310 3380 (Η.
2335 3307 2409 3362 Ν.
2430 3322 2527 3375 vn,
2559 3308 2629 3365 l9
2666 3325 2681 3375 ;
2714 3321 2832 3373 xm,
2861 3306 2895 3362 9
2926 3324 2942 3374 ;
2972 3322 3121 3373 nu,
3152 3306 3206 3377 9)
3235 3307 3410 3363 eidem
3430 3306 3636 3363 fabulae

2049 3401 2210 3456 tidem
2248 3400 2538 3456 habebant.

2120 3489 2421 3546 Ecclesiam
2470 3492 2883 3548 Corinthiorum
2928 3490 3040 3561 jam
3090 3505 3121 3544 a
3178 3489 3494 3555 Clemente,
3543 3506 3635 3547 re-

2051 3594 2240 3654 spectu
2271 3585 2499 3639 aliarum
2528 3583 2923 3648 Ecclesiarum,
2956 3582 3191 3655 ἀρχαίαν
3221 3583 3485 3655 appellari
3526 3598 3620 3655 po.

2050 3679 2245 3740 tuisse,
2276 3694 2437 3733 nemo
2465 3679 2705 3749 negabit.

2122 3769 2364 3841 Denique
2386 3772 2452 3827 de
2478 3788 2609 3827 voce
2634 3774 2845 3841 λατκός
2866 3789 2989 3845 quae
3005 3771 3241 3828 dicenda
3268 3778 3419 3838 sunt,
3446 3772 3503 3826 in
3530 3786 3635 3828 no-

2052 3863 2123 3919 tis
2153 3863 2219 3917 ad
2251 3879 2299 3919 c.
2327 3865 2397 3920 40
2424 3866 2688 3937 reperies.

2054 3957 2133 4029 (b)
2165 3957 2342 4028 Supra
2376 3959 2489 4028 jam
2519 3959 2782 4025 diximus,
2814 3959 3148 4017 Clementem
3192 3958 3634 4016 Alexandrinum

2194 4052 2361 4105 multa
2378 4053 2625 4122 epistolae
2654 4061 2858 4107 nostra:
2888 4053 3068 4123 capita
3098 4053 3173 4119 (1.
3196 4052 3500 4107 9-12.17.
3540 4052 3632 4106 l8.

2189 4143 2278 4198 21.
2327 4144 2417 4201 29..
2449 4144 2537 4199 56.
2573 4146 2662 4201 38.
2695 4146 2786 4201 ιο.
2833 4146 2923 4200 41.
2956 4145 3047 4201 48.
3088 4145 3309 4201 49.50.
3353 4145 3442 4200 51.
3485 4144 3632 4216 53.),

2194 4243 2336 4290 tecto
2378 4236 2609 4291 Romani
2640 4236 2939 4293 Clementis
2970 4239 3211 4301 nomine,
3243 4236 3631 4307 excerpsisse,

2190 4338 2243 4384 et
2294 4330 2613 4384 abbreviata
2672 4330 2817 4385 libro
2878 4338 3075 4400 quarto
3133 4328 3471 4384 Stromatum
3542 4330 3634 4385 in-

2195 4423 2435 4478 texuisse
2463 4422 2598 4493 (5i).
2627 4420 2914 4478 Eduardus
2939 4438 3069 4477 vero
3082 4420 3389 4476 Bernardus
3422 4430 3477 4476 et
3501 4418 3632 4476 Cle—

2188 4515 2339 4570 ricus
2374 4514 2427 4567 in
2472 4522 2707 4585 utraque
2737 4514 3247 4570 Amstazlodamensi
3278 4514 3631 4569 Coteleriana

2181 4609 2419 4663 editione
2447 4606 2671 4663 Patrum
2700 4608 3149 4678 apostolicorum,
3192 4607 3632 4679 suspicabantur

2186 4718 2379 4757 omnes
2408 4702 2508 4757 hos
2541 4702 2689 4757 locos
2734 4700 3166 4756 Alexandrinum
3198 4700 3380 4771 ipsum
3418 4699 3630 4756 habere

2185 4803 2487 4859 auctorem,
2515 4811 2547 4850 e
2574 4795 2736 4865 cujus
2768 4795 2908 4849 libro
2946 4793 3333 4865 interpolatum
3368 4809 3497 4850 esse
3521 4811 3631 4850 no-

2184 4898 2351 4945 stram
2377 4889 2664 4960 epistolam
2691 4887 3049 4943 contendunt.

2114 4981 2228 5038 illis
2257 4981 2497 5039 accessit
2523 4980 2848 5038 Laurentius
2862 4978 3124 5036 Mosheim
3149 4977 3216 5033 γ.
3247 4978 3312 5034 C.
3349 4979 3488 5051 (52).
3514 4978 3628 5052 Ipsi

2185 5208 2387 5264 mentis
2407 5206 2640 5277 epistola
2662 5205 2845 5277 datam
2866 5219 2992 5277 esse
3010 5203 3079 5277 ad
3104 5204 3443 5277 Corinthios.
3474 5205 3629 5257 Mac-

2182 5278 2333 5359 l't‘ium
2388 5268 2969 5359 inipngnayri‘thL.
3012 5274 3187 5354 Binck
3232 5275 3637 5359 inMUllmanni

2182 5349 2336 5405 Stud.
2365 5360 2413 5404 et
2435 5340 2577 5404 Κτιῖ.
2638 5346 2806 5403 1859.
2841 5340 2975 5400 fasc.
3032 5345 3115 5408 iv,
3144 5363 3196 5416 p.
3227 5344 3365 5399 1002
3388 5360 3472 5413 sq.

2115 5421 2230 5491 (29)
2273 5420 2531 5488 Reliquos
2590 5418 2742 5472 locos
2792 5417 3038 5487 reperies
3079 5416 3134 5471 in
3168 5417 3417 5471 Calland.
3475 5416 3623 5472 Bibl.

2077 5502 2116 5548 t.
2146 5492 2185 5551 Ι.
2222 5505 2275 5551 ι).
2308 5491 2377 5544 M-
2400 5508 2483 5551 sq.

2114 5535 2116 5543 .
2148 5505 2185 5551 I.
2222 5505 2275 5560 p.
2308 5505 2377 5544 44
2400 5508 2483 5559 sq.

2114 5562 2227 5629 (50)
2260 5559 2396 5613 Vide
2430 5574 2617 5629 supra.
2652 5558 2757 5611 col.
2790 5558 2879 5612 b7.

2115 5626 2227 5699 (3|)
2263 5631 2377 5684 Cir.
2409 5626 2531 5683 Not.
2565 5630 2599 5683 2
2630 5630 2695 5681 all
2727 5644 2776 5682 c.
2808 5629 2863 5681 9.

2119 5696 2234 5775 (32)
2269 5699 2446 5758 Instit.
2475 5700 2599 5758 hist.
2625 5700 2735 5756 chr.
2760 5701 3019 5773 majores,
3073 5714 3128 5763 ιι.
3160 5695 3287 5751 ειι.
3318 5710 3402 5766 εει.
