3908 6172
311 306 418 362 193

1535 312 1878 369 ΡΒΟαΞΜΙΛ
1920 312 2304 373 VARIORUM.

306 421 454 478 enim
485 421 540 474 in
583 419 814 490 epistola
862 431 1053 477 nostra
1106 424 1274 478 multa
1311 426 1544 494 proferri
1594 427 1883 491 videntur,
1915 430 1962 486 Α

305 529 540 585 quorum
575 514 724 568 nulla
751 521 836 569 est
863 529 988 568 cum
1017 517 1274 580 consilio,
1307 517 1624 573 Corinthios
1654 521 1722 574 ad
1749 536 1882 574 con-

3465 332 3564 387 191

2129 428 2430 487 Clementis
2448 439 2798 506 respondent,
2821 440 3096 511 simulque
3118 442 3426 500 arctissime
3440 461 3567 503 cum

2131 522 2404 591 capitibus
2428 526 2498 580 57
2527 536 2580 582 et
2603 530 2673 583 58
2699 532 2996 590 cohaerent.

304 605 551 660 eordiam
581 607 839 670 vocandi,
889 610 1166 678 cognatio.
1198 609 1417 676 Priora,
1467 613 1666 681 inquit,
1711 613 1888 667 decem
1989 606 2060 679 (δ)
2118 613 2296 683 Caput
2319 614 2554 688 denique
2576 619 2664 673 LV
2698 624 2772 677 nil
2799 625 2906 678 nisi
2947 627 3196 696 exempla
3236 628 3358 697 ejus
3386 630 3571 687 chari-

301 700 482 768 capita
524 699 769 769 quadam
815 699 1005 754 habent
1033 703 1251 772 vestigia
1293 720 1484 758 manus
1527 704 1764 773 fallacis,
1795 706 1886 759 sed

301 808 407 845 non
440 793 522 846 ita
555 792 726 845 multa
751 808 770 847 :
797 795 1128 863 persequitur
1159 805 1347 850 auctor
1374 808 1682 854 constanter
1711 802 1887 854 consi-

303 883 434 938 lium
462 902 639 940 suum.
681 887 752 940 At
781 888 952 956 capite
983 887 1068 941 XI
1095 897 1146 942 et
1184 888 1304 944 XII
1338 891 1408 943 ad
1449 891 1606 961 fidem
1633 902 1682 948 et
1709 893 1888 964 hospi-

301 977 563 1032 talitatem
594 980 1065 1034 commendandam
1095 981 1318 1047 accedit,
1347 985 1404 1037 in
1432 1001 1535 1054 quo
1555 986 1704 1040 nulla
1729 989 1886 1057 plane

301 1079 519 1136 apparet
549 1071 869 1125 cohaerentia
897 1088 1017 1124 cum
1038 1073 1472 1142 prazcedentibus.
1495 1075 1758 1143 Quocirca
1785 1095 1884 1147 pa-

299 1175 420 1212 rum
443 1160 613 1226 abest,
654 1164 781 1231 quin
822 1165 933 1218 huic
956 1165 1132 1230 capita
1172 1167 1465 1221 existimem
1501 1168 1710 1222 intrusa
1749 1187 1879 1225 esse.

2127 705 2257 760 tatis
2293 708 2524 776 profert,
2556 711 2624 767 de
2652 729 2758 784 qua
2795 716 2976 786 capite
3007 719 3355 776 antecedenti
3398 725 3568 777 verba
3676 766 3682 770 .

2131 794 2349 853 ﬁebant.

1988 882 2058 956 (ε)
2131 884 2302 941 Porro
2329 895 2591 949 nonnulla
2624 900 2824 968 capita,
2860 898 3164 957 Moshemio
3191 903 3562 973 displicentia,

2122 977 2232 1047 jam
2266 996 2296 1034 a
2334 981 2625 1043 Veteribus
2649 990 2944 1046 laudantur
2967 1002 3022 1048 et
3053 996 3314 1060 citantur,
3338 1014 3389 1053 e.
3428 1016 3480 1070 g.
3508 1016 3561 1060 c.

2126 1070 2238 1126 LIV
2271 1076 2339 1129 ab
2369 1075 2606 1149 Origene
2637 1083 2690 1136 in
2718 1082 2919 1141 loann.
2946 1101 2984 1152 ι,
3017 1087 3126 1156 29;
3152 1105 3202 1146 c.
3236 1089 3380 1146 XXV
3402 1108 3434 1146 a
3454 1092 3566 1164 Cy-

2124 1165 2249 1218 rillo
2278 1165 2493 1226 Hieros.
2527 1172 2751 1230 Catech.
2782 1176 2872 1239 18,
2899 1177 2954 1232 8.

297 1251 454 1306 Redit
499 1254 568 1306 ad
613 1256 917 1310 institutum
961 1256 1201 1312 Clemens
1231 1261 1402 1328 capite
1437 1259 1615 1325 XIII,
1659 1271 1710 1317 et
1736 1264 1792 1317 in
1820 1280 1881 1317 eo
1983 1249 2058 1325 (ζ)
2134 1255 2328 1314 Omnia
2360 1263 2540 1332 capita
2583 1266 2637 1320 in
2678 1267 2904 1324 dubium
2933 1282 3126 1327 vocata
3155 1274 3211 1329 in
3241 1275 3562 1346 antiquissi-

294 1348 468 1416 pergit
501 1347 570 1398 ad
589 1364 640 1402 τ.
669 1347 866 1404 XXII.
901 1347 1018 1403 Hoc
1038 1367 1158 1404 vero
1183 1352 1355 1421 capite
1377 1362 1603 1422 repente,
1627 1355 1778 1409 nulla
1801 1357 1880 1424 ip-

292 1453 415 1489 sum
429 1439 636 1493 ratione
659 1441 933 1506 invitante,
955 1440 1024 1495 ad
1040 1453 1406 1513 argumentum
1425 1445 1572 1515 longe
1588 1446 1737 1500 aliud
1756 1462 1881 1516 pro-

291 1539 468 1595 perat,
509 1530 579 1582 ad
615 1533 1055 1588 resurrectionem
1106 1551 1390 1605 corporum
1419 1547 1772 1602 mortuorum,
1815 1545 1878 1594 de

287 1637 397 1690 qua
419 1621 493 1674 ad
514 1633 671 1692 caput
689 1641 854 1691 usque
878 1625 984 1678 XX
997 1625 1145 1680 VIII
1157 1626 1392 1684 disserit.
1411 1629 1598 1700 Capite
1614 1631 1719 1685 XX
1733 1632 1876 1687 VIII

286 1713 530 1767 instituti
557 1717 644 1769 sui
666 1716 937 1772 recordari
955 1718 1158 1773 videtur
1182 1720 1409 1784 iterum;
1436 1732 1590 1792 atque
1607 1723 1763 1793 hujus
1784 1743 1876 1778 ca-

285 1806 414 1873 pitis
441 1807 658 1861 initium
685 1808 810 1863 bene
831 1811 1066 1866 concinit
1091 1813 1187 1881 ﬁni
1218 1815 1412 1883 capitis
1440 1783 1603 1879 XI,
1628 1783 1878 1886 diﬂicilli-
1905 1783 1950 1840 Β

287 1915 370 1951 me
397 1916 519 1953 vero
539 1916 662 1954 cum
686 1902 836 1955 exitu
857 1904 1049 1972 capitis
1075 1903 1181 1957 XX
1196 1905 1306 1959 VII
1332 1907 1487 1977 jungi
1507 1918 1698 1977 potest.
1726 1911 1877 1978 Qua-

285 2001 505 2058 propter
525 2008 647 2062 qua:
669 1993 734 2046 de
757 1993 1073 2049 cadaverum
1100 1998 1153 2050 in
1180 1999 1343 2052 vitam
1368 1999 1540 2053 reditu
1562 2004 1876 2071 prtecipiun-

287 2090 376 2135 tur
404 2099 501 2137 sea:
527 2085 820 2153 capitibus,
852 2087 1087 2157 subjecta
1125 2089 1365 2144 videntur
1391 2109 1504 2147 esse
1539 2092 1870 2152 Clementi...

288 2173 476 2246 Neque
498 2179 688 2232 melius
711 2180 957 2234 existimo
983 2180 1048 2235 de
1071 2183 1334 2250 capitibus
1358 2183 1454 2237 XL
1473 2186 1653 2240 —XL
1671 2188 1709 2241 V
1736 2199 1785 2242 et
1809 2189 1874 2244 de

284 2270 460 2334 capite
493 2267 592 2323 LV
635 2271 823 2339 quibus
869 2288 933 2325 ea
967 2272 1134 2339 legas,
1168 2291 1284 2344 qua:
1331 2277 1467 2330 nulli
1493 2288 1778 2346 potuerunt
1817 2283 1873 2336 in

284 2370 514 2414 mentem
558 2363 732 2417 venire
766 2364 873 2417 nisi
915 2364 1135 2432 homini,
1181 2369 1258 2420 rei
1287 2384 1447 2438 quam
1492 2372 1626 2441 agit,
1651 2387 1871 2440 prorsus

283 2451 606 2508 immemori.

353 2543 516 2610 Quod
537 2545 801 2604 Bernardi
817 2557 870 2604 et
889 2550 1084 2608 Clerici
1101 2553 1295 2608 attinet
1312 2558 1868 2626 argumentationem,

252 2635 424 2692 bene
451 2637 738 2694 Wottonus
783 2641 898 2713 (55)
933 2646 1005 2698 ita
1045 2645 1273 2702 disserit
1306 2665 1320 2700 :
1353 2648 1510 2703 Irriti
1542 2661 1716 2707 tamen
1747 2663 1871 2708 sunt

281 2730 443 2800 hujus
484 2743 729 2789 conatus.
789 2736 894 2802 Qui
948 2740 1086 2792 enim
1136 2739 1231 2794 hoc
1297 2743 1452 2798 modo
1488 2760 1556 2798 ea:
1605 2745 1872 2802 Clemente

280 2825 655 2879 Alexandrino
697 2831 894 2898 arguit,
923 2842 1015 2885 aut
1055 2849 1174 2886 eum
1221 2852 1328 2888 non
1380 2837 1539 2905 probe
1583 2842 1745 2904 novit,
1776 2850 1871 2895 aut

279 2919 428 2971 mala
451 2919 561 2987 ﬁde
587 2922 714 2990 agit.
741 2921 942 2977 Eadem
965 2926 1103 2995 enim
1132 2929 1336 2982 ratione
1365 2939 1542 2984 actum
1564 2934 1666 2986 erit
1689 2933 1753 2988 de
1771 2951 1870 2988 au-

278 3011 484 3064 thentia
515 3020 564 3065 et
580 3013 684 3081 ﬁde
701 3031 882 3068 eorum
902 3020 1154 3080 omnium,
1173 3020 1266 3090 qui
1291 3038 1324 3075 a
1350 3019 1615 3078 Clemente
1636 3026 1871 3080 Alexan-

274 3101 436 3157 drino
475 3121 700 3174 usquam
732 3110 986 3173 citantur,
1021 3115 1356 3181 scriptorum.
1390 3115 1561 3172 Nemo
1586 3120 1727 3173 enim
1758 3120 1869 3175 Pa-
1892 3137 1937 3196 α

279 3205 423 3248 trum
442 3198 650 3266 majore
681 3200 894 3254 licentia
920 3219 1046 3257 usus
1076 3216 1152 3259 est
1177 3207 1232 3260 in
1261 3210 1491 3263 citandis
1534 3213 1862 3278 auctoribus,

275 3289 387 3341 sive
415 3293 616 3355 sacris,
645 3293 751 3346 sive
782 3295 1036 3358 ethnicis;
1062 3313 1180 3350 cum
1211 3300 1258 3352 ei
1281 3300 1334 3354 in
1365 3317 1509 3356 more
1537 3305 1627 3367 sit,
1653 3321 1758 3359 non
1783 3307 1867 3359 in-

277 3389 428 3450 tegra
459 3393 744 3438 auctorum
774 3387 929 3441 verba
954 3405 1158 3458 semper
1191 3392 1438 3458 recitare,
1475 3395 1566 3448 sed
1596 3412 1692 3465 pro
1719 3399 1866 3452 arbi-

275 3477 383 3528 trio
423 3493 526 3529 suo
552 3495 690 3532 nunc
719 3481 1046 3547 contrahere,
1073 3501 1212 3540 nunc
1239 3487 1304 3542 de
1331 3505 1428 3542 suo
1466 3490 1716 3557 inserere,
1753 3493 1865 3548 alia

274 3569 544 3633 omittere,
569 3572 681 3624 alia
710 3573 873 3627 variis
897 3574 1069 3631 modis
1098 3588 1326 3634 mutare.

345 3680 656 3739 Moshemio
687 3684 925 3758 denique
957 3689 1032 3744 ita
1065 3693 1503 3762 respondeamus
1533 3715 1545 3751 :

273 3795 354 3862 (α)
387 3797 564 3867 Capp.
600 3797 670 3852 Χῐ
706 3810 760 3856 et
799 3801 894 3856 XII
933 3803 1181 3874 epistolae
1218 3815 1426 3864 nostra:
1469 3826 1593 3866 eum
1634 3824 1856 3872 antece-

415 3889 682 3948 dentibus
714 3893 852 3949 bene
887 3897 1188 3961 cohterent,
1221 3902 1426 3972 quippe
1457 3920 1578 3974 quae
1609 3907 1858 3964 eamdem

413 3997 547 4037 cum
573 3985 660 4040 his
692 3989 976 4043 materiam
1018 3997 1277 4058 tractent,
1314 3997 1526 4052 invidiae
1553 3998 1862 4056 Corinthio-

417 4091 542 4129 rum
559 4080 810 4150 exempla
838 4080 1242 4150 hospitalitatis,
1273 4086 1494 4156 pietatis
1520 4097 1574 4146 et
1603 4090 1729 4147 lidei
1760 4107 1860 4164 op-

416 4177 661 4237 ponant,
695 4171 970 4244 simulque
1013 4190 1206 4245 pinnas
1245 4178 1587 4236 dissensionis
1633 4182 1718 4254 (c.
1753 4183 1857 4256 X1)

414 4261 735 4322 ostendant.

2125 1364 2212 1403 mo
2242 1350 2335 1405 illo
2368 1355 2557 1410 codice
2584 1357 2954 1416 Alexandrino
2977 1366 3346 1432 reperiuntur.

1982 1439 2063 1512 (η)
2135 1441 2314 1508 Quum
2354 1448 2582 1515 ePistola
2628 1451 2924 1510 Clementis
2968 1457 3185 1525 publice
3214 1459 3267 1513 in
3293 1459 3560 1521 Εειειθείίε

2122 1538 2525 1608 przeiegeretur,
2572 1543 2664 1597 vix
2714 1545 2830 1601 ﬁeri
2875 1555 3112 1618 poterat,
3143 1559 3201 1605 ut
3230 1553 3299 1608 ab
3339 1553 3560 1611 homine

2122 1629 2373 1699 improbo
2398 1631 2718 1691 ftedaretur.

1983 1715 2061 1789 (Θ)
2135 1718 2275 1790 Styli
2306 1736 2370 1777 ac
2392 1726 2666 1782 orationis
2689 1728 2985 1786 diversitas
3008 1733 3205 1789 nullibi
3237 1736 3292 1790 in
3321 1737 3556 1808 epistola

2116 1821 2306 1868 nostra
2330 1826 2412 1871 est
2440 1821 2780 1888 reperienda.

2047 1901 2134 1958 Vl.
2167 1903 2552 1964 Recentiorum
2589 1922 2895 1984 temporum
2921 1919 3023 1975 viri
3058 1919 3208 1976 docti
3249 1930 3306 1977 et
3331 1924 3558 1978 authen-

1977 1997 2106 2050 tiam
2136 2007 2190 2053 et
2217 2001 2569 2070 integritatem
2608 2008 2798 2077 primae
2843 2010 3142 2069 Clementis
3188 2015 3432 2086 epistolae
3485 2019 3553 2073 ad

1977 2105 2145 2144 unum
2176 2107 2367 2149 omnes
2398 2108 2723 2168 agnoscunt,
2751 2109 2806 2156 et
2831 2105 2983 2158 nulla
3016 2105 3130 2175 jam
3161 2109 3380 2177 gravior
3394 2110 3557 2164 dubi-

1974 2185 2111 2238 tatio
2127 2185 2230 2240 hac
2251 2188 2318 2242 de
2351 2205 2408 2244 re
2440 2202 2708 2248 movetur.
2739 2193 2914 2261 Quem
2941 2198 3270 2255 onimlateat
3297 2201 3555 2268 primawa

1975 2276 2320 2347 simplicitas,
2343 2297 2451 2352 qua
2490 2290 2740 2350 ornatur,
2770 2290 3087 2360 evangelica
3128 2293 3418 2362 sapientia,
3446 2309 3555 2363 qua

1973 2369 2211 2433 excellit,
2237 2374 2536 2442 apostolica
2560 2378 2894 2447 praadicatio,
2926 2397 3087 2454 quam
3112 2384 3403 2439 sonathzec
3429 2384 3551 2440 Cle-

1973 2463 2172 2516 mentis
2212 2466 2474 2534 epistola?
2506 2467 2697 2526 Nonne
2725 2474 2842 2528 viro
2877 2475 3178 2545 apostolico
3220 2493 3285 2532 ea
3320 2493 3380 2532 se
3415 2493 3554 2547 prte-

1973 2550 2064 2607 bet
2090 2554 2505 2625 dignissimam?
2527 2560 2723 2617 Omnia
2754 2580 2889 2621 sane
2919 2566 2969 2622 ei
3005 2570 3305 2625 authentite
3345 2571 3550 2628 indicia

1975 2644 2197 2702 adsunt.
2231 2648 2374 2706 Audi
2403 2650 2726 2711 Wottonum
2763 2658 2876 2730 (54)
2908 2675 2925 2714 :
2966 2658 3032 2714 In
3061 2662 3181 2728 illa,
3215 2663 3414 2734 inquit,
3446 2681 3551 2718 non

1972 2738 2199 2793 violatur
2228 2744 2472 2813 temporis
2504 2748 2666 2813 ratio,
2696 2750 2831 2804 nihil
2858 2761 3047 2808 contra
3077 2754 3406 2827 (antiquam)
3445 2757 3546 2811 Ec-

1971 2827 2147 2883 clesite
2191 2831 2531 2904 disciplinam
2568 2840 2902 2908 instituitur;
2947 2845 3081 2899 nihil
3119 2857 3307 2902 contra
3349 2849 3552 2904 doctri-

1971 2935 2096 2973 nam
2129 2921 2491 2981 Christianam
2531 2933 2871 3000 prtecipitur;
2900 2937 3070 3007 stylus
3100 2954 3164 2992 ac
3199 2939 3407 2996 dicendi
3441 2959 3551 2997 me-

1971 3013 2160 3069 thodus
2198 3020 2438 3084 proxime
2485 3025 2738 3079 accedunt
2773 3026 2844 3079 ad
2877 3025 3085 3083 Novum
3133 3029 3547 3102 Testamentum,

1970 3121 2133 3178 neque
2163 3109 2384 3179 aliquid,
2425 3113 2564 3182 quod
2593 3132 2696 3170 non
2725 3127 2804 3170 est
2834 3121 3065 3174 maxime
3093 3122 3203 3176 viro
3251 3127 3547 3192 apostolico

1971 3200 2207 3270 dignum,
2241 3203 2294 3256 in
2324 3220 2387 3258 ea
2419 3209 2696 3274 reperitur.
2722 3207 2787 3262 Et
2813 3211 2920 3266 alio
2947 3212 3066 3266 loco
3085 3213 3230 3285 (55):
3263 3214 3372 3270 Illa
3400 3219 3476 3271 vis
3495 3227 3548 3272 et

1968 3294 2218 3365 ἐνέργεια
2246 3295 2424 3350 divina
2451 3297 2638 3368 ubique
2668 3301 2723 3354 in
2743 3317 2802 3355 eo
2827 3302 3148 3376 (Clemente)
3171 3307 3412 3380 refulget,
3429 3327 3548 3380 qua:

1966 3403 2063 3440 suo
2090 3387 2296 3457 fulgore
2325 3390 2562 3458 percellit
2590 3393 2830 3447 animum
2858 3394 3106 3466 legentis;
3128 3399 3278 3468 adeo,
3309 3410 3366 3454 ut
3397 3417 3546 3471 ptem

1965 3478 2162 3544 dicam,
2195 3477 2459 3546 Spiritum
2491 3482 2612 3550 Dei,
2640 3501 2746 3539 non
2778 3485 3040 3542 hominem
3080 3491 3135 3544 in
3154 3507 3214 3546 eo
3252 3492 3544 3564 loquentem

1963 3572 2187 3626 sentias.

2034 3663 2189 3736 Hugo
2215 3665 2439 3722 Grotius
2456 3666 2568 3740 (36)
2593 3684 2700 3725 non
2726 3671 2997 3728 simulatae
3023 3676 3314 3733 vetustatis
3338 3676 3541 3732 iudicia

1964 3758 2021 3815 in
2060 3760 2292 3831 epistola
2327 3769 2517 3818 nostra
2567 3765 2798 3834 reperiri
2841 3768 3122 3824 contendit
3154 3785 3169 3822 :
3204 3769 3283 3825 De
3327 3767 3545 3826 Christo

1962 3867 2162 3920 semper
2191 3852 2444 3922 loquitur,
2472 3871 2576 3909 non
2602 3865 2660 3909 ut
2690 3859 3006 3925 posteriores
3032 3859 3544 3935 πλατωνικώτερον,

1960 3945 2051 3998 sed
2084 3944 2393 4013 simpliciter
2435 3946 2624 4014 plane,
2653 3957 2703 4002 et
2732 3957 2791 4002 ut
2832 3948 3040 4006 Paulus
3069 3953 3355 4024 Apostolus
3384 3957 3541 4013 solet.

1959 4036 2084 4090 Alia
2111 4053 2310 4107 quoque
2330 4037 2604 4109 dogmata,
2627 4052 2812 4111 postea
2833 4044 3086 4100 subtilius
3113 4047 3397 4117 explicata,
3428 4059 3542 4104 tra-

1959 4138 2068 4182 ctat
2097 4129 2474 4202 ἀφελέστερον,
2503 4142 2555 4187 et
2586 4134 2793 4189 vocibus
2821 4135 3086 4209 κλήσεως,
3115 4138 3353 4212 κλτμςῶν,
3385 4139 3540 4194 ἐκλε-

1958 4222 2122 4286 κτῶν,
2148 4240 2304 4278 sensu
2329 4224 2486 4292 plane
2523 4224 2751 4280 Paulino
2779 4229 2972 4286 utitur.

2029 4311 2143 4370 VII.
2173 4314 2367 4386 Magna
2391 4315 2495 4371 fuit
2519 4319 2662 4388 apud
2706 4325 2920 4374 veteres
2941 4320 3189 4390 epistolae
3210 4329 3417 4378 nostra:
3437 4338 3542 4378 au-

270 4374 350 4445 (β)
384 4375 501 4431 Nec
529 4380 710 4449 capita
741 4380 1201 4440 XXIII—XXVIII
1225 4402 1256 4441 a
1286 4389 1523 4444 consilio
1558 4389 1856 4451 Clementis

1980 4406 2206 4471 :toritas,
2223 4374 2384 4478 quam
2417 4374 2655 4465 Irenaaus
2673 4374 3010 4483 iuvenem-xv
3286 4413 3537 4488 (37),Eu-

416 4478 630 4523 remota
657 4481 806 4528 sunt.
836 4473 1280 4535 Resurrectionis
1304 4481 1450 4536 enim
1471 4482 1728 4541 Clemens
1761 4496 1856 4542 aut

1980 4500 2146 4555 sebius
2177 4473 2419 4573 perﬂuit
2444 4518 2506 4555 τε
2532 4503 2628 4557 καὶ
2655 4473 2976 4574 θαυμασίαν.
2996 4473 3110 4576 (δέ)
3141 4473 3536 4576 έρβείιειίῬιι-

415 4561 544 4616 ideo
571 4565 841 4631 meminit,
869 4569 996 4638 quia
1025 4571 1343 4628 testelCor.
1374 4574 1465 4637 15.
1490 4576 1578 4641 12,
1603 4580 1853 4634 nonnulli

411 4654 830 4714 Corinthiorum
868 4665 1330 4720 resurrectionem
1377 4679 1718 4726 mortuorum
1749 4688 1854 4728 ne-

410 4749 654 4819 gabant;
687 4760 782 4806 aut
821 4753 944 4810 ideo
966 4796 980 4820 ,
1017 4765 1079 4811 ut
1107 4773 1192 4822 ea,
1233 4775 1355 4830 qua:
1391 4760 1587 4818 Noster
1615 4780 1667 4820 c.
1695 4765 1760 4820 21
1797 4774 1854 4822 et

408 4843 487 4898 22
513 4846 583 4900 de
626 4848 806 4916 pcenis
839 4849 1212 4921 improborum
1255 4853 1504 4921 dixerat,
1547 4855 1853 4928 probaren-

410 4943 527 4993 tur.

264 5028 345 5100 (γ)
372 5029 571 5100 Capita
592 5030 901 5088 XL—XLV
923 5045 1108 5106 aperte
1125 5036 1178 5092 id
1207 5046 1395 5108 agunt,
1426 5047 1485 5094 ut
1507 5039 1848 5109 Corinthios,

409 5131 607 5176 contra
637 5125 845 5182 clerum
891 5129 1222 5185 rebellantes
1243 5171 1260 5198 ,
1297 5131 1366 5185 ad
1400 5134 1752 5189 concordiam
1796 5145 1850 5191 et

1957 4592 2098 4648 blice
2122 4608 2266 4657 eam,
2303 4594 2606 4663 praesertim
2644 4594 2838 4652 diebus
2861 4597 3181 4662 Dominicis,
3213 4599 3268 4653 in
3295 4602 3536 4656 nonnul-

1957 4685 2025 4739 lis
2044 4684 2302 4741 Ecclesiis
2335 4685 2504 4742 fuisse
2530 4686 2865 4756 prtelectam,
2894 4687 3188 4761 Dionysius
3213 4691 3538 4750 Corinthius

1957 4775 2091 4847 (39),
2112 4775 2382 4832 Eusebius
2401 4777 2536 4850 (40),
2555 4776 2920 4850 Hieronymus
2946 4779 3082 4852 (41),
3106 4789 3159 4837 et
3173 4780 3403 4840 Photius
3418 4786 3534 4861 (42)

1956 4876 2249 4925 testantur.

2023 4961 2250 5017 Minoris
2280 4978 2400 5018 eam
2430 4962 2662 5021 Phntius
2707 4963 2824 5036 ipse
2859 4967 3190 5038 aestimabat,
3230 4972 3377 5041 quod
3405 4973 3531 5029 Cle-

1952 5069 2107 5109 mens
2138 5054 2374 5110 muudos
2405 5065 2560 5112 trans
2618 5071 2886 5112 oceanum
2918 5060 3154 5116 existere
3197 5076 3529 5134 supponeret

1953 5145 2025 5216 (c.
2049 5145 2166 5215 20),
2199 5145 2473 5216 phtenicis
2503 5146 2624 5203 avis
2661 5150 2916 5219 exemplo
2946 5159 3206 5222 tanquam
3235 5155 3529 5210 verissimo

407 5214 803 5282 subjectionem
825 5231 1165 5279 revocarent.
1190 5222 1406 5293 Optime
1430 5225 1595 5298 igitur
1613 5229 1849 5289 consilio
1949 5214 2297 5311 uteretur-(c.
2340 5236 2456 5307 25),
2487 5239 2742 5311 quodque
2775 5214 3092 5299 Pontiﬁcem
3121 5245 3528 5319 Praesidemquo

335 5392 454 5532 ('55)
484 5395 543 5448 In
576 5394 728 5452 Notis
758 5397 825 5452 ad
849 5395 871 5451 Ι
894 5399 1090 5465 Clem..
1114 5416 1165 5460 c.
1192 5401 1245 5458 9.

361 5465 452 5532 54)
479 5463 640 5521 Praef.
670 5483 723 5532 p.
755 5484 897 5524 [ενι.

361 5465 452 5533 54)
479 5463 640 5521 Praef.
670 5483 723 5533 p.
755 5484 897 5524 CCVI.

363 5535 453 5605 35)
488 5534 543 5590 In
575 5534 815 5594 Oed:cat.

364 5605 455 5673 36)
492 5607 548 5661 In
576 5606 759 5685 Epist._
786 5610 853 5664 ad
887 5609 1234 5685 Big‘nonium.
1264 5613 1407 5683 apud
1462 5613 1721 5685 C0teler.,
1744 5615 1836 5675 ed.

281 5673 654 5758 PutrLapolstI,
679 5689 718 5733 t.
742 5677 782 5743 Ι,
818 5673 1015 5758 p.131}.
1044 5673 1265 5754 (Sup'a,
1300 5673 1405 5741 col.
1441 5685 1556 5758 47.)

338 5745 456 5818 (37)
481 5748 612 5805 Adv.
631 5749 786 5818 Imm,
817 5764 904 5816 tu,
938 5753 989 5807 5.

2019 5403 2133 5472 (58)
2170 5404 2243 5464 II.
2277 5404 2345 5462 E.
2376 5409 2573 5472 "1,16.

2021 5474 2134 5553 (.'_59)
2167 5477 2320 5553 l_\_pu_d
2348 5478 2547 5553 Eusebi.
2581 5479 2656 5537 Il.
2692 5481 2757 5538 E.
2785 5501 2859 5553 Iv,
2893 5488 2988 5545 35.
3087 5519 3090 5522 ο

2017 5545 2128 5613 (in)
2169 5545 2237 5600 ll.
2270 5547 2333 5601 E.
2374 5566 2450 5608 tu.
2481 5548 2566 5607 I6.

2015 5616 2124 5688 (ll)
2154 5618 2326 5671 tlutal.
2365 5633 2546 5688 script.
2578 5621 2705 5675 eccl.
2732 5637 2785 5677 c.
2826 5623 2918 5680 15.

2019 5687 2128 5756 (4:!)
2167 5688 2414 5744 Biblioth.
2437 5687 2557 5748 eod.
2580 5707 2737 5747 cun.
