3908 6172
396 291 501 347 195

391 404 682 458 Dominum
769 413 1020 460 nostrum
1082 401 1271 458 Jcsum
1345 400 1629 459 Christum
1698 403 1979 473 appellans
2007 408 2053 466 Α

388 494 466 567 (c.
497 495 615 567 36),
649 494 775 551 illas
794 493 908 549 Deo
935 495 1327 551 convenientes
1358 508 1422 550 ac
1439 495 1791 552 sublimiores
1819 493 1889 551 de
1908 510 1974 551 eo

391 604 561 645 voces
591 602 703 643 non
735 588 1075 659 protulisset.

462 679 601 736 Vlll.
631 678 751 735 lam
791 678 860 735 de
891 688 1156 749 tempore,
1189 692 1303 749 quo
1331 677 1509 750 prima
1536 676 1839 735 Clementis
1858 678 1976 750 epi-

389 773 530 828 stola
564 773 771 842 scripta
795 770 982 835 fuerit,
1015 770 1381 841 disputemus.

459 862 737 935 Scriptam
760 879 882 919 eam
904 878 1027 919 esse
1060 863 1209 918 brevi
1249 869 1377 934 post
1402 860 1840 934 persecutionem
1873 860 1970 917 sli-

387 972 575 1028 quam,
608 962 829 1011 constat
856 971 920 1010 ex
949 954 1070 1025 ipsa
1090 954 1347 1025 epistola,
1375 968 1427 1008 c.
1449 951 1490 1009 Ι.
1524 952 1662 1010 Esse
1688 954 1774 1010 vel
1800 952 1975 1010 Nero-

390 1048 480 1105 nis
509 1050 595 1104 vel
620 1046 913 1102 Domitiani
943 1046 1378 1117 persecutionem
1410 1060 1571 1101 nemo
1585 1045 1818 1101 dubitat.
1838 1044 1974 1101 Gra-

390 1138 777 1212 hius,Pagius,
806 1138 1025 1205 Orslus,
1052 1138 1396 1203 Gallandius,
1427 1136 1723 1194 Wottonus
1746 1138 1970 1209 aliique,

392 1230 624 1290 Neronis
642 1232 1031 1302 persecutione
1063 1229 1373 1296 desinente,
1400 1230 1649 1301 proxime
1676 1238 1800 1301 post
1822 1230 1972 1300 Apo-

390 1324 658 1378 stolorum
705 1321 855 1379 Petri
908 1328 962 1377 et
1013 1320 1171 1376 Pauli
1204 1323 1564 1394 martyrium,
1608 1322 1756 1378 circa
1803 1322 1868 1378 A.
1901 1321 1972 1379 68

391 1416 658 1485 scriptam
688 1430 809 1470 eam
838 1429 964 1470 esse
1004 1415 1371 1470 contendunt.
1412 1414 1720 1472 Cotelerius
1763 1424 1969 1482 autem,

388 1504 774 1564 'I‘illemontius
802 1514 857 1563 et
886 1507 1191 1579 Lumpcrus
1209 1549 1224 1572 ,
1250 1509 1537 1566 Domitiani
1591 1509 1972 1579 persecutione

387 1599 693 1665 desinente,
740 1601 886 1657 circa
926 1615 983 1658 a.
1020 1600 1089 1655 96
1124 1602 1209 1657 vel
1249 1602 1322 1658 97
1359 1617 1480 1657 eam
1509 1610 1791 1658 exaratam
1822 1602 1972 1658 arbi-

387 1699 629 1749 trantur.

1518 288 1611 345 AD
1650 288 1707 344 S.
1744 285 2171 344 CLEMENTEM
2209 286 2229 342 l
2267 288 2498 344 PAPAM

3555 302 3659 358 196

2221 402 2533 461 Lardnerus
2561 410 2616 459 et
2647 404 2739 458 alii
2769 407 3078 477 exemplum
3098 407 3316 481 Iosephi
3339 409 3507 469 Flavii
3530 431 3661 485 pro-

2217 493 2483 559 ferebant,
2521 496 2613 565 qui
2656 513 2713 552 a.
2741 496 2813 550 9'5
2842 513 2894 566 p.
2922 498 3024 552 Ch.
3055 516 3111 555 n.
3138 500 3207 555 de
3235 502 3526 559 sacriﬁciis
3550 521 3663 562 non

2218 586 2377 641 aliter
2417 586 2743 658 disputavit,
2780 602 2846 644 ac
2887 588 2935 644 si
2983 592 3247 662 templum
3283 594 3465 650 adhuc
3488 599 3664 652 exsti-

2216 679 2376 734 tisset
2418 679 2553 749 (J6).

2146 767 2253 825 Sed
2277 784 2366 826 res
2395 779 2651 842 utraque,
2681 770 2905 845 Josephi
2935 784 2990 831 et
3012 774 3333 843 Clementis,
3359 777 3519 851 longe
3550 780 3666 836 dis—

2073 861 2273 921 similis
2321 872 2427 919 est.
2457 861 2751 936 Josephus,
2789 882 2980 923 sacros
3011 870 3198 940 populi
3234 871 3321 926 sui
3376 872 3516 927 ritus
3557 873 3661 929 dc-

2075 955 2349 1021 scribens,
2392 970 2490 1026 per
2525 957 2777 1027 figuram,
2830 959 3109 1016 historicis
3151 976 3263 1016 non
3315 963 3661 1030 inusitatam,

2073 1046 2353 1116 praesenti,
2382 1046 2531 1115 quod
2559 1045 2817 1113 dicimus,
2860 1047 3127 1104 historico
3166 1051 3357 1106 utitur.
3401 1050 3663 1107 Clemens

2074 1145 2279 1201 autem,
2304 1146 2365 1193 ut
2397 1139 2721 1195 Corinthios
2746 1140 2817 1194 ad
2845 1140 3095 1199 ordinem
3127 1140 3456 1197 servandum
3490 1143 3664 1198 addu-

2073 1238 2243 1295 ceret,
2268 1231 2565 1289 lectoribus
2586 1232 2834 1289 ordinem
2856 1232 3071 1289 Judaici
3102 1234 3285 1289 cultus
3314 1244 3441 1290 ante
3464 1238 3659 1294 oculos

2070 1323 2248 1393 ponit.
2279 1322 2437 1389 Quod
2472 1324 2520 1379 si
2551 1331 2732 1381 autem
2768 1326 3031 1397 templum
3064 1326 3179 1397 jam
3219 1325 3415 1384 fuisset
3436 1327 3659 1383 destru-

2071 1419 2245 1478 ctum,
2267 1419 2383 1468 tota
2414 1412 2471 1468 S.
2517 1412 2697 1470 Patris
2743 1417 3143 1486 argumentatio
3178 1416 3375 1473 fuisset
3414 1417 3659 1483 infirma,

2072 1500 2301 1572 ipsaque
2346 1502 2693 1560 adversarios
2739 1504 3046 1569 invitasset,
3105 1513 3166 1561 ut
3209 1506 3458 1562 dicerent
3499 1526 3515 1562 :
3561 1523 3655 1572 en,

2071 1594 2358 1650 eversione
2398 1595 2586 1665 templi
2621 1594 3106 1667 Hierosolymitani
3146 1596 3292 1653 Deus
3332 1598 3448 1669 ipse
3486 1606 3659 1654 testa—

2075 1694 2165 1742 tus
2193 1696 2299 1751 est,
2349 1689 2513 1744 talem
2544 1689 2792 1745 ordinem
2844 1690 2948 1746 sibi
2987 1706 3100 1746 non
3145 1706 3270 1747 esse
3313 1701 3655 1762 exoptatum.

458 1785 598 1843 Τοιι
639 1787 754 1843 haec
798 1787 1028 1859 quaestio
1086 1786 1347 1843 facillime
1385 1796 1574 1859 posset
1618 1787 1871 1853 dissolvi,
1923 1789 1971 1844 si
2003 1768 2047 1825 Β
2144 1779 2224 1835 Ex
2253 1781 2340 1838 his
2370 1780 2701 1851 colligimus,
2745 1783 3037 1853 epistolam
3080 1790 3326 1839 nostram
3367 1785 3660 1840 desinente

385 1883 604 1949 tempus
665 1878 992 1935 Clementini
1058 1880 1411 1950 episcopatus
1462 1881 1623 1951 plane
1670 1887 1966 1937 constaret.

385 1968 467 2024 Ex
492 1985 663 2043 supra
695 1969 859 2028 dictis
887 1980 1069 2028 autem
1104 1973 1495 2037 intelleximus,
1533 1974 1969 2029 ecclesiasticum

382 2059 686 2117 Clementis
714 2062 960 2133 regimen
995 2069 1091 2116 aut
1113 2062 1278 2118 annis
1318 2061 1556 2130 68—77,
1595 2071 1690 2118 aut
1722 2062 1964 2119 92—101

382 2170 509 2212 esse
537 2153 908 2211 tribuendum.

454 2246 637 2313 Quum
667 2260 800 2301 vero
835 2259 926 2301 res
972 2245 1049 2301 ita
1089 2260 1150 2302 se
1193 2247 1416 2314 habeat,
1457 2248 1747 2320 epistolam
1795 2250 1968 2322 ipsam

384 2338 770 2410 inspiciamus,
804 2338 1068 2409 temporis
1094 2339 1297 2395 indicia
1321 2340 1727 2412 investigaturi.

382 2431 462 2502 (ι)
498 2430 1033 2502 Clemensomartyrii
1067 2430 1462 2502 Apostolorum
1504 2431 1653 2488 Petri
1696 2441 1753 2489 ct
1811 2434 1969 2492 Pauli

526 2522 707 2593 capite
726 2521 759 2576 5
780 2524 1115 2578 mentionem
1144 2522 1353 2579 faciens
1391 2523 1467 2577 ait
1498 2537 1514 2579 :
1568 2525 1849 2597 Ἔλθωμεν
1876 2528 1971 2582 ἐπὶ

522 2612 664 2680 τοὺς
690 2613 937 2683 ἔγγιστα
976 2616 1298 2686 γενομένους
1340 2614 1595 2688 ἀθλητάς.
1629 2614 1758 2673 lnde
1796 2634 1967 2689 appa-

522 2712 626 2769 ret,
659 2705 946 2777 epistolam
968 2714 1210 2761 nostram
1232 2722 1342 2761 non
1374 2708 1546 2761 multo
1565 2716 1689 2778 post
1712 2724 1969 2778 persecu-

524 2795 729 2852 tionem
753 2794 988 2853 Neronis
1018 2806 1298 2854 exaratam
1326 2814 1469 2854 esse.

381 2883 465 2957 (ιι)
500 2884 692 2957 Capite
727 2885 761 2942 6
804 2889 1113 2959 persecutio
1159 2904 1337 2960 nuper
1386 2890 1737 2962 praeterlapsa
1773 2890 1846 2963 (c.
1887 2892 1963 2965 1),

523 2978 660 3033 adeo
699 2987 950 3045 cruenta,
1004 2986 1059 3035 et
1113 2980 1411 3037 multitudo
1465 2993 1768 3056 martyrum
1812 2993 1966 3041 tanta

519 3072 885 3138 describitur.
931 3083 990 3129 ut
1031 3074 1287 3142 Neronis,
1337 3092 1447 3133 non
1487 3076 1785 3134 Domitiani
1826 3084 1965 3133 tem-
1988 3110 2033 3169 ρ

519 3180 652 3235 pora
692 3166 1025 3224 iudicentur.
1065 3167 1337 3240 Ingentem
1371 3170 1518 3225 enim
1566 3169 1961 3225 multitudinem

520 3260 627 3314 sub
664 3257 882 3317 Nerone
920 3261 1222 3317 cruciatam
1256 3263 1449 3330 fuisse,
1485 3260 1711 3319 Tacitus
1749 3261 1961 3324 (eadem

517 3363 652 3405 sane
681 3350 889 3421 phrasi,
914 3368 1021 3423 qua
1050 3351 1222 3408 utitur
1261 3352 1320 3409 8.
1352 3353 1535 3420 Pater,
1568 3354 1704 3408 πολὺ
1736 3353 1960 3425 πλῆθος)

518 3440 679 3497 nobis
718 3442 890 3498 refert
915 3444 1060 3515 (i3);
1088 3445 1156 3500 de
1190 3443 1503 3500 Domitiano
1529 3453 1710 3501 autem
1740 3442 1960 3500 Tertul—

519 3536 701 3593 lianus
724 3536 800 3591 ita
834 3535 1083 3606 loquitur
1117 3555 1131 3591 :
1166 3536 1481 3591 Tentaverat
1514 3545 1564 3590 et
1596 3535 1957 3600 Domitianus,

516 3629 691 3690 portio
728 3626 958 3681 Neronis
983 3626 1046 3681 de
1082 3628 1415 3693 crudelitate,
1449 3627 1539 3683 sed
1579 3645 1683 3699 qua
1708 3638 1758 3682 et
1781 3628 1957 3694 homo,

517 3719 675 3790 facile
711 3730 932 3787 coeptum
975 3721 1246 3789 repressit,
1290 3720 1551 3775 restitutis
1606 3721 1770 3774 etiam
1829 3737 1958 3791 quos

518 3814 835 3885 relegaverat
861 3812 976 3885 (M)

375 3904 455 3977 (c)
504 3904 677 3977 Capp.
721 3906 757 3960 5
790 3915 846 3962 et
880 3906 936 3971 6,
982 3906 1168 3962 nullus
1203 3911 1283 3961 tot
1313 3905 1606 3962 illustrium
1631 3914 1958 3979 martyrum,

517 3998 611 4069 qui
642 3999 746 4054 sub
771 3997 1077 4054 Domitiano
1099 3998 1247 4070 passi
1274 4006 1422 4062 sunt,
1458 4000 1771 4054 nominatur
1802 4017 1817 4054 :
1848 4013 1959 4053 non

516 4088 735 4147 Flavius
782 4089 1057 4154 Clemens,
1109 4104 1221 4145 non
1294 4089 1503 4144 Acilius
1553 4087 1797 4155 Glabrio,
1847 4105 1957 4145 non

515 4183 698 4239 Flavia
720 4182 1013 4247 Domitilla,
1036 4199 1146 4239 non
1160 4182 1400 4239 Joannes
1422 4181 1796 4253 Evangelista;
1820 4199 1954 4254 quo-

516 4290 637 4328 rum
676 4274 935 4343 aliquem,
978 4281 1040 4327 ut
1080 4271 1389 4328 Cardinalis
1420 4271 1547 4327 Orsi
1602 4270 1716 4343 (45)
1749 4280 1952 4337 monet,

516 4367 711 4423 saltem
744 4372 1103 4422 memorasset
1133 4363 1193 4420 S.
1236 4362 1419 4430 Pater,
1451 4364 1499 4419 si
1526 4375 1651 4436 post
1692 4363 1956 4418 Domitia-

511 4470 668 4511 neam
700 4456 1133 4526 persecutionem
1168 4454 1501 4525 scripsisset.

371 4544 456 4619 (d)
495 4547 635 4601 Ante
664 4545 958 4602 Domitiani
988 4554 1256 4617 tempora,
1291 4553 1347 4599 et
1374 4546 1536 4615 paulo
1569 4553 1694 4616 post
1724 4542 1955 4601 Nemnis

513 4641 945 4711 persecutionem
967 4640 1256 4711 epistolam
1274 4646 1514 4694 nostram
1531 4636 1791 4708 scriptam
1807 4652 1950 4705 esse,

513 4728 710 4784 suadet
731 4730 914 4785 cultus
934 4727 1149 4784 Iudaici
1174 4728 1400 4791 mentio,
1433 4727 1487 4781 in
1523 4727 1726 4796 templo
1757 4725 1950 4780 Hiero-

512 4817 841 4888 solymitano
864 4825 998 4872 tunc
1029 4817 1210 4872 adhuc
1251 4823 1433 4871 stante
1479 4815 1733 4885 vigentis.
1775 4815 1946 4887 Capp.

512 4910 585 4965 40
620 4918 677 4964 et
709 4908 804 4964 41.
848 4908 932 4963 Ad
974 4907 1348 4965 enervandum
1400 4908 1508 4963 hoc
1562 4898 1945 4977 argumentum

437 5077 551 5148 (45)
578 5077 777 5133 Annal.
806 5092 895 5143 xv,
928 5093 979 5133 c.
1012 5077 1198 5133 Διὶ-44.

438 5150 551 5219 (48)
586 5149 831 5219 ᾼροιος..
864 5166 914 5219 t3.
945 5148 1000 5201 5.

441 5212 556 5343 (45)
586 5212 921 5281 1ἑιον.ὶσει.,
954 5227 992 5270 t.
1014 5214 1055 5281 Ι,
1084 5232 1138 5286 ρ.
1168 5214 1293 5269 412.
1326 5213 1479 5284 Apud
1499 5212 1748 5269 Galland.
1771 5212 1940 5283 ΒΜ..

474 5331 487 5343 .
525 5290 760 5343 Proles"
791 5305 843 5343 υ.
893 5303 967 5341 tx.

368 5298 412 5345 t.
450 5290 487 5350 Ι,
525 5290 760 5356 Prnleg.,
791 5305 843 5358 p.
893 5303 967 5341 tx.

443 5361 555 5431 (είϋ)
588 5354 853 5431 Αῃιὲᾳᾲιιὶι,
878 5373 975 5431 _nl_.
997 5371 1046 5431 c_.

441 5423 554 5501 (47)
587 5429 698 5485 Cfr.
728 5423 1150 5501 Crahii_Spicil._,
1181 5434 1221 5479 t.
1254 5426 1391 5501 l,_p.

440 5495 555 5565 (48)
592 5501 836 5554 Historia
876 5498 1034 5551 tlteol.
1059 5497 1205 5558 crit.,
1229 5505 1269 5549 t.
1306 5495 1428 5565 Ly.
1467 5495 1657 5550 56-92.

444 5511 555 5565 (48)
592 5511 836 5554 lltstorta
876 5511 1034 5551 meat.
1059 5511 1205 5558 crtt.,
1229 5511 1269 5549 ι.
1306 5511 1428 5619 μὲν.
1467 5511 1657 5550 00-32.

444 5573 555 5643 (ιε’)
586 5568 1230 5643 InCommentationibns
1257 5567 1324 5620 dc
1402 5576 1582 5620 utrum
1605 5566 1936 5637 apostolico-

371 5639 492 5696 runt
525 5641 789 5708 llwolngia
812 5639 1023 5708 tnoraii.

442 5713 555 5781 (5οι
591 5706 859 5776 Palrolug.
895 5718 932 5762 t.
962 5706 1002 5775 Ι⁹
1033 5725 1083 5778 p.
1115 5708 1174 5759 (il
1214 5723 1329 5775 sqq.

2070 1870 2304 1928 Nemnis
2328 1874 2712 1943 persecutione
2739 1883 2794 1930 et
2819 1882 2945 1929 ante
2960 1875 3235 1930 excidium
3260 1874 3659 1947 Hierosolymis.

2072 1968 2160 2039 (A.
2186 1966 2381 2039 68-70)
2410 1981 2535 2022 esse
2558 1968 2847 2039 scriptam,
2874 1968 2933 2024 S.
2961 1969 3299 2027 Clementem
3342 1978 3525 2026 autem
3559 1972 3661 2025 im-

2071 2059 2308 2115 mediate
2338 2058 2395 2115 S.
2427 2058 2591 2115 Petro
2618 2062 2979 2127 successisse,

2139 2151 2273 2219 Quae
2296 2167 2325 2206 a
2350 2152 2625 2209 Cotelerio
2652 2154 2884 2225 aliisque
2914 2155 3272 2224 objiciuntur,
3298 2156 3500 2211 nullius
3524 2164 3658 2211 sunt

2070 2244 2351 2315 ponderis.
2386 2245 2514 2301 Inde
2535 2246 2703 2311 enim,
2727 2247 2873 2319 quod
2901 2247 3178 2313 Clemens,
3215 2264 3267 2304 c.
3308 2249 3399 2313 47,
3426 2250 3655 2310 referat,

2069 2337 2301 2407 primam
2348 2336 2760 2394 Corinthiorum
2800 2339 3199 2396 dissensionem
3255 2342 3312 2393 ὲν
3365 2341 3508 2413 ἀρχῇ
3555 2342 3658 2395 τοῦ

2077 2428 2405 2497 Εὐαγγελίου
2428 2431 2722 2487 excitatam
2765 2445 2922 2496 esse,
2968 2434 3222 2488 concludi
3275 2449 3385 2488 non
3433 2443 3652 2504 potest.

2070 2514 2288 2587 longius
2332 2520 2595 2589 temporis
2625 2520 2863 2590 spatium
2897 2521 2965 2576 ab
2987 2522 3079 2576 illa
3102 2524 3278 2594 prima
3302 2524 3657 2580 dissensione

2068 2600 2682 2682 essepraaterlapsum.
2745 2611 2993 2684 Namque
3050 2614 3111 2672 S.
3164 2630 3384 2686 quoque
3428 2614 3643 2671 Paulus

2069 2714 2261 2753 novem
2284 2700 2509 2756 circiter
2538 2702 2701 2758 annis
2724 2713 2848 2772 post
2878 2703 3160 2759 fundatam
3187 2704 3487 2760 Ecclesiam
3518 2705 3655 2761 Phi-

2069 2790 2395 2863 lippensem,
2436 2796 2493 2849 in
2530 2793 2776 2865 Epistola
2810 2796 2878 2852 ad
2906 2795 3289 2869 Philippenses
3336 2798 3428 2863 ιν,
3461 2802 3551 2867 15,
3579 2802 3653 2857 de

2068 2885 2209 2957 ἀρχῇ
2242 2887 2678 2956 τοῦΕὐαγγελίου
2710 2889 2976 2960 loquitur,
3010 2891 3235 2946 minime
3254 2892 3512 2957 innuens,
3545 2892 3653 2948 Ec-

2067 2975 2291 3030 clesiam
2324 2973 2733 3047 Philippensem
2770 2985 2899 3033 ante
2938 2980 3142 3036 multos
3175 2981 3288 3051 jam
3318 2997 3492 3038 annos
3522 2998 3652 3039 esse

2068 3067 2371 3125 fundatam.

2136 3158 2247 3214 Nec
2276 3160 2330 3214 id
2359 3174 2460 3215 nos
2484 3169 2685 3226 movet,
2710 3160 2857 3234 quod
2881 3159 2943 3220 8.
2977 3161 3233 3219 Clemens
3252 3179 3302 3220 c.
3332 3164 3423 3229 42,
3456 3164 3652 3221 Eccle-

2066 3254 2205 3310 siam
2245 3252 2656 3308 Corinthiorum
2681 3255 2914 3327 ἀρχαίαν
2973 3257 3346 3327 appellaverit.
3417 3261 3654 3332 ’Δρχαία

2064 3346 2210 3402 enim
2230 3345 2499 3411 Ecclesia,
2548 3355 2611 3401 ut
2666 3347 2806 3402 bene
2846 3347 3233 3404 animadvertit
3292 3347 3646 3413 Dodwellus.

2063 3438 2271 3508 optimo
2302 3439 2427 3507 jure
2467 3452 2532 3493 ea
2568 3446 2918 3509 nuncupatur
2944 3454 3066 3509 quae
3096 3440 3156 3493 ὲν
3182 3442 3324 3512 ἀρχῇ
3359 3440 3453 3494 τοῦ
3467 3441 3649 3511 Εὐαγ-

2062 3531 2265 3599 γελεου,
2298 3532 2352 3585 id
2387 3538 2473 3586 est
2514 3530 2707 3600 primis
2749 3530 3031 3602 praedicati
3070 3531 3351 3605 Evangelii
3385 3535 3651 3604 tempori-

2064 3624 2188 3685 bus,
2219 3631 2304 3679 est
2333 3622 2554 3678 fundata
2584 3622 2721 3695 (47).

2132 3714 2225 3770 lx.
2286 3714 2361 3770 De
2413 3715 2665 3771 doctrina
2723 3714 2781 3771 S.
2817 3715 3116 3772 Clementis
3179 3714 3644 3788 Lumperus(48),

2059 3798 2353 3871 Heynsius,
2368 3799 2565 3861 Junius
2605 3822 2671 3863 ac
2690 3801 2807 3860 Van
2817 3804 2968 3861 Gilse
2990 3806 3103 3880 (.19)
3125 3814 3180 3862 et
3196 3805 3505 3863 Moelilerus
3522 3810 3643 3882 (50)

2061 3899 2436 3969 disputarunt.

2129 3991 2202 4047 Χ.
2241 3990 2499 4046 Secunda:
2549 3990 2834 4047 Clementis
2874 3993 3109 4061 epistola:
3156 4008 3188 4048 a
3232 3994 3451 4050 nemine
3498 3998 3646 4052 anti—

2059 4086 2450 4158 quissimorum
2498 4084 2721 4139 Patrum
2763 4085 2821 4139 lit
2876 4087 3101 4141 mentio.
3139 4085 3275 4141 Nam
3321 4088 3459 4143 duas
3509 4089 3643 4145 Cle-

2058 4177 2259 4233 mentis
2283 4176 2543 4246 epistolas
2574 4175 2688 4245 jam
2715 4176 2943 4229 secundo
2977 4183 3099 4247 post
3135 4175 3417 4232 Christum
3448 4183 3643 4234 seculo

2058 4267 2312 4324 fidelibus
2335 4274 2494 4322 notas
2526 4265 2717 4325 fuisse.
2750 4269 2905 4321 nullo
2926 4268 3088 4322 modo
3111 4285 3143 4324 e
3167 4270 3348 4325 verbis
3371 4270 3639 4344 Dionysii.

2058 4358 2470 4414 Corinthiorum
2519 4358 2785 4429 episcopi,
2830 4360 3031 4429 conjici
3076 4368 3257 4429 potest
3294 4363 3434 4434 (5η.-
3454 4364 3642 4431 Quum

1987 4451 2201 4517 Denim
2225 4450 2498 4521 egregiam
2539 4450 2709 4514 illam,
2738 4451 2807 4505 de
2849 4466 2956 4521 qua
2996 4467 3163 4522 supra
3206 4452 3638 4524 disputavimus,

2054 4542 2352 4599 Clementis
2386 4543 2674 4613 epistolam
2707 4545 2982 4615 προτέραν
3028 4547 3401 4616 appellaverit.
3436 4549 3491 4603 id
3523 4564 3641 4608 non

2053 4646 2306 4706 respectu
2335 4636 2589 4690 secunda:
2624 4636 2914 4706 cujusdam
2954 4638 3311 4696 Clementinaa
3359 4643 3636 4713 epistolae,

2051 4728 2148 4783 sed
2201 4728 2445 4798 epistolae
2496 4728 2725 4793 Soteris,
2768 4729 2997 4786 Romani
3052 4734 3359 4801 pontificis,
3425 4739 3641 4807 pariter

2049 4818 2195 4889 apud
2239 4818 2555 4876 Corinthios
2602 4822 2819 4890 publice
2856 4825 3150 4894 praelecta,
3200 4827 3411 4885 dixisse
3452 4837 3641 4888 mani-

2050 4909 2249 4966 festum
2276 4919 2379 4965 est.

2116 5092 2486 5177 (61)“‘Dionys.
2513 5092 2642 5177 Cor.
2678 5095 3339 5177 CPlld_Ellseb:_H..E:-IV
3383 5102 3499 5156 25:
3540 5106 3635 5160 Ἐν

2040 5162 2274 5286 αὐτηίδὲ
2315 5162 2485 5235 ταύτῃ
2517 5162 2781 5234 (epistola
2835 5166 3076 5240 Dionysii
3110 5171 3175 5224 ad
3215 5171 3497 5237 Sotcrcm)
3536 5182 3635 5232 καὶ

2040 5234 2139 5290 τῆς
2218 5232 2480 5290 λήμεντος
2522 5235 2659 5290 πρὸς
2701 5237 3021 5290 Κορινθίους
3062 5240 3335 5290 αέανηται
3379 5243 3635 5290 illium-

2037 5235 2139 5314 τῆς
2168 5235 2480 5316 Κλήμεντρς
2522 5235 2685 5357 agree-
2701 5235 3021 5308 Κορινθίούς
3061 5240 3127 5311 μέ
3176 5259 3335 5312 νηται
3379 5235 3635 5317 (υῑυιιγ-

2039 5303 2511 5376 βιυ8)ίὲπιτστολης,
2584 5305 2726 5376 ηλων
2768 5307 3054 5372 ἀνέκαθεν,
3096 5260 3173 5375 ἐξ
3197 5313 3423 5376 ἀρχαίου
3472 5317 3631 5376 ἔθους

2039 5330 2175 5373 atus}
2191 5330 2511 5385 futusonqg,
2552 5330 2726 5376 οηΑων
2768 5330 3054 5372 ανεκαυεν,
3096 5330 3156 5375 ες
3197 5330 3423 5394 αρχαιου
3472 5330 3630 5381 ευους

2037 5374 2131 5465 erit
2156 5390 2256 5445 της
2283 5375 2577 5465 ἔκκληείας
2610 5377 2717 5465 ’τὴν
2759 5378 3065 5465 ἁνὰςίνὲσιν
3112 5384 3281 5465 aper};
3305 5388 3623 5465 _1:o:_.sio'_0at.

2036 5444 2199 5528 Aéyst
2216 5444 2376 5511 γοῦν·
2392 5462 2410 5494 ί
2566 5444 2802 5528 σῄμζερᾳν
2823 5444 2915 5503 οὗν
2925 5450 3206 5528 Κυριαδὴν
3225 5444 3385 5528 ἆξίίαν
3406 5457 3629 5527 ἡμέραν

2034 5513 2969 5608 iactasti?iusseram
3010 5513 3173 5608 ῖεμῶκί
3210 5513 3485 5608 (Samii)
3519 5513 3627 5600 ξῆν

2010 5583 2451 5671 ηξπισξοιξιήνχῆν
2491 5583 2701 5671 ἕξομέν
2725 5590 2811 5642 ἀει
2843 5583 2972 5671 θέοτε
3013 5583 3480 5671 ὰῦαγιῖἐτξσκοντεέ
3507 5583 3629 5653 v05-

2034 5653 2428 5795 gepie;:?:;;.tb§
2467 5659 2560 5711 καὶ
2585 5653 2684 5729 ίτὴν
2713 5662 2985 5732 προτέραν
3027 5653 3158 5735 ἡμῑῦ
3184 5664 3271 5718 διὰ
3305 5653 3628 5740 Κλήμεντος
