3908 6172
295 345 386 400 197

1510 338 1850 396 ΡΒΟαῖΜΙᾹ
1889 336 2273 392 νΑιιιοιιωι.

3436 335 3535 388 198

357 461 548 516 Seculo
575 467 757 515 autem
784 459 936 514 tertio
970 459 1269 514 secundam
1309 457 1609 513 Clementis
1650 459 1853 527 cpisto-
1887 469 1927 521 Α
1955 455 2262 509 Wocberus
2310 453 2483 508 tenuit
2523 454 2578 507 in
2616 454 2866 509 versione
2913 469 3008 508 sua
3051 453 3249 523 prior.s
3289 453 3528 522 epistolas

291 553 473 607 lamin
507 568 607 606 usu
655 562 708 606 et
753 553 1078 608 auctoritate
1125 551 1318 614 fuisse,
1359 567 1426 605 ex
1470 551 1858 620 Apostolorum

291 659 492 699 canone
524 643 595 698 85
621 644 999 699 demonstrare
1030 650 1261 697 conatus
1276 649 1360 696 est
1389 639 1856 711 Gallandius(52).

294 733 394 789 Sed
447 734 652 788 erravit
693 734 780 787 vir
816 733 1192 788 doctissimus.
1235 731 1370 785 Nam
1413 743 1723 801 postremus
1758 729 1860 784 iste

289 841 453 880 canon
480 841 588 880 non
620 834 748 880 ante
779 825 938 880 finem
982 825 1154 881 seculi
1199 824 1378 895 quinti
1417 823 1704 877 confectus
1749 828 1856 885 est,

289 920 568 990 utegregie
594 920 784 973 docuit
803 919 897 972 Dr.
923 917 1283 973 Sebastianus
1307 917 1373 971 de
1399 915 1536 987 Drey
1559 913 1622 967 ν.
1639 913 1700 969 C.
1718 911 1854 982 (55).

349 1007 581 1074 Primus,
612 1011 706 1080 qui
746 1009 999 1064 secunda:
1038 1007 1338 1063 Clementis
1376 1007 1619 1076 epistolae
1665 1004 1859 1058 memi-

288 1100 380 1162 nit,
415 1098 685 1155 Eusebius
728 1109 832 1164 est,
875 1113 1123 1160 monens,
1166 1104 1221 1151 et
1277 1097 1503 1151 alteram
1561 1094 1858 1151 Clementis

286 1191 566 1260 epistolam
599 1191 872 1260 proferri;
906 1190 998 1245 sed
1045 1205 1165 1243 eam
1206 1205 1314 1243 non
1354 1186 1580 1259 perinde
1611 1201 1673 1239 ac
1710 1186 1862 1255 prioa

287 1298 394 1336 rem
439 1293 625 1337 notam
663 1298 807 1346 esse,
855 1283 1112 1352 quoniam
1143 1297 1247 1337 nec
1275 1291 1487 1337 veteres
1516 1296 1580 1335 ea
1623 1279 1708 1334 usi
1740 1278 1859 1333 fue-

284 1376 389 1428 rint
408 1375 545 1444 (54).

350 1491 552 1545 Deinde
580 1491 721 1546 inest
745 1491 860 1547 haec
881 1492 1110 1562 epistola
1132 1489 1489 1546 celeberrimo
1519 1487 1595 1542 illi
1624 1486 1860 1542 Alexan-

283 1580 436 1636 drino
468 1584 670 1647 codici,
705 1585 759 1638 in
803 1584 991 1640 Museo
1024 1583 1340 1640 Britannico
1385 1579 1719 1635 Londinensi
1769 1595 1860 1634 as-

284 1683 516 1730 servato.
553 1674 752 1731 Seculo
783 1678 951 1748 igitur
975 1675 1040 1730 IV
1069 1683 1125 1731 et
1164 1674 1208 1728 ν
1236 1674 1492 1729 Clemens
1528 1672 1694 1741 hujus
1742 1671 1860 1742 epi-

284 1766 432 1820 stolae
475 1776 670 1822 auctor
706 1783 737 1821 a
779 1768 968 1822 multis
1005 1767 1320 1838 putabatur.
1355 1764 1476 1831 Quo
1505 1764 1653 1834 jure,
1677 1765 1857 1818 nesci-

284 1870 422 1912 mus.
481 1857 697 1913 Pariter
747 1875 850 1914 nos
892 1859 1054 1924 latet,
1105 1857 1306 1928 quibus
1351 1855 1463 1909 nixi
1520 1855 1857 1925 argumentis

285 1945 648 2019 Hieronymus
679 1949 792 2021 (55)
822 1958 877 2005 et
904 1949 1134 2004 Pliotius
1168 1948 1280 2020 (56)
1305 1948 1451 2002 hanc
1502 1947 1794 2016 epistolam
1825 1961 1858 2001 a

284 2039 558 2094 veteribus
588 2041 935 2110 reprobatam
963 2039 1380 2105 contenderim;
1413 2053 1538 2092 nam
1589 2036 1859 2092 Eusebius

284 2130 407 2183 talia
435 2145 550 2184 non
583 2131 812 2201 profert,
839 2133 1176 2202 antiquiores
1213 2138 1394 2184 autem
1434 2144 1663 2200 prorsus
1698 2127 1767 2182 de
1794 2142 1860 2182 ea

285 2219 460 2273 silent.
505 2219 630 2275 Non
687 2236 874 2276 errare
925 2229 978 2276 te
1027 2229 1233 2293 putem,
1282 2221 1330 2275 si
1374 2218 1764 2291 Hieronymum
1806 2226 1861 2273 et

284 2308 534 2364 Photium
586 2310 808 2366 Eusebii
844 2311 1011 2366 verba
1053 2311 1238 2366 minus
1279 2321 1428 2365 recte
1472 2309 1858 2378 interpretatos

282 2416 400 2456 esse
428 2402 815 2458 contenderes.
844 2401 985 2472 Ergo
1013 2410 1258 2458 veterum
1288 2400 1601 2456 testimonia
1638 2398 1865 2454 authen-

283 2496 406 2549 tiam
436 2495 608 2565 hujus
645 2496 894 2566 epistolae
923 2509 1034 2550 non
1063 2502 1253 2565 aperte
1286 2507 1506 2565 negare,
1539 2490 1860 2562 antiquissi-

284 2601 492 2641 morum
551 2595 734 2642 autem
787 2586 1011 2642 Patrum
1058 2586 1338 2643 silentium
1385 2591 1698 2657 suspectam
1738 2597 1859 2640 eam

283 2678 529 2743 reddere,
555 2678 704 2734 clare
727 2679 1089 2750 perspicimus
1121 2679 1259 2751 (57).

347 2811 476 2880 Qua
504 2831 677 2885 quum
707 2815 781 2870 ita
813 2816 944 2883 sint,
983 2816 1270 2888 epistolam
1303 2816 1500 2887 ipsam,
1539 2830 1636 2872 seu
1678 2815 1862 2885 potius

285 2901 669 2973 fragmentum,
693 2909 840 2979 quod
865 2909 1042 2963 adhuc
1064 2917 1314 2978 superest
1337 2909 1392 2964 in
1414 2909 1604 2965 codice
1626 2907 1862 2964 Alexan-

285 2995 457 3061 drino,
491 2999 759 3055 adeamus
783 3007 1017 3070 oportet,
1044 3001 1460 3071 investigantes,
1485 3017 1618 3056 num
1646 3001 1862 3056 interna

283 3086 330 3140 ei
353 3087 520 3143 insint
553 3089 777 3154 indicia,
810 3092 1011 3162 quibus
1031 3090 1285 3147 Clemens
1306 3100 1495 3148 noster
1517 3092 1639 3161 ejus
1668 3099 1862 3146 auctor

284 3179 499 3246 probari
551 3184 747 3252 possit.
794 3185 1095 3240 Audiamus
1148 3184 1471 3240 Wottonum
1502 3186 1639 3257 (58).
1671 3185 1860 3252 Quoad

284 3272 496 3340 stylum,
549 3275 749 3345 inquit,
806 3287 857 3330 et
897 3278 1105 3331 dicendi
1149 3278 1451 3333 methodum
1497 3279 1748 3348 (epistola
1793 3277 1860 3351 ll)

285 3375 358 3416 est
386 3366 518 3420 adeo
549 3366 828 3423 dissimilis
858 3384 891 3421 a
922 3370 1099 3437 priore
1125 3385 1187 3422 ac
1223 3368 1549 3432 indubitata,
1578 3378 1639 3422 ut
1676 3370 1861 3424 merito

284 3462 516 3514 dubitari
547 3461 738 3528 possit,
778 3477 848 3514 an
886 3461 956 3514 sit
998 3477 1115 3515 vere
1160 3460 1467 3517 Clementis.
1499 3460 1700 3516 Eadem
1747 3462 1862 3532 jam

285 3552 520 3608 Joannes
535 3552 782 3606 Moriuus
795 3559 1102 3617 monuerat,
1126 3552 1315 3608 dicens
1331 3553 1478 3624 (59):
1506 3551 1665 3607 Illius
1689 3553 1861 3624 stylus

286 3652 339 3694 ut
364 3645 562 3711 prioris
593 3660 696 3696 non
721 3652 799 3696 est
821 3643 1064 3711 simplex,
1093 3643 1184 3698 sed
1213 3645 1528 3714 argutulus;
1557 3663 1661 3700 non
1683 3655 1864 3713 sponte

287 3731 471 3798 ﬂuens,
526 3732 620 3787 sed
665 3748 762 3800 pro
800 3735 1032 3787 auctoris
1067 3744 1222 3802 captu
1264 3735 1499 3790 studiose
1525 3736 1860 3802 elaboratus;

289 3842 384 3880 non
413 3825 765 3897 ἀπεριοδικὸς
791 3838 841 3880 et
870 3844 1258 3897 nonnumquam
1300 3828 1742 3893 ἀνανταπόδοτος,
1771 3829 1863 3884 sed

288 3919 560 3971 verborum
592 3917 867 3981 ambitum,
895 3919 1176 3973 antitheses
1205 3936 1489 3989 earumque
1519 3920 1862 3974 redditionem

290 4011 565 4066 ambitiose
621 4011 856 4080 a/fectat.
921 4012 1133 4067 Morino
1187 4013 1492 4068 assentitur
1542 4013 1860 4067 criticorum

291 4104 544 4173 princeps
582 4101 892 4160 Richardus
919 4103 1110 4159 Simon
1143 4103 1281 4176 (60),
1313 4119 1474 4175 quem
1502 4105 1747 4174 plerique
1777 4120 1864 4160 se-

288 4196 395 4249 cuti
420 4204 576 4250 suut.
602 4195 858 4252 Eamdem
891 4204 1104 4267 partem
1155 4197 1474 4253 novissimis
1523 4196 1864 4268 temporibus

509 4326 655 4406 ιξέοι.
700 4328 866 4406 ῑζιξιεν.
897 4331 999 4406 PP_
1038 4340 1076 4386 t.
1110 4330 1148 4396 Ι,
1178 4331 1391 4406 Proleg.
1431 4352 1486 4406 p.
1527 4352 1618 4391 xv.

364 4398 480 4469 (55)
519 4399 672 4472 Neue
720 4400 1188 4472 Untersuchungen
1236 4398 1365 4458 ﬁber
1383 4398 1470 4459 die
1521 4407 1880 4463 Constitutio-

1959 548 2257 603 Clementis
2280 547 2414 618 (6|).
2447 547 2790 616 Quicumque
2813 549 3109 602 secundum
3135 548 3294 602 istam
3331 550 3532 617 episto-

1959 639 2065 692 lam
2093 647 2297 692 atteute
2321 639 2569 708 legerint,
2594 654 2791 709 negare
2821 654 2929 692 non
2969 646 3239 708 poterunt,
3282 656 3532 710 magnam

1961 730 2106 785 inter
2136 730 2310 800 ipsam
2335 738 2390 785 et
2426 731 2666 800 priorem
2706 730 2832 802 styli
2875 729 3247 785 diversitatem
3299 732 3535 787 interce-

1957 821 2110 876 dere.

2027 909 2234 966 Praeter
2283 911 2560 967 silentium
2628 908 3140 981 antiquissimorum
3188 907 3414 963 Patrum
3471 924 3536 962 ac

1961 1002 2087 1073 styli
2109 1002 2482 1057 diversitatem
2511 1001 2562 1056 id
2595 1002 2758 1056 etiam
2788 1001 3158 1071 suspicionem
3202 1001 3536 1070 suppositio-

1960 1094 2047 1148 nis
2076 1094 2236 1149 nobis
2274 1094 2471 1163 injicit,
2499 1095 2646 1164 quod
2668 1094 2898 1148 dimidia
2927 1109 3055 1162 pars
3079 1093 3276 1162 capitis
3315 1093 3386 1146 23
3423 1094 3537 1162 pri-

1960 1199 2061 1238 ma:
2084 1184 2326 1253 epistolae
2355 1185 2408 1237 in
2439 1184 2734 1238 secundam
2765 1198 2982 1254 quoque
3011 1190 3095 1238 est
3124 1192 3338 1251 recepta
3363 1198 3412 1235 c.
3445 1183 3532 1235 ll.

2024 1270 2166 1325 Bene
2218 1271 2367 1325 addit
2409 1270 2644 1326 Grabius
2675 1271 2809 1343 (62),
2840 1272 2987 1326 haud
3017 1272 3260 1342 epistolae
3300 1271 3534 1327 formam

1958 1360 2160 1415 habere
2185 1360 2368 1425 istam,
2396 1375 2515 1432 quae
2543 1361 2782 1416 secunda
2807 1361 3103 1417 Clementis
3133 1361 3199 1415 ad
3221 1359 3537 1415 Corinthios

1959 1451 2180 1514 dicitur,
2227 1452 2453 1523 ipsaque
2513 1451 2874 1523 inscriptione
2910 1468 3036 1507 cum
3079 1461 3205 1507 voto
3249 1453 3436 1522 juncta
3479 1455 3536 1508 in

1963 1540 2308 1610 frontispicio
2332 1556 2542 1606 carere,
2575 1543 2753 1612 qualis
2788 1554 2971 1598 tamen
3009 1542 3065 1596 in
3103 1543 3362 1598 omnibus
3391 1542 3536 1612 Apo-

1961 1633 2226 1688 stolorum
2287 1647 2352 1686 ac
2414 1634 2659 1687 virorum
2724 1634 3152 1703 apostolicorum
3216 1633 3411 1688 litteris
3465 1632 3535 1687 ad

1962 1723 2318 1795 particulares
2355 1721 2628 1778 Ecclesiae
2663 1723 2827 1787 datis,
2871 1725 3035 1794 inque
3061 1723 3179 1794 ipsa
3209 1723 3383 1792 prima
3413 1723 3537 1778 Cle-

1889 1807 1931 1862 B
1961 1814 2177 1877 mentis,
2210 1815 2370 1884 plane
2400 1821 2600 1869 exstat.
2634 1813 2884 1870 Homilite
2912 1815 3095 1885 potius
3133 1829 3297 1884 quam
3327 1815 3534 1885 episto—

1961 1905 2026 1958 lae
2061 1905 2292 1960 similem
2336 1913 2486 1960 recte
2511 1905 2780 1974 judicavit
2829 1904 3190 1969 Vendelinus,
3226 1905 3321 1975 qui
3353 1913 3537 1960 tamen

1963 1994 2148 2050 minus
2187 2004 2334 2051 recte
2374 1995 2478 2066 ipsi
2516 1995 2782 2051 Clementi
2809 2011 2929 2051 eam
2967 1994 3284 2065 adscripsit,
3321 2005 3375 2048 et
3415 2005 3537 2063 post

1959 2100 2083 2140 eum
2126 2085 2433 2142 Dodwellus
2461 2086 2690 2141 Dissert.
2732 2081 2760 2136 1
2839 2088 2894 2141 in
2930 2084 3256 2158 lrcnaeum,§
3289 2085 3360 2140 29
3398 2085 3532 2156 (65).

1959 2175 2220 2232 Clementi
2257 2186 2448 2234 nostro
2481 2178 2621 2234 hanc
2651 2178 2939 2248 epistolam
2974 2178 3259 2233 vindicare
3309 2179 3538 2233 studue-

1959 2275 2088 2322 runt
2099 2268 2404 2325 Cotelerius
2429 2269 3062 2344 (64),Coutantius(65),
3077 2269 3398 2325 Gallandius
3420 2270 3536 2341 (66)

1959 2366 2014 2414 et
2046 2358 2351 2430 Lumperus
2385 2361 2520 2433 (6'7).
2555 2361 2663 2417 Sed
2688 2361 2779 2415 vix
2805 2362 2860 2414 in
2881 2369 3066 2431 partes
3093 2375 3223 2415 suas
3245 2368 3297 2416 te
3320 2361 3539 2414 trahent

1958 2452 2062 2506 viri
2085 2451 2410 2516 doctissimi,
2440 2467 2566 2507 cum
2597 2452 2840 2522 ipsorum
2880 2460 3200 2522 argumenta
3233 2452 3342 2506 sint
3373 2451 3536 2515 levia,

1960 2540 2175 2612 ipsique
2198 2542 2374 2613 magis
2404 2541 2805 2612 objectionibus
2835 2542 3067 2596 aliorum
3101 2539 3300 2595 bellum
3326 2541 3538 2595 indixe-

1960 2632 2094 2699 rint,
2120 2646 2284 2701 quam
2314 2646 2469 2686 suam
2501 2631 2813 2701 opinionem
2839 2631 3212 2702 probaverint.
3247 2630 3383 2684 Illud
3412 2631 3540 2686 abs-

1960 2738 2068 2793 que
2111 2724 2261 2777 omni
2309 2723 2477 2778 dubio
2527 2723 2746 2778 facilius
2784 2730 2931 2789 erat;
2969 2737 3094 2776 nam
3143 2722 3416 2776 neminem
3455 2722 3540 2776 fu-

1960 2815 2089 2884 giet,
2115 2812 2489 2868 Hermannum
2514 2811 2809 2870 Venemam
2844 2813 2960 2884 (68)
2991 2812 3240 2882 aliosque
3267 2827 3540 2866 nonnum-

1960 2920 2124 2976 quam
2154 2906 2386 2963 leviores
2409 2913 2602 2961 contra
2631 2905 2967 2961 authentiam
2993 2905 3156 2974 hujus
3181 2904 3426 2975 epistolae
3450 2906 3540 2960 ob-

1956 2999 2222 3069 iectiones
2251 3015 2374 3055 esse
2397 3014 2584 3054 ausos.
2614 2996 2722 3053 Sed
2762 2998 2966 3053 nemini
2996 2996 3345 3052 defensorum
3376 2999 3541 3068 hujus

1963 3091 2206 3161 epistolae
2233 3091 2386 3146 ﬁrma
2415 3097 2734 3162 argumenta
2756 3104 2856 3162 pro
2873 3088 3153 3145 Clemente
3173 3097 3395 3146 auctore
3415 3108 3540 3162 pro-

1888 3151 1933 3214 ο
1963 3151 2107 3241 ferre
2127 3184 2378 3254 contigit.

2024 3276 2209 3332 Placet
2240 3276 2399 3330 nobis
2424 3273 2611 3329 Grahii
2639 3273 2933 3339 sententia,
2958 3289 2990 3328 a
3021 3273 3299 3332 Moehlero
3327 3291 3542 3346 quoque

1959 3374 2176 3436 recepta
2207 3364 2343 3436 (69),
2375 3365 2538 3419 istam
2580 3364 2743 3434 vulgo
2777 3364 2981 3418 dictam
3011 3366 3300 3434 epistolam
3343 3383 3541 3422 secun-

1961 3456 2086 3510 dam
2117 3453 2415 3511 Clementis
2437 3453 2605 3509 fuisse
2627 3471 2790 3508 unam
2809 3471 2873 3510 ex
2897 3455 3138 3513 homiliis
3159 3458 3334 3514 eidem
3359 3460 3540 3529 (false)

1961 3539 2278 3619 adscriptis,
2302 3548 2494 3619 quales
2527 3548 2711 3616 plures
2753 3563 2860 3602 una
2900 3548 3071 3605 fuisse
3107 3557 3256 3620 patet
3290 3566 3356 3606 ex
3395 3552 3540 3606 Ana-

1961 3641 2119 3697 stasii
2147 3639 2474 3694 Antiocheni
2506 3638 2712 3706 Quaast.
2747 3639 2838 3694 96.

2034 3729 2363 3794 Wocherus,
2395 3731 2547 3784 nullo
2589 3738 2741 3786 certo
2776 3729 3136 3787 fundamento
3183 3735 3369 3800 nixus,
3411 3735 3538 3790 Dio.

1962 3822 2142 3894 nysio,
2175 3821 2424 3878 Corinthi
2467 3821 2751 3892 episcopo,
2790 3820 2933 3877 hanc
2967 3823 3253 3894 epistolam
3293 3827 3542 3881 tribuen-

1961 3916 2086 3971 dam
2119 3931 2241 3970 esse
2264 3921 2420 3985 putat
2445 3913 2582 3986 (70).

2034 4004 2268 4060 Grabius
2311 4013 2492 4059 autem
2526 4020 2666 4076 opus
2702 4005 2807 4060 hoc
2846 4009 3092 4078 spurium
3128 4009 3307 4065 medio
3341 4012 3540 4067 sacculo

1961 4097 2050 4165 lll,
2089 4107 2213 4170 post
2246 4098 2497 4170 Origenis
2558 4107 2827 4171 tempora,
2879 4101 3144 4156 Clen'ienti
3197 4104 3539 4172 suppositum

1963 4192 2134 4249 fuisse
2157 4193 2470 4263 suspicatur
2504 4194 2588 4266 (7|
2604 4196 2744 4267 -78).

1964 4337 2074 4392 tur,
2123 4344 2365 4401 quarum
2391 4336 2650 4401 respectu
2683 4328 2750 4382 de
2792 4328 3038 4401 pluribus
3078 4329 3371 4384 Clementis
3421 4333 3539 4401 epi-

1965 4400 2123 4454 stolis
2161 4401 2304 4469 loqui
2336 4398 2596 4463 debebat;
2627 4398 2684 4451 2’
2724 4399 2977 4454 secunda:
3010 4412 3206 4453 nostra:
3242 4398 3539 4457 Clementis

298 4469 862 4548 nen__und__(_.'anon_es
905 4472 1000 4526 der
1057 4469 1318 4544 A'poslelq
1381 4474 1663 4548 Tubiugen
1714 4480 1936 4546 1852,D
1967 4470 2211 4548 epistolae
2233 4471 2507 4548 expressis
2544 4469 2728 4525 verbis
2764 4469 2954 4523 nullibi
3004 4470 3338 4539 Epiphanius
3384 4475 3539 4528 testi-

295 4551 342 4605 p.
375 4538 498 4602 37o,
549 4539 677 4603 s77,
711 4542 834 4596 «MS.

367 4609 478 4682 (54)
521 4611 664 4682 Hist.
690 4613 816 4668 εστι.
841 4627 923 4682 tu,
945 4611 1284 4682 38qu’lcaéov
1312 4610 1388 4682 δὲ,
1414 4610 1489 4672 ὡς
1517 4611 1610 4682 καὶ
1636 4610 1862 4682 δευτέρα

293 4674 536 4738 metm
583 4680 793 4748 λέγεται
834 4681 928 4733 τοῦ
972 4679 1284 4751 Κλήμεντος
1328 4679 1620 4802 ὲπιστολίὲ·
1651 4683 1712 4733 οὐ
1757 4674 1864 4752 μὴν

295 4746 366 4797 ἔθ’
383 4751 588 4802 ὁμοίως
605 4753 670 4802 τῆ
691 4750 927 4802 nomen
943 4752 1037 4802 καὶ
1052 4751 1254 4802 ταύτην
1271 4750 1542 4802 γνώριμον
1602 4752 1864 4802 πιστάιιε-

295 4746 366 4822 ξθ*
383 4751 588 4822 ὁμοίως
691 4750 927 4822 προτέρᾳ.
943 4752 1037 4822 καὶ
1052 4746 1254 4822 fatith
1271 4750 1542 4822 γνώριμον
1571 4746 1864 4821 ἐπιστάξμέ-

295 4815 491 4891 οα
526 4815 805 4891 μηδξτάὺς
832 4815 1090 4891 ἄρχαίους
1119 4815 1256 4890 aia-6f]
1282 4815 1656 4891 usx'p‘qpévou;
1684 4815 1859 4891 ῖσρξεν.

359 4887 470 4957 (55)
507 4887 690 4946 Catal.
731 4887 1052 4961 script-ccci.
1084 4907 1134 4945 c.
1170 4887 1280 4944 15":
1328 4887 1524 4943 Femur
1544 4901 1596 4961 et
1634 4887 1866 4945 secunda

290 4954 640 5045 ejttqlnor'nsue
670 4954 911 5045 epistola,
939 4977 1074 5045 quae,
1086 4961 1397 5045 amve‘leribu's
1425 4960 1754 5045 περι-οὐρίαν.

359 5027 452 5092 (56
486 5031 646 5101 Bibl.
681 5027 799 5086 Cod.
818 5027 975 5083 cxm':
1011 5031 1075 5082 Ἡ
1103 5031 1158 5083 δὲ
1186 5031 1448 5101 λεγομένη
1477 5027 1709 5101 δευτέρᾳ
1730 5029 1867 5101 πρὸς

291 5097 408 5171 εὼς
435 5100 646 5171 absab;
667 5105 681 5169 (
704 5101 1051 5171 Corinthios)
1093 5101 1169 5163 ὼς
1209 5097 1359 5163 νὸθός
1387 5097 1862 5170 ἁέεοδοκιμάζεὲαι.

293 5163 558 5223 Praeterea
591 5163 816 5235 Photius
854 5163 1042 5236 notat,
1061 5171 1344 5236 epistolam
1384 5171 1525 5225 hanc
1562 5163 1863 5226 secundam

293 5236 427 5312 dicta
453 5239 702 5312 quaedam
728 5241 1013 5312 peregrina
1034 5236 1180 5312 velut
1208 5258 1237 5296 e
1265 5256 1423 5295 sacra
1453 5241 1735 5310 Scriptura
1773 5239 1866 5312 in-

291 5307 504 5386 ducere,
543 5307 1020 5386 interpretationes
1058 5310 1301 5386 locorum
1327 5307 1688 5386 quorumdam
1732 5311 1866 5386 alie-

292 5379 469 5432 niores
495 5379 766 5448 proferre,
817 5397 918 5436 nec
949 5381 1320 5436 continentem
1348 5379 1628 5436 orationis
1663 5380 1864 5435 seticm

292 5457 352 5497 ac
369 5451 841 5519 consequentiam
867 5467 1108 5506 servare.

361 5516 470 5586 (57)
511 5516 774 5574 Nonnulli
819 5521 1181 5590 Epiphanium
1230 5536 1446 5591 quoque
1486 5521 1735 5591 epistolae
1767 5535 1868 5574 no-

295 5597 414 5661 stre
441 5592 814 5661 testimonium
848 5593 1088 5661 praebere
1129 5593 1486 5654 contendunt,
1532 5592 1734 5661 quippe
1771 5592 1864 5661 qui

296 5653 452 5730 (Hier.
479 5659 574 5720 27,
611 5661 645 5714 6
687 5671 741 5716 et
772 5653 975 5730 50,15)
1031 5662 1098 5716 de
1129 5663 1376 5730 pluribus
1405 5653 1704 5716 Clem-enii's
1750 5653 1868 5730 epi-

295 5728 442 5781 stolis
496 5731 661 5802 verba
714 5731 897 5786 faciat.
951 5728 1083 5802 Sed,
1114 5728 1170 5785 4⁸
1219 5731 1554 5801 Epiphanius
1605 5728 1868 5802 epistolas

293 5810 504 5868 quoque
541 5801 662 5856 illas
698 5803 765 5856 ad
798 5804 1019 5874 virgines
1051 5801 1420 5859 Clementinas
1460 5801 1680 5873 putasse
1715 5802 1867 5858 vide-

1963 4541 2205 4610 monium
2234 4541 2452 4610 praebet.

2033 4610 2146 4678 (58)
2186 4608 2345 4666 Praef.
2386 4625 2438 4678 p.
2472 4624 2610 4664 ccvl.

2056 4675 2145 4738 59)
2181 4675 2413 4736 Exercit'.
2438 4679 2632 4734 Biblic.
2667 4681 2706 4734 l.
2728 4677 2770 4744 1,
2800 4692 2852 4732 c.
2881 4679 2934 4744 4,
2960 4677 3018 4738 5,
3044 4675 3098 4731 9.
3136 4675 3374 4733 Exercit.
3408 4680 3462 4735 9.

2054 4749 2144 4817 60)
2179 4751 2318 4804 Bibl.
2344 4749 2519 4804 Cltois.
2572 4748 2636 4802 Τ.
2667 4751 2704 4812 I,
2737 4765 2786 4803 c.
2813 4749 2910 4812 58,
2932 4764 2984 4816 μ.

2058 4815 2148 4884 61)
2191 4820 2284 4873 Die
2303 4819 2476 4873 Briefe
2493 4820 2589 4872 der
2619 4815 3022 4885 apostolisclien
3062 4815 3255 4873 Vaeter
3283 4818 3538 4876 Clemens

1964 4887 2072 4945 und
2102 4888 2456 4960 Polycarpus,
2485 4904 2587 4942 neu
2621 4890 2905 4960 ubersctzt
2931 4887 3036 4939 und
3089 4889 3187 4941 mit
3231 4890 3539 4960 Einleitun-

1964 4977 2066 5030 gen
2099 4955 2215 5030 und
2249 4955 2693 5030 Commentarien
2739 4958 3000 5030 versellen
3037 4973 3142 5010 von
3228 4955 3300 5013 M.
3328 4958 3373 5012 .I.
3410 4956 3537 5010 Wo-

1972 5028 2123 5108 cher;
2137 5029 2371 5108 Tllbiﬂﬁ.
2405 5029 2640 5108 1850._p.
2673 5028 2946 5108 295L208.

2037 5100 2149 5166 (62)
2191 5095 2439 5167 Spicileg.
2483 5107 2520 5152 t.
2557 5095 2678 5167 l.__p.
2706 5099 2834 5152 268.

2049 5164 2137 5221 65)
2172 5165 2357 5221 Grabii
2388 5164 2576 5221 Spicil.
2601 5164 2639 5219 ι;
2666 5181 2716 5219 c.

2025 5170 2137 5308 (65)
2172 5170 2357 5246 Grabii
2388 5170 2576 5287 Sﬁicil.
2601 5170 2639 5219 l.
2666 5181 2716 5219 c.

2047 5237 2115 5290 64
2165 5235 2221 5308 In
2257 5235 2417 5308 φάη.-
2470 5235 2532 5288 Ρ,
2565 5243 2737 5308 apost.
2772 5242 2814 5289 t.
2839 5231 2882 5308 l_,
2912 5247 2968 5303 p.
3008 5231 3139 5308 182.

2176 5305 2350 5381 Epist.
2381 5303 2748 5381 Rom._ponti[.
2783 5314 2821 5358 t.
2854 5306 2896 5370 Ι,
2921 5320 2973 5373 p.
3008 5304 3098 5357 54.

2027 5374 2138 5447 (66)
2170 5374 2423 5447 llibliotlt.
2463 5385 2500 5447 t.
2531 5374 2569 5428 l.
2604 5376 2810 5447 Proleg.
2839 5390 2891 5443 p.
2916 5389 3036 5447 ⁸ιη’.

2028 5443 2137 5516 (67)
2172 5445 2504 5516 [Πειλὴεοι.
2526 5447 2656 5516 crit.
2687 5455 2725 5498 ι.
2757 5443 2795 5516 I7,
2822 5460 2874 5514 p.
2908 5444 3000 5497 22.

1959 5591 1972 5643 Ι
2028 5508 2139 5586 (68)
2309 5515 2556 5569 Galland.
2589 5515 2730 5568 Bibl.
2769 5508 2883 5568 |.'c.
2934 5530 2985 5583 p.
3025 5527 3158 5580 xvn,
3187 5517 3241 5566 et
3274 5508 3530 5582 Lumpcr.

1983 5631 1995 5642 .
2030 5606 2102 5643 ιι..
2130 5603 2182 5643 n.
2293 5623 2305 5636 .

1983 5631 1995 5642 .
2030 5606 2102 5647 (⁵.,
2130 5606 2182 5647 D.
2215 5606 2305 5640 ΖΙ.

2051 5606 2102 5647 ι..
2130 5603 2182 5657 p.
2214 5603 2305 5640 ιι.

2051 5659 2140 5725 69)
2169 5653 2378 5710 Patrol.
2410 5662 2453 5707 t.
2489 5653 2534 5725 Vl,

2053 5728 2145 5795 70)
2179 5727 2238 5779 L.
2265 5742 2315 5781 c.
2348 5740 2401 5794 p.
2434 5724 2560 5795 204.

2030 5792 2240 5869 (71Πὸ)
2287 5792 2492 5866 spicit,
2517 5803 2556 5848 ι.
2585 5795 2623 5861 l,
2651 5807 2703 5863 p.
2728 5792 2852 5847 eos.

2567 5668 2622 5722 p.
2657 5655 2724 5707 65
2758 5669 2841 5723 sq.
