3908 6172
271 296 377 351 221

1436 305 1775 367 EPISTOLA
1814 312 1833 364 ι
1871 312 1961 365 AD
1996 314 2319 371 CORIN‘I‘HI
2349 320 2423 378 ‘S.

3435 332 3541 387 22‘)

274 432 466 484 σματα
496 414 643 476 δεινὰ
672 417 769 472 καὶ
801 418 991 475 ἀνόσια
1037 422 1331 489 παθοῦσαι,
1378 426 1473 479 ἐπὶ
1506 426 1598 480 τὸν
1634 428 1852 492 πίστεως

1974 431 2179 493 Dircae.
2214 444 2497 505 postquam
2529 440 2711 509 gravia
2737 448 2788 495 et
2818 439 3049 498 nefanda
3076 443 3345 513 supplicia
3375 448 3542 503 susti-

272 506 501 577 βέϐαιον
528 508 728 581 δρόμον
760 514 1156 588 κατήντησῐαν]
1192 516 1325 589 (44),
1362 520 1456 573 καὶ
1475 518 1667 573 ἔλαϐον
1699 521 1870 593 γέρας

269 603 525 668 γενναῖον
554 603 609 654 αἱ
631 603 879 668 ἀσθενεῖς
896 605 974 676 τῷ
996 606 1229 678 σώματι.
1264 610 1433 679 Ζῆλος
1461 611 1868 683 ἀπηλλοτρίωσε

268 692 520 763 γαμετὰς
564 693 794 765 ἀνδρῶν,
841 699 937 751 καὶ
984 699 1275 768 ὴλλοίωσεν
1307 703 1369 756 τὸ
1419 704 1579 775 ῥηθὲν
1631 705 1737 758 ὑπὸ
1772 706 1869 758 τοῦ

268 784 484 856 πατρὸς
528 787 687 857 ἡμῶν
729 789 898 861 Ἀδάμ
931 808 945 823 '
986 793 1217 866 Τοῦτ[ο]
1246 795 1365 850 νῦν
1391 797 1617 851 ὀστοῦν
1641 798 1711 851 ἐκ
1750 798 1870 851 τῶν

268 876 505 930 ὀστέων
525 896 665 947 μου,
698 881 797 934 καὶ
824 883 981 950 σὰρξ
1007 884 1075 939 ἐκ
1102 885 1215 954 τῆς
1247 890 1477 957 σαρκός
1501 906 1641 958 μου.
1696 890 1868 960 Ζῆλος

267 969 369 1020 xui.
400 967 515 1039 ἔρις
560 970 743 1036 πόλεις
774 974 1015 1045 μεγάλας
1046 978 1437 1052 κατέστρεψεν,
1471 981 1566 1037 καὶ
1599 979 1726 1055 ἔθνη
1767 998 1863 1053 με·-

266 1059 415 1127 γάλι
445 1059 823 1133 ἐξερῤίζωσεν.

803 1160 1202 1216 ΚΕΦΑΛΑΙΟΝ
1250 1163 1328 1219 Ζ’.

325 1244 537 1309 Ταῦτα,
570 1248 844 1320 ἀγαπητοὶ
877 1250 1008 1322 (45),
1044 1254 1108 1307 οὐ
1134 1254 1295 1325 μόνον
1328 1256 1473 1326 ὑμᾶς
1489 1254 1861 1317 νουθετοῦντες
1932 1220 1935 1221 ν

260 1336 550 1391 ὲπιστέλλο
557 1357 673 1409 μεν,
694 1341 829 1395 ἀλλὰ
847 1344 940 1395 καὶ
956 1345 1180 1408 ἑαυτοὺς
1200 1345 1688 1419 ὑπομνήσκον[τες]
1713 1347 1822 1419 (46)
1840 1361 1862 1383 θ

262 1429 323 1480 ὲν
354 1430 467 1501 γάρ
496 1432 574 1502 τῷ
605 1433 754 1503 αὐτῷ
786 1434 951 1504 ἐσμεν
985 1436 1321 1510 σκάμμα[τι]
1358 1439 1468 1511 (47)
1503 1441 1598 1494 καὶ
1629 1440 1659 1492 ὀ
1698 1438 1860 1502 αὐτὸς

340 1548 389 1579 ⁸ο
419 1545 556 1601 Gen.
591 1562 663 1612 ιι,
695 1546 786 1603 23.

1954 526 2261 591 'nuissent,
2294 537 2637 584 constantem
2668 531 2794 587 ﬁdei
2819 549 3041 589 cursum
3063 548 3537 602 consummarunt,

1972 625 2027 674 et
2059 619 2267 673 debiles
2297 636 2523 689 corpore
2546 623 2726 677 nobile
2747 626 3027 694 praemium
3055 636 3402 695 acceperunt.
3437 629 3539 684 ΛΕ-

1970 712 2201 766 mulatio
2229 729 2429 768 uxores
2459 730 2491 768 a
2518 716 2729 771 maritis
2759 717 3106 783 abalienavit,
3133 726 3185 774 et
3216 720 3421 775 dictum
3444 738 3542 793 pa-

1975 804 2076 858 tris
2112 806 2285 859 nostri
2317 806 2489 860 Adam
2519 809 2751 863 mutavit
2787 829 2801 865 :
2837 809 2952 864 Hoc
2986 828 3122 865 nunc
3157 829 3213 867 os
3242 828 3305 867 ea:
3334 814 3540 869 ossibus

1970 898 2120 963 meis,
2148 908 2197 953 et
2220 914 2347 953 caro
2363 898 2426 953 de
2447 916 2605 955 carne
2634 919 2749 955 mea
2776 903 2843 959 °°.
2867 903 3167 960 Emulatio
3187 914 3241 961 et
3261 908 3539 963 contentio

1971 990 2136 1047 urbes
2165 1006 2393 1062 magnas
2419 994 2645 1060 evertit,
2668 1002 2721 1050 et
2747 1003 2935 1067 gentes
2962 1012 3190 1069 magnas
3218 999 3535 1055 eradicavit.

2556 1153 2784 1209 CAPUT
2819 1154 2929 1212 VII.

2038 1242 2163 1299 Haec
2182 1285 2196 1309 ,
2223 1245 2530 1301 charissimi
2550 1286 2567 1312 ,
2594 1263 2702 1301 non
2728 1255 2939 1303 tantum
2971 1256 3029 1303 ut
3057 1264 3152 1305 vos
3180 1249 3340 1305 ofﬁcii
3369 1250 3537 1307 vestri

1967 1340 2360 1396 admoneamus
2409 1341 2723 1406 scribimus,
2787 1341 2883 1396 sed
2928 1343 3092 1396 etiam
3145 1353 3204 1397 ut
3257 1360 3355 1399 nos
3388 1346 3537 1414 ipsos

1966 1434 2555 1502 commonefaciamus;
2581 1434 2636 1489 in
2660 1432 2849 1489 eadem
2875 1436 3018 1491 enim
3044 1451 3209 1493 arena
3231 1450 3535 1516 versamur,

1583 1662 1951 1722 VARIORUM
1989 1664 2225 1722 NOTAE.

262 1805 373 1857 ista
404 1818 474 1858 ex
506 1803 879 1876 Alexandrino
908 1806 1016 1861 huc
1045 1822 1169 1862 esse
1214 1805 1479 1861 translata
1508 1823 1522 1860 :
1572 1820 1695 1876 cum
1746 1804 1858 1859 illic
1889 1812 1930 1867 Β
1961 1805 2105 1874 quod
2135 1804 2201 1861 de
2230 1806 2400 1860 altero
2428 1805 2701 1861 novimus.
2734 1804 3075 1876 Quapropter
3106 1820 3205 1861 nec
3256 1807 3535 1875 probanda

260 1876 425 1928 Dirce
446 1875 667 1943 quidem
693 1877 840 1929 nulla
858 1895 872 1940 ;
890 1876 1157 1931 Danaides
1184 1892 1331 1942 vero,
1346 1892 1455 1931 non
1482 1876 1536 1929 in
1558 1874 1851 1944 patientiw,

260 1947 358 1999 sed
393 1947 445 1997 in
480 1945 731 1999 audacize
748 1947 1029 2002 muliebris
1058 1949 1111 2001 in
1138 1948 1303 2002 armis
1336 1947 1636 2001 tractandis
1669 1961 1855 1999 exem-

304 2017 417 2066 lum
448 2023 842 2085 proponantur.
898 2017 1066 2072 GALL.
1099 2017 1473 2082 -Δαναῖδες
1510 2015 1609 2068 καὶ
1648 2016 1853 2085 Δίρκη.

309 2084 583 2158 egendum
615 2086 775 2147 forte,
811 2088 990 2158 Δανάη
1038 2089 1237 2158 τεκαὶ
1282 2088 1477 2157 Δίρκη.
1528 2086 1666 2158 Cor.
1722 2084 1857 2141 Vide

261 2153 389 2223 quae
419 2156 523 2208 hac
553 2153 621 2207 de
642 2171 701 2207 re
734 2153 1057 2225 scripsimus
1087 2157 1236 2212 Artis
1272 2153 1490 2220 criiicce,
1524 2172 1578 2225 p.
1623 2156 1677 2219 5,
1711 2162 1848 2211 sect.

264 2228 357 2287 Η,
393 2241 446 2281 c.
512 2225 567 2289 5,
620 2225 707 2280 14.
758 2225 1451 2292 Οιεῐιιίῑυδ.--Δαναΐδες
1501 2225 1601 2279 καὶ
1652 2227 1853 2292 Δίρκη.

259 2294 437 2351 Nemo
469 2304 554 2349 est
584 2296 674 2363 qui
699 2298 878 2365 primo
904 2298 1101 2351 intuitu
1136 2315 1245 2353 non
1279 2298 1481 2360 videat,
1520 2296 1638 2350 hmc
1678 2296 1855 2349 aliena

261 2382 390 2422 esse
418 2366 490 2418 ab
517 2366 620 2420 hoc
649 2366 790 2429 loco,
820 2377 872 2420 et
898 2370 1059 2436 plane
1087 2376 1278 2422 contra
1316 2368 1558 2436 auctoris
1590 2375 1852 2430 mentem,

260 2438 359 2505 qui
392 2437 561 2489 verba
588 2437 707 2505 ejus
740 2452 861 2506 quae
888 2433 1051 2506 paulo
1078 2454 1241 2508 supra
1284 2433 1578 2499 habentur,
1614 2438 1697 2491 vel
1723 2436 1855 2489 levi-

263 2517 349 2561 ter
384 2507 772 2575 perpenderit;
808 2509 899 2560 ubi
924 2507 1408 2575 relictis'antiquis
1449 2508 1733 2575 exemplis,
1769 2508 1853 2559 sui

264 2525 349 2561 ter
384 2525 772 2575 perpenaerit;
808 2525 899 2560 um
924 2525 1130 2564 rencus
1167 2525 1277 2562 anu
1326 2525 1408 2562 uts
1449 2525 1733 2575 exemplis,
1769 2525 1853 2559 Slll

263 2576 555 2649 s:eculi__et
600 2578 963 2649 ὑπογυιότερα
994 2578 1074 2646 (ut
1106 2525 1679 2633 verboIDemosthcnis
1702 2576 1853 2649 utar)

264 2649 320 2700 in
358 2646 598 2699 medium
641 2646 905 2715 proferre
933 2650 1237 2718 pollicetur.
1271 2648 1457 2702 Errori
1492 2656 1669 2699 autem
1702 2646 1848 2710 huic,

262 2720 308 2772 si
363 2718 694 2784 conjecturae
745 2718 919 2781 locus,
965 2734 1155 2772 ansam
1213 2720 1508 2783 praebuisse
1555 2717 1852 2771 Clementis

262 2787 627 2840 Alexandrini
660 2788 943 2841 lectionem
973 2791 1264 2842 verisimile
1313 2795 1416 2849 est,
1468 2788 1561 2856 qui
1609 2786 1745 2839 libro
1790 2801 1841 2838 tv

262 2858 637 2917 Strom.,dum
673 2859 871 2926 repetit
900 2875 1018 2927 qua:
1045 2860 1181 2910 infra
1220 2859 1322 2913 sub
1347 2858 1504 2911 linem
1541 2856 1706 2921 hujus
1736 2859 1853 2923 epi-

262 2929 425 2982 stola:
453 2927 745 2999 habentur,
786 2926 1032 2999 et_hujus
1059 2930 1159 2982 loci
1191 2926 1490 2999 ἐξηγητικᾲ
1538 2933 1687 2999 sunt,
1732 2933 1853 2999 post

260 2998 516 3065 exempla
546 2997 730 3051 Judith
754 3006 805 3051 et
835 2997 1049 3061 Esther,
1082 2999 1229 3052 addit
1253 2997 1315 3052 ex
1344 2997 1569 3067 profana
1600 2997 1851 3060 historia,

261 3078 317 3121 et
349 3075 638 3134 poetarum
682 3067 903 3133 fabulis,
934 3070 1153 3122 fortium
1201 3071 1487 3122 nutlicrum
1523 3068 1663 3120 facta
1711 3082 1849 3119 non-

262 3141 441 3196 nulla,
486 3152 608 3205 quae
644 3139 875 3205 gladios,
930 3142 1083 3209 ignes
1113 3146 1167 3192 et
1216 3146 1608 3193 tormentorum
1640 3137 1852 3209 crucia:

260 3218 380 3266 tus.
401 3210 674 3260 constanti
695 3209 878 3261 animo
900 3207 1213 3263 et'masculo
1228 3215 1671 3274 contempserunt
1686 3207 1852 3275 (quod

261 3280 432 3333 etiam
480 3278 531 3349 in
582 3276 739 3331 Libro
769 3280 837 3333 ad
866 3279 1139 3349 Martyras
1183 3295 1213 3332 a
1264 3278 1337 3332 Te

262 3365 409 3418 esse.
470 3346 938 3418 deprehenditur).
968 3346 1108 3403 inter
1160 3364 1319 3418 quas,
1366 3348 1535 3400 Danai
1586 3348 1746 3409 filias,
1796 3354 1850 3399 et

264 3415 567 3471 Danaidum
588 3427 849 3471 auctorem
865 3430 1138 3481 memorat,
1178 3415 1277 3488 qui
1311 3420 1524 3471 illarum
1569 3418 1847 3471 historiam

261 3489 517 3540 carmine
558 3488 778 3540 heroico
809 3490 1157 3558 conscripsit.
1191 3490 1348 3544 Unde
1394 3490 1596 3542 factum
1642 3494 1848 3558 est,rut

262 3572 393 3609 cum
446 3556 503 3608 in
550 3558 798 3628 margine
844 3556 1047 3614 vetusti
1098 3561 1331 3628 alicujus
1375 3558 1727 3627 exemplaris,
1768 3557 1849 3610 ha:

259 3641 432 3679 voces
488 3627 723 3694 primum
771 3629 1165 3695 scriberentur,
1213 3631 1279 3684 ab
1329 3630 1582 3697 imperito
1622 3629 1848 3682 librario

261 3704 457 3769 postea
484 3698 536 3749 in
562 3705 766 3769 textum
791 3698 1147 3769 irrepserint;
1172 3716 1309 3769 quas
1334 3716 1432 3753 nos
1463 3698 1667 3753 idcirco
1692 3699 1849 3751 uncis

260 3768 518 3821 inclusas
548 3783 578 3819 a
612 3767 834 3836 reliquis
864 3767 1247 3831 discrevimus,
1282 3786 1388 3823 non
1442 3770 1622 3837 inepte
1668 3776 1849 3821 tamen

260 3838 495 3909 retineri
536 3846 790 3906 possunt,
823 3839 868 3891 si
913 3840 987 3903 ὼς
1018 3842 1284 3909 particula
1330 3841 1714 3909 prremittiatur,
1750 3838 1845 3891 sed

258 3908 417 3976 prior
464 3909 733 3961 sententia
786 3911 961 3979 magis
1020 3907 1246 3967 arridet.
1315 3907 1734 3979 mre—Variae
1792 3909 1848 3962 in

258 3979 415 4031 hunc
469 3979 647 4033 locum
704 3978 1047 4033 diversorum
1089 3992 1218 4034 sunt
1265 3981 1613 4045 conjectum.
1662 3978 1849 4033 Graece

258 4048 449 4119 Δανάη
482 4065 541 4121 τε
574 4050 667 4121 καὶ
695 4050 861 4121 Δίρκη
888 4050 1172 4120 legendum
1196 4067 1318 4105 esse
1339 4051 1642 4105 Cotelerius
1668 4049 1851 4121 suspi-

258 4088 449 4190 catur.‘
480 4088 1047 4190 Attloananieritcus
1075 4123 1224 4175 Artis
1254 4122 1397 4179 crit..
1426 4136 1479 4190 p.
1522 4122 1575 4183 5,
1607 4128 1743 4173 sect.
1770 4088 1840 4183 ἓ,

259 4204 314 4241 c.
352 4188 508 4261 6,_n.
542 4188 629 4251 15,
660 4204 761 4257 pro
796 4192 979 4261 verbis
1021 4192 1274 4254 Δαναΐδες
1304 4191 1395 4244 καὶ
1428 4188 1631 4261 Ἀίρκη,
1684 4190 1843 4243 resti-

261 4259 533 4312 tuendum
564 4274 687 4313 csse
722 4260 994 4329 conjectat
1024 4263 1152 4316 ἄνευ
1199 4261 1381 4323 αἰδοῦς
1411 4259 1512 4313 καῖ
1532 4259 1706 4330 δίκης,
1738 4261 1850 4313 sine

260 4330 555 4382 rererentia
577 4338 624 4381 et
642 4330 787 4397 jure,
822 4333 925 4385 hoc
955 4340 1039 4386 est
1065 4333 1428 4387 irreverenter
1478 4331 1663 4383 habito
1711 4344 1847 4383 sexu

262 4398 593 4469 inﬁrmiore,
623 4408 676 4452 et
701 4409 889 4454 contra
915 4402 1005 4469 jus
1032 4410 1086 4457 et
1120 4402 1223 4457 fas.
1250 4400 1355 4456 Sed
1379 4401 1707 4469 conjecturae
1729 4399 1848 4465 eius

261 4470 544 4543 neminem
574 4468 732 4543 facile
764 4468 1201 4541 subscripturum
1227 4480 1380 4543 puto,
1427 4468 1551 4543 cum
1579 4470 1846 4524 orationis

261 4540 454 4611 series
497 4540 754 4611 postulet,
794 4550 849 4594 ut
889 4540 1344 4611 quemadmodum
1391 4541 1637 4610 proxime
1680 4555 1847 4611 expo-

1960 1876 2176 1930 videtur
2202 1878 2387 1945 Opinio
2422 1892 2633 1937 eorum,
2675 1879 2767 1946 qui
2796 1892 2859 1931 eo
2900 1878 3041 1946 quod
3080 1876 3332 1932 Clemens
3379 1879 3532 1935 Alex.

1958 1946 2054 2001 lib.
2096 1963 2149 2000 iv
2200 1947 2398 2001 Strom.
2432 1947 2573 2001 inter
2603 1947 2832 2001 feminas
2862 1949 3107 2001 etlmicas
3139 1963 3258 2016 qua":
3288 1948 3388 2002 sibi
3418 1950 3537 2003 lau-

1957 2017 2080 2070 dem
2108 2018 2401 2070 virtutibus
2431 2018 2546 2071 suis
2576 2028 2922 2086 pepererunt,
2959 2018 3244 2087 praldictas
3278 2017 3442 2073 Danai
3472 2020 3535 2072 fi-

1957 2087 2061 2141 lias
2093 2097 2576 2157 recenset,easque
2606 2089 2983 2151 encomio,cui
3019 2088 3209 2142 titulus
3238 2088 3531 2153 Danaides,

1958 2172 1986 2227 a
2019 2160 2255 2226 quodam
2305 2166 2461 2227 poeta
2508 2158 2808 2211 celebratas
2860 2168 3268 2218 commemorat,
3313 2175 3378 2213 ex
3428 2159 3533 2213 hoc

1954 2226 2317 2281 Alexandrini
2342 2230 2461 2299 loco
2488 2229 2647 2281 istum
2695 2243 2724 2280 a
2775 2229 2997 2299 librario
3046 2229 3280 2299 quodam
3330 2237 3534 2288 temere

1954 2300 2396 2352 consarcinatum
2425 2298 2594 2353 fuisse
2626 2307 2880 2368 arguunt.
2918 2298 3119 2354 Cousr.

2027 2388 2139 2459 (44)
2186 2388 2315 2441 Ἐπὶ
2346 2388 2449 2459 τὸν
2479 2389 2753 2455 πίστεως.
2788 2389 2867 2442 Ex
2903 2388 3073 2445 Wott.
3128 2391 3201 2444 ita
3256 2404 3356 2443 ms.
3406 2392 3535 2444 alts-

1956 2458 2062 2527 que
2092 2459 2321 2512 articnlo
2352 2458 2482 2526 τῆς,
2511 2476 2667 2529 quem
2701 2461 2908 2513 addunt
2931 2462 3078 2515 editi.
3109 2460 3257 2515 (ΞΛΜ,
3298 2489 3367 2499 —
3397 2460 3531 2514 Ἐπὶ

1954 2529 2062 2582 τὸν
2117 2529 2337 2597 δρόμον
2377 2531 2782 2597 κατήντησαν.
2832 2530 2993 2584 Forte
3035 2533 3131 2592 εἰς,
3167 2539 3224 2584 ut
3268 2529 3407 2582 infra
3452 2534 3532 2593 είς

1956 2599 2221 2671 πέπειρον
2269 2601 2527 2670 καταντᾷ.
2583 2599 2672 2653 Sic
2721 2599 2922 2656 Paulus
2954 2600 3019 2653 ad
3074 2600 3271 2671 Ephes.
3307 2617 3379 2662 tv,
3414 2601 3527 2655 15:

1956 2669 2133 2740 Μέχρι
2167 2671 2591 2740 καταντήσωμεν
2621 2672 2669 2723 οἱ
2701 2671 2901 2733 πάντες
2929 2674 3007 2732 είς
3034 2669 3132 2740 τὴν
3161 2672 3383 2739 ἑνότητα
3429 2670 3531 2739 τῆς

1957 2739 2225 2803 πίστεωςς
2260 2749 2313 2793 et
2358 2742 2423 2792 ad
2473 2739 2668 2810 Philip.
2708 2758 2803 2803 tu,
2841 2743 2942 2795 H:
2979 2739 3159 2802 Εἴπως
3206 2741 3531 2809 καταντήσω

1956 2811 2033 2871 είς
2075 2809 2430 2873 ἐξανάστασιν
2472 2811 2578 2863 τῶν
2618 2809 2850 2882 νεκρῶν.
2904 2810 3081 2865 Malim
3110 2820 3314 2882 tamen,
3349 2811 3531 2882 deleta

1954 2882 2362 3002 Era‘positione,
2391 2882 2697 2951 κατήνυσαν
2724 2879 2946 2951 legere,
2978 2881 3268 2936 alludendo
3298 2879 3365 2933 ad
3399 2880 3532 2933 illud

2002 2952 2109 3002 auli
2135 2949 2175 3002 ll
2201 2950 2441 3002 Timoth.
2464 2967 2537 3002 tv.
2563 2952 2593 3002 7
2619 2971 2631 3002 :
2659 2951 2760 3002 Τὸν
2790 2952 2971 3002 ἀγῶνα
3004 2951 3092 3002 τὸν
3137 2951 3297 3002 καλὸν
3342 2949 3532 3002 ἠγώνιη

2002 2952 2109 3002 auli
2135 2949 2175 3003 ll
2201 2950 2441 3004 Timoth.
2464 2949 2537 3012 ιγ’,
2563 2952 2593 3003 7
2619 2971 2631 3005 :
2659 2951 2760 3004 Τὸν
2790 2949 2971 3019 ἀγῶνα
3004 2951 3092 3004 τὸν
3137 2951 3297 3003 καλὸν
3342 2949 3533 3019 ἠγώνιη

1957 3036 2114 3091 σμαι,
2131 3021 2221 3073 τὸν
2242 3021 2437 3092 δρόμον
2465 3021 2745 3091 τετέληκα,
2764 3021 2860 3092 τὴν
2882 3023 3061 3075 πίστιν
3081 3023 3376 3092 τετήρηκα.
3406 3020 3526 3075 JUN.

2028 3114 2139 3183 (45)
2188 3113 2400 3176 Ταῦτα,
2430 3113 2742 3181 ἀγαπητοί.
2792 3113 2890 3168 Hic
2932 3120 3142 3167 mutato
3174 3115 3334 3183 stylo.
3368 3130 3527 3183 supe-

1960 3183 2124 3237 rioris
2156 3184 2555 3253 objurgationis
2586 3184 2954 3252 asperitatem,
2980 3184 3261 3237 blandiore
3290 3184 3529 3253 alloquio

1343 3253 1602 3332 rtul'liano
1655 3253 1852 3329 factum

1961 3255 2200 3332 lenit‘et
2245 3254 2486 3332 emollit,“
2514 3254 2609 3306 καὶ
2652 3254 2951 3332 κουφότερα
2996 3253 3425 3332 ῖταρε-μϐάλλωνι,
3470 3261 3531 3308 ιιι

1957 3324 2154 3377 alicubi
2189 3323 2430 3392 loquitur
2450 3325 2522 3380 Os
2543 3338 2790 3386 aureum,
2820 3323 2913 3377 κα).
2940 3323 3105 3387 τιθεὶς
3128 3324 3315 3376 ἑαυτὸν
3343 3324 3527 3393 μέσον,

1906 3412 1914 3418 ’
1950 3394 2011 3446 τὸ
2054 3393 2279 3464 σφόδρον
2318 3394 2420 3463 τῆς
2468 3394 2835 3464 ἐπιτιμήσεως
2876 3393 3094 3447 λεαίνει.
3127 3395 3302 3463 Atque
3333 3395 3385 3446 in
3426 3394 3531 3449 hoc

1950 3466 2080 3525 veri,
2126 3464 2319 3524 lidelis,
2359 3473 2412 3518 et
2445 3464 2663 3518 solliciti
2701 3465 2937 3533 pastoris
2968 3471 3149 3533 partes
3182 3465 3524 3533 exsequitur,

1951 3536 2039 3589 cui
2083 3536 2151 3587 ab
2184 3535 2446 3602 Apostolo
2477 3542 2771 3603 utrumque
2818 3535 3339 3594 munus,hortandi.
3378 3535 3530 3595 scili-

1951 3614 2058 3667 cet,
2099 3612 2153 3657 et
2182 3604 2529 3673 ohjurgandi,
2575 3607 2777 3673 pariter
2812 3605 3153 3673 injungitur:
3187 3621 3418 3673 quorum
3450 3606 3529 3657 al-

1952 3682 2150 3737 terum,
2186 3683 2331 3727 metu
2366 3677 2447 3729 vel
2479 3676 2791 3729 adulatione
2846 3674 3137 3744 negligere,
3180 3676 3241 3727 οὑ
3273 3675 3527 3728 διδασκά-

1950 3745 2062 3808 λου,
2084 3756 2155 3815 ut
2180 3744 2463 3815 Chrysost.
2494 3745 2548 3798 in
2582 3744 2754 3815 Epist.
2788 3745 2852 3797 ad
2893 3745 3133 3807 Galatas,
3161 3745 3293 3798 ἀλλὰ
3320 3744 3529 3815 λυμεῶ-

1951 3832 2040 3878 νος
2068 3814 2132 3867 ἂν
2160 3815 2264 3884 εἴη,
2299 3814 2389 3867 καὶ
2421 3815 2695 3886 πολεμίου.
2731 3814 2820 3869 Sic
2846 3816 3099 3871 Christus
3139 3814 3397 3884 exemplo
3427 3830 3529 3870 suo

1952 3887 2227 3954 apostolos
2259 3885 2515 3947 instituit.
2545 3885 2683 3956 quos
2715 3887 2984 3940 interdum
3027 3886 3210 3939 laudat
3254 3895 3307 3939 et
3339 3886 3528 3941 beatos

1950 3956 2235 4026 praedicat,
2268 3956 2540 4009 interdum
2574 3973 2704 4011 vero
2741 3959 2939 4011 acriter
2982 3957 3309 4026 increpatet
3340 3956 3530 4024 objur-

1952 4035 2063 4096 gat.
2098 4026 2187 4079 Sic
2219 4026 2513 4093 Apostolus
2546 4026 2877 4081 Clementem
2912 4027 3116 4090 docuit,
3150 4025 3241 4095 qui
3280 4042 3528 4095 smpenu-

1949 4112 2103 4167 mero
2142 4097 2213 4167 in_
2238 4097 2489 4167 epistolis
2524 4098 2638 4152 suis
2689 4106 2769 4167 (ut
2809 4097 3093 4167 Chrysost.
3126 4096 3358 4167 ibidem)
3393 4098 3526 4150 κατ’

1951 4165 2095 4234 [χνος
2123 4164 2216 4237 τοῦ
2232 4166 2547 4237 διδασκάλου
2584 4164 2779 4236 βαίνων
2810 4164 3072 4237 ποικίλλει
3091 4166 3180 4218 τὸν
3212 4166 3364 4237 λόγον
3393 4167 3528 4237 πρὸς

1949 4239 2050 4317 τῂν
2096 4236 2205 4289 τῶν
2246 4235 2710 4317 μαριητευομένων
2748 4238 2956 4317 χρείαν,
2988 4235 3081 4316 νῦν
3115 4237 3211 4317 μέν
3227 4236 3394 4312 καίων
3434 4235 3527 4317 καὶ

1948 4303 2177 4378 τέμνων,
2212 4303 2309 4378 νῦν
2334 4303 2404 4378 δὲ’
2422 4303 2669 4378 προσηνῆ
2700 4303 2963 4377 φάρμακα
2996 4303 3273 4378 ἐπιτιθεὶς,
3303 4303 3395 4378 νυν
3429 4308 3527 4375 μὲν

1949 4375 2215 4448 gypseae)
2252 4376 2345 4432 νῦν
2467 4375 2523 4430 ἐν
2552 4375 2737 4448 ἀγάπῃ
2758 4375 2878 4448 ξκα).
2908 4375 3173 4448 πνεύματι
3220 4375 3526 4448 πραότητος

1948 4443 2260 4519 ἐρχόμενος,
2301 4456 2360 4502 ut
2396 4446 2463 4501 de
2493 4443 2675 4518 seipso
2704 4443 2770 4501 ad
2799 4443 3113 4501 Corinthios
3145 4443 3521 4514 loquitur.'ln.

2022 4567 2133 4638 (46)
2162 4566 2701 4638 ’Υπομνήσκοτςζξᾳ
2735 4564 3119 4638 Ms._menr_lum
3151 4579 3216 4617 ex
3243 4579 3428 4638 errore
3455 4564 3524 4617 li-

261 4610 377 4707 stiit
404 4609 669 4707 virorum,
702 4610 773 4691 ita
802 4609 947 4665 nunc
972 4614 1258 4707 ntulie'rum
1291 4609 1558 4694 proponat
1590 4610 1846 4707 specialia

1961 4609 2225 4693 brariilsic
2255 4609 2537 4707 co’rriéunt
2566 4619 2736 4689 Wdtt.
2757 4648 2809 4689 et
2834 4636 2969 4707 Dav.
2996 4636 3520 4707 ὑπομιμνήσκοντες.

261 4690 433 4751 atque
468 4679 765 4751 rsingularia
815 4684 1080 4749 exempla.
1130 4679 1312 4751 Longe
1363 4679 1545 4737 minus
1591 4681 1846 4748 cuiquam

261 4750 522 4823 placebit,
551 4750 695 4819 quad
726 4766 912 4823 vocem
945 4751 1182 4807 Grmcam
1215 4750 1394 4823 ζῆλον,
1429 4752 1621 4806 Latine
1650 4752 1848 4820 zeloty-

258 4823 409 4888 piam
434 4821 844 4889 interpretatur.
865 4820 980 4874 Non
1004 4824 1147 4876 enim
1181 4820 1325 4877 aliud
1355 4824 1442 4877 hic
1471 4830 1652 4885 sonat,
1681 4836 1846 4889 quam

260 4891 563 4971 superius,
604 4892 695 4944 ubi
737 4890 961 4955 Paulus,
1014 4892 1229 4971 Petrus,
1268 4894 1458 4971 David,
1493 4891 1716 4971 e_t_c.,6_tdz
1748 4890 1848 4971 ζῆ-

258 4960 356 5034 λον
385 4961 567 5013 vexati
596 4972 988 5034 memorantur.
1018 4962 1203 5033 Neque
1228 4964 1402 5034 magis
1424 4960 1847 5034 audiendus_vi-

261 5033 450 5093 detur,
484 5046 607 5083 cum
646 5032 699 5083 id
736 5032 803 5085 de
845 5033 947 5087 hoc.
976 5033 1091 5087 loco
1116 5031 1421 5096 Slatttit,'ut
1455 5034 1558 5087 nisi
1598 5031 1844 5086 mendum

259 5102 317 5151 in
354 5116 472 5153 eum
501 5102 789 5174 irrepserit,
822 5102 1039 5156 dubium
1066 5121 1178 5158 esse
1224 5114 1461 5174 nequeat,
1514 5104 1641 5173 quin
1686 5102 1844 5174 segni—

259 5186 475 5244 pagano
510 5173 728 5223 librario
782 5173 1053 5244 debeatur,
1083 5176 1174 5244 qui
1213 5172 1449 5229 fabulam
1480 5174 1712 5227 filiarum
1744 5172 1849 5224 Da-

260 5243 529 5313 {unicum
586 5244 730 5296 veris
779 5242 1024 5298 historiis
1074 5242 1443 5313 conjunxerit.
1491 5244 1669 5313 Quasi,
1716 5257 1848 5297 vero

260 5310 381 5383 ﬁeri
415 5328 523 5383 non
550 5314 808 5381 potuerit,
838 5321 897 5367 ut
925 5315 1069 5370 circa
1095 5310 1227 5369 illud
1257 5326 1489 5382 tempus,
1514 5330 1622 5383 quo
1650 5312 1847 5369 Petrus

259 5392 315 5433 et
346 5378 798 5456 Paulus'propter
812 5386 1210 5441 aemulationem
1238 5378 1518 5456 gentilium
1532 5378 1848 5456 passisunt,

259 5452 513 5503 eamdem
554 5454 626 5505 ob
654 5469 875 5507 causam
922 5464 1129 5509 vexata
1174 5452 1376 5511 fuerint
1419 5452 1550 5509 duae
1588 5454 1850 5508 mulieres

260 5519 617 5595 Danaides_et
639 5522 796 5577 Dirce
822 5526 1121 5593 appellatae,
1141 5542 1261 5595 quae
1282 5526 1499 5579 aliunde
1516 5525 1672 5579 nobis
1691 5526 1846 5593 igno-

262 5597 337 5641 ta:
362 5595 493 5644 sint.
523 5592 684 5646 Certe
713 5592 978 5649 orationis
1009 5592 1201 5659 series,
1231 5598 1306 5649 uti
1339 5612 1461 5649 mox
1504 5592 1843 5656 dicebamus,

261 5663 528 5745 postulat,
564 5673 620 5716 ut
648 5664 1254 5745 insignium_lnulierum
1278 5667 1574 5745 singularia
1599 5666 1847 5745 exempla

262 5732 632 5806 subjiciuntur
660 5754 671 5786 :
704 5732 804 5788 nec
834 5736 1130 5804 quidquam
1162 5737 1333 5806 magis
1361 5732 1416 5789 i'n
1459 5752 1705 5791 errorem
1760 5732 1842 5788 in-

262 5802 441 5869 ducit,
463 5820 624 5873 quam
651 5821 713 5860 ex
743 5802 1064 5877 cognatione
1089 5802 1369 5862 nominum
1395 5807 1444 5861 id
1470 5808 1561 5860 uni
1586 5806 1847 5870 tribuere,

1953 4708 2177 4763 Rectius
2226 4723 2388 4776 quam
2410 4704 2698 4770 'Clericus,
2757 4706 2913 4772 cujus
2941 4704 3249 4757 emendatio
3282 4705 3525 4775 ὑπομνή-

1956 4796 2137 4841 σοντες
2166 4780 2218 4831 in
2251 4778 2349 4832 fut.
2379 4778 2559 4832 minus
2599 4786 2718 4841 apte
2763 4776 2997 4830 coha’ret
3024 4790 3148 4828 cum
3190 4778 3524 4845 pratcedcnte

1952 4848 2345 4913 νουθετοῦντες.
2370 4846 2541 4903 (Γιλιι.

2023 4961 2135 5031 (47)
2178 4964 2280 5015 Ἐν
2304 4962 2387 5027 τῷ
2412 4959 2571 5025 αὐτῷ
2592 4959 2778 5030 ἐσμεν
2804 4959 3120 5029 σκάμματι.
3154 4961 3388 5031 Σκάμμα
3414 4976 3523 5015 non

1951 5038 2163 5086 tantum
2199 5033 2378 5085 locum
2413 5031 2731 5085 certaminis
2759 5038 2811 5085 et
2853 5033 3065 5099 agonis,
3111 5033 3202 5085 sed
3246 5040 3521 5085 certamen

1951 5104 2130 5172 ipsum
2166 5100 2456 5171 signiﬁcat,
2492 5110 2655 5169 atque
2687 5102 2788 5155 hoc
2819 5118 2982 5156 sensu
3014 5103 3399 5171 intelligendus
3439 5109 3535 5155 est”

1957 5171 2244 5226 Balsamon
2279 5172 2346 5225 ad
2382 5187 2646 5225 canonem
2679 5172 2749 5226 6'5
2786 5173 2979 5233 synodi
3014 5181 3180 5227 sextae
3223 5173 3276 5223 in
3310 5171 3518 5233 Trullo,

1952 5245 2045 5298 ubi
2087 5242 2153 5297 de
2202 5242 2457 5297 Simeone
2490 5232 2851 5310 Metaphraste
2896 5244 2974 5297 sic
3039 5244 3317 5310 loquitur:
3350 5232 3520 5310 Χάρις

1950 5315 2130 5367 τοίνυν
2169 5312 2248 5383 τῷ
2298 5314 2595 5383 μακαρίτῃ,
2636 5309 2717 5383 τῷν
2759 5312 2826 5364 τά
2875 5309 3181 5383 μαρτυρικὰ
3216 5311 3371 5383 κυπξρ
3420 5309 3519 5379 τῆς

1951 5365 2231 5453 ἀληθείας⁸
2256 5365 2821 5453 σκάμματαξ’πολλοῖς
2850 5365 3164 5453 τξόνὸιςβκαὶ
3210 5365 3393 5453 ίδρῷξςι
3423 5365 3521 5430 κάξ

1950 5450 2377 5517 τακαλλύναντι,
2394 5450 2472 5515 είς
2504 5451 2845 5523 ὕμνονίΘεοῦ,
2877 5453 2970 5505 καὶ
2998 5451 3151 5513 δόξαν
3168 5450 3520 5523 αᾼίωνίζουσαν

1946 5524 2054 5577 τῶν
2095 5525 2265 5592 ἁγίων
2320 5523 2496 5595 μαρτύ
2544 5518 2631 5576 ⁷ν.
2668 5522 2937 5591 Inter-pres
2980 5524 3142 5574 vertit
3184 5520 3379 5588 fossas,
3424 5518 3519 5573 sed

1946 5610 2056 5646 non
2098 5596 2233 5646 adeo
2270 5602 2437 5646 recte.
2619 5593 2822 5646 passim
2861 5592 3002 5646 anud
3035 5590 3515 5646 Chrvsostomum:

1946 5610 2056 5648 non
2098 5590 2233 5649 adeo
2270 5590 2437 5648 recte.
2487 5590 2578 5647 Sic
2619 5590 2825 5662 passim
2861 5592 3002 5661 apud
3035 5590 3515 5662 Chrysostomum:

1947 5665 2089 5735 Πρὸς
2120 5663 2342 5739 μείζονα
2379 5656 2685 5739 gementia
2727 5656 3059 5739 σκάμματακ
3073 5669 3125 5715 et
3149 5656 3287 5739 arpi);
3316 5656 3521 5739 μαχρῤ-

1947 5682 2089 5735 ιιρος
2108 5682 2342 5787 fugam
2379 5682 2685 5734 εκΛηυημεν
2727 5682 3043 5785 σκαμματα.
3073 5682 3125 5715 et
3152 5682 3286 5739 προς
3316 5682 3519 5737 μακρο-

1947 5752 2079 5805 τερα
2145 5733 2490 5804 πεδυσάμεθα
2525 5734 2871 5805 σκάμματοιἈ
2907 5730 3154 5805 ntcrdum
3204 5740 3367 5805 etiam
3410 5735 3519 5781 Vita

1949 5800 2137 5860 nostra
2176 5806 2230 5858 in
2287 5800 2469 5869 terris,
2529 5800 2751 5869 misera,
2806 5802 3099 5868 laboriosa,
3138 5800 3400 5855 molestis
3451 5810 3517 5852 ac
