3908 6172
291 309 407 363 3‘25

1405 291 1743 349 EPISTOLA
1779 288 1798 342 1
1834 289 1923 344 AD
1961 287 2398 345 CORlNTHlOS.

3451 292 3556 347 223

292 423 623 499 (καηγενεᾷ
652 420 941 492 μετανοίας
967 416 1132 471 τόπον
1154 413 1266 486 (55)
1280 411 1527 484 ἔδω[κ]εν
1555 413 1583 464 ὁ
1611 410 1871 480 Δεσπότης

1985 409 2173 465 tentia
2208 408 2387 463 locum
2440 406 2701 461 Dominus
2739 405 2887 463 dedit
2919 408 3229 464 volentibus
3276 406 3344 462 ad
3377 407 3554 477 ipsum

295 521 410 579 τοῖς
441 514 787 585 βουλομένοις
827 509 1233 581 ἐπιστραφῆναι
1262 507 1348 558 ἐπ’
1390 505 1573 558 αὐτόν.
1604 504 1726 557 Νῶε
1756 503 1886 573 ἐκή-

294 608 460 679 ρλξεν
510 605 819 676 μετάνοιαν,
848 603 942 656 καὶ
982 604 1033 655 οἱ
1063 600 1177 672 (55)
1226 598 1635 660 ὑπακούσαντες
1674 596 1883 667 ἐσώθη-

293 717 420 751 σαν.
469 701 651 761 Ἰωνᾶς
683 699 991 759 Νινευΐταις
1030 692 1413 765 καταστροφὴν
1451 688 1802 762 ἐκήρυξεν,οί
1829 688 1886 741 δὲ

295 791 735 861 μετανοήσαντες
781 790 875 841 ἐπὶ
906 792 1019 850 τοῖς
1047 787 1437 858 ἁμαρτήμασιν
1481 783 1681 845 αὐτῶν,
1710 780 1886 845 ἐξιλά-

295 898 463 934 σαντο
504 883 595 934 τὸν
638 881 772 935 Θεὸν
817 881 1209 942 ἱκετεύσαντες,
1241 878 1335 931 καὶ
1363 875 1553 929 ἔλαϐον
1588 874 1882 945 σωτηρίαν,

292 973 504 1044 καίπερ
531 973 798 1044 ἀλλότριοι
824 972 918 1025 τοῦ
948 971 1084 1025 Θεοῦ
1114 971 1284 1033 ὄντες.

845 1064 1238 1118 ΚΕΦΑΛΑῘΟΝ
1271 1062 1350 1114 H'.

369 1160 435 1211 υἱ
463 1158 765 1229 λειτουργοὶ
794 1157 895 1227 τῆς
920 1157 1141 1228 χάριτος
1168 1154 1263 1207 τοῦ
1292 1153 1425 1207 Θεοῦ
1444 1153 1539 1206 διὰ
1568 1152 1883 1223 Πνεύματος

295 1252 462 1319 ἁγίου
495 1252 621 1321 περὶ
652 1251 941 1321 μετανοίας
974 1249 1263 1321 ἐλάλησαν,
1292 1248 1388 1301 καὶ
1417 1247 1578 1310 αὐτὸς
1616 1246 1671 1299 δὲ
1716 1247 1743 1297 ὁ
1788 1247 1883 1297 Δε-

294 1344 508 1414 σπότης
533 1344 640 1396 τῶν
668 1343 923 1396 ἁπάντων
965 1343 1094 1414 περὶ
1140 1340 1426 1412 μετανοίας
1478 1339 1706 1410 ὲλάλησε
1763 1336 1880 1409 μεθ’

290 1436 485 1505 ὅρκου·
525 1434 617 1487 Ζῶ
660 1435 771 1507 γὰρ
800 1436 936 1505 ἐγὼ,
979 1435 1143 1503 λέγει
1187 1435 1420 1501 Κύριος,
1470 1434 1542 1486 οὺ
1582 1433 1879 1500 βούλομαι

289 1528 405 1579 τὸν
432 1527 690 1581 θάνατον
719 1528 825 1582 τοῦ
855 1526 1227 1596 ἀμαρτωλοῦ,
1266 1526 1346 1590 ὠς
1379 1523 1493 1593 τὴν
1517 1522 1841 1593 μετάνοιαν
1861 1539 1875 1553 ·

289 1618 613 1689 προστιθεὶς
683 1620 777 1672 καὶ
849 1618 1075 1690 γνώμην
1151 1618 1383 1689 ἀγαθήν·
1456 1614 1881 1682 Μετανοήσατε

289 1711 463 1777 οἶκος
506 1711 753 1778 Ἰσραὴλ
782 1710 895 1782 (57)
924 1711 1041 1765 ἀπὸ
1064 1711 1174 1779 τῆς
1202 1709 1455 1778 ἀνομίας
1480 1707 1667 1778 ὑμῶν.
1690 1709 1880 1761 Εἶπον

288 1802 421 1868 τοῖς
450 1803 603 1868 υἱοῖς
632 1784 739 1857 tofi
766 1803 920 1857 λαοῦ
946 1819 1086 1872 μου·
1134 1802 1273 1857 Ἐὰν
1312 1801 1465 1855 ὦσιν
1503 1804 1563 1854 αἱ
1602 1800 1875 1870 ἁμαρτίαι

287 1896 466 1965 ὑμῶν
496 1896 613 1950 ἀπὸ
646 1894 758 1962 τῆς
785 1894 899 1965 γῆς
929 1895 1040 1961 ἓως
1069 1894 1175 1948 τοῦ
1204 1892 1484 1960 οὐρανοῦ,
1516 1890 1615 1945 καὶ
1640 1892 1749 1945 ἐὰν
1768 1892 1879 1945 ὦσι

288 1988 653 2057 πιῴῥότεραι
682 1989 923 2053 κόκκου,
973 1986 1071 2040 καὶ
1092 1984 1450 2056 μελάντεραι
1486 1982 1741 2047 σάκκου,
1780 1984 1879 2036 καὶ

287 2079 703 2149 ἐπιστραεςῆτε
739 2081 889 2147 πρός
922 2097 1000 2149 με
1041 2078 1109 2143 ἐξ
1149 2078 1299 2145 ὅλης
1334 2077 1445 2146 τῆς
1475 2076 1741 2145 καρδίας,
1780 2078 1881 2130 καὶ

287 2174 524 2241 stante,
538 2170 747 2239 Πάτερ,
759 2171 1167 2239 ἐπακούσομαι
1178 2168 1342 2238 ὑμῶν
1351 2170 1432 2235 ὡς
1440 2168 1568 2234 λαῷ
1580 2169 1726 2238 ᾀγίῳ
1740 2169 1875 2240 (58).

290 2265 407 2317 Καὶ
464 2265 524 2316 ὲν
566 2262 743 2335 ἑτέρῳ
786 2263 935 2334 τόπῳ
979 2262 1126 2330 λέγει
1179 2261 1380 2325 οὕτως’
1428 2262 1747 2315 Λούσασθε
1775 2260 1873 2313 καὶ

288 2355 541 2423 καθαροὶ
581 2355 862 2424 γένεσθε,
918 2355 1218 2425 ἀφέλεσθε
1264 2352 1371 2419 τὰς
1424 2351 1714 2420 πονηρίας
1755 2352 1873 2405 ἀπὸ

289 2448 415 2501 τῶν
443 2447 664 2516 ¹ψυχῶν
689 2447 878 2517 ὑμῶν,
908 2447 1197 2501 ἀπέναντι
1232 2445 1350 2499 τῶν
1378 2444 1700 2514 ὀφθαλμῶν
1730 2462 1870 2514 μου·

292 2542 617 2594 παύσασθε
645 2540 762 2594 ἀπὸ
782 2538 899 2592 τῶν
918 2537 1216 2606 πονηριῶν
1236 2536 1421 2606 ὑμῶν,
1435 2535 1655 2606 μάθετε
1683 2537 1873 2590 καλὸν

290 2633 512 2696 ποιεῖν,
532 2632 891 2701 ἐκζητήσατε
911 2634 1129 2700 κρίσιν,
1155 2632 1430 2699 ῥύσασθε
1457 2629 1872 2699 ἀδικούμενον,

290 2727 537 2792 κρίνατε
566 2725 823 2794 ὀρφανῷ,
852 2725 949 2778 καὶ
968 2724 1316 2778 δικαιώσατε
1344 2721 1559 2791 χήραν,
1575 2724 1672 2776 καὶ
1699 2722 1872 2776 δεῦτε

291 2816 396 2868 καὶ
432 2815 867 2887 διελεγχθῶμεν
897 2817 1037 2889 (59),
1075 2816 1236 2885 λέγει
1266 2813 1399 2884 (60)·
1431 2816 1539 2872 Καὶ
1575 2816 1683 2869 ἐὰν
1721 2815 1872 2870 ὦσιν

291 2927 335 2957 ⁶¹
372 2924 513 2983 Gen.
544 2943 655 2994 vit;
685 2928 814 2998 Sap.
846 2946 910 2992 ι,
939 2929 973 2983 4
1001 2948 1015 2996 ;
1043 2927 1212 2983 Eecli.
1245 2945 1390 2992 xuv,
1420 2929 1487 2982 17
1514 2946 1530 2995 ;
1559 2928 1695 2985 llcb.
1727 2946 1779 2984 XI
1801 2970 1815 2994 ,
1850 2930 1871 2983 ἲ

2004 2930 2147 2986 Petr.
2180 2947 2275 2994 ιιι,
2305 2931 2412 2997 20;
2441 2930 2483 2986 11
2509 2929 2654 2985 Petr.
2687 2943 2762 2993 ιι,
2787 2927 2821 2982 5
2849 2969 2864 2982 .

710 3000 755 3031 ⁸⁵
784 2999 984 3055 Ezech.
1018 3014 1187 3064 xvttt,
1217 3000 1308 3054 50.
1384 3000 1429 3030 “
1455 2998 1559 3054 lsa.
1590 3015 1640 3064 ι,
1673 3001 1761 3055 18.
1835 3001 1882 3031 ⁸⁸
1905 3000 2017 3057 Jer.
2050 3017 2141 3067 ιιι,
2175 3004 2268 3065 l9,
2299 3002 2389 3056 22.

292 3010 514 3061 ιιιιιι,
546 2999 635 3053 tl.

1987 503 2233 558 converti
2285 502 2397 573 (54)
2454 499 2567 555 Noe
2608 502 2985 571 pmnitentiam
3029 501 3342 571 praedicavit
3374 501 3457 566 “;
3503 510 3558 555 et

1985 596 2076 666 qui
2100 595 2457 658 obedierunt,
2484 595 2685 649 servati
2715 603 2862 649 sunt.
2888 591 3055 647 Jonas
3083 592 3335 647 Ninivitis
3359 592 3557 660 praedi-

1986 687 2133 741 cavit
2160 689 2242 755 ";
2275 688 2351 742 illi
2393 695 2574 742 autem
2609 688 2677 742 de
2708 688 2946 755 peccatis
2981 686 3097 740 suis
3133 693 3252 737 acta
3285 685 3557 753 pmniten-

1985 781 2080 844 tia,
2105 780 2276 836 Deum
2304 781 2559 851 precibus
2588 780 2895 849 placarunt,
2927 786 2981 833 et
3012 778 3244 833 salutem
3269 775 3556 831 consecuti

1985 881 2135 937 sunt,
2162 874 2288 928 licet
2309 873 2474 929 alieni
2497 888 2526 926 a
2550 871 2662 927 Deo
2681 879 2885 928 essent.

2570 1050 2803 1107 CAPUT
2850 1050 2984 1105 Vlll.

2054 1145 2289 1202 Ministri
2318 1145 2517 1201 divina:
2544 1146 2730 1216 gratiae
2762 1160 2856 1215 per
2889 1141 3157 1213 Spiritum
3190 1148 3443 1198 sanetum
3484 1141 3553 1195 de

1982 1239 2304 1308 pmnitentia
2334 1247 2462 1292 sunt
2492 1238 2659 1292 locuti
2698 1256 2712 1291 ε
2748 1238 2971 1306 ipseque
2999 1234 3243 1289 omnium
3286 1232 3554 1287 Dominus

1982 1332 2049 1385 de
2088 1331 2406 1400 ptenilentia
2460 1330 2677 1384 locutus
2720 1336 2803 1384 est
2855 1343 2980 1382 cum
3034 1326 3371 1396 juramento.
3428 1324 3552 1377 Viro

1980 1426 2124 1479 enim
2156 1442 2267 1495 ego,
2303 1425 2429 1478 dicit
2469 1424 2769 1478 Dominus:
2803 1422 2923 1476 nolo
2978 1430 3195 1474 mortem
3242 1418 3550 1488 peccatoris,

1980 1518 2115 1571 sicut
2142 1520 2497 1587 pwnitentiam
2530 1517 2611 1573 “:
2650 1516 2855 1571 addens
2890 1514 3001 1585 (56)
3030 1521 3083 1568 et
3113 1512 3393 1582 pulchram
3428 1526 3554 1565 seu-

1980 1612 2247 1666 tentiam:
2298 1610 2603 1679 Resipiscite
2644 1609 2830 1663 domus
2864 1606 3038 1661 Israel
3070 1606 3134 1658 ab
3159 1605 3432 1674 iniquitate
3472 1620 3554 1655 ve-

1980 1717 2093 1760 stra
2124 1709 2190 1761 “.
2223 1705 2322 1759 Dic
2350 1706 2478 1774 [illis
2527 1703 2707 1773 populi
2754 1705 2899 1755 mei:
2949 1699 2996 1753 si
3039 1706 3253 1767 peccata
3304 1705 3475 1749 t'estra
3520 1710 3552 1746 a

1982 1812 2123 1854 terra
2146 1815 2308 1869 usque
2333 1797 2402 1851 ad
2442 1798 2627 1851 ιαἸιιηι
2658 1796 2983 1864 pertingant,
3016 1801 3064 1845 et
3096 1791 3142 1843 si
3168 1790 3275 1841 sint
3307 1785 3553 1839 rubriora

1980 1909 2133 1945 cocco
2169 1901 2216 1946 et
2255 1891 2490 1961 nigriora
2523 1904 2718 1950 sacco;
2752 1885 2987 1939 conversi
3024 1892 3199 1936 autem
3236 1878 3442 1949 fueritis
3483 1875 3553 1929 ad

1982 2001 2060 2037 me
2093 2000 2157 2037 ex
2188 1994 2297 2038 toto
2328 1982 2481 2036 corde
2512 1982 2577 2046 ⁸⁸,
2611 1990 2659 2035 et
2689 1979 2933 2033 dixeritis
2971 1991 2989 2030 :
3029 1975 3213 2035 Pater;
3269 1968 3552 2053 exaudiam

1981 2093 2066 2129 ros
2095 2089 2344 2147 tanquam
2371 2074 2621 2145 populum
2646 2083 2885 2125 sanctum
2912 2070 2976 2124 “.
3002 2068 3063 2122 Et
3099 2068 3153 2121 in
3187 2066 3294 2119 alio
3326 2064 3442 2116 loco
3471 2064 3552 2115 sic

1982 2172 2155 2227 dicit:
2189 2170 2468 2225 Lavamini
2507 2177 2557 2222 et
2599 2166 2780 2220 mundi
2827 2171 3024 2225 estote,
3068 2159 3269 2228 auferte
3307 2154 3449 2208 mala
3486 2166 3553 2205 ca:

1977 2266 2255 2318 animabus
2285 2264 2466 2317 vestris
2498 2258 2562 2312 ab
2596 2258 2762 2312 oculis
2790 2257 2915 2309 meis
2941 2270 2958 2306 :
2988 2253 3235 2323 quiescite
3268 2265 3300 2301 a
3331 2246 3551 2299 malitiis

1980 2356 2163 2411 vestris
2184 2394 2200 2419 ,
2234 2354 2421 2407 discite
2450 2354 2624 2421 facere
2655 2351 2885 2409 bonum,
2918 2347 3134 2416 quwrite
3155 2342 3414 2412 judicium
3440 2377 3454 2400 ,
3486 2337 3553 2388 li-

1980 2447 2155 2501 berate
2186 2461 2487 2515 oppressum
2508 2485 2523 2510 ,
2546 2444 2787 2514 judicate
2815 2438 3016 2510 pupillo
3037 2477 3052 2501 ,
3077 2444 3123 2490 et
3147 2434 3439 2504 justiﬁcate
3476 2430 3551 2482 vi-

1978 2540 2137 2593 duant
2160 2555 2178 2594 :
2205 2550 2253 2594 et
2281 2540 2445 2593 venite
2464 2579 2479 2603 ,
2507 2548 2556 2591 et
2585 2537 2908 2606 disputemus
2932 2573 2946 2598 ,
2977 2531 3105 2585 dicit
3130 2544 3147 2581 :
3176 2527 3240 2580 Et
3270 2527 3316 2579 si
3359 2524 3553 2593 fuerint

1978 2643 2192 2700 peccata
2221 2642 2395 2685 vestra
2429 2631 2583 2701 quasi
2624 2628 2973 2696 plnrnicium,
3018 2624 3152 2677 sicut
3196 2620 3361 2672 nivem
3398 2614 3550 2668 deal-

1978 2723 2146 2789 babo;
2194 2734 2243 2778 et
2273 2726 2319 2778 si
2349 2723 2545 2793 fuerint
2572 2732 2628 2774 ut
2659 2722 2925 2774 coccinum
2947 2757 2963 2782 ,
2995 2721 3131 2770 sicut
3172 2712 3354 2766 lanam
3406 2706 3553 2760 deal-

1978 2817 2131 2872 babo.
2177 2816 2245 2871 Et
2275 2819 2321 2871 si
2350 2816 2617 2871 volueritis
2652 2832 2714 2868 ac
2746 2812 3022 2865 audieritis
3062 2824 3175 2873 me,
3218 2805 3355 2859 bona
3397 2812 3552 2855 terra

2939 2922 2983 2955 “
3008 2920 3135 2978 Jon.
3164 2937 3248 2976 ιιι.
3279 2920 3324 2951 ⁸³
3349 2917 3548 2974 Ezech.

1602 3137 1966 3195 VARIORUM
2013 3140 2246 3196 ΝΟΤΛΕ.

381 3274 497 3343 (55)
536 3273 865 3339 Μετανοίας
893 3275 1099 3328 τόπον.
1134 3271 1297 3327 Forte
1324 3271 1515 3337 τύπον,
1544 3272 1595 3327 id
1624 3282 1707 3329 est
1748 3273 1871 3327 ὑπό-

1982 3274 2175 3329 chiclis
2214 3273 2435 3343 nomine
2485 3273 2689 3333 laudat,
2714 3273 2872 3342 cujus
2914 3274 3079 3327 etiam
3123 3271 3381 3328 videntur
3422 3287 3549 3327 esse

284 3343 531 3415 δεῖγμα,
566 3354 624 3395 ιιι
669 3353 751 3398 est
792 3360 937 3400 vers.
986 3346 1072 3408 15,
1108 3343 1516 3415 cap.xr.tvSap.
1582 3345 1771 3397 Sirach
1811 3346 1877 3398 ad

335 3414 461 3472 nem
523 3414 702 3468 locum
761 3416 1074 3485 respexisse
1137 3414 1355 3471 videtur
1415 3422 1608 3468 auctor
1666 3426 1875 3471 noster.

334 3505 427 3545 ON.

374 3556 489 3627 (54)
520 3553 839 3624 Elegantius
862 3555 1081 3624 quidem
1106 3555 1414 3627 Gotelerius
1436 3554 1550 3627 haae
1575 3556 1648 3608 ita
1676 3556 1874 3610 vertit:

296 3625 643 3684 recurremus
687 3632 754 3676 ad
810 3643 986 3679 omnes
1030 3626 1210 3679 mundi
1259 3637 1460 3687 letales,
1511 3625 1878 3695 discamusque

289 3700 436 3769 quod
472 3699 527 3750 in
551 3697 772 3769 singulis
805 3696 1048 3769 aetatibus
1068 3698 1407 3765 pwnitentiw,
1434 3700 1669 3769 «τωρωι
1703 3706 1876 3752 satius

290 3766 479 3824 visum
512 3775 599 3821 est
629 3766 1122 3819 litterariiGrmcam
1144 3770 1467 3836 exprimere.
1501 3767 1705 3821 Cous'r.

372 3839 486 3908 (‘55)
517 3835 730 3908 Kal__ol.
762 3837 1038 3908 Articulus
1066 3838 1115 3908 oi
1136 3835 1285 3891 deest
1307 3839 1457 3891 editt.
1487 3853 1647 3905 quem
1673 3854 1737 3891 ex
1766 3852 1869 3892 ms.

293 3905 600 3964 restituunt
627 3905 757 3958 Mill.
792 3915 846 3959 et
875 3905 1230 3961 W0tt.GALL.

372 3980 487 4049 (56)
525 3976 803 4049 Postrema
853 3976 1018 4049 hujus
1079 3976 1363 4049 sententiae
1410 3976 1576 4030 verba
1622 3975 1874 4031 Clemens

291 4046 625 4107 Alexandrq
682 4047 772 4099 lib.
812 4061 827 4098 ι
861 4046 1101 4115 Pwdag.,
1132 4062 1183 4100 c.
1223 4063 1275 4104 χ.
1324 4047 1626 4100 Ezechielis
1656 4049 1874 4101 nomine

292 4121 380 4173 sic
415 4119 586 4171 citat:
642 4114 786 4167 Dicit
833 4118 973 4168 enim
1030 4114 1120 4184 per
1148 4117 1506 4170 Ezec/zielem:
1553 4116 1611 4170 Si
1640 4120 1874 4171 conversi

292 4190 509 4257 fueritis
535 4203 599 4239 ea:
626 4196 731 4239 toto
755 4189 928 4248 corde,
954 4197 1000 4241 et
1022 4189 1282 4247 dixeritis,
1305 4187 1486 4251 Pater,
1537 4187 1753 4240 audiam
1785 4205 1872 4242 eos

294 4271 554 4328 tanquam
582 4258 829 4328 populum
860 4266 1120 4312 sanctum.
1152 4261 1355 4312 Cousr.

369 4326 481 4398 (57)
512 4326 952 4398 Μετανοήσατε,
987 4328 1149 4393 οἶκος
1184 4327 1448 4395 Ἰσραήλ.
1504 4326 1677 4381 Verba
1738 4343 1872 4382 cnn—

292 4397 490 4452 textus
536 4400 693 4450 aliter
738 4413 798 4450 se
847 4397 1083 4463 ltalt‘nt;
1138 4414 1322 4452 verum
1381 4400 1448 4451 de
1498 4398 1600 4451 hoc
1643 4400 1783 4462 loco,
1816 4408 1873 4453 et

293 4471 424 4523 aliis
457 4468 512 4523 S.
550 4466 845 4535 Scriptura:
886 4468 1240 4529 testimoniis,
1286 4484 1407 4536 qua:
1456 4468 1771 4537 frequenter
1815 4470 1869 4523 in

294 4542 402 4593 hac
445 4539 673 4607 epistola
704 4539 965 4599 citantur,
996 4540 1145 4606 plura
1180 4540 1296 4591 loca
1326 4540 1377 4590 in
1410 4554 1574 4590 unum
1596 4540 1867 4592 interdum

1982 3345 2287 3414 superiora.
2311 3342 2445 3397 llinc
2466 3343 2647 3467 itague
2672 3344 2918 3397 tinuatur
2938 3345 3192 3397 Cotelerii
3208 3344 3543 3410 conjectura.

1982 3414 2152 3467 Porro
2197 3416 2349 3467 locus
2396 3415 2487 3467 ille
2581 3415 2841 3467 zechiehs
2878 3416 2957 3467 vel
2995 3416 3148 3467 deest
3180 3416 3234 3467 in
3267 3415 3419 3467 libris
3449 3430 3543 3467 no-

1980 3414 2152 3470 Porro
2197 3416 2349 3467 locus
2396 3415 2487 3467 ille
2535 3414 2841 3469 Ezechielis
2878 3416 2957 3469 vel
2995 3416 3148 3469 deest
3180 3416 3234 3468 in
3267 3415 3419 3469 libris
3449 3430 3547 3468 no-

1980 3488 2136 3549 stris,
2167 3487 2248 3539 vel
2275 3486 2596 3552 desumptus
2624 3494 2707 3537 est
2739 3501 2805 3539 ex
2834 3487 3007 3539 altero
3047 3485 3348 3538 Ezechielis
3392 3486 3548 3541 volu-

1979 3558 2147 3619 mine,
2180 3555 2324 3625 quod
2364 3557 2432 3615 is,
2465 3555 2704 3624 Josepho
2743 3564 2903 3619 teste,
2938 3557 3258 3625 scripserat,
3291 3554 3546 3625 quodque

1979 3628 2120 3680 inter
2175 3626 2482 3695 apocrypha
2526 3633 2778 3680 recenset
2840 3626 3092 3695 Synopsis
3150 3626 3544 3681 Athanasiana.

1980 3699 2062 3751 vel
2097 3685 2275 3764 potius
2308 3685 2631 3750 Eu-sebiana.
2654 3696 2759 3764 Sic
2792 3685 3187 3749 Esdrm'locum
3224 3696 3411 3749 laudat
3441 3695 3530 3749 Ju-

1978 3763 2157 3821 stinus
2189 3774 2415 3837 martyr,
2446 3767 2499 3819 in
2537 3763 2757 3832 Dialogo
2780 3782 2897 3818 cum
2926 3765 3223 3835 Tryphone,
3272 3768 3413 3837 apud
3439 3765 3535 3819 La-

1976 3838 2240 3890 ctantium
2268 3836 2461 3890 Latine
2486 3853 2704 3890 versum
2739 3837 2833 3890 lib.
2868 3852 2940 3892 tv.
2974 3853 3024 3890 c.
3061 3838 3146 3898 18,
3172 3836 3332 3906 quem
3362 3837 3414 3889 in
3448 3854 3543 3890 co-

1975 3907 2193 3961 dicibus
2241 3910 2447 3961 nostris
2499 3908 2777 3961 incassum
2834 3923 3065 3975 quan'as.
3114 3909 3293 3960 Alium
3318 3908 3449 3959 citat
3477 3924 3543 3960 es

1978 3976 2254 4047 Sophonia
2286 3978 2541 4031 Clemens
2571 3977 2680 4039 AL,
2718 3975 2940 4047 Sirena”
2976 3980 3068 4032 lib.
3101 3994 3154 4041 v,
3184 3978 3276 4047 qui
3322 3978 3377 4030 in
3423 3979 3545 4045 ejus

1975 4046 2236 4101 vaticinio
2262 4064 2369 4101 non
2400 4056 2698 4117 comparet.
2730 4046 2889 4100 llunc
2913 4046 3261 4117 desumptum
3302 4062 3421 4101 esse
3448 4064 3543 4101 su-

1976 4122 2158 4186 SpiCOI‘
2181 4134 2244 4171 ex
2278 4118 2565 4187 Sophonne
2588 4118 2893 4187 prophetia,
2915 4119 2995 4172 vel
3019 4118 3367 4187 Apocalypsi,
3400 4119 3543 4170 inter

1973 4190 2519 4259 liurosrapocryphos
2548 4188 2953 4259 metuoratadn
2988 4203 3196 4243 canone
3231 4188 3543 4257 Scriptura—

1974 4275 2095 4313 rum
2148 4257 2454 4328 Ntct'pltcl‘o
2486 4259 2813 4327 patriarchae
2842 4257 2947 4311 ΟΡ.
2986 4260 3213 4323 tributo,
3244 4266 3293 4310 et
3328 4260 3383 4311 in
3433 4276 3538 4314 ms.

1972 4330 2319 4384 bibliotheca:
2347 4330 2708 4382 Barrucianze.
2734 4330 2943 4382 Cocou.

2042 4400 2152 4469 (:39)
2166 4398 2621 4469 Διελεγχθῶμεν.
2640 4400 2769 4452 Mill.
2789 4401 2866 4451 sic
2884 4398 3012 4469 legit
3028 4397 3079 4469 in
3096 4397 3418 4469 ms.verjtati
3437 4397 3544 4451 Ile-

1971 4468 2169 4523 braiczr
2186 4478 2570 4539 congruenter,
2590 4468 2691 4522 lsa.
2713 4486 2750 4531 ι,
2770 4470 2857 4527 18,
2881 4468 3041 4539 Editi,
3057 4468 3437 4539 διαλεχθῴμεν.
3453 4470 3541 4523 Al.

1972 4557 2095 4592 cum
2145 4536 2319 4593 codd:
2369 4542 2523 4593 Alex.
2572 4550 2625 4593 et
2668 4538 2792 4593 Vat.
2843 4538 3222 4607 διελέγχωμεν.
3274 4536 3542 4593 cm.—

291 4610 574 4679 compingi
630 4608 897 4679 (quodab
932 4609 1052 4661 aliis
1081 4610 1243 4661 etiam
1286 4608 1543 4662 Patribus
1593 4624 1702 4662 non
1741 4625 1867 4663 raro

1979 4610 2081 4663 Καὶ
2110 4610 2300 4672 δεῦτε,
2335 4611 2433 4663 καὶ
2459 4608 2991 4679 διαλεχθῶμενηιιει
3028 4610 3223 4661 Aldina
3252 4609 3437 4664 editio.
3470 4610 3542 4662 At

293 4682 378 4737 tit.
414 4678 515 4752 nec
545 4680 775 4752 apostoli
800 4678 900 4745 ipsi
935 4680 1199 4752 exemplis
1228 4682 1693 4752 car_en_t),sensum
1724 4694 1858 4747 quo-

291 4766 404 4819 que
428 4749 740 4817 aliquoties,
769 4756 824 4800 et
852 4763 959 4819 non
984 4748 1147 4819 verba
1174 4748 1431 4819 exprimi,
1454 4748 1862 4802 Observandum

291 4817 403 4881 est,
438 4819 582 4889 quod
612 4829 901 4886 utrumque
934 4818 988 4889 in
1020 4818 1121 4871 hoc
1148 4820 1287 4879 loco,
1318 4817 1727 4886 deprehendere
1756 4825 1860 4889 est.

292 4888 525 4955 Quin'et
549 4889 603 4941 in
629 4889 811 4941 verbis
842 4888 977 4956 ipsis
1010 4904 1116 4940 non
1148 4904 1312 4957 parva
1346 4904 1720 4956 saepenumero
1758 4888 1864 4941 dif-

294 4960 533 5013 ferentia
564 4958 803 5011 occurrit
835 4976 847 5011 :
881 4958 1170 5011 varietates
1190 4967 1371 5011 autem
1401 4959 1644 5026 singulas
1674 4966 1863 5013 notare

292 5031 521 5099 longum
552 5036 723 5091 esset,
756 5034 810 5079 et
842 5028 1018 5081 cuivis
1048 5045 1112 5082 ex
1144 5030 1437 5081 collatione
1467 5028 1862 5099 cumeditione

290 5098 413 5152 τῶν
433 5106 512 5162 U',
530 5115 650 5168 qua:
678 5105 876 5163 exstat,
901 5105 955 5151 et
984 5100 1222 5151 omnium
1242 5098 1495 5151 manibus
1517 5098 1734 5161 teritur,
1766 5102 1864 5152 ob—

289 5171 443 5222 vium
474 5178 579 5225 est.
612 5171 792 5234 Quare
844 5169 1084 5221 laborem
1134 5169 1280 5222 hunc
1322 5170 1441 5222 aliis
1480 5169 1861 5236 relinquimus,

291 5247 351 5293 et
378 5241 663 5302 damnum,
698 5241 741 5292 si
766 5238 909 5306 quod
939 5240 1065 5291 inde
1102 5240 1307 5303 existit,
1339 5240 1547 5306 majore
1586 5239 1738 5291 lucro
1766 5255 1861 5308 pn-

292 5318 414 5363 stea
444 5310 942 5379 compensabimus,
975 5323 1096 5361 cum
1123 5324 1315 5362 novam
1340 5309 1856 5379 editionem_biblio-

291 5393 417 5433 rum
445 5376 780 5443 Graecorum,
810 5394 876 5433 ex
906 5380 1279 5449 manuscripto
1301 5381 1599 5448 exemplari
1624 5376 1859 5444 Tbeclae,

291 5451 442 5517 quod
512 5452 754 5503 omnium
805 5455 1073 5519 quotquot
1128 5448 1288 5503 hodie
1343 5450 1398 5502 in
1442 5449 1657 5517 Europa
1708 5459 1858 5513 sunt,

292 5520 455 5589 longe
484 5520 744 5589 optimum
783 5518 836 5573 et
867 5518 1307 5587 antiquissimum
1346 5527 1452 5582 est,
1485 5520 1652 5573 divini
1685 5524 1859 5573 nunti-

296 5590 385 5643 nis
424 5591 707 5660 auspiciis,
731 5596 785 5643 et
825 5589 1162 5660 serenissimi
1192 5589 1336 5658 regis
1364 5591 1569 5660 domini
1610 5591 1711 5643 mei
1736 5606 1860 5660 gra-

295 5663 371 5711 tia
397 5670 451 5713 et
481 5659 687 5722 favore,
721 5660 774 5712 in
806 5660 980 5712 lucem
999 5659 1246 5714 emittere
1278 5660 1514 5714 dabitur.
1545 5659 1665 5714 Jun.

366 5730 481 5801 (58)
511 5729 647 5801 Λαῷ
674 5729 844 5801 ἁγίῳ.
870 5729 1124 5801 Clemens
1152 5730 1577 5801 Alexandrinus,
1610 5729 1854 5799 Pa=dag.,

296 5797 391 5856 lib.
420 5797 538 5865 t,'c.
564 5800 666 5867 1υ,
722 5800 888 5855 habet
928 5797 1056 5853 λαοῦ
1094 5799 1269 5869 ἁγίου,
1289 5800 1381 5855 ubi
1405 5802 1566 5855 verba
1598 5803 1709 5855 haec
1737 5797 1870 5856 Eie-

1968 4681 2023 4735 in
2052 4680 2195 4741 aliis,
2230 4688 2322 4733 aut
2349 4682 2441 4733 καὶ
2478 4680 2649 4749 δεῦτε,
2678 4678 3090 4749 διελεγχθῶμεν,
3124 4687 3217 4731 aut
3248 4680 3339 4749 καὶ
3367 4679 3544 4741 δεῦτε,

1973 4750 2514 4821 καὶνδιαλεγχθῶμεν,
2550 4758 2607 4803 ιιι
2630 4747 2951 4821 Procopius,
2976 4747 3073 4801 aut
3106 4750 3197 4802 καὶ
3229 4747 3401 4821 δεῦτε,
3426 4750 3542 4803 δια-

1972 4819 2286 4890 λεχθῶμεν,
2306 4819 2447 4875 Sane
2470 4822 2636 4874 verbo
2658 4819 2924 4874 Hebraico
2952 4826 3244 4890 utrumque
3264 4820 3541 4888 signiﬁca—

1973 4889 2083 4957 tur,
2124 4889 2426 4959 increpatio
2455 4899 2509 4944 et
2539 4891 2897 4959 discrepatio;
2936 4906 3055 4959 quae
3085 4889 3194 4943 duo
3224 4891 3379 4943 valde
3410 4898 3540 4945 sunt

1971 4961 2170 5015 aﬂinia.
2196 4960 2446 5031 Hesychii
2473 4961 2687 5031 codices
2719 4964 2785 5031 in,
2806 4962 3001 5031 mendo
3034 4961 3289 5031 videntur
3316 4965 3536 5024 cubare,

1969 5029 2351 5101 διελέγχωμεν,
2380 5032 2460 5093 Ei;
2489 5029 2696 5098 ἔλεγξιν
2738 5029 2981 5101 ἀλλήλων
3020 5030 3284 5101 ἔλθωμεν,
3318 5048 3414 5099 pro
3434 5032 3543 5083 διε-

1970 5100 2303 5172 λεγχῢῶμεν.
2328 5102 2481 5171 Apud
2508 5102 2765 5155 Basilium
2792 5110 2972 5155 autem
2990 5110 3043 5153 et
3064 5103 3535 5172 Chrysostomum,

1970 5170 2336 5242 διαλεχθῶμεν
2357 5170 2410 5225 in
2429 5178 2601 5235 textu,
2630 5182 2943 5242 suspectum
2962 5180 3066 5234 est;
3086 5170 3212 5241 quia
3228 5171 3539 5241 διελεγχθιῦ-

1971 5258 2067 5311 μεν
2088 5243 2464 5296 cmnmentarii
2486 5252 2820 5311 supponunt.
2842 5241 2960 5295 Ja‘m
2989 5242 3228 5295 Hilarius
3246 5242 3312 5293 ad
3338 5242 3532 5310 psahn.

1967 5313 2184 5380 quidem
2221 5326 2280 5375 tt,
2311 5313 2375 5366 5:
2411 5311 2483 5365 Et
2513 5315 2695 5375 venite,
2734 5329 3043 5382 arguantur;
3075 5312 3387 5382 praefatione
3410 5327 3540 5382 vero

1971 5383 2025 5435 in
2056 5385 2324 5451 psalmum
2353 5398 2481 5436 cxtx
2510 5402 2522 5437 :
2552 5383 2619 5435 Et
2648 5380 2831 5445 venite,
2863 5380 3208 5451 disputemus.
3234 5380 3350 5451 Nec
3373 5380 3538 5451 dissi-

1970 5449 2115 5507 milis
2144 5454 2382 5508 varietas
2426 5455 2481 5507 in
2538 5455 2783 5516 Michaea,
2816 5449 3043 5522 capfvr,
3074 5468 3218 5505 vers.
3239 5450 3303 5522 2,
3335 5449 3538 5519 διελεγ-

1968 5522 2248 5593 χθήσεται,
2288 5525 2369 5577 vel
2412 5532 2470 5576 ut
2524 5524 2759 5579 Basilius
2795 5520 3090 5593 atlvlogum
3148 5520 3299 5575 Isaia:
3328 5522 3395 5575 de
3426 5534 3538 5590 quo

1968 5591 2181 5663 agimus
2210 5594 2393 5660 habet,
2417 5593 2849 5667 διαλεχθήσεται.
2880 5594 2926 5647 Α
2950 5591 3288 5647 Tertulliano
3312 5593 3536 5717 exhibe-,-

3472 5678 3508 5715 ιι

3472 5678 3508 5715 υ

1955 5812 1965 5822 '
2031 5801 2141 5873 (60)
2173 5806 2360 5873 Λέγει.
2394 5803 2531 5859 Add.
2559 5803 2761 5875 Κύριος
2791 5816 2856 5857 ex
2880 5797 3041 5855 LXX.
3076 5798 3245 5855 Οιιιι..
