3908 6172
208 371 315 425 2-H

1351 358 1684 418 EPISTOLA
1723 361 1742 414 l
1785 358 1875 412 AD
1911 349 2351 411 CORINTHIOS.

3371 345 3480 400 252

205 488 307 540 καὶ
333 484 506 551 ειδὼς
549 485 752 553 φέρειν
785 485 1122 553 μαλακίαν·
1171 479 1258 534 ὅτι
1289 481 1699 548 ἀπέστραπται
1730 477 1789 530 τὸ

1903 475 2011 528 lore
2073 470 2298 539 positus,
2371 476 2419 521 et
2463 468 2630 521 sciens
2681 465 2818 535 ferre
2887 460 3251 530 infirmitatem
3297 475 3314 512 :
3355 460 3480 526 quia

204 581 537 648 πρόσωπον
577 577 803 640 αὐτοῦ,
845 574 1142 645 ήτιμάσθη
1198 572 1296 626 καὶ
1339 573 1448 625 οὐκ
1488 571 1792 639 ἐλογίσθη.

206 671 400 736 Οὗτος
441 670 550 734 τὰς
592 669 885 738 ἁμαρτίας
914 667 1082 738 ημῶν
1123 666 1307 735 φέρει,
1338 663 1437 717 καὶ
1468 664 1601 731 περὶ
1631 661 1800 730 ἡμῶν

202 761 512 824 ὀδυνᾶται,
556 761 654 814 καὶ
694 761 864 828 ἡμεῖς
904 759 1302 828 ἐλογισάμεθα
1341 755 1528 811 αὐτὸν
1553 757 1702 810 εἶναι
1728 756 1799 808 ἐν

202 855 393 918 πόνῳ,
437 853 534 906 καὶ
575 854 647 906 ἐν
689 851 915 920 πληγῇ,
948 852 1044 905 καὶ
1085 851 1156 904 ἐν
1199 849 1473 903 κακώσει·
1520 847 1702 914 αὐτὸς
1730 847 1798 901 δὲ

199 946 646 1016 ἐτραυματίσθη
673 944 772 998 διὰ
799 945 905 1010 τὰς
935 944 1225 1013 ἁμαρτίας
1264 942 1451 1012 ἡμῶν,
1483 941 1580 994 καὶ
1618 958 1794 1010 μεμα-

200 1040 488 1092 λάκισται
535 1036 633 1090 διὰ
677 1038 786 1102 τὰς
833 1037 1086 1106 ἀνομίας
1139 1034 1327 1104 ἡμῶν.
1407 1032 1650 1087 Παιδεία
1713 1036 1794 1087 εί-

197 1131 394 1198 ρήνης
435 1127 606 1199 ήμῶν
644 1128 739 1182 ἐπ’
767 1129 987 1182 αὐτόν·
1033 1127 1116 1193 τῷ
1137 1126 1372 1197 μώλοπι
1399 1125 1584 1180 αὐτοῦ
1625 1125 1796 1194 ἡμεῖς

202 1223 477 1292 ιάθημεν.
528 1220 759 1287 Πάντες
788 1221 868 1287 ὡς
898 1221 1164 1289 πρόϐατα
1189 1218 1615 1288 ὲπλανήθημεν
1633 1235 1646 1248 ·
1691 1219 1795 1272 ἀν-

198 1317 438 1382 θρωπος
455 1313 530 1381 τῇ
557 1312 676 1379 ὁδῷ
702 1312 890 1366 αὑτοῦ
909 1313 1221 1380 ἐπλανήθη
1243 1329 1255 1342 ·
1289 1312 1386 1365 καὶ
1402 1313 1616 1380 Κύριος
1642 1327 1792 1378 παρ-

195 1406 426 1459 έδωκεν
468 1404 656 1458 αὑτὸν
681 1404 835 1472 ὑπὲρ
877 1404 997 1457 τῶν
1037 1402 1336 1474 ἁμαρτιῶν
1353 1403 1541 1472 ήμῶν,
1572 1402 1670 1456 καὶ
1696 1405 1794 1456 αὺ-

199 1500 306 1564 τύς
334 1497 437 1551 διὰ
464 1497 528 1550 τὸ
558 1496 929 1551 κεκακῶσθαι
959 1499 1069 1550 οὐκ
1097 1497 1320 1566 ἀνοίγει
1347 1497 1411 1550 τὸ
1441 1497 1651 1566 στόμα.
1697 1497 1792 1562 Ὠς

197 1592 503 1657 πρόϐατον
527 1591 627 1643 ἐπὶ
655 1590 903 1660 σφαγὴν
930 1589 1108 1659 ἤχθη,
1142 1589 1240 1644 καὶ
1276 1590 1357 1655 ὠς
1383 1588 1570 1658 ἀμνὸς
1614 1588 1789 1641 ἐναν-

197 1685 332 1737 τίον
360 1683 468 1737 τοῦ
497 1685 810 1751 κείραντος
837 1683 1090 1752 ἄφωνος,
1114 1683 1298 1748 οὕτως
1336 1684 1445 1735 οὐκ
1474 1682 1696 1751 ἀνοίγει
1724 1681 1788 1735 τὸ

194 1777 395 1844 στόμα
440 1775 648 1828 αὐτοῦ.
696 1776 798 1828 Ἐν
826 1773 901 1841 τῇ
929 1772 1279 1827 ταπεινώσει
1309 1774 1346 1840 ἠ
1378 1773 1575 1840 κρίσις
1601 1775 1788 1829 αὐτοῦ

196 1869 350 1934 ᾕρθη
372 1883 386 1895 ·
422 1866 539 1933 τὴν
580 1867 795 1934 γενεὰν
822 1865 1009 1920 αὐτοῦ
1037 1867 1130 1931 τίς
1169 1864 1512 1934 διηγήσεται
1529 1881 1547 1928 ;
1577 1865 1666 1919 ὅτι
1694 1866 1786 1920 ατ-

187 1977 360 2028 perat
429 1960 548 2013 ἀπὸ
602 1959 714 2026 τῆς
773 1957 888 2027 γῆς
943 1960 982 2026 η
1047 1956 1158 2026 ζ’ωὴ
1210 1957 1426 2020 αὐτοῦ,
1498 1957 1616 2011 ἀπὸ
1671 1957 1790 2011 τῶν

192 2050 465 2121 ἀνομιῶν
493 2051 600 2104 τοῦ
627 2050 782 2104 λαοῦ
804 2068 923 2119 μου
953 2049 1083 2116 ἥκει
1111 2052 1197 2116 είς
1222 2048 1481 2104 θάνατον
1511 2049 1646 2121 (ιε).
1677 2050 1789 2104 Καὶ

190 2143 367 2197 δώσω
388 2143 533 2208 τοὺς
542 2142 842 2210 πονηροὺς
853 2141 986 2196 ἀντὶ
998 2141 1106 2209 τῆς
1118 2141 1311 2211 ταφῆς
1321 2143 1397 2196 αὐ
1404 2142 1527 2205 τοῦ,
1541 2141 1790 2210 καὶτοὺς

190 2237 540 2301 πλουσίους
571 2235 705 2290 ἀντὶ
730 2235 836 2288 τοῦ
879 2235 1140 2290 θανάτου
1174 2235 1381 2289 αὑτοῦ·
1412 2235 1501 2288 ὅτι
1532 2236 1789 2305 ἀνομίαν

190 2330 304 2381 οὐκ
345 2328 661 2394 ἐποίησεν,
706 2326 848 2381 οὐδὲ
887 2327 1098 2395 εὑρέθη
1127 2326 1308 2394 δόλος
1332 2327 1402 2380 ἐν
1429 2327 1510 2393 τῷ
1537 2328 1789 2397 στόματι

189 2418 416 2471 αὑτοῦ·
477 2417 576 2470 καὶ
621 2420 840 2485 Κύριος
884 2418 1176 2482 ,ϐούλεται
1230 2420 1547 2488 καθαρίσαι
1601 2421 1788 2475 αὐτὸν

189 2508 305 2576 τῆς
338 2508 587 2578 πληγῆς
612 2509 747 2580 (15).
811 2511 950 2564 Ἐὰν
974 2508 1150 2564 δῶται
1171 2509 1281 2582 (Η)
1313 2510 1447 2578 περὶ
1475 2511 1784 2581 ἁμαρτίας,

193 2602 230 2667 ἡ
259 2601 443 2669 ψυχὴ
476 2601 645 2670 ὑμῶν
669 2601 879 2670 ὄψεται
907 2601 1144 2672 σπέρμα
1165 2604 1506 2671 μακρόϐιον.
1539 2606 1651 2658 Καὶ
1682 2607 1788 2660 Κύ-

185 2709 320 2758 ριος
342 2693 638 2756 ,ϐούλεται
661 2694 911 2763 ἀφελεῖν
940 2694 1057 2748 ἀπὸ
1088 2695 1193 2748 τοῦ
1222 2697 1412 2750 πόνου
1441 2695 1553 2765 τῆς
1578 2699 1787 2768 ψυχῆς

190 2785 409 2846 αὑτοῦ,
441 2784 633 2849 δεῖξαι
664 2785 824 2852 αὐτῷ
851 2787 998 2854 φῶς,
1030 2787 1128 2840 καὶ
1155 2787 1387 2842 πλάσαι
1415 2787 1491 2858 τῇ
1511 2790 1783 2856 συνέσει,

189 2875 511 2930 δικαιῶσαι
553 2877 786 2932 δίκαιον
827 2878 896 2932 εὖ
939 2879 1311 2934 δουλεύοντα
1371 2883 1641 2949 πολλοῖς·
1687 2885 1787 2939 καὶ

189 2966 612 3036 τὰς-’ἁμαρτίας
640 2969 839 3023 αὐτῶν
851 2970 1036 3037 αὐτὸς
1061 2973 1313 3027 ἀνοίσει.
1347 2977 1452 3029 Διά
1479 2977 1654 3031 τοῦτο
1680 2981 1786 3034 αὐ-

185 3059 294 3124 τὸς
324 3061 772 3130 κληρονομήσει
804 3063 1094 3129 πολλοὺς,
1123 3065 1220 3117 καὶ
1249 3064 1369 3119 τῶν
1397 3067 1662 3136 ίσχιφῶν
1683 3088 1787 3139 με-

187 3151 310 3217 ριεῖ
359 3152 620 3205 σκῦλα·.
655 3155 783 3208 ἀνθ’
837 3153 923 3208 ὦν
977 3157 1273 3225 παρεδόθη
1319 3163 1406 3225 είς
1447 3159 1704 3215 θάνατον
1743 3163 1782 3231 η

1899 582 2083 619 aversa
2113 572 2187 616 est
2214 562 2373 630 facies
2405 560 2539 630 ejus,
2559 560 2822 628 despecta,
2854 565 2901 608 et
2939 569 3040 606 non
3073 560 3334 619 reputata.
3374 549 3481 604 Iste

1898 666 2112 729 peccata
2143 666 2325 709 nostra
2351 662 2550 722 portat,
2598 661 2646 706 et
2675 666 2770 719 pro
2801 647 2950 702 nobis
2977 645 3152 706 dolet;
3185 652 3234 697 et
3274 659 3366 696 nos
3399 657 3481 695 re»

1898 749 2196 820 putavimus
2225 763 2342 800 eum
2372 762 2482 800 esse
2513 745 2566 798 in
2592 742 2791 805 labore,
2814 753 2865 794 et
2893 740 2945 792 in
2967 738 3147 807 plaga,
3183 745 3230 789 et
3268 736 3320 788 in
3343 735 3478 804 afﬂi-

1899 844 2067 896 ctione
2102 857 2119 893 :
2157 843 2264 910 ipse
2312 849 2489 893 autem
2537 837 2842 891 vulneratus
2891 840 2969 886 est
3011 837 3223 900 propter
3263 839 3480 895 peccata

1897 943 2101 995 nostra,
2138 944 2188 987 et
2227 934 2530 1002 inﬁrmatus
2557 939 2633 984 est
2670 936 2878 996 propter
2908 925 3210 993 iniquitates
3245 929 3476 973 nostras.

1897 1025 2194 1096 Disciplina
2224 1025 2370 1094 pacis
2426 1033 2623 1077 nostra:
2659 1037 2816 1090 super
2850 1036 2967 1073 eum
2992 1035 3010 1072 :
3037 1019 3197 1072 livore
3231 1017 3344 1085 ejus
3385 1031 3478 1067 nos

1895 1119 2074 1172 sanati
2103 1135 2307 1172 sumus.
2329 1117 2518 1172 Omnes
2545 1115 2697 1185 quasi
2726 1131 2840 1167 oves
2872 1113 3164 1166 erravimus
3195 1124 3212 1162 :
3241 1108 3393 1161 homo
3425 1107 3479 1160 in

1896 1211 1980 1264 via
2020 1227 2119 1264 sua
2157 1211 2396 1264 erravit:
2431 1218 2480 1263 et
2518 1207 2779 1262 Dominus
2828 1204 3052 1258 tradidit
3106 1219 3223 1257 eum
3267 1210 3481 1270 prapter

1895 1312 2110 1371 peccata
2151 1316 2365 1366 nostra;
2397 1311 2446 1356 et
2477 1303 2584 1370 ipse
2610 1302 2820 1369 propter
2865 1298 3194 1368 aﬂlictionem
3225 1311 3328 1348 non
3358 1309 3482 1362 ape-

1895 1398 1968 1450 rit
1999 1414 2076 1452 os.
2123 1395 2273 1451 Sicut
2324 1395 2434 1450 ovis
2475 1395 2544 1447 ad
2582 1395 2850 1448 victimam
2886 1390 3076 1446 ductus
3112 1398 3212 1454 est,
3242 1397 3292 1442 et
3337 1388 3473 1441 sicut

1895 1508 2062 1560 agnus
2080 1507 2258 1544 coram
2289 1489 2534 1544 tondente
2557 1495 2756 1549 mutus,
2783 1486 2859 1539 sic
2891 1500 2992 1537 non
3017 1481 3186 1551 aperit
3215 1496 3273 1533 os
3300 1495 3474 1533 suum.

1898 1584 1964 1638 In
1991 1585 2288 1639 humilitate
2303 1584 2565 1653 judicium
2595 1581 2710 1650 ejus
2743 1577 3012 1632 sublatum
3041 1585 3117 1629 est
3145 1589 3163 1626 :
3186 1575 3480 1644 generatio-

1894 1693 2011 1730 nem
2047 1677 2160 1746 ejns
2190 1678 2305 1747 quis
2336 1674 2650 1730 enarrabit?
2684 1673 2822 1738 Quia
2866 1669 3075 1724 tollitur
3102 1668 3165 1722 de
3194 1678 3337 1721 terra
3372 1667 3478 1720 vita

1893 1770 2043 1839 ejus;
2081 1769 2144 1822 ab
2176 1766 2542 1839 iniquitatibus
2593 1764 2774 1833 populi
2818 1763 2918 1815 mei
2964 1762 3098 1814 venit
3131 1758 3200 1812 ad
3233 1767 3476 1812 mortem.

1819 1842 1862 1896 Β
1895 1862 1964 1915 Et
2006 1862 2144 1915 dabo
2193 1861 2362 1914 malos
2408 1875 2503 1927 pro
2547 1857 2820 1924 sepultura
2870 1853 3005 1922 ejus,
3057 1861 3105 1905 et
3145 1849 3332 1903 divites
3383 1865 3478 1917 pro

1891 1963 2057 2008 morte
2085 1953 2231 2007 illius
2259 1968 2276 2016 ;
2307 1953 2434 2022 quia
2465 1950 2797 2018 iniquitatem
2831 1963 2932 1999 non
2959 1945 3104 2013 fecit,
3132 1958 3292 2011 neque
3321 1940 3477 1994 dolus

1889 2049 2128 2102 inventus
2169 2057 2248 2102 est
2288 2049 2341 2101 in
2375 2064 2463 2100 ore
2505 2045 2619 2114 ejus
2645 2061 2662 2100 :
2687 2053 2735 2097 et
2763 2042 3017 2095 Dominus
3063 2038 3173 2092 vult
3220 2035 3478 2090 mundare

1887 2155 2005 2192 eum
2031 2139 2208 2210 plaga.
2246 2137 2304 2194 Si
2329 2138 2488 2191 datus
2520 2136 2679 2205 fuerit
2709 2150 2803 2202 pro
2829 2141 3058 2202 peccato,
3097 2132 3278 2184 anima
3307 2141 3479 2184 vestra

1890 2232 2079 2286 videbit
2104 2249 2278 2286 semen
2315 2231 2621 2301 longaevum.
2655 2227 2720 2280 Et
2749 2226 3006 2280 Dominus
3037 2225 3143 2279 vult
3176 2224 3385 2292 auferre
3415 2224 3479 2278 de

1887 2323 2068 2378 dolore
2099 2325 2334 2377 animam
2365 2323 2500 2392 ejus,
2529 2320 2806 2376 ostendere
2847 2320 2896 2373 ei
2929 2319 3119 2381 lucem,
3159 2328 3209 2372 et
3245 2319 3479 2387 formare

1888 2417 2261 2487 intelligentia,
2285 2417 2590 2486 justi/icore
2611 2415 2819 2482 justum
2847 2413 2970 2466 bene
2998 2413 3303 2466 servientem
3335 2414 3473 2465 mul-

1889 2509 1958 2565 tis
1975 2525 1991 2560 :
2008 2518 2056 2562 et
2070 2519 2283 2577 peccata
2297 2527 2479 2564 eorum
2497 2511 2604 2579 ipse
2617 2506 2869 2576 portabit.
2891 2504 3178 2574 Propterea
3195 2505 3302 2574 ipse
3316 2506 3483 2575 possi-

1887 2602 2025 2656 debit
2046 2601 2260 2667 multos,
2277 2610 2327 2654 et
2349 2601 2569 2669 fortium
2587 2599 2782 2653 dividet
2801 2598 3006 2667 spolia:
3024 2614 3118 2667 pro
3133 2615 3194 2652 eo
3207 2599 3346 2669 quod
3367 2609 3480 2653 tra-

1885 2697 2000 2752 dita
2015 2705 2092 2750 est
2119 2696 2188 2750 ad
2226 2705 2444 2750 mortem
2472 2694 2652 2746 anima
2677 2692 2878 2761 ejus,et
2907 2693 2960 2745 in
2987 2692 3182 2761 iniquis
3207 2701 3479 2759 reputatus

1885 2800 1960 2843 est
1976 2804 1994 2842 :
2008 2798 2058 2843 et
2075 2791 2181 2858 ipse
2194 2799 2407 2858 peccata
2426 2788 2710 2840 multorum
2724 2785 2868 2848 tulit,
2886 2795 2976 2852 etp
2988 2795 3160 2854 ropter
3173 2785 3477 2856 iniquitates

1883 2899 2066 2937 eorum
2093 2881 2321 2935 traditus
2333 2890 2408 2935 est
2423 2881 2489 2936 ’°.
2507 2880 2573 2934 Et
2592 2895 2787 2934 rursus
2827 2880 2944 2950 ipse
2967 2879 3100 2933 dicit
3126 2898 3140 2933 :
3165 2877 3277 2949 Ego
3301 2887 3476 2932 autem

1887 2990 2004 3028 sum
2031 2977 2251 3038 vermis,
2285 2984 2334 3027 et
2365 2991 2469 3027 non
2504 2973 2695 3037 homo;
2729 2973 3071 3041 opprobrium
3115 2971 3385 3026 hominum
3428 2982 3480 3026 et

1888 3067 2111 3133 abiectio
2156 3066 2344 3136 plebis.
2399 3066 2594 3122 Omnes
2636 3068 2724 3136 qui
2770 3064 3158 3134 conspiciebant
3201 3081 3302 3128 me,
3353 3063 3480 3118 sub-

1889 3170 2245 3215 sannaverunt
2287 3176 2386 3220 me,
2429 3158 2590 3211 locuti
2619 3168 2741 3212 sunt
2779 3159 2956 3222 labiis,
2999 3167 3268 3212 moverunt
3297 3167 3474 3226 caput.

191 3244 368 3310 ψυχὴ
399 3245 612 3307 αὑτοῦ,
643 3246 741 3299 καί
769 3246 894 3312 τοῖς
920 3249 1164 3316 ἀνόμοις
1195 3249 1306 3321 (15)
1335 3251 1620 3321 ἐλογίσθη
1641 3271 1654 3282 ·
1687 3254 1783 3307 καὶ

1893 3253 2128 3322 Speravit
2149 3254 2202 3306 in
2229 3251 2701 3316 Dominum,eruat
2732 3268 2871 3316 eum,
2915 3251 3122 3304 salvum
3161 3251 3328 3320 faciat
3358 3267 3476 3304 eum

191 3336 380 3401 αὐτὸς
407 3338 702 3405 ἁμαρτίας
744 3339 991 3393 πολλῶν
1033 3341 1385 3411 ἀνήνεγκεν,
1419 3344 1515 3398 καὶ
1557 3344 1656 3400 διὰ
1681 3346 1785 3412 τὰς

1893 3349 2134 3419 quoniam
2180 3346 2288 3399 vult
2343 3344 2556 3399 eum“.
2615 3342 2828 3398 Videtis
2884 3343 2985 3397 viri
3037 3343 3264 3408 dilecti,
3320 3344 3470 3414 quod

190 3427 490 3496 ἁμαρτίας
533 3430 732 3484 αὐτῶν
771 3432 1088 3501 παρεδόθη.
1131 3437 1241 3488 Καὶ
1285 3436 1444 3490 πάλιν
1487 3437 1649 3500 αὐτός
1685 3456 1790 3509 φη-

193 3533 299 3571 σιν·
374 3520 524 3589 Ἐγὼ
567 3521 634 3575 δέ
693 3526 809 3592 εἰμι
855 3525 1124 3592 σκώληξ,
1169 3527 1268 3580 καὶ
1306 3531 1416 3583 οὐκ
1461 3530 1790 3597 ἅνθρωπος,

192 3609 434 3680 ὄνειδος
457 3615 802 3684 ἀνθρώπων,
834 3618 932 3670 καὶ
959 3618 1331 3688 ἐξουθένημα
1357 3623 1528 3677 λαοῦ.
1565 3623 1794 3690 Πάντες

1889 3440 2167 3508 exemplar
2208 3437 2366 3492 nobis
2407 3437 2595 3490 datum
2633 3438 2738 3504 sit;
2771 3454 2895 3490 nam
2937 3437 2984 3492 si
3022 3436 3288 3492 Dominus
3335 3437 3472 3491 adeo

1892 3532 2170 3586 humiliter
2213 3546 2272 3583 se
2322 3529 2511 3598 gessit,
2557 3529 2687 3598 quid
2738 3529 3003 3585 faciemus
3053 3545 3176 3596 nos,
3211 3532 3306 3600 qui
3368 3530 3474 3586 sub

1888 3625 2082 3694 jugun‘.
2107 3623 2295 3693 gratia:
2331 3622 2450 3688 ejus
2479 3637 2572 3690 per
2602 3622 2778 3690 ipsum
2803 3623 3101 3696 .venimus?

192 3707 247 3757 οὶ
295 3707 663 3774 θεωροῦντές
696 3726 794 3777 με,
835 3708 1313 3780 ἐξεμυκτιὶοισάν
1348 3731 1426 3782 με
1450 3755 1463 3777 ,
1513 3715 1831 3784 ἐλάλησαν
1879 3717 1948 3768 ἐν
2005 3716 2300 3783 χείλεσιν,
2342 3713 2636 3780 ἐκίνησαν
2689 3713 2982 3782 κεφαλήν.
3020 3718 3316 3770 Ἥλπισεν
3375 3715 3474 3768 ἐπὶ

191 3797 448 3863 Κύριον,
489 3798 784 3866 ῥυσάσθω
824 3802 1042 3865 αὐτὸν,
1084 3802 1337 3857 σωσάτω
1367 3806 1586 3870 αὐτὸν,
1638 3806 1731 3860 ὅτι
1785 3806 1944 3861 θέλει
1993 3806 2196 3859 αὐτόν,
2268 3805 2482 3875 Ὁρᾶτε,

2539 3805 2728 3876 ἄνδρες
2783 3806 3091 3876 ἀγαπητοὶ,
3139 3808 3222 3870 τίς
3261 3809 3290 3859 ὁ
3335 3808 3467 3860 imo-

192 3892 457 3960 γραμμὺς
496 3893 526 3944 ὁ
559 3892 842 3964 δεδομένος
882 3898 1041 3966 ἡμῖν·
1077 3899 1124 3950 εἰ
1150 3897 1260 3969 γὰρ
1302 3901 1332 3951 ὁ
1370 3899 1574 3971 Κύριος
1618 3900 1793 3963 οὕτως
1841 3899 2383 3970 ἐταπεινοφρόνησεν,
2414 3897 2466 3949 τί
2505 3898 2804 3969 ποιήσομεν
2842 3902 3002 3970 ἡμεῖς
3045 3901 3094 3952 οἱ
3138 3899 3243 3953 ὑπὸ
3270 3899 3360 3952 τὸν
3382 3901 3472 3964 ζυ-

190 3982 289 4050 γλν
316 3982 418 4052 τῆς
447 3982 670 4054 χάριτος
716 3985 883 4038 αὑτοῦ
913 3987 978 4040 δι’
1019 3987 1185 4040 αὐτοῦ
1217 3988 1326 4062 (16)
1360 3989 1604 4055 ἐλθόντος
1637 3991 1781 4064 (17);

731 4077 1126 4132 ΚΕΦΑΛΑΙΟΝ
1162 4081 1262 4133 IZ'.

263 4165 523 4236 ιῐιμηταὶ
590 4165 874 4238 γενώμεθα
919 4170 1185 4225 κάκείνων
1229 4172 1424 4238 οἵτινες
1465 4174 1534 4226 ἐν
1575 4173 1788 4244 δέρμα-

265 4282 317 4313 ”
357 4279 467 4336 lsa.
501 4297 622 4347 LIII,
652 4283 676 4337 1
709 4291 764 4338 et
793 4299 912 4356 seq.
984 4288 1028 4319 "
1060 4287 1206 4346 Psal.
1242 4306 1358 4355 ni,
1395 4290 1512 4347 7-9.

2459 4078 2689 4135 CAPUT
2742 4079 2904 4138 XVII.

1968 4175 2014 4206 "
2039 4171 2346 4228 lmitatores
2377 4173 2540 4228 etiam
2576 4174 2748 4230 simus
2778 4190 2967 4229 eorum
2989 4214 3004 4240 ,
3035 4176 3126 4245 qui
3158 4176 3210 4228 in
3244 4175 3473 4244 pellibus

1615 4292 1660 4323 "
1691 4291 1947 4349 Clemens
1981 4291 2164 4356 Alex.,
2199 4287 2398 4345 Strom.
2429 4305 2505 4363 Iv,
2526 4303 2581 4360 p.
2638 4287 2742 4343 516
2769 4288 2883 4342 lucc
2935 4287 3143 4342 laudat.

1506 4425 1872 4483 VARIORUM
1910 4428 2145 4485 ΝΟΤᾸΞ.

197 4551 294 4589 sus
340 4533 564 4615 Joilteos
590 4549 724 4615 cap.
755 4534 832 4588 De
881 4538 1144 4615 passione,
1188 4554 1311 4607 pag.
1357 4539 1481 4615 156.
1527 4539 1786 4615 Deﬁciens
1821 4547 1867 4606 D
1895 4544 2150 4615 πληγαῖς.
2190 4542 2291 4598 Ms.
2326 4542 2623 4615 lectionem
2649 4539 2867 4615 exhibet
2894 4548 2946 4592 et
2979 4536 3035 4594 S.
3064 4537 3315 4592 Justinus
3347 4539 3382 4594 l.
3415 4556 3461 4594 c.

197 4605 464 4683 propte_r__(
490 4606 696 4683 rectius
719 4621 932 4683 versum
958 4609 1150 4683 fuisset
1171 4605 1364 4683 praEter
1389 4610 1471 4663 vel
1497 4605 1660 4683 ultra)
1685 4629 1790 4665 mo-

200 4692 313 4729 rem
370 4675 607 4742 ﬁliorum
665 4675 955 4731 hominum.
1013 4677 1126 4731 l-loe
1169 4675 1254 4733 est
1300 4678 1487 4734 Graece
1541 4675 1791 4735 ἐκλεῖπον

199 4739 449 4818 cupitae
473 4739 626 4818 jﬁog
652 4745 760 4818 τῶν
805 4747 936 4818 υίῶν
964 4749 1072 4818 τῶν
1115 4748 1438 4818 ἀνθρώπων.
1483 4750 1658 4806 Editio
1697 4753 1785 4805 Al-

198 4813 355 4894 dina.
380 4814 558 4894 codex
592 4813 791 4894 Regius
804 4817 910 4894 εει)
927 4813 1336 4894 ἐιΔΡιςοοοιιίιιξ,
1363 4820 1610 4874 ἐκλεῖπον
1640 4823 1793 4894 παρὰ

200 4886 572 4959 πάντας-*τοὺς
602 4886 750 4959 υἱοὺς
775 4887 885 4959 ςεῶν
914 4886 1238 4959 ἀνθρώπων.
1271 4891 1409 4944 C01.
1455 4958 1458 4959 ν
1610 4898 1613 4900 ’

272 4954 392 5032 (ιε)
417 4955 589 5032 "illis!
609 4958 696 5032 εἰς
717 4954 991 5032 θάνατον.
1019 4954 1298 5032 ἸΙοιιίειυιιε
1325 4958 1467 5032 LXX
1490 4961 1668 5016 versio
1695 4979 1792 5032 pro

197 5026 326 5094 ἥκει
358 5025 526 5094 habet
553 5024 714 5094 ἢχθη.
749 5026 814 5077 At
844 5027 1238 5082 Clementinam
1275 5031 1561 5084 lectionem
1593 5024 1792 5086 conlir-

201 5091 316 5147 litat
426 5091 692 5166 Justinus
721 5095 924 5166 illartyr
981 5096 1134 5164 Apol.
1165 5097 1228 5161 9.,
1279 5117 1331 5152 n.
1384 5101 1472 5153 Η.
1523 5099 1693 5157 ϐΑιι..
1723 5133 1794 5144 ~—

215 5165 358 5239 ξᾼπιξ
377 5161 502 5217 τῶν
528 5163 790 5239 ἀνομιῶν
810 5161 914 5220 τοῦ
934 5161 1088 5222 λαοῦ
1111 5187 1230 5239 μου
1255 5169 1382 5236 ἣκει
1407 5173 1494 5236 εἱς
1511 5170 1786 5228 θάνατον.

204 5233 276 5286 Ut
302 5233 693 5303 plerarumque
715 5236 942 5288 aliarum
965 5233 1310 5300 varielattiln,
1338 5241 1410 5292 ita
1435 5233 1592 5295 istius
1615 5258 1793 5296 exem-

201 5304 462 5382 plandari
479 5313 734 5382 possunt.
757 5305 1105 5382 Vid‘e_J‘ust_ini
1137 5310 1385 5379 Martyris
1400 5311 1710 5382 Apoloqiam
1732 5312 1786 5374 2,

294 5372 730 5452 Pialognm,
757 5391 821 5452 p_._
841 5375 980 5452 250;
1005 5372 1381 5452 Chrysostomi
1412 5372 1712 5452 orationem
1734 5372 1789 5436 in

204 5441 360 5519 illud,
395 5442 563 5519 {fater
585 5441 906 5519 isipo‘ssibjle
949 5456 1045 5512 est,
1089 5441 1220 5501 tom.
1252 5447 1315 5511 ll,
1345 5465 1397 5519 p.
1443 5450 1566 5514 1‘27,
1590 5451 1786 5506 librum

273 5512 343 5563 od
401 5510 664 5589 Christus
691 5515 774 5589 sit
808 5514 973 5579 Deus,
1028 5510 1408 5589 tomo_eode'ln
1454 5537 1507 5589 p.
1553 5510 1684 5583 '850,
1736 5531 1789 5576 et

253 5582 940 5671 rgentiigdi‘sp'utatipnem
967 5602 1020 5656 p.
1055 5588 1156 5671 55;
1184 5586 1353 5643 Porro
1381 5582 1638 5671 corrupta
1668 5582 1790 5646 esse

206 5651 449 5707 arbitror
486 5653 594 5707 ista
610 5651 849 5710 Eusebii
886 5651 983 5710 lib:
1013 5673 1066 5710 Iv
1108 5651 1589 5713 Demonstrationis
1626 5677 1786 5714 evan-

269 5722 409 5801 licar,
441 5737 564 5801 cap.
598 5725 689 5801 [6,
737 5726 961 5801 p._l9l).
1007 5728 1094 5801 11,:
1133 5729 1542 5801 πρᾴὸᾳτονῲὲπὶ
1575 5731 1788 5801 σφαγὴν

243 5791 497 5859 τόμενον,
515 5791 642 5846 and
669 5791 869 5848 τετῶν
899 5797 1138 5859 ἀνομιῶν
1168 5791 1364 5851 αὐτῶν.
1397 5799 1535 5855 Cor.

281 5861 396 5932 αδ)
426 5862 541 5933 Τῆς
559 5863 820 5946 πληγῆς.
847 5865 938 5922 Sic
967 5861 1135 5923 Wott.
1153 5883 1215 5924 ex
1237 5885 1338 5926 ms.
1358 5868 1502 5924 Editi
1524 5886 1650 5926 vero
1669 5873 1788 5934 ταῖς

1893 4608 2121 4684 eamque
2153 4615 2398 4684 agnoscit
2427 4608 2702 4684 codLVat.
2737 4609 2906 4684 Gavi"

1965 4633 2030 4667 nn
2057 4633 2121 4668 ue
2153 4633 2398 4684 agnoscit
2427 4633 2547 4665 cou.
2593 4633 2702 4664 vat.
2737 4633 2906 4663 nam"

1965 4633 2076 4754 (li)
2121 4685 2261 4737 Ἐὰν
2288 4682 2483 4754 δῶται.
2510 4679 2680 4735 Wolt.
2717 4683 2806 4754 qui
2831 4679 2973 4754 lianc
2997 4677 3280 4731 lectionem
3314 4679 3470 4754 exhi-

1892 4750 1984 4808 bet
2013 4750 2080 4808 ei
2112 4769 2214 4807 ms.
2244 4752 2533 4824 legitimae
2565 4768 2687 4824 cum
2713 4751 2897 4824 editis,
2926 4766 2980 4824 at}.
3014 4763 3110 4824 pro
3137 4765 3194 4824 λε
3232 4750 3467 4824 positum

1890 4825 2233 4879 existimans.
2269 4817 2334 4876 Αἰ
2369 4822 2426 4876 S.
2463 4820 2712 4876 Justinus
2761 4822 2798 4876 I.
2847 4835 2898 4872 c.
2955 4820 3082 4887 legit
3133 4817 3317 4871 δώται.
3378 4820 3470 4875 Sic.

1891 4896 2056 4948 etiam
2083 4894 2204 4948 cod.
2237 4895 2390 4947 Alex.
2423 4891 2562 4961 apud
2589 4891 2781 4944 Isaiam
2811 4905 2928 4961 Ll_l|,
2963 4891 3051 4942 lU.
3087 4888 3268 4958 Itaque
3299 4907 3329 4943 a
3360 4908 3466 4947 ms.

1897 4963 2124 5018 minime
2156 4958 2516 5018 recedendum
2546 4958 2924 5031 putamusle

1961 5033 2086 5102 (15),
2117 5034 2226 5086 Kal
2256 5033 2377 5096 τοῖς
2408 5029 2670 5102 ἀνόμοις.
2737 5029 2878 5102 LXX
2929 5049 2940 5084 :
2982 5031 3074 5083 καὶ
3108 5031 3164 5082 ὲν
3197 5033 3310 5093 τοῖς
3341 5032 3464 5085 ἀνόο

1895 5101 2146 5174 μοιςςΙιίι
2175 5113 2228 5156 ει
2260 5103 2317 5156 S.
2347 5103 2597 5174 Justinus
2630 5101 2665 5155 l.
2697 5117 2744 5174 (ε.
2789 5101 2862 5156 In.

1961 5173 2074 5242 (16)
2117 5174 2195 5225 Δι’
2223 5173 2426 5226 αὑτοῦ.
2470 5173 2593 5225 Hace
2639 5173 2798 5224 verba
2835 5186 2955 5240 quae
2997 5170 3381 5242 desiderantur
3411 5171 3463 5242 in

1890 5239 2073 5305 editis,
2107 5242 2277 5297 Wott.
2329 5259 2393 5296 ex
2447 5257 2547 5296 ms.
2600 5239 2866 5299 restituit,
2914 5245 3270 5310 agnoscitque
3316 5239 3463 5292 Junii

1890 5314 2099 5388 versio,
2150 5329 2269 5388 qum
2315 5313 2395 5367 sic
2449 5328 2507 5364 se
2557 5311 2716 5388 liabet
2750 5314 2929 5388 :“Qua:
2977 5311 3071 5364 sub
3116 5311 3301 5388 iugum
3349 5311 3466 5388 ejus

1889 5385 2076 5452 gratia:
2106 5379 2195 5453 per
2241 5384 2410 5452 ipsum
2461 5383 2708 5435 venimus.
2760 5381 2832 5433 Ea
2876 5396 3092 5450 quoque
3133 5379 3375 5432 Walkius
3408 5381 3463 5432 in

1891 5456 2119 5522 Anglica
2155 5470 2251 5506 sua
2287 5453 2536 5506 versione
2565 5453 2814 5522 inseruit.
2847 5453 2922 5504 In.

1969 5517 2014 5594 (ἶ
2029 5525 2079 5590 7)
2113 5523 2457 5594 νἘλθόΕτος.
2486 5521 2715 5594 Librarii
2739 5522 3013 5574 mendum.
3041 5517 3170 5594 Leu.
3197 5517 3459 5580 ἐλθόντες.

1891 5589 1988 5646 llis
2023 5589 2160 5646 adde
2189 5608 2256 5645 ex
2293 5591 2462 5645 Wott.
2496 5593 2551 5645 in
2589 5592 2691 5644 hoc
2739 5607 2840 5644 ms.
2893 5604 3034 5656 suspe
3072 5589 3214 5640 inter
3245 5604 3304 5641 se
3332 5603 3462 5656 per-

1893 5663 2090 5716 mutari
2129 5679 2154 5713 ε
2187 5661 2240 5714 in
2277 5678 2306 5714 ο
2341 5680 2352 5714 :
2387 5663 2531 5716 unde
2562 5661 2615 5714 in
2650 5676 2716 5714 eo
2740 5661 2935 5728 legitur
2960 5658 3140 5728 paulo
3183 5659 3459 5728 superius,

1891 5731 1995 5784 hoc
2025 5733 2144 5801 ipso
2171 5732 2225 5785 in
2255 5732 2431 5799 capite
2458 5751 2471 5786 :
2519 5731 2580 5783 'H
2601 5729 2745 5801 ψυχὴ
2771 5727 2920 5800 ὑμῶν
2944 5727 3127 5801 ἕψεται
3160 5727 3219 5779 τὸ
3241 5728 3463 5801 σπέρμα.

1889 5797 2227 5924 ῧακρὸϐιονς
2265 5797 2356 5857 ulli
2386 5803 2574 5872 procul
2607 5797 2772 5856 dubio
2804 5797 3085 5872 legendum
3127 5807 3210 5853 est
3250 5797 3458 5870 ὄψεται.

1911 5887 1962 5926 υ.
