3908 6172
501 248 607 308 διιδ

1057 399 1284 455 CAPUT
1323 393 1505 451 XLVI.

564 510 788 566 Talibus
815 514 996 582 itaque
1028 513 1290 583 exemplis
1328 520 1381 564 et
1404 525 1504 563 nos
1530 508 1805 562 adhaerere
1825 514 2061 577 Oportet,

492 601 710 659 fratres.
747 603 1020 673 Scriptum
1052 605 1194 658 enim
1229 615 1310 656 est
1339 622 1350 656 :
1386 601 1596 655 Sanctis
1629 617 1715 653 eos
1748 600 2055 669 adjungite;

491 697 615 765 quia
633 697 721 766 qui
741 695 850 749 illis
871 696 1157 756 adhirrent,
1175 693 1670 763 sanctiﬁcabuntnr.
1697 693 1760 744 Et
1779 708 1970 746 rursus
2004 693 2060 746 in

491 788 599 841 alio
630 789 751 842 loco
780 789 912 843 dicit
945 782 1111 842 :Cum
1140 788 1250 841 viro
1281 788 1549 839 innocente
1574 787 1818 838 innocens
1857 787 1983 846 eris,
2008 796 2059 839 et

490 899 606 934 cum
635 882 796 936 electo
811 883 1003 936 electus
1033 881 1158 943 eris,
1183 888 1233 933 et
1258 895 1373 932 cum
1396 893 1635 946 peruerso
1665 877 1969 946 pcreerteris
1989 878 2054 932 ⁵⁷.

488 974 667 1040 Quare
718 973 1098 1028 innocentibus
1151 979 1204 1024 et
1248 969 1412 1038 justis
1459 968 1755 1038 jungamus
1808 984 1910 1023 nos
1955 987 1968 1021 :
2019 969 2055 1021 ii

488 1068 688 1136 quippe
729 1074 856 1118 sunt
892 1065 1048 1118 electi
1079 1063 1195 1116 Dei.
1229 1059 1434 1131 lltquid
1463 1062 1607 1114 inter
1634 1075 1729 1115 vos
1761 1069 1888 1114 sunt
1919 1076 2053 1113 cou-

489 1159 779 1212 tentioucs.
815 1154 1355 1232 ine,gissensiones,
1393 1153 1691 1208 schismata
1722 1160 1776 1206 et
1813 1151 2055 1206 bellum?

483 1247 675 1302 Nonne
711 1248 869 1302 nobis
919 1253 1060 1301 unus
1108 1253 1192 1300 est
1223 1244 1386 1308 lleus,
1421 1252 1474 1298 et
1518 1260 1660 1298 unus
1691 1242 1966 1308 Christus,
1999 1252 2052 1297 et

483 1357 627 1396 unus
675 1339 912 1411 Spiritus
952 1339 1140 1408 gratiae
1168 1337 1258 1407 qui
1291 1335 1496 1391 ell‘usus
1527 1344 1611 1390 est
1647 1351 1811 1405 super
1845 1351 1969 1399 nos,
1999 1347 2051 1390 ct

482 1447 592 1486 una
622 1433 835 1486 vocatio
864 1434 918 1486 in
958 1430 1214 1486 Christo?
1237 1431 1348 1483 Cur
1371 1428 1684 1484 diducimus
1703 1435 1757 1483 et
1790 1428 2050 1482 distrahi-

481 1539 605 1578 mus
635 1524 876 1578 membra
907 1522 1112 1577 Christi
1132 1523 1200 1586 ⁸⁸,
1241 1529 1293 1575 et
1325 1529 1514 1574 contra
1542 1517 1819 1590 proprium
1849 1535 2050 1588 corpus

481 1615 802 1671 seditionem
829 1631 1144 1679 movemus;
1169 1628 1343 1683 eoque
1371 1613 1604 1667 vesania:
1626 1611 1964 1675 devenimus,
1991 1622 2049 1665 ut

481 1709 618 1761 alios
643 1709 871 1761 aliorum
899 1708 1144 1761 membra
1169 1723 1295 1761 esse
1321 1705 1746 1761 obliviscamur?
1772 1704 2047 1760 Recorda-

1238 249 1292 305 s.
1330 252 1767 312 CLEMENTISI
1807 255 1972 314 non.
2014 258 2218 316 PONT.
2261 259 2490 316 ornas
2532 254 2862 319 GENUINA.‘

2097 407 2146 465 Α
2674 397 3063 452 ΚΕΦΑΛΛΙΟΝ
3103 398 3235 463 Μςν.

3635 269 3743 325 505

2236 511 2509 575 Τοιούτοις
2558 509 2652 566 οὖν
2696 513 3052 582 ὑποδείγμασι
3101 513 3422 584 κολληΘῆναι
3464 514 3556 566 καὶ
3594 516 3742 586 ἡμᾶς

2161 602 2258 664 δεῖ,
2313 603 2546 672 ἀδελφοί.
2597 605 2908 676 Γέγραπται
2955 606 3098 677 γάρ’
3142 605 3458 660 Κολλᾶσθε
3498 606 3576 675 (9)
3618 607 3743 674 τοῖς

2163 694 2372 762 ἁγίοις,
2406 693 2494 746 ὅτι
2529 697 2582 747 ol
2627 695 2988 764 κολλώμενοι
3019 696 3222 762 αὐτοῖς
3247 697 3735 765 ἁτιασθήσονται.

2166 785 2276 837 Καὶ
2299 786 2458 839 πάλιν
2493 787 2550 839 ὲν
2571 786 2742 858 ἑτέρῳ
2761 787 2909 857 τόπῳ
2935 788 3099 857 λέγει·
3141 789 3300 843 Μετὰ
3317 790 3533 858 ἀνδρὸς
3549 790 3741 846 ἁθώσυ

2158 876 2347 943 ἀθῶος
2378 879 2514 948 ἔσῃ,
2550 879 2648 932 καὶ
2671 881 2799 948 μετ’
2825 880 3110 934 ἑκλεκτοῦ
3148 881 3430 947 ἐκλεκτὸς
3457 884 3571 952 ἐσῃ
3601 883 3739 956 (10),

2158 968 2254 1021 καὶ
2268 971 2417 1037 μετὰ
2429 971 2722 1038 acceditcf;
2739 971 3135 1039 δίου-τρέψεις,
3150 971 3508 1043 Κολληθῶμεν
3525 971 3618 1027 οὖν
3629 978 3741 1038 τοῖς

2155 1059 2352 1124 ἀθώοις
2383 1062 2476 1115 καλ⁵
2506 1062 2732 1125 δικαίοις
2751 1080 2763 1092 ·
2799 1064 2933 1116 εἰσιν
2952 1063 3008 1116 δὲ
3035 1058 3181 1116 οῦτοι
3207 1064 3449 1117 ἐκλεκτοὶ
3467 1067 3560 1118 τοῦ
3579 1064 3739 1123 Θεοῦ.

2160 1151 2324 1224 Ἵίνα]
2355 1153 2406 1205 τί
2439 1152 2601 1219 ἕρεις,
2632 1155 2726 1207 καὶ
2755 1154 2934 1225 Θυμοὶ,
2965 1155 3060 1208 καὶ
3087 1155 3442 1225 διχοστασίαι,
3470 1157 3563 1210 καὶ
3587 1156 3737 1227 σχίσ-

2161 1261 2328 1313 ματα,
2375 1245 2606 1316 πόλεμός
2643 1263 2702 1298 τε
2743 1248 2802 1299 ὲν
2843 1248 3006 1318 ὐμῖν;
3055 1248 3087 1318 ἢ
3135 1249 3255 1318 οὐχὶ
3299 1249 3393 1302 ἕνα
3442 1249 3574 1302 Θεὸν
3619 1250 3742 1320 ἐχο-

2157 1355 2254 1406 μεν
2285 1338 2419 1410 (Η),
2451 1339 2545 1391 καὶ
2575 1338 2670 1390 ἕνα
2708 1339 2960 1409 Χριστὸν,
3017 1339 3111 1392 καὶ
3152 1339 3209 1392 ἓν
3250 1338 3474 1410 Πνεῦμα
3499 1342 3597 1411 τῆς
3638 1342 3741 1410 χά-

2152 1445 2297 1499 ριτος
2325 1428 2385 1482 τὸ
2412 1428 2638 1499 ἐκχυθὲν
2659 1430 2741 1498 ἐφ’
2765 1431 2930 1500 ἡμᾶς,
2954 1430 3047 1483 καὶ
3067 1431 3164 1499 μία
3183 1429 3372 1500 κλῆσις
3398 1432 3456 1482 ὲν
3476 1432 3698 1503 Χριστῷ
3719 1451 3735 1497 ;

2152 1519 2239 1573 ἵνα
2279 1521 2332 1572 τί
2374 1519 2652 1591 διέλκομεν
2700 1520 2809 1591 (12)
2854 1522 2947 1574 καὶ
2988 1520 3301 1592 διασπῶμεν
3344 1522 3412 1574 τὰ
3461 1524 3595 1594 μέλη
3640 1525 3740 1578 τοῦ

2148 1611 2407 1684 Χριστοῦ,
2440 1614 2535 1666 καὶ
2580 1612 2939 1682 στασιάζομεν
2967 1613 3121 1684 ’πρὸς
3160 1613 3222 1666 τὸ
3277 1614 3434 1684 σῶμα
3476 1616 3539 1667 τὸ
3581 1616 3735 1681 ἴδιον,

2149 1705 2244 1757 καὶ
2278 1705 2358 1767 εἰς
2385 1702 2650 1775 τοσαύτην
2679 1704 2933 1757 ἀπόνοιαν
2966 1704 3258 1775 ἐρχόμεθα,
3304 1704 3442 1758 ὥστε
3483 1707 3740 1760 ἐπιλαθέ-

480 1799 614 1852 mini
668 1800 959 1854 verborum
1009 1797 1136 1853 Jesu
1191 1797 1406 1852 Domini
1457 1797 1655 1852 nostri.
1693 1795 1837 1850 Dixit
1859 1797 2002 1851 enim

2156 1793 2279 1847 σθαι
2315 1795 2462 1864 ἡμᾶς
2492 1795 2574 1846 ὅτι
2606 1795 2739 1866 μέλη
2773 1797 2936 1865 ἐσμὲν
2978 1795 3249 1866 ἁλλήλων;
3293 1797 3582 1868 Μνήσθητε
3627 1798 3740 1850 τῶν

493 1889 577 1945 Va’
599 1892 795 1945 honuni
813 1891 895 1944 illi
918 1905 935 1942 :
959 1889 1148 1943 bonum
1173 1899 1287 1943 erat
1311 1891 1443 1948 ei.si
1464 1899 1619 1942 natus
1645 1905 1745 1943 non
1774 1888 1959 1956 fuisset
1977 1887 2044 1953 ",

549 2041 592 2074 ⁸⁷
628 2042 774 2098 Psal.
812 2059 942 2107 xvu,
979 2043 1070 2110 26,
1100 2043 1192 2097 27.
1258 2044 1304 2074 ⁵⁸
1336 2042 1489 2097 Rata.
1525 2057 1621 2106 xu,
1656 2043 1712 2096 5.

2153 1885 2323 1954 λόγων
2367 1885 2539 1956 Ἰησοῦ
2568 1886 2661 1940 τοῦ
2690 1887 2892 1956 Κυρίου
2913 1887 3086 1958 ἡμῶν.
3120 1882 3253 1939 Εἴπε
3280 1888 3387 1959 γάρ
3409 1888 3517 1960 (15)
3538 1905 3551 1918 ·
3587 1888 3740 1943 Οὐαὶ

1789 2040 2036 2095 "Matth.
2057 2056 2206 2104 xxvi,
2235 2039 2326 2096 24.

1783 2195 2148 2252 VARIORUM
2187 2193 2422 2251 ΝΟΤᾹΞ.

475 2317 573 2387 τὴν
611 2314 837 2384 κάμινον
875 2311 1097 2387 ταύτην,
1129 2311 1348 2387 τῂν-τῆς
1380 2310 1721 2387 Βαβῦλωνίας
1747 2311 2054 2387 χαλεπῳτέ-

477 2381 1018 2458 ραν,ὲμιτεπτωκότα,
1032 2382 1126 2452 τὴν
1148 2382 1428 2458 ᾀσέλκίειαν
1456 2381 1597 2458 λέχω
1616 2382 1714 2450 τῆς
1730 2381 2049 2458 Αἰγοπτίας,

475 2450 749 2523 ἆνέπαιρον
777 2452 1064 2522 διαμεῖναι,
1087 2450 1186 2503 “κα“ι
1207 2451 1461 2523 uallaraon
1480 2452 1580 2523 τῆς
1611 2450 1961 2523 σῳφροσύνης
1989 2451 2050 2503 τὸ

476 2520 699 2593 ἔνδυμαΔ
721 2520 1140 2593 διατηρήσαντα,
1172 2521 1342 2583 οὕτως
1362 2520 1611 2583 ἐξελθεῖν.
1641 2520 1762 2575 Jun.
1787 2523 2051 2593 —_—'E:tc_i-

473 2575 626 2663 gpcl.
662 2565 912 2646 Fortasse
938 2565 1056 2644 lucc
1088 2565 1187 2644 vox
1222 2565 1340 2644 non:
1373 2565 1600 2660 ὦσι-ειη
1636 2589 1871 2645 absurde
1917 2591 2044 2663 reti-

475 2661 592 2718 neri
625 2663 845 2733 poterit,
879 2669 936 2714 ut
965 2663 1282 2733 sensus‘sit,
1314 2677 1425 2733 eos»
1452 2663 1545 2730 qui
1588 2676 1683 2733 per
1725 2661 2041 2730 patientiam

475 2730 643 2788 Dentri
677 2734 1034 2792 houorarunt,
1067 2733 1134 2783 ab
1165 2730 1282 2798 ipso
1311 2731 1596 2792 exaltatos,
1625 2732 1890 2799 niveoque
1919 2744 2046 2783 cau-

474 2806 607 2856 dore
645 2803 902 2860 nitentes,
935 2801 1077 2870 apud
1119 2815 1240 2870 eum
1268 2801 1326 2870 in
1357 2811 1556 2854 interna
1600 2802 1859 2853 memoria
1898 2815 2041 2855 esse.

475 2876 760 2942 Ἕπαφρον
782 2867 1166 2942 dicitur,apud
1182 2867 1468 2942 Calenum,
1484 2879 1537 2924 et
1565 2870 1700 2942 alios
1722 2871 1888 2939 quod.
1917 2885 2042 2942 spu-

475 2959 564 2996 ma
592 2939 882 2996 obductum
908 2941 1104 2994 renitet
1126 2947 1178 2992 et
1200 2940 1460 3006 albescit;
1497 2939 1688 3002 στολὰς
1717 2949 1897 2994 autem
1921 2939 2040 2992 λευ-

473 3012 575 3075 κὰς
605 3028 728 3066 esse
757 3011 943 3081 gloria:
971 3010 1212 3063 caelestis
1244 3011 1486 3081 habitum
1519 3009 1732 3063 abunde
1761 3011 2037 3081 novimus,

466 3083 730 3170 'adquue
750 3079 795 3135 is
827 3081 1236 3170 l‘chtivzeom'nis
1268 3080 1462 3170 laetitiae
1502 3081 1682 3170 clolorp;
1713 3089 1768 3170 ut
1800 3095 1828 3132 a
1863 3080 1920 3170 Β..
1943 3079 2039 3170 .ιυὶ
2066 3115 2106 3170 C

470 3152 538 3205 da
565 3157 661 3222 qui
713 3152 766 3204 in
816 3151 1071 3222 pudendis
1100 3150 1416 3222 gloriantur,
1449 3161 1501 3204 et
1532 3149 1678 3222 laudi
1707 3151 1935 3222 ducunt,
1970 3151 2038 3222 ab

471 3219 600 3291 ipso
637 3221 873 3291 describi
922 3221 1240 3291 meruerint,
1275 3227 1332 3273 ut
1374 3221 1486 3273 sint
1526 3220 1913 3290 ἐπαφρίζοντες
1940 3219 2038 3283 τὰς

471 3288 676 3344 ἑαυτῶν
704 3290 978 3363 αἰσχῦνας.
1013 3288 1174 3343 FELL.

541 3364 629 3434 (9)_
659 3357 991 3434 Κολλὶὶσθξ,
1023 3377 1081 3411 κ..
1108 3376 1158 3411 τ.
1190 3360 1236 3411 λ,
1271 3358 1426 3434 l-lunc
1453 3359 1629 3434 locum
1655 3359 1707 3412 in
1737 3357 2038 3434 scripturis

472 3448 581 3486 non
600 3431 820 3494 inveni,
848 3445 912 3484 ac
941 3432 1170 3483 fortasse
1193 3446 1298 3483 nou
1332 3431 1397 3482 ad
1427 3432 1670 3494 verbum,
1695 3433 1788 3484 sed
1825 3433 1890 3483 ad
1918 3445 2037 3484 sen-

469 3519 589 3554 sum
625 3501 922 3569 productus
951 3509 1054 3559 est,
1083 3515 1180 3552 nec
1211 3517 1274 3554 ex
1309 3516 1416 3553 uno
1443 3502 1534 3554 sed
1562 3517 1625 3554 ex
1652 3501 1895 3568 pluribus
1919 3509 2035 3553 tex-

468 3572 634 3625 tibus.
663 3571 945 3640 Sapientiw
979 3569 1086 3624 Sir.
1116 3569 1439 3640 “.75517'“;
1462 3571 1621 3638 σοφός
1646 3586 1658 3633 ;
1689 3571 1837 3640 αὐτῷ
1867 3587 2034 3640 προσ-

469 3641 780 3711 κολλήθητιο
825 3639 839 3690 Ι
871 3640 997 3711 Cor.
1034 3639 1228 3711 vn,”
1258 3655 1270 3692 :
1305 3639 1680 3708 Sanctiﬁcatus
1713 3651 1788 3692 est
1811 3639 1918 3694 ur
1959 3641 2035 3692 in-

469 3710 640 3778 ﬁdelis
667 3725 757 3776 per
787 3710 1053 3762 mulierem
1079 3710 1306 3778 ﬁdelem,
1338 3722 1387 3761 et
1429 3711 1761 3778 sancti/irata
1802 3723 1877 3763 est
1918 3727 2034 3762 mn—

468 3781 566 3832 licr
601 3779 833 3846 infidelis
862 3793 950 3844 per
977 3778 1398 3849 virnmﬁdelem.
1431 3781 1520 3833 Sic
1547 3780 1717 3849 Cotel.
1751 3796 1781 3832 a
1811 3797 1919 3849 quo
1950 3789 2033 3832 ta-

468 3865 592 3902 men
633 3851 792 3901 Cout.
840 3849 1110 3903 dissentit.
1156 3847 1364 3902 Laudat
1411 3849 1522 3902 haec
1558 3849 1614 3904 S.
1661 3847 1842 3904 Patris
1871 3852 2031 3903 verba

467 3917 718 3971 Clemens
757 3918 910 3972 Alex.
939 3918 1159 3989 Στρωμ.
1207 3919 1307 3989 lib._
1331 3935 1385 3979 ν,
1417 3935 1535 3988 cap.
1568 3920 1621 3980 8,
1654 3936 1755 3989 pag
1785 3920 1909 3982 677,
1937 3920 2030 3974 sed

468 3989 659 4040 ordine
692 3989 924 4041 inverso.
962 3987 1129 4042 GALL.
1174 4017 1240 4027 —-
1262 3987 1440 4043 Monet
1480 3987 1780 4044 Cotele‘rius
1810 4007 1869 4044 se
1898 4007 2030 4044 nus-

467 4073 629 4127 quam
664 4058 734 4128 in,
766 4058 1064 4126 Scripturis
1095 4059 1440 4128 buncloeum
1472 4059 1765 4122 invenisse,
1797 4076 2030 4128 eumque

466 4145 532 4182 ex
579 4127 826 4197 pluribus
857 4129 1099 4182 testibus
1128 4127 1420 4181 conﬂatum
1453 4130 1742 4197 conjectat,
1793 4139 1923 4197 puta
1945 4127 2029 4184 ex

467 4199 552 4270 bis
580 4196 945 4270 Ecclesiastiej
978 4213 1056 4270 ξι,
1089 4199 1157 4252 55
1191 4217 1202 4252 :
1236 4198 1330 4270 Τίς
1360 4196 1564 4265 σοφός,
1585 4196 1739 4270 αὐτῷ
1761 4196 2027 4270 προσκολ-

463 4267 674 4340 λὴῢητι,
727 4277 778 4321 et
803 4265 940 4340 ,εδει
970 4267 1094 4322 Cor.
1128 4283 1224 4330 vu,
1252 4269 1363 4340 714,7
1392 4271 1482 4340 ubi
1519 4269 1609 4340 _vir
1654 4265 1886 4324 inﬁdelis
1934 4286 2028 4340 per

463 4337 746 4392 mulierem
795 4337 1028 4402 fidelem,
1058 4345 1111 4408 et
1135 4338 1587 4408 mulierjnlidelis
1615 4354 1711 4408 per
1738 4339 1914 4392 virum
1934 4337 1948 4340 ’
1966 4343 2027 4392 Ιί-

463 4409 636 4461 delent
689 4409 1019 4498 sanctiticari
1067 4407 1289 4498 dicitur.
1322 4407 1557 4490 Facilius
1590 4407 1690 4462 hoc
1727 4409 1938 4489 darem,
1981 4411 2024 4463 si
2060 4447 2103 4498 Β
2133 4407 2302 4498 multa
2374 4407 2701 4498 testimcplniaI
2752 4410 2804 4462 in
2857 4407 3056 4498 unumn
3084 4412 3363 4498 cqujungit
3429 4426 3441 4461 :

463 4487 668 4532 tantum
689 4479 861 4546 legere
887 4487 1057 4532 esset:
1080 4478 1342 4546 Scriptum
1373 4488 1447 4532 est
1467 4479 1624 4542 enim,
1649 4479 1772 4546 quia
1795 4479 1882 4543 qui
1899 4496 2022 4532 san-

462 4551 558 4600 ctis
612 4550 912 4617 adituri-cut,
943 4549 1432 4616 sancti/icahuntur,
1469 4565 1567 4602 nec
1612 4549 2029 4617 subjungerelur

462 4619 599 4669 alter
625 4619 865 4671 disertus
895 4616 1191 4687 Scriptura:
1222 4627 1420 4673 textus.
1455 4617 1612 4672 Joan.
1646 4616 1892 4683 Clericus
1923 4634 2026 4672 ar-

464 4688 528 4738 tis
565 4688 684 4740 crit.
733 4705 783 4756 p.
819 4689 880 4752 5,
915 4697 1046 4742 sect.
1085 4689 1139 4749 2,
1180 4705 1227 4743 c.
1261 4690 1313 4752 5,
1347 4706 1402 4743 ιι.
1441 4689 1530 4750 t2,
1580 4691 1834 4743 observat
1868 4689 2024 4742 simi-

465 4757 565 4807 lem
598 4773 718 4809 esse
741 4757 1221 4812 tocumCleutentis
1245 4761 1593 4812 Alexandrini
1625 4760 2020 4823 Strom..lih.v,

465 4842 516 4899 ιι.
549 4826 685 4899 ζϊῐῑζ,
707 4830 778 4899 ita
809 4827 1148 4899 enuntiatum
1183 4848 1196 4882 :
1224 4823 2022 4899 l‘éypamatﬁé'thlataavﬁpb;

461 4892 635 4970 ante.
666 4895 840 4970 suae;
867 4896 1002 4970 ἔσῃζ
1015 4898 1107 4970 καὶ
1150 4897 1287 4970 μετ-ἂι
1306 4892 1581 4970 ’ἐκλεκτοῦ-
1611 4897 1862 4970 ξκλεκτρς
1899 4892 2018 4970 ἔσῃ,

461 4967 553 5039 nat
586 4965 721 5031 μετὰ
751 4963 1006 5039 στρεϐλοῦ
1041 4963 1394 5039 διαστρέψεις.
1417 4985 1436 5019 ι
1456 4963 1867 5039 Κολλᾶσθαιοῦν
1909 4963 2022 5039 τοῖς

462 5033 635 5099 ἁγίοις
670 5033 950 5108 προσῆκει,
982 5036 1061 5088 ὅτι
1097 5037 1146 5087 oi.
1184 5033 1506 5108 δὶολλώμενοι
1538 5040 1720 5100 αὐτοῖς
1759 5037 2018 5108 ἁγιασθή-

465 5118 660 5155 σονται.
698 5106 962 5171 Scriptum
985 5115 1061 5158 est
1093 5117 1262 5159 autem
1278 5122 1324 5159 :t
1345 5107 1480 5163 Cum
1498 5109 1605 5160 viro
1634 5109 1903 5161 innocente
1933 5106 2017 5160 in-

456 5189 644 5226 nocens
674 5175 796 5236 eris,
824 5185 873 5227 et
899 5189 1015 5245 cum
1045 5175 1206 5230 electo
1229 5178 1420 5231 electus
1449 5179 1571 5239 eris,
1602 5188 1651 5231 et
1670 5194 1786 5230 cum
1813 5194 2016 5245 perver-

455 5260 523 5318 so
537 5244 1311 5318 perveneris.»Adhterereergo
1321 5263 1417 5316 par
1438 5256 1514 5300 est
1537 5248 1757 5309 sanctis,
1781 5244 1904 5318 quia
1925 5249 2022 5317 qui

455 5313 722 5387 attinerent
752 5315 827 5367 eis
856 5313 1352 5387 sancti/icaliunt'ur.
1375 5318 1548 5386 Atque
1593 5319 1639 5372 is
1685 5329 1768 5371 est
1794 5313 2014 5387 'priuius

455 5382 628 5446 locus,
661 5400 724 5438 ex
775 5398 882 5453 quo
936 5382 1087 5437 nutat
1117 5386 1200 5438 vir
1224 5382 1476 5441 eruditus
1500 5382 2010 5443 Clementis-nostri

452 5453 737 5526 epistolam
784 5455 1056 5526 nonnullis
1096 5455 1265 5526 videri
1301 5456 1698 5526 iuterpolatam,
1730 5467 1915 5526 utpote
1955 5460 2010 5512 in

453 5538 613 5588 quam
659 5524 768 5576 haec
799 5525 1093 5579 Clementis
1119 5524 1466 5580 Alexandrini
1499 5531 1663 5580 verb‘a
1694 5524 1900 5582 niutato
1926 5546 2012 5581 co-

453 5594 571 5668 rum
607 5596 796 5668 ordine
825 5605 1086 5650 traustata
1112 5595 1379 5662 judicent.
1417 5597 1521 5650 Sed
1554 5612 1652 5650 cur
1683 5614 1788 5650 non
1828 5599 2008 5668 potius

452 5659 596 5714 hunc
624 5663 696 5716 ibi
729 5666 1058 5719 Clementem
1101 5659 1345 5720 nostrum
1397 5667 1593 5720 imitari
1643 5659 2008 5722 censeamus?

453 5732 681 5786 u-taxitue
731 5749 854 5787 cum
888 5736 1016 5789 alibi
1059 5735 1177 5805 ejus
1210 5739 1368 5792 verba
1406 5738 1680 5793 exscribat
1713 5739 2006 5805 interdum,

2155 2317 2209 2362 et
2256 2323 2319 2360 ea
2370 2316 2463 2362 aut
2512 2307 2862 2380 paucioribus
2894 2308 3326 2380 perstringenda,
3355 2316 3446 2363 aut
3477 2311 3738 2380 pluribus

2154 2380 2532 2450 interpolaudo
2580 2379 2781 2431 imitari
2827 2381 3216 2450 convincatur.
3260 2379 3426 2436 Nobis
3477 2379 3730 2450 quidem,

2153 2449 2246 2517 qui
2279 2451 2590 2517 ignoramus
2611 2450 2701 2501 ubi
2731 2449 2998 2520 scriptum
3027 2450 3098 2504 sit
3131 2468 3145 2504 :
3179 2449 3388 2504 Sanctis
3418 2449 3510 2505 eos
3531 2453 3732 2520 adjun-

2148 2519 2272 2587 gite,
2301 2528 2432 2582 ete.,
2458 2519 2746 2572 verborum
2778 2519 3070 2573 Clementis
3104 2519 3454 2574 Alexandrini
3487 2519 3628 2576 ordo
3650 2529 3730 2578 vi-

2149 2590 2308 2642 detur
2333 2589 2673 2642 concinnior.
2707 2587 2813 2642 Sed
2843 2588 2982 2642 forte
3005 2589 3148 2644 hunc
3171 2605 3232 2644 ea
3260 2591 3375 2658 ipsa
3407 2593 3568 2653 ratio.
3592 2598 3735 2656 quia-

2151 2659 2293 2713 unde
2325 2669 2541 2726 sumpta
2571 2665 2714 2713 esset
2743 2659 2830 2712 illa
2863 2661 3127 2713 sententia
3151 2661 3444 2726 nesciebat,
3468 2662 3722 2726 adduxit,

2146 2736 2205 2780 ut
2236 2729 2526 2782 totiusloci
2557 2731 2801 2782 ordinem
2834 2729 3231 2792 interverteret,
3265 2745 3440 2799 neque
3463 2731 3724 2788 Clemen-

2144 2800 2215 2853 tis
2252 2799 2428 2853 nostri
2460 2799 2682 2852 nomine
2715 2813 2837 2852 eum
2869 2799 3132 2853 laudaret.
3165 2800 3368 2854 Cousr.

2213 2867 2324 2940 (10)
2364 2867 2472 2940 Kal
2493 2869 2619 2940 μετ’
2656 2869 2944 2922 ὲκλεκτοῡ
2998 2869 3280 2936 ἐκλεκτὸς
3307 2870 3442 2938 ἔσῃ.
3475 2869 3602 2925 Haec
3632 2874 3730 2929 de-

2141 2938 2270 3011 sunt
2305 2938 2471 3011 codd.
2507 2938 2673 3008 impp.
2707 2954 2826 3008 qua:
2868 2946 3045 3011 tamen
3091 2949 3310 2994 exstant
3353 2940 3406 2992 in
3437 2957 3540 2994 ms.
3573 2947 3722 3011 apud

2141 3008 2311 3064 Wott.
2345 3009 2416 3079 Ea
2454 3023 2671 3079 quoque
2701 3007 2949 3078 agnoscit
2975 3007 3102 3062 Jun.
3136 3011 3336 3072 versio,
3370 3025 3490 3079 qua:
3536 3007 3625 3066 sie
3640 3031 3724 3069 se

2143 3079 2307 3150 habet
2331 3098 2343 3130 :
2375 3078 2576 3150 Etcum
2606 3078 2766 3132 electo
2791 3079 2981 3150 electus
3007 3081 3128 3134 eris.
3157 3079 3297 3134 Hinc
3328 3078 3435 3150 non
3467 3080 3592 3150 ipsi,
3621 3087 3724 3139 sed

2142 3149 2437 3219 typolhetae
2477 3149 2608 3201 vitio
2639 3148 2896 3204 vertenda
2936 3151 3049 3203 haec
3079 3150 3324 3205 omissio.
3359 3148 3536 3205 Editio
3571 3152 3724 3207 Lon-

2140 3221 2254 3273 din.
2303 3219 2710 3272 Wottonianam
2733 3221 3000 3288 expressit
3043 3221 3098 3274 in
3130 3219 3356 3284 Graecis,
3388 3222 3482 3275 sed
3524 3221 3728 3279 Latina

2138 3305 2246 3342 non
2276 3291 2530 3343 restituit.
2562 3288 2728 3344 GALL.
2794 3333 2803 3344 .

2209 3361 2256 3429 (l
2275 3361 2320 3428 l)
2341 3362 2413 3412 Ἣ
2440 3358 2572 3426 οὐχὶ
2601 3359 2708 3412 ἕνα
2738 3357 2884 3412 Θεὸν
2911 3360 3142 3427 ἔχομεν.
3173 3357 3337 3430 Frey.
3362 3358 3506 3414 hunc
3533 3361 3726 3418 locum

2139 3427 2225 3498 ita
2263 3430 2571 3498 distinguit,
2624 3441 2680 3482 ut
2721 3430 2860 3482 duas
2905 3427 3301 3498 complectatur
3347 3434 3652 3488 sententias
3697 3453 3713 3488 :

2139 3497 2326 3552 Nonne
2361 3497 2607 3552 habemus
2637 3515 2798 3552 unum
2843 3497 3046 3564 Deum,
3063 3509 3110 3552 et
3147 3515 3308 3552 unum
3339 3499 3629 3564 Christum,
3664 3514 3718 3557 et

2136 3584 2296 3621 unum
2345 3569 2599 3639 Spiritui-it
2627 3570 2815 3639 gratia:
2856 3570 2911 3622 in
2942 3571 3335 3639 uase/fusum?
3367 3569 3554 3625 Nonne
3605 3590 3723 3626 una

2135 3639 2282 3692 nobis
2314 3650 2390 3693 est
2422 3641 2473 3691 in
2523 3637 2732 3692 Christo
2779 3640 3020 3694 uacatio?
3050 3637 3275 3693 Videtur
3323 3641 3380 3695 S.
3411 3640 3568 3696 Pater
3627 3660 3718 3698 rc-

2135 3711 2380 3776 spexisse
2408 3709 2473 3762 ad
2507 3708 2702 3777 Ephes.
2739 3723 2812 3771 tv,
2841 3709 2896 3771 4,
2931 3710 2984 3772 5,
3013 3709 3066 3764 6.
3115 3711 3317 3765 Confer
3341 3712 3501 3765 etiam
3530 3711 3552 3764 ι
3578 3712 3712 3769 Car.

2134 3794 2231 3833 xu.
2259 3781 2522 3834 Caeterum
2555 3781 2733 3834 simile
2764 3779 2969 3832 dictutn
3001 3777 3057 3833 S.
3100 3779 3397 3834 Clementis
3425 3785 3620 3836 recitat
3650 3783 3713 3838 S.

2133 3847 2366 3904 Basilius
2405 3850 2469 3902 de
2500 3848 2708 3924 Spiritu
2749 3858 2952 3913 sancto,
2980 3849 3127 3920 quod
3173 3851 3314 3903 infra
3348 3853 3490 3906 inter
3535 3851 3715 3924 Frag-

2132 3930 2305 3972 menta
2336 3922 2590 3987 reperies.
2625 3919 2698 3973 In.

2203 3990 2314 4060 (l2)
2357 3991 2566 4060 "traici
2597 3988 2929 4058 διέλκομεν,
2952 4007 3005 4042 κ.
3042 4006 3092 4042 τ.
3125 3989 3172 4042 λ.
3209 3991 3267 4044 1η
3297 3990 3540 4045 eamdem
3577 4008 3711 4047 sen-

2131 4059 2353 4113 tentiam
2397 4060 2452 4114 S.
2491 4059 2651 4113 Pater
2701 4061 2953 4128 superius
2997 4062 3120 4129 ca'p.
3170 4061 3239 4114 58
3287 4060 3587 4123 εΣωζέσθω
3616 4061 3723 4116 οὖν

2128 4131 2284 4200 ἡμῶν
2314 4131 2431 4182 ὅλον
2466 4130 2524 4182 τὸ
2552 4129 2796 4200 σῶμαίὲν
2840 4129 3058 4199 Χριστῷ
3099 4130 3293 4200 Ἰησοῦ.
3337 4129 3720 4188 Tertullianus

2128 4199 2374 4269 Apolog.,
2403 4215 2522 4268 cap.
2559 4199 2626 4251 39
2656 4219 2668 4252 :
2695 4199 2895 4266 Corpus
2925 4216 3105 4252 sumus
3133 4199 3195 4253 de
3222 4202 3542 4253 conscientia
3577 4205 3709 4256 reli—

2127 4273 2318 4339 gionis,
2347 4280 2394 4323 et
2421 4269 2715 4336 disciplina:
2743 4269 3033 4330 divinitate,
3067 4281 3115 4322 et
3140 4273 3250 4339 spei
3277 4271 3482 4339 foedere.
3521 4271 3595 4325 In.

2201 4341 2309 4419 (l5)
2349 4341 2495 4419 Eine
2526 4339 2652 4418 γάρ.
2686 4339 2838 4419 Quod
2870 4341 3108 4409 antiquis
3142 4358 3251 4419 non
3293 4342 3534 4419 insolens
3581 4344 3706 4405 l'uit,

3508 4428 3711 4466 "ClllDe

2133 4431 2302 4462 Illllllil
2374 4431 2683 4461 ιιτδιιιιιυιιιῑι
2752 4431 2804 4462 Ill
2857 4431 3023 4463 Ulllllll
3084 4431 3363 4480 C(llljllﬂgll
3429 4431 3441 4461 ἰ
3508 4431 3708 4482 nempe

2133 4479 2321 4533 Matth.
2368 4495 2512 4537 XXVI,
2545 4479 2649 4543 εις
2681 4478 2812 4534 Luc.
2859 4495 2992 4538 xvu,
3023 4480 3084 4542 Εἰς
3134 4481 3322 4534 Matth.
3359 4495 3514 4539 mu,
3560 4484 3616 4544 6,
3651 4493 3708 4536 et

2133 4549 2296 4605 Marc.
2350 4566 2424 4611 Ix,
2463 4548 2568 4613 42;
2604 4551 2681 4601 Ae
2727 4551 2780 4602 in
2828 4548 3030 4611 Marco,
3066 4561 3160 4603 aut
3207 4553 3259 4604 in
3297 4550 3462 4610 Luca,
3497 4561 3593 4602 aut
3647 4554 3704 4606 in

2129 4631 2356 4688 utroque
2403 4620 2674 4687 reperisse
2721 4620 2932 4690 videtur
2979 4620 3235 4690 περιτεθῇ
3287 4636 3384 4690 pro
3433 4621 3708 4675 hodierno

2127 4691 2432 4761 περίκειται
2471 4692 2661 4761 sicque
2689 4690 2742 4742 in
2765 4689 2913 4761 Luca
2940 4691 3157 4743 exhibet
3187 4689 3358 4761 codex
3387 4690 3708 4761 Evangelia-

2124 4759 2244 4813 ruin
2277 4776 2378 4813 ms.
2409 4761 2616 4829 quiest
2648 4759 2988 4812 bibliotheca:
3016 4761 3213 4828 Regiis,
3245 4760 3405 4814 29.47.
3442 4759 3703 4829 Vulgata,

2126 4832 2446 4898 imponatur.
2495 4828 2668 4883 Verbo
2713 4831 2875 4900 etiam
2921 4831 3267 4900 περιτεοῆναι
3311 4833 3480 4884 utitur
3519 4828 3708 4900 Theo-

2124 4901 2410 4969 phylaetus
2437 4916 2559 4952 eum
2588 4899 2974 4968 evangelistam
2997 4899 3290 4969 enarratis,
3320 4916 3536 4954 necnon
3575 4899 3704 4954 Ori-

2121 4968 2287 5039 genes
2321 4971 2388 5023 ad
2421 4969 2652 5022 Mattltuei
2679 4985 2800 5038 cap.
2827 4985 2983 5024 xvul.
3009 4968 3074 5022 Et
3098 4986 3224 5024 vero
3261 4971 3448 5025 eadem
3480 4970 3707 5023 divino-

2123 5055 2241 5092 rum
2309 5041 2648 5108 eloquiorum
2705 5053 2994 5108 compages
3059 5043 3286 5095 struitur
3342 5056 3372 5093 a
3415 5039 3708 5096 Clemente

2118 5109 2486 5163 Alexandrino
2527 5111 2593 5161 ad
2628 5109 2787 5161 linem
2830 5110 3089 5163 Centenis
3129 5111 3182 5173 5,
3215 5111 3304 5163 ubi
3349 5112 3707 5173 cognominis

2117 5179 2210 5232 sui.
2233 5179 2460 5233 Romani
2489 5180 2653 5232 verba
2677 5186 2990 5232 mutuatur:
3018 5194 3117 5233 nec
3146 5183 3375 5232 multum
3399 5179 3699 5243 absimilis,

2117 5264 2146 5301 a
2190 5249 2524 5303 Tertulliano
2567 5249 2659 5301 lib.
2693 5263 2746 5300 Iv
2780 5250 3028 5301 adversus
3061 5249 3406 5315 Marcionem,
3446 5265 3570 5318 cap.
3603 5251 3701 5315 55,

2115 5320 2196 5372 sic
2223 5339 2234 5373 :
2261 5319 2550 5373 Conversus
2583 5319 2773 5371 ibidem
2804 5319 2872 5370 ad
2900 5318 3210 5386 discipulos.
3259 5319 3363 5381 Vw,
3407 5320 3560 5379 dieit,
3594 5337 3703 5372 au-

2113 5392 2246 5442 ctori
2277 5390 2649 5442 scandalorum
2672 5403 2688 5438 :
2710 5389 2998 5454 carptdisset
3020 5393 3066 5442 ei
3095 5391 3140 5442 si
3165 5399 3321 5442 natus
3352 5406 3454 5442 non
3479 5390 3706 5457 fuisset,

2113 5470 2203 5512 aut
2221 5461 2268 5513 si
2291 5460 2485 5512 mulino
2502 5474 2632 5511 saa‘o
2657 5459 2724 5509 ad
2752 5459 2944 5510 collum
2966 5461 3192 5529 deligata
3219 5460 3581 5528 prwcipitatus
3604 5476 3701 5512 es-

2111 5541 2185 5583 set
2209 5532 2259 5582 in
2289 5529 2626 5597 profundum,
2653 5544 2809 5595 quam
2832 5545 2990 5580 unum
3019 5545 3084 5583 ea:
3106 5531 3214 5583 illis
3246 5531 3484 5588 modicis,
3510 5532 3701 5588 utique

2110 5600 2382 5680 discipulis
2405 5598 2996 5680 ejusLscandalisusset,
3029 5601 3102 5680 ab
3117 5599 3347 5680 0rigene
3375 5599 3588 5680 homilL.
3620 5603 3701 5680 g5

2109 5672 2164 5723 in
2196 5668 2454 5723 Numerus
2479 5683 2496 5720 :
2521 5669 2668 5721 Sicut
2689 5678 2745 5740 et
2782 5668 3034 5740 Dominus
3068 5668 3327 5740 designat,
3371 5686 3489 5722 cum
3533 5668 3696 5730 dicit,

2106 5743 2232 5809 quia
2263 5741 2446 5794 melius
2477 5740 2648 5808 fuerat
2679 5738 2873 5791 homini
2904 5739 2984 5792 illi
3015 5757 3114 5794 non
3145 5738 3312 5805 nasci,
3351 5751 3441 5792 aut
3490 5755 3699 5792 malum
