3908 6172
417 194 515 250 5⁸51

1228 189 1287 243 S.
1328 185 1718 244 CLEMENTIS
1756 186 1775 241 1
1808 184 1972 242 ROM.
2014 186 2213 242 PONT.
2256 186 2487 243 OPERA
2523 186 2851 245 GENUINA.

3557 188 3673 244 53!

414 315 679 374 tanquam
723 301 919 372 exigua
968 299 1256 365 audimus,
1311 314 1637 371 peccamus,
1688 301 1992 353 nescientes

2096 299 2513 370 ἁμαρτάνομεν,
2564 300 2662 353 ούκ
2710 300 2907 363 εἰδότες
2956 297 3117 351 πόθεν
3172 296 3512 369 ὲκλήθημεν,
3579 315 3679 351 και

416 398 561 453 unde
588 395 769 451 vocati
820 408 1034 456 sumus,
1067 400 1121 447 et
1164 407 1195 446 a
1224 407 1355 463 quo,
1387 401 1441 446 et
1482 392 1537 445 in
1579 406 1745 462 quem
1783 390 1986 453 locum,

415 496 469 544 et
492 494 696 559 quanta
727 485 989 542 sustinuit
1008 482 1169 539 Jesus
1194 482 1449 537 Christus
1471 482 1581 551 pati
1614 493 1837 553 propter
1862 497 1986 538 nos.

415 582 589 649 Quam
623 579 791 649 igitur
819 591 919 630 nos
943 576 1047 646 ipsi
1078 573 1439 644 rependemus
1469 573 1987 639 remunerationem,

416 670 512 727 aut
542 686 705 742 quem
740 668 981 723 fructum
1024 665 1246 735 dignum
1289 680 1479 719 eorum
1513 680 1633 731 qua:
1672 664 1831 720 nobis
1875 665 1997 735 ipse

416 764 604 819 dedit?
641 760 858 828 Quanta
896 773 1029 814 vero
1067 758 1117 813 ei
1149 756 1410 811 debemus
1456 756 1583 826 pia?
1628 755 1764 809 Nam
1812 756 1990 812 lucem

415 855 578 911 nobis
614 852 844 922 largitus
872 856 986 916 est;
1031 856 1294 919 tanquam
1319 855 1475 918 pater
1501 846 1642 902 ﬁlios
1672 861 1774 903 nos
1804 848 1992 918 appel-

415 948 582 1015 lavit;
632 956 923 1017 pereuntes
975 956 1078 996 nos
1125 941 1380 996 servavit.
1438 938 1664 1006 Qualem
1709 955 1839 1011 ergo
1886 940 1992 1011 ipsi

416 1040 638 1096 laudem
678 1037 1006 1099 tribuemus,
1046 1040 1139 1087 aut
1170 1032 1475 1088 mercedem
1520 1047 1629 1102 qua
1674 1047 1993 1103 compense-

420 1148 544 1186 mus
556 1144 677 1201 qua:
694 1129 1006 1199 accepimus
1024 1125 1137 1199 (5)?
1165 1123 1269 1191 Qui
1289 1132 1469 1179 mente
1494 1140 1716 1180 eramus
1744 1124 1913 1195 capti,
1938 1133 1994 1182 et

418 1223 786 1279 adorabamus
828 1219 1063 1291 lapides,
1104 1217 1276 1288 ligna,
1325 1231 1552 1280 aurum,
1594 1223 1878 1287 argentum
1912 1224 1996 1271 at-

416 1332 525 1387 que
551 1330 648 1379 ass,
688 1312 971 1368 hominum
1007 1326 1210 1381 opera;
1251 1316 1306 1365 et
1343 1316 1456 1363 tota
1495 1314 1683 1363 nostra
1716 1310 1828 1363 vita
1857 1309 1995 1364 nihil

417 1406 566 1462 aliud
585 1412 705 1461 erat
717 1419 878 1475 quam
895 1417 1064 1457 mors.
1082 1399 1431 1457 Obscuritate
1449 1400 1633 1471 itaque
1643 1400 1991 1468 circumdati,

416 1506 473 1553 et
496 1498 590 1553 tali
622 1496 855 1567 caligine
879 1495 1099 1565 plenum
1132 1492 1395 1549 habentes
1414 1491 1613 1556 visum,
1634 1494 1996 1562 respeximus,

2092 389 2197 443 ὑπὸ
2224 390 2389 454 τίνος,
2423 391 2519 444 καὶ
2550 392 2631 454 είς
2660 391 2719 444 δν
2759 392 2943 449 τόπον,
2990 391 3084 443 καὶ
3125 389 3227 443 δσα
3257 388 3333 459 (5)
3380 389 3678 458 ὑπέμεινεν

2104 481 2311 553 Ἰησοῦς
2350 482 2583 555 Χριστὸς
2611 482 2803 537 παθεῖν
2829 483 2991 536 ἕνεκα
3021 481 3197 553 ἡμῶν.
3230 482 3363 534 Τίνα
3388 476 3482 534 οὖν
3512 482 3677 552 ἡμεῖς

2092 577 2239 649 αύτῷ
2268 577 2510 649 δώσομεν
2538 577 2916 649 άντιμισθίανς
2961 575 2995 647 ἢ
3026 575 3149 628 τίνα
3194 573 3405 646 καρπὸν
3432 567 3679 651 ἄξιον-οὖ

2091 668 2222 739 ἡμῖν
2242 668 2402 732 αὐτὸς
2428 667 2627 722 ἔδωκεν
2648 685 2663 734 ;
2696 668 2838 722 πόσα
2858 666 2933 739 (4)
2954 667 3012 720 δὲ
3038 666 3186 738 αὐτῷ
3204 667 3486 739 ὀφείλομεν
3511 668 3673 733 ὄσια;

2091 758 2153 811 τὸ
2184 758 2299 828 φῶς
2325 759 2433 831 γὰρ
2460 762 2592 831 ἡμῖν
2639 761 2949 833 ἐχαρίσατο,
2994 758 3070 822 ὡς
3110 759 3291 832 πατὴρ
3336 760 3484 821 υἱοὺς
3522 760 3677 830 ἡμᾶς

2094 852 2557 925 προσηγόρευσεν,
2574 852 2776 907 ἀπολλυ
2784 852 2975 923 μένους
2988 852 3134 923 ἡμᾶς
3150 851 3369 904 ἔσωσεν.
3385 852 3576 904 Ποῖουν
3595 850 3673 925 (6)

2094 938 2243 997 αἶνον
2271 944 2419 1016 αύτῷ
2457 944 2715 1016 δώσωμεν
2765 944 2864 1016 (7),
2911 943 2944 1015 ἢ
2983 942 3170 1015 μισθὸν
3210 941 3553 1014 άντιμισθίας
3595 935 3677 1003 ὧν

2095 1035 2379 1107 ὲλάϐομεν;
2410 1037 2576 1108 πηροὶ
2605 1036 2756 1099 ὄντες
2781 1040 2846 1108 τῇ
2872 1035 3079 1107 διανοίᾳ
3112 1035 3208 1106 (8),
3242 1035 3677 1105 προσκυνοῦντες

2094 1128 2273 1192 λίθους
2300 1129 2395 1181 καὶ
2427 1127 2586 1193 ξύλα,
2633 1128 2727 1183 καὶ
2759 1128 2957 1200 χρυσὸν
2998 1128 3094 1181 καὶ
3134 1128 3373 1198 ἄργυρον
3414 1126 3508 1180 καὶ
3534 1126 3674 1197 χαλ-

2095 1220 2211 1284 κὸν,
2243 1220 2379 1291 ἔργα
2395 1218 2716 1291 ἀνθρώπων,
2746 1222 2839 1274 καὶ
2866 1222 2894 1274 ὁ
2914 1220 3027 1289 βίος
3054 1219 3208 1290 ήμῶν
3235 1219 3355 1282 ὅλος
3374 1218 3500 1273 ἄλλο
3516 1218 3675 1272 οὐδὲν

2094 1309 2162 1384 ἦν
2192 1314 2239 1365 εί
2270 1311 2344 1384 μὴ
2376 1310 2621 1375 θάνατος.
2656 1311 2997 1383 Ἀμαύρωσιν
3025 1307 3119 1364 οὖν
3149 1310 3540 1382 περικείμενοι,
3574 1312 3677 1365 καὶ

2095 1403 2347 1476 τοιαύτης
2380 1402 2576 1474 ἀχλύος
2605 1404 2865 1475 γέμοντες
2902 1404 2961 1457 ὲν
3006 1406 3073 1475 τῇ
3105 1402 3293 1475 ὁράσει
3312 1442 3327 1467 ,
3368 1402 3674 1471 άνεϐλέψα-

2100 1514 2236 1568 μεν,
2284 1496 2629 1567 ἀποθέμενοι,
2678 1497 2853 1549 ἐκεῖνο
2898 1496 2928 1549 δ
2972 1494 3334 1567 περικείμεθα
3378 1493 3559 1563 νέφος,
3598 1496 3673 1569 τῇ

419 1590 594 1661 ipsius
620 1588 901 1643 voluntate
946 1586 1281 1656 deponentes
1331 1598 1453 1638 eam
1501 1598 1609 1655 qua
1642 1584 1992 1653 cingebamur

2098 1586 2262 1641 αὐτοῦ
2311 1587 2544 1661 θελήσει.
2609 1588 2862 1661 Ἦλέησεν
2908 1587 3018 1659 γὰρ
3074 1589 3255 1659 ἡμᾶς,
3320 1587 3413 1640 καὶ
3462 1586 3679 1657 σπλαγ-

416 1683 693 1739 nebulam.
717 1680 854 1735 Nam
876 1680 1167 1734 miseratus
1181 1686 1265 1733 est
1285 1693 1419 1746 nos;
1447 1686 1501 1733 et
1516 1676 1819 1733 visceribus
1845 1692 1992 1732 com-

2098 1679 2333 1750 χνισθεὶς
2364 1655 2585 1745 ἐσοισεν,
2629 1655 2961 1752 θεασάμενος
2986 1655 3045 1733 εν
3074 1655 3203 1750 ἡμῖν
3233 1678 3433 1751 πολλὴν
3459 1655 3676 1752 πλάνην

416 1782 622 1837 motus,
657 1772 840 1828 salvos
863 1769 1024 1837 fecit;
1059 1785 1185 1824 cum
1216 1769 1272 1823 in
1300 1770 1459 1825 nobis
1498 1770 1728 1823 multum
1751 1766 1992 1825 errorem

2099 1771 2192 1824 καὶ
2222 1770 2518 1836 ἀπώλειαν,
2559 1772 2653 1825 καὶ
2696 1773 2965 1843 μηδεμίαν
2996 1771 3186 1824 ἐλπίδα
3213 1770 3426 1841 ἔχοντες
3455 1771 3530 1841 (9)
3563 1787 3677 1825 σω-

416 1882 482 1922 ac
532 1866 815 1921 interitum
874 1869 1210 1934 spectasset,
1270 1878 1373 1917 nec
1415 1861 1615 1918 habere
1672 1878 1775 1918 nos
1825 1863 1990 1917 ullam

2096 1863 2310 1933 τηρίας,
2341 1864 2389 1917 εί
2437 1863 2511 1935 μὴ
2556 1864 2655 1935 τὴν
2697 1866 2826 1935 παρ’
2874 1863 3058 1918 αὑτοῦ.
3106 1862 3388 1916 Ἐκάλεσεν
3420 1862 3530 1934 (l0)
3559 1863 3677 1938 γάρ

416 1959 612 2016 salutis
651 1972 828 2028 spem,
876 1948 986 2013 nisi
1035 1971 1156 2011 eam
1183 1970 1304 2026 quae
1346 1954 1415 2009 ab
1466 1955 1585 2025 ipso
1610 1962 1720 2016 est.
1764 1952 1991 2012 Vocavit

2096 1954 2244 2023 ἡμᾶς
2283 1954 2383 2009 οὐκ
2422 1955 2600 2019 δντας,
2644 1958 2737 2010 καὶ
2777 1955 3042 2027 ἠθέλησεν
3084 1956 3149 2010 ὲκ
3198 1955 3273 2027 μὴ
3327 1954 3478 2021 δντος
3527 1950 3674 2010 εἶναι

413 2052 562 2106 enim
604 2064 706 2106 nos
736 2049 830 2120 qui
866 2063 979 2104 non
1014 2062 1253 2115 eramus,
1291 2053 1346 2103 et
1376 2047 1549 2103 voluit
1594 2062 1625 2103 e
1663 2047 1834 2103 nihilo
1866 2064 1988 2105 esse
2096 2046 2266 2115 ἡμᾶς.

410 2159 539 2201 no"
1032 2207 1263 2265 CAPUT
1317 2207 1384 2263 ιι.

2620 2212 3016 2266 ΚΕΦΔΛΔΙΟΝ
3052 2211 3128 2263 B'.

487 2326 695 2381 La'tare
713 2365 728 2391 ,
756 2322 953 2379 sterilis
983 2338 1100 2393 qua:
1135 2337 1239 2375 non
1260 2322 1438 2389 paris;
1474 2338 1687 2391 erumpe
1715 2330 1766 2378 et
1789 2324 1985 2387 clama,

2165 2324 2565 2393 Εὐφράνθητι,
2612 2325 2819 2395 στεῖρα
2840 2326 2878 2394 ἡ
2908 2326 2980 2380 οὐ
3007 2326 3326 2389 τίκτουσα,
3347 2323 3545 2393 ῥῆξον
3569 2325 3672 2378 καὶ

416 2435 533 2488 {vute
571 2435 675 2473 non
725 2415 962 2486 parturis
997 2428 1016 2467 :
1040 2414 1167 2483 quia
1208 2413 1365 2466 multi
1401 2414 1504 2483 ﬁlii
1548 2414 1787 2479 desertae,
1820 2416 1987 2486 magis

2096 2415 2331 2484 βόησον
2357 2420 2396 2486 ὴ
2424 2421 2535 2471 οὐκ
2560 2417 2880 2481 ὠδίνουσα,
2910 2417 2999 2470 ὅτι
3026 2417 3225 2471 πολλὰ
3251 2416 3325 2470 τὰ
3350 2415 3530 2469 τέκνα
3556 2417 3675 2485 τῆς

414 2527 575 2582 quam
608 2510 721 2579 ejus
758 2524 877 2579 qua:
911 2505 1063 2559 habet
1093 2507 1260 2559 virum
1287 2504 1353 2560 ⁸⁸.
1388 2505 1545 2571 Quod
1596 2507 1755 2572 dixit,
1782 2506 1989 2562 Lwtare

2096 2507 2338 2577 ἐρήμου,
2361 2508 2604 2577 μᾶλλον
2642 2508 2681 2578 ἢ
2724 2509 2835 2577 τῆς
2876 2510 3141 2577 ἐχούσης
3184 2508 3292 2561 τὸν
3333 2506 3533 2574 ἄνδρα.
3601 2510 3673 2561 '0

416 2602 614 2658 sterilis
666 2617 783 2672 qua:
816 2615 921 2654 non
962 2598 1147 2667 paris,
1187 2611 1293 2652 nos
1335 2596 1472 2650 dixit
1498 2615 1511 2650 :
1537 2598 1739 2653 sterilis
1784 2599 1987 2670 quippe

2096 2596 2267 2662 εἶπεν,
2298 2598 2674 2668 Εὐφράνθητι
2714 2600 2919 2669 στεῖρα
2966 2602 3005 2669 ἠ
3053 2602 3125 2654 οὐ
3168 2601 3474 2662 τίκτουσα,
3519 2600 3673 2669 ἡμᾶς

415 2704 537 2750 erat
566 2691 812 2749 Ecclesia
857 2697 1068 2754 nostra,
1095 2694 1221 2743 ante
1254 2702 1421 2758 quam
1460 2687 1572 2742 dati
1603 2695 1790 2744 essent
1832 2690 1881 2744 ei
1922 2690 1992 2743 lir-

2096 2688 2275 2746 εῐπεν·
2308 2696 2495 2764 στεῖρα
2538 2693 2645 2765 γὰρ
2680 2688 2748 2765 ἦν
2793 2695 2826 2764 ή
2881 2693 3173 2765 Ἐκκλησία
3207 2694 3384 2765 ἡμῶν,
3417 2692 3524 2765 πρὸ
3570 2694 3671 2747 τοῦ

401 2785 555 2841 beri.
613 2782 771 2853 Quod
813 2796 944 2838 vero
973 2780 1148 2844 dixit,
1192 2778 1383 2835 Clama
1419 2795 1534 2849 qua:
1570 2796 1672 2833 non
1722 2781 1989 2849 parturis;

2096 2784 2306 2855 δοθῆναι
2351 2785 2487 2855 αὐτῇ
2533 2785 2716 2839 τέκνα.
2756 2786 2823 2838 '0
2868 2785 2924 2839 δὲ
2974 2780 3149 2851 εἶπεν,
3189 2788 3430 2854 Βόησον
3472 2788 3511 2855 ἠ
3553 2788 3672 2841 οὐκ

406 2894 525 2931 'noc
566 2875 746 2931 dixit:
777 2870 981 2929 Preces
1011 2880 1229 2928 nostras
1276 2871 1346 2926 ad
1393 2870 1562 2925 Deum
1614 2873 1862 2938 omnino,
1925 2880 1989 2927 ut

2096 2874 2410 2939 ὠδίνουσα,
2438 2876 2594 2929 τοῦτο
2622 2876 2768 2945 λέγει
2791 2892 2805 2907 ⁸
2825 2876 2937 2941 Τὰς
2962 2877 3269 2949 προσευχὰς
3298 2878 3455 2951 ἡμῶν
3482 2878 3671 2943 ἁπλῶς

418 2968 789 3039 parturientes
819 2965 1017 3029 solent,
1056 2979 1168 3018 non
1196 2962 1514 3018 deﬁciamus
1548 2963 1773 3021 referre.
1833 2962 1991 3031 Quod

2096 2965 2384 3039 ἀναφέρειν
2414 2968 2547 3040 πρὸς
2574 2968 2664 3021 τὸν
2692 2967 2843 3031 Θεὸν,
2869 2968 2964 3039 μὴ,
2986 2969 3061 3031 ὡς
3088 2969 3144 3022 αἱ
3168 2968 3469 3033 ὠδίνουσαι,
3502 2969 3673 3038 ἐγκα-

410 3067 602 3115 autem
630 3058 790 3123 dixit,
822 3056 963 3124 Quia
1006 3055 1160 3110 multi
1198 3055 1300 3124 ﬁlii
1346 3054 1586 3121 deserta,
1620 3057 1788 3127 magis
1828 3074 1989 3127 quam

2096 3060 2279 3132 κῶμεν
2311 3059 2444 3132 (ll).
2481 3061 2548 3115 Ὃ
2574 3059 2631 3114 δὲ
2659 3054 2841 3125 εἶπεν,
2872 3059 2962 3114 ὅτι
2988 3060 3189 3115 πολλὰ
3227 3061 3302 3116 τὰ
3336 3060 3518 3118 τέκνα
3557 3059 3674 3130 τῆς

494 3198 539 3233 ⁸³
559 3198 663 3254 lsa.
695 3211 806 3262 uv,
833 3195 883 3252 l.

1733 3329 2093 3386 VARIORUM
2131 3328 2365 3385 NOTIE.

493 3471 570 3543 (5)
623 3470 735 3543 Καὶ
781 3468 1000 3543 ὅσα
1030 3467 1259 3543 παθεῖν.
1286 3467 1476 3543 ⁸Μίιμοι.
1504 3467 1646 3543 Birr.
1680 3468 1888 3543 παθών.
1921 3470 1992 3524 Et

2098 3469 2371 3543 subditis.
2404 3468 2583 3523 Pater.
2625 3468 2704 3543 [υ.

410 3535 580 3611 .guinn
608 3540 777 3592 multa
828 3540 1109 3611 patienter“
1135 3538 1321 3601 tulerit
1360 3535 1518 3592 Iesus
1564 3537 1827 3602 Christus,
1874 3556 1993 3595 cum
2147 3540 2249 3611 (9)
2280 3542 2583 3611 Ἔχοντες.
2622 3537 3056 3611 ξὀτιογέχοντας.
3108 3537 3402 3609 Sequentia
3434 3554 3587 3603 vero,
3616 3542 3671 3595 τε

421 3606 613 3681 passus
642 3620 718 3681 est
744 3624 837 3676 pro
862 3609 1039 3681 nobis.
1060 3606 1259 3681 (ἔδει..-
1882 3678 1890 3681 _

2098 3606 2647 3681 ph'r'hyjrap'abroﬁ
2681 3606 3094 3681 vertitEVendel.
3118 3606 3310 3678 prirter
3334 3625 3491 3681 quam
3521 3627 3555 3662 a
3589 3626 3668 3667 se.

497 3628 613 3664 ssus
642 3627 718 3662 est
744 3627 837 3676 pro
869 3627 1039 3661 novis.
1071 3627 1238 3660 ωιι..
2141 3627 2174 3681 η
2202 3627 2298 3680 την
2329 3627 2442 3679 παρ
2484 3627 2647 3662 αυτου
2681 3627 2841 3664 verut
2880 3627 3094 3665 venaei.
3118 3627 3310 3678 pratter
3370 3627 3491 3661 uam
3521 3627 3555 3662 a
3589 3627 3668 3667 se.

497 3677 1007 3750 (4)(1όσανρσῳ.
1057 3676 1192 3750 _F_e|l.
1230 3677 1355 3750 jam
1404 3687 1691 3734 monuerat
1744 3694 1811 3732 ex
1855 3678 1989 3750 _Act.
2095 3627 2249 3735 fi).—
2278 3678 2376 3750 Hic
2408 3688 2593 3747 aperte
2640 3680 2808 3750 tradit
2850 3680 3128 3743 Clemens,
3156 3680 3300 3749 quod
3324 3627 3670 3750 Xugustinus

425 3745 669 3813 1nd,”,
710 3747 912 3801 eximia
940 3745 1106 3799 David
1158 3762 1189 3799 a
1230 3745 1342 3800 Deo
1388 3750 1657 3815 promissa
1699 3748 1985 3813 beneﬁcia,

415 3818 533 3873 dici
578 3819 726 3872 illius
763 3817 884 3868 ὅσια
926 3816 996 3868 τὰ
1039 3816 1239 3879 πιστά,
1277 3817 1506 3885 ejusque
1545 3820 1989 3874 observationem

424 3887 625 3943 exinde
675 3886 777 3939 viri
833 3885 979 3939 docti
1038 3889 1359 3954 probarunt.
1430 3886 1568 3941 Hinc
1601 3889 1761 3943 vertit
1791 3888 1986 3944 Birr.:

426 3956 567 4025 Quot
605 3973 723 4027 vero
766 3958 878 4023 ejus
925 3955 1210 4027 clementia:
1251 3956 1497 4027 beneﬁcia
1542 3969 1752 4027 accepta
1800 3960 1986 4027 referi-

426 3974 567 4025 ρειοι
605 3974 723 4010 vero
766 3974 878 4023 ejus
925 3974 1210 4008 uenientia:
1251 3974 1497 4024 oenepcra
1542 3974 1660 4011 acce
1698 3974 1752 4010 ta
1800 3974 1986 4027 relen-

421 4030 590 4082 mus?
620 4026 752 4093 Quae
793 4040 924 4096 sane
948 4025 1230 4096 beneﬁcia
1276 4026 1532 4096 deinceps
1565 4026 1621 4082 S.
1655 3974 1813 4083 gater
1850 4044 1986 4083 enu-

424 4104 620 4152 merat.
656 4096 810 4149 Haud
842 4095 1075 4149 absimili
1108 4110 1273 4151 sensu
1310 4095 1606 4164 usurpatur
1629 4113 1733 4151 vox
1767 4100 1888 4151 ὅσια
1930 4100 1988 4152 in

425 4165 652 4237 Constit.
688 4174 857 4237 apost.
897 4165 991 4218 lib.
1022 4179 1081 4237 tt.
1108 4165 1340 4237 τομεῖ)
1370 4185 1383 4220 :
1430 4168 1485 4237 Ὀ
1522 4166 1764 4230 τοιοῦτος
1798 4169 1990 4237 ἄφεσιν

423 4238 523 4307 οὐχ
537 4235 666 4307 ἕξει,
686 4236 787 4290 κᾶν
802 4234 934 4305 λέγῃ
950 4236 1077 4304 παρ’
1098 4235 1291 4307 ἐαυτῷ,
1314 4236 1473 4288 ’Ὀσιά
1497 4254 1583 4306 μοι
1606 4238 1813 4304 γένοιτο
1834 4234 1858 4288 ε’
1873 4237 1921 4290 Η
1926 4256 1991 4291 u-

2098 3758 2302 3821 postea
2338 3748 2593 3821 frequens
2642 3748 2851 3821 docuit,
2883 3760 3110 3805 vocatos
3160 3748 3269 3821 nos
3311 3764 3340 3801 a
3372 3748 3507 3821 Deo,
3536 3765 3670 3821 eum

2097 3818 2248 3873 inulla
2292 3819 2345 3871 in
2374 3818 2532 3871 nobis
2564 3820 2778 3886 merita,
2816 3821 2927 3876 imo
2952 3829 3010 3874 et
3042 3820 3213 3874 multa
3242 3819 3507 3873 demerita
3538 3819 3674 3874 eou-

2099 3889 2388 3960 spexisset.
2419 3887 2627 3960 Cot'sr.
2663 3907 2673 3926 ι

2163 3959 2274 4028 (10)
2304 3956 2649 4028 Ἐζάλεσεη
2677 3974 2733 4028 κ.
2754 3975 2803 4009 τ.
2826 3957 2875 4011 λ.
2903 3956 3003 4013 Hic
3033 3959 3170 4013 forte
3198 3958 3435 4027 respexit
3465 3956 3523 4012 S.
3542 3958 3674 4013 Cle~

2094 4025 2248 4081 mens
2281 4026 2347 4078 ad
2378 4025 2537 4097 Bom.
2574 4042 2647 4090 Iv,
2668 4026 2735 4081 17
2762 4043 2777 4083 :
2802 4025 3382 4090 Θεοῦ...καλοῦντος“τὰ
3414 4027 3487 4097 μὴ
3514 4029 3669 4091 ὄντα,

2094 4097 2170 4160 ὼς
2204 4097 2350 4151 ὄντα.
2385 4093 2491 4167 seu
2524 4098 2705 4165 potius
2743 4098 2862 4165 ejus
2896 4100 3057 4153 verba
3087 4093 3502 4167 accipienda'de
3541 4113 3675 4166 gen-

2095 4169 2232 4220 tium
2262 4166 2547 4220 vocatione
2584 4167 2649 4219 ad
2694 4166 2873 4232 ﬁdem,
2908 4168 3065 4236 juxta
3109 4166 3242 4221 illud
3289 4166 3427 4220 Osee
3462 4181 3524 4224 ιι.
3569 4167 3669 4229 24.

2098 4238 2167 4289 ab
2190 4236 2449 4307 Apostolo
2492 4236 3008 4307 usurpatum_Rom.
3047 4253 3125 4302 ιχ,
3156 4238 3228 4292 25
3259 4252 3273 4288 :
3306 4236 3535 4290 Καλέσω
3576 4238 3672 4291 τδν

415 4304 655 4376 jusmodi
684 4307 831 4359 venia
872 4304 1101 4368 carebit,
1137 4304 1255 4359 licet
1286 4322 1461 4361 secum
1497 4304 1605 4375 ipse
1636 4308 1819 4363 dicat:
1852 4307 1991 4362 Bene

2098 4304 2318 4376 oble
2351 4323 2471 4376 μου,
2502 4304 2777 4376 λαόν’μου.
2800 4304 2972 4359 αλιι..

425 4377 554 4430 mihi
583 4378 671 4431 sit.
712 4376 789 4429 In.

495 4448 573 4517 (5)
612 4445 719 4501 Seu
754 4443 1044 4517 spiritalia,
1075 4444 1267 4513 supple
1311 4460 1549 4517 munera.
1590 4445 1719 4517 Mox
1748 4447 1894 4501 enim
1926 4448 1995 4503 de

426 4514 563 4571 luce
602 4516 835 4585 spiritali
886 4514 1147 4585 loquitur,
1186 4520 1244 4585 ut
1285 4515 1530 4569 subnexa
1574 4514 1790 4571 docent.
1847 4517 1995 4582 Quo-

423 4587 571 4640 circa
590 4584 922 4640 Vendelinus
952 4584 1248 4639 Clementis
1282 4593 1515 4638 mentem
1541 4585 1763 4640 minime
1782 4587 1997 4642 videtur

420 4664 713 4711 assecutus
747 4656 849 4708 hac
872 4654 1126 4708 versione
1155 4670 1168 4703 :
1200 4654 1468 4720 Quantam
1504 4671 1621 4708 vero
1664 4657 1714 4712 ei
1751 4656 1994 4711 debemus

424 4727 831 4779 sanctimoniam
857 4728 882 4779 ?
902 4724 1105 4778 Cousr.

498 4796 575 4866 (ti)
619 4796 855 4848 Ποῖουν.
902 4793 1213 4863 Legendum
1262 4794 1421 4866 jubet
1439 4792 1623 4866 ‘Wott.
1682 4797 1833 4848 ποῖον
1878 4792 1991 4850 οὖν.

624 4866 688 4953 in
721 4862 1101 4953 super.nep_i_st.
1135 4879 1256 4933 cap.
1282 4864 1370 4919 50.
1406 4864 1509 4923 Ms.
1533 4866 1754 4921 exhibet
1782 4866 1993 4935 Ἀγίουν

426 4950 527 5004 pro
560 4936 736 5002 Ἀγίου
765 4932 878 4988 οὖν.
908 4932 1077 5004 ϐέιι..

496 5004 574 5075 (7)
615 5004 921 5075 Δώσωμεν.
973 5002 1048 5057 lta
1097 5019 1163 5057 ex
1202 5018 1307 5058 ms.
1335 5002 1508 5059 Wott.
1541 5002 1701 5067 Editi,
1730 5004 1993 5075 δώσομεν.

409 5074 561 5141 "Quae
591 5083 770 5128 autem
804 5074 985 5128 statim
1025 5081 1351 5142 sequuntur,
1381 5074 1462 5129 sic
1488 5076 1650 5129 vertit
1671 5075 1791 5129 Cot.
1819 5093 1833 5130 :
1865 5074 1998 5128 mer-

422 5145 599 5200 cedem
645 5144 1083 5211 compensationis
1130 5158 1307 5196 eorum
1350 5160 1467 5214 qua:
1518 5147 1828 5214 accepimus.
1897 5143 1997 5199 Ve-

423 5232 568 5278 rum,
621 5222 680 5269 ut
731 5220 916 5283 monet
975 5214 1192 5277 Coust.,
1249 5213 1377 5267 dum
1422 5216 1539 5283 ipse
1596 5216 1789 5269 littera:
1826 5221 1992 5283 tenax

423 5301 547 5340 esse
576 5285 712 5351 vult,
744 5282 1041 5338 Clementis
1073 5286 1399 5337 sententiam
1431 5282 1541 5338 non
1577 5285 1779 5339 reddit.
1816 5282 1995 5337 Vertit

422 5352 709 5476 Vendeliii.
738 5354 814 5408 vel
837 5351 1198 5406 retributionis
1231 5354 1515 5408 mercedem
1540 5355 1601 5407 ob
1624 5372 1686 5409 ea
1704 5371 1821 5425 qua:
1842 5371 1995 5409 acce-

422 5438 615 5476 mmus.
678 5441 729 5476 ι).

413 5438 615 5492 pimus.
653 5438 729 5478 ID.

496 5494 572 5561 (8)
619 5491 981 5561 Πηροὶ...τῇ
1010 5492 1261 5559 διανοίᾳ.
1315 5492 1490 5547 Mente
1536 5494 1753 5560 debiles,
1811 5494 1865 5548 id
1912 5502 1997 5549 est

415 5563 568 5635 cmi.
620 5564 710 5617 Sic
749 5562 889 5617 Birr.
917 5578 984 5635 ex
1015 5562 1415 5635 Gloss.rCyrill.
1452 5572 1505 5619 et
1543 5564 1777 5635 Hesych.
1830 5564 1997 5634 quue

412 5632 747 5686 conﬁrmant
787 5648 907 5703 qua:
947 5632 1015 5687 de
1055 5632 1549 5689 mentis‘humanze
1591 5632 1836 5691 tenebris
1868 5632 1991 5690 mox

2021 4366 2066 4420 Β
2164 4366 2891 4447 (ΗΓΕέγκαξιῶμενεϐοιοι.
2922 4377 3147 4447 _mavult
3177 4376 3522 4447 ὲκκακῶμεν.
3564 4379 3672 4434 Cui

2094 4444 2462 4500 emendationi
2479 4444 2659 4499 favent
2673 4445 2833 4500 Cout.
2850 4456 2900 4501 et
2920 4444 3061 4500 Birr.
3086 4455 3280 4500 contra
3293 4444 3670 4503 Coloniesium

2093 4522 2149 4569 et
2176 4513 2517 4580 Wottonum,
2565 4531 2666 4569 ms.
2711 4516 2999 4570 lectionem
3029 4517 3349 4571 retinentes.
3395 4519 3567 4571 GALL.
3599 4549 3674 4559 —

2100 4584 2211 4650 Τὰς
2239 4587 2583 4652 προσευχὰς
2610 4584 2778 4653 ἡμῶν
2802 4584 3008 4650 ἁπλῶς
3035 4585 3354 4654 ἀναφέρειν
3381 4589 3533 4653 πρὸς
3561 4588 3671 4640 τὸν

2095 4655 2262 4718 Θεὸν,
2308 4654 2414 4723 μὴ,
2445 4656 2524 4719 ὡς
2557 4657 2615 4707 αἱ
2667 4654 2985 4708 ὠδίνουσαι
3012 4695 3026 4718 ,
3075 4656 3434 4725 ἐγκακῶμεν.
3482 4656 3672 4712 Verbo

2092 4725 2347 4806 ἐγκαξεῖν
2378 4740 2509 4778 usus
2546 4726 2725 4805 fuerat
2759 4726 3158 4806 'Symmachus
3182 4726 3453 4806 interpres
3494 4726 3667 4781 Num.

2093 4808 2207 4855 xxI,
2240 4795 2273 4848 5
2293 4835 2306 4856 ,
2328 4864 2337 4865 ί
2358 4801 2575 4865 vertens
2620 4794 2968 4865 ἐνεκάκησεν,
3016 4794 3185 4865 quod,
3213 4794 3354 4849 LXX
3386 4804 3674 4850 verterant

2090 4864 2483 4935 προσώχθισεν.
2510 4862 2729 4917 Praetuli
2764 4862 2946 4935 tamen
2977 4862 3322 4935 ἐκκακῶμεν,
3340 4866 3410 4935 ob
3440 4880 3588 4921 vers.
3612 4867 3669 4929 1,

2093 4932 2216 5002 cap.
2267 4932 2395 4988 xvm
2435 4932 2598 4988 Lucae
2640 4934 3008 5004 evangelista.
3033 4950 3142 5056 guo
3168 4932 3478 5003 respexisse
3515 4936 3673 4991 vide-

2093 5002 2471 5077 turClemens,
2492 5002 2641 5074 ἔλεγε
2679 5004 2735 5077 δὲ
2763 5005 2856 5077 καὶ
2884 5022 3033 5077 παρα
3071 5005 3198 5077 ολὴν
3226 5006 3408 5077 αὐτοῖς
3438 5005 3580 5077 πρδς

2093 5020 2471 5068 turuemens,
2492 5020 2641 5074 εΑεγε
2679 5020 2735 5057 οε
2763 5020 2856 5056 και
2884 5020 3197 5077 παραοολην
3226 5020 3408 5066 αυτοις
3438 5020 3580 5127 ergo;
3608 5020 3671 5058 το

2092 5071 2458 5146 δεῖν-πάντοτε
2497 5074 3036 5146 προσεύχεσθαι,νκα“ι
3081 5075 3154 5146 μὴ
3184 5075 3459 5146 ἐκκακεῒν.
3526 5075 3671 5146 imili

2095 5144 2256 5213 modo
2286 5151 2507 5213 propter
2529 5144 2692 5198 Verba
2718 5145 2963 5211 Apostoli
2982 5144 3183 5213 Eplies.
3211 5159 3295 5207 ιιι,
3317 5144 3384 5196 15
3408 5161 3421 5197 :
3459 5145 3551 5197 Διὸ
3580 5148 3671 5197 αἰ-

2092 5211 2302 5292 τοῦμαί
2322 5211 2403 5285 μὴί
2427 5214 2683 5266 ἐκκακεῖν
2712 5215 2769 5265 ὲν
2800 5217 2921 5277 ταῖς
2936 5211 3146 5282 θλίψεσί
3186 5230 3287 5283 μου
3321 5214 3461 5283 ὑπὲρ
3482 5214 3665 5283 ὑμῶν,

2095 5286 2337 5338 scribere
2367 5291 2582 5338 onortet
2615 5284 2756 5338 apud
2798 5282 3124 5338 Greaorium
3144 5282 3483 5338 Theoloaum
3531 5298 3668 5336 ora-

2095 5297 2337 5338 scrtbere
2367 5297 2582 5353 oportet
2615 5297 2756 5353 apud
2798 5297 3180 5353 Gregorium]
3195 5297 3483 5351 neclogum
3531 5298 3666 5336 ora-

2095 5354 2243 5425 tione
2257 5354 2347 5417 44,
2381 5370 2435 5423 p.
2470 5353 2572 5407 709
2593 5373 2619 5425 :7
2640 5354 2702 5407 Εί
2724 5354 2799 5425 μὴ
2840 5353 3182 5425 ὲκκακΟὖμεν
3202 5355 3258 5425 ἐν
3276 5355 3395 5416 ταῖς
3406 5352 3666 5425 θλίψεσι,

2095 5423 2312 5477 sublato
2343 5421 2735 5493 typographico
2779 5421 2978 5479 mendo
3002 5421 3373 5493 ὲκκαμούμεν.
3405 5421 3669 5493 Theodo—

2096 5494 2185 5546 riti
2209 5494 2332 5547 libri
2360 5490 2427 5546 ad
2459 5490 2700 5563 praesens
2743 5493 3044 5563 scripturae
3088 5490 3481 5563 testimonium,
3507 5490 3669 5548 Isaia

2094 5563 2253 5643 Liv,~l
2280 5603 2295 5628 ,
2326 5562 2540 5643 medica
2580 5579 2743 5618 manu
2774 5562 2918 5643 forte
2959 5564 3232 5643 indigent:
3276 5562 3667 5643 βυ-ερρᾴνθητι

2094 5632 2301 5703 στεῖρα
2328 5634 2365 5704 ἡ
2389 5636 2461 5689 οὐ
2484 5634 2791 5710 τίκτουσα.
2811 5635 2887 5690 Ού
2915 5633 3023 5706 γὰρ
3042 5632 3251 5687 ἔτικτεν
3267 5634 3302 5704 ἠ
3336 5632 3668 5705 Ἐκκλησίας
