3908 6172
431 261 543 317 335

1254 263 1311 318 S.
1354 263 1751 321 CLEMENTIS
1780 266 1799 320 l
1834 264 2001 321 ROM.
2042 264 2241 321 PONT.
2278 262 2508 319 UPERA
2538 260 2865 319 GENUINA.

3576 269 3697 339 335

437 374 767 445 cupiditate;
837 382 1001 446 atque
1045 377 1100 432 in
1144 378 1266 435 istis
1329 381 1588 450 operibus
1648 381 2009 438 conﬁteamur

2111 380 2459 453 ὁμολογῶμεν
2490 381 2581 435 τὸν
2612 379 2791 453 [Θεὸν]
2810 379 3054 452 (18),καὶ
3086 379 3160 451 μὴ
3178 380 3235 433 ὲν
3262 381 3374 443 τοῖς
3388 380 3690 447 ὲναντίοιςο

436 464 607 520 Deum
633 484 649 533 ;
681 482 790 523 non
812 476 993 523 autem
1025 469 1080 523 in
1101 472 1424 528 contrariis:
1462 488 1561 528 nec
1592 472 1818 528 timendi
1848 473 2006 529 nobis

2112 472 2207 525 καὶ
2225 473 2286 524 οὐ
2302 469 2382 524 δεῖ
2394 472 2540 544 ἡμᾶς
2555 471 2971 541 φοόεῖσθαιτοὺς
2986 469 3304 541 ἀνθρώπους
3316 471 3534 541 μᾶλλον,
3551 477 3692 533 ἀλλὰ

436 568 565 613 sttnt
597 558 867 620 homines.
893 560 986 617 sed
1013 563 1193 632 potius
1222 562 1385 619 Deus.
1439 563 1668 630 ldcirco,
1705 566 1864 621 nobis
1893 566 2007 621 haec

2107 564 2198 616 τὸν
2230 562 2361 617 Θεόν
2384 562 2513 635 (19).
2548 561 2692 637 Δ[ιὰ]
2713 563 2871 617 τοῦτο
2895 562 3067 618 ταῦτα
3086 564 3241 635 ἡμῶν
3262 564 3689 639 πρασσόν[των],

434 650 787 717 facientibus,
824 652 960 708 dixit
983 653 1280 712 Dominus:
1307 656 1367 712 Si
1397 658 1603 727 fueritis
1630 674 1831 712 mecum
1876 673 2004 713 con-

430 746 636 813 gregati
664 746 719 799 in
741 747 862 799 sinu
893 764 1026 812 meo,
1054 756 1103 802 et
1154 765 1257 803 non
1286 749 1517 819 feceritis
1564 750 1820 805 mandata
1865 767 2000 815 mea,

426 834 683 903 abjiciam
740 854 869 901 vos,
929 848 978 893 et
1032 840 1204 893 dicam
1257 841 1442 896 vobis:
1498 841 1758 896 Discedite
1803 859 1835 896 a
1887 858 2001 906 me;

432 926 606 980 nescio
633 944 721 983 vos
756 929 893 983 unde
931 932 1072 998 sitis,
1110 933 1339 1001 operarii
1366 933 1666 1005 iniquitatis
1696 935 1762 989 ”.

1039 1110 1267 1167 CAPUT
1315 1112 1381 1170 ν.

503 1195 677 1262 Unde,
712 1199 928 1265 fratres,
982 1200 1244 1258 derelicto
1292 1204 1480 1259 mundi
1533 1205 1696 1277 hujus
1734 1206 1996 1274 incolatu,

430 1286 697 1346 faciamus
728 1294 1061 1350 voluntatem
1094 1295 1216 1365 ejus
1246 1297 1340 1366 qui
1373 1299 1588 1352 vocavit
1617 1315 1751 1366 nos;
1807 1308 1861 1355 et
1888 1317 1999 1356 non

429 1397 716 1438 vereamur
744 1384 811 1439 de
842 1386 945 1441 hoc
974 1388 1179 1442 mundo
1202 1390 1372 1445 exire.
1403 1390 1492 1444 Ait
1518 1391 1663 1446 enim
1696 1390 1994 1450 Dominus:

428 1471 599 1528 Eritis
631 1476 767 1530 velut
797 1480 921 1548 agni
951 1479 1005 1533 in
1035 1480 1204 1535 medio
1227 1481 1490 1551 luporum.
1529 1482 1858 1551 Respondens
1901 1502 2000 1539 au-

428 1576 531 1621 tem
564 1567 753 1623 Petrus
770 1571 818 1625 ei
839 1571 1002 1627 dicit:
1028 1572 1089 1628 Si
1116 1591 1238 1644 ergo
1270 1576 1380 1644 lupi
1402 1592 1565 1646 agnos
1581 1576 1951 1647 discerpserint
1970 1582 1996 1635 .’

426 1658 473 1690 ”
502 1658 655 1714 Dixit
695 1659 852 1716 Jesus
890 1662 1048 1719 Petro
1104 1666 1217 1737 (20)
1252 1685 1266 1723 :
1321 1666 1405 1722 Ne
1459 1668 1674 1722 timeant
1712 1671 1835 1740 agni
1880 1679 1996 1739 post

2107 651 2259 709 εἶπεν
2302 656 2331 709 6
2368 654 2572 728 Κύριος
2590 672 2603 687 ⁸
2648 657 2787 711 Ἐὰν
2813 655 2920 724 ἦτε
2941 655 3069 724 μετ’
3096 655 3291 728 ἐμο[ῦ]
3321 657 3691 728 συνηγμένοι

2104 747 2175 801 ἐν
2200 747 2281 813 τῷ
2308 749 2512 811 κόλπῳ
2548 744 2740 819 μ[ου],
2771 747 2870 801 καὶ
2905 746 2992 817 μὴ
3034 746 3243 815 ποιῆτε
3287 751 3394 814 τὰς
3434 748 3692 819 ἐντολάς

2098 838 2291 913 μο[υ],
2320 838 2602 895 ἀποϐαλῶ
2642 838 2831 908 ὑμᾶς·
2889 838 2988 892 καὶ
3031 838 3145 907 ἐρῶ
3187 839 3361 909 ὑμῖν
3404 840 3692 911 Ὑπάγετε

2103 931 2205 984 ἀπ’
2245 931 2412 1000 ἐμοῦ,
2467 934 2576 985 οὐκ
2643 930 2775 985 οῖδα
2813 929 2969 1000 ὑμᾶς
3012 930 3197 985 πόθεν
3239 931 3401 998 ἕστε,
3446 932 3690 1004 ἐργάται

2104 1022 2373 1093 ἀνομίας.

2628 1124 3025 1178 ΚΕΦΑΛΑΙΟΝ
3063 1123 3139 1177 E'.

2176 1214 2356 1280 Ὅθεν,
2389 1215 2625 1287 ἀδελφοὶ,
2654 1216 3078 1285 καταλείψαντες
3108 1216 3209 1288 τὴν
3250 1216 3544 1288 παροικίαν
3588 1215 3689 1271 τοῦ

2103 1310 2306 1379 κόσμου
2336 1309 2547 1371 τούτου,
2566 1310 2879 1380 ποιήσωμεν
2907 1309 2967 1362 τὸ
2995 1308 3205 1380 θέλημα
3231 1308 3325 1361 τοῦ
3356 1308 3690 1373 καλέσαντος

2101 1402 2269 1473 ἡμᾶς,
2312 1402 2409 1456 καὶ
2456 1401 2529 1472 μὴ
2576 1400 2903 1472 φοϐηθῶμεν
2948 1399 3182 1464 ἐξελθεῖν
3230 1400 3296 1454 ὲκ
3335 1398 3429 1452 τοῦ
3477 1399 3686 1470 κόσμου

2100 1493 2308 1547 τούτου.
2342 1493 2502 1562 Λέγει
2532 1492 2640 1563 γὰρ
2669 1494 2698 1545 6
2725 1491 2926 1562 Κύριος
2950 1509 2964 1522 ·
3013 1493 3271 1546 Ἕσεσθε
3299 1492 3379 1556 ὠς
3406 1492 3583 1559 ἀρνία
3613 1492 3690 1544 ὲν

2094 1586 2261 1656 μέσῳ
2287 1586 2509 1640 λύκων.
2542 1584 2903 1653 Ἀποκριθεὶς
2920 1581 2988 1636 δὲ
3016 1586 3047 1637 ὀ
3068 1584 3289 1650 Πέτρος
3306 1581 3466 1647 αὐτῷ
3494 1581 3683 1651 λέγειν

2116 1678 2255 1732 Ἐὰν
2305 1677 2417 1731 οὖν
2460 1674 2953 1744 διασπαράξωσιν
2995 1677 3049 1728 οί
3106 1675 3284 1728 λύκοι
3336 1672 3409 1727 τὰ
3464 1673 3686 1740 ἀρνία;

427 1763 651 1807 mortem
687 1770 843 1809 suam
879 1755 1027 1824 lupos
1046 1770 1065 1809 :
1098 1765 1147 1811 et
1164 1774 1251 1812 vos
1280 1758 1439 1813 nolite
1467 1760 1649 1814 timere
1675 1778 1761 1814 eos
1795 1764 1885 1831 qui
1906 1779 1995 1816 oc-

2100 1770 2285 1823 Εἷπεν
2311 1771 2344 1822 ὀ
2386 1767 2621 1837 Ἰησοῦς
2648 1765 2729 1832 τῷ
2756 1765 2957 1834 Πέτρῳ
2974 1784 2988 1797 ’
3023 1764 3121 1834 Μὴ
3168 1764 3581 1834 φοϐείσθωσαν
3609 1766 3687 1820 τὰ

423 1844 605 1898 sidunt
634 1862 742 1909 vos,
781 1856 832 1901 et
861 1845 1043 1919 [post]
1075 1848 1209 1902 nihil
1238 1850 1379 1904 vobis
1413 1862 1631 1919 passum
1655 1852 1868 1921 facere;
1905 1854 1996 1909 sed

424 1937 600 1992 timete
625 1954 766 2001 eum,
786 1941 876 2010 qui
898 1950 1175 2010 postquam
1197 1943 1392 1995 mortui
1420 1943 1649 2007 fueritis,
1673 1944 1824 1999 habet
1852 1955 1999 2014 pote-

422 2038 614 2084 statem
666 2032 857 2085 animle
885 2043 935 2086 et
988 2036 1246 2101 corporis,
1291 2044 1348 2088 ut
1391 2036 1569 2089 mittat
1605 2037 1659 2090 in
1712 2037 1993 2107 gehennam

425 2122 560 2191 ignis
585 2122 651 2178 ".
677 2121 741 2177 Et
772 2124 987 2188 scitote,
1012 2125 1233 2191 fratres,
1257 2127 1404 2197 quod
1422 2128 1788 2198 peregrinatio
1811 2131 1996 2186 carnis

424 2212 590 2283 hujus
616 2213 669 2267 in
693 2214 797 2269 hoc
818 2216 1043 2281 mundo,
1076 2218 1256 2273 brevis
1287 2227 1371 2274 est
1400 2235 1466 2274 ac
1512 2220 1661 2290 parvi
1694 2223 1993 2291 temporis;

421 2308 714 2375 promissio
746 2317 927 2365 autem
957 2310 1185 2373 Christi,
1220 2326 1414 2381 magna
1445 2322 1499 2367 et
1523 2310 1859 2370 admirabilis
1886 2323 1992 2379 est,

421 2406 586 2467 atque
623 2401 841 2470 requies
898 2400 1067 2457 futuri
1101 2403 1252 2473 regni
1283 2420 1348 2458 ac
1404 2403 1529 2460 vita:
1564 2412 1800 2461 αξιοι-ηαξ.
1851 2406 1993 2472 Quid

421 2488 589 2559 igitur
613 2489 883 2557 faciendo,
920 2508 985 2549 ea
1010 2496 1271 2565 consequi
1300 2496 1621 2565 poterimus,
1658 2498 1765 2553 nisi
1804 2506 1992 2555 sancte

418 2590 679 2653 justeque
715 2584 949 2641 vivendo
976 2600 1041 2641 ac
1095 2587 1405 2657 operando,
1442 2595 1496 2643 et
1550 2589 1823 2643 mundana
1876 2589 1989 2646 haec

424 2678 681 2743 tanquam
715 2675 893 2729 aliena
925 2678 1183 2746 putando,
1233 2694 1333 2733 nec
1366 2679 1457 2733 illa
1509 2682 1993 2752 concupiscendo?

421 2761 558 2818 Dum
605 2767 750 2821 enim
780 2766 897 2837 ipsa
948 2768 1230 2839 possidere
1276 2772 1741 2843 concupiscimus,
1784 2774 1992 2830 excidi-

418 2871 543 2913 mus
571 2872 603 2911 a
632 2859 716 2913 via
738 2860 909 2929 justa.

2100 1862 2276 1929 ἀρνία
2307 1859 2447 1925 τοὺς
2474 1860 2701 1924 λύκους
2720 1857 2872 1927 μετὰ
2899 1857 2961 1910 τὸ
2994 1855 3320 1911 ἀποθανεῖν
3347 1854 3532 1909 αὐτάσ
3580 1857 3685 1911 και

2099 1952 2267 2023 ὑμεῖς
2288 1951 2374 2021 μὴ
2402 1950 2678 2020 φοϐεῖσθε
2707 1948 2849 2015 τοὺς
2880 1948 3347 2013 ἀποκτείνοντας
3374 1946 3549 2017 ὑμᾶς,
3580 1947 3688 2002 καὶ

2091 2043 2287 2114 μηδὲν
2305 2042 2447 2113 ὑμῖν
2474 2041 2847 2110 δυναμένους
2859 2039 3071 2103 ποιεῖν,
3085 2039 3247 2094 ἀλλὰ
3272 2040 3547 2109 φοϐεῖσθε
3570 2039 3689 2095 τὸν·

2090 2137 2242 2206 μετὰ
2268 2136 2331 2189 τὸ
2360 2133 2683 2189 ἀποθανεῖν
2700 2130 2875 2201 ὑμᾶς,
2906 2132 3123 2201 έχοντα
3151 2131 3441 2196 ἐξουσίαν
3468 2129 3685 2199 ψυχῆς

2091 2229 2188 2282 καὶ
2216 2227 2487 2297 σώματος
2505 2265 2519 2289 ,
2550 2225 2655 2279 τοῦ
2681 2223 2901 2289 ,βαλεῖν
2929 2225 3016 2289 είς
3053 2223 3309 2292 γέενναν
3336 2224 3542 2290 πυρός.
3566 2222 3683 2277 Καὶ

2089 2319 2405 2389 γινώσκετε,
2424 2318 2662 2386 ἀδελφοὶ,
2685 2316 2767 2369 ὅτι
2798 2317 2830 2386 ἡ
2848 2315 3112 2387 ἐπιδημία
3136 2317 3192 2367 ὲν
3208 2314 3285 2385 τῷ
3300 2315 3489 2385 κόσμῳ
3503 2317 3681 2385 τούτῳ

2089 2413 2187 2483 τῆς
2213 2410 2413 2482 σαρκὸς
2441 2408 2643 2480 ταύτης
2678 2407 2851 2480 μικρά
2890 2408 3037 2460 ἐστιν
3077 2407 3172 2460 καὶ
3217 2406 3599 2478 ὀλιγοχρόνιος,
3643 2408 3680 2477 ὴ

2094 2502 2151 2557 δὲ
2196 2501 2498 2571 ἐπαγγελία
2554 2500 2648 2555 τοῦ
2698 2499 2935 2573 Χριστοῦ
2983 2498 3191 2571 μεγάλη
3236 2500 3332 2553 καὶ
3387 2498 3679 2569 θαυμαστή

2096 2596 2264 2659 ἐστιν,
2307 2595 2401 2647 καὶ
2449 2592 2752 2655 ἀνάπαυσις
2794 2592 2895 2663 τῆς
2939 2590 3237 2663 μελλούσης
3269 2590 3541 2661 βασιλείας
3580 2589 3683 2645 καὶ

2097 2685 2239 2755 ζωῆς
2259 2686 2474 2747 αἰωνίου
2498 2686 2627 2755 (21).
2661 2685 2725 2737 Τί
2754 2680 2844 2737 οὖν
2874 2683 3018 2737 ἔστιν
3046 2684 3377 2754 ποιήσαντας
3403 2681 3683 2751 ἐπιτυχεῖν

2098 2778 2295 2840 αὐτῶν,
2331 2779 2378 2829 εί
2409 2778 2482 2849 μὴ
2514 2777 2574 2829 τὸ
2601 2777 2763 2839 ὁσίως
2792 2775 2902 2847 (22)
2946 2776 3040 2830 καὶ
3080 2774 3300 2838 δικαίως
3343 2771 3685 2843 ἀναστρέφε-

2105 2868 2247 2932 σθαι,
2280 2869 2374 2925 καὶ
2398 2867 2467 2920 τὰ
2511 2866 2749 2939 κοσμικὰ
2795 2866 2967 2921 ταῦτα
3005 2866 3081 2929 ὡς
3107 2866 3360 2937 ἀλλότρια
3402 2862 3678 2935 ἡγεῖσθαι,

415 2950 512 3005 καὶ
545 2951 618 3024 μὴ
646 2950 927 3023 ἐπιθυμεῖν
956 2954 1165 3020 absint;
1199 2956 1257 3010 ὲν
1311 2953 1420 3027 γὰρ
1460 2955 1536 3027 τῷ
1592 2956 1877 3028 ἐπιθυμεῖν
1927 2958 2074 3029 ἡμᾶς
2102 2958 2406 3031 κτήσασθαι
2435 2958 2628 3023 ταῦτα,
2667 2941 3097 3031 ἀποπίπτομῘεν]
3139 2958 3239 3030 τῆς
3285 2955 3407 3010 ὁδοῦ
3448 2955 3548 3028 τῆς
3594 2955 3683 3008 δι-

416 3041 596 3106 καίας.

1028 3136 1258 3193 CAPUT
1290 3137 1379 3195 Vl.

490 3221 633 3278 Dicit
653 3232 834 3282 autem
860 3225 1158 3285 Dominus:
1192 3228 1390 3285 Nullus
1416 3248 1593 3287 servus
1639 3242 1807 3303 potest
1852 3233 1987 3290 duo-

415 3315 512 3371 bus
536 3316 764 3373 dominis
795 3322 987 3376 servire
1007 3322 1071 3378 ".
1118 3322 1175 3376 Si
1202 3338 1304 3378 nos
1334 3323 1586 3379 volumus
1613 3334 1668 3381 et
1710 3326 1820 3381 Deo
1872 3344 1987 3382 ser—

415 3410 523 3465 vire
564 3420 613 3465 et
632 3429 912 3479 mamonw,
956 3414 1147 3469 inutile
1168 3415 1326 3471 nobis
1345 3424 1447 3471 est.
1472 3416 1606 3471 Nam
1623 3436 1739 3489 qua:
1756 3421 1985 3484 utilitas,

414 3503 463 3556 si
485 3504 601 3573 quis
636 3506 933 3561 universum
967 3507 1221 3561 mundum
1251 3508 1501 3574 lucretur,
1538 3512 1771 3565 animam
1810 3522 1986 3567 autem

414 3592 727 3651 detrimento
741 3599 931 3667 a/ﬁciat
946 3600 988 3631 "
1006 3599 1028 3651 ?
1049 3598 1220 3655 Porro
1242 3600 1344 3655 hoc
1366 3602 1625 3655 mulum
1657 3611 1710 3658 et
1742 3604 1983 3658 futurum

415 3694 546 3740 sunt
568 3687 675 3742 duo
706 3689 934 3747 inimici.
966 3690 1099 3747 Illud
1131 3693 1392 3762 praedicat
1420 3693 1769 3760 adulterium,
1795 3710 1991 3750 corru-

417 3778 641 3847 ptelam,
665 3782 949 3835 avaritiam
975 3791 1027 3837 et
1052 3782 1327 3839 fraudem:
1348 3785 1452 3840 hoc
1472 3802 1603 3842 vero
1625 3788 1749 3843 istis
1778 3804 1978 3844 renun-

412 3868 537 3925 tiat.
593 3868 713 3925 Non
771 3888 901 3944 ergo
940 3890 1232 3945 possumus
1274 3877 1558 3932 amborum
1610 3880 1769 3935 amici
1822 3897 1982 3937 esse:

410 3968 630 4030 Oportet
662 3971 842 4017 autem
872 3975 931 4019 ut
955 3966 1033 4021 illi
1064 3967 1456 4032 valedicentes,
1485 3970 1589 4025 hoc
1612 3979 1852 4026 utamur.
1876 3971 1987 4025 Pu-

412 4062 596 4113 temus
628 4058 825 4113 melius
886 4074 1041 4125 esse,
1091 4076 1213 4130 qua:
1264 4060 1353 4115 hic
1408 4069 1537 4116 sunt
1590 4063 1809 4127 odisse,
1856 4063 1983 4133 quia

412 4162 583 4220 parva
624 4156 680 4206 et
728 4151 910 4223 exigui
944 4153 1206 4223 temporis
1258 4160 1313 4208 et
1354 4154 1697 4224 corruptioni
1742 4156 1984 4213 obnoxia

2625 3143 3022 3197 ΚΕΦΑΛΑῙΟΝ
3050 3141 3118 3207 C."
3128 3180 3145 3197 .

2160 3233 2323 3302 Λέγει
2348 3234 2404 3289 δὲ
2431 3236 2458 3288 6
2491 3234 2693 3307 Κύριος
2712 3252 2724 3266 ·
2761 3234 2969 3300 Οὐδείς
2995 3235 3230 3301 οἰκέτης
3254 3230 3502 3286 δύναται
3529 3229 3685 3286 δυσὶ

2090 3326 2318 3393 κυρίοις
2347 3324 2732 3399 δουλεύε[ιν].
2791 3326 2914 3379 Ἐὰν
2959 3326 3119 3395 ἡμεῖς
3148 3323 3390 3394 θέλωμεν
3431 3323 3525 3375 καὶ
3554 3321 3681 3394 Θεῷ

2087 3416 2405 3489 δ[ουλ]εύειν
2436 3418 2530 3473 καὶ
2553 3419 2787 3489 μαμωνᾷ
2808 3417 2942 3489 (25),
2971 3414 3335 3488 ἀσύμφο[ρ]ον
3356 3416 3484 3485 ἡμῖν
3503 3415 3677 3469 ἐστιν.

2096 3509 2157 3562 Τί
2184 3508 2293 3581 γὰρ
2322 3509 2386 3563 τὸ
2418 3509 2660 3579 ὄφελος,
2688 3509 2799 3562 ἐάν
2825 3527 2915 3575 τις
2945 3508 3051 3562 τὸν
3080 3508 3227 3561 ὅλον
3269 3508 3499 3575 κόσμον
3537 3524 3680 3575 κερ-

2078 3592 2271 3670 δήσῃ,
2304 3600 2420 3669 τὴν
2445 3601 2513 3655 δὲ
2538 3600 2750 3670 ψυχὴν
2765 3598 3019 3670 ζημιωθῇ
3050 3599 3184 3670 (24);
3217 3600 3402 3652 Ἔστιν
3433 3598 3489 3651 δὲ
3513 3591 3682 3663 οὗτος

2091 3695 2121 3746 6
2138 3694 2269 3748 αἰὼν
2289 3694 2382 3747 καὶ
2400 3696 2429 3747 6
2461 3693 2668 3764 μέλλων
2698 3692 2789 3745 δύο
2806 3691 3011 3764 ἐχθροί.
3040 3683 3208 3754 Οὗτος
3227 3689 3377 3759 λέγει
3400 3690 3677 3761 μοιχείαν,

2090 3787 2186 3839 καὶ
2227 3786 2455 3858 φθορὰν,
2487 3787 2581 3839 καὶ
2636 3785 3019 3857 φιλαργυρίαν,
3058 3785 3151 3837 καὶ
3181 3783 3395 3854 ἀπάτην
3419 3799 3432 3813 ⁸
3464 3784 3679 3846 ἐκεῖνος

2087 3876 2143 3931 δὲ
2161 3877 2369 3941 τούτοις
2388 3878 2772 3931 ἀποτάσσεται.
2792 3878 2867 3931 Οὐ
2886 3876 3161 3948 δυνάμεθα
3176 3872 3269 3929 οὗν
3288 3876 3395 3928 τῶν
3414 3874 3507 3927 δύο
3526 3874 3677 3942 φίλοι

2087 3964 2226 4024 εἶναι
2249 3987 2263 4001 σ
2293 3970 2373 4023 δεῖ
2398 3970 2454 4023 δὲ
2474 3972 2620 4042 ἡμᾶς
2647 3970 2820 4041 τούτῳ
2848 3970 3290 4041 ἀποταξαμένους
3319 3969 3513 4039 ἐκείνῳ
3542 3967 3682 4037 χρᾶ-

2090 4061 2214 4116 σθαι
2244 4061 2376 4134 (25).
2408 4061 2663 4135 Οίώμεθα
2694 4064 2776 4117 ὅτι
2805 4062 3009 4133 βέλτιόν
3044 4064 3191 4115 ἐστιν
3230 4060 3299 4114 τὰ
3342 4059 3527 4114 ἐνθάδε
3576 4073 3675 4127 μι-

2090 4156 2273 4226 σῆσαι,
2292 4156 2372 4208 ὅτι
2395 4155 2567 4228 μικρὰ
2593 4156 2687 4210 καὶ
2717 4155 3074 4227 ὀλιγοχρόνια,
3096 4155 3190 4208 καὶ
3218 4151 3432 4223 φθαρτά
3448 4168 3461 4181 ·
3485 4152 3677 4203 ἐκεῖνα

486 4307 533 4343 ⁵³
563 4308 753 4363 Matth.
795 4326 894 4375 vn,
923 4311 1026 4374 23;
1060 4308 1193 4365 Luc.
1227 4310 1454 4365 xm.27.
1530 4309 1577 4340 ’⁸
1596 4307 1784 4365 Matth.
1815 4309 1986 4375 1,16;

2102 4326 2151 4365 c.
2177 4327 2233 4377 ι,
2280 4312 2337 4366 5.
2416 4309 2673 4364 "Matth.
2707 4326 2763 4372 ι,
2794 4309 2883 4377 28;
2914 4308 3048 4364 Luc.
3078 4324 3175 4376 xu,
3205 4306 3261 4372 4,
3281 4306 3334 4360 5.
3400 4305 3448 4337 "
3470 4304 3669 4362 Matth.

412 4394 491 4443 νι,
521 4379 614 4442 24;
645 4379 781 4436 Luc.
810 4382 1033 4443 xw,13.
1107 4382 1152 4412 ⁸⁷
1176 4379 1366 4436 Matth.
1391 4396 1502 4443 XVI,
1530 4379 1621 4434 26.

1759 4513 2125 4572 VARIORUM
2163 4511 2395 4568 NOTAE.

482 4676 594 4747 (18)
629 4676 739 4730 Τὸν
755 4676 920 4731 Θεόν.
939 4673 1185 4729 Articulo
1204 4674 1295 4726 τόν
1319 4688 1480 4743 quem
1504 4673 1700 4729 Junius
1724 4674 1974 4744 praeﬁxit,
2005 4676 2009 4730 ;

482 4748 651 4800 atium
678 4746 733 4800 in
756 4762 859 4800 ms.
887 4760 995 4799 non
1018 4745 1199 4799 datur.
1221 4742 1383 4798 Μιιι..
1568 4752 1575 4761 ·

2102 4738 2125 4756 Ἴ
2151 4669 2262 4732 (22)
2294 4671 2364 4724 El
2385 4668 2475 4792 ,ιω
2498 4669 2565 4723 τὸ
2596 4670 2797 4735 ὁσίως.
2826 4668 2980 4740 Legit
3006 4669 3139 4753 pay.
3172 4670 3221 4723 ei
3249 4669 3328 4791 μὴ
3355 4668 3435 4740 τῷ
3462 4671 3649 4754 ὁσίως.

2100 4745 2351 4794 Lautorum
2479 4746 2577 4793 ott.
2611 4756 2679 4793 ex
2723 4756 2827 4795 ms.
2886 4747 3128 4795 restituit
3181 4742 3383 4803 ὁσως,
3412 4748 3526 4795 tam
3570 4744 3649 4799 Inc

408 4742 651 4819 spatium
678 4746 733 4819 in
756 4762 859 4800 ms.
887 4760 995 4819 non
1018 4745 1199 4819 datur.
1221 4742 1383 4819 hinc.

484 4817 594 4887 (19)
616 4814 886 4878 Μᾶλλον,
916 4816 1076 4887 ἀλλά
1103 4814 1209 4887 τρν
1229 4816 1399 4887 Θεόν.
1420 4812 1594 4887 _Wutt.
1626 4812 1980 4887 Boisiumse-

410 4883 616 4950 cutus,
649 4893 803 4954 putat
854 4885 939 4954 vel
970 4884 1261 4938 delendum
1312 4883 1531 4954 μᾶλλον,
1575 4884 1657 4938 vel
1692 4883 1980 4954 legendum

415 4901 616 4950 cutus,
688 4901 803 4939 utat
854 4901 939 4939 vei
970 4901 1261 4938 delendum
1312 4901 1531 4954 μαλλον,
1575 4901 1657 4938 vel
1692 4901 1980 4954 tegendum

415 4956 618 5029 μᾶλλον
649 4901 684 5026 ε
712 4955 821 5008 τόν.
854 4953 994 5029 Birr.
1022 4964 1200 5029 tamen
1218 4968 1326 5029 non
1345 4954 1747 5029 sollicitandam
1773 4968 1874 5029 ms.
1909 4954 1984 5029 le—

409 5022 653 5082 ctionem
673 5022 1001 5078 contendit:
1040 5041 1058 5073 ι
1087 5022 1177 5077 Sic
1228 5023 1373 5077 enim
1418 5022 1563 5082 fere.
1597 5023 1805 5091 inquit,
1845 5023 1984 5077 infra

406 5111 545 5175 cap.
572 5096 640 5149 10
666 5112 677 5147 :
706 5095 817 5175 Καὶ
852 5091 1150 5175 ῥιώξωμενη
1177 5093 1375 5175 μᾶλλον
1402 5092 1502 5175 τὴν
1538 5093 1738 5175 ἀρετὴν
1758 5132 1773 5156 ,
1802 5094 1901 5175 τὴν
1929 5092 1985 5175 δε

412 5160 613 5219 καὶιίαν
643 5160 1073 5233 καταλείιςμωμενἔ
1118 5160 1225 5216 Sed
1276 5170 1329 5217 et
1378 5160 1521 5217 male
1579 5160 1987 5233 distinguebant

410 5244 540 5289 ante
574 5233 773 5306 μᾶλλον
821 5231 995 5306 prius.
1018 5231 1137 5306 ‘Sic
1171 5233 1347 5306 igitur,
1382 5231 1849 5306 interpungendus
1895 5232 1985 5285 hic

414 5300 596 5375 locus:
629 5305 739 5375 Kal.
770 5300 964 5375 Δούδεζ
1007 5303 1155 5375 ᾐμᾶς
1180 5300 1474 5375 έροὸεῖσθαι
1507 5300 1985 5375 τοὺσάνθρώπους

417 5370 795 5442 asumma:
823 5372 912 5425 τὸν
931 5369 1082 5424 Θεὸν.
1116 5390 1137 5423 s
1172 5369 1341 5426 GALL.

482 5443 595 5512 (20)
629 5441 942 5512 Secundum
964 5442 1343 5512 apocryphum
1368 5440 1586 5512 aliquod
1608 5440 1980 5512 Evangelium.

485 5508 599 5581 (21)
628 5511 906 5582 Αιωνίου.
952 5508 1189 5582 Ojnnin'o
1237 5508 1525 5582 legendum
1563 5508 1812 5582 aitbgtoéz
1851 5510 1983 5563 ἀνά-

412 5578 613 5650 παυσις
720 5580 954 5650 αἰώνιος.
981 5578 1133 5634 Hanc
1161 5578 1313 5650 enini
1328 5581 1555 5650 opponit
1583 5580 1641 5635 S.
1673 5579 1835 5635 Pater
1861 5581 1982 5633 ὲπι-

408 5645 582 5723 δημία
610 5650 676 5719 τῇ
705 5651 763 5723 ὲν
788 5649 868 5723 τῷ
895 5648 1082 5723 ζόσμῳ
1107 5648 1298 5720 τούτῳ,
1329 5645 1490 5719 quam
1537 5650 1737 5723 μικρὰν
1775 5657 1829 5706 et
1867 5651 1979 5704 ὀλι-

417 5717 691 5788 γοχρόνιον
712 5717 869 5773 dixit.
904 5717 1034 5783 DN.

2086 4738 2351 4794 Caeterum
2407 4738 2577 4793 Wott.
2611 4756 2679 4793 ex
2723 4756 2827 4795 ms.
2886 4738 3128 4795 restituit
3181 4738 3526 4800 ὁσίως,ὶ³ιη
3570 4744 3661 4799 hic

2088 4825 2253 4881 quam
2291 4809 2487 4881 capp.76
2512 4810 2674 4881 epist.
2710 4809 2767 4881 i,
2795 4809 2888 4881 ubi
2928 4809 3056 4866 Jun.
3106 4825 3230 4881 cum
3266 4809 3429 4881 editis
3468 4820 3676 4881 praeter

2087 4878 2318 4933 Londiu.
2353 4880 2515 4933 habet
2536 4878 2714 4943 θείως,
2746 4879 2892 4933 facili
2915 4896 3099 4934 errore
3148 4880 3219 4934 ub
3248 4878 3667 4938 similitudinem

2087 4950 2388 5004 litterarum
2413 4951 2454 5002 Ο
2482 4958 2537 5003 et
2567 4952 2629 5011 Θ,
2672 4965 2735 5003 ac
2771 4952 2809 5003 Σ
2837 4958 2889 5004 et
2917 4951 2977 5003 E.
3015 4949 3182 5004 GALL.

2155 5019 2266 5100 (25)
2296 5018 2573 5100 Μαμωνςξ.
2614 5019 2705 5073 Sic
2734 5036 2841 5100 _ms.
2865 5020 3067 5100 "cedes
3086 5035 3286 5100 cum}.
3310 5018 3570 5100 simplici.
3600 5019 3671 5076 Et

2155 5036 2266 5100 (κο)
2296 5036 2573 5088 manum.
2614 5036 2705 5073 me
2740 5036 2841 5074 ms.
2896 5036 3067 5074 coaex
3095 5036 3286 5143 cum;
3310 5036 3570 5099 simpucn.
3600 5036 3667 5076 nt

2083 5089 2303 5160 quidem
2336 5098 2503 5143 recte.
2541 5087 2613 5142 Ita
2659 5091 2822 5160 enim,
2865 5088 3192 5160 Hesychius,
3271 5089 3450 5151 utdas,
3481 5088 3667 5160 Ducas

2082 5158 2137 5215 et
2162 5160 2321 5213 codd.
2355 5161 2598 5229 plerique
2615 5162 2754 5228 apud
2782 5158 3109 5214 Matthaéum.
3138 5159 3214 5213 Ita
3240 5160 3481 5229 denique
3506 5158 3667 5215 Pmni

2083 5230 2513 5354 eronuntiarunt
2546 5250 2558 5283 :
2594 5231 2667 5283 ita
2701 5230 2907 5300 Syrus,
2936 5230 3097 5299 cujus
3144 5232 3344 5301 lingua:
3388 5245 3495 5284 vox
3531 5230 3664 5286 ista.

2142 5316 2245 5353 lLL.
3253 5315 3268 5337 .

2142 5316 2245 5353 ιιι..
3253 5315 3268 5337 ι

2154 5368 2269 5439 (24)
2299 5369 2592 5438 Ζημιωθῇ.
2626 5367 2706 5439 [ιιι
2747 5369 2880 5426 Mill.
2923 5388 2990 5426 ex
3032 5386 3136 5427 ms.
3179 5377 3241 5423 ut
3277 5369 3419 5439 apud
3462 5366 3661 5425 Matth.

2074 5438 2194 5503 xvi,
2231 5439 2320 5503 26,
2355 5456 2455 5509 pro
2484 5457 2593 5509 quo
2632 5438 2761 5496 Jun.
2794 5456 2920 5495 cum
2950 5443 3137 5503 editis,
3191 5455 3263 5494 ne
3294 5438 3663 5495 Wottoniano

2078 5510 2298 5584 quidem
2341 5518 2588 5584 excepto,
2640 5509 2913 5584 ζημιώσῃ.
2966 5510 3165 5584 Sicque
3212 5509 3503 5581 legendum
3534 5524 3666 5565 esse

2078 5528 2298 5589 quidem
2341 5528 2588 5579 excepto,
2640 5528 2877 5633 ςηειωστ

2078 5581 2315 5643 conjecut
2351 5581 2509 5633 etiam
2540 5580 2671 5634 Dav.
2754 5596 2877 5635 Αιι..

2152 5649 2264 5717 (25)
2298 5647 2581 5716 Xde’Oa-i.
2635 5646 2764 5703 Mill.
2814 5659 2871 5705 et
2906 5650 3077 5706 Wott.
3112 5650 3374 5707 exhibent
3428 5664 3501 5707 ex
3546 5663 3659 5707 ms.

2072 5714 2310 5790 χρᾶσθαι
2338 5714 2437 5789 pro
2482 5718 2738 5791 χρῆσθαι,
2770 5720 2917 5793 quod
2939 5722 3141 5779 habent
3164 5723 3316 5778 editi.
3340 5720 3421 5779 In.
