3908 6172
396 357 498 414 3'?!
1200 351 1257 409 S.
1290 352 1737 410 CLEMENTlS-l
1770 354 1936 411 ROM.
1975 353 2178 411 PONT.
2216 344 2445 409 OPERA
2478 341 2806 409 GENUINA‘.
3558 346 3667 403 559

393 491 571 549 vero,
612 472 762 536 ﬁdei
797 468 1138 535 Catholica:
1168 467 1374 531 hostis
1404 469 1679 549 gloriam
1711 471 2029 551 propriam
2060 470 2386 553 quaesivit,
2420 470 2552 535 imo
2582 468 2891 533 Ecclesia:
2926 465 3468 543 humiliationem,
3507 467 3661 529 dum

391 573 769 638 thesaurum
798 567 1249 633 absconditum
1289 577 1632 632 reserarat.

469 673 649 737 Beati
674 672 942 753 quidem
973 666 1325 733 Clementis
1353 668 1676 747 Epistolas
1706 668 1789 730 ad
1834 672 2142 749 Virgines,
2176 668 2485 731 laudibus
2514 666 2797 741 extulit;
2828 665 2970 737 sed,
3001 684 3148 729 cum
3181 665 3376 730 simul
3420 668 3510 729 im
3524 682 3660 727 ma-

388 775 663 837 culatam
693 770 926 836 Christi
960 783 1264 847 sponsam
1308 767 1629 829 conviciis
1658 768 2022 847 impeteret,
2055 767 2501 832 adversarium
2545 765 2780 830 Christi
2816 780 2887 829 se
2917 766 3165 851 detegit
3195 773 3257 830 et
3282 767 3663 829 ministrum

387 877 656 947 Satanas,
687 872 801 952 qui
831 868 1238 947 transﬁgurat
1266 884 1336 928 se
1369 867 1437 928 in
1467 867 1771 947 angelum
1805 867 1970 931 lucis
1995 868 2037 930 ³.

465 978 606 1038 Non
638 989 863 1036 omnes
894 971 1007 1051 qui
1040 972 1219 1030 extra
1253 965 1607 1029 Ecclesiam
1631 976 1806 1042 sunt,
1828 967 2052 1031 hostili
2083 965 2605 1046 semper‘spiritu
2634 964 3015 1047 loquuntur.
3048 966 3285 1030 Junius
3314 968 3652 1045 Patricius,

386 1072 810 1148 Oxoniensis,
832 1069 1024 1132 aliam
1054 1084 1317 1153 Operam
1370 1075 1579 1137 sancti
1641 1074 1989 1139 Clementis
2031 1074 2395 1154 publicans,
2430 1074 2499 1136 in
2536 1073 2890 1137 Ecclesiam
2922 1077 3271 1137 Romanam
3305 1092 3436 1139 non
3468 1075 3656 1140 inve-

384 1178 607 1251 hitur;
638 1191 784 1255 quae
840 1172 1154 1239 catholica
1214 1185 1475 1241 sanctus
1502 1177 1804 1247 Clemens
1836 1196 2092 1258 semper
2122 1179 2302 1254 dicit,
2340 1194 2675 1257 nunquam
2720 1178 2791 1240 in
2844 1176 3205 1241 Catholicos
3272 1179 3651 1260 detorquet;

382 1282 489 1344 his
519 1296 665 1360 quae
717 1277 797 1340 ad
834 1294 1052 1357 pacem
1090 1277 1561 1339 restituendam
1613 1285 1873 1340 sanctus
1934 1278 2228 1341 Clemens
2260 1277 2523 1357 profert,
2575 1278 2656 1340 ad
2685 1278 3079 1341 seditionem
3116 1277 3645 1361 discordiamque

383 1382 809 1463 spargendam
847 1378 1087 1443 nullibi
1116 1378 1445 1453 abutitur;
1480 1380 1549 1441 in
1586 1383 1830 1441 Petram
1883 1378 2187 1442 Ecclesiae
2215 1379 2544 1442 immotam
2573 1378 2767 1442 inferi
2794 1386 3009 1458 portas
3040 1395 3446 1444 commovere
3502 1398 3637 1445 non

382 1492 607 1547 tentat.

452 1586 739 1649 ‘Veniam
764 1584 967 1663 igitur
987 1582 1065 1645 ab
1101 1582 1409 1645 omnibus
1446 1584 1850 1660 orthodoxis,
1883 1584 2243 1664 praesertim
2285 1602 2437 1646 vero
2468 1601 2503 1647 a
2534 1590 2596 1647 te
2628 1599 2846 1664 spero,
2878 1582 3259 1646 fidelissime
3306 1583 3654 1659 Prmsul,si

377 1686 634 1749 beatum
656 1684 1052 1748 Clementem
1078 1682 1367 1762 virgines
1395 1684 1837 1765 alloquentem
1884 1687 2080 1748 novis
2126 1684 2479 1765 producam
2518 1692 2581 1749 et
2611 1683 3047 1765 dignioribus,
3081 1683 3437 1746 dummodo
3491 1683 3654 1745 mihi

377 1809 504 1854 non
538 1790 831 1863 illudam,
866 1788 1263 1849 ornamentis
1293 1789 1622 1854 vestitum.
1652 1798 1713 1852 et
1749 1789 1807 1853 si
1845 1808 2111 1853 sensum
2141 1788 2491 1854 verborum
2525 1788 2668 1871 ejus
2694 1805 2732 1852 a
2765 1785 3081 1852 Wetstini
3110 1784 3653 1860 interpretatione

375 1915 639 1977 prorsus
671 1897 981 1968 alienum,
1013 1908 1145 1956 non
1170 1892 1371 1955 semel
1417 1911 1753 1974 usurpem.
2032 1976 2035 1977 ν

457 2002 643 2073 Nunc
672 1998 834 2079 quid
867 1997 937 2058 in
967 1994 1084 2056 hac
1116 1992 1555 2071 publicatione
1589 1995 1987 2060 intenderim
2022 1997 2149 2077 piis
2180 1999 2484 2062 omnibus
2517 1995 2870 2061 lectoribus
2902 1993 3226 2058 declarare
3257 2010 3471 2073 opera
3502 2011 3653 2074 pre-

376 2103 540 2166 tium
565 2103 820 2182 judico.
850 2099 1067 2162 fusius
1098 2098 1168 2158 in
1188 2100 1433 2177 prmia
1461 2098 1916 2164 dissertatione
1947 2102 2394 2167 discussurus.

456 2206 697 2265 Doctus
725 2202 976 2273 Binius,
1039 2198 1155 2278 qui
1187 2198 1503 2262 scribebat
1541 2201 1658 2264 diu
1686 2210 2033 2284 antequam
2092 2206 2548 2268 invenirentur
2604 2202 2913 2282 Epistolas
2961 2200 3163 2265 sancti
3193 2200 3541 2265 Clementis
3568 2200 3654 2262 ad

380 2308 694 2384 Virgines,
720 2318 1030 2381 expresse
1072 2303 1415 2381 proﬁtetur
1446 2323 1555 2367 eas
1592 2308 1959 2383 exstitisse,
1983 2313 2439 2391 canonicasquc
2466 2310 2672 2373 fuisse
2704 2306 3080 2389 appellatas,
3101 2307 3272 2370 sicut
3293 2306 3652 2386 Epistolam

375 2405 649 2487 primam
686 2403 765 2466 ad
797 2402 1194 2476 Corinthios,
1230 2405 1387 2483 quia
1415 2405 1476 2466 in
1512 2406 1804 2470 fidelium
1855 2410 2124 2473 cmtibus
2155 2410 2559 2492 legebantur.

458 2505 577 2566 Hic
608 2520 727 2583 ego
750 2510 997 2564 tantum
1028 2502 1238 2569 dicam
1268 2509 1446 2587 quod
1502 2510 1557 2571 si
1596 2528 1705 2573 eas
1738 2514 2141 2578 authenticas
2174 2534 2320 2579 esse
2354 2533 2484 2579 non
2544 2514 2813 2578 ﬁrmiter
2844 2512 3228 2589 tenuissem,
3252 2512 3409 2587 imo,
3447 2512 3505 2575 si
3536 2513 3654 2576 mi-

373 2609 627 2671 nimum
656 2608 847 2670 etiam
878 2606 1151 2669 dubium
1182 2611 1261 2673 de
1291 2630 1513 2677 earum
1544 2616 1835 2694 genuino
1863 2627 2125 2681 auctore
2157 2620 2224 2681 in
2256 2626 2468 2681 mente
2501 2617 2942 2692 remansisset,
2975 2616 3053 2678 ab
3089 2616 3187 2680 eis
3227 2617 3556 2679 vertendis
3586 2624 3651 2678 et

374 2713 759 2794 evulgandis
784 2729 1051 2792 prorsus
1080 2712 1567 2790 abstinuissem,
1606 2717 1707 2780 vel
1742 2718 2026 2782 rationes
2057 2720 2283 2783 saltem
2312 2721 2496 2783 dubii
2521 2721 2646 2782 mei
2680 2718 3159 2798 exposuissem.

453 2817 593 2876 Non
626 2812 917 2876 eamdem
948 2819 1120 2874 certe
1145 2815 1561 2878 securitatem
1616 2820 1986 2896 exprimere
2021 2822 2204 2884 valeo
2233 2822 2401 2884 circa
2434 2838 2662 2884 verum
2705 2836 2973 2882 sensum
3002 2819 3081 2881 ab
3133 2825 3393 2882 auctore
3433 2819 3651 2882 inten-

371 2930 510 2984 tum
545 2942 560 2981 :
595 2936 741 2982 cum
774 2917 948 2980 enim
977 2917 1188 2980 adhuc
1220 2919 1634 2985 desideretur
1664 2924 2096 3006 primigenius
2129 2944 2353 2990 earum
2381 2934 2597 2989 textus
2628 2928 2913 2996 Graacus,
2946 2921 3311 2984 timendum
3342 2929 3439 2984 est
3471 2939 3648 2985 sem-

371 3044 488 3107 per
536 3042 618 3087 ne
676 3023 1070 3103 quandoque
1130 3027 1441 3088 erraverit
1496 3029 1797 3107 Syriacus
1838 3029 2183 3109 interpres.
2223 3031 2298 3093 Ut
2329 3035 2401 3095 ut
2447 3030 2554 3103 sit,
2588 3044 2716 3091 non
2751 3014 2979 3089 dubito
3033 3027 3197 3107 quin
3246 3028 3644 3104 Wetstinus,

371 3129 566 3191 etiam
611 3128 944 3205 Syriacum
987 3132 1269 3203 vertens,
1304 3130 1527 3209 plures
1564 3132 1705 3211 ipse
1737 3133 2062 3197 addiderit
2086 3153 2385 3205 errores:
2419 3137 2699 3213 ideoque
2736 3148 2865 3195 non
2904 3133 3106 3193 semel
3140 3130 3220 3194 ab
3247 3132 3391 3212 ejus
3422 3137 3643 3197 sensi-

369 3225 494 3285 bus
529 3222 910 3285 exorbitavi.
940 3220 1004 3283 Si
1045 3232 1216 3287 recta
1241 3234 1302 3288 et
1334 3245 1618 3306 congrua
1646 3228 1881 3292 fuisset
1914 3233 2224 3296 Wetstini
2258 3235 2724 3309 interpretatio,
2752 3234 2919 3297 nihil
2950 3236 3085 3301 fere
3117 3239 3643 3317 redarguendum

371 3336 543 3392 esset
568 3328 637 3389 in
667 3325 1091 3388 translatione
1114 3324 1356 3387 Gallica
1395 3329 1466 3389 Ι).
1503 3329 1793 3391 Boistard
1825 3331 1905 3394 de
1937 3332 2297 3416 Prémagny
2330 3353 2345 3393 :
2374 3336 2657 3415 ideoque
2694 3352 2824 3398 non
2845 3335 3444 3415 interpretationem
3473 3341 3641 3421 ejus,

369 3430 484 3492 sed
523 3428 975 3490 annotationes
1008 3442 1224 3504 carpo.

450 3533 610 3594 Cum
640 3546 792 3593 vero
825 3526 992 3630 nihil
1024 3524 1322 3630 absolute
1346 3532 1592 3630 certum
1627 3527 1707 3589 de
1740 3528 2051 3595 ﬁdelitate
2076 3533 2178 3596 vel
2210 3536 2545 3599 erroribus
2598 3538 3027 3622 interpretum
3066 3546 3367 3611 atiirmari
3417 3562 3638 3630 queat,

368 3633 632 3696 absente
658 3638 839 3693 textu
869 3624 1222 3707 primitivo,
1258 3632 1462 3731 cur-et
1491 3626 1632 3705 ipse
1666 3645 1897 3692 novam
1928 3631 2527 3714 interpretationem
2559 3656 2904 3720 aggressus
2929 3663 3074 3709 sum
3106 3651 3135 3709 ?
3168 3650 3333 3711 Huic
3363 3624 3642 3731 quaesito

368 3735 436 3795 in
464 3734 708 3813 praevia
736 3730 1187 3793 dissertatione
1216 3728 1628 3795 satisfaciam.
1665 3734 1887 3796 Dicam
1919 3743 2134 3800 tamen
2173 3738 2448 3817 plurima
2482 3760 2679 3806 sacrae
2709 3746 3053 3826 Scripturae
3078 3751 3212 3814 loca
3241 3769 3277 3815 a
3309 3728 3641 3821 Wetstino

368 3843 478 3896 aut
510 3850 639 3896 non
668 3832 873 3934 fuisse
904 3830 1141 3911 agnita,
1175 3837 1285 3891 aut
1319 3831 1481 3892 male
1517 3833 1768 3897 reddita
1798 3834 2002 3900 fuisse
2049 3857 2063 3895 :
2099 3841 2394 3918 quamvis
2427 3842 2493 3905 id
2522 3845 2771 3909 crcditu
2804 3848 3065 3912 diﬂicile
3104 3852 3304 3915 videri
3333 3866 3527 3934 queat
3558 3860 3639 3921 de

368 3934 510 3995 viro
544 3940 670 4041 tam
705 3933 820 3995 diu
851 3932 1152 4041 in'sacris
1179 3934 1415 3998 litteris
1448 3945 1730 4003 versato.
1762 3941 1909 4016 Sed,
1943 3942 2000 4004 si
2034 3942 2167 4006 haee
2199 3944 2337 4007 ioca
2361 3950 2646 4025 agnovit,
2674 3968 2790 4013 cur
2808 3970 3214 4018 communem
3244 3932 3434 4021 etiam
3466 3965 3640 4041 apud

366 4051 523 4095 suos
554 4031 1150 4111 interpretationem
1198 4034 1596 4114 abjudicavit
1627 4041 1657 4099 ?
1690 4041 1960 4103 Errores
2000 4044 2312 4107 Wetstini
2365 4047 2805 4114 aberrationes
2837 4053 3222 4119 traductoris
3259 4031 3637 4126 Gallici-in-

366 4139 720 4217 duxerunt.

442 4239 769 4349 Praecipua
802 4238 1003 4317 igitur
1032 4239 1189 4349 mihi
1241 4259 1397 4304 cura
1444 4242 1745 4309 incubuit
1778 4255 1870 4323 ut,
1904 4250 1971 4313 in
2004 4250 2122 4314 hac
2152 4252 2317 4317 silva
2349 4254 2764 4335 densissima,
2795 4263 3051 4328 divinas
3075 4265 3446 4349 detegerem
3479 4290 3635 4337 sen-

363 4339 596 4446 tentias
630 4356 869 4418 easque
895 4337 1394 4446 manifestarem.
1430 4345 1527 4405 An
1563 4354 1809 4409 rectum
1841 4349 1963 4410 iter
1989 4353 2340 4428 tenuerim,
2365 4355 2618 4435 judicet
2644 4359 2793 4438 pius
2824 4379 2896 4424 ac
2928 4337 3496 4446 eruditusvlector,
3537 4372 3638 4433 in-

361 4438 590 4518 primis
618 4446 827 4500 textus
862 4440 1315 4503 antecedentes
1347 4449 1902 4525 consequentibus
1923 4451 2266 4532 jungendo
2322 4465 2386 4519 et
2422 4463 2877 4538 comparando.
2913 4464 3303 4531 Dialectices
3339 4438 3513 4533 enim
3542 4490 3639 4535 re-

362 4539 549 4619 gulas
606 4558 734 4602 non
796 4540 1128 4620 ignorabat
1177 4552 1443 4607 sanctus
1522 4547 1851 4627 Clemens,
1914 4571 2031 4615 nec
2093 4560 2377 4637 supponi
2441 4562 2633 4625 debet
2691 4573 2911 4629 contra
2955 4566 3101 4629 illas
3159 4569 3451 4635 voluisse
3499 4575 3638 4638 dis-

363 4658 608 4704 serere.

436 4745 769 4859 Praeterea,
802 4760 891 4859 ne
925 4752 1134 4857 unum
1167 4746 1435 4825 quidem
1465 4754 1713 4813 textum
1747 4770 1990 4817 novum
2014 4756 2375 4837 introduxi,
2406 4765 2520 4827 sed
2550 4783 2812 4847 semper
2840 4776 3152 4840 Wetstini
3184 4779 3633 4859 interpretatio

361 4843 575 4956 oculis
602 4845 763 4956 meis
792 4846 1234 4956 subjectaest,
1268 4852 1423 4956 dum
1456 4854 1851 4936 irregulares
1884 4868 1944 4921 et
1988 4871 2309 4929 contortas
2350 4867 2491 4947 ejus
2524 4843 2888 4940 locutiones
2926 4884 3307 4945 rectitudini
3350 4843 3630 4947 naturali

361 4947 802 5061 rest‘ituebam.
843 4950 973 5061 ideo
1002 4947 1256 5060 primus
1290 4952 1460 5016 viam
1493 4955 1657 5019 hanc
1690 4957 2028 5038 ingressus
2053 4980 2196 5025 sum
2247 4988 2262 5026 :
2300 4966 2485 5032 multi
2522 4971 2696 5034 enim
2739 4984 2887 5039 ante
2919 4995 3045 5055 me,
3079 4979 3149 5042 in
3210 4980 3630 5061 antiquorum

361 5052 701 5161 auctorum
714 5047 1168 5161 explicatione,
1196 5058 1498 5134 audaces,
1522 5066 1593 5122 ut
1621 5061 1718 5123 sic
1749 5063 2001 5143 loquar,
2026 5067 2430 5148 conjecturas
2455 5075 2843 5154 emiserunt,
2866 5047 3294 5161 quaa'postea,
3316 5047 3397 5145 ab
3418 5085 3631 5147 omni-

360 5145 483 5209 bus
507 5147 818 5263 eruditis,
860 5157 931 5211 ut
968 5154 1270 5264 veritates
1325 5158 1736 5225 inconcussa
1770 5175 2041 5245 receptae
2070 5145 2242 5233 sunt.
2272 5174 2405 5252 Ego
2438 5192 2590 5239 vero
2629 5145 2981 5256 rarisSime,
3012 5145 3131 5246 nec
3152 5145 3365 5248 forsan
3397 5145 3625 5264 semel,

362 5256 559 5370 meris
581 5256 856 5313 innixus
888 5256 1493 5370 5pm.conjecturis;
1534 5265 1672 5339 sed,
1704 5274 1773 5328 ut
1818 5268 2196 5346 plurimum,
2230 5290 2377 5352 pars
2420 5276 2711 5355 quaedam
2740 5286 2957 5345 textus
2981 5286 3183 5365 agniti
3215 5288 3293 5349 ad
3331 5256 3626 5354 notitiam

360 5357 595 5468 partis,
625 5373 759 5467 pm
788 5357 1178 5468 confusione
1213 5363 1560 5468 verborum
1591 5368 1850 5448 ignotae,
1887 5388 1987 5434 me
2041 5373 2337 5438 deduxit.
2365 5377 2428 5439 Si
2464 5376 2599 5442 fere
2643 5380 2889 5463 ubique
2921 5357 3116 5447 verba
3158 5386 3467 5449 Wetstini
3518 5389 3631 5451 ab-

360 5459 745 5572 dicaverim,
770 5459 963 5572 etiam
1021 5466 1282 5541 quando
1316 5468 1531 5549 ipsius
1566 5473 1795 5536 sensui
1828 5476 2098 5551 stabam,
2134 5479 2377 5543 nedum
2413 5459 3029 5566 adversam—potius
3071 5504 3318 5552 morem
3352 5489 3479 5569 ipsi
3516 5510 3628 5572 ge-

358 5576 529 5679 ξθῐςεξι
557 5564 949 5679 existimavi.
996 5569 1105 5679 Sic
1135 5573 1313 5636 enim
1346 5578 1641 5659 loquitur
1662 5580 1731 5644 in
1756 5599 2027 5646 suorum
2054 5584 2567 5666 Prolegomenou
2600 5564 3025 5656 conclusione
3061 5610 3076 5651 :
3104 5614 3136 5651 ct
3162 5564 3625 5658 Conversionis

358 5654 603 5728 Latinae
648 5667 802 5731 vitia
831 5677 894 5732 et
925 5670 1387 5758 inelegantiam
1422 5682 1745 5767 benignus
1808 5688 2011 5753 lector
2056 5690 2444 5758 condonabit
2490 5695 2744 5763 homini
2788 5698 2856 5763 in
2889 5714 3087 5780 opere
3139 5714 3311 5766 novo
3358 5706 3422 5763 et
3465 5699 3625 5764 satis

431 5812 519 5870 ³11
552 5815 678 5873 Cor.
721 5836 797 5888 ιι,
836 5822 921 5878 14.
