3908 6172
260 322 370 377 333
1190 317 1549 374 EPISTOLzE
1587 317 1673 370 AD
1708 317 1803 372 νη

1978 317 2050 374 IS.
2080 350 2149 359 -—
2181 319 2546 376 PROGZMIA.
3417 315 3521 372 354

264 434 543 497 moleSto
569 409 795 511 parum
827 437 1197 504 exercitato,
1244 441 1307 495 et
1338 434 1694 496 amicorum
1741 435 1934 495 etiam
1966 435 2286 507 consiliis,
2311 435 2463 496 licet
2495 434 2788 513 undique
2821 433 3150 510 expetitis,
3181 432 3517 495 destituto.

259 538 593 613 Quosdam
627 537 820 598 etiam
851 536 967 616 qui
998 533 1068 594 in
1104 537 1353 593 textum
1376 532 1723 609 'Syriacum
1757 531 2159 610 irrepserunt
2193 550 2558 608 errores...,
2593 533 2788 595 etiam
2842 548 2943 593 me
3001 548 3130 593 non
3182 540 3513 607 monente,

262 637 456 698 facile
484 635 787 717 corriget.
827 659 858 693 »

354 755 568 819 Prima
598 755 798 835 hujus
829 754 953 818 loci
983 757 1173 820 verba
1211 755 1523 818 Wetstini
1579 755 1961 819 modestiam
2025 755 2509 823 commendant:
2559 757 2916 836 posteriora
2953 775 3098 838 qua
3152 775 3282 820 non
3339 761 3528 822 intel-

270 856 514 917 lexerit
549 863 660 917 aut
692 856 1076 935 neglexerit,
1101 857 1512 918 confitentur.
1540 856 1923 918 Modestiam
1962 855 2193 931 laudo;
2227 857 2590 919 tenebrosis
2624 857 2809 933 locis,
2843 866 3155 937 quantum
3184 859 3251 920 in
3272 876 3372 921 me
3407 870 3524 935 est,

265 955 482 1017 lucem
514 955 754 1030 affero;
805 956 1292 1036 negligentiam,
1339 957 1396 1020 si
1422 975 1568 1038 qua
1594 957 1817 1035 fuerit,
1852 977 2144 1038 reparare
2177 977 2397 1023 conor.
2432 964 2664 1023 Nonne
2716 962 2810 1024 sic
2841 962 3152 1026 Wetstini
3209 962 3374 1026 votis
3417 965 3530 1025 ob-

266 1061 566 1133 tempero
595 1056 624 1115 ?

347 1183 628 1245 Omnem
671 1181 807 1246 fere
839 1197 1203 1246 sermonem
1239 1199 1432 1244 suum
1465 1186 1725 1242 sanctus
1767 1180 2063 1243 Clemens
2095 1199 2129 1244 e
2155 1181 2443 1246 fontibus
2489 1185 2692 1247 sacris
2721 1186 3102 1260 desumpsit.
3136 1187 3348 1249 Nullis
3377 1206 3531 1269 ergo

265 1282 604 1345 laboribus
655 1301 947 1363 parcens,
1002 1282 1267 1344 eosdem
1315 1280 1527 1343 fontes
1584 1280 1847 1342 assidue
1880 1281 2078 1352 adivi.
2114 1299 2304 1360 quos,
2330 1291 2398 1344 ut
2416 1284 2548 1362 jam
2591 1286 2834 1348 dictum
2878 1298 2996 1365 est,
3046 1294 3415 1356 Wetstinus
3446 1313 3528 1357 ne

265 1381 639 1458 suspicatus
686 1381 953 1460 quidem
993 1379 1200 1443 fuisse
1255 1381 1538 1443 videtur.
1592 1380 1771 1442 Unde
1825 1387 2039 1440 textus
2078 1380 2442 1458 deprompti
2487 1381 2754 1458 fuerint,
2794 1385 2929 1449 fere
2988 1389 3235 1469 ubique
3284 1394 3526 1465 notavi,

265 1477 496 1539 saltem
529 1479 790 1557 quando
827 1477 1078 1557 phrasis
1111 1477 1269 1540 satis
1295 1478 1542 1557 integra
1577 1477 1873 1554 apparuit
1903 1497 1917 1536 :
1947 1493 2076 1537 non
2108 1476 2282 1537 enim
2320 1479 2700 1543 vocabulum
2745 1492 3087 1564 quodlibet
3137 1512 3388 1558 sacrum
3421 1498 3530 1558 in-

267 1580 472 1645 dicari
503 1582 752 1661 debuit,
787 1599 868 1644 ne
892 1581 1256 1645 innumera
1284 1581 1496 1645 forent
1526 1588 1713 1642 nota.
1742 1579 2124 1640 Versionem
2156 1579 2479 1660 adoptavi,
2513 1600 2644 1646 non
2664 1589 3078 1674 Septuaginta
3100 1599 3528 1676 lnterpretum

266 1697 379 1751 aut
438 1688 712 1751 alterius
779 1688 1074 1768 cujusvis
1106 1685 1533 1759 traductoris;
1570 1684 1686 1748 sed
1718 1682 2025 1761 Vulgata,
2068 1681 2188 1743 etsi
2238 1683 2526 1745 nondum
2585 1693 2872 1766 tempore
2930 1695 3131 1756 sancti
3183 1696 3529 1758 Clementis

267 1795 600 1856 existeret.
632 1796 790 1867 lmo,
824 1796 893 1854 in
924 1789 1167 1854 cateris
1200 1787 1386 1858 locis,
1419 1783 1899 1864 quandolibera
1932 1781 2092 1842 mihi
2124 1787 2369 1859 poterat
2402 1800 2548 1846 esse
2581 1787 2923 1852 verborum
2955 1791 3127 1855 idem
3159 1795 3526 1874 signiﬁcan-

268 1896 434 1957 tium
468 1893 725 1968 electio,
762 1892 1015 1972 pratuli
1047 1889 1182 1950 fere
1216 1903 1472 1964 semper
1501 1901 1689 1946 voces
1722 1900 1756 1945 a
1789 1882 2063 1962 Vulgata
2102 1891 2531 1946 consecratas.

350 2021 582 2081 Lector
611 2024 892 2080 attentus
933 2024 994 2077 et
1027 2013 1354 2093 prudens,
1387 2010 1577 2072 modo
1611 2007 1954 2087 primitiva
1981 2004 2286 2068 Ecclesia
2322 2007 2634 2086 tantisper
2666 2011 2894 2076 calleat
2928 2015 3267 2093 spiritum,
3299 2027 3525 2080 move-
3566 1995 3582 2012 ’

267 2119 445 2180 bitur
475 2117 591 2179 has
628 2118 906 2197 legendo
944 2115 1299 2194 Epistolas,
1336 2111 1720 2173 extrinsecis
1758 2127 1920 2189 quas
1961 2109 2239 2188 prabent
2269 2110 2774 2177 authenticitatis
2808 2119 3306 2196 probationibus
3329 2167 3344 2195 ,
3381 2139 3530 2183 sen—

268 2219 519 2300 tietque
551 2238 743 2301 quam
776 2219 1047 2280 insulsa
1081 2217 1352 2295 viroque
1391 2213 1567 2292 gravi
1609 2212 1895 2291 indigna
1932 2211 2061 2272 sint
2090 2211 2529 2274 cavillationes
2561 2217 2635 2276 D.
2675 2217 2754 2278 de
2784 2219 3160 2301 Prémagny.
3196 2222 3344 2284 Sine
3377 2220 3529 2284 fuco

270 2329 383 2382 aut
413 2321 778 2383 ambitiosis
812 2319 1205 2382 ornamentis
1240 2324 1530 2379 sanctum
1560 2315 1950 2387 Pontiﬁcem,
1987 2313 2222 2391 spiritu
2255 2316 2610 2392 apostolico
2645 2318 2909 2395 plenum
2935 2367 2951 2395 ,
2981 2322 3270 2385 locutum
3297 2324 3529 2397 fuisse,

272 2444 465 2492 nemo
496 2426 772 2508 partium
804 2425 1021 2490 studio
1057 2423 1311 2487 alienus
1333 2465 1352 2496 ,
1385 2419 1799 2482 inﬁciabitur.
1832 2419 1998 2479 Hinc
2028 2417 2256 2479 doctus
2283 2418 2522 2479 Junius
2555 2421 2865 2482 Patricius
2886 2423 3016 2500 jam
3051 2423 3356 2486 odoratus
3387 2424 3532 2486 fue-

257 2539 366 2593 rat
399 2530 946 2594 authenticitatem
981 2532 1205 2610 prima
1237 2527 1441 2592 sanati
1472 2523 1820 2590 Clementis
1853 2524 2157 2601 Epistola
2182 2524 2260 2586 ad
2292 2524 2682 2587 Corinthios.

353 2651 598 2712 Monita
625 2668 771 2732 qua
803 2651 1167 2727 virginibus
1198 2651 1472 2723 dantur,
1505 2666 1540 2710 a
1571 2647 1918 2726 Scripturis
1957 2645 2186 2722 sacris,
2221 2653 2293 2712 ut
2317 2647 2448 2728 jam
2481 2647 2658 2718 dixi,
2693 2648 2805 2710 sed
2839 2651 3187 2727 prasertim
3217 2668 3251 2713 a
3281 2653 3536 2733 scriptis

273 2751 714 2829 apostolorum
745 2758 808 2812 et
837 2752 1379 2831 evangelistarum
1403 2794 1419 2822 ,
1454 2755 1797 2812 eruuntur.
1833 2747 1929 2808 Ad
1963 2749 2225 2811 eosdem
2272 2749 2662 2829 quandoque
2715 2748 3058 2811 revertitur
3103 2768 3336 2813 sensus
3387 2753 3534 2831 pius

277 2851 576 2916 Pontifex
610 2875 626 2914 :
657 2859 783 2914 tam
813 2853 1044 2914 ardens
1076 2859 1169 2912 est
1199 2851 1338 2930 ejus
1383 2848 1783 2909 desiderium
1827 2846 2190 2925 virginibus
2222 2848 2362 2908 suis
2408 2846 2767 2925 inspirandi
2809 2863 3089 2910 amorem
3135 2848 3439 2912 virtutum
3472 2860 3537 2912 et

289 2955 603 3016 vitiorum
645 2954 1010 3016 horrorem!
1045 2953 1325 3032 Oblique
1367 2951 1740 3030 perstringit
1773 2950 2168 3012 Christianos
2199 2951 2601 3030 hypocritas,
2653 2949 2767 3030 qui
2818 2951 3104 3014 carnales
3139 2971 3373 3014 sensus
3415 2955 3539 3015 sub

283 3055 673 3117 vestimento
720 3054 975 3133 pietatis
1033 3051 1472 3122 occultabant;
1523 3049 1842 3128 pracipue
1890 3065 2042 3110 vero
2091 3048 2363 3125 perﬁdos
2407 3047 2741 3108 hareticos
2789 3047 2902 3126 qui
2941 3048 3071 3126 jam
3113 3058 3266 3111 tunc
3313 3050 3536 3112 Eccle-

283 3157 451 3218 siam
482 3156 873 3227 lacerabant,
908 3169 1204 3232 quosque
1232 3150 1460 3244 pagani
1496 3149 1733 3226 sapius
1765 3146 2242 3210 confundebant
2271 3163 2416 3208 cum
2447 3146 2618 3208 veris
2651 3145 2885 3209 Christi
2917 3147 3283 3227 discipulis.

353 3279 472 3340 His
503 3273 924 3352 temporibus,
951 3273 1489 3353 quemadmodum
1524 3269 1739 3341 hodie,
1767 3269 2036 3330 castitati
2064 3285 2133 3330 se
2160 3268 2557 3330 devovebant
2590 3266 2868 3344 duplicis
2907 3270 3162 3346 generis
3193 3288 3488 3347 persona
3521 3295 3538 3335 :

281 3382 514 3462 primo,
540 3378 655 3460 qui
684 3377 764 3440 ad
792 3375 1228 3439 ministerium
1262 3389 1510 3434 sacrum
1542 3370 1967 3443 vocabantur;
1999 3369 2235 3431 deinde
2268 3369 2381 3447 qui
2417 3368 2484 3428 in
2513 3369 2751 3429 saculo
2783 3377 3216 3443 remanentes,
3243 3369 3538 3434 homines

281 3483 384 3546 vel
419 3481 715 3552 femina,
749 3478 827 3541 ad
861 3475 1321 3556 perfectionem
1373 3471 1808 3549 evangelicam
1848 3469 2214 3530 tendebant.
2251 3467 2580 3528 Prioribus
2624 3475 2883 3529 sanctus
2922 3467 3219 3530 Clemens
3251 3485 3538 3532 comme-

281 3590 484 3648 morat
514 3579 870 3644 vocationis
910 3575 1372 3639 sublimitatem
1396 3612 1412 3643 ,
1447 3589 1528 3634 ne
1559 3571 1869 3649 degeneri
1895 3569 2383 3632 conversatione
2431 3568 2606 3629 illam
2643 3570 3032 3647 deprimant.
3091 3573 3190 3644 Et,
3225 3574 3538 3651 quoniam

282 3679 614 3744 humilitas
644 3683 859 3740 custos
891 3682 987 3737 est
1018 3675 1162 3736 vita
1193 3670 1500 3750 angelica
1531 3685 1724 3747 quam
1761 3668 1996 3729 ducere
2026 3667 2261 3728 debent
2294 3668 2648 3745 prasertim
2677 3667 2912 3729 Christi
2945 3669 3252 3743 ministri,
3278 3679 3540 3733 sanctus

283 3780 580 3846 Pontifex
610 3776 977 3857 superbiam
1001 3817 1017 3846 ,
1050 3786 1442 3851 quocunque
1480 3785 1548 3829 se
1597 3774 1798 3828 vertat
1829 3773 1890 3829 et
1921 3766 2303 3838 abscondat,
2341 3769 2751 3847 persequitur
2772 3815 2788 3842 ,
2820 3769 3094 3848 ejusque
3129 3771 3400 3835 latebras
3429 3776 3540 3835 de-

281 3885 440 3963 tegit
471 3884 540 3944 in
574 3879 1022 3961 pradicatione
1044 3921 1061 3950 ,
1095 3872 1513 3945 exorcismis,
1548 3870 1926 3950 caterisque
1961 3869 2208 3932 actibus
2242 3871 2434 3932 etiam
2466 3873 2914 3937 sanctissimis.
2947 3877 3104 3937 Cum
3132 3883 3345 3941 autem
3379 3897 3540 3958 pra-

283 3987 570 4064 sumptio
603 4003 674 4046 ac
704 3982 1034 4045 temeritas
1076 3978 1392 4059 plurimos
1422 3977 1492 4038 in
1520 3975 1952 4056 perditionem
1992 3975 2374 4037 induxerint
2397 4021 2413 4050 ,
2447 3982 2780 4045 cautiones
2825 3981 3115 4060 suggerit
3151 3983 3388 4062 quibus
3419 4003 3538 4064 pe-

282 4090 567 4156 riculum
598 4086 675 4148 de
689 4085 941 4146 vitetur.

362 4210 692 4288 Utrisque,
725 4207 794 4270 id
824 4206 920 4267 est
951 4197 1202 4264 clericis
1233 4203 1294 4259 et
1333 4196 1698 4276 virginibus
1735 4195 1797 4258 in
1833 4196 2072 4259 saculo
2109 4195 2516 4276 degentibus,
2550 4204 2621 4259 ut
2659 4207 2948 4261 sanctum
2981 4202 3272 4264 timorem
3305 4205 3539 4265 animis

285 4323 512 4370 eorum
545 4303 836 4378 incutiat,
861 4301 1110 4378 lapsum
1141 4295 1402 4358 exhibet
1434 4295 1858 4373 quarumdam
1896 4295 2338 4357 columnarum
2363 4313 2507 4374 qua
2531 4297 2932 4359 inconcussa
2961 4308 3022 4360 et
3056 4299 3336 4362 immota
3361 4302 3538 4363 credi

288 4413 603 4485 poterant.
637 4404 748 4466 Eis
774 4411 987 4465 tamen
1018 4402 1304 4463 animum
1335 4400 1546 4472 addit,
1583 4416 1944 4462 memorans
1981 4399 2216 4479 gratias
2259 4400 2853 4479 protectionemque
2891 4418 2925 4462 a
2952 4401 3108 4464 calo
3155 4414 3536 4483 praparatas

285 4506 622 4569 animabus
653 4501 854 4566 cautis
883 4519 954 4563 ac
986 4499 1436 4579 prudentibus.

371 4623 732 4686 Wetstinus
753 4665 771 4693 ,
800 4620 912 4701 qui
945 4626 1113 4680 certe
1143 4617 1392 4679 laudari
1424 4626 1706 4680 meretur
1735 4617 1912 4698 quod
1947 4619 2149 4680 sancti
2184 4619 2531 4682 Clementis
2561 4620 2865 4698 epistolas
2915 4641 3044 4686 non
3095 4625 3538 4705 depravaverit

285 4724 527 4786 absona
561 4721 876 4799 elegantia
901 4734 1044 4798 qua
1069 4733 1331 4778 sensum
1362 4734 1583 4779 earum
1616 4718 2038 4780 intervertere
2073 4719 2410 4795 potuisset,
2438 4719 2898 4798 negligentiam
2931 4724 3259 4788 interdum
3288 4745 3393 4789 eas
3423 4729 3537 4790 de-

288 4825 695 4886 decorantem
732 4820 1026 4895 admisit,
1060 4838 1204 4900 qua
1237 4821 1511 4882 multum
1545 4838 1777 4884 nocere
1808 4821 2030 4883 debuit
2064 4822 2346 4899 ipsarum
2378 4823 2764 4885 auctoritati.
2801 4826 2979 4890 Adeo
3015 4846 3236 4907 parum
3286 4832 3534 4892 curavit

287 4927 684 5007 conjungere
730 4925 1010 4988 auctoris
1041 4926 1144 4986 sui
1176 4925 1635 5004 c0gitationes,
1671 4933 1742 4987 ut
1777 4943 1883 4987 eas
1923 4926 2141 5004 potius
2196 4925 2571 5006 disjungere
2620 4929 2954 4993 studuisse
2999 4932 3316 4996 videatur.
3357 4935 3532 4996 Nihil

287 5034 500 5088 tamen
532 5025 788 5088 facilius
822 5033 953 5089 erat
991 5047 1181 5108 quam
1215 5030 1517 5109 phraseos
1545 5030 1859 5110 regularis
1890 5031 2305 5092 constructio.

364 5153 572 5214 Venia
605 5153 764 5214 mihi
795 5155 1180 5218 concedatur
1209 5157 1266 5218 si
1298 5156 1580 5218 laborem
1621 5156 1870 5217 viribus
1913 5154 2074 5217 forte
2105 5156 2266 5217 meis
2317 5156 2720 5235 superiorem
2764 5159 3249 5238 assumpserim.
3284 5160 3530 5220 Homo-

289 5274 527 5336 nymus
556 5258 729 5319 filius
759 5261 1006 5320 Patrem
1055 5261 1371 5323 honorare
1407 5261 1626 5323 voluit.
1661 5264 1971 5322 Praterea
2002 5261 2240 5339 sapius
2283 5261 2451 5324 clare
2496 5263 2797 5340 exprimit
2834 5264 3058 5325 beatus
3108 5263 3404 5325 Clemens
3433 5278 3534 5322 sa-

289 5372 760 5427 cramentorum
799 5363 1103 5426 Ecclesia
1134 5381 1323 5425 usum
1347 5409 1366 5441 ,
1394 5370 1748 5442 prasertim
1783 5364 2013 5426 divinae
2041 5366 2486 5437 Eucharistiw,
2521 5383 2844 5445 sacraque
2883 5365 3356 5444 exomologesis
3387 5381 3533 5442 pec-

291 5478 576 5532 catorum
604 5493 621 5538 ;
654 5470 1096 5532 intemeratam
1127 5469 1381 5532 extollit
1411 5470 1845 5550 virginitatem
1875 5470 2266 5533 beatissima
2295 5472 2535 5545 Maria,
2563 5489 2707 5551 qua
2735 5469 2876 5533 cali
2908 5469 3253 5531 Dominum
3285 5471 3532 5545 gremio

293 5585 414 5630 suo
448 5577 698 5649 gestare
731 5570 990 5633 meruit.
1036 5571 1283 5632 Pectori
1317 5587 1460 5631 meo
1489 5570 1698 5632 dulcis
1735 5576 1867 5632 erat
1895 5570 2304 5650 reproductio
2333 5571 2527 5650 hujus
2559 5572 2839 5650 antiqua
2875 5570 3017 5630 ﬁdei
3055 5571 3355 5629 Romana
3384 5583 3529 5646 qua

293 5686 550 5747 semper
567 5670 790 5732 eadem
807 5669 956 5745 fuit,
976 5684 1075 5733 est
1104 5677 1165 5733 et
1184 5670 1327 5732 erit.
1349 5673 1643 5732 Sanctum
1665 5670 2055 5733 Clementem
2087 5687 2295 5732 amare
2327 5670 2515 5733 debet
2544 5670 2773 5743 Gallia,
2794 5685 2937 5749 qua
2963 5667 3042 5729 ab
3070 5667 3213 5745 ipso
3243 5663 3530 5743 suscepit

299 5769 519 5849 plures
551 5771 869 5836 antistites
907 5790 1085 5850 suos,
1117 5790 1599 5856 generososque
1637 5783 1968 5854 martyres.
1994 5776 2195 5837 Nemo
2226 5781 2438 5840 autem
2475 5790 2621 5836 eum
2657 5768 2801 5852 plus
2840 5770 3110 5851 diligere
3138 5787 3212 5835 ac
3238 5766 3524 5832 venerari
