3908 6172
395 285 503 343 355
1179 290 1236 346 S.
1272 287 1669 345 CLEMENTIS
1702 289 1723 344 ι
1757 289 1926 346 ROM.
1961 288 2166 345 PONT.
2205 287 2434 344 OPERA
2468 286 2796 345 GENUINA.
3533 294 3640 348 35G

393 405 584 468 debet
613 419 804 483 quam
833 403 1184 484 episcopus
1215 407 1330 486 qui
1362 407 1535 468 claro
1573 407 1716 486 ejus
1746 409 2011 470 nomine
2040 408 2414 485 insignitur,
2441 408 2688 486 quique
2721 421 3062 468 successor
3089 412 3186 468 est
3213 409 3415 470 sancti
3447 408 3644 491 hujus

395 506 730 583 EutrOpii,
770 506 1060 585 episcopi
1099 514 1161 570 et
1205 509 1539 588 martyris,
1577 527 1773 590 quem
1815 510 1894 572 ad
1938 510 2480 590 evangelizandos
2526 509 2837 571 Santones
2888 507 3110 569 beatus
3156 506 3449 570 Clemens
3500 510 3644 588 ipse

393 605 679 666 miserat.

475 704 699 764 Latine
725 702 1099 784 Galliceque
1135 703 1305 766 hunc
1332 705 1569 767 librum
1603 706 1820 780 edidi;
1857 724 1984 768 non
2021 707 2197 768 enim
2245 722 2360 783 pro
2398 705 2559 766 solis
2597 702 3017 782 popularibus
3046 705 3210 768 meis
3252 705 3640 781 scribebam,

394 803 507 864 sed
543 820 658 881 pro
690 804 992 865 omnibus
1022 804 1210 866 etiam
1242 809 1563 868 extraneis
1582 808 1820 888 quibus
1842 809 1975 870 baic
2005 809 2193 870 lectio
2230 809 2537 887 prodesse
2564 813 2828 888 poterat.
2857 807 3166 870 Caaterum
3202 810 3642 872 necessarium

393 915 528 968 erat
569 925 896 986 Opponere
933 907 1338 971 translationi
1372 912 1658 974 confusae
1688 911 1999 974 Wetstini
2047 921 2292 974 textum
2343 911 2588 974 clarum
2634 919 2696 972 et
2724 909 3038 972 lucidum.
3084 908 3332 970 Utinam
3367 911 3641 972 aediﬁca-

354 1006 360 1012 ’
393 1007 572 1069 tione
619 1017 680 1070 et
730 1001 1231 1075 sanctifid’atione
1269 1017 1561 1078 omnium
1595 1017 1908 1079 lectorum
1965 1020 2139 1080 Deus
2171 1017 2472 1096 Optimus
2521 1015 2843 1077 Maximus
2878 1012 3223 1090 adimpleat
3252 1013 3465 1076 cordis
3510 1015 3638 1076 mei

391 1105 719 1167 desideria
755 1108 771 1166 l

470 1201 752 1279 Epistola
787 1205 944 1280 hth,
977 1209 1266 1276 Antistes
1296 1218 1563 1295 optime,
1596 1219 1854 1299 longior
1889 1219 2220 1298 apparebit
2248 1217 2665 1299 quibusdam,
2700 1216 3053 1295 praesertim
3075 1217 3368 1297 longiore
3393 1218 3642 1281 disser-

389 1303 631 1366 tatione
688 1323 833 1369 eam
904 1311 1367 1394 subsequente.
1419 1321 1640 1397 Aliud,
1689 1339 1902 1402 spero,
1949 1323 2276 1403 judicium
2337 1323 2482 1399 erit,
2523 1329 2924 1386 momentum
2975 1317 3170 1398 hujus
3203 1316 3350 1378 libri
3391 1319 3640 1396 ponde-

388 1406 612 1471 rantis.

466 1504 533 1565 Si
563 1507 722 1586 quid
756 1509 824 1571 in
857 1510 978 1574 hoc
1007 1528 1226 1592 opere,
1267 1517 1455 1580 velin
1491 1518 1639 1580 aliis
1671 1518 2222 1597 publicationibus
2251 1520 2437 1594 meis,
2464 1520 2680 1583 minus
2711 1527 3005 1584 exactum
3042 1521 3140 1583 vel
3162 1519 3634 1591 orthodoxam,

384 1613 606 1670 contra
639 1611 1059 1687 voluntatem,
1083 1614 1241 1676 mihi
1278 1614 1564 1693 elapsum
1590 1615 1811 1690 fuerit,
1847 1617 1969 1678 hoc
2001 1625 2208 1680 totum
2239 1617 2519 1698 subjicio
2552 1620 2933 1682 correctioni
2974 1629 3205 1682 sanctaa
3258 1621 3476 1681 Matris
3518 1621 3637 1679 Ec-

383 1711 600 1773 clesite
630 1714 949 1788 Romanae,
983 1714 1277 1796 sacrique
1311 1716 1492 1779 illius
1533 1719 1831 1793 Verticis,
1864 1718 2107 1800 quibus
2140 1718 2431 1798 spondeo
2457 1735 2530 1782 ac
2551 1720 2705 1801 juro
2736 1725 3169 1788 omnimodam
3202 1742 3274 1788 ac
3295 1725 3633 1799 sinceram,

383 1812 610 1895 intimo
647 1833 725 1878 ex
752 1819 966 1892 corde,
997 1820 1367 1886 fidelitatem
1402 1830 1464 1886 et
1493 1824 1951 1887 obedientiam.

462 1911 588 1984 Qui
620 1913 777 1976 mihi
805 1916 1141 1994 inspiravit
1171 1927 1240 1981 ut
1264 1919 1384 1982 hoc
1406 1939 1573 2000 opus
1603 1922 1719 1983 tibi
1775 1923 2164 1997 dedicarem,
2194 1923 2432 1986 Prtesul
2462 1926 2896 2003 ornatissime,
2936 1933 3135 2006 Deus,
3167 1930 3456 1993 omnium
3489 1929 3635 1991 fons

383 2007 723 2086 bonorum,
752 2015 1013 2091 spiritui
1048 2025 1160 2080 tuo
1191 2019 1637 2084 indesinenter
1664 2023 1857 2097 adsit,
1889 2030 2083 2104 teque
2135 2025 2253 2087 diu
2284 2024 2589 2089 Ecclesia;
2617 2026 2840 2104 decus,
2875 2031 3163 2096 ﬁdelium
3224 2033 3443 2096 lumen
3484 2033 3633 2094 ani-

386 2128 655 2187 marum,
687 2124 749 2178 et
779 2119 1136 2182 Prmsulum
1167 2124 1522 2203 exemplar,
1557 2127 1953 2190 incolumem
1985 2137 2224 2193 servet.

463 2219 643 2281 Tuus
673 2220 740 2283 in
775 2223 1028 2287 Christo
1062 2231 1125 2287 et
1157 2222 1358 2286 Maria
1384 2223 1866 2290 addictissimus
1893 2244 2150 2303 servus,

2681 2385 2723 2456 ‘3'
2766 2381 3154 2454 CLEMENS,

2181 2532 2518 2579 EPISCOPUS
2579 2535 2999 2579 RUPBLLENSIS
3055 2535 3137 2576 ΕΤ
3181 2531 3629 2577 εΑΝτοΝΕΝειε.

804 2653 1089 2704 Scribebam
1111 2655 1354 2717 Bupellre,
1383 2654 1466 2705 die
1485 2659 1653 2706 octava
1672 2656 1947 2707 Nativitatis
1973 2658 2026 2708 Β.
2055 2659 2119 2708 Μ.
2142 2659 2200 2710 V.
2226 2659 2364 2710 1852.

399 2839 3612 2869 mm

1536 2984 1644 3056 DE
1690 2989 2003 3058 DUABUS
2052 2995 2464 3056 EPISTOLIS

734 3173 1408 3288 SANG'I'I
1483 3171 2493 3288 CLEMENTIS
2547 3170 3287 3286 ROMANI

1604 3402 1753 3489 AD
1823 3398 2400 3492 VIRGINES

1196 3609 2152 3725 DISSERTATIO
2230 3562 2801 3728 PRzEVlA

461 3841 535 3900 In
602 3853 728 3916 qua
760 3832 1150 3915 expenditur
1200 3850 1426 3896 earum
1486 3829 1942 3894 authenticitas
1992 3838 2053 3971 ett
2096 3829 2488 3894 refelluntur
2535 3831 2934 3912 objectiones
2981 3851 3126 3913 qua)
3165 3833 3317 3896 huic
3346 3852 3545 3914 Oppo-

1871 3926 2007 3971 nun
2042 3927 2142 3971 ur.

1871 3926 2142 3972 nuntur.

656 4249 823 4289 Μτιο
861 4247 1014 4288 NOV!)
1053 4248 1215 4289 HUIUS
1237 4248 1664 4290 PUBLICATIONIS.

342 4435 346 4440 ί
445 4417 546 4473 Diu
591 4416 896 4473 desideravi
927 4425 981 4470 et
1017 4415 1243 4486 quaesivi
1284 4415 1422 4469 duas
1450 4417 1623 4472 sancti
1655 4414 1952 4473 Clementis

375 4507 606 4562 Romani
692 4507 963 4577 Epistolas
1037 4505 1104 4558 ad
1162 4505 1412 4576 Virgines
1453 4547 1469 4572 ,
1548 4523 1669 4576 qua:
1742 4508 1951 4561 saeculo

373 4599 725 4669 praecedenti,
794 4597 979 4652 divina
1038 4596 1254 4652 favente
1297 4597 1667 4662 Providentia,
1716 4597 1951 4652 inventa:

373 4689 606 4744 fuerant.

443 4782 712 4838 Noveram
740 4782 960 4852 quidem
1019 4781 1222 4836 acriter
1272 4781 1640 4851 impugnatam
1691 4779 1861 4836 fuisse
1918 4796 1948 4834 a

373 4871 925 4943 pseudo-reformatis
995 4887 1184 4927 earum
1264 4871 1752 4934 authenticitatem,
1827 4885 1950 4940 quae

373 4966 539 5019 etiam
571 4963 898 5034 quibusdam
915 4963 1214 5021 Catholicis
1259 4977 1461 5030 anceps
1507 4970 1561 5017 et
1612 4962 1775 5016 dubia
1830 4965 1948 5018 visa

374 5058 573 5112 fuerat.
603 5054 740 5109 Cum
773 5063 952 5109 autem
981 5063 1128 5111 certe
1163 5055 1360 5110 scirem
1389 5059 1444 5109 in
1470 5055 1554 5111 his
1577 5055 1804 5125 reperiri
1827 5070 1948 5125 quae

374 5147 614 5220 perfecte
642 5146 1016 5216 congruebant
1049 5146 1377 5200 testimoniis
1412 5145 1589 5200 sancti
1631 5143 1946 5216 Hieronymi

371 5248 429 5294 et
456 5239 630 5294 sancti
653 5236 964 5308 Epiphanii,
996 5237 1317 5307 suspicabar
1347 5253 1379 5291 a
1406 5236 1694 5308 discipulis
1721 5235 1946 5291 Lutberi

371 5337 427 5388 et
456 5329 667 5386 Calvini
702 5329 816 5384 haec
857 5328 1200 5398 antiquitatis
1238 5340 1588 5382 monumenta
1635 5329 1807 5385 fuisse
1859 5344 1947 5383 re-

373 5424 601 5494 probata
631 5422 903 5493 praecipue
931 5436 994 5476 ex
1021 5421 1149 5475 odio
1189 5419 1540 5490 virginitatis,
1565 5427 1620 5475 et
1648 5435 1678 5474 a
1717 5420 1945 5490 quibus-

373 5511 498 5565 dam
529 5511 816 5566 catholicis
851 5509 972 5565 ideo
1018 5525 1128 5564 non
1176 5508 1348 5564 fuisse
1374 5510 1613 5564 admissa
1652 5509 1795 5578 quod
1832 5510 1944 5562 haic

1977 4235 2026 4295 Α
2124 4227 2359 4284 Prorsus
2384 4228 2658 4282 firmatum
2687 4233 2771 4284 est
2801 4229 2943 4297 quod
2975 4243 3371 4297 persenseram,
3403 4232 3627 4301 quando

2056 4323 2113 4376 in
2141 4319 2548 4391 possessionem
2581 4334 2756 4373 meam
2785 4319 2958 4374 amba:
3009 4321 3127 4374 ista:
3150 4321 3405 4392 Epistolze
3434 4340 3628 4394 perve-

2055 4421 2276 4475 nerunt,
2326 4426 2530 4481 easque
2568 4419 2773 4465 attente
2822 4412 3184 4468 consideravi.
3230 4415 3454 4486 Insuper
3509 4418 3627 4471 sola

2055 4503 2334 4568 Wctstini,
2374 4505 2465 4573 qui
2500 4505 2599 4557 has
2627 4519 2658 4557 c
2697 4501 2923 4573 Syriaco
2954 4504 3008 4557 in
3057 4503 3307 4559 Latinum
3359 4515 3624 4574 verterat,

2054 4597 2384 4666 negligentia
2415 4596 2662 4650 suflicere
2690 4595 2820 4650 mihi
2852 4597 2967 4651 visa
2995 4608 3096 4662 est,
3129 4607 3188 4652 ut
3210 4598 3378 4652 lector
3401 4615 3628 4669 respUe-

2052 4694 2133 4737 rct
2166 4684 2430 4753 scriptum
2475 4684 2610 4738 adeo
2641 4683 2978 4738 inconditum
3029 4706 3041 4740 :
3099 4687 3313 4744 etiamsi
3362 4690 3509 4743 enim
3539 4692 3625 4745 vel

2054 4774 2278 4829 minime
2317 4774 2694 4829 attenderetur
2716 4776 2960 4842 ruditati,
2994 4794 3063 4832 ne
3108 4778 3285 4833 dicam
3315 4781 3623 4850 imperitiae,

2051 4861 2387 4928 Latinitatis,
2447 4865 2752 4930 rarissime,
2795 4875 2856 4920 ut
2912 4868 3025 4937 jam
3075 4868 3212 4934 dixi,
3251 4881 3431 4925 textus
3468 4871 3622 4926 Scri-

2051 4965 2223 5026 ptum
2254 4955 2523 5026 interpres
2552 4957 2932 5013 animadvertit
2961 4968 3014 5013 et
3036 4963 3293 5031 agnovit;
3316 4981 3414 5019 nec
3437 4964 3626 5021 forsan

2049 5048 2233 5104 minus
2283 5064 2410 5102 raro
2468 5052 2711 5106 auctoris
2785 5050 2870 5104 sui
2927 5053 3086 5121 plene
3137 5069 3360 5108 sensum
3418 5059 3616 5129 attigit.

2049 5143 2179 5196 Inde
2236 5141 2440 5196 factum
2495 5150 2581 5197 est
2653 5153 2708 5197 ut
2757 5145 2980 5214 saepius
3048 5147 3466 5218 inintelligibilis
3524 5163 3624 5207 aut

2049 5234 2318 5289 barbarus
2397 5234 2642 5304 prodiret
2717 5235 2843 5304 rius
2921 5237 3098 5292 sancti
3167 5237 3467 5296 Clementis
3537 5243 3622 5296 la-

2047 5327 2166 5381 bor.

2117 5415 2407 5483 Exhorrui,
2438 5414 2632 5479 fateor,
2661 5413 2802 5469 hanc
2822 5415 3194 5473 difficultatum
3221 5420 3410 5476 silvam
3443 5421 3628 5490 ingre-

2048 5509 2245 5563 diendo
2271 5527 2285 5562 :
2317 5521 2418 5562 nec
2445 5505 2669 5561 deerant
2700 5508 2938 5564 rationes
2984 5510 3181 5579 quibus
3234 5512 3303 5566 ab
3334 5512 3418 5567 his
3455 5512 3630 5568 extri-

373 5616 406 5654 a
441 5602 709 5670 suspectis
733 5603 987 5659 manibus
1025 5601 1206 5657 oblata
1259 5615 1370 5657 non
1410 5601 1546 5658 satis
1577 5607 1791 5658 mature
1812 5615 1950 5672 pon-
1980 5588 2022 5642 Β
2053 5600 2244 5654 candis
2273 5598 2455 5654 dumis
2478 5614 2806 5654 removerer.
2839 5599 2941 5655 Hic
2959 5601 3114 5656 enim
3155 5590 3307 5658 labor
3336 5605 3481 5674 exigi
3513 5620 3626 5658 non

373 5690 654 5749 derassent

2057 5698 2235 5763 potest
2276 5689 2344 5746 ab
2374 5691 2630 5761 episcopo
2677 5690 2825 5747 mille
2883 5692 3007 5749 aliis
3050 5694 3311 5764 gravibus
3355 5695 3506 5752 curis
3539 5697 3626 5749 in-
