3908 6172
295 281 404 336 557

1222 289 1582 349 EPISTOL/E
1639 293 1731 349 AD
1801 292 2144 350 VIRGINES.
2179 326 2246 335 -—
2282 290 2646 348 PROG‘IMIA.

3450 293 3555 347 35%

295 402 471 471 tento.
513 396 784 457 Prmterea
833 403 1076 460 sciebam
1125 409 1394 465 sectarios
1445 425 1555 466 non
1606 411 1876 480 aquiores
1906 416 1952 471 Α
1981 413 2074 466 sed
2107 420 2160 467 et
2183 412 2460 480 defunctus
2498 411 2670 464 adhuc
2699 410 2906 464 locutus
2927 418 3005 463 est
3029 409 3071 474 ',
3101 408 3371 478 dttm,per
3399 407 3556 477 plura

296 486 514 542 futuros
542 505 665 546 esse
695 506 822 563 erga
851 495 1318 554 elucubrationem
1351 517 1548 566 meam,
1587 511 1875 572 postquam

295 576 548 646 ejusdem
605 584 824 651 generis
858 584 1024 640 fetum
1072 604 1104 642 a
1137 590 1314 645 sodali
1357 593 1564 646 editum
1596 599 1708 648 tam
1760 594 1878 649 dire

296 667 644 727 iacesserint.
706 673 1094 745 Expendebam
1149 698 1370 751 quoque
1421 685 1720 751 modicum,
1782 684 1878 755 qui

293 764 509 830 sperari
561 775 770 835 posset,
815 770 979 839 hujus
1025 775 1275 842 opusculi
1333 775 1624 833 fructum:
1676 778 1878 835 fratres

295 853 444 906 enim
477 857 649 910 nostri
681 869 953 924 errantes,
987 863 1092 918 hoc
1122 865 1271 920 edito
1321 867 1521 933 libello,
1553 885 1662 923 non
1697 872 1879 927 minus

293 959 466 1014 quam
511 955 673 1002 antea
722 950 1027 1022 virginitati
1065 955 1266 1011 infensi
1298 969 1481 1024 erunt,
1513 961 1725 1015 etiamsi
1758 963 1880 1018 luce

291 1037 504 1093 clarius
539 1041 862 1110 probaretur
891 1047 1236 1104 authentieas
1260 1065 1383 1105 esse
1419 1052 1597 1106 sancti
1627 1054 1879 1110 Clemen-

294 1129 370 1182 tis
407 1128 681 1200 Epistolas
721 1136 787 1188 ad
822 1136 1095 1207 Virgines.
1118 1138 1237 1193 Non
1267 1141 1534 1210 siquidem
1561 1143 1692 1198 huic
1741 1160 1880 1214 pon-

293 1221 428 1275 tifici
456 1222 670 1278 felicior
700 1229 982 1300 obtingere
1012 1246 1136 1286 sors
1165 1242 1344 1301 potest
1365 1249 1530 1303 quam
1553 1235 1680 1291 divo
1705 1236 1880 1293 Paulo

291 1315 455 1382 cujus
489 1325 610 1371 erat
667 1320 993 1392 discipulus.
1051 1325 1321 1380 Catholici
1384 1329 1485 1382 hoc
1522 1345 1665 1384 novo
1717 1347 1880 1403 argu-

292 1412 483 1458 mento
512 1423 621 1461 non
676 1409 923 1481 indigent
957 1422 1018 1467 ut
1072 1413 1383 1470 doctrinam
1426 1426 1630 1473 sanctae
1687 1421 1880 1476 matris

293 1493 560 1552 Ecclesia:
579 1504 1010 1558 commendatam
1037 1506 1294 1562 habeant.
1347 1507 1610 1578 Tandem,
1644 1513 1876 1579 aiebam,

292 1589 343 1643 si
376 1587 489 1644 Deo
514 1592 782 1661 placuerit
830 1598 1110 1652 emendari
1154 1607 1210 1654 et
1267 1603 1598 1673 explicatum
1657 1608 1881 1676 prodire

292 1696 438 1750 opus
471 1682 642 1749 istud,
697 1685 872 1740 lucem
932 1703 997 1743 ac
1043 1691 1402 1758 voluntatem,
1440 1704 1501 1748 ut
1539 1695 1877 1765 perficiatur,

292 1773 595 1842 inspirabit
622 1776 716 1830 uni
753 1793 820 1833 ex
852 1786 934 1834 tot
963 1781 1070 1851 piis
1123 1781 1444 1841 doctoribus
1471 1787 1565 1856 qui
1617 1787 1881 1844 insudant

292 1866 461 1922 hodie
481 1869 534 1922 in
557 1869 816 1925 eruendis
851 1879 905 1927 et
929 1874 1251 1944 evulgandis
1274 1883 1354 1930 tot
1381 1884 1626 1933 veterum
1656 1878 1879 1936 Patrum

290 1956 576 2011 thesauris
607 1959 969 2017 absconditis.

369 2044 600 2116 Semper
640 2055 818 2104 tamen
853 2055 1217 2119 perseveravit
1243 2055 1302 2111 in
1323 2072 1412 2113 me
1439 2067 1621 2114 motus
1652 2060 1882 2117 interior

293 2149 406 2201 quo
435 2136 505 2190 ad
539 2137 688 2194 hunc
728 2141 972 2196 laborem
1003 2147 1258 2215 urgebar.
1297 2148 1383 2202 An
1441 2150 1533 2204 ille
1568 2161 1749 2208 motus
1784 2169 1880 2208 su-

294 2229 665 2295 pernaturalis
701 2229 866 2285 fuerit
925 2248 1029 2287 nec
1059 2234 1347 2299 allirmare,
1408 2253 1509 2292 nec
1561 2255 1761 2310 negare
1782 2257 1884 2296 au-

291 2316 416 2373 deo.
445 2318 634 2373 Dicam
666 2322 1012 2378 solummodo
1029 2324 1177 2394 quod
1207 2341 1304 2395 per
1339 2327 1522 2395 plures
1543 2345 1716 2385 annos
1746 2347 1882 2386 cun-

292 2417 536 2466 ctantem
568 2419 794 2467 sanctus
821 2412 1073 2472 Clemens
1103 2418 1254 2473 intus
1284 2433 1511 2488 arguere
1546 2435 1633 2475 me
1659 2421 1884 2476 videba-

291 2507 418 2566 tur;
449 2502 611 2572 quasi
635 2502 1011 2572 fidejussorcm
1026 2513 1080 2560 et
1099 2506 1406 2575 adjutorem
1435 2513 1616 2578 Operis
1643 2509 1880 2565 offerens

295 2605 416 2646 sese
451 2610 466 2646 :
503 2600 564 2646 ut
591 2594 1046 2663 quemadmodum
1078 2597 1194 2667 ipse
1227 2599 1595 2670 virginitatem
1628 2603 1882 2659 laudibus

292 2695 679 2747 exornaverat,
714 2688 1003 2757 cautisque
1040 2689 1265 2744 monitis
1314 2706 1434 2744 eam
1470 2695 1878 2760 praemunierat,

293 2776 375 2830 sic
401 2792 505 2847 ego
536 2776 902 2847 Epistolarum
932 2796 1154 2836 suarum
1178 2783 1656 2838 authenticitatem
1685 2793 1879 2840 contra

292 2867 650 2925 oblocutores
675 2871 889 2926 naviter
931 2872 1205 2929 firmarem
1243 2893 1257 2930 :
1299 2877 1389 2945 qui
1437 2877 1575 2928 enim
1615 2879 1784 2945 aperit
1821 2895 1879 2931 os

292 2970 569 3014 mutorum
600 2962 641 3028 ι,
685 2964 873 3030 etiam,
911 2965 1132 3034 quando
1182 2967 1320 3032 vult,
1373 2968 1792 3038 loquacissimos
1826 2977 1880 3025 et

292 3052 698 3110 audacissimos
738 3064 919 3113 mutos
941 3059 1126 3114 ellicit.

367 3143 550 3210 Quare
576 3147 786 3205 diutius
822 3151 1178 3215 hazsitassem,
1205 3167 1330 3207 eum
1362 3153 1527 3224 hujus
1556 3155 1749 3224 libelli,
1782 3175 1880 3230 per

290 3245 379 3292 tot
405 3239 608 3294 saecula
661 3241 998 3308 absconditi,
1033 3246 1336 3314 publicatio
1365 3249 1433 3303 ad
1481 3250 1746 3319 majorem
1783 3251 1880 3308 Dei

291 3327 529 3398 gloriam
569 3338 624 3384 et
688 3332 756 3386 ad
803 3343 1012 3390 sanetae
1066 3337 1257 3393 matris
1295 3337 1555 3394 Ecclesiae
1616 3340 1879 3398 honorem

293 3434 524 3490 vergere
558 3430 685 3477 nata
711 3427 892 3480 esset?

368 3511 529 3568 Certe
559 3515 606 3569 si
636 3516 752 3570 sola
777 3518 1092 3588 eloquentia
1125 3520 1181 3574 in
1213 3523 1437 3594 scriptis
1463 3523 1706 3595 antiquis
1729 3540 1880 3595 qua:-

291 3621 534 3676 reretur,
563 3613 620 3668 in
642 3615 916 3672 oblivione
948 3620 1182 3690 relinqui
1215 3624 1523 3692 potuissent
1552 3626 1729 3680 sancti
1755 3626 1878 3682 Cle-

292 3705 500 3759 mentis
528 3704 787 3775 Epistola:
823 3724 962 3779 quas
1013 3712 1358 3781 publicamus
1393 3735 1407 3770 :
1462 3716 1584 3770 libri
1641 3733 1880 3788 namque

293 3796 814 3864 superabundantes
866 3801 1139 3869 politioris
1195 3805 1520 3862 litteraturae
1557 3815 1612 3863 et
1663 3809 1879 3865 eximia:

291 3902 528 3958 pocseos
557 3889 919 3962 undequaque
939 3894 1006 3948 ad
1029 3911 1130 3950 nos
1151 3908 1540 3965 pervenerunt.
1571 3900 1637 3954 Et
1668 3901 1877 3955 utinam

293 3983 593 4052 periissent
620 3991 700 4039 tot
742 4001 909 4055 opera
957 3988 1117 4057 plena
1172 3989 1512 4048 fmditatibus
1550 4000 1606 4047 et
1639 3995 1874 4049 immun-

291 4071 448 4127 ditiis
497 4074 692 4129 vitium
743 4077 1020 4146 eleganter
1071 4079 1512 4138 insinuantibus!
1565 4083 1806 4148 Utinam,
1848 4104 1880 4144 e

292 4173 519 4231 contra,
572 4168 881 4222 conservati
951 4168 1202 4235 fuissent,
1258 4189 1449 4228 eorum
1505 4176 1664 4241 loco,
1715 4178 1878 4235 innu-

291 4259 433 4312 meri
491 4269 810 4314 sanetorum
861 4260 1086 4318 Patrum
1158 4267 1401 4322 thesauri
1483 4268 1686 4338 injuria
1739 4279 1878 4327 tem-

289 4363 492 4419 porum
563 4351 806 4419 amissi,
891 4355 1284 4428 emlestemque
1356 4359 1682 4430 sapientiam
1762 4365 1877 4434 spi-

289 4452 480 4500 rantes
498 4444 512 4499 !

579 4643 816 4684 PRETIUII
842 4643 1003 4686 HUIUS
1024 4646 1332 4688 MONUHENTI
1355 4650 1594 4698 ANTIQUI.

367 4717 594 4783 Verum,
631 4722 729 4776 has
759 4723 903 4778 inter
931 4725 1173 4789 divitias,
1217 4727 1356 4780 tanti
1410 4729 1574 4782 nulla:
1616 4728 1874 4783 aastimari

290 4809 498 4866 debent
525 4812 717 4880 quanti
746 4813 988 4867 virorum
1044 4816 1468 4884 apostolicorum
1503 4819 1704 4889 scripta
1759 4833 1878 4888 quae

291 4903 474 4973 prima
499 4903 941 4961 Christianorum
968 4909 1196 4978 vestigia
1227 4910 1388 4966 nobis
1441 4910 1716 4980 detegunt,
1741 4927 1879 4980 prte-

288 4992 454 5060 cipue
478 4999 659 5046 autem
686 4993 733 5047 si
763 5009 828 5047 ex
863 4995 947 5050 his
979 4995 1047 5049 ad
1079 5012 1182 5051 nos
1219 4997 1410 5052 reboet
1466 4998 1714 5068 quaedam
1739 4999 1876 5053 echo

289 5090 504 5138 remota
535 5085 831 5153 pontiﬁeiaa
879 5088 1033 5142 vocis
1064 5104 1186 5158 qua:
1214 5089 1434 5158 penitus
1460 5089 1734 5144 exstincta
1766 5104 1879 5144 creo

291 5175 550 5231 debatur.
583 5176 741 5243 Quis,
774 5194 961 5249 porro,
997 5195 1192 5244 sonus,
1225 5188 1349 5250 post
1382 5181 1756 5252 apostolorum
1781 5196 1878 5235 vo-

291 5282 437 5335 cem,
469 5267 674 5323 clarior
724 5271 886 5326 nobis
929 5274 1014 5328 vel
1044 5272 1267 5329 eharior
1304 5288 1427 5328 esse
1466 5280 1649 5342 potest
1711 5287 1878 5343 quam

292 5374 401 5412 vox
430 5359 607 5413 sancti
638 5357 937 5417 Clementis
967 5379 1090 5432 quae
1120 5363 1283 5420 toties
1315 5363 1372 5418 in
1426 5363 1669 5419 fidelium
1721 5365 1880 5417 emti-

295 5451 403 5506 bus
439 5467 602 5509 aures
639 5463 877 5510 attentas
916 5455 1188 5525 implevit,
1221 5464 1442 5527 pectora
1487 5465 1678 5511 saneta
1727 5471 1881 5511 com-

293 5544 497 5600 movit!
528 5543 649 5599 Non
681 5546 842 5602 modo
873 5561 1109 5617 namque
1159 5548 1277 5618 ipse
1317 5548 1507 5604 vivens
1537 5547 1876 5618 praedicavit,

370 5723 390 5754 ⁸
421 5720 550 5795 Sap.
584 5739 641 5791 ι,
666 5723 753 5779 21.
835 5726 857 5758 ¹
887 5728 1052 5786 Hebr.
1081 5744 1160 5794 ιι,
1192 5727 1246 5783 4.
1323 5728 1343 5760 ⁸
1373 5726 1522 5786 Psal.
1554 5744 1752 5798 χχχιιι,
1777 5728 1868 5785 21.

1980 505 2201 569 saecula,
2234 505 2408 574 ipsius
2439 504 2644 573 scripta
2690 502 2942 558 fidelibus
2978 502 3310 570 legerentur.
3338 497 3414 552 Eo
3456 513 3558 569 pu-

1978 597 2094 651 rior
2145 613 2284 668 aqua
2310 605 2496 651 manat
2519 611 2628 666 quo
2658 596 2792 651 fonti
2824 593 3181 666 propinquior
3229 601 3332 646 est.
3385 590 3557 645 Nemo

1977 705 2108 745 vero
2135 690 2313 744 nescit
2343 687 2502 742 fidem
2533 703 2599 742 ac
2647 687 2864 742 vivendi
2896 687 3126 741 formam
3175 685 3326 740 cordi
3379 683 3553 738 sancti

1979 779 2279 834 Clementis
2312 778 2607 834 instillatas
2659 777 2833 834 fuisse
2877 779 2948 832 ab
2999 779 3132 847 ipsis
3166 775 3426 847 apostolis
3454 773 3558 828 Pe-

1979 879 2065 925 tro
2092 883 2144 926 et
2167 871 2338 925 Paulo
2367 887 2600 940 quorum
2626 871 2933 942 discipulus
2964 879 3102 925 erat.
3130 869 3335 924 Horum
3375 882 3557 922 mores

1981 965 2363 1019 sanctissimos
2391 977 2577 1015 coram
2603 961 2837 1018 intuitus
2864 970 2970 1027 est,
2993 963 3316 1030 exterisque
3339 961 3556 1013 intuen-

1981 1055 2082 1109 dos
2113 1069 2178 1109 ac
2210 1055 2505 1112 imitandos
2540 1057 2828 1128 preposuit
2881 1075 2896 1110 :
2954 1055 3153 1126 dignus
3189 1052 3432 1124 profecto
3462 1050 3557 1120 qui

1981 1146 2052 1200 ab
2099 1146 2220 1216 ipso
2266 1145 2428 1202 Petro
2475 1149 2531 1203 in
2602 1163 2981 1204 successorem
3037 1146 3382 1216 eligeretur:
3437 1143 3559 1212 ejus

1979 1239 2182 1308 quippe
2216 1240 2472 1304 scientia,
2494 1241 2628 1302 vita,
2663 1239 2985 1310 martyrium
3017 1238 3154 1294 satis
3203 1238 3504 1308 probarunt
3527 1251 3559 1288 a

1980 1330 2122 1383 caelo
2179 1330 2502 1400 inSpiratam
2564 1329 2737 1387 fuisse
2814 1339 2927 1384 tam
2998 1329 3255 1385 eximiam
3327 1326 3557 1382 electio-

1979 1435 2128 1475 nem.

2053 1511 2225 1578 Quale
2277 1511 2378 1566 fuit
2427 1513 2575 1569 illius
2622 1514 2882 1568 meritum
2930 1511 3093 1582 cujus
3149 1508 3562 1582 praedestinatio

1979 1602 2219 1673 gloriosa
2250 1602 2321 1656 ab
2353 1602 2473 1672 ipso
2507 1603 2667 1658 beato
2707 1601 2873 1656 Paulo
2919 1599 3177 1671 praedicta
3230 1597 3344 1653 est!
3386 1594 3558 1663 Quem

1981 1697 2232 1750 certatim
2288 1696 2539 1750 laudibus
2579 1695 2813 1750 efferunt
2850 1693 3106 1748 maximis
3162 1690 3406 1762 lgnatius
3448 1688 3563 1742 An-

1983 1787 2289 1852 tiochenus,
2323 1787 2560 1842 lreuaaus
2605 1786 3012 1857 Lugdunensis.
3043 1784 3297 1839 Clemens
3325 1781 3562 1835 Alexan-

1981 1878 2195 1939 drinus.
2249 1876 2533 1947 Origenes,
2592 1877 2886 1941 Eusebius,
2928 1874 3286 1938 Athanasius,
3319 1872 3559 1944 Cyrillus

1983 1965 2536 2038 Hierosolymitanus,
2595 1967 2829 2036 Optatus
2900 1965 3266 2027 Milevitanus,
3323 1961 3564 2032 Epipha-

1982 2059 2132 2122 nius.
2165 2058 2424 2122 Basilius,
2454 2057 2843 2128 Hieronymus,
2876 2055 3146 2120 'Rufinus,
3197 2053 3562 2124 Augustinus,

1983 2151 2289 2205 Eucherius
2319 2149 2723 2219 Lugdunensis,
2758 2146 3144 2215 innumerique
3174 2145 3299 2199 alii!

2052 2241 2172 2297 Non
2206 2242 2338 2296 solae
2367 2241 2547 2296 sancti
2571 2239 2870 2295 Clementis
2913 2239 2981 2294 ad
3027 2238 3278 2309 Virgines
3306 2234 3564 2307 Epistolre

1982 2343 2291 2404 temporum
2324 2336 2582 2404 injuriam
2640 2334 2944 2398 subierant,
2999 2333 3235 2404 plurima
3283 2332 3390 2385 alia
3423 2329 3562 2383 tanti

1983 2428 2259 2498 pontificis
2290 2431 2496 2498 scripta
2548 2426 2752 2481 amissa
2785 2433 2934 2491 sunt,
2977 2433 3032 2480 et
3073 2440 3196 2495 qua:
3244 2428 3560 2491 supersunt,

1983 2531 2076 2577 aut
2107 2523 2296 2577 mutila
2350 2530 2445 2576 aut
2497 2531 2756 2592 corrupta
2803 2522 2868 2574 ad
2918 2536 3020 2576 nos
3046 2520 3372 2574 transmissa
3409 2526 3559 2573 sunt.

1983 2614 2242 2670 Dominus
2275 2621 2454 2670 autem
2513 2613 2604 2683 qui
2655 2613 2884 2668 custodit
2940 2629 3062 2667 ossa
3091 2612 3407 2667 Sanctorum
3440 2623 3565 2661 suo-

1983 2723 2102 2760 rum
2132 2705 2174 2770 ³,
2237 2719 2431 2775 eaque,
2468 2719 2593 2758 eum
2651 2705 2752 2758 sibi
2807 2704 3011 2774 placet,
3061 2701 3292 2763 revelat,
3357 2697 3565 2767 scripta

1983 2798 2146 2851 etiam
2178 2811 2369 2851 eorum
2423 2794 2775 2866 quandoque,
2824 2810 2921 2864 per
2977 2793 3294 2863 quemlibet,
3346 2789 3566 2846 etiamsi

1983 2886 2243 2941 Ecclesia:
2271 2886 2556 2939 catholicae
2588 2896 2930 2948 extraneum,
2960 2882 3295 2937 manifestat.

2057 2979 2168 3048 Sic,
2225 2993 2370 3034 anno
2417 2978 2580 3042 1655,
2633 2975 2990 3031 doctissimus
3021 2973 3220 3030 Junius
3260 2971 3559 3038 Patricius,

1905 3093 1952 3155 ο
1983 3071 2314 3128 Oxoniensis
2341 3109 2358 3135 ,
2389 3069 2560 3124 edidit
2599 3066 2785 3123 Graece
2819 3066 3120 3136 Latineque
3149 3066 3380 3155 primam
3415 3063 3565 3132 ejus-

1987 3167 2108 3220 dem
2140 3163 2316 3218 sancti
2344 3161 2644 3217 Clementis
2683 3159 2983 3230 Epistolam
3017 3158 3084 3211 ad
3130 3154 3466 3219 Corinthios,
3498 3169 3566 3207 ex

1989 3256 2376 3326 antiquissimo
2431 3253 2806 3322 manuscripto
2863 3249 3257 3306 Alexandrino.
3309 3245 3422 3310 Sic,
3453 3244 3578 3299 fere

1987 3347 2180 3402 diebus
2212 3345 2440 3408 nostris,
2464 3343 2702 3398 Joannes
2733 3339 2972 3395 Jacobus
3013 3338 3342 3400 Wetstinus,
3374 3351 3405 3390 e
3440 3349 3568 3405 pro-

1988 3435 2309 3491 testantium
2366 3436 2527 3489 etiam
2563 3447 2742 3503 grege,
2787 3430 3008 3506 Syriaee
3039 3444 3103 3484 ae
3153 3427 3344 3482 Latine
3371 3425 3564 3490 edidit,

1987 3527 2238 3599 Lugduni
2268 3527 2616 3591 Batavorum,
2643 3524 2781 3579 duas
2809 3523 2944 3576 alias
2973 3522 3150 3577 sancti
3176 3519 3472 3575 Clementis
3496 3519 3564 3572 ad

1988 3619 2241 3690 Virgines
2282 3618 2582 3689 Epistolas,
2639 3631 2780 3687 quas
2809 3631 2877 3670 ex
2934 3613 3160 3683 antiquo
3188 3611 3566 3680 manuscripto

1991 3712 2220 3783 Syriaco
2272 3710 2411 3766 Novi
2464 3709 2821 3774 Testamenti,
2865 3707 3056 3777 Alepo,
3110 3705 3180 3759 ab
3237 3704 3567 3774 imperatore

1987 3805 2295 3858 Turcarum
2329 3804 2520 3866 misso,
2551 3801 2717 3858 eruit.

2058 3897 2295 3950 Litteras
2343 3895 2518 3949 sancti
2576 3890 2878 3947 Clementis
2928 3889 2995 3944 ad
3041 3887 3359 3944 Corinthios
3399 3893 3561 3966 vocat

1987 3998 2212 4046 sanctus
2254 3987 2490 4043 lrenaeus
2527 3985 2921 4055 potentissimas
2955 3984 2998 4038 ⁸.
3051 3981 3294 4036 Primam
3343 3980 3412 4034 ad
3459 3995 3557 4035 eos

1990 4085 2288 4155 Epistolam
2327 4089 2554 4137 sanctus
2585 4078 2951 4148 Hieronymus
2984 4081 3220 4130 testatur
3272 4073 3564 4144 specialius

1986 4191 2108 4230 esse
2136 4172 2286 4228 valde
2314 4171 2518 4225 utilem.
2562 4188 2580 4220 ‹
2629 4167 2755 4222 Hatc
2787 4165 3037 4228 videtur,
3087 4166 3200 4229 ait,
3252 4164 3560 4244 characteri

1989 4266 2261 4336 Epistolas,
2286 4279 2406 4333 quae
2435 4263 2538 4316 sub
2561 4260 2715 4313 Pauli
2745 4257 2966 4311 nomine
2996 4255 3062 4309 ad
3084 4255 3338 4311 Hebraeos
3368 4254 3561 4319 fertur,

1987 4357 2278 4414 convenire
2308 4355 2382 4409 ³.»
2423 4353 2568 4407 idem
2613 4357 2838 4406 sanctus
2884 4349 3077 4403 doctor
3109 4348 3321 4403 dubitat
3362 4346 3431 4402 de
3457 4363 3558 4400 au-

1916 4443 1961 4497 D
1991 4449 2331 4505 thenticitate
2367 4444 2686 4516 posterioris
2748 4441 2992 4513 epistolae
3021 4440 3198 4496 sancti
3263 4439 3561 4496 Clementis

1985 4541 2054 4595 ad
2081 4537 2423 4595 Corinthios.

1988 4738 2245 4778 ΜΟΙΕΝΤΔ
2300 4735 2419 4783 ρυλε
2469 4733 2746 4774 Αετιιυυητ
2800 4731 3118 4772 NOSTRARUII
3187 4730 3563 4771 EPISTOLABUI

2511 4803 3042 4844 AUTHENTICI'I‘ATEM.

2058 4904 2133 4960 De
2166 4904 2435 4959 ambabus
2484 4903 2747 4972 Epistolis
2782 4918 2922 4972 quas
2951 4901 3133 4963 hodie,
3183 4907 3307 4970 post
3335 4898 3562 4955 Wetsti-

1985 5013 2139 5057 num,
2165 4995 2534 5064 publicamus,
2563 4994 2780 5048 loeutus
2811 4999 2895 5046 est
2925 4999 3150 5048 sanctus
3171 4989 3556 5059 Hieronymus,

1983 5089 2077 5142 lib.
2109 5105 2125 5142 ι
2171 5099 2357 5142 contra
2383 5086 2726 5141 Iovinianum
2754 5126 2768 5151 ,
2796 5085 2986 5139 dicens
3012 5102 3026 5138 :
3085 5102 3104 5134 ε
3135 5082 3198 5136 Hi
3232 5091 3358 5138 sunt
3387 5099 3558 5163 eunu-

1984 5181 2074 5234 chi
2103 5196 2244 5250 quos
2303 5179 2571 5234 castravit
2605 5193 2716 5232 non
2768 5177 3091 5239 necessitas,
3141 5175 3237 5229 sed
3281 5175 3552 5238 voluntas,

1984 5280 2206 5343 propter
2234 5286 2462 5340 regnum
2509 5271 2794 5324 caelorum.
2827 5268 2908 5322 Ad
2935 5269 3035 5323 hos
3066 5274 3118 5319 et
3147 5265 3398 5320 Clemens
3431 5281 3557 5320 sue-

1986 5379 2175 5420 cessor
2199 5362 2434 5433 apostoli
2485 5360 2631 5416 Petri
2664 5355 2882 5431 scripsit
2907 5359 3198 5430 epistolas;
3231 5372 3556 5427 omnemque

1937 5453 1943 5463 '
1983 5470 2121 5525 pene
2149 5468 2458 5510 sermonem
2491 5469 2652 5508 suum
2682 5454 2751 5508 de
2781 5452 3114 5523 virginitatis
3144 5451 3382 5519 puritate
3422 5463 3555 5504 eon-

1985 5545 2191 5601 texuit:
2221 5552 2272 5600 et
2304 5544 2562 5614 deinceps
2593 5544 2749 5598 multi
2776 5540 3081 5612 apostolici,
3102 5547 3156 5595 et
3184 5549 3472 5611 martyres,
3503 5543 3560 5596 et

1949 5730 2032 5786 ³1.
2071 5745 2152 5794 ιιι,
2183 5744 2211 5782 e
2282 5731 2336 5785 5.
2411 5727 2526 5782 “De
2567 5728 2754 5796 script.
2799 5723 2952 5791 εδει..
2984 5739 3032 5779 c.
3071 5721 3159 5778 15.
