3908 6172
398 266 502 322 359

1191 268 1248 322 S.
1285 265 1682 323 CLEMENTIS
1717 265 1734 318 Ι
1771 265 1938 322 ROM.
1977 267 2181 324 ΡΟΝΤ.
2221 269 2449 325 UPERA
2483 262 2809 326 GENUINA.

3555 270 3660 328 366

398 384 641 439 illustres
667 391 776 438 tam
805 385 1095 439 sanctitate
1129 399 1293 454 quam
1325 385 1636 455 eloquentia
1663 386 1765 440 viri
1789 424 1806 450 ,
1835 400 1973 456 quos
2001 407 2046 462 Α
2079 386 2160 441 las
2177 387 2243 440 ad
2261 386 2598 443 Corinthios.
2617 387 2773 442 Patet
2793 387 2960 443 etiam
2983 385 3169 443 Graece
3193 386 3456 456 scriptum
3489 385 3667 443 fuisse

393 492 464 533 ex
493 475 730 548 propriis
765 477 986 546 scriptis
1015 491 1177 532 nosse
1201 477 1460 546 perfacile
1495 485 1632 533 est.»

467 572 544 628 De
576 573 772 629 iisdem
798 572 1060 643 Epistolis
1097 572 1178 628 sic
1209 572 1452 644 loquitur
1483 578 1710 626 sanctus
1743 569 1979 641 Epipha-

395 664 523 721 nius
548 664 569 695 ⁸
605 683 617 718 :
651 681 671 714 ‹
704 664 826 734 Ipse
850 662 1103 718 Clemens
1157 663 1281 717 illos
1327 677 1424 732 per
1450 663 1637 717 omnia
1679 661 1881 717 refutat
1920 662 1977 715 in

395 755 484 810 his
513 770 651 825 quas
681 755 904 825 scripsit
929 755 1176 824 epistolis
1201 754 1566 810 circularibus
1597 769 1720 824 qua:
1750 756 1804 807 in
1847 769 1976 809 san-

393 847 500 901 ctis
533 846 795 902 Ecclesiis
820 847 1140 915 leguntur...
1160 845 1546 917 Virginitatem
1567 845 1823 900 Clemens
1846 844 1975 900 edo-

391 937 509 991 cuit
541 954 556 1004 ;
587 937 679 993 isti
713 939 1021 1009 repudiant.
1059 938 1151 993 llle
1177 940 1344 991 etiam
1374 935 1632 991 Davidem
1661 945 1716 990 et
1746 935 1970 991 Samso-

393 1044 518 1083 nem
544 1044 843 1100 omnesque
868 1030 1161 1099 prophetas
1183 1028 1558 1096 commendat;
1586 1028 1849 1083 Ebionitae
1871 1027 1968 1083 de-

395 1125 686 1174 testantur.
703 1139 722 1171 ι

464 1209 591 1268 Haec
639 1212 827 1277 verba,
903 1212 1212 1267 certissime
1272 1213 1408 1267 adeo
1461 1213 1609 1268 clare
1672 1211 1968 1281 designant

390 1303 652 1372 epistolas
685 1319 823 1373 quas
873 1306 941 1359 de
973 1303 1300 1376 Virginitate
1335 1306 1558 1374 scripsit
1590 1313 1816 1362 sanctus
1843 1307 1968 1363 Cle-

387 1410 566 1462 mens,
621 1407 682 1450 ut
732 1395 800 1452 de
849 1412 1038 1451 earum
1077 1398 1368 1452 existentia
1414 1397 1654 1451 dubitari
1705 1407 1962 1468 nequeat.

389 1486 702 1554 Enimvero,
734 1501 958 1545 sanctus
1002 1490 1276 1554 Clemens,
1310 1491 1467 1560 juxta
1517 1491 1737 1544 beatum
1772 1489 1966 1551 Hiero-

385 1599 633 1654 nymum,
649 1584 894 1638 omnium
920 1584 1161 1639 virorum
1182 1585 1606 1655 apostolicorum
1630 1592 1964 1655 martyrum-

385 1693 492 1747 que
519 1678 813 1732 sanctitate
844 1693 908 1733 ac
957 1679 1269 1748 eloquentia
1313 1679 1608 1733 illustrium
1647 1679 1742 1748 qui
1793 1680 1960 1734 hocce

2081 477 2434 548 archetypum
2465 480 2695 537 duarum
2727 479 3090 550 Epistolarum
3122 480 3190 533 ad
3225 478 3469 549 Virgines
3503 495 3516 529 :
3546 495 3667 534 νει-ί

2080 569 2163 624 sio
2189 571 2389 641 quippe
2422 571 2648 644 Syriaca
2672 575 2826 644 plura
2858 572 3202 629 conservavit
3233 571 3495 626 vocabula
3541 587 3664 640 quae

2079 677 2228 717 mere
2255 661 2444 718 Grzeca
2468 675 2597 719 sunt
2617 665 2716 736 (l).
2741 664 3012 735 Tempore
3027 678 3137 735 quo
3159 670 3384 719 sanctus
3417 661 3662 733 pontifex

2077 753 2320 824 scripsit,
2347 755 2495 809 nulla
2514 754 2868 825 probabiliter
2917 755 3187 810 existebat
3239 755 3417 808 adhuc
3468 768 3659 808 sacra—

2075 856 2197 899 rum
2246 845 2656 917 Scripturarum
2690 847 2871 902 versio
2934 846 3146 910 Latina,
3186 846 3378 900 saltem
3427 845 3662 899 authen-

2074 936 2182 990 tica
2211 951 2224 988 :
2259 945 2312 992 et
2341 938 2468 993 inde
2499 938 2698 1008 conjici
2729 945 2911 1008 potest
2938 953 3038 992 cur
3063 936 3250 991 Graece
3277 936 3461 1006 potius
3491 950 3658 1004 quam

2074 1026 2264 1082 Latine
2293 1035 2520 1083 sanctus
2547 1027 2801 1084 Clemens
2829 1043 2994 1098 opera
3033 1043 3133 1082 sua
3173 1026 3458 1096 scripserit
3485 1042 3498 1078 :
3529 1041 3659 1080 eum

2069 1121 2250 1182 enim,
2316 1129 2377 1174 ut
2441 1121 2777 1189 plurimum,
2847 1136 2915 1175 ex
2972 1121 3154 1176 verbis
3215 1119 3390 1174 sacris
3443 1133 3660 1174 sermo-

2070 1224 2194 1263 nem
2228 1224 2388 1263 suum
2421 1211 2678 1275 texuerit,
2736 1211 2912 1266 multo
2950 1210 3289 1264 commodius
3322 1217 3375 1264 et
3404 1210 3659 1264 securius

2069 1295 2240 1350 citare
2263 1304 2475 1365 poterat
2505 1300 2918 1356 translationem
2948 1299 3192 1355 Graecam
3220 1315 3341 1370 quae
3383 1300 3436 1354 in
3480 1300 3657 1352 mani-

2068 1382 2172 1440 bus
2217 1387 2464 1441 omnium
2519 1395 2660 1452 erat,
2727 1403 2890 1458 quam
2939 1388 3242 1443 sententias
3294 1386 3348 1440 in
3398 1385 3656 1439 Latinam

2066 1485 2280 1534 vertere
2315 1479 2576 1551 linguam.
2608 1478 2793 1536 Utitur
2807 1495 2938 1551 ergo
2959 1479 3162 1550 jugiter
3189 1477 3442 1532 versione
3461 1475 3653 1529 Graeca

2067 1565 2278 1624 Veteris
2303 1569 2662 1635 Testamenti,
2698 1572 2864 1626 etiam
2922 1570 3144 1642 quando
3173 1570 3240 1622 ab
3273 1567 3538 1623 llebraica
3569 1566 3652 1619 le-

2062 1659 2250 1715 ctione
2276 1663 2501 1717 recedit.
2529 1662 2685 1729 Quod
2715 1672 2868 1719 certe
2892 1677 3143 1731 magnam
3166 1660 3389 1715 denotat
3413 1658 3656 1727 antiqui-

383 1768 567 1822 tbema
597 1769 940 1825 tractandum
995 1777 1386 1840 susceperunt,
1429 1771 1822 1840 antesignanus
1852 1781 1956 1826 est.

2063 1761 2230 1808 tatem
2267 1755 2494 1810 istarum
2529 1755 2914 1826 Epistolarum.
2961 1753 3300 1810 Vetustatem
3341 1752 3505 1805 etiam
3564 1765 3655 1803 ar-

384 1857 497 1914 lmo
526 1862 594 1918 de
620 1863 811 1917 iisdem
843 1862 1101 1932 Epistolis
1149 1870 1387 1919 testatur
1442 1870 1666 1918 sanctus
1721 1862 1960 1935 Epipha-

382 1954 509 2010 nius
540 1969 656 2019 eas,
689 1957 869 2010 adhuc
899 1971 1002 2012 suo
1054 1964 1321 2026 tempore,
1384 1957 1441 2010 in
1499 1954 1758 2013 Ecclesiis
1789 1958 1959 2013 lectas

348 2059 351 2066 ‘
382 2044 572 2101 fuisse.
607 2045 864 2112 Quaedam
895 2049 1120 2118 insuper
1154 2055 1343 2102 narrat
1391 2065 1512 2118 quae
1533 2049 1588 2103 in
1622 2048 1708 2103 his
1739 2047 1961 2119 Episto-

381 2139 471 2202 lis,
505 2146 558 2194 et
584 2155 854 2210 nusquam
881 2141 1034 2204 alibi,
1067 2149 1297 2196 sanctus
1327 2139 1579 2195 Clemens
1609 2147 1807 2194 tractat
1833 2160 1845 2195 :
1879 2143 1959 2195 vi-

379 2230 600 2295 delicet,
647 2248 768 2302 quas
819 2233 1074 2298 attinent,
1122 2234 1224 2287 hac
1278 2235 1337 2289 in
1393 2248 1490 2297 re,
1547 2232 1615 2287 ad
1671 2231 1953 2300 Davidem,

380 2321 701 2378 Samsonem
731 2332 785 2378 et
819 2325 1133 2395 prophetas.

449 2413 776 2472 Lambertus
805 2414 1073 2472 Gruterus
1103 2413 1433 2478 Venradius,
1467 2415 1559 2486 qui
1585 2415 1694 2470 duo
1727 2415 1841 2470 fere
1863 2432 1962 2472 sa:-

376 2506 500 2561 cnla
524 2514 650 2562 ante
683 2506 1020 2563 Wetstinum
1052 2506 1352 2570 scribebat,
1379 2521 1642 2576 expresse
1677 2507 1832 2576 ponit
1857 2507 1958 2563 has

376 2593 653 2667 Epistolas
685 2598 828 2652 inter
862 2599 1036 2652 sancti
1084 2597 1382 2652 Clementis
1433 2598 1636 2666 scripta
1666 2613 1787 2668 quae
1809 2597 1960 2652 desi-

375 2690 656 2745 derantur.
717 2688 865 2744 ldem
926 2691 1094 2746 sentit
1144 2689 1436 2757 Baronius,
1479 2691 1572 2744 cui
1607 2689 1957 2748 Rondininus

373 2782 688 2838 consentire
709 2781 944 2838 videtur.

442 2874 628 2930 Abbas
663 2873 979 2938 Gratianus,
1006 2873 1099 2945 qui
1130 2889 1304 2944 nuper
1328 2873 1396 2929 de
1417 2873 1606 2929 Grzeco
1627 2876 1681 2930 in
1709 2873 1953 2932 Italicam

371 2962 616 3034 linguam
641 2964 885 3019 traduxit
913 2965 1142 3034 primam
1173 2964 1473 3034 Epistulam
1500 2966 1675 3020 sancti
1701 2965 1954 3022 Clemen-

373 3059 448 3113 tis
483 3055 549 3110 ad
577 3057 914 3125 Corinthios,
953 3073 1120 3128 super
1175 3057 1291 3113 haec
1322 3059 1484 3114 verba
1537 3075 1660 3129 qua:
1694 3077 1849 3115 num.
1885 3060 1954 3115 '58

2060 1848 2178 1916 guit
2206 1849 2451 1904 narratio
2480 1851 2704 1906 lotionis
2739 1851 2936 1921 pedum
2965 1865 3107 1920 quae,
3143 1846 3481 1917 temporibus
3525 1859 3660 1914 apo-

2061 1938 2289 2005 stolicis,
2315 1957 2345 1994 a
2366 1952 2635 2010 provectae
2661 1942 2838 1996 altatis
2880 1939 3202 1994 mulieribus
3232 1937 3408 1990 adhuc
3427 1948 3657 2005 perage-

2061 2030 2242 2096 batur,
2265 2041 2481 2104 etquae,
2517 2035 2574 2089 ni
2600 2034 2778 2100 fallor,
2822 2034 3024 2103 ubique
3070 2030 3308 2086 cessavit
3362 2035 3484 2100 post
3531 2026 3654 2081 dies

2059 2126 2488 2194 apostolicorum
2519 2128 2785 2184 virorum.
2826 2127 2997 2182 Nemo
3057 2123 3248 2180 mirari
3289 2123 3450 2177 debet
3498 2119 3652 2190 quod

2060 2225 2286 2274 sanctus
2314 2218 2566 2276 Clemens
2610 2220 2768 2276 initio
2795 2227 2848 2275 et
2875 2218 2982 2274 fine
3038 2218 3231 2272 barum
3283 2213 3650 2285 Epistolarum

2059 2317 2286 2365 vocetur
2313 2309 2622 2380 Discipulus
2650 2311 2800 2366 Petri
2829 2309 3080 2379 apostoli,
3112 2323 3236 2363 cum
3267 2307 3449 2377 potius
3504 2303 3654 2358 beati

2058 2395 2214 2453 Pauli
2239 2400 2543 2471 discipulus
2586 2411 2876 2457 censeatur
2908 2418 2921 2454 :
2955 2399 3219 2471 Origenes
3266 2397 3438 2461 enim,
3471 2395 3652 2450 sancti

2059 2489 2356 2548 Clementis
2397 2493 2544 2547 aetati
2587 2502 2699 2548 tam
2741 2493 2977 2559 vicinus,
3015 2494 3095 2548 sic
3139 2493 3255 2561 ipse
3307 2489 3547 2559 loquitur
3593 2487 3652 2540 in

2062 2584 2363 2640 Philocalia
2395 2585 2414 2616 ⁷
2455 2600 2468 2636 :
2504 2582 2745 2640 Clemens
2781 2584 3072 2649 Romanus,
3101 2584 3250 2638 Petri
3282 2581 3509 2651 apostoli
3561 2580 3650 2632 di-

2058 2673 2311 2742 scipulus.
2354 2672 2541 2744 Siqua
2573 2683 2832 2746 praetcrea
2865 2675 2998 2731 ﬁdes
3030 2674 3356 2745 quibusdam
3390 2672 3652 2742 [ἔθεος]ηέ-

2059 2769 2261 2821 tionum
2291 2767 2366 2837 (ἓ)
2400 2769 2813 2824 narrationibus
2846 2767 3206 2832 concedatur,
3237 2766 3448 2820 nullum
3479 2765 3652 2819 disci-

2057 2859 2246 2928 pulum
2278 2859 2362 2913 vel
2392 2861 2649 2914 comitem
2673 2860 2848 2930 magis
2878 2859 3162 2914 assiduum
3214 2873 3279 2912 ae
3327 2856 3647 2911 unanimem

2058 2951 2250 3006 habuit
2280 2952 2478 3007 beatus
2529 2951 2730 3008 Petrus
2771 2966 2936 3022 quam
2977 2958 3228 3006 sanetum
3284 2948 3643 3003 Clementem.

2057 3041 2200 3110 Quid
2224 3053 2404 3101 autem
2442 3045 2787 3109 incredibile,
2821 3045 2931 3099 imo
2965 3043 3093 3114 quid
3121 3057 3232 3096 non
3259 3039 3495 3094 maxime
3517 3053 3648 3107 pro-

373 3147 540 3218 hujus
571 3148 827 3218 Epistolas
858 3124 1248 3219 reperiuntur:
1307 3149 1414 3216 Qui
1441 3124 1599 3204 carne
1623 3160 1802 3205 castus
1853 3161 1953 3215 est,
1983 3124 2024 3181 ο
2059 3134 2238 3189 habile
2275 3135 2419 3205 (ιιιοό
2449 3143 2675 3190 Sanetus
2697 3134 2976 3199 Clemens:
3014 3135 3106 3211 qui
3134 3131 3414 3186 Romanus
3451 3137 3568 3184 ετθί
3590 3135 3647 3183 οι

369 3257 434 3294 ne
457 3241 759 3306 insolescat,
809 3243 978 3296 sciens
1041 3243 1209 3297 alium
1238 3259 1350 3297 esse
1388 3245 1478 3315 qui
1507 3245 1554 3299 el
1583 3245 1957 3299 continentiam

367 3331 576 3384 donat:
628 3332 742 3387 ait:
775 3351 794 3384 ι
822 3331 1055 3398 Quidam
1111 3335 1359 3389 sentiunt
1405 3334 1553 3390 hunc
1604 3335 1783 3390 locum
1810 3335 1957 3391 desi-

367 3425 522 3494 gnari
555 3439 587 3477 a
617 3435 808 3479 sancto
837 3424 1143 3496 Epiphanio
1188 3435 1242 3482 et
1289 3441 1321 3481 a
1375 3436 1570 3484 sancto
1597 3408 1952 3499 Hieronymo,

366 3517 590 3588 quando
617 3525 874 3574 asserunt
901 3528 1150 3574 sanctum
1180 3520 1517 3576 Clementem
1543 3522 1612 3576 de
1640 3522 1955 3592 virginitate

369 3611 739 3667 disseruisse:
783 3611 877 3666 sed
907 3613 1159 3681 quamvis
1196 3628 1456 3683 expresse
1506 3615 1580 3668 ibi
1627 3615 1832 3669 mentio
1862 3614 1954 3667 fiat

367 3702 437 3755 de
465 3702 716 3756 castitate
745 3712 796 3756 et
821 3704 1181 3766 continentia,
1214 3718 1339 3757 cum
1371 3704 1487 3758 haec
1512 3705 1709 3774 rapzim
1740 3713 1949 3759 tantum

367 3793 644 3858 dicantur,
688 3795 900 3850 videtur
930 3797 1271 3864 probabilius
1301 3797 1368 3852 de
1420 3798 1507 3852 his
1564 3797 1808 3853 materiis
1856 3813 1954 3853 ex-

367 3886 584 3941 tensive
609 3886 789 3951 modo,
842 3895 895 3942 ct
945 3903 1011 3942 ex
1049 3888 1297 3959 professo
1345 3899 1642 3945 tractatum
1695 3891 1865 3946 fuisse
1897 3891 1951 3944 in

368 3977 605 4048 quodam
626 3995 692 4034 ex
719 3980 974 4048 capitulis
1002 3981 1176 4036 sancti
1196 3980 1494 4037 Clementis
1514 3999 1635 4053 quae
1662 3999 1792 4039 casu
1827 3999 1952 4054 per-

366 4069 571 4124 ierunt.
603 4069 876 4124 Firmatur
903 4072 1017 4126 haac
1058 4074 1373 4144 conjectura
1404 4077 1695 4130 ratiocinio
1744 4085 1798 4131 et
1839 4093 1948 4132 non

365 4161 622 4233 ambigua
651 4164 955 4218 assertione
975 4165 1359 4234 praedictorum
1393 4175 1729 4224 sanctorum.
1747 4187 1765 4220 ι

438 4251 558 4308 Νοη
586 4255 667 4310 sic
697 4255 944 4325 profecto
975 4257 1193 4313 locutus
1232 4258 1426 4314 fuisset
1474 4260 1812 4316 honorabilis
1845 4261 1950 4316 iste

366 4347 624 4415 scriptor,
658 4347 703 4404 si
733 4349 798 4403 ad
825 4365 949 4404 eum
993 4353 1332 4420 pervenisset
1368 4355 1563 4408 notitia
1615 4355 1948 4411 inventionis

367 4438 735 4508 Epistolarum
794 4458 930 4512 quas
987 4445 1166 4498 denuo
1223 4446 1279 4499 in
1323 4445 1497 4501 lucem
1542 4447 1779 4511 edimus,
1827 4456 1949 4518 post

367 4529 700 4586 Wetstinum
731 4541 786 4588 et
809 4532 872 4587 Ι).
906 4533 974 4588 de
1002 4533 1326 4607 Prémagny.
1356 4536 1648 4600 Prin-terea,
1681 4553 1792 4592 non
1824 4547 1948 4592 tan-

365 4626 483 4673 tum
512 4623 750 4692 capitula
777 4624 1024 4693 quaedam
1050 4625 1293 4680 indicant
1322 4629 1497 4682 sancti
1530 4628 1864 4698 Epiphanius
1896 4639 1950 4684 et

367 4709 752 4782 Hieronymus,
785 4714 878 4769 sed
913 4713 1180 4784 Epistolas
1206 4715 1465 4788 integras.
1486 4717 1779 4775 Veniamus
1806 4735 1951 4776 nunc

363 4801 431 4854 ad
463 4801 815 4869 probationes
843 4802 1188 4859 intrinsecas.
1216 4803 1397 4858 Prima
1424 4807 1634 4860 eruitur
1670 4823 1736 4861 ex
1767 4807 1948 4877 lingua

368 4891 710 4961 primigenia.
734 4893 995 4958 Quamvis
1019 4903 1246 4949 sanctus
1276 4895 1532 4952 Clemens
1559 4904 1708 4951 esset
1746 4896 1949 4951 Roma-

367 5002 495 5050 nus,
527 4987 676 5040 nulla
708 4997 1077 5042 memorantur
1108 4989 1283 5059 ipsius
1315 4991 1520 5059 scripta
1567 5006 1690 5060 quae
1742 4989 1941 5045 Latino

366 5091 619 5131 sermone
649 5078 1001 5148 evulgaverit.
1033 5078 1218 5135 Graece
1247 5081 1469 5152 scripsit
1499 5082 1689 5138 ambas
1718 5081 1939 5152 Episto-

437 5280 460 5312 ⁸
488 5279 686 5351 Epiph.
717 5293 903 5336 contra
935 5283 1231 5348 Ebionitas,
1265 5285 1460 5341 halres.
1491 5287 1579 5350 50,
1609 5303 1657 5340 n.
1701 5287 1786 5341 15.

437 5418 516 5491 (l)
556 5419 818 5491 Exemplo
839 5424 949 5478 sint
973 5423 1092 5478 ista:
1111 5438 1274 5478 voces
1303 5443 1316 5478 :
1345 5423 1713 5487 Eucharistia,
1741 5426 1940 5487 asotia,

364 5486 680 5566 kindymos,
723 5486 963 5566 _pra.'t:is,_
1004 5495 1233 5566 schema,
1280 5498 1441 5558 laxis,
1477 5486 1733 5557 diathekc,
1782 5486 1938 5566 agon,

367 5559 648 5636 autoleagei,
678 5559 1054 5636 philadelphia,
1089 5564 1410 5631 philoxenia,
1440 5566 1792 5636 pliilargyria,
1817 5559 1936 5634 phi-

365 5626 640 5700 loproteja,
673 5626 1024 5700 paruiteislai,
1058 5626 1164 5690 etc.

438 5698 513 5769 (2)
539 5698 687 5770 Opus
717 5702 1144 5778 Recognitionum
1173 5705 1318 5776 quod
1350 5708 1419 5763 ab
1460 5707 1700 5779 antiquis
1747 5715 1938 5764 sancto

2056 3226 2424 3289 Christianus,
2457 3222 2642 3282 Roma:
2669 3235 2862 3284 sancto
2889 3225 3054 3282 Petro
3080 3224 3398 3287 adhaaserit,
3440 3221 3644 3291 ipsius-

2056 3334 2162 3389 que
2193 3319 2496 3390 discipulus
2529 3319 2693 3375 fuerit
2721 3320 2815 3374 diu
2853 3326 3147 3389 antequam
3179 3325 3404 3373 sanctus
3430 3313 3640 3370 Paulus

2055 3409 2284 3464 Romam
2309 3411 2556 3466 veniret?

2125 3504 2348 3558 Certum
2377 3511 2464 3560 est
2519 3512 2771 3559 sanctum
2827 3503 3162 3560 Clementem
3208 3502 3394 3556 Romae
3452 3510 3640 3555 natum

2055 3595 2230 3652 fuisse
2271 3607 2426 3667 patre
2465 3597 2669 3652 Fausto
2702 3613 2864 3668 quem
2924 3596 3333 3650 Faustinianum
3395 3595 3642 3663 plerique

2055 3690 2364 3754 nominant,
2399 3697 2569 3744 matre
2603 3705 2731 3744 vero
2756 3688 3036 3743 Mathidia.
3063 3689 3107 3742 A
3137 3689 3457 3757 parentibus
3478 3687 3645 3741 Athe-

2053 3797 2176 3844 nas,
2209 3782 2299 3836 ubi
2330 3791 2461 3835 tunc
2512 3782 2748 3835 maxime
2780 3781 3046 3836 florebant
3076 3781 3280 3842 studia,
3320 3780 3388 3834 ad
3420 3780 3643 3834 discen-

2052 3873 2179 3926 dam
2218 3872 2618 3943 philosophiam
2677 3873 2878 3927 missus
2929 3881 3014 3927 est
3048 3888 3060 3924 :
3090 3871 3349 3944 brevique
3395 3886 3643 3940 tempore

2053 3966 2298 4020 scientiae
2323 3966 2579 4036 princeps
2606 3965 2708 4018 fuit
2733 3966 3097 4020 existimatus.
3132 3964 3267 4020 Cum
3307 3973 3490 4019 autem
3516 3963 3641 4032 epi—

2051 4056 2276 4110 nionum
2307 4058 2543 4112 varietas
2573 4057 2867 4126 ancipitem
2897 4057 3050 4109 illum
3083 4055 3318 4110 elliceret
3340 4068 3639 4124 quamnam

2052 4151 2378 4207 sententiam
2399 4149 2818 4218 amplecteretur
2834 4147 2902 4202 de
2930 4147 3344 4201 sublimioribus
3357 4146 3642 4216 religionis

2049 4243 2465 4314 quaestionibus,
2488 4242 2544 4295 in
2563 4256 2758 4295 manus
2788 4239 3062 4309 Principis
3088 4239 3465 4308 apostolorum
3494 4239 3640 4292 inci-

2050 4336 2198 4392 disse
2229 4335 2425 4400 fertur,
2457 4342 2512 4389 et
2538 4336 2608 4388 ab
2630 4335 2817 4404 ipsoin
2831 4333 3358 4402 comitemitinerum
3377 4348 3640 4402 assump-

2054 4438 2163 4495 tus,
2185 4429 2264 4483 sic
2280 4429 2486 4484 subtali
2506 4429 2766 4498 magistro
2789 4426 3042 4496 profecit,
3066 4435 3142 4490 ut,
3170 4427 3360 4480 eodem
3377 4427 3634 4496 jubenle,

2057 4521 2462 4592 praedicationis
2479 4537 2676 4575 munus
2690 4533 3079 4588 nonnunquam
3095 4517 3361 4587 impleret.
3379 4515 3638 4584 Magnum

2055 4615 2252 4670 deinde
2300 4613 2529 4668 Paulum
2587 4611 2832 4676 audivit,
2885 4611 3250 4679 eumdemque
3316 4609 3640 4689 aliquandiu

2055 4710 2350 4764 comitatus
2375 4716 2458 4764 est
2490 4721 2502 4758 :
2529 4707 2615 4762 cui
2656 4707 2730 4760 ita
2761 4722 2819 4762 se
2848 4706 3118 4774 probavit,
3152 4714 3212 4760 ut
3233 4706 3302 4760 ab
3333 4705 3454 4774 ipso
3495 4705 3642 4758 inter

2057 4801 2362 4870 praecipuos
2393 4809 2447 4854 et
2478 4799 2858 4854 sanctissimos
2890 4797 3167 4868 Evangelii
3201 4799 3639 4853 collaboratores

2056 4893 2220 4948 fuerit
2249 4899 2569 4945 numeratus
2593 4891 2633 4944 ⁸.
2663 4887 2797 4952 lmo,
2830 4889 3043 4958 probati
3068 4890 3391 4958 scriptores,
3419 4897 3478 4942 ut
3506 4906 3638 4944 san-

2047 4993 2172 5040 ctus
2224 4984 2622 5054 Hieronymus,
2688 4981 3046 5051 probabiliter
3099 4990 3294 5051 putant
3347 4998 3376 5035 a
3438 4993 3636 5038 sancto

2047 5078 2214 5133 Paulo
2243 5086 2493 5132 sanctum
2521 5075 2854 5130 Clementem
2892 5075 3063 5130 fuisse
3108 5075 3413 5129 adhibitum
3453 5082 3515 5128 ut
3544 5076 3632 5130 in-

1933 5289 1953 5320 τ
1978 5287 2186 5342 Philoc.
2220 5303 2269 5342 c.
2294 5288 2386 5342 25.
2462 5288 2484 5318 ⁸
2510 5285 2744 5355 Philipp.
2775 5301 2848 5350 Iv,
2878 5284 2936 5339 5.

2047 5425 2316 5480 Clementi
2340 5424 2630 5487 tribuitur,
2689 5421 2813 5475 fuse
2861 5430 3052 5475 narrat
3102 5419 3399 5474 relationes
3449 5422 3631 5477 sancti

2045 5497 2345 5550 Clementis
2373 5511 2496 5549 cum
2521 5501 2714 5547 sancto
2741 5491 2925 5547 Petro.
2952 5491 2994 5545 A
3046 5489 3236 5545 Graeco
3279 5493 3333 5544 in
3369 5489 3621 5546 Latinum

2046 5581 2264 5620 versum
2290 5573 2373 5620 est
2407 5581 2435 5616 a
2476 5560 2696 5616 Rufino.
2735 5561 2939 5616 Omnes
2975 5561 3310 5616 confitentur
3349 5563 3417 5614 ab
3459 5561 3613 5615 hasre

2045 5637 2170 5690 ticis
2193 5642 2509 5703 corruptum
2529 5636 2695 5688 fuisse
2719 5633 2914 5688 librum
2929 5633 3074 5687 hunc
3093 5632 3387 5702 caateroqui
3407 5631 3619 5688 sublinit

2044 5707 2384 5777 philosophia
2411 5705 2648 5776 plenum.
