3908 6172
264 324 361 380 561

1225 319 1585 376 EPiSTOLz’E
1622 319 1710 373 AD
1747 316 2087 373 VIRGINES.
2124 348 2191 359 —
2232 316 2594 371 PRUUZMIA.

3405 316 3508 369 56"}

262 447 657 513 terpretaretur
716 437 1013 509 Epistolam
1049 438 1116 491 ad
1167 439 1415 493 Hebraeos
1464 447 1831 508 nuncupatam
1864 444 1909 499 Α
1938 435 2158 488 clesiam
2195 436 2480 489 occasione
2532 434 2694 503 hujus
2730 435 3132 504 publicationis.
3165 433 3508 491 Credendum

261 533 640 604 Clementiquc
666 532 944 586 dictatam.
971 531 1115 584 Idem
1137 530 1357 599 quidam
1401 529 1712 598 conjectant
1769 529 1835 583 de

261 627 499 680 secunda
530 625 674 679 beati
704 622 849 677 Petri
882 622 1141 692 Epistol'a.

328 717 567 773 Decebat
596 730 726 770 vero
755 716 917 768 talem
956 702 1132 767 virum
1158 713 1227 767 de
1264 712 1577 783 virginitate
1609 712 1835 781 ejusque

257 809 511 864 custodia
553 808 821 871 scribere,
852 823 1012 877 quem
1041 812 1313 860 testantur
1342 804 1549 874 antiqui
1581 812 1832 857 auctores

256 918 352 971 per
370 916 589 954 omnem
614 901 781 953 vitam
814 899 868 951 in
892 912 1026 967 pura
1059 906 1357 965 sanctaque
1380 896 1694 965 virginitate
1718 911 1835 964 per-

254 993 528 1046 mansisse
570 992 667 1062 ('5).
701 990 956 1044 Permisit
984 989 1200 1043 demum
1248 988 1509 1042 Dominus
1540 996 1598 1042 ut
1629 987 1832 1057 pretio—

254 1104 350 1143 sus
382 1088 475 1143 ille
517 1088 810 1141 thesaurus
860 1085 1050 1138 tandiu
1106 1084 1450 1140 desideratus
1483 1100 1513 1138 a
1561 1094 1831 1141 sectatore

250 1176 885 1247 pseudo-reformationis
914 1182 967 1229 et
1014 1177 1369 1241 inveniretur,
1415 1187 1469 1231 et
1512 1193 1831 1247 agnoscere.

248 1274 363 1328 tur,
392 1278 444 1321 et
480 1265 883 1321 defenderetur.
904 1263 982 1318 Ne
1013 1272 1191 1319 autem
1226 1265 1349 1319 talis
1373 1266 1614 1321 inventio
1638 1269 1694 1320 in
1725 1268 1829 1321 ful-

246 1371 490 1413 mentum
516 1358 698 1412 veniat
732 1357 1013 1411 catholicze
1041 1357 1320 1418 doctrinae,
1342 1357 1463 1412 inde
1483 1359 1827 1412 occasionem

245 1450 417 1503 sumit
442 1450 694 1503 inventor
724 1448 1063 1503 declamandi
1095 1454 1288 1501 contra
1312 1447 1637 1515 Eeclesiam,
1672 1450 1823 1520 quia,

244 1541 299 1594 in
338 1541 425 1595 his
451 1539 735 1611 Epistolisc
764 1541 897 1594 nihil
928 1539 1217 1609 reperitur,
1251 1547 1310 1593 ut
1334 1541 1409 1593 ait
1452 1541 1562 1605 ille,
1589 1542 1655 1596 de
1678 1542 1826 1597 hier-

239 1632 468 1694 archia,
496 1633 628 1686 nihil
668 1633 737 1688 de
773 1633 1100 1686 monachatu
1147 1643 1199 1686 et
1234 1634 1498 1689 C(enobiis
1520 1674 1535 1697 ,
1570 1634 1704 1687 nihil
1756 1634 1825 1688 de

238 1724 493 1779 terminis
523 1732 577 1778 et
606 1724 853 1778 formulis
880 1724 1134 1793 loquendi
1172 1740 1270 1796 per
1311 1726 1541 1779 concilia
1586 1730 1820 1784 inventis

236 1824 291 1870 et
323 1817 577 1881 sancitis,
605 1831 635 1868 a
666 1816 869 1885 quibus
898 1817 981 1869 vix
1009 1830 1067 1870 se
1090 1816 1445 1872 abstinuisset
1497 1818 1819 1873 sazculorum

236 1907 589 1976 sequentium
621 1906 877 1974 scriptor.
917 1921 936 1956 ι

309 1998 507 2052 Studio
533 2007 695 2052 sectae
733 2012 844 2051 sua:
873 1997 1134 2066 abreptus
1165 2002 1218 2049 et
1238 1996 1565 2062 oheaecatus,
1594 1996 1820 2053 Wetsti-

234 2109 341 2147 nus
375 2107 487 2145 non
516 2090 901 2144 animadvertit
931 2105 1009 2152 se,
1054 2091 1145 2143 tali
1183 2091 1602 2155 declamatione,
1638 2092 1819 2146 infen-

232 2199 358 2238 sum
399 2183 646 2253 praebere
684 2183 1054 2235 monumentis
1084 2183 1247 2236 etiam
1281 2184 1481 2259 quibus
1534 2185 1649 2253 ipse
1701 2188 1818 2239 sin-

230 2290 359 2331 cera
386 2290 454 2328 ac
472 2275 698 2327 immota
721 2273 1068 2327 veneratione
1089 2274 1346 2328 adhaeret.
1374 2273 1813 2344 Agnoscitcerte,

228 2384 356 2423 cum
384 2368 645 2422 omnibus
674 2365 923 2429 eruditis,
955 2366 1423 2420 authenticitatem
1456 2367 1641 2436 primae
1685 2367 1811 2437 Epi-

230 2460 387 2514 stolte
415 2458 592 2514 sancti
621 2456 919 2511 Clementis
945 2456 1012 2509 ad
1057 2454 1372 2511 Corinthios
1418 2472 1579 2526 quam
1611 2458 1815 2512 invenit

229 2566 295 2606 ac
332 2550 615 2619 evulgavit
644 2547 841 2602 Junius
860 2546 1131 2602 Patricius
1161 2547 1512 2617 Anglicanus.
1543 2548 1597 2604 In
1630 2551 1813 2605 multis

225 2658 393 2713 porro
424 2643 593 2710 hujus
624 2640 875 2710 Epistolze
899 2639 1055 2703 locis,
1089 2640 1395 2695 hierarchia
1435 2643 1580 2697 clare
1610 2658 1814 2697 memoe

226 2744 403 2797 ratur,
426 2733 523 2789 sed
548 2732 744 2786 nullihi
794 2730 977 2786 forsan
1013 2730 1353 2801 splendidius
1394 2749 1556 2802 quam
1605 2750 1659 2788 n.
1717 2734 1808 2797 40,

228 2827 293 2880 de
346 2841 460 2896 quo
509 2825 825 2879 exscribere
868 2823 1022 2892 juvat
1045 2823 1209 2877 verba
1264 2839 1385 2892 quae
1444 2833 1805 2894 sequuntur:

233 2932 252 2964 ι
293 2912 524 2969 Summo
552 2912 823 2967 sacerdoti
860 2928 957 2967 sua
988 2913 1174 2965 munia
1211 2913 1413 2968 tributa
1445 2924 1605 2980 sunt,
1637 2923 1693 2970 et
1721 2931 1805 2971 sa-

224 3004 542 3059 cerdotibus
567 3004 721 3058 locus
752 3004 1004 3074 proprius
1044 3008 1354 3075 assignatus
1383 3014 1490 3070 est,
1522 3014 1574 3060 et
1622 3006 1806 3064 levitis

1938 533 2022 578 est
2053 533 2181 578 tunc
2210 526 2279 580 ab
2318 525 2410 578 illo
2432 525 2779 594 praefocatam
2814 526 2984 581 fuisse
3018 528 3364 581 conscientiae
3389 544 3509 597 pro-

1939 618 2068 687 price
2099 632 2282 671 vocem
2314 617 2461 671 intus
2511 626 2699 671 contra
2745 618 2923 687 ipsum
2953 620 3368 684 reclamantem;
3414 621 3510 674 sed

1935 709 2060 761 talis
2098 717 2181 762 est
2214 709 2411 777 saepius
2446 709 2689 762 conditio
2718 724 2907 764 eorum
2950 709 3043 778 qui
3106 725 3164 763 se
3212 713 3510 780 tyrannicae

1935 800 2163 854 limresis
2185 800 2317 870 jugo
2342 801 2744 871 manciparunt,
2779 808 2838 854 ut
2870 815 2981 854 non
3036 803 3260 855 credant
3312 802 3415 856 sibi
3444 803 3509 856 li-r

1934 910 2058 949 cere
2090 896 2255 950 unius
2288 894 2536 949 veritatis
2562 894 3026 964 praedicationem,
3059 895 3191 963 quin
3224 895 3386 949 simul
3417 896 3506 949 lae-

1934 986 2064 1039 dant
2092 986 2399 1040 columnam
2422 993 2475 1039 et
2508 986 2903 1041 firmamentum
2930 986 3194 1041 veritatis.

2002 1076 2170 1149 Igitur
2221 1076 2526 1132 Wetstinus
2571 1077 2705 1131 satis
2746 1078 2957 1132 insulse
3012 1079 3286 1134 invehitur
3310 1080 3364 1133 in
3397 1079 3508 1132 Ro-

1931 1182 2148 1220 manam
2181 1166 2505 1229 Eeclesiam,
2533 1165 2719 1218 dicens
2751 1165 2879 1218 huic
2923 1165 3212 1236 displicere
3263 1165 3508 1235 discipli-

1931 1273 2055 1311 nam
2085 1259 2139 1312 in
2171 1257 2437 1328 Epistolis
2468 1257 2643 1311 sancti
2671 1256 2967 1311 Clementis
3015 1257 3269 1311 traditam
3309 1277 3321 1311 :
3356 1257 3506 1311 ideo,-

1929 1364 2035 1417 que
2091 1350 2189 1404 has
2253 1350 2323 1404 ab
2375 1348 2620 1404 Ecclesia
2675 1356 2913 1403 semotas
2945 1362 3042 1418 per
3072 1355 3152 1401 tot
3192 1348 3390 1401 saecula
3420 1349 3503 1400 Ia-

1927 1438 2103 1493 tuiss'e
2137 1460 2149 1494 :
2177 1459 2195 1490 c
2235 1440 2427 1494 Solent
2469 1440 2636 1503 enim,
2696 1438 2793 1506 ait,
2841 1439 2935 1509 qui
2964 1440 3017 1492 in
3050 1438 3294 1492 Ecclesia
3324 1438 3503 1493 domi-

1926 1538 2149 1595 nantur,
2178 1548 2307 1594 non,
2331 1534 2475 1602 quod
2501 1547 2610 1604 prae
2631 1547 2690 1586 se
2714 1530 2915 1597 ferunt,
2939 1546 3120 1586 mores
3146 1546 3275 1594 suos
3305 1541 3358 1585 et
3384 1531 3504 1600 opi-

1925 1628 2119 1682 niones
2143 1629 2207 1682 ad
2236 1629 2539 1683 doctrinam
2568 1630 2695 1685 olim
2724 1631 2976 1685 traditam
3006 1630 3371 1692 conformare,
3404 1631 3499 1684 sed

1925 1718 2229 1774 doctrinam
2261 1728 2498 1777 veterem
2526 1722 2591 1776 ad
2629 1739 2810 1777 mores
2838 1730 2892 1777 ct
2925 1722 3212 1793 opiniones
3243 1721 3327 1776 sui
3359 1729 3498 1775 tem-

1851 1793 1894 1847 Β
1922 1811 2073 1877 poris
2123 1810 2432 1879 inﬂectere;
2467 1820 2520 1866 et
2552 1814 2641 1867 ubi
2681 1814 2847 1868 nimis
2883 1813 3209 1868 manifestus
3258 1820 3340 1867 est
3385 1812 3501 1867 dis-

1923 1914 2143 1963 sensus,
2181 1911 2273 1956 aut
2299 1902 2349 1955 vi
2389 1918 2571 1972 agere,
2599 1912 2691 1957 aut
2716 1902 2950 1959 ﬂammis
2987 1903 3156 1959 libros
3187 1904 3495 1958 abolete...

1920 1989 2141 2049 Minime
2166 2002 2350 2049 tamen
2374 1994 2603 2051 decebat
2621 2003 2680 2049 ut
2704 1996 2771 2050 ab
2804 1996 2889 2051 his
2927 1996 3021 2065 qui
3054 2012 3112 2051 se
3142 1995 3497 2048 traditionum

1919 2090 2163 2137 veterum
2195 2086 2581 2141 tenacissimos
2612 2102 2736 2141 esse
2772 2087 3094 2157 gloriantur,
3119 2085 3500 2155 repudiaretur

1918 2175 2172 2230 Clemens
2202 2186 2391 2232 noster
2421 2178 2514 2246 qui
2537 2179 2672 2232 vidit
2702 2179 2891 2233 beatos
2921 2178 3218 2248 apostolos,
3269 2184 3324 2231 et
3370 2191 3494 2230 cum

1917 2269 2025 2322 illis
2056 2276 2412 2324 conversatus
2435 2268 2556 2334 fuit,
2582 2279 2636 2325 et
2668 2269 2847 2323 adhuc
2884 2272 2937 2325 in
2966 2270 3197 2323 auribus
3228 2268 3496 2338 praedica—

1917 2359 2119 2411 tionem
2155 2359 2549 2427 apostolorum,
2570 2368 2623 2413 et
2652 2360 2998 2414 traditionem
3024 2375 3133 2430 pra:
3181 2359 3354 2413 oculis
3398 2357 3498 2412 ha-

1915 2447 2257 2503 beatUHas
2286 2449 2518 2517 injurias
2548 2451 2847 2518 protulisse
2876 2467 2986 2505 non
3010 2457 3321 2514 contentus,
3343 2449 3495 2502 addit

1916 2536 2223 2593 Wetstinus
2256 2558 2275 2590 ι
2310 2538 2557 2593 Clericos
2587 2555 2696 2593 non
2726 2541 2838 2610 pati
2864 2555 2923 2595 se
2966 2540 3168 2611 privari
3219 2538 3496 2592 familiari-

1914 2636 2023 2683 tate
2041 2645 2163 2683 eum
2196 2631 2545 2697 mulieribus;
2576 2631 2807 2687 feminas
2824 2632 3094 2686 dominari
3115 2632 3169 2685 in
3193 2630 3489 2691 Ecclesias,

1913 2719 1984 2773 ita
2011 2728 2069 2773 ut
2098 2721 2503 2776 desacerdotali
2536 2723 2705 2793 gradu
2730 2722 3099 2791 favorjudicet
3128 2722 3486 2783 feminarum;

1911 2814 2175 2880 praesules
2214 2812 2473 2867 Ecclesia:
2506 2813 2603 2867 has
2627 2814 2924 2869 Clementis
2956 2813 3251 2884 Epistolas,
3283 2811 3338 2865 in
3367 2809 3491 2879 qui-

1910 2908 2012 2961 bus
2031 2907 2210 2963 victus
2234 2916 2344 2961 tam
2370 2909 2553 2963 tenuis
2583 2909 3020 2973 commendatur,
3073 2916 3129 2963 et
3176 2922 3244 2961 ne
3294 2906 3486 2960 umbra

1908 2999 2129 3068 quidem
2164 3002 2508 3056 auctoritatis
2552 3000 2846 3070 reperitur,
2896 2999 3295 3069 contempsisse
3324 3005 3487 3069 atque

226 3110 323 3149 sua
348 3096 901 3149 muniaincumbunt.
934 3093 1107 3149 Homo
1134 3097 1307 3152 laicus
1339 3097 1623 3168 ριτωερριῖε
1652 3099 1805 3156 micis
1834 3129 1877 3185 ο
1912 3088 2205 3158 abjecisse,
2236 3107 2360 3144 cum
2389 3091 2550 3145 hodie
2586 3092 2675 3145 vel
2700 3089 2869 3144 intimi
2896 3090 3105 3144 ordinis
3135 3091 3369 3145 clericus
3418 3090 3485 3143 ad

222 3184 643 3253 constringitur.
690 3203 712 3237 ι

296 3276 468 3332 Unice
496 3283 555 3327 ut
594 3275 957 3330 hierarchiam
984 3283 1345 3345 agnoscerent
1388 3284 1442 3331 et
1476 3293 1806 3333 veneraren-

223 3374 314 3421 tur
345 3367 554 3434 scripta
587 3365 766 3419 fuerat
796 3366 909 3421 haec
954 3365 1193 3437 Epistola
1223 3367 1289 3420 ad
1320 3367 1661 3433 Corinthios,
1710 3371 1803 3440 qui

216 3461 453 3515 monitis
483 3459 662 3514 sancti
694 3459 991 3515 Clementis
1019 3460 1361 3523 obedientes,
1392 3459 1457 3513 ad
1482 3462 1804 3517 submissio-

216 3566 345 3605 nem
376 3559 432 3603 et
457 3565 647 3619 pacem
665 3549 871 3604 reversi
903 3557 1050 3603 sunt.
1085 3549 1158 3604 De
1188 3550 1513 3603 monachatu
1539 3560 1592 3605 et
1617 3567 1803 3606 emno-

216 3640 325 3696 biis
383 3656 573 3696 verum
610 3648 697 3695 est
745 3649 993 3695 sanetum
1045 3641 1376 3696 Clementem
1401 3659 1501 3697 nec
1558 3644 1798 3699 locutum

215 3730 413 3795 fuisse,
453 3747 558 3785 nec
609 3732 758 3802 loqui
792 3733 1056 3803 potuisse,
1087 3749 1209 3787 cum
1242 3742 1483 3804 tempore
1531 3750 1632 3791 suo
1687 3738 1791 3791 ista

217 3840 330 3878 non
368 3822 711 3890 existerent;
746 3825 840 3881 sed
872 3826 1113 3896 virgines
1143 3826 1301 3881 docet
1356 3828 1480 3896 pius
1531 3828 1794 3897 pontifex,

214 3926 274 3973 ut
303 3919 453 3973 inter
480 3918 771 3972 saeculares
799 3918 855 3973 in
879 3918 1067 3973 eadem
1092 3920 1276 3973 vivant
1315 3920 1647 3989 perfectione
1675 3940 1797 3993 quae

214 4024 245 4062 a
280 4008 574 4062 monachis
594 4016 779 4078 postea
822 4016 877 4063 et
913 4009 1203 4065 coanobitis
1232 4010 1519 4065 observata
1551 4022 1654 4068 est.
1684 4014 1794 4069 Nec

214 4101 455 4156 diﬂiteor
485 4102 646 4155 etiam
683 4101 770 4155 his
800 4102 856 4155 in
884 4100 1143 4172 Epistolis
1172 4117 1281 4157 non
1311 4104 1543 4173 reperiri
1584 4104 1794 4159 formu—

215 4193 297 4249 las
319 4193 581 4264 loquendi
609 4193 988 4249 conciliorum.
1021 4192 1158 4249 Hinc
1188 4210 1290 4264 ego
1311 4212 1530 4266 quoque
1564 4198 1793 4252 authen-

212 4285 483 4339 ticitatem
540 4284 735 4339 harum
801 4284 1167 4353 Epistolarum
1226 4285 1387 4342 facile
1440 4289 1785 4355 concludam,

211 4372 378 4429 modo
399 4374 486 4428 his
510 4374 876 4429 sanctissimis
907 4374 1140 4429 coetibus
1169 4375 1303 4429 nihil
1330 4376 1668 4434 detrahatur.

555 4571 783 4610 INSULSE
814 4572 1081 4611 WETS'UNI
1127 4573 1448 4614 ιΝνιεετινιε.

278 4644 509 4699 Gratum
550 4645 791 4698 animum
823 4647 982 4700 unice
1009 4647 1311 4714 exprimere
1340 4649 1631 4705 voluissent
1662 4666 1790 4721 erga

209 4736 546 4791 Wetstinum
586 4753 685 4806 pro
722 4737 982 4792 beneficio
1023 4737 1168 4807 quod
1224 4737 1485 4795 Ecclesiae
1514 4748 1567 4795 et
1604 4742 1790 4795 erudi-

208 4830 350 4883 tioni
373 4830 629 4900 prmstitit
654 4829 753 4884 has
784 4832 1107 4899 publicando
1137 4836 1309 4891 sancti
1341 4833 1641 4889 Clementis
1658 4834 1786 4904 Epi-

206 4923 411 4987 stolas;
433 4921 530 4976 sed
550 4921 793 4976 dolorem
822 4923 979 4978 simul
1012 4927 1266 4982 cohibere
1305 4942 1415 4981 non
1460 4925 1604 4987 licet,
1637 4928 1783 4995 quod

207 5014 382 5083 gratis
403 5021 514 5067 tam
544 5013 810 5085 injustum
839 5029 897 5071 se
916 5016 1227 5071 exhibuerit
1254 5031 1382 5087 erga
1414 5023 1660 5071 sanctam
1690 5017 1787 5073 Ec-

316 5189 339 5220 ’
373 5186 432 5242 S.
466 5184 609 5242 Iren.
630 5187 770 5244 Ααυ.
813 5189 967 5259 Imm,
997 5190 1145 5255 Lm,
1179 5192 1300 5248 0.5.

276 5384 356 5450 (3)
576 5385 977 5463 testimonium_
1012 5389 1285 5463 invenitur
1341 5391 1393 5444 in
1462 5394 1785 5463 quibusdam

202 5452 612 5534 eventplarihus
634 5454 907 5534 Epistula;
1036 5461 1220 5530 lgnatii
1252 5452 1505 5534 martyris
1527 5465 1593 5517 ad
1626 5464 1777 5517 Phil-

205 5525 585 5603 adelphienses.
632 5524 817 5595 Ibique
842 5527 1029 5603 alludit
1042 5524 1263 5586 sanctus
1282 5524 1479 5603 praesul
1506 5535 1791 5588 Antioche-

204 5608 323 5674 nus
369 5595 602 5674 consilio
641 5610 669 5647 a
699 5595 1606 5674 sancto___Clemente‘adVirgines
1657 5605 1786 5657 dato

204 5662 457 5742 imitandi
492 5662 818 5742 Petrum}:
871 5665 1177 5742 Filium,_et
1204 5662 1481 5739 Spiritum”
1516 5684 1780 5728 sanctum.

210 5730 268 5785 Si
296 5732 521 5788 vitiatus
556 5734 717 5790 fuerit
744 5736 848 5791 iste
899 5730 1292 5811 sancti—[gnatii
1336 5743 1667 5809 locus,eum
1726 5746 1781 5798 iu

492 5829 761 5890 PA'I‘ROL.
796 5830 913 5891 Gn.
954 5833 1002 5893 Ι.

1911 3185 2231 3254 dignitatem
2266 3200 2421 3237 suam
2474 3185 2749 3255 pertinere
2774 3184 3007 3253 judicet,
3039 3191 3102 3237 ut
3154 3193 3209 3238 et
3267 3185 3484 3239 iautiori

1910 3278 2036 3331 cibo
2060 3284 2336 3342 vescatur,
2379 3283 2434 3330 et
2478 3277 2531 3329 in
2582 3276 2984 3346 spiritualibus,
3034 3291 3320 3345 personam
3360 3293 3487 3346 apo-

1908 3370 2032 3424 stoli
2059 3369 2141 3424 vel
2159 3369 2435 3437 prophetae
2454 3369 2557 3422 sibi
2584 3374 2785 3422 sumat.
2828 3385 2846 3418 ι
2882 3366 3142 3432 Tandem,
3172 3368 3264 3421 vix
3304 3380 3484 3437 sperat

1907 3457 2216 3514 Wetstinus
2236 3458 2335 3513 has
2357 3459 2629 3528 Epistolas
2662 3457 3004 3511 authenticas
3036 3458 3258 3527 agnosci
3290 3459 3358 3515 ab
3396 3459 3481 3513 bis

1905 3563 2139 3618 quorum
2187 3564 2368 3603 mores
2396 3564 2503 3603 non
2535 3554 2683 3611 sunt,
2737 3553 2796 3600 ut
2837 3546 2934 3614 ait,
2983 3546 3177 3601 harum
3217 3547 3481 3601 doctrina:

1903 3641 2236 3697 conformes.
3344 3696 3373 3738 ν

2210 3838 2495 3877 ιιεεροιιειο
2532 3837 2837 3879 ιΝνεοτινῖδ
2871 3840 3161 3879 WETSTINI.

1971 3912 2271 3968 Minoribus
2336 3914 2589 3981 expensis
2654 3920 2867 3983 poterat
2918 3912 3225 3967 Wetstinus
3276 3910 3474 3966 famam

1902 4005 2123 4059 uiantis
2154 4005 2428 4073 reformati
2460 4006 2566 4059 sibi
2583 4005 3194 4075 conquirere,quamvis
3224 4004 3469 4061 dubitem

1895 4112 2027 4150 num
2059 4097 2239 4165 reipsa
2269 4096 2640 4166 acquisiverit.
2692 4096 2835 4163 Quot
2874 4114 3109 4168 namque
3145 4101 3474 4167 persecutio-

1894 4207 2011 4255 nes,
2032 4196 2170 4263 apud
2192 4211 2343 4260 suos,
2386 4197 2554 4251 subiit
2600 4205 2824 4267 pr0pter
2850 4192 3214 4263 Epistolarum
3245 4197 3470 4249 istarum

1892 4285 2342 4354 publicationem!
2382 4286 2507 4357 Ipsi,
2532 4289 2729 4342 nedum
2762 4287 2815 4341 in
2847 4286 3211 4355 patrocinium
3241 4286 3472 4340 authen-

1894 4377 2120 4431 ticitatis
2154 4394 2316 4447 quam
2342 4379 2674 4443 vindicabat,
2704 4379 2944 4432 faverent
2979 4376 3469 4431 declamationibus

1816 4473 1861 4527 D
1889 4470 2008 4537 ejus
2030 4478 2219 4524 contra
2241 4470 2539 4527 Ecclesiam
2571 4481 2625 4528 et
2657 4474 2863 4527 clerum
2901 4470 3251 4534 catholicum,
3281 4471 3335 4523 in
3374 4469 3471 4524 de-

1891 4564 2243 4619 clamatorem
2279 4571 2457 4636 ipsum
2483 4566 2800 4622 debacchati
2839 4573 2989 4620 sunt.
3028 4563 3141 4616 lmo
3178 4562 3290 4616 fere
3328 4562 3470 4614 inter

1893 4656 2358 4712 solosCatholieos
2386 4657 2751 4728 Epistolarum
2786 4655 3176 4710 authenticitas
3213 4652 3469 4707 defenso-

1890 4761 1980 4800 res
2016 4752 2070 4798 et
2123 4746 2416 4803 advocatos
2471 4750 2714 4803 invenit..
2748 4748 2849 4803 Hic
2893 4747 3206 4802 memorabo
3253 4753 3464 4799 tantum

1891 4836 2131 4891 Diarium
2162 4828 2509 4905 eruditorum,
2542 4841 2746 4896 mensis
2779 4840 2906 4896 Jun.
2941 4841 3046 4893 vol.
3081 4837 3173 4901 XI,
3213 4838 3372 4900 1758,
3408 4853 3459 4905 p.

1890 4928 2015 4983 446.
2040 4929 2287 4984 Diarium
2321 4932 2465 4986 istud
2509 4932 2712 4987 fatetur
2751 4934 2946 4987 harum
2979 4930 3344 5002 Epistolarum
3380 4930 3465 4983 in-

1890 5021 2201 5078 ventionem
2222 5039 2345 5079 esse
2371 5026 2592 5079 maximi
2615 5026 2906 5092 momenti;
2930 5024 3321 5079 Commentaria
3345 5022 3467 5075 Tri-

1894 5394 2141 5464 pluribus
2166 5394 2569 5464 exemplaribus
2581 5395 2780 5450 existat
2795 5394 3065 5463 ejusmodi
3091 5392 3459 5462 interpolatio,

1890 5481 2012 5534 quae
2048 5465 2401 5533 probabiliter
2445 5467 2687 5519 anterior
2713 5466 3101 5520 estamissioni
3145 5471 3459 5534 nostrarum

1892 5532 2278 5605 Epistolarum,
2337 5535 2667 5590 credendum
2717 5544 2800 5588 est
2845 5535 2915 5587 ab
2943 5535 3144 5605 eisdem
3201 5532 3460 5605 Epistolis

1890 5603 2193 5660 nt'utuatam
2227 5606 2395 5660 fuisse
2419 5607 2796 5661 invitationem
2821 5604 3068 5656 imitandi
3101 5611 3211 5657 tres
3226 5603 3454 5657 sanctis-

1891 5677 2039 5730 simae
2098 5667 2386 5729 Trinitatis
2445 5673 2915 5745 personaszquod
2970 5682 3116 5727 certe
3163 5688 3361 5728 novum
3405 5678 3454 5725 ei

1887 5760 2051 5815 grave
2078 5745 2278 5813 prtehet
2311 5746 2741 5802 authenticitatis
2768 5757 3169 5813 argumentum.
3209 5775 3213 5791 ι

3140 5839 3213 5898 12
