3908 6172
409 332 522 386 365

1235 321 1290 375 S.
1328 316 1719 374 CLEMENTIS
1753 316 1770 370 ι
1806 313 1973 370 ΒΟΜ.
2006 310 2210 367 PONT.
2247 310 2473 367 OPERA
2506 308 2826 365 GENUINA.

3554 300 3660 354 36L

409 446 638 500 roltt'tma
658 485 672 507 ,
698 445 837 514 Aug.
856 482 873 507 ,
912 440 1073 507 1758,
1102 456 1157 511 p.
1190 439 1368 504 2076;
1407 435 1732 498 Codescard,
1762 436 1818 490 in
1866 434 1985 487 Vita
2017 434 2062 491 Δ
2089 437 2313 501 paverat
2337 428 2624 500 dispoliari
2646 426 3030 497 ﬂagitaverunt
3053 429 3109 479 et
3134 418 3490 476 obtinuerunt
3514 429 3663 471 anno

406 538 575 593 sancti
602 535 925 599 Clementis;
948 534 1182 598 Caillau,
1214 533 1269 587 in
1316 531 1505 585 selecta
1533 529 1846 585 Collectione
1882 526 1988 580 Pa-

407 641 548 686 trum
576 629 653 703 (4)
678 647 692 697 ;
720 636 827 684 etc.

477 724 660 779 Hocce
698 722 1029 793 judiciorum
1063 720 1359 776 discrimen
1406 718 1685 775 evidenter
1734 716 1987 771 demons-

406 825 517 872 trat
548 815 735 887 quibus
774 814 1103 883 displicuerit
1143 813 1387 867 doctrina
1412 814 1465 865 in
1507 809 1759 879 Epistolis
1790 808 1985 861 nostris

409 910 644 975 tradita,
716 909 903 979 quique
967 907 1091 961 illas
1157 922 1358 975 setnper
1430 905 1650 960 latuisse
1713 911 1985 972 peroptas-

407 1012 539 1058 sent.

479 1116 635 1185 Quod
678 1116 856 1173 sentio
888 1112 1119 1170 candide
1156 1112 1408 1166 fatebor:
1449 1108 1637 1166 nescio
1667 1115 1851 1162 utrum
1881 1106 1984 1161 sub

408 1210 806 1266 infelicioribus
869 1206 1132 1277 auspiciis
1200 1219 1362 1273 quam
1410 1202 1515 1258 sub
1575 1198 1880 1271 patrocinio
1930 1205 1984 1251 et

406 1310 651 1373 tempore
690 1299 973 1363 Wetstiui,
1025 1299 1107 1352 ha:
1132 1297 1383 1367 pretiosa:
1426 1293 1683 1364 Epistolaa
1714 1288 1981 1361 publicari

407 1392 703 1463 potuerint.
722 1390 1017 1447 Caelibatus
1034 1386 1562 1459 pseudo-reformatis
1584 1396 1799 1451 semper
1829 1378 1981 1434 odio-

408 1485 455 1541 si
502 1484 717 1557 quidam
743 1483 1062 1552 reformatus
1093 1479 1397 1551 apologiam
1425 1473 1772 1531 incunabulis
1796 1469 1982 1525 Eccle-

407 1572 501 1629 siae
544 1580 875 1626 coaetaneam
932 1570 991 1624 in
1037 1570 1211 1623 lucem
1273 1566 1510 1622 edebat:
1543 1565 1840 1619 Lutherum
1868 1561 1980 1615 dis-

405 1664 623 1736 cipulus
650 1663 874 1719 Lutheri
906 1663 1197 1734 pungebat.
1225 1658 1359 1726 Quis
1383 1660 1554 1723 favor,
1585 1676 1649 1715 ex
1675 1660 1775 1712 hac
1806 1665 1975 1728 parte,

406 1758 743 1828 sperandus?
770 1757 825 1811 In
854 1771 1109 1828 proceres
1135 1755 1266 1809 cleri
1306 1753 1583 1817 catholici,
1609 1767 1718 1807 non
1756 1751 1981 1805 lacessi-

405 1861 516 1913 tus,
554 1851 911 1907 indistinctim
954 1849 1256 1903 calumnias
1293 1856 1586 1910 struxerat,
1635 1844 1769 1915 ipsis
1801 1843 1979 1914 impu—

407 1942 574 1998 tando
605 1959 787 1999 mores
834 1957 1145 2013 perversos,
1179 1940 1513 2011 bypocrisim
1543 1954 1606 1992 ac
1645 1936 1977 1991 voluntatem

408 2036 763 2092 comburendi
820 2037 988 2090 libros
1046 2050 1278 2106 quorum
1318 2034 1567 2090 doctrina
1614 2048 1721 2087 non
1770 2038 1981 2102 poterat

405 2130 475 2185 ad
520 2144 732 2193 eorum,
796 2138 855 2183 ut
906 2128 1121 2194 aiebat,
1181 2128 1502 2199 pravitatem
1569 2133 1624 2182 et
1678 2125 1979 2197 nequitiam

407 2221 631 2277 inflecti.

480 2310 766 2368 Maledicta
797 2328 898 2368 nec
918 2312 973 2366 in
1001 2318 1203 2367 sectam
1223 2311 1561 2367 accusatoris
1588 2326 1692 2366 nec
1716 2311 1771 2365 in
1802 2309 1981 2381 ipsum

400 2413 787 2462 accusatorem
813 2421 1056 2476 regerant
1087 2424 1101 2460 :
1134 2405 1267 2475 quid
1299 2406 1444 2461 enim
1477 2405 1801 2475 prodessent
1850 2420 1985 2458 con-

400 2495 553 2571 _vi:ia
576 2497 598 2539 ’
627 2496 770 2562 Quid
800 2495 1077 2550 vindicta?
1105 2496 1298 2556 Nemo.
1332 2498 1437 2552 nisi
1484 2496 1745 2559 insaniat,
1770 2494 1983 2549 difﬁteri

406 2603 589 2666 potest
637 2589 789 2646 mille
842 2590 1044 2660 scripta
1108 2600 1373 2655 veterum,
1426 2591 1628 2661 injuria
1678 2598 1984 2659 temporum

406 2686 610 2743 amissa
636 2695 692 2743 et
717 2681 1053 2745 oblitterata,
1080 2683 1341 2739 revixisse.
1369 2683 1587 2738 tandem
1610 2697 1739 2737 cura
1756 2689 1810 2735 et
1836 2681 1988 2737 solli-

406 2779 649 2836 citudine
687 2780 988 2851 praesertim
1024 2776 1343 2849 pontiﬁcum
1378 2776 1471 2846 qui
1523 2776 1690 2829 nullis
1725 2788 1987 2844 peperce-

405 2878 537 2926 runt
575 2873 852 2942 expensis,
895 2882 956 2928 ut
989 2872 1089 2927 hos
1127 2869 1515 2942 conquirerent
1542 2868 1835 2922 thesauros
1863 2866 1990 2920 abs-

405 2962 679 3019 conditos.
732 2963 925 3018 Merito
972 2962 1215 3017 omnium
1261 2958 1396 3017 risui
1450 2972 1509 3012 se
1557 2966 1851 3027 exponeret
1894 2955 1987 3026 qui

406 3056 731 3111 immensam
792 3068 1113 3124 comparare
1170 3053 1394 3108 auderet
1450 3048 1701 3122 cujusvis
1774 3049 1990 3118 generis

406 3149 673 3203 librorum
720 3120 1071 3217 antiquorum
1110 3120 1575 3200 multitudinemin
1608 3146 1755 3201 clero
1792 3142 1985 3199 catho—
2011 3120 2054 3177 (ἶ

406 3241 515 3296 lico
541 3241 901 3303 detectorum,
930 3255 1055 3295 cum
1088 3238 1387 3293 rarissimis
1409 3239 1768 3294 sectariorum
1802 3237 1985 3293 inven-

405 3331 672 3386 tionibus.

477 3422 595 3478 Non
611 3422 713 3478 sibi
733 3422 1084 3476 consentiunt
1111 3422 1299 3476 hostes
1328 3422 1501 3477 nostri
1533 3438 1545 3473 :
1567 3420 1727 3476 modo
1751 3435 1985 3489 namque

408 3522 670 3568 accusant
700 3512 959 3568 Ecclesiae
985 3528 1241 3583 proceres
1280 3511 1425 3582 quod
1461 3512 1661 3566 bellum
1698 3511 1984 3566 intulerint

407 3604 563 3659 libris
594 3611 837 3658 veterum
886 3603 1288 3665 licentioribus,
1332 3602 1494 3656 modo
1529 3603 1661 3672 ipsis
1717 3602 1985 3671 imputant

399 3684 576 3783 gquod,
620 3710 687 3749 ex
741 3694 1029 3759 industria,
1075 3696 1245 3751 moliti
1307 3694 1507 3749 fuerint
1559 3694 1983 3749 destructionem

409 3801 636 3856 Operum
668 3788 974 3842 castitatem
1014 3798 1369 3858 sanctamque
1410 3786 1754 3856 disciplinam
1783 3786 1987 3840 docen-

410 3878 567 3933 tium.

480 3968 663 4035 Quare
706 3971 887 4025 clerus
921 3972 1225 4027 catholicus
1276 3971 1625 4026 insimulatur
1653 3987 1683 4025 a
1711 3970 1986 4027 Wetstino

410 4061 595 4115 nimiae
648 4060 1037 4118 familiaritatis
1088 4078 1212 4118 cum
1272 4063 1619 4126 mulieribus,
1675 4078 1800 4116 cum
1860 4062 1987 4116 inde

411 4155 683 4224 praecipue
725 4155 1331 4224 pseudo-reformationi
1382 4154 1670 4223 displiceat
1728 4154 1871 4225 quod
1917 4153 1989 4207 sit

411 4248 743 4302 continens?
782 4246 904 4302 Haec
935 4248 1095 4302 etiam
1144 4248 1287 4302 inter
1308 4263 1366 4302 se
1388 4247 1856 4317 pugnant.Arguit
1885 4245 1988 4299 Ec-

411 4341 592 4396 clesia;
637 4341 897 4411 praesules
934 4347 989 4395 et
1018 4340 1249 4394 clericos
1288 4338 1433 4408 quod
1480 4338 1909 4408 contempserint
1934 4345 1989 4391 et

410 4434 712 4504 abjecerint
752 4432 927 4488 sancti
952 4432 1251 4487 Clementis
1290 4431 1583 4502 Epistolas,
1629 4431 1811 4486 studio
1849 4430 1989 4501 gula:

412 4531 466 4577 et
494 4522 762 4588 ambitus;
791 4521 935 4577 unde
972 4522 1173 4592 gradus
1208 4523 1634 4585 ecclesiasticos,
1664 4529 1724 4576 ut
1753 4538 1849 4578 eos
1882 4521 1990 4577 cri-

415 4616 675 4680 minatur,
697 4622 986 4685 usurpaut;
1014 4614 1156 4669 unde
1184 4630 1400 4684 quoque
1422 4615 1523 4668 sibi
1556 4621 1813 4685 arrogant
1860 4629 1991 4683 apo-

414 4709 682 4763 stolorum
736 4708 821 4762 vel
870 4708 1255 4778 prophetarum
1325 4707 1650 4775 qualitates!
1710 4705 1989 4769 Miserum,

415 4814 571 4864 sane,
603 4798 907 4869 perfugium
945 4799 1333 4871 haaresis,qua3
1369 4814 1509 4867 quos
1558 4807 1860 4859 aversatur,
1913 4799 1992 4853 sic

417 4891 620 4962 injuste
650 4892 1000 4945 dehonesmt!
1036 4889 1357 4959 Speravitne
1384 4889 1688 4945 Wetstinus
1719 4890 1804 4943 his
1837 4890 1989 4943 insa-

416 4983 506 5038 nis
531 4983 978 5038 accusationibus
1006 4997 1101 5036 ora
1135 4982 1390 5037 claudere
1419 4996 1610 5036 eorum
1640 4982 1757 5051 qui,
1788 4983 1840 5035 in
1873 4982 1990 5051 ipso

416 5072 853 5128 Lutheranorum
892 5088 1073 5143 grege,
1124 5088 1248 5127 eum
1280 5083 1339 5126 ut
1379 5072 1724 5127 Socinianum
1770 5074 1992 5144 pestife-

418 5180 650 5237 runique
670 5173 987 5232 novatorem
1005 5163 1388 5219 denuntiantes
1405 5180 1433 5217 a
1445 5165 1614 5233 gradu
1647 5181 1805 5235 quem
1828 5182 1982 5221 occu-

497 5343 538 5374 '°
566 5340 966 5413 Prolegomen.,
991 5358 1047 5395 n.
1086 5341 1170 5395 lO.
1249 5342 1291 5373 ¹ί
1330 5340 1429 5411 Ep.
1455 5339 1495 5405 l,
1530 5357 1588 5396 n.
1612 5342 1663 5397 l.

498 5526 577 5596 (4)
617 5524 798 5590 Quare
813 5523 915 5596 hic
947 5524 1173 5596 ultimus
1204 5525 1437 5594 scriptor
1466 5534 1685 5579 nostras
1718 5522 1993 5596 Epistolas

428 5593 537 5650 non
570 5596 789 5649 admisit
812 5593 863 5645 in
892 5609 993 5648 sua
1014 5593 1351 5658 Collectione,
1382 5611 1503 5648 cum
1528 5609 1623 5649 eas
1655 5594 1996 5649 authenticas

431 5680 677 5719 essenon
731 5665 928 5732 neget?
982 5662 1270 5718 Probabile
1322 5672 1407 5719 est
1448 5674 1540 5718 aut
1568 5665 1776 5718 nullum
1803 5679 1991 5718 earum

431 5734 707 5803 exemplar
735 5734 788 5786 in
826 5749 1019 5789 manus
1048 5734 1166 5801 ejus
1198 5735 1479 5797 pervenire
1516 5734 1778 5803 potuisse,
1807 5742 1901 5787 aut
1947 5734 1992 5786 si

431 5802 706 5872 quoddam
729 5804 1054 5874 pervenerit,
1086 5803 1275 5874 pedem
1303 5804 1425 5873 ejus
1454 5802 1845 5877 retrogrcssum
1873 5820 1994 5859 esse

2128 522 2261 576 730?

2089 524 2261 579 i730?

2157 613 2293 669 Risu
2314 612 2477 683 digna
2501 617 2586 665 est
2618 608 2759 664 ratio
2789 622 2951 678 quam
2982 605 3137 660 affert
3156 602 3223 658 de
3251 598 3574 657 exorcism'ts
3603 597 3659 651 in

2086 705 2358 775 principio
2386 703 2643 757 Ecclesia:
2673 700 2951 758 adhibitis.
2984 710 3232 768 quosque
3261 694 3378 746 vult
3398 688 3659 745 confundi

2084 811 2210 850 cum
2267 810 2399 850 cura
2436 800 2784 864 aegrotorum.
2852 790 2981 845 Inde
3017 788 3181 844 etiam
3249 798 3438 839 ansam
3495 784 3664 834 sumit

2086 888 2385 943 accusandi
2449 887 2715 941 indirecte
2791 883 3086 937 bodiernos
3156 876 3414 932 Ecclesia:
3483 873 3658 934 ritus,

2086 978 2385 1036 asserendo
2415 979 2544 1033 olim
2588 978 2778 1032 saltem
2827 988 3041 1029 omnem
3074 970 3285 1025 fraudis
3313 977 3366 1023 et
3394 968 3662 1037 impastu-

2086 1088 2160 1126 ra:
2188 1072 2581 1143 suspicionem,
2606 1083 2823 1124 onmem
2867 1062 3075 1122 sordidi
3107 1070 3345 1133 quaestus
3372 1073 3523 1130 spem
3562 1060 3659 1111 ab-

2085 1164 2277 1220 fuisse.

2838 1256 2909 1269 β

2277 1360 2651 1402 COIPENSATIO
2683 1355 3003 1399 ιῐυυετιτιιε
3042 1350 3442 1394 ΡΒΕΟΕῺΕΝΤΙΞ.

2152 1440 2481 1504 Wetstinus,
2510 1439 2565 1492 in
2605 1436 2905 1491 Ecclesiam
2946 1430 3273 1487 catholicam
3305 1428 3533 1498 ejusque
3555 1424 3665 1478 cle-

2082 1551 2200 1590 rum
2230 1534 2512 1593 invehens,
2544 1540 2704 1586 sectm
2734 1543 2845 1582 sua:
2866 1525 3091 1595 vestigia
3122 1530 3342 1577 secutus
3368 1525 3473 1575 est.
3503 1519 3665 1587 Igno-

2080 1641 2301 1683 scamus
2332 1625 2441 1678 illi:
2464 1620 2739 1677 nesciebat
2769 1616 3020 1672 fortassis
3054 1614 3183 1685 quid
3212 1618 3410 1682 ageret.
3440 1608 3661 1662 Nullum

2083 1718 2209 1772 inde
2240 1716 2344 1786 ipsi
2393 1712 2739 1769 commodum
2764 1708 3005 1764 obvenit.
3034 1706 3230 1760 Cultus
3262 1702 3469 1773 pseudo
3492 1698 3668 1754 refor-

2080 1811 2211 1867 mati
2240 1808 2456 1881 patroni
2498 1808 2553 1861 in
2583 1805 2843 1873 collegam
2875 1800 3033 1873 primi
3061 1800 3494 1853 insurrexerunt.
3540 1791 3664 1846 Uti-

2080 1919 2206 1960 nam
2247 1903 2373 1957 hinc
2405 1898 2672 1970 potuisset
2693 1894 2994 1963 intelligere
3028 1891 3083 1945 in
3119 1891 3238 1945 solo
3259 1886 3449 1941 matris
3477 1884 3666 1938 Eccle—

2082 1998 2177 2051 sia:
2204 1994 2411 2065 gremio
2433 1990 2714 2046 veritatem
2750 2001 2874 2040 cum
2898 1982 3057 2038 laude
3078 1996 3208 2036 vera
3237 1979 3510 2049 dignoque
3544 1972 3665 2029 suf-

2082 2088 2256 2159 fragio
2287 2083 2508 2141 defendi
2552 2097 2617 2136 ac
2662 2076 3029 2151 propugnari!
3064 2074 3173 2129 Nec
3195 2072 3470 2127 Wetstino
3500 2084 3531 2121 a
3554 2065 3665 2123 Ca-

2083 2157 2301 2235 tholicis
2326 2173 2680 2246 denegandus
2717 2178 2801 2225 est
2834 2183 2997 2239 quem
3030 2165 3079 2221 ei
3111 2159 3439 2219 consectarii
3474 2157 3666 2226 dispu-

2082 2278 2220 2335 tant,
2261 2267 2490 2322 meritus
2522 2265 2718 2319 honos.
2750 2259 2886 2326 Quis
2925 2271 3089 2328 porro
3112 2263 3405 2310 extraneus
3426 2248 3668 2320 partium

2084 2361 2284 2418 studiis
2333 2360 2510 2429 ipsum
2573 2371 2682 2410 non
2739 2350 2983 2406 laudabit
3044 2348 3161 2402 haec
3224 2340 3576 2414 loquentem?
3620 2339 3663 2370 "

2090 2473 2111 2506 ι
2150 2452 2325 2506 Erunt
2367 2450 2508 2504 forte
2544 2446 2744 2517 quibus
2775 2443 2970 2497 harum
3012 2438 3378 2509 Epistolarum
3426 2434 3666 2502 scriptor

2084 2545 2357 2602 videbitur
2408 2549 2463 2596 et
2507 2534 2856 2593 matrimonio
2894 2547 3017 2587 esse
3052 2528 3314 2599 iniquior,
3352 2526 3663 2580 caelibatum

2085 2652 2217 2693 vero
2247 2637 2476 2690 nimium
2529 2629 2813 2689 extollere,
2851 2624 3070 2695 quando
3106 2620 3405 2691 virginibus
3457 2617 3667 2671 sanctis

2086 2724 2521 2783 excellentiorem
2563 2720 2617 2774 in
2673 2717 2827 2773 coalis
2877 2717 3055 2769 locum
3112 2712 3297 2767 datum
3353 2708 3419 2763 iri
3472 2706 3666 2761 statuit

2088 2834 2251 2891 quam
2294 2814 2618 2885 conjugibus
2654 2810 2860 2866 sanctis
2893 2809 2959 2869 “,
2991 2814 3044 2862 et
3076 2803 3350 2860 morosius
3384 2814 3550 2870 quam
3579 2798 3667 2851 vel

2089 2888 2425 2970 humanitas,
2450 2904 2532 2959 vel
2558 2901 2744 2958 saeculi
2774 2898 2950 2955 nostri
2982 2893 3322 2951 consuetudo
3360 2890 3483 2956 fert,
3514 2888 3665 2944 omni

2090 3015 2214 3056 cum
2241 2996 2564 3052 mulieribus
2613 2990 2983 3046 familiaritate
3009 2995 3061 3041 et
3089 2984 3418 3039 commercio
3448 2981 3669 3035 interdi-

2090 3108 2236 3155 cere,
2257 3089 2573 3156 aditumque
2596 3098 2784 3139 earum
2811 3089 2866 3137 et
2889 3093 3195 3135 sermonem
3226 3076 3484 3145 defugere
3513 3074 3670 3143 jube-

2084 3201 2164 3252 re,
2196 3199 2264 3238 ue
2283 3179 2412 3252 quid
2438 3196 2505 3234 ex
2534 3176 2857 3247 contagione
2881 3170 3210 3228 incommodi
3236 3168 3589 3238 accipiamus,
3607 3174 3673 3219 ut

2083 3275 2266 3332 verbis
2292 3273 2524 3329 Caesaris
2550 3280 2695 3325 utar.

2160 3386 2182 3422 ι
2224 3366 2418 3429 Aliter,
2453 3364 2647 3425 fateor,
2674 3362 2741 3417 de
2780 3360 3031 3415 caelibatu
3067 3362 3121 3411 et
3162 3351 3513 3408 matrimonio
3541 3366 3671 3405 sen-

2082 3460 2149 3515 tit
2179 3451 2431 3513 Clemens
2466 3468 2628 3523 quam
2676 3450 2979 3515 Lutberus;
3011 3455 3065 3501 at
3100 3444 3341 3501 nondum
3378 3441 3670 3513 probatum

2083 3558 2170 3605 est
2196 3549 2345 3601 illum
2388 3546 2527 3599 male
2556 3540 2797 3598 sensisse
2842 3553 2859 3591 :
2903 3535 3092 3605 siquis
3128 3533 3272 3588 enim
3312 3531 3530 3600 genium
3567 3526 3667 3581 de-

2086 3640 2326 3702 fraudat,
2356 3644 2411 3691 ct
2440 3636 2746 3705 voluptates
2795 3630 2958 3687 etiam
3004 3629 3183 3682 licitas
3232 3623 3462 3694 spernit,
3497 3632 3557 3674 ut
3603 3635 3675 3673 eo

2087 3734 2283 3787 melius
2318 3738 2372 3785 et
2405 3728 2713 3798 expeditius
2735 3725 2998 3779 doctrinae
3026 3719 3303 3790 Evangelii
3331 3726 3385 3772 et
3413 3716 3672 3771 curanda:

2087 3823 2345 3878 Ecclesia!
2373 3835 2571 3874 vacare
2587 3818 2899 3889 possit,cur
2925 3832 3034 3871 non
3064 3815 3119 3868 in
3144 3814 3311 3867 altera
3342 3811 3451 3864 vita
3488 3809 3674 3877 majus

2087 3930 2117 3968 a
2165 3913 2275 3967 Deo
2330 3913 2609 3983 praemium
2669 3915 2935 3980 speraret,
2984 3922 3147 3977 quam
3191 3905 3268 3959 illi
3312 3904 3406 3973 qui
3459 3909 3670 3972 partem

2086 4006 2351 4061 mercedis
2383 4019 2497 4060 suae
2519 4003 2630 4073 jam
2656 4002 2710 4056 in
2741 4001 2845 4056 hac
2870 4000 2982 4055 vita
3000 3996 3359 4067 receperunt?
3376 3994 3672 4055 Caeterum,

2085 4097 2338 4153 Clemens
2397 4110 2497 4150 nec
2538 4093 2847 4148 caelibatum
2910 4091 3085 4161 jubet,
3147 4104 3249 4142 nec
3301 4085 3522 4155 nuptias
3574 4099 3674 4137 ve—

2088 4197 2189 4254 tat,
2240 4196 2298 4241 ut
2351 4197 2465 4242 tum
2514 4202 2579 4240 ex
2655 4186 2774 4254 ipso
2837 4185 2955 4237 loco
3029 4180 3192 4235 modo
3277 4180 3441 4232 allato
3494 4180 3669 4247 patet,

2088 4289 2202 4334 tum
2232 4295 2297 4333 ex
2343 4279 2449 4331 alia
2493 4276 2738 4345 ejusdem
2764 4273 3006 4344 Epistula
3036 4272 3240 4341 scripta
3289 4267 3538 4321 adversus
3582 4280 3679 4317 eos

2090 4372 2180 4442 qui
2224 4352 2623 4425 matrimonium
2675 4368 2951 4437 rejiciunt,
3010 4379 3172 4432 quam
3200 4362 3395 4432 legisse
3434 4363 3681 4411 testatur

2021 4478 2067 4535 ο
2094 4461 2393 4534 Dionysius
2420 4460 2689 4515 Barsalibi
2718 4501 2732 4526 ,
2758 4458 2898 4529 apud
2930 4455 3192 4511 Asseman
3223 4456 3265 4486 “
3301 4473 3314 4508 :
3346 4466 3446 4505 nec
3482 4448 3550 4502 de
3571 4462 3677 4501 caeo

2091 4556 2294 4611 libatus
2318 4554 2541 4626 praemio
2562 4552 2859 4623 quidquam
2890 4548 3023 4603 dicit
3044 4547 3320 4603 diversum
3351 4544 3420 4598 ab
3451 4542 3521 4597 iis
3550 4556 3677 4612 quae

2090 4644 2295 4700 Paulus
2320 4644 2582 4699 docuerat
2615 4642 2678 4696 “.
2706 4659 2725 4692 ι

2091 4865 2478 4905 EXPE‘NDUNTUR
2524 4864 2589 4903 AC
2640 4861 3026 4901 REFELLUNTUR
3066 4858 3330 4897 RATIONES
3379 4853 3568 4903 QUIBUS
3618 4854 3675 4892 D.

2164 4935 2232 4974 DE
2271 4935 2545 4973 PREIAGNY
2573 4934 2623 4972 IN
2656 4933 2851 4971 DUBIUM
2886 4930 3127 4970 REVOCAT
3157 4925 3684 4968 AUTHENTICITATE'

2168 5005 2420 5044 AIBABUI
2458 5003 2830 5044 EPISTOLARUI
2867 5001 3058 5041 SANCTI
3093 4998 3420 5039 CLEIENTIS.

2170 5078 2825 5151 StepbanusFranciscus
2848 5076 3096 5132 Boistard
3123 5076 3192 5130 de
3219 5073 3547 5143 Premagny,
3575 5069 3682 5123 ho-

2100 5174 2255 5222 nesta
2298 5168 2522 5236 familia,
2554 5166 2877 5238 Rotbomagi
2906 5174 3089 5228 natus,
3111 5167 3197 5219 vir
3227 5177 3438 5234 magnae
3470 5161 3683 5216 littera-

1743 5341 1783 5372 "
1814 5342 2331 5414 Biblioth.’_0rient.,
2365 5351 2406 5399 t.
2430 5341 2497 5409 ll,
2529 5359 2586 5414 p.
2616 5344 2739 5400 l55.
2814 5342 2901 5397 ³³1
2946 5342 3076 5400 Cor.
3110 5351 3213 5409 vn,
3261 5341 3315 5397 9.

2101 5526 2377 5607 adsolum
2412 5533 2765 5607 conspectum
2815 5526 3042 5607 hirsuta
3072 5522 3452 5607 translationis
3486 5520 3682 5607 Wets:

2102 5597 2221 5652 tini.
2253 5596 2454 5651 Eadem
2490 5592 2766 5658 decausa,
2808 5612 2908 5666 ego
2939 5597 3053 5666 ipse
3076 5596 3258 5664 plures
3287 5609 3462 5666 annos
3485 5592 3680 5647 dismli

2101 5682 2282 5747 meum
2325 5667 2587 5747 laborem,
2606 5666 2701 5747 qui
2731 5662 2938 5723 utinam
2959 5662 3146 5722 adhuc
3177 5673 3367 5722 sancto
3392 5662 3684 5719 Clemente

2099 5737 2356 5809 indignus
2387 5751 2496 5793 non
2523 5737 2617 5793 sit!
