3908 6172
277 352 382 407 565

1227 355 1591 413 EPISTOLE
1626 358 1718 412 AD
1752 355 2095 413 VlRGlNES.
2132 390 2200 398 -—
2239 356 2600 414 ΡΗΟΟΕΜΙΑ.

3452 364 3562 419 566

275 474 433 530 tura,
478 466 623 522 inter
646 469 954 540 pracipuos
988 470 1265 527 moderna
1298 475 1655 545 philosophia
1684 486 1867 547 patro-
1896 480 1944 534 Α
1971 473 2189 544 pidatus
2218 484 2386 542 esset,
2418 492 2597 546 praco
2619 476 2797 531 lactus
2826 476 2881 531 in
2906 476 3127 533 Criente
3155 485 3208 533 et
3241 478 3558 547 Occidente;

275 574 413 623 nos,
438 575 675 629 quorum
707 563 918 619 amicus
948 572 1084 627 erat,
1116 574 1390 630 versatus,
1437 568 1724 623 innumera
1756 566 1869 622 fere

274 654 539 722 opuscula
574 668 604 706 a
635 670 694 708 se
714 660 1018 725 composita
1058 659 1187 728 legit
1229 674 1416 713 coram
1442 659 1733 714 Academia
1759 660 1868 716 Ro-

271 744 647 816 tbomagensi,
710 749 873 816 cujus
926 751 1232 805 membrum
1284 760 1424 807 erat.
1483 752 1666 807 Solam
1735 769 1867 808 vero

272 837 677 894 traductionem
698 838 960 897 Gallicam
987 850 1298 898 nostrarum
1327 842 1691 914 Epistolarum
1713 847 1868 901 evul-

269 935 440 1001 gavit,
466 934 721 1005 quamvis
753 934 908 988 varia
929 935 1286 991 scientiarum
1319 937 1617 1006 penetralia
1646 938 1861 995 adierit.

266 1021 569 1095 Catalogus
627 1025 1132 1095 manuscriptorum
1184 1041 1311 1097 qua
1358 1027 1577 1097 reliquit
1623 1028 1700 1099 (5)
1754 1046 1863 1084 non

265 1116 491 1171 exhibet
519 1117 794 1172 hominem
820 1117 943 1171 ﬁdei
984 1116 1283 1174 infensum.
1322 1118 1435 1175 Nec
1462 1128 1642 1175 tamen
1676 1123 1862 1193 negari

265 1216 447 1275 potest
480 1207 866 1264 adnotationes
912 1210 1033 1279 ejus
1065 1211 1332 1281 plurimas
1362 1213 1607 1269 versioni
1643 1216 1863 1286 subjec-

264 1306 354 1352 tas
374 1300 802 1369 reprehensione
822 1302 1017 1373 dignas
1033 1319 1176 1369 esse,
1205 1313 1267 1359 ut
1292 1307 1499 1377 patebit
1521 1322 1589 1362 ex
1620 1307 1707 1364 his
1738 1325 1865 1380 qua

261 1389 429 1444 modo
456 1392 705 1448 dicturus
734 1409 877 1449 sum.

336 1482 599 1537 Ordinem
643 1500 847 1554 sequar
900 1499 1257 1539 numerorum
1297 1502 1441 1557 quos
1482 1487 1651 1544 allixit
1687 1489 1751 1547 D.
1788 1491 1858 1550 de

258 1566 569 1643 Prcmagny
600 1573 654 1626 in
682 1574 799 1629 suis
828 1573 1297 1629 adnotationibus.

330 1662 375 1717 Ι.
424 1660 525 1717 Vix
565 1665 825 1717 morabor
855 1673 914 1716 ut
950 1663 1176 1734 probem
1238 1672 1431 1718 contra
1479 1663 1854 1723 adnotatorem

255 1766 371 1805 non
416 1767 619 1807 nocere
657 1752 1028 1823 Epistolarum
1080 1754 1482 1810 authenticitati
1533 1765 1853 1811 sanctorum

1970 565 2065 636 qui
2095 567 2356 622 eximium
2388 568 2512 623 iidei
2544 585 2658 624 sua
2685 570 2856 625 decus
2885 569 3118 639 accepit,
3172 577 3344 623 totum
3393 585 3558 624 mun-

1970 661 2098 715 dum
2164 661 2367 718 docens
2401 663 2693 732 justitiam,
2743 671 2796 719 et
2844 663 2913 717 ad
2970 663 3284 718 Occidentis
3335 663 3559 720 veniens

1970 757 2289 821 terminum,
2319 764 2374 812 et
2408 758 2510 813 sub
2554 757 2827 827 prafectis
2870 758 3194 827 martyrium
3225 772 3423 826 passus
3454 756 3508 827 (6
3537 795 3554 821 ,

1968 849 2043 905 ita
2074 865 2105 905 e
2142 851 2345 904 mundo
2374 851 2647 921 migravit,
2677 857 2841 919 atque
2873 849 2926 903 in
2960 850 3137 903 locum
3167 858 3415 904 sanctum
3455 848 3556 902 ab-

1967 942 2049 1003 iit,
2082 941 2358 1011 patientia
2406 956 2661 1011 magnum
2711 942 2992 1012 exemplar
3039 940 3238 995 factus.
3273 939 3370 994 llis
3419 940 3555 995 viris

1964 1034 2058 1103 qui
2096 1033 2335 1087 divinam
2368 1035 2534 1087 vitam
2568 1033 2861 1097 duxerunt,
2895 1040 3184 1104 aggregata
3231 1039 3316 1086 est
3360 1031 3552 1103 ingens

1963 1127 2261 1182 electorum
2294 1126 2611 1189 multitudo,
2645 1146 2664 1178 ι
2698 1135 2807 1182 etc.

2035 1220 2125 1277 IV.
2165 1219 2395 1276 Dubiam
2427 1236 2550 1275 esse
2592 1219 2786 1273 harum
2820 1218 3189 1288 Epistolarum
3220 1216 3553 1272 authentici-

1961 1322 2154 1378 tatem,
2186 1313 2312 1368 inde
2340 1312 2659 1383 pronuntiat
2691 1311 2753 1366 D.
2783 1311 2850 1365 de
2878 1310 3181 1381 Premagny
3210 1308 3550 1380 quod,juxla

1960 1404 2169 1473 ipsum,
2201 1403 2541 1475 impossibile
2567 1403 2640 1457 sit
2670 1402 2944 1473 conjicere
2974 1400 3303 1471 quibusnam
3334 1401 3552 1470 scripta

1959 1496 2185 1554 fuerint.

2028 1588 2095 1643 Et
2122 1596 2305 1644 tamen
2332 1588 2508 1659 magis
2534 1589 2683 1644 clara
2707 1604 2831 1644 esse
2854 1604 2963 1642 non
2988 1594 3220 1658 possunt
3241 1585 3405 1641 verba
3426 1600 3549 1655 qua

1956 1681 2114 1736 initio
2142 1681 2331 1751 prima
2361 1680 2617 1751 Epistola
2640 1681 2992 1752 reperiuntur
3030 1699 3041 1734 :
3080 1678 3335 1734 Omnibus
3383 1677 3545 1746 virgi-

1955 1772 2109 1827 nibus
2140 1773 2303 1826 beatis
2325 1774 2415 1842 qui
2438 1772 2512 1843 (7)
2538 1774 2925 1826 constituerunt
2950 1788 3155 1825 servare
3183 1769 3547 1840 virginitatem

253 1854 321 1894 ac
368 1840 654 1896 beatorum
702 1820 974 1897 vocabula
1030 1843 1231 1911 quibus
1274 1843 1449 1896 utitur
1483 1852 1708 1900 sanctus
1731 1844 1836 1900 Cle-

1956 1820 2107 1827 .-πη
2141 1820 2301 1826 --ηπ
2327 1820 2412 1842 τπ-
2440 1820 2511 1843 \_,
2540 1820 2919 1826 "nmmum-
2952 1820 3149 1825 ___-_--
3513 1820 3539 1821 η

1955 1875 2168 1935 prapter
2204 1881 2420 1935 regnum
2468 1866 2743 1919 caelorum.
2777 1865 2859 1919 Ad
2909 1863 3012 1920 hos
3061 1865 3209 1919 solos
3256 1863 3545 1932 utriusque

256 1946 436 1986 mens.
467 1930 535 1985 Ut
563 1933 632 1986 ab
654 1948 722 1987 eo
750 1933 1001 1987 adhiberi
1035 1934 1329 2003 potuerint,
1354 1934 1627 1990 subiceret
1655 1936 1855 1992 unicus

249 2020 456 2075 horum
486 2023 778 2077 verborum
800 2038 935 2079 usus
963 2025 1021 2078 in
1055 2021 1204 2079 Novo
1222 2023 1594 2092 Testamento,
1620 2027 1713 2083 ubi
1739 2027 1851 2084 fre-

248 2120 489 2181 quenter
520 2113 896 2182 reperiuntur.

321 2205 389 2259 ll.
426 2203 697 2260 lndirecte
733 2214 788 2260 et
831 2214 1181 2262 transeunter
1225 2208 1547 2279 perstringit
1575 2210 1842 2279 apostola-

247 2306 365 2351 tum
403 2298 552 2352 beati
584 2297 732 2353 Petri
764 2297 971 2353 Roma.
1006 2299 1101 2354 Ille
1127 2308 1309 2355 autem
1343 2300 1599 2357 incursus
1630 2317 1853 2371 respon-

244 2407 371 2445 sum
398 2406 511 2444 non
532 2399 776 2445 meretur
802 2408 816 2445 :
853 2392 1127 2446 innumeri
1151 2394 1352 2463 quippe
1382 2393 1506 2448 libri
1531 2394 1843 2459 exstabant,

244 2490 496 2550 tempore
520 2480 582 2535 D.
599 2481 665 2536 de
681 2481 1007 2553 Premagny,
1035 2490 1091 2537 et
1117 2500 1265 2539 nunc
1292 2494 1526 2550 exstant,
1554 2487 1849 2556 probantes

242 2573 462 2627 nullum
503 2575 852 2629 insulsiorem
884 2576 937 2628 in
972 2577 1248 2632 mentibus
1278 2579 1623 2634 eruditorum
1661 2595 1833 2635 rema-

241 2684 375 2722 nere
406 2684 575 2737 posse
600 2669 1000 2724 dubitationem
1034 2688 1199 2741 quam
1230 2674 1298 2729 de
1334 2674 1495 2745 longa
1529 2674 1706 2729 sancti
1736 2674 1843 2730 Pe-

238 2762 313 2813 tri
334 2759 527 2814 Roma
559 2763 991 2817 commoratione
1018 2782 1031 2817 :
1075 2763 1130 2817 in
1151 2765 1256 2819 hoc
1285 2766 1431 2820 enim
1464 2766 1707 2822 historia
1731 2767 1845 2822 fac-

238 2865 295 2910 to
332 2856 629 2909 unanimes
654 2863 781 2909 sunt
807 2871 932 2911 cum
964 2865 1076 2910 tota
1102 2866 1249 2911 retro
1282 2859 1607 2929 antiquitate
1636 2862 1844 2918 doctis-

236 2948 366 3002 simi
398 2948 719 3016 scriptores,
748 2957 863 3001 tum
893 2940 1392 3016 inter’Catholicos,
1423 2961 1537 3007 tum
1568 2953 1731 3009 etiam
1754 2956 1840 3010 in-

234 3048 323 3096 ter
362 3048 754 3110 protestantes.

1955 1973 2122 2012 sexus
2150 1957 2389 2027 virgines
2428 1957 2665 2025 scriptas
2698 1955 2871 2011 fuisse
2924 1956 3023 2010 has
3070 1953 3342 2024 Epistolas
3371 1968 3544 2024 agno-

1953 2052 2031 2105 vit
2060 2058 2284 2107 sanctus
2312 2049 2675 2120 Hieronymus
2710 2068 2723 2104 :
2766 2048 2841 2102 ita
2873 2054 2932 2101 ut
2982 2048 3225 2101 animum
3260 2046 3393 2100 mire
3429 2045 3546 2099 dis-

1951 2147 2189 2195 tractum
2235 2140 2437 2195 habere
2486 2139 2736 2195 debuerit
2785 2138 2848 2195 D.
2882 2138 2949 2193 de
2979 2136 3283 2208 Premagny
3315 2136 3408 2207 qui
3443 2152 3542 2191 su-

1950 2248 2048 2302 pra
2088 2233 2236 2286 dicta
2283 2233 2449 2287 verba
2496 2233 2650 2302 prius
2692 2232 2761 2287 ab
2802 2235 2922 2303 ipso
2952 2231 3146 2288 Latine
3179 2231 3539 2300 transcripta,

1949 2326 2148 2382 deinde
2177 2327 2234 2380 in
2265 2334 2511 2382 nostram
2550 2326 2790 2395 linguam
2822 2333 3082 2390 verterat,
3129 2324 3350 2395 quando
3399 2324 3541 2378 dixit

1949 2421 2151 2489 conjici
2200 2435 2308 2474 non
2358 2434 2522 2490 posse
2556 2419 2759 2489 quibus
2808 2417 2927 2473 ista
2969 2418 3382 2474 destinarentur
3410 2415 3541 2488 Epi-

1948 2511 2122 2565 stolae.

2017 2603 2154 2659 Boni
2184 2603 2424 2673 pastoris
2453 2601 2688 2657 ollicium
2721 2601 2981 2672 implebat
3024 2609 3252 2657 sanctus
3280 2599 3536 2655 Clemens

1945 2696 2074 2751 dum
2124 2698 2445 2768 invigilaret'
2471 2697 2793 2767 perl'ectioni
2837 2712 3028 2751 eorum
3059 2697 3152 2767 qui
3182 2694 3536 2751 illustriorem

1943 2790 2124 2860 gregis
2153 2790 2361 2845 Christi
2392 2791 2697 2859 portionem
2729 2790 2991 2845 etliciunt.
3025 2789 3266 2846 Dilectus
3290 2790 3539 2860 discipu-

1944 2880 2031 2934 lus
2057 2880 2174 2949 ipse
2192 2880 2371 2933 locum
2392 2881 2447 2933 in
2468 2880 2623 2935 calis
2644 2880 3133 2936 honoratissimum
3156 2882 3237 2937 eis
3264 2881 3535 2953 assignat.

1942 2969 2241 3042 Postquam
2289 2972 2435 3027 enim
2485 2972 2758 3027 nuntiavit
2789 2988 2884 3028 eos
2924 2973 3127 3028 habere
3158 2990 3357 3028 nomen
3393 2976 3534 3044 Agni

1945 3060 2039 3116 Dei
2068 3069 2123 3117 et
2150 3060 2328 3116 Patris
2358 3062 2480 3131 ejus
2524 3062 2790 3131 scriptmn
2826 3062 2881 3115 in
2924 3061 3201 3119 frontibus
3227 3063 3365 3128 suis,
3399 3064 3537 3120 dicit

306 3131 400 3186 Ill.
431 3132 664 3186 Miratur
686 3132 832 3204 quod
858 3142 1054 3191 sancto
1079 3135 1250 3191 Paulo
1280 3139 1471 3193 titulus
1490 3139 1673 3196 Divini
1701 3142 1838 3202 Apo-
1864 3170 1905 3227 ς
1941 3170 2036 3210 eos
2086 3162 2310 3209 cantare
2371 3162 2499 3208 ante
2560 3153 2744 3209 sedem
2804 3155 3079 3209 canticum
3134 3172 3359 3222 novum,
3383 3159 3533 3227 quod

232 3229 367 3283 ελοιὶ
421 3244 454 3282 a
511 3238 974 3299 contemporaneo
1042 3232 1347 3297 tribuatur,
1402 3233 1557 3305 isque
1612 3244 1838 3292 vocetur

231 3322 540 3393 Apostolus
571 3323 690 3377 sine
717 3324 957 3378 nominis
981 3324 1282 3390 additione,
1301 3333 1354 3381 et
1386 3342 1483 3397 per
1513 3337 1837 3386 antonoma-

232 3412 400 3467 siam.
446 3412 553 3466 Sed
593 3422 819 3469 sanctus
851 3414 1104 3470 Clemens
1148 3417 1203 3470 in
1258 3418 1434 3488 prima
1471 3418 1715 3489 Epistola
1769 3424 1837 3479 ad

230 3488 562 3557 Corinthios
583 3542 597 3564 ,
626 3518 747 3572 qua
767 3504 1085 3560 authentica
1124 3507 1193 3561 ab
1217 3508 1472 3565 omnibus
1497 3488 1834 3581 agnoscitur,

229 3593 370 3648 dicit
405 3612 419 3646 :
462 3611 480 3643 ι
524 3592 737 3648 Sumite
768 3593 1067 3664 Epistolam
1108 3596 1250 3651 beati
1280 3595 1457 3655 Pauli.
1493 3620 1512 3652 ι
1549 3600 1835 3666 Quodnam

226 3692 453 3739 tantum
511 3685 808 3740 discrimen
854 3694 939 3742 est
996 3688 1138 3742 inter
1178 3688 1412 3742 divinant
1463 3699 1516 3746 et
1576 3693 1835 3750 beatum?

228 3774 462 3829 Nullum
504 3776 773 3847 profecto.
830 3776 1100 3834 Praterea
1136 3788 1433 3851 utrumque
1477 3785 1829 3851 vocabulum,

227 3874 484 3936 tempore
510 3869 687 3923 sancti
703 3868 1003 3925 Clementis
1036 3871 1410 3927 indifferenter
1440 3876 1826 3944 usurpabatur.

227 3956 372 4012 Hinc
402 3960 457 4013 in
471 3960 621 4015 Actis
650 3964 898 4031 martyrii
919 3965 1092 4018 sancti
1116 3962 1307 4034 lgnatii
1330 3966 1678 4033 Antiocheni,
1710 3986 1833 4040 qua

228 4052 441 4121 scripta
475 4060 604 4106 sunt
643 4053 713 4107 ab
743 4054 863 4123 ejus
880 4055 1187 4125 discipulis,
1222 4057 1418 4128 legitur
1449 4058 1527 4127 (η.
1552 4058 1605 4129 9)
1648 4082 1660 4116 ;
1700 4080 1718 4111 ι
1760 4062 1830 4116 Ut

229 4144 631 4198 convenienter
674 4144 723 4199 ei
761 4146 907 4215 quod
964 4147 1103 4202 dixit
1160 4148 1380 4204 divinus
1430 4149 1656 4216 Paulus,
1712 4154 1829 4224 ipse

227 4248 455 4302 quoque
478 4235 631 4288 lieret
654 4238 1033 4305 spectaculum
1053 4237 1281 4303 mundo,
1311 4248 1365 4295 et
1387 4243 1595 4312 angelis
1634 4250 1687 4298 et
1724 4246 1825 4299 ho-

225 4324 500 4380 minibus.
535 4344 553 4378 ›
581 4324 749 4397 Igitur
777 4325 881 4382 hac
912 4336 1073 4385 atate
1091 4331 1362 4399 ejusmodi
1388 4349 1549 4390 voces
1578 4336 1824 4392 adhiberi

228 4414 511 4470 solebant.

1942 3263 2104 3302 nemo
2152 3255 2353 3316 prater
2401 3248 2547 3307 illos,
2591 3254 2818 3302 cantare
2874 3255 3076 3317 potest,
3113 3249 3419 3319 additque:
3454 3250 3530 3304 Ili

1940 3349 2063 3392 sunt
2092 3340 2181 3410 qui
2221 3356 2339 3392 cum
2379 3337 2687 3391 mulieribus
2714 3354 2818 3391 non
2855 3348 2978 3391 sunt
3022 3340 3347 3410 coinquinati
3376 3357 3394 3394 :
3424 3343 3532 3395 vir-

1938 3432 2084 3501 gines
2126 3432 2266 3485 enim
2308 3440 2451 3485 sunt.
2500 3430 2574 3483 lli
2626 3438 2918 3500 sequuntur
2971 3430 3180 3501 Aguum
3223 3448 3531 3502 quocunque

1939 3525 2083 3578 ierit.
2126 3523 2204 3577 Hi
2244 3523 2405 3591 empti
2456 3533 2579 3577 sunt
2626 3538 2691 3576 ea:
2721 3522 3019 3577 hominibus
3064 3523 3316 3592 primitia:
3344 3523 3450 3579 Deo
3476 3538 3529 3579 et

1936 3618 2088 3686 Agna
2109 3616 2171 3671 '°.

2008 3707 2073 3763 V.
2116 3707 2351 3762 Domino
2374 3708 2440 3763 de
2468 3708 2794 3779 Premagny,
2826 3716 2952 3777 post
2981 3706 3313 3763 Wctstinum
3347 3707 3527 3761 anim-

1935 3799 2219 3856 advertere
2265 3801 2476 3871 placet,
2530 3800 2669 3853 nihil
2723 3800 2779 3853 in
2830 3800 2915 3854 his
2981 3798 3243 3869 Epistolis
3287 3800 3525 3853 inveniri

1933 3894 2141 3948 dictum
2190 3894 2258 3949 de
2308 3893 2614 3948 hierarchia
2651 3901 2702 3945 ct
2733 3892 3108 3947 ecclesiastica
3141 3891 3468 3946 auctoritate
3502 3911 3517 3946 :

1928 3994 1986 4042 et
2010 3986 2134 4041 inde
2160 3986 2489 4041 concludere
2517 3985 2630 4039 vult
2652 3983 2877 4037 dubiam
2910 3999 3035 4038 esse
3066 3999 3254 4036 earum
3288 3983 3521 4037 authen-

1932 4078 2220 4132 ticitatem.
2260 4076 2483 4132 Dixerat
2522 4091 2653 4131 vero
2679 4073 2990 4130 Wetstinus
3020 4074 3161 4127 hanc
3190 4074 3521 4128 authentici-

1932 4179 2098 4225 tatem
2158 4171 2334 4224 astrui
2363 4169 2590 4236 praecise
2641 4170 2736 4224 illo
2788 4170 3030 4225 silentio.
3094 4165 3371 4224 Μίδωιο
3402 4166 3519 4234 jam

1931 4277 2255 4332 responsum
2284 4262 2429 4316 dedi.
2449 4260 2784 4332 Restatergo
2804 4270 2861 4316 ut
2892 4261 3255 4331 respondeam
3288 4262 3521 4316 adnota-

1929 4353 2035 4406 tori
2069 4352 2269 4407 ibidem
2298 4353 2654 4421 qua-stionem
2680 4353 2883 4407 nullam
2916 4351 3086 4407 fuisse
3107 4352 3175 4407 de
3205 4351 3518 4408 hierarchia

1927 4452 1981 4499 et
2005 4445 2072 4498 de
2094 4444 2419 4499 auctoritate
2446 4444 2841 4499 ecclesiastica.
2874 4442 3071 4499 Omnia
3112 4453 3324 4514 tempus
3351 4451 3407 4499 et
3436 4444 3519 4499 lo-

288 4507 414 4573 Nec
443 4509 640 4563 mirum
672 4510 819 4581 quod
849 4512 1014 4566 etiam
1048 4522 1179 4568 tunc
1224 4523 1449 4571 sanctus
1473 4514 1677 4574 Paulus
1726 4536 1823 4589 per
1855 4513 1899 4566 D
1928 4551 2053 4591 cum
2085 4551 2245 4591 suum
2278 4535 2501 4591 habent,

225 4603 679 4655 antonomasiam
731 4602 1026 4673 Apostolus
1074 4606 1253 4662 dictus
1308 4608 1494 4675 fuerit,
1526 4627 1651 4666 cum
1703 4622 1820 4668 tam

222 4694 499 4775 divinitus
531 4695 597 4749 ad
631 4698 997 4764 apostolatum
1044 4698 1208 4754 fuerit
1254 4711 1503 4769 vocatus,
1556 4720 1621 4759 ac
1666 4714 1820 4761 tanto

221 4788 483 4841 encomio
515 4805 542 4839 a
573 4797 768 4843 sancto
802 4789 961 4845 Petro
986 4791 1150 4846 fuerit
1183 4794 1456 4850 celebrata
1488 4800 1755 4868 sapientia
1777 4802 1819 4838 ιι

222 4876 358 4931 talis
384 4878 512 4943 viri,
547 4881 662 4949 qui,
686 4890 745 4934 ut
777 4883 851 4935 ait
876 4891 1105 4939 sanctus
1124 4884 1377 4943 Clemens
1408 4888 1465 4942 in
1494 4890 1667 4958 prima
1692 4889 1819 4961 Epi-

221 4968 370 5023 stola
418 4970 487 5023 ad
519 4969 835 5029 Corinthios
852 4974 895 5006 ¹⁸
924 4994 937 5029 :
982 4995 1000 5027 ‹
1030 4976 1314 5034 Patientia
1358 4982 1641 5050 pramium
1671 4984 1816 5038 obti—

220 5060 371 5125 nuit,
402 5076 530 5117 cum
561 5072 787 5121 catenas
818 5068 1020 5137 septies
1040 5079 1336 5139 portasset,
1367 5075 1702 5144 vapulasset,
1733 5077 1813 5131 la-

294 5262 341 5293 “
376 5261 422 5316 ll
453 5263 600 5322 Petr.
629 5261 918 5327 ιιι,15,16.
985 5271 1025 5300 ³⁵
1052 5270 1117 5327 Ν.
1149 5274 1202 5329 5.
1282 5277 1326 5308 ¹⁸
1363 5277 1585 5349 Apocal.
1620 5298 1729 5338 xw.

290 5462 370 5549 (ξ)
397 5461 1177 5549 ῐζιῃηςοειεῑοςψηῴθηίςηθ
1214 5475 1352 5549 mihi
1399 5477 1804 5549 transmisitD.

212 5529 279 5614 ρ.
297 5529 1257 5614 ,Λτςιιίερὶερθρρέῐὶοιῂοιηθξεὴείε
1279 5562 1404 5600 cum
1426 5529 1805 5604 silentium;

212 5601 1140 5700 ξὴιῄιιξ-ἓιιξξοτὶξςΤδηιο’ξι-εεὶεῦιί
1171 5628 1351 5700 grates
1377 5618 1618 5700 rependo
1649 5601 1802 5700 debiQ

209 5680 304 5758 tas
348 5680 818 5758 pl:9_i_st_o_‘totque
862 5684 986 5737 aliis
1026 5680 1306 5758 beneﬁciis
1340 5680 1471 5742 mihi
1515 5690 1795 5758 praestitis.

210 5741 362 5829 {line
386 5744 553 5829 didici
580 5748 641 5803 D.
668 5741 744 5829 Δάὲ
774 5750 1094 5829 Premag_ny_
1118 5756 1261 5810 inter
1284 5741 1565 5829 religionis
1586 5741 1796 5829 ample;

212 5826 322 5867 xus
364 5824 493 5873 ante
537 5827 769 5875 inertem
808 5837 866 5877 se
895 5824 1212 5894 projecisse.
1244 5824 1462 5885 Obiit?)
1506 5824 1792 5888 Februarii

2001 4626 2090 4683 Vl.
2136 4626 2383 4699 Vitiligat
2425 4644 2644 4699 quoque
2692 4628 2757 4683 D.
2788 4629 2856 4685 de
2887 4628 3190 4700 Premagny
3221 4643 3387 4698 super
3416 4642 3516 4683 vo-

1924 4720 2138 4774 cabulis
2174 4721 2417 4790 Apostoli
2459 4730 2514 4777 et
2553 4722 2847 4794 Evangelii,
2887 4723 3047 4793 quasi
3104 4722 3209 4776 hoc
3266 4729 3514 4791 tempore

1922 4813 2179 4883 usurpari
2227 4829 2335 4867 non
2386 4812 2696 4871 debuerint.
2730 4815 2916 4869 Liceat
2948 4815 3083 4869 mihi
3122 4814 3309 4870 dicere
3354 4813 3508 4868 litem

1920 4900 2065 4955 hanc
2102 4916 2226 4956 esse
2273 4916 2621 4973 summopere
2662 4904 2948 4960 ridiculam
2986 4924 2999 4960 :
3040 4912 3329 4976 postquam
3360 4904 3508 4959 enim

1921 5004 2083 5044 voces
2131 4990 2248 5047 ista
2291 5007 2321 5046 a
2366 4991 2610 5057 Christo,
2642 4996 2711 5050 ab
2753 4996 3018 5065 apostolis
3062 5004 3116 5052 et
3159 4995 3509 5069 evangelistis

1918 5081 2176 5138 adhibita
2209 5082 2432 5155 fuerint,
2470 5086 2596 5157 quis
2625 5087 2806 5144 dicere
2833 5088 3059 5146 auderet
3089 5103 3121 5144 a
3147 5098 3340 5146 sancto
3382 5087 3507 5144 Cle-

1910 5495 2054 5534 anno
2086 5480 2245 5546 1767,
2280 5484 2439 5539 annis
2472 5491 2634 5541 natus
2662 5486 2750 5542 58.

1980 5551 2057 5633 (6)
2099 5552 2439 5633 Exhistoria
2469 5557 2736 5633 discimus
2768 5556 2907 5615 duos
2934 5557 3106 5617 fuisse
3141 5560 3329 5617 Romae
3357 5579 3497 5633 pra-

1905 5620 2078 5678 fectOs
2109 5624 2302 5678 ultimo
2327 5624 2562 5682 Neronis
2594 5643 2761 5682 anno.

1972 5693 2051 5775 (η
2093 5694 2382 5777 scribilita
2395 5700 2483 5767 qui
2515 5714 2622 5753 non
2657 5715 2796 5769 quas,
2826 5701 2953 5777 quia
2975 5701 3219 5776 Epistola
3239 5703 3493 5776 dirigitur

1900 5764 1968 5820 ad
1984 5764 2242 5837 'virgincs
2277 5764 2569 5841 utriusque
2599 5764 2785 5827 scitus.
