3908 6172
368 366 474 423 367

1190 366 1247 421 S.
1285 364 1680 420 CLEMENTIS
1716 365 1733 417 l
1769 363 1937 419 ROM.
1976 362 2177 418 PDN].
2215 362 2443 417 UPEltA
2478 355 2802 420 GENUINA.

3531 363 3640 415 3M!

369 490 550 539 mente
605 498 716 537 non
772 482 1019 553 potuisse
1067 482 1355 538 adhiberi?
1406 482 1708 553 Utramque
1763 498 1949 537 vocem
1982 480 2230 549 Amagis
2281 479 2463 535 favere
2512 479 2813 551 virginitati
2866 477 3197 534 beatissima:
3239 471 3421 531 Mariae
3475 492 3642 545 quam

368 584 595 631 sanctus
626 574 883 630 Clemens
928 575 983 628 in
1027 575 1217 629 eadem
1256 575 1398 629 linea
1429 583 1680 645 usurpat,
1709 575 1956 629 scribens

368 667 435 721 ad
465 667 784 723 Corinthius
816 668 1046 737 primam
1081 667 1403 738 Epistolam,
1437 676 1497 721 ut
1520 669 1633 738 jam
1666 667 1799 730 dixi,
1839 668 1957 722 sine

366 758 741 813 controversia
765 760 1157 815 authenticam.
1193 780 1211 812 ε
1241 761 1509 831 Apostoli,
1546 760 1743 830 inquit,
1776 776 1830 814 n.
1863 760 1952 827 42,

366 851 523 907 missi
554 867 584 906 a
615 850 849 908 Domino
877 851 1007 909 Iesu
1038 854 1281 919 Christo,
1312 853 1663 925 Erangelium
1695 852 1957 923 praadica-

367 952 517 998 runt.
551 963 570 997 ι

442 1036 550 1092 Sed
582 1040 777 1110 qumrit
812 1039 875 1095 D.
918 1039 986 1096 de
1017 1039 1322 1111 Premagny
1369 1047 1549 1094 utrum
1604 1040 1660 1093 in
1708 1039 1957 1095 versione

369 1128 597 1201 Syriaca
656 1135 1003 1203 reperiantur
1058 1134 1159 1187 ista
1216 1133 1481 1187 vocabula
1519 1152 1533 1187 :
1570 1131 1909 1202 Evangelium
1937 1172 1953 1196 ,

366 1223 693 1291 Apostolus?
726 1224 1052 1296 Respondeo
1080 1225 1134 1279 id
1165 1225 1315 1297 parvi
1349 1225 1575 1288 referre,
1628 1225 1787 1278 modo
1833 1241 1957 1280 sen-

368 1329 465 1371 sus
497 1315 640 1370 idem
669 1318 1027 1387 exprimatur.
1063 1316 1134 1371 Ut
1166 1324 1347 1371 autem
1379 1317 1683 1371 curiositati
1714 1321 1834 1386 ejus
1868 1333 1958 1371 sa-

369 1406 664 1471 tisfaciam,
692 1407 870 1463 dicam
899 1410 954 1463 in
982 1408 1207 1481 Syriaco
1230 1410 1462 1479 exprimi
1490 1418 1700 1463 tantum
1733 1426 1955 1465 sensum

367 1500 811 1569 verbiApostoli,
843 1501 898 1556 id
928 1511 1014 1556 est
1038 1504 1214 1567 missi,
1261 1512 1315 1557 et
1364 1502 1737 1557 introductum
1786 1503 1957 1559 fuisse

368 1594 700 1649 vocabulum
734 1593 1032 1665 Evangelii.
1067 1594 1186 1650 Non
1232 1597 1474 1652 consulit
1518 1611 1630 1650 sua:
1672 1596 1829 1651 famze
1862 1597 1957 1666 qui

370 1684 472 1741 has
502 1688 711 1743 namias
740 1688 1021 1758 proponit.

438 1777 551 1835 Vll.
593 1778 698 1846 Qui
734 1781 961 1835 libidine
1003 1780 1418 1836 contradicendi
1465 1782 1735 1852 abripitur
1785 1781 1954 1836 solem

367 1871 547 1941 ipsum
575 1872 951 1943 splendentem
980 1885 1225 1943 negaret,
1259 1887 1352 1927 aut
1381 1875 1501 1944 ejus
1528 1875 1877 1931 existentiam
1898 1876 1952 1930 in

366 1961 594 2017 dubium
646 1972 952 2020 revocaret.
989 1964 1081 2020 Sic
1127 1966 1188 2022 D.
1221 1967 1287 2023 de
1315 1968 1618 2042 Premagny
1650 1971 1797 2025 litem
1829 1987 1955 2027 sus.

368 2057 502 2111 citat
546 2058 759 2113 auctori
814 2058 1183 2129 Epistolarum
1224 2062 1353 2130 quia
1394 2078 1495 2118 nec
1554 2079 1953 2134 praecursorem

368 2147 583 2203 Domini
615 2149 917 2219 Baptistam
948 2154 1260 2223 appellavit,
1286 2170 1386 2210 nec
1417 2156 1675 2210 dilectum
1708 2158 1956 2229 discipu-

368 2242 479 2296 lum
500 2241 917 2313 Evangelistam.
950 2246 1081 2302 Inde
1102 2249 1266 2303 etiam
1296 2250 1583 2319 perpendit
1610 2259 1792 2307 utrum
1833 2268 1953 2305 am-

369 2331 452 2390 ba:
504 2344 704 2389 nostrae
751 2335 1010 2406 Epistola:
1049 2339 1372 2395 antecedere
1404 2341 1682 2411 potuerint
1710 2344 1956 2411 publica-

366 2426 573 2482 tionem
604 2434 659 2483 et
685 2429 1052 2499 cognitionem
1081 2430 1362 2501 Evangelii
1394 2434 1570 2488 sancti
1591 2433 1837 2492 Joannis.
1858 2436 1956 2489 Mi-

369 2535 493 2575 sera
522 2535 753 2590 prorsus
797 2522 1110 2579 discussio!
1146 2523 1203 2578 Si
1234 2526 1377 2580 enim
1412 2529 1811 2583 antecesserint
1840 2530 1957 2583 istae

368 2610 628 2684 Epistolze
672 2615 1097 2686 publicationem
1146 2616 1423 2688 Evangelii
1477 2620 1655 2674 sancti
1704 2619 1953 2685 Joannis,

367 2720 470 2759 cur
496 2720 686 2759 eorum
724 2706 1106 2777 antiquitatem
1140 2708 1458 2779 impugnat?
1490 2709 1617 2775 Sed,
1646 2713 1835 2781 procul
1865 2714 1959 2767 du-

367 2795 482 2861 bio,
516 2796 696 2851 adhuc
726 2796 1028 2854 distractus
1077 2807 1194 2854 erat
1247 2801 1477 2871 legendo
1513 2809 1567 2857 et
1597 2804 1958 2875 exscribendo

368 2887 469 2943 has
502 2887 771 2957 Epistolas
798 2909 811 2945 :
841 2890 1048 2961 pluries
1076 2892 1221 2945 enim
1252 2892 1325 2945 ibi
1357 2899 1583 2946 sanctus
1606 2892 1858 2948 Clemens
1881 2895 1960 2947 ci-

369 2980 506 3034 tavit
551 2980 901 3053 Evangelium
936 2986 1112 3039 sancti
1141 2983 1393 3041 Joannis.
1430 2985 1487 3040 in
1522 2987 1640 3042 solo
1670 3004 1725 3041 n.
1760 2988 1826 3042 15
1870 3004 1960 3043 se-

367 3074 561 3128 cunda:
583 3073 860 3144 Epistolaz,
889 3077 973 3131 bis
1006 3078 1173 3148 hujus
1201 3077 1556 3149 Evangelium
1589 3079 1819 3134 adduxit
1857 3100 1870 3135 :
1907 3082 1960 3135 1⁸

2059 572 2225 626 verba
2255 574 2430 626 sancti
2462 572 2640 628 Lucae.
2671 572 2789 626 Non
2825 570 2983 626 facile
3030 578 3211 625 tamen
3239 569 3491 638 concipio
3519 570 3641 638 qui-

2059 661 2289 717 busnam
2315 665 2496 719 verbis
2525 673 2751 719 sanctus
2775 663 2955 718 Lucas
2984 663 3188 717 clarius
3220 662 3528 731 exprimere
3550 676 3644 732 po-

2059 757 2255 812 tuisset
2308 756 2551 828 Deiparte
2595 759 2965 828 virginitatem
3011 772 3175 827 quam
3205 756 3307 809 hoc
3339 771 3594 809 sermone
3625 774 3641 810 :

2058 849 2211 903 Dixit
2241 860 2415 903 autem
2436 850 2613 904 Maria
2642 850 2708 904 ad
2730 852 2987 920 Angelum
3007 864 3024 902 :
3048 847 3321 915 Quomodo
3356 848 3444 915 ﬁet
3472 847 3644 906 istud,

2057 944 2306 1011 quoniam
2336 945 2507 997 virum
2538 960 2639 996 non
2670 944 2965 1012 cognosco?
3014 940 3081 993 Et
3122 938 3438 1007 respondens
3479 953 3645 1006 ange-

2059 1032 2164 1093 lus,
2194 1032 2331 1085 dixit
2380 1035 2427 1086 ei
2458 1049 2475 1087 :
2509 1033 2743 1102 Spiritus
2797 1043 3014 1086 sanctus
3054 1031 3376 1101 :uperveniet
3408 1030 3463 1082 in
3493 1037 3561 1093 te,
3591 1037 3647 1081 et

2057 1127 2225 1177 virtus
2269 1126 2536 1180 Altissimi
2582 1125 2919 1179 obumbrabit
2964 1124 3109 1179 tibi:
3140 1124 3359 1194 ideoque
3409 1133 3459 1177 et
3502 1122 3646 1193 quod

2059 1228 2305 1271 nascetur
2329 1235 2393 1273 ex
2425 1230 2472 1273 te
2499 1230 2746 1273 sanctum
2776 1217 3052 1272 vocabitur
3083 1215 3256 1270 Filius
3287 1215 3385 1269 Dei
3405 1215 3468 1269 ¹⁹.

2132 1311 2220 1368 ιχ.
2268 1312 2499 1366 Miratur
2544 1313 2712 1367 etiam
2755 1312 3047 1365 adnotator
3079 1324 3108 1363 a
3143 1316 3334 1363 sancto
3362 1308 3650 1363 Clemente

2057 1404 2306 1459 adhiberi
2357 1405 2474 1460 haec
2522 1406 2689 1461 verba
2730 1424 2744 1459 :
2781 1404 3042 1458 Dominus
3088 1411 3268 1455 noster
3296 1398 3455 1455 Iesus
3483 1400 3644 1455 Chri-

2060 1504 2167 1559 tus,
2198 1495 2297 1549 Dei
2348 1493 2548 1551 Filius.
2587 1495 2846 1566 Nunquid
2900 1495 3071 1564 igitur
3104 1493 3341 1547 insolitae
3371 1501 3530 1545 erant
3561 1492 3647 1544 lim

2059 1602 2222 1641 voces
2270 1602 2391 1657 quze
2440 1587 2603 1641 toties
2632 1586 2981 1656 reperiuntur
3009 1590 3063 1636 et
3100 1583 3153 1635 in
3189 1580 3557 1650 Evangelistis
3584 1586 3644 1633 et

2058 1679 2113 1733 in
2142 1678 2400 1748 Epistolis
2429 1679 2801 1750 apostolorum
2822 1678 2844 1731 ?
2864 1676 3019 1743 Quod
3052 1675 3097 1730 si
3122 1674 3237 1729 haec
3265 1673 3506 1728 nondum
3532 1670 3645 1726 suf-

2062 1772 2270 1835 ﬁciant,
2310 1773 2529 1827 remitto
2579 1772 2759 1825 adhuc
2803 1769 3191 1841 philosophum
3236 1765 3647 1835 Rothomagen-

2059 1880 2174 1919 sem
2233 1863 2300 1917 ad
2363 1863 2679 1934 Symbolum
2708 1861 3085 1932 apostolorum
3144 1859 3289 1929 quod
3343 1854 3648 1911 Christiani

2059 1972 2273 2021 omnes,
2307 1963 2551 2026 tempore
2596 1954 2772 2010 saneti
2816 1952 3135 2015 Clementis,
3170 1951 3473 2006 recitabant
3503 1950 3651 2003 sicut

2056 2059 2109 2107 et
2162 2067 2286 2114 nos,
2333 2048 2582 2103 dicentes
2617 2068 2631 2103 :
2666 2047 2735 2101 Et
2786 2048 2841 2100 in
2893 2045 3079 2099 Iesum
3110 2044 3413 2123 Christum“
3442 2041 3649 2096 Filium

2056 2143 2170 2212 ejus
2204 2143 2415 2194 unicum
2447 2141 2733 2194 Dominum
2768 2149 3029 2193 nostrum.

2127 2233 2246 2287 Non
2274 2232 2506 2286 libenter
2527 2231 2653 2301 legit
2684 2229 3065 2285 simultaneam
3092 2227 3257 2281 trium
3282 2241 3642 2298 personarum

2057 2325 2487 2379 enuntiationem
2532 2338 2562 2374 a
2610 2329 2804 2376 sancto
2850 2318 3127 2375 Clemente
3158 2334 3495 2389 expressam.
3534 2318 3651 2370 Cur

2058 2430 2188 2470 vero
2216 2430 2324 2469 non
2354 2429 2507 2484 aeque
2532 2412 2887 2483 displicerent
2914 2413 2961 2467 ei
2991 2413 3155 2467 verba
3183 2411 3390 2467 Christi
3422 2411 3488 2465 ad
3515 2426 3650 2480 app-

2060 2508 2230 2563 stolos
2267 2530 2277 2563 :
2312 2507 2511 2559 Euntes
2541 2522 2684 2575 ergo,
2716 2506 2897 2558 docete
2923 2521 3099 2558 omnes
3131 2514 3335 2575 gentes,
3365 2503 3651 2571 baptizan-

2062 2610 2136 2655 tes
2176 2618 2262 2654 eos
2306 2600 2361 2652 in
2407 2599 2614 2652 nomine
2648 2597 2854 2661 Patris,
2885 2606 2932 2650 et
2968 2594 3117 2658 Filii,
3152 2605 3199 2650 et
3246 2594 3478 2664 Spiritus
3514 2611 3649 2648 san-

2060 2698 2231 2751 cti"?
2257 2694 2490 2749 Putatne
2519 2710 2548 2747 a
2580 2694 2869 2763 discipulis
2898 2692 3104 2747 Christi
3158 2692 3259 2745 hoc
3309 2699 3649 2761 praeceptum

2060 2804 2170 2843 non
2225 2787 2393 2841 fuisse
2440 2784 2671 2838 lideliter
2720 2790 2774 2837 et
2819 2782 3061 2852 quotidie
3086 2781 3471 2837 observatum?
3504 2780 3649 2836 Num

2060 2880 2338 2938 existimat
2371 2893 2401 2931 a
2428 2876 2621 2948 primis
2637 2874 3093 2932 Christianisnon
3108 2874 3452 2929 efformatum
3474 2873 3648 2929 fuisse

2062 2974 2276 3044 signum
2310 2970 2490 3025 crucis
2522 2969 2575 3023 in
2604 2970 2823 3022 nomine
2851 2965 3047 3029 Patris,
3079 2973 3132 3021 et
3160 2963 3302 3028 Filii,
3325 2975 3380 3020 et
3405 2964 3648 3034 Spiritus

2064 3064 2280 3121 sancti?
2324 3061 2599 3115 Audacter
2647 3058 2780 3112 dicit
2825 3072 2998 3127 usque
3050 3058 3113 3111 ad
3165 3071 3367 3111 annum
3400 3056 3503 3110 165
3532 3064 3649 3111 tres

369 3162 558 3220 Mirati
587 3176 710 3220 sunt
737 3169 863 3239 quia
894 3186 1013 3223 cum
1045 3147 1261 3224 muliere
1291 3147 1603 3241 loquebatur
1635 3172 1715 3237 ‘7;
1744 3171 1803 3225 2⁸
1827 3171 1958 3226 Noli

2069 3153 2426 3211 sanctissimae
2448 3150 2733 3204 Trinitatis
2753 3165 3017 3218 personas
3040 3164 3319 3218 nunquam
3346 3147 3516 3202 fuisse
3532 3162 3651 3201 ver-

368 3274 449 3312 me
464 3267 675 3328 tangere
698 3274 715 3311 :
734 3260 966 3314 nondum
983 3262 1123 3315 enim
1144 3264 1357 3316 ascendi
1379 3263 1447 3316 ad
1466 3263 1686 3318 Patrem
1706 3280 1874 3319 meum
1891 3266 1955 3321 ¹⁸.

367 3349 505 3403 Cum
556 3365 687 3419 ergo
736 3360 964 3409 sanctus
1008 3352 1263 3409 Clemens
1323 3354 1575 3410 citaverit
1620 3355 1725 3409 hoc
1781 3355 1956 3410 sancti

367 3441 599 3498 Joannis
630 3442 1007 3514 Evangelium,
1040 3461 1225 3501 nonne
1258 3446 1483 3501 evidens
1504 3454 1588 3503 est
1622 3447 1757 3502 illud
1790 3447 1961 3512 fuisse

369 3544 499 3591 ante
545 3544 765 3593 nostras
794 3538 1068 3608 Epistolas
1101 3539 1405 3609 scriptum?
1447 3538 1587 3593 Hinc
1616 3540 1781 3595 etiam
1814 3547 1961 3609 patet

370 3641 775 3696 praecursorem
825 3628 1041 3684 Domini
1071 3646 1099 3684 a
1131 3642 1323 3686 sancto
1371 3628 1651 3686 Clemente
1688 3639 1747 3686 ut
1778 3630 1961 3702 Bapti-

370 3727 512 3772 stam
561 3716 735 3773 fuisse
783 3722 1073 3790 agnitum:
1119 3722 1173 3776 in
1228 3721 1408 3790 primo
1461 3721 1732 3791 siquidem
1782 3722 1963 3791 capite

368 3806 651 3877 Evangelii
701 3810 877 3864 sancti
930 3810 1181 3877 Joannis,
1210 3812 1393 3869 sexies
1420 3814 1615 3869 beatus
1653 3829 1963 3884 praecursor

368 3900 668 3968 Baptizans
703 3903 1031 3972 appellatur.

443 3991 580 4048 Vlll.
622 3992 742 4048 Iam
776 3996 1034 4064 superius
1057 3996 1171 4050 dixi
1214 4012 1357 4067 aegre
1387 3998 1615 4053 concedi
1642 4014 1804 4068 posse
1834 4015 1961 4054 san-

371 4088 522 4135 ctum
574 4081 910 4138 Clementem
989 4085 1252 4141 strictiori
1305 4088 1527 4142 vinculo
1582 4104 1707 4143 cum
1768 4096 1961 4144 sancto

370 4173 540 4229 Paulo
561 4190 725 4245 quam
753 4191 878 4231 cum
910 4186 1104 4233 sancto
1133 4178 1296 4235 Petro
1325 4179 1550 4250 ligatum
1585 4181 1788 4238 fuisse:
1812 4201 1963 4238 com-

371 4269 609 4322 moratio
652 4284 890 4339 namque
933 4273 1108 4325 sancti
1154 4271 1301 4327 Petri
1333 4272 1520 4329 Romae
1549 4277 1719 4330 multo
1748 4276 1962 4332 diutur-

370 4360 515 4423 nior,
551 4361 1015 4417 necessitudinem
1046 4379 1265 4433 quoque
1294 4367 1466 4419 multo
1498 4368 1787 4421 arctiorem
1822 4369 1965 4424 inter

322 4498 323 4501 η
371 4464 467 4505 eos
495 4450 800 4519 producere
827 4452 1017 4507 debuit
1040 4472 1052 4505 :
1072 4455 1217 4523 quod
1254 4454 1533 4510 fatendum
1556 4464 1722 4520 esset,
1748 4459 1961 4515 etiamsi

2061 3246 2148 3301 bis
2177 3245 2520 3314 conjunctas.
2556 3239 2786 3294 Fallitur
2818 3259 2830 3293 :
2864 3239 3109 3309 quotidie
3143 3238 3287 3293 enim
3338 3238 3651 3306 conjuncm

2060 3338 2284 3393 fuerunt
2338 3335 2392 3389 in
2450 3332 2623 3387 forma
2671 3330 3038 3401 baptismatis,
3070 3339 3123 3384 et
3171 3328 3226 3382 in
3256 3329 3413 3399 signo
3442 3329 3645 3382 crucis.

2059 3430 2171 3485 lmo
2205 3429 2259 3483 in
2290 3428 2509 3496 scriptis
2542 3426 2715 3481 sacris
2744 3433 2796 3479 et
2828 3424 2881 3477 in
2915 3424 3205 3477 traditione
3233 3419 3399 3491 hujus
3428 3428 3645 3490 tempo-

2057 3523 2138 3579 ris
2184 3522 2305 3575 illas
2354 3520 2539 3574 unitas
2590 3517 2763 3572 fuisse
2807 3516 3090 3570 evidenter
3120 3522 3287 3584 patet.
3324 3514 3469 3567 Satis
3499 3513 3646 3566 enim

2060 3616 2208 3670 clare
2262 3622 2375 3669 tres
2422 3611 2784 3668 sanctissimce
2836 3608 3130 3662 Trinitatis
3172 3611 3432 3664 Personae
3469 3606 3652 3674 expri-

2061 3717 2285 3761 muntur
2332 3704 2494 3760 simul
2537 3705 2592 3757 in
2623 3702 2709 3757 his
2739 3701 2882 3754 beati
2914 3698 3068 3751 Pauli
3099 3697 3281 3752 verbis
3338 3697 3403 3750 ad
3452 3695 3650 3749 Corin-

2065 3800 2209 3854 thios
2236 3798 2458 3866 scriptis
2491 3814 2503 3849 :
2540 3793 2727 3847 Gratia
2758 3790 2976 3844 Domini
3037 3788 3208 3843 nostri
3254 3786 3383 3841 Iesu
3420 3785 3648 3848 Christi,

2061 3903 2109 3947 et
2142 3892 2376 3945 charitas
2411 3890 2530 3953 Dei,
2568 3898 2615 3941 et
2645 3883 3055 3941 communicatio
3082 3880 3255 3934 sancti
3287 3879 3542 3948 Spiritus,
3578 3880 3651 3930 sit

2062 4000 2179 4035 cum
2208 3980 2447 4036 omnibus
2479 3977 2683 4033 vobis“
2704 3983 2808 4044 ;'et
2839 3974 2905 4027 ad
2974 3967 3194 4024 eosdem
3221 3971 3265 4001 ³³
3301 3990 3312 4024 ;
3348 3968 3654 4037 Conﬁrmat

2063 4093 2157 4129 nos
2185 4076 2240 4128 iu
2268 4074 2501 4136 Christo,
2526 4080 2575 4125 et
2607 4070 2759 4122 unxit
2790 4084 2883 4120 nos
2919 4064 3077 4129 Deus,
3109 4072 3158 4117 et
3184 4063 3413 4131 signavit
3451 4076 3567 4125 nos,
3597 4068 3651 4113 et

2063 4168 2207 4222 dedit
2237 4168 2425 4237 pignus
2464 4163 2697 4231 Spiritus
2727 4161 2780 4212 in
2813 4156 3059 4211 cordibus
3088 4155 3308 4208 nostris.

2135 4259 2255 4313 Non
2286 4258 2466 4312 minus
2498 4257 2644 4309 clare
2671 4262 2893 4309 sanctus
2924 4247 3119 4303 Petrus
3143 4246 3356 4301 divinas
3384 4257 3656 4315 personas

2067 4352 2227 4407 simul
2256 4352 2578 4420 coniunctas
2606 4346 2876 4407 enuntiat,
2902 4344 3096 4397 dicens
3134 4359 3145 4394 :
3180 4338 3448 4393 Electis...
3472 4352 3657 4390 secun-

2067 4446 2193 4498 dum
2238 4441 2626 4513 prwscientiam
2671 4438 2766 4491 Dei
2815 4436 3025 4497 Patris,
3074 4434 3127 4487 in
3173 4431 3654 4498 sancti/irationem

373 4542 529 4595 nihili
548 4542 917 4611 penderentur
946 4550 1026 4597 tot
1057 4554 1303 4600 veterum
1326 4548 1640 4602 testimonia
1657 4565 1779 4619 qua:
1802 4566 1965 4606 sanc-
1996 4526 2043 4579 D
2071 4538 2324 4605 Spiritus.
2344 4537 2399 4589 ίη
2433 4533 2785 4589 obedientiam
2811 4540 2858 4584 εί
2881 4529 3238 4595 αδΡενδῖοηεηι
3261 4523 3536 4594 sanguinis
3564 4521 3657 4575 Je-

373 4644 488 4689 tum
525 4634 865 4692 Clementem
895 4640 1073 4693 sancti
1103 4639 1253 4694 Petri
1284 4640 1536 4695 comitem
1589 4641 1763 4698 fuisse
1810 4645 1965 4700 evin-

373 4732 530 4790 cunt,
562 4736 616 4781 et
645 4743 770 4782 eum
802 4730 872 4784 ab
902 4730 1007 4785 hoc
1036 4732 1289 4801 apostolo
1316 4744 1698 4789 consecratum
1745 4737 1961 4807 episco-

374 4832 504 4887 pum
533 4820 870 4875 unanimiter
895 4822 1143 4879 tradunt.

445 4910 621 4967 Pudet
670 4931 755 4970 me
807 4916 1135 4987 redarguere
1168 4918 1313 4987 quod
1346 4920 1636 4973 ainotator
1668 4927 1775 4973 tam
1804 4938 1958 4976 erro-

374 5019 478 5060 nee
506 5003 714 5075 profert
741 5007 809 5062 de
839 5009 1067 5065 vocibus
1098 5008 1232 5063 Filii
1268 5010 1518 5079 Virginis,
1551 5028 1692 5081 quas
1724 5014 1961 5083 applicat

373 5105 603 5153 sanctus
624 5098 876 5155 Clemens
905 5100 1132 5156 Domino
1160 5111 1349 5158 nostro
1376 5102 1505 5159 Iesu
1536 5102 1959 5176 Christo:quasi

374 5190 569 5247 titulus
612 5191 842 5262 Virginis
880 5193 1158 5248 adhibitus
1208 5195 1451 5249 nondum
1506 5195 1703 5251 fuisset
1748 5197 1816 5252 ad
1866 5198 1962 5253 de-

374 5282 698 5351 signandam
751 5281 1085 5340 Genitricem
1139 5284 1459 5342 Salvatoris.
1512 5285 1768 5357 Nunquid
1800 5288 1861 5342 D.
1893 5289 1961 5344 de

374 5371 679 5446 Premagny
765 5374 820 5429 in
872 5374 1099 5430 dubium
1155 5379 1435 5432 revocavit
1491 5379 1959 5434 authenticitatem

375 5469 620 5542 Symboli
655 5469 966 5538 apostolici,
1000 5470 1053 5524 in
1085 5485 1194 5540 quo
1236 5471 1479 5525 dicitur:
1518 5470 1694 5527 Natus
1745 5490 1811 5527 e1:
1848 5473 1964 5528 Ma-

376 5563 462 5613 ria
489 5561 728 5629 uirgine?
759 5559 869 5613 Aut
916 5561 1166 5629 nunquid
1196 5562 1363 5615 verba
1396 5562 1512 5617 haec
1541 5562 1833 5632 quamdam
1864 5564 1963 5618 ob-

375 5651 698 5705 scuritatem
736 5650 1063 5706 involvunt?
1106 5650 1271 5705 Addit
1317 5652 1481 5707 verba
1512 5654 1691 5709 sancti
1722 5653 1962 5710 Matthazi

451 5764 493 5795 "
533 5762 693 5819 Joan.
729 5780 803 5825 Iv,
834 5765 927 5821 2'7.
1038 5766 1080 5796 ⁸⁸
1119 5764 1279 5822 Joan.
1309 5782 1403 5828 xx,
1436 5766 1524 5822 17.

1638 5768 1681 5799 ¹⁹
1725 5767 1853 5821 Luc.
1879 5784 1918 5829 ι,
1952 5769 2042 5834 54,
2072 5766 2162 5821 55.

2067 4652 2129 4689 su
2154 4629 2436 4687 Christi".

2139 4722 2318 4792 Eque
2364 4729 2550 4789 aperte
2596 4722 2820 4771 sanctus
2860 4711 3100 4766 Joannes
3146 4709 3322 4764 dicit:
3362 4707 3486 4761 Tres
3527 4718 3655 4761 sunt

2064 4816 2153 4886 qui
2183 4812 2542 4867 testimonium
2570 4808 2699 4861 dant
2731 4809 2786 4860 in
2812 4805 2980 4859 cazlo:
3015 4803 3200 4865 Pater,
3222 4800 3441 4855 Verbum
3466 4798 3656 4869 etSpi—

2065 4909 2199 4960 ritus
2230 4916 2487 4965 sanctus;
2514 4910 2563 4953 et
2594 4900 2648 4952 hi
2674 4909 2778 4952 tres
2811 4913 2971 4950 unum
3007 4896 3207 4948 sunt".

2139 4997 2402 5069 Equidem
2449 4992 2763 5048 infidelibus
2800 4989 2959 5059 primi
2992 4985 3291 5041 Christiani
3334 5000 3442 5039 non
3486 4986 3659 5040 debes

2066 5094 2199 5147 bant
2242 5088 2488 5144 revelare
2533 5082 2908 5154 imprudenter
2949 5077 3208 5149 mysteria
3241 5078 3522 5146 religionis
3552 5094 3657 5132 no-

2068 5195 2215 5246 strze,
2247 5198 2316 5237 ne
2348 5181 2452 5236 ista
2501 5179 2570 5232 ab
2610 5176 2693 5231 eis
2720 5174 3123 5234 deriderentur,
3158 5177 3211 5223 et
3243 5170 3656 5239 persecutiones

2068 5278 2238 5350 gratis
2287 5274 2755 5338 suscitarentur,:
2802 5268 3034 5336 ideoque
3088 5264 3345 5320 Christus
3393 5264 3651 5320 dixerat:

2072 5372 2256 5426 Nolite
2285 5369 2413 5422 dare
2444 5376 2687 5420 sanetum
2718 5361 2961 5425 canibus,
2993 5376 3154 5429 neque
3182 5360 3410 5413 mittatis
3439 5374 3658 5427 marga—

2070 5466 2203 5518 ritas
2249 5470 2371 5514 ante
2408 5471 2626 5528 porcos;
2671 5469 2734 5507 ne
2777 5453 2913 5522 forte
2965 5453 3271 5505 conculcent
3318 5467 3409 5505 eas
3436 5449 3657 5519 pedibus

2070 5557 2204 5619 suis,
2229 5563 2278 5608 et
2310 5550 2544 5605 conversi
2562 5548 2869 5615 dirumpunt
2894 5543 3074 5608 vos";
3108 5545 3203 5598 sed
3232 5541 3369 5596 adeo
3395 5540 3659 5611 frequens

2070 5655 2188 5706 erat
2217 5647 2361 5700 inter
2388 5643 2633 5698 initiatos
2663 5640 3025 5696 sanctissimae
3048 5635 3335 5691 Trinitatis
3357 5635 3659 5700 invocatio,

2274 5761 2319 5792 '°
2358 5756 2547 5810 Matth.
2589 5772 2784 5823 xxvm,
2834 5753 2922 5810 19.
3035 5753 3075 5783 ²¹
3118 5750 3164 5805 Il
3197 5748 3325 5804 Ccr.
3382 5762 3505 5813 xm,
3565 5748 3655 5801 15.

386 5837 429 5867 ιι
471 5833 513 5891 ιι
546 5835 676 5890 Cor.
713 5850 751 5904 ι,
778 5835 870 5892 ει.
949 5835 994 5867 υ
1032 5834 1306 5907 ιῐνειω,
1344 5825 1477 5900 1,2.
1557 5838 1601 5871 ιι
1642 5825 1975 5902 ιιοαιι.ν’.’

2092 5837 2138 5869 ’⁸
2180 5831 2373 5887 Matth.
2398 5843 2497 5895 vii,
2525 5825 2582 5883 6.
