3908 6172
276 330 385 385 δδν

1243 335 1602 395 EPISTOLE
1636 342 1728 398 AD
1759 339 2104 399 VIRGINES.
2134 369 2207 384 —-
2237 338 2617 398 PROtEMlAJ

3430 335 3536 392 5'70

283 453 341 497 ut
370 448 568 497 auctor
611 442 829 516 Dialogi
871 444 1206 517 Philopatris
1251 456 1343 521 qui
1375 456 1479 511 sub
1506 455 1725 525 Trajanl
1773 457 1869 509 im-
1894 460 1940 517 Α
1970 455 2196 525 scipulis
2235 457 2351 511 suis
2392 462 2450 508 ut
2475 470 2570 509 eos
2616 453 2717 523 ipsi
2743 452 3073 522 abjicerent,
3103 449 3321 520 quando
3347 450 3484 505 dixit
3516 466 3532 506 :

281 536 432 604 perio
461 537 705 606 scripsit,
727 538 830 592 hac
854 540 973 609 ipsa
1002 540 1212 596 ratione
1232 542 1573 602 Christianos
1593 549 1857 613 derideat,

275 633 334 680 et
363 624 582 679 cuidam
613 626 757 681 ﬁdeli
788 629 935 683 dicat
962 649 976 683 :
1006 630 1145 684 Jura
1177 634 1305 687 mihi
1332 653 1421 705 per
1445 637 1615 691 Deum
1644 640 1782 701 coeli,
1809 653 1859 694 et

277 731 581 784 supremum
613 717 922 786 Dominum,
959 736 1051 788 per
1090 721 1293 778 Filium
1339 726 1539 792 Patris,
1573 746 1665 798 per
1695 730 1862 798 Spiri-

275 819 390 860 tum
420 809 512 878 qui
544 826 576 861 a
605 808 766 864 P-atre
796 814 1051 881 procedit,
1083 816 1253 871 Deum
1298 834 1462 872 unum
1492 821 1547 874 in
1577 823 1767 890 tribus,
1808 833 1860 877 et

279 901 479 952 trinum
508 901 564 954 in
591 918 716 957 uno.

347 991 639 1047 Abstinere
684 993 967 1050 debuisset
997 997 1068 1052 ab
1117 1001 1266 1055 omni
1310 1003 1665 1057 contentione
1696 1002 1758 1058 D.
1790 1004 1859 1060 de

273 1080 582 1154 Pretnagny
610 1086 904 1142 occasione
930 1090 1162 1147 alterius
1198 1100 1380 1147 textus
1409 1110 1569 1163 quem
1605 1095 1859 1164 deprom-

275 1181 461 1241 pserat
506 1183 729 1232 sanctus
776 1178 1011 1236 Basilius
1056 1182 1126 1236 ab
1173 1183 1282 1237 alio
1329 1185 1506 1239 sancti
1558 1185 1857 1242 Clementis

270 1283 439 1336 opere
464 1270 607 1338 quod
638 1272 818 1339 periit.
851 1272 931 1327 En
981 1274 1071 1329 ille
1103 1283 1282 1331 textus
1328 1292 1343 1329 :
1392 1277 1629 1333 Clemens
1660 1278 1857 1332 Roma—

272 1376 375 1411 nus
406 1362 674 1430 antiquior
714 1363 841 1415 dicit
868 1382 887 1413 :
928 1364 1062 1419 l'ivit
1092 1365 1233 1421 Deus
1258 1406 1274 1431 ,
1322 1376 1373 1423 et
1402 1369 1661 1423 Dominus
1698 1370 1854 1425 Jesus

268 1449 554 1518 Christus,
608 1464 658 1507 et
702 1454 933 1521 Spiritus
963 1467 1176 1511 sanctus
1222 1459 1288 1514 ’⁸.
1338 1458 1584 1514 Credidit
1629 1472 1856 1515 sanctus

269 1541 511 1598 Basilius
552 1546 665 1600 haec
712 1550 886 1601 sancti
936 1548 1235 1605 Clementis
1278 1552 1445 1605 verba
1494 1552 1741 1606 sutﬁcere
1794 1560 1853 1606 ut

267 1636 610 1691 stabiliretur
638 1639 1179 1695 consubstantialitas
1204 1641 1365 1697 Verbi
1394 1642 1563 1696 divini
1585 1683 1600 1703 ,
1633 1644 1851 1698 Ariani-

266 1744 379 1796 que
405 1728 805 1785 refellerentur.
835 1730 949 1786 Hoc
970 1748 1077 1787 non
1102 1735 1339 1788 admittit
1364 1734 1428 1789 ι).
1447 1737 1513 1790 de
1528 1735 1848 1807 Premagny.

1965 544 2240 600 Daemones
2279 545 2449 615 ejicite
2470 546 2536 600 ".
2597 543 2738 610 Quid
2785 543 2982 597 mirum
3032 542 3198 612 igitur
3246 542 3296 596 si
3346 548 3537 594 auctor

1963 633 2328 704 Epistolarum
2384 637 2603 707 regulas
2654 644 2859 691 statuat
2910 650 3047 705 quas
3096 633 3249 704 sequi
3303 633 3536 687 debeant

1960 729 2289 782 exorcistze?
2314 728 2454 794 Quid
2482 745 2643 799 porro
2669 731 2785 785 ista:
2806 728 3052 783 redolent
3074 728 3177 782 nisi
3208 726 3534 788 castitatem,

1962 820 2480 885 mortiﬁcationem,
2545 822 2948 877 humilitatem?
3003 819 3210 874 [ndicat
3269 818 3400 890 quid
3463 821 3537 875 sit

1960 912 2226 979 agendum
2257 921 2316 966 ut
2347 914 2573 982 spiritus
2636 914 2909 983 malignus
2948 912 3247 967 eflicaciter
3274 912 3537 981 expella-

1959 1011 2086 1068 tur;
2117 1002 2212 1056 sed
2246 1020 2354 1057 non
2412 1005 2534 1058 ideo
2566 1004 2774 1059 fraudis
2807 1004 3086 1058 insimulat
3121 1019 3217 1058 eos
3246 1004 3339 1074 qui
3392 1003 3535 1057 hanc

1960 1093 2305 1147 exorcizandi
2337 1096 2602 1147 rationem
2631 1111 2737 1149 non
2762 1091 3263 1163 adhibuerint.lpse
3278 1092 3533 1156 Christus

1957 1183 2143 1237 docuit
2190 1184 2486 1254 discipulos
2546 1203 2674 1241 suos
2733 1186 3061 1255 quibusnam
3107 1185 3276 1237 armis
3337 1185 3532 1238 muniti

1957 1293 2155 1348 pravos
2188 1278 2416 1347 spiritus
2440 1278 2713 1332 debellare
2748 1278 3040 1344 deberent;
3071 1276 3166 1332 sed
3198 1275 3405 1331 fraudis
3438 1284 3533 1329 aut

1958 1372 2225 1425 mendacii
2277 1387 2401 1426 reos
2442 1386 2565 1426 esse
2611 1388 2719 1425 non
2774 1372 3146 1441 pronuntiavit
3203 1370 3424 1441 quando
3479 1373 3531 1427 ei

1956 1473 2252 1518 narrarunt
2298 1481 2354 1519 se
2385 1472 2571 1534 optato
2596 1467 2842 1519 caruisse
2884 1464 3099 1518 elTettu.
3132 1463 3267 1517 Rem
3312 1464 3392 1519 sic
3435 1479 3532 1517 ex-

1956 1557 2109 1625 ponit
2156 1554 2499 1625 Evangelista
2544 1574 2555 1610 :
2611 1554 2756 1609 Tunc
2802 1555 3048 1624 discipuli
3090 1563 3420 1613 accesserunt
3460 1553 3531 1606 ad

1954 1645 2138 1700 Jesum
2167 1656 2388 1709 secreto,
2442 1656 2490 1700 et
2520 1646 2810 1701 dixerunt:
2845 1647 3023 1713 Quare
3061 1664 3153 1699 nos
3199 1664 3303 1699 non
3354 1650 3531 1715 potui--

1958 1754 2073 1790 mus
2102 1739 2287 1806 ejicere
2326 1739 2519 1794 illum?
2550 1738 2698 1793 Dixit
2727 1740 2836 1792 illis
2883 1738 3039 1793 Iesus
3067 1757 3085 1794 :
3115 1738 3337 1808 Propter
3367 1741 3531 1792 incre-

264 1821 412 1886 Quis
439 1837 572 1876 vero
620 1823 844 1878 haerebit
878 1824 1021 1879 inter
1045 1825 1365 1882 aliirmantis
1393 1834 1447 1882 et
1477 1829 1725 1897 negantis
1754 1843 1849 1881 au-
1884 1797 1925 1850 Β
1956 1830 2233 1883 άιιιίιαιετη
2268 1841 2513 1885 vestram.
2549 1831 2749 1893 Amen,
2778 1832 2985 1901 quippe,
3016 1830 3132 1884 dico
3156 1797 3321 1895 voltis,
3358 1832 3404 1883 si
3435 1830 3530 1883 lia-

258 1913 578 1967 ctoritatem
597 1915 621 1967 ?

336 2003 405 2059 Χ.
469 2004 637 2075 Ᾱίειιθ
694 2006 757 2062 D.
821 2006 889 2062 de
946 2005 1250 2078 Premagny
1291 2006 1509 2063 videtur
1569 2010 1851 2078 suscipere

259 2097 431 2149 verba
458 2098 659 2165 quibus
690 2098 1059 2168 Epistolarum
1091 2109 1284 2153 auctor
1329 2099 1525 2153 incitat
1572 2101 1639 2155 ad
1670 2101 1849 2154 imita-

258 2189 474 2241 tionem
503 2190 671 2243 trium
701 2192 1011 2246 divinarum
1051 2208 1428 2262 personarum.
1461 2193 1699 2248 Remitto
1748 2195 1851 2250 hac

256 2281 329 2333 de
361 2295 421 2335 re
471 2280 733 2337 lectorem
779 2284 847 2339 ad
876 2301 941 2339 ea
972 2302 1093 2358 quae
1136 2286 1350 2356 subjeci
1395 2288 1453 2341 in
1498 2288 1849 2343 adnotatione

258 2372 367 2425 loci
396 2373 583 2441 hujus.
918 2424 919 2429 η

329 2463 426 2518 Xl.’
442 2463 609 2521 Juxta
637 2468 1014 2525 adnotatorem
1039 2473 1268 2526 multum
1300 2472 1455 2527 nutat
1480 2472 1844 2542 Epistolarum

257 2568 581 2613 nostrarum
632 2563 934 2616 auctoritas
978 2579 1043 2620 ex
1076 2563 1267 2619 fraude
1320 2575 1373 2619 et
1411 2565 1687 2636 hypocrisi
1726 2582 1848 2634 quae

256 2651 668 2717 eXprobrantur
708 2653 1040 2721 quibusdam
1069 2656 1458 2712 directoribus.
1495 2656 1617 2711 Non
1650 2657 1842 2726 major,

253 2742 367 2803 ait,
418 2738 745 2793 declamatio
791 2752 909 2795 erat
957 2753 1184 2812 tempore
1213 2744 1595 2815 Chrysostomi.
1651 2745 1757 2800 Sed
1797 2746 1846 2801 si

256 2831 387 2884 inde
418 2846 622 2901 anceps
655 2842 801 2887 esset
827 2833 1193 2904 Epistolarum
1233 2841 1551 2903 auctoritas,
1583 2853 1843 2907 sequere-

255 2934 349 2977 tur
371 2923 572 2977 dubias
596 2941 817 2995 quoque
854 2927 1095 2995 judicari
1143 2945 1305 2998 posse
1352 2931 1639 3000 plerasque
1667 2932 1843 2986 sancti

254 3014 415 3069 Pauli
450 3014 727 3086 Epistolas
760 3033 773 3069 :
815 3016 869 3070 in
899 3018 985 3072 his
1012 3020 1156 3072 enim
1187 3020 1536 3075 vehementer
1569 3023 1844 3077 invehitur

1954 1920 2167 1975 (meritis
2212 1921 2368 1991 ﬁdem
2408 1924 2543 1975 sicut
2581 1939 2806 1992 granum
2855 1924 3077 1990 sinapis,
3122 1922 3308 1976 dicetis
3360 1923 3529 1976 monti

1952 2013 2111 2067 huic:
2146 2015 2341 2069 Transi
2369 2016 2491 2069 hinc
2516 2017 2682 2070 illuc:
2713 2025 2761 2069 et
2791 2017 3062 2081 transibit,
3093 2027 3141 2071 et
3166 2016 3299 2069 nihil
3331 2016 3527 2083 impos—

1951 2107 2100 2161 sibile
2138 2110 2239 2162 erit
2266 2108 2428 2164 vobis.
2484 2110 2599 2166 Hoc
2630 2122 2805 2165 autem
2856 2126 3015 2180 genus
3048 2126 3151 2162 non
3179 2107 3392 2177 ejicitur
3422 2108 3528 2161 nisi

1948 2215 2041 2267 per
2070 2200 2359 2253 orationem
2388 2209 2437 2254 et
2466 2201 2733 2270 jejunium
2752 2202 2816 2256 ’⁸.

2021 2291 2248 2345 Cessent
2273 2308 2402 2361 ergo
2436 2293 2740 2363 philosophi
2776 2293 2942 2361 hujus
2984 2290 3169 2347 saeculi
3214 2290 3269 2344 in
3318 2289 3525 2344 sanctis

1948 2380 2205 2435 Patribus
2259 2386 2571 2452 vituperare
2614 2398 2735 2453 quae
2782 2384 2835 2435 in
2878 2381 3098 2436 Christo
3146 2380 3382 2435 revereri
3428 2380 3524 2433 de-

1948 2472 2098 2536 hcnt,
2129 2474 2232 2528 nisi
2260 2474 2395 2528 forte
2415 2474 2636 2529 Christo
2662 2474 3122 2528 renuntiaverint.

2022 2561 2127 2616 Sed
2168 2579 2255 2617 res
2287 2572 2478 2618 notatu
2521 2564 2840 2633 dignissima
2871 2572 2976 2624 est,
2998 2564 3283 2632 plerosque
3310 2560 3525 2615 haereti-

1948 2666 2043 2707 cos
2072 2662 2126 2708 et
2167 2656 2554 2724 philosophos,
2606 2656 2672 2709 ad
2723 2656 2895 2711 solam
2949 2653 3524 2710 commemorationem

1947 2748 2253 2802 dannonum
2288 2755 2341 2801 ct
2371 2748 2800 2802 exorcismorum
2824 2745 3225 2800 excandescere
3257 2754 3311 2801 et
3339 2743 3527 2816 exagi-

1945 2840 2052 2893 tari
2088 2840 2244 2909 quasi
2281 2840 2381 2910 ipsi
2406 2856 2436 2893 a
2472 2841 2809 2895 daemonibus
2838 2838 3237 2894 obsiderentur.

2019 2930 2137 2985 Xll.
2199 2932 2493 2986 Auctorem
2557 2931 2921 3001 Epistolarum
2989 2931 3168 3000 arguit
3232 2929 3525 2984 adnotator

1947 3025 2103 3093 quasi
2146 3032 2487 3077 narratorem
2542 3038 2729 3092 parum
2774 3036 3019 3077 veracem
3070 3038 3258 3076 eorum
3300 3038 3420 3091 quae
3455 3023 3524 3077 ad

254 3123 353 3161 vas
376 3108 670 3161 electionis
705 3117 898 3162 contra
927 3110 1578 3180 pseudo-apostolos.Nos
1598 3130 1726 3169 vero
1748 3115 1839 3185 qui
1870 3124 1911 3181 (ι
1949 3115 2233 3168 Dominum
2268 3123 2516 3167 nostrum
2566 3112 2931 3181 pertinebant.
2968 3130 2986 3162 ιι
3014 3111 3288 3175 Clemens,
3321 3112 3520 3182 inquit,

250 3207 514 3253 tenemus
548 3198 617 3251 ab
658 3199 813 3253 initio
842 3201 1162 3255 mendaeem
1203 3217 1266 3256 ac
1297 3203 1627 3258 homicidam
1668 3206 1841 3263 fuisse

252 3291 587 3353 daemonem,
623 3290 829 3345 scimus
867 3306 1084 3361 quoque
1110 3293 1177 3346 ab
1207 3294 1553 3350 incunabulis
1586 3296 1840 3354 Ecclesiae

252 3385 386 3438 huic
416 3392 621 3454 praesto
648 3384 817 3438 fuisse
840 3385 1123 3441 ministros
1146 3402 1381 3455 quorum
1413 3391 1667 3444 versutia:
1688 3394 1837 3447 omni

249 3483 506 3545 tempore
537 3476 791 3529 revelata:
825 3483 1032 3530 suntet
1064 3475 1277 3531 fortiter
1305 3479 1561 3547 explosae.
1589 3480 1706 3536 Non
1739 3482 1836 3538 de.—

252 3569 361 3623 fuit
406 3566 625 3621 Satanae
655 3569 1003 3636 suppositum
1054 3568 1109 3622 in
1158 3570 1277 3638 ipsa
1307 3569 1513 3627 Christi
1546 3574 1835 3643 societate;

252 3675 358 3715 nec
387 3666 571 3713 tamen
609 3660 985 3713 testimonium
1031 3660 1099 3714 de
1139 3661 1285 3715 illius
1315 3662 1538 3731 perﬁdia
1575 3665 1643 3719 ab
1672 3681 1839 3720 evan-

250 3750 473 3821 gelistis
497 3750 823 3818 praestitum,
858 3751 1136 3806 inlirmare
1167 3768 1406 3822 unquam
1437 3756 1613 3824 potuit
1643 3767 1838 3811 caztera

250 3856 380 3911 quae
406 3840 775 3909 scripserunt.

325 3932 633 3987 Occasione
658 3933 1065 4002 possessionum
1107 3941 1161 3989 et
1189 3934 1642 3999 exorcismorum,
1674 3939 1838 3995 inl‘ert

249 4026 552 4080 adnotator
592 4027 647 4080 in
678 4027 787 4081 illis
814 4025 1030 4079 abditas
1061 4024 1234 4082 fuisse
1265 4042 1444 4082 meras
1482 4028 1701 4085 fraudes
1721 4072 1734 4094 ,
1769 4033 1837 4086 ab

248 4115 399 4170 Asia:
438 4114 644 4169 Judaeis
685 4114 982 4169 derivatas.
1022 4112 1151 4169 Inde
1200 4118 1255 4168 in
1301 4131 1554 4185 campum
1612 4120 1836 4174 divertit

250 4207 603 4270 morborum,
635 4206 937 4275 praesertim
974 4220 1163 4259 eorum
1196 4206 1288 4275 qui
1318 4210 1704 4266 convulsiones
1740 4228 1837 4281 pa-

250 4298 445 4362 riunt,
473 4297 675 4368 quibus
709 4296 894 4351 ﬁdeles
951 4296 1174 4351 delusos
1203 4297 1376 4353 fuisse
1406 4302 1638 4366 asserit,
1676 4304 1835 4372 quasi

249 4389 524 4443 daemonis
555 4387 905 4457 operationes
933 4386 988 4439 in
1022 4386 1105 4440 his
1137 4388 1491 4457 ﬁngerentur.
1524 4389 1655 4446 Post
1694 4392 1835 4448 hanc

1942 3222 2051 3259 non
2096 3212 2181 3260 est
2225 3205 2459 3274 diligens
2489 3205 2692 3259 relator
2736 3203 2993 3256 itinerum
3033 3202 3260 3257 Christi.
3303 3202 3525 3273 Absque

1941 3297 2108 3351 dubio
2142 3296 2318 3360 enim,
2374 3296 2558 3365 plures
2609 3294 2883 3349 comitata:
2930 3302 3058 3347 sunt
3088 3309 3208 3346 eum
3242 3294 3520 3355 mulieres,

1941 3390 2105 3457 paulo
2154 3395 2282 3439 ante
2314 3402 2477 3454 quam
2516 3385 2681 3436 vitam
2718 3390 3151 3436 consummaret.
3190 3381 3310 3434 Non
3356 3383 3523 3437 semel

1940 3480 2246 3548 hospitatus
2301 3486 2387 3531 est
2425 3491 2488 3529 ac
2532 3474 2881 3528 manducavit
2929 3474 2984 3527 in
3032 3474 3194 3527 domo
3237 3472 3421 3527 Maria:
3466 3480 3523 3527 et

1940 3570 2191 3631 Marthae;
2226 3582 2327 3621 nec
2360 3567 2525 3621 semel
2556 3567 2815 3620 mulieres
2845 3564 3156 3619 eﬁ‘uderunt
3184 3572 3522 3635 unguentum

1940 3676 2105 3729 super
2130 3666 2291 3731 caput
2320 3666 2372 3712 et
2414 3659 2576 3728 pedes
2608 3659 2773 3720 illius,
2810 3677 2828 3709 ι
2864 3665 2970 3711 ete.

2008 3752 2202 3806 Nullus
2251 3764 2334 3806 est
2382 3752 2434 3804 in
2496 3765 2791 3820 pauperum
2844 3748 3046 3803 scholis
3111 3747 3377 3817 puerulus
3427 3752 3521 3799 aut

1940 3842 2174 3912 puellula
2196 3858 2316 3911 qua:
2346 3841 2589 3894 eamdem
2625 3854 2689 3891 ac
2714 3838 3073 3907 philosophus
3114 3836 3522 3905 Rothomagen-

1939 3938 2016 3990 sis
2046 3933 2411 3988 eruditionem
2445 3930 2532 3983 hic
2579 3930 2882 3999 producere
2910 3944 3018 3981 non
3052 3928 3337 3981 valuisset.
3370 3925 3521 3978 Nun-

1938 4025 2073 4097 quid
2117 4032 2403 4094 propterea
2434 4020 2552 4074 ausi
2601 4020 2835 4073 fuissent
2867 4019 3064 4071 docere
3092 4025 3185 4071 aut
3227 4016 3521 4085 reprehen-

1938 4120 2069 4173 dere
2110 4118 2291 4170 virum
2340 4113 2744 4182 apostolicum,
2796 4126 3068 4164 summum
3119 4109 3427 4178 pontiﬁcem
3465 4113 3523 4161 et

1939 4207 2273 4279 martyrem?
2298 4204 2369 4259 Ut
2398 4212 2579 4257 autem
2612 4202 3033 4255 reclatnationes
3056 4200 3259 4253 domini
3292 4196 3359 4252 de
3386 4196 3520 4253 Pre-

1938 4314 2135 4369 magny
2179 4298 2413 4365 alicujus
2458 4294 2714 4364 ponderis
2751 4299 2970 4355 essent,
3020 4291 3301 4345 debuisset
3349 4290 3521 4343 citare

1938 4389 2187 4460 quaedam
2220 4388 2396 4443 sancti
2428 4386 2723 4439 Clementis
2757 4384 2918 4437 verba
2949 4398 3069 4451 qua:
3098 4382 3214 4435 suis
3250 4381 3519 4434 reclama-

249 4480 637 4550 irruptionem,
667 4476 1025 4549 philosophus
1057 4475 1513 4549 Rothomagensis
1537 4484 1613 4535 ait
1640 4499 1651 4534 :
1684 4484 1835 4550 «Quo
1868 4474 1910 4527 D
1943 4482 2183 4535 tionibus
2230 4478 2573 4531 occasionem
2620 4489 2831 4543 a’quam
2879 4472 3191 4537 dedissent;
3226 4471 3317 4523 sed
3367 4470 3519 4522 nulla

248 4571 431 4641 major
466 4570 766 4639 antiquitas
791 4568 1055 4623 ambabus
1082 4572 1288 4626 nostris
1308 4571 1569 4642 Epistolis
1591 4573 1831 4641 dabitur,

247 4680 317 4720 eo
373 4662 602 4733 propius
664 4661 732 4714 ad
810 4660 1080 4730 originem
1137 4664 1573 4719 Christianorum
1628 4668 1833 4723 abusus

248 4757 597 4810 adducentur
620 4769 635 4807 :
658 4754 805 4823 quod
833 4762 916 4807 est
947 4754 1351 4809 incommodum
1381 4768 1436 4810 et
1464 4758 1678 4812 creditu
1728 4760 1836 4813 dif-

249 4850 415 4904 ﬁcile.

322 4942 393 4994 At
424 4939 558 4993 mihi
592 4939 925 5008 respondere
978 4939 1329 5010 permittatur
1357 4957 1369 4992 :
1399 4954 1499 4993 cur
1531 4949 1704 4995 mutat
1736 4942 1834 4995 ad-

247 5042 473 5090 notator
498 5041 752 5087 naturam
790 5048 972 5086 rerum
1003 5032 1070 5086 de
1094 5033 1295 5101 quibus
1328 5031 1546 5087 locutus
1577 5041 1662 5087 est
1709 5033 1834 5102 Epi-

249 5127 519 5181 stolarum
583 5125 813 5178 auctor?
852 5122 930 5178 Ne
968 5138 1136 5176 unum
1182 5121 1401 5191 quidem
1459 5122 1683 5176 verbum
1744 5124 1834 5178 ille

249 5218 479 5289 protulit
508 5217 577 5270 de
622 5215 906 5271 fraudibus
939 5224 1033 5269 aut
1078 5216 1144 5269 de
1180 5215 1324 5269 ﬁctis
1357 5214 1597 5281 morbis,
1630 5224 1723 5269 aut
1764 5215 1834 5270 de

248 5308 709 5364 convulsionihus
752 5308 970 5362 diabolo
1020 5307 1317 5361 attributis.
1356 5305 1498 5377 Ergo
1548 5307 1603 5360 in
1651 5321 1830 5360 aerem

251 5401 467 5455 locutus
487 5408 575 5453 est
611 5398 673 5452 D.
705 5398 772 5453 de
800 5397 1100 5469 Premagny
1122 5439 1136 5460 ,
1181 5400 1411 5468 ejusque
1440 5414 1605 5467 opera
1638 5399 1816 5467 periit.

250 5492 573 5546 Certissime
609 5489 863 5546 Christus
900 5492 1094 5561 (velit,
1144 5491 1281 5544 nolit
1332 5491 1557 5545 criticus
1600 5491 1820 5559 noster)

253 5585 452 5655 abjecit
477 5586 594 5657 ipse
630 5585 926 5651 damones,
973 5585 1337 5655 pra:cepitque
1362 5583 1626 5654 apostolis
1656 5598 1719 5636 ac
1742 5582 1826 5636 di-

324 5761 367 5791 ιε
408 5761 532 5816 Bas.
570 5758 646 5812 De
673 5756 859 5823 δρῦν-ἔτ.
886 5754 1033 5823 S.,c.
1062 5760 1151 5814 29.
1230 5762 1272 5792 ’τ
1317 5759 1505 5815 Mann-
1535 5775 1587 5820 ι,
1619 5758 1669 5812 8-

1941 4588 2168 4642 prorsus
2200 4569 2470 4641 ejusmodi
2501 4567 2661 4622 verba
2686 4566 2949 4620 existunt.
2981 4564 3201 4618 Dicetur
3232 4563 3367 4617 forte
3396 4577 3509 4615 non

1936 4680 2153 4729 verum,
2192 4663 2287 4718 sed
2334 4659 2902 4731 pseudo-Clementem
2932 4657 3022 4709 hic
3054 4656 3273 4725 impeti:
3308 4655 3518 4709 admitti

1936 4764 2114 4827 potest
2167 4753 2437 4824 ejusmodi
2485 4750 2795 4810 excusatio,
2831 4748 2962 4817 quin
2988 4747 3307 4799 admittatur
3336 4744 3509 4814 hypo-

1935 4849 2108 4903 thesis
2158 4845 2393 4917 gratuita
2446 4858 2610 4914 quam
2665 4849 2846 4896 textus
2906 4838 3096 4894 sedulo
3170 4838 3515 4893 examinatus

1941 4941 2167 4994 resouit.

2010 4957 2167 5010 spuit.
2785 4968 2792 4975 -

2010 5030 2164 5097 Quod
2191 5038 2371 5084 autem
2407 5027 2695 5081 adnotator
2726 5034 2832 5078 tam
2883 5039 3074 5079 serena
3105 5023 3285 5077 fronte
3316 5022 3516 5075 asserit

1938 5126 2215 5180 Christum
2266 5139 2376 5176 non
2419 5120 2586 5175 semel
2635 5118 2968 5187 hospitatum
3030 5115 3201 5169 fuisse
3244 5116 3299 5168 in
3350 5114 3515 5167 domo

1942 5217 2165 5270 Martha:
2192 5223 2246 5269 et
2276 5214 2480 5275 Mariaa,
2517 5227 2705 5266 verum
2737 5220 2819 5265 est
2850 5209 3069 5279 quidem
3119 5207 3186 5261 de
3231 5204 3510 5276 prandiis;

1934 5310 2027 5365 sed
2073 5308 2328 5362 facillime
2356 5304 2658 5359 contradici
2715 5311 2894 5374 potest
2925 5300 3103 5371 quoad
3144 5296 3511 5367 pernoctatio-

1933 5416 2099 5453 nem:
2144 5406 2357 5452 veteres
2404 5397 2550 5450 enim
2603 5395 2878 5448 tradidere
2922 5391 3202 5446 Christum
3258 5386 3514 5442 secedere

1931 5499 2252 5545 consuetum
2285 5489 2339 5541 in
2374 5498 2613 5541 montem
2645 5497 2697 5541 et
2727 5485 3075 5542 solitudinem
3115 5479 3338 5550 quando
3368 5492 3502 5544 apo-

1932 5581 2053 5636 stoli
2100 5579 2203 5649 ipsi
2264 5580 2329 5633 ad
2364 5580 2599 5647 quietem
2647 5576 2967 5633 sumendam
3000 5576 3197 5629 lectum
3232 5570 3505 5642 petebant.

1751 5757 1792 5788 "
1830 5752 2022 5809 Matth.
2053 5771 2181 5818 xvn,
2216 5754 2279 5809 l8
2308 5763 2357 5807 et
2385 5769 2501 5821 seq.
