3896 6174
399 355 499 409 ὅτι

292 477 301 489 '
390 469 516 523 Ihec
577 482 741 538 porro
789 466 1010 521 traditio
1069 466 1269 534 optime
1324 463 1578 532 congruit
1635 460 1723 513 his
1778 456 2116 513 verbisACl

390 560 707 631 Evangelii:
737 559 882 613 Exiit
935 560 989 612 in
1038 570 1263 612 montem
1296 574 1449 613 orare
1478 570 1496 609 :
1525 564 1574 609 et
1616 563 1731 608 erat
1776 568 1957 620 perno-

389 663 538 706 ctans
570 654 623 706 in
654 653 893 707 oratione
934 651 1025 705 Dei
1059 652 1124 704 ¹⁹.
1160 650 1238 704 En
1274 652 1473 703 factmn
1508 644 1960 718 pernoctalinnis.

390 742 562 797 Visne
608 741 808 794 habere
832 740 1329 795 consuetudinem?
1358 738 1424 791 Et
1446 753 1702 807 egressus,
1724 736 1798 788 ait
1824 734 1960 785 idem

388 833 723 903 evangelista
766 832 834 885 de
872 839 1115 899 tempore
1140 839 1411 885 nocturno
1441 830 1688 897 loquens,
1721 826 1851 888 ibat,
1880 840 1962 876 se-

388 924 617 979 cundum
676 924 1136 985 consuetudinem,
1214 924 1267 975 in
1324 933 1549 976 montem
1604 916 1954 975 Oliuarum”.

388 1016 591 1072 Omnes
625 1016 968 1085 evangelistte
1001 1016 1289 1083 signarunt
1341 1015 1532 1069 scdulo
1576 1014 1720 1068 hunc
1757 1014 1958 1083 specia-

387 1111 491 1164 lem
537 1109 714 1163 locum
767 1106 1034 1162 orationis
1080 1106 1283 1161 Christi
1327 1106 1381 1159 in
1428 1113 1609 1159 monte
1654 1105 1953 1165 Oiivarum,

386 1212 644 1257 vocantes
692 1201 841 1255 illum
885 1200 1149 1267 praedium
1176 1240 1189 1259 ,
1227 1199 1305 1251 vel
1341 1200 1555 1251 hortum
1588 1196 1953 1251 Gcthscmani.

386 1294 448 1349 In
479 1294 694 1364 publico
716 1335 730 1359 ,
764 1292 982 1347 easdem
1020 1292 1130 1345 fere
1164 1290 1457 1345 relationes
1486 1290 1738 1344 Christus
1768 1288 1956 1341 habuit

384 1402 511 1441 cum
563 1386 695 1440 viris
746 1392 800 1440 et
862 1384 1184 1440 mulieribus
1232 1398 1245 1434 :
1307 1385 1374 1437 ad
1434 1383 1753 1437 salvandum
1809 1382 1951 1436 enim

384 1486 683 1547 utrumque
723 1492 912 1531 sexum
957 1484 1219 1540 venerat;
1278 1474 1371 1529 sed
1419 1474 1706 1543 privatim,
1762 1474 1951 1527 eodem

381 1566 546 1621 modo
578 1582 688 1621 non
734 1581 792 1621 se
839 1565 1103 1635 gerebat:
1136 1564 1364 1632 ideoque
1412 1564 1682 1615 mirantur
1723 1563 1951 1631 apostoli

381 1657 603 1726 quando
630 1674 753 1711 eum
788 1657 961 1712 solum
990 1655 1191 1716 vident,
1224 1654 1474 1724 quamvis
1504 1655 1558 1707 in
1588 1664 1795 1723 aperto,
1826 1669 1949 1707 cum

382 1750 613 1805 muliere
648 1748 991 1802 Samaritana
1020 1748 1440 1817 colloquentem.

456 1840 529 1894 Ex
577 1856 643 1897 eo
695 1840 839 1909 quod
881 1846 1103 1894 sanctus
1130 1838 1379 1893 Clemens
1414 1838 1617 1893 Christi
1649 1838 1811 1893 verba
1854 1856 1944 1893 re-

382 1934 570 1988 tulerit
600 1932 665 1987 ad
706 1932 928 1986 Mariam
983 1930 1352 2001 Magdalenam
1391 1932 1623 1986 dicentis
1659 1952 1671 1985 :
1705 1931 1833 1986 Noli
1870 1950 1949 1987 me

384 2036 594 2095 tangere
618 2064 633 2088 ,
668 2023 997 2078 concludere
1022 2023 1183 2077 vellet
1213 2022 1531 2085 adnotator,
1576 2031 1764 2077 contra
1799 2021 1948 2076 Wet-

382 2117 623 2177 stinum,
657 2115 725 2168 ab
775 2122 995 2167 auctore
1030 2112 1393 2182 Epistolarum
1436 2115 1631 2167 melius
1670 2116 1946 2184 cognitum

381 2208 552 2262 fuisse
578 2208 749 2262 sancti
779 2204 1005 2260 Joannis
1032 2204 1375 2275 Evangelium
1405 2220 1566 2274 quam
1600 2204 1948 2275 Evangelium

380 2301 556 2354 sancti
584 2299 814 2353 Matthaei
847 2298 939 2368 qui
980 2297 1118 2351 hanc
1143 2297 1608 2350 circumstantiam
1640 2304 1799 2352 tacet.
1835 2296 1948 2352 Hoc

379 2392 724 2445 ratiocinium
788 2389 1111 2461 philosopho
1166 2403 1357 2458 parum
1417 2390 1720 2443 convenit:
1771 2406 1946 2460 neque

378 2482 524 2537 enim
571 2490 790 2535 sanctus
832 2480 1149 2543 Matthaaus,
1187 2494 1362 2549 neque
1395 2480 1576 2534 caeteri
1604 2482 1947 2551 evangelista

378 2574 690 2637 voluerunt,
711 2574 818 2628 imo
849 2574 982 2627 velle
1014 2581 1307 2643 potuerunt
1340 2572 1581 2629 scribere
1612 2575 1795 2627 omnia
1826 2592 1946 2646 qua:

378 2666 632 2722 Christus
699 2665 947 2737 gesserit.
1012 2665 1181 2735 Igitur
1236 2666 1305 2720 ab
1371 2666 1474 2721 hoc
1537 2666 1755 2722 silentio
1808 2669 1945 2722 nihil

379 2761 605 2815 omnino
629 2760 876 2815 concludi
909 2767 1109 2829 potest.
1141 2759 1243 2827 Qui
1275 2761 1419 2815 enim
1451 2760 1806 2815 concluderet
1850 2762 1947 2816 do-

379 2853 589 2907 minum
635 2852 702 2907 de
744 2852 1045 2924 Premagny
1088 2853 1222 2906 nihil
1259 2854 1402 2907 aliud
1454 2854 1745 2924 scripsisse
1781 2870 1943 2926 quam

379 2944 687 3000 versionem
719 2944 978 3000 Gallicam
1012 2955 1324 3001 nostrarum
1362 2947 1726 3017 Epistolarum
1755 2989 1770 3013 ,
1819 2964 1944 3003 cum

379 3037 654 3108 adjunctis
710 3039 1185 3106 adnotationibus,
1241 3042 1369 3111 quia
1424 3042 1524 3097 has
1572 3042 1747 3096 solum
1803 3049 1945 3111 typis

620 3132 630 3143 -
926 3134 937 3146 .
1194 3138 1203 3148 .
1258 3140 1267 3150 .
2053 3132 2249 3157 ,...ν..υ.
2278 3132 2358 3140 ---.
2394 3132 2495 3140 .-η
2527 3132 2908 3155 __O_-__-_-._-_--
3158 3132 3181 3149 ,
3264 3132 3273 3133 ,

378 3133 970 3243 iiiiiflfv'liﬂonsm's
998 3135 1171 3243 ram?
1194 3139 1339 3243 illum
1369 3139 1726 3243 °°f's"l‘,’"f“.
1751 3140 1947 3243 pmbaf
1974 3142 2013 3197 Ω
2050 3178 2397 3231 ratiocinatio
2424 3195 2435 3230 :
2468 3196 2485 3226 ε
2515 3175 2633 3229 Non
2661 3175 2835 3229 solum
2870 3172 3227 3243 Epiphanius,
3260 3171 3403 3225 sicut
3432 3168 3631 3223 Hiero—

379 3224 560 3278 biliter
629 3238 863 3295 namque
914 3243 1053 3297 opus
1106 3229 1251 3284 istud
1320 3230 1513 3285 merito
1569 3230 1801 3285 inferius
1861 3239 1946 3286 est

380 3315 661 3383 sexaginta
691 3316 814 3371 aliis
841 3319 1120 3386 opusculis
1145 3320 1264 3389 ejus
1299 3336 1419 3391 qua:
1450 3323 1821 3392 manuscripta
1862 3338 1946 3377 re-

378 3416 722 3464 manserunt.

450 3500 587 3557 Xlll.
625 3501 914 3558 Auctorem
959 3501 1322 3573 Epistolarum
1356 3513 1579 3559 accusat
1612 3504 1673 3560 D.
1704 3504 1771 3558 de
1814 3502 1946 3558 Pre-

378 3611 577 3664 magny
617 3595 775 3665 quasi
820 3595 1111 3649 infideliter
1159 3596 1396 3650 narrarit
1436 3597 1723 3651 historiam
1776 3596 1944 3653 Elisei

378 3694 434 3739 et
482 3685 859 3742 Sunamitidis.
894 3686 998 3741 Sed
1035 3702 1155 3757 qua:
1185 3689 1374 3756 paucis
1405 3688 1584 3743 verbis
1617 3687 1783 3742 refert
1816 3702 1946 3743 san-

380 3784 503 3831 ctus
532 3776 784 3832 Clemens
816 3779 1017 3848 optime
1046 3779 1381 3834 concordant
1410 3794 1533 3833 cum
1568 3780 1731 3835 rebus
1761 3780 1947 3834 relatis

380 3866 438 3920 in
477 3873 674 3936 quarto
699 3867 836 3922 libro
866 3866 1370 3939 Regum,quamvis
1418 3885 1506 3925 res
1548 3871 1948 3925 minutissimas

380 3974 491 4012 non
526 3959 689 4013 fuerit
717 3966 1084 4016 consectatus.
1133 3960 1429 4016 Achilleam
1460 3962 1816 4032 philosophus
1850 3978 1949 4017 ηοσ-

382 4059 495 4106 ster
535 4052 823 4106 aestimavit
854 4051 994 4105 hanc
1021 4052 1377 4121 objectionem
1408 4068 1420 4103 :
1456 4052 1669 4108 Eliseus
1698 4064 1947 4123 accepta—

381 4146 460 4198 vit
488 4146 801 4200 cubiculum
834 4146 887 4200 in
919 4146 1080 4200 domo
1109 4146 1465 4201 Sunamitidis
1494 4162 1657 4218 :crgo
1688 4164 1796 4203 non
1830 4156 1950 4201 erat

382 4236 474 4290 hic
503 4236 765 4305 propheta
793 4244 1084 4290 cxtraneus
1115 4236 1263 4291 omni
1302 4237 1549 4291 relationi
1600 4254 1723 4291 cum
1756 4239 1948 4292 mulie-

382 4329 559 4382 ribus.
606 4326 747 4398 Ergo
777 4336 969 4381 auctor
994 4326 1354 4397 Epistolarum
1387 4329 1577 4384 falsam
1611 4328 1823 4383 induxit
1853 4330 1949 4399 hy-

384 4419 679 4490 pothesim.
731 4418 872 4488 Ergo
922 4418 1153 4472 honorat
1202 4427 1451 4474 sanctum
1492 4419 1825 4476 Clementem
1856 4422 1947 4491 qui

386 4513 534 4565 hunc
578 4528 687 4564 non
733 4511 922 4581 recipit
956 4512 1112 4582 quasi
1162 4512 1390 4567 istarum
1435 4511 1799 4581 Epistolarum
1848 4529 1948 4567 au-

387 4613 615 4659 ctorcm.

463 4700 527 4754 Ut
564 4700 811 4755 funditus
862 4708 984 4754 ruat
1027 4700 1334 4770 hujnsmodi
1379 4701 1775 4771 argumentatio
1818 4702 1955 4757 satis

382 4792 489 4844 erit
503 4790 764 4846 adnotare
780 4792 1201 4861 hospitalitatem
1220 4808 1382 4861 quam
1399 4790 1671 4845 interdum
1692 4794 1952 4861 pr0pheta

385 4883 587 4951 recepit
620 4883 761 4952 apud
790 4883 1214 4949 Sunamitidem,
1242 4898 1351 4936 non
1388 4882 1558 4939 fuisse
1592 4883 1952 4939 cobabitatio-

383 4990 507 5031 nem
541 4991 704 5045 quam
737 4976 984 5045 prohibet
1017 4983 1239 5030 sanctus
1267 4976 1543 5030 Clemens.

455 5067 744 5124 Enimvero
790 5068 985 5123 donius
1032 5068 1390 5123 Sunamitidis
1436 5081 1541 5120 una
1589 5074 1706 5121 erat
1747 5083 1813 5121 ex
1864 5068 1951 5123 his

384 5162 662 5233 opulentis
712 5161 1139 5215 habitationibus
1206 5178 1326 5231 quae
1382 5162 1702 5231 plerumque
1777 5162 1951 5215 servis

354 5252 682 5307 abundant.
738 5253 857 5323 Ipsa
897 5251 1137 5306 declarat
1185 5268 1242 5306 se
1286 5253 1339 5306 in
1375 5253 1554 5307 medio
1582 5251 1765 5321 populi
1802 5252 1885 5306 sui
1908 5252 1951 5282 ³¹

386 5346 545 5417 quasi
591 5346 890 5416 principem
933 5346 1211 5411 habitare,
1245 5356 1298 5399 et
1322 5347 1470 5399 nulla
1501 5362 1558 5400 re
1589 5345 1851 5415 indigere.
1892 5344 1951 5399 In

386 5437 477 5492 illa
503 5438 685 5501 domo,
704 5438 859 5508 quasi
887 5439 1160 5491 transiens
1182 5438 1388 5491 habitat
1410 5439 1621 5493 Eliseus
1641 5453 1763 5491 cum
1798 5452 1955 5492 servo

388 5546 508 5585 suo.
559 5526 739 5596 Quare
793 5532 937 5585 enim
982 5531 1084 5585 sub
1116 5529 1206 5583 dio
1246 5530 1657 5598 pornoctasset?
1698 5527 1955 5593 Quamvis

388 5631 568 5676 autem
616 5624 812 5678 domus
866 5623 955 5677 illa
999 5623 1174 5693 ampla
1207 5623 1345 5676 foret
1374 5630 1668 5691 vastaque,
1712 5629 1957 5675 constru-

465 5800 507 5839 θ’
550 5799 763 5871 Luem,
804 5805 885 5858 1'2.
981 5806 1023 5838 ³⁰
1068 5804 1196 5861 Luc.
1226 5821 1357 5870 xxu,
1392 5804 1481 5863 '59.

1219 348 1275 404 S.
1311 344 1703 403 CLEMENTIS
1738 345 1756 398 l
1791 340 1957 396 ROM.
1994 332 2198 392 PONT.
2237 329 2463 387 OPERA
2499 322 2819 382 GENUINA.

1557 5804 1597 5836 υ
1634 5804 1696 5861 1V
1733 5803 1861 5875 Reg.
1907 5820 1977 5872 IV,
2014 5804 2096 5861 ιδ.

3524 303 3633 359 371

2122 464 2209 502 um
2261 452 2345 500 est
2385 460 2483 514 pro
2530 444 2789 513 propheta
2822 448 3020 492 novum
3065 426 3376 485 cubiculum
3404 420 3631 514 omnino

2065 511 2470 609 separatum—ab
2489 511 2551 588 ea
2569 511 2857 587 ".i'l‘cxtus
2874 524 3171 581 llebraicus
3201 530 3455 587 expresse
3482 511 3633 609 desi-

2044 601 2194 700 ‘gn'at
2222 624 2583 696 separationis
2614 635 2828 674 murum
2858 616 2951 687 qui
2982 613 3281 667 aedificatus
3310 612 3435 658 ‘est.
3460 694 3473 700 -
3499 601 3627 700 iloc

2065 694 2332 789 ignoravit
2380 714 2441 768 D.
2475 714 2543 767 de
2576 710 2898 778 Premagny,
2930 705 3159 772 ideoque
3188 694 3629 794 pinsuperabilem

2056 810 2325 879 judicavit
2350 804 2875 876 argumentationem
2907 811 3083 852 suam.
3116 790 3348 846 Aliunde
3373 790 3631 879 non-exi-

2060 877 2135 969 git
2182 906 2406 951 sanctus
2436 895 2688 950 Clemens
2738 900 2797 945 ut
2826 890 2974 943 nulla
3019 887 3091 941 sit
3142 883 3340 938 mulier
3370 880 3424 933 in
3461 877 3629 969 domo

2058 966 2222 1059 quam
2251 986 2496 1040 habitant
2518 985 2767 1039 homines
2795 980 3053 1051 virgines.
3072 972 3376 1045 praesertim
3406 966 3630 1038 quando

2058 1082 2159 1136 iter
2189 1080 2435 1142 faciunt,
2470 1078 2565 1134 sed
2605 1086 2663 1130 ut
2694 1076 2901 1146 fugiant
2944 1066 3303 1125 contubernia
3350 1077 3474 1116 cum
3507 1075 3631 1112 mu-«

2059 1174 2283 1227 lieribus
2303 1210 2317 1234 ,
2365 1180 2417 1225 et
2446 1180 2503 1223 ut
2532 1169 2667 1239 ipsis
2697 1182 2806 1221 non
2836 1165 3149 1219 ministrent
3191 1157 3464 1212 mulieres.
3503 1151 3627 1207 1am

2057 1262 2170 1318 dixi
2225 1262 2534 1317 cubiculum
2590 1242 2756 1312 Eli'sei
2805 1255 2948 1325 apud
3007 1248 3402 1305 Sunamitidem
3453 1244 3629 1298 fuisse

2057 1364 2405 1426 separatum;
2440 1352 2514 1407 ibi
2548 1366 2680 1407 vero
2723 1347 3084 1403 ministerium
3118 1358 3148 1396 a
3177 1340 3495 1395 mulieribus
3517 1352 3627 1390 non

2056 1446 2352 1513 recipiebat
2397 1460 2408 1494 :
2446 1444 2521 1499 illi
2570 1444 2712 1495 enim
2746 1439 3044 1494 sullicicbat
3072 1450 3265 1491 servus
3290 1430 3383 1503 qui
3413 1442 3631 1498 semper

2054 1538 2424 1591 comitabatur
2454 1552 2600 1589 etun.

2123 1625 2313 1680 Nzcvos
2343 1627 2538 1696 quaerit
2584 1623 2827 1678 invenire
2876 1621 3104 1675 criticus
3153 1612 3519 1687 philosophus
3568 1611 3628 1663 in

2055 1715 2313 1785 Epistolis
2368 1716 2575 1770 nostris
2625 1722 2684 1767 ut
2737 1712 3118 1766 auctoritatem
3188 1720 3375 1761 earum
3426 1703 3626 1757 elevet.

1981 1786 2021 1844 Β
2051 1806 2280 1862 Grandis
2308 1807 2490 1875 igitur,
2516 1806 2687 1874 ipsius
2714 1804 2941 1873 judicio,
2986 1816 3171 1855 naevus
3197 1808 3280 1853 est
3308 1794 3451 1866 quod
3487 1806 3631 1862 qua-

2051 1909 2131 1952 ter
2160 1906 2382 1953 sanctus
2410 1898 2661 1952 Clemens
2686 1894 3030 1949 Christianos
3082 1887 3465 1948 nominaverit,
3498 1897 3628 1937 cum

2048 2005 2154 2043 vox
2193 1990 2295 2043 ista
2329 1998 2405 2042 ter
2449 1996 2658 2041 tantum
2702 1986 2758 2039 in
2802 1984 2953 2037 Novo
2993 1982 3345 2036 Testamento
3382 1974 3629 2045 reperia-

2052 2090 2159 2136 tur.
2212 2080 2693 2150 Perspicacitatem
2738 2079 2902 2146 hujus
2957 2071 3325 2128 adnotationis
3370 2069 3629 2139 judican-

2047 2172 2171 2226 dam
2214 2173 2465 2241 relinquo
2514 2170 2740 2225 cuilibet
2782 2167 2995 2222 lectori.
3040 2165 3096 2219 Si
3144 2165 3231 2218 cui
3282 2170 3467 2215 tamen
3516 2172 3631 2211 non

2048 2262 2317 2317 sufﬁceret
2350 2262 2451 2315 hoc
2490 2275 2834 2330 responsura,
2871 2258 3015 2313 scire
3051 2256 3213 2310 debet
3247 2254 3351 2307 hoc
3388 2249 3631 2305 vocabu-

2047 2355 2157 2407 lum
2188 2355 2323 2408 adeo
2367 2369 2653 2408 commune
2693 2352 2862 2406 fuisse
2915 2352 3015 2405 hac
3045 2356 3229 2412 mtate,
3277 2357 3337 2400 ut
3386 2359 3417 2397 a
3453 2343 3632 2414 genti-

2046 2444 2188 2500 libus
2221 2446 2420 2511 passim
2458 2444 2830 2506 adhiberetur,
2865 2443 3006 2496 sicut
3034 2447 3181 2509 patet
3207 2454 3271 2492 ex
3303 2438 3450 2489 Actis
3480 2450 3632 2487 mar-

2048 2536 2172 2605 tyrii
2203 2535 2386 2590 Sancti
2422 2536 2618 2605 Ignatii
2650 2533 2981 2595 Antiocheni,
3016 2539 3069 2587 et
3098 2547 3161 2586 ex
3198 2528 3437 2598 Epistola
3460 2526 3630 2581 Plinii

2050 2627 2117 2681 ad
2150 2628 2444 2694 Traianum
2475 2630 2866 2696 imperatorem,
2895 2626 2957 2679 de
2982 2623 3325 2680 Christianis.

2117 2717 2256 2775 XIV.
2299 2718 2612 2775 Wetstinus
2645 2719 2977 2787 allegaverat
3024 2717 3405 2769 auctoritatem
3451 2709 3631 2766 sancti

2053 2812 2338 2883 Epiphanii
2392 2812 2485 2880 qui
2535 2810 2806 2865 haereticis
2859 2809 2957 2863 aevi
3005 2809 3091 2862 sui
3142 2804 3450 2875 opponebat
3500 2801 3631 2871 Epi-

2047 2906 2216 2960 stolas
2248 2905 2418 2960 sancti
2450 2902 2747 2958 Clementis
2780 2901 2848 2955 ad
2880 2901 3140 2971 virgines,
3169 2900 3221 2951 in
3254 2896 3454 2967 quibus
3482 2911 3632 2948 cem-

2050 3003 2424 3051 memorantur
2463 2993 2631 3056 Elias,
2668 2990 2862 3054 David,
2905 2991 3140 3044 Samson
3181 2996 3235 3043 et
3272 3002 3463 3040 omnes
3497 3000 3629 3050 pro.-

2050 3090 2249 3157 phetm.
2278 3086 2358 3140 Ad
2393 3087 2495 3140 hoc
2526 3093 2908 3155 argumentum
2938 3081 3120 3135 reduci
3156 3086 3335 3149 potest
3366 3075 3627 3131 Wetstini

2047 3283 2264 3337 nymus,
2303 3265 2579 3336 Epistolas
2612 3264 2816 3318 indicat
2848 3277 2986 3332 quas
3016 3271 3240 3315 sanctus
3269 3260 3523 3314 Clemens
3556 3257 3628 3311 ad

2045 3360 2283 3430 virgines
2315 3358 2564 3428 scripsit;
2599 3356 2694 3411 sed
2736 3356 2834 3410 has
2864 3354 3171 3424 specialiter
3201 3349 3474 3421 Epistolas
3508 3349 3628 3403 dis-

2046 3452 2206 3505 tinxit
2238 3450 2617 3504 enuntiatione
2647 3457 2827 3503 textus
2875 3447 2967 3517 qui
3016 3447 3071 3499 in
3116 3444 3327 3499 caeteris
3365 3442 3631 3512 operibus

2047 3541 2220 3596 sancti
2267 3540 2565 3595 Clementis
2616 3536 2808 3592 nullibi
2860 3535 3152 3605 reperitur.
3197 3531 3253 3585 In
3295 3532 3430 3586 solis
3474 3530 3629 3583 enim

2048 3632 2309 3702 Epistolis
2361 3632 2429 3686 ad
2482 3630 2721 3700 virgines
2766 3628 2973 3683 mentio
3007 3626 3063 3679 fit
3096 3624 3164 3680 de
3202 3623 3353 3687 Elia,
3398 3620 3627 3686 Davide,

2049 3722 2311 3776 Samsone
2337 3729 2390 3774 et
2422 3720 2674 3774 onmibus
2704 3717 3000 3788 prOphetis.
3035 3734 3052 3766 ι

2118 3810 2306 3865 Robur
2337 3810 2499 3879 hujus
2547 3808 2819 3862 ratiocinii
2866 3807 3025 3876 quasi
3083 3820 3189 3858 non
3249 3802 3537 3857 advertens
3559 3799 3625 3854 D.

2049 3900 2116 3955 de
2159 3898 2483 3968 Premagny,
2518 3912 2825 3953 sermonem
2878 3894 3184 3966 gyroﬂectit
3227 3893 3294 3947 ad
3345 3893 3625 3946 inscitiam

2048 3988 2283 4057 exempli
2314 3987 2615 4048 Samsonis,
2654 3986 2810 4056 quasi
2853 3986 3090 4055 pessime
3118 3992 3344 4039 sanctus
3372 3983 3631 4038 Clemens

2054 4078 2376 4131 Samsonem
2425 4078 2530 4131 huc
2576 4076 2904 4130 induxisset.
2945 4075 3051 4129 Sed
3081 4076 3183 4129 etsi
3231 4072 3629 4128 concederetur

2049 4170 2272 4226 domino
2308 4170 2375 4224 de
2402 4168 2701 4240 Premagny
2732 4168 3051 4222 Samsonem
3082 4182 3189 4221 non
3233 4166 3488 4220 debuisse
3519 4166 3632 4219 huc

2052 4261 2346 4324 introduci,
2386 4276 2494 4313 non
2527 4260 2708 4314 minus
2739 4259 2944 4313 invicta
2981 4265 3125 4312 esset
3153 4257 3435 4312 conclusio
3473 4254 3630 4310 Wet-

2051 4352 2201 4414 stini,
2235 4350 2352 4419 qui,
2390 4366 2454 4402 ex
2490 4350 2593 4403 hac
2625 4350 2929 4419 prolatione
2974 4348 3453 4403 authenticitatem
3498 4347 3628 4417 Epi-

1986 4478 2025 4533 D
2056 4443 2316 4496 stolarum
2346 4451 2652 4496 nostrarum
2685 4439 2869 4495 infert.

2132 4533 2200 4588 Ut
2230 4542 2432 4596 autem,
2476 4550 2542 4587 ex
2574 4534 2674 4587 hac
2705 4534 2868 4586 etiam
2907 4542 3077 4602 parte,
3115 4531 3349 4586 debilem
3385 4545 3507 4585 esse
3538 4530 3632 4584 ad-

2056 4636 2359 4679 notatorem
2399 4633 2611 4696 pateat,
2643 4626 2767 4679 dico
2814 4626 3060 4689 exempla
3100 4622 3383 4680 Samsonis
3427 4631 3481 4677 et
3522 4622 3631 4675 Da-

2055 4719 2194 4771 ridis
2224 4718 2451 4772 mirifice
2487 4718 2752 4772 inservire
2782 4718 2922 4772 thesi
2952 4717 3194 4771 auctoris
3239 4716 3627 4785 Epistolarum.

2057 4807 2114 4859 Si
2145 4823 2381 4876 namque
2411 4807 2698 4875 prudentia
2730 4808 3115 4877 prophetarum
3146 4822 3247 4860 nos
3276 4815 3465 4861 cautos
3504 4821 3631 4861 esse

2055 4908 2256 4958 monet,
2294 4896 2656 4967 quorumdam
2702 4907 3015 4953 sanctorum
3047 4901 3287 4952 virorum
3330 4913 3490 4953 casus
3533 4913 3630 4950 va-

2057 4992 2257 5044 lentior
2289 4989 2468 5043 adhuc
2496 4991 2811 5059 praedicatio
2841 4999 2921 5045 est
2952 4999 3011 5043 ut
3045 4991 3451 5060 nobismetipsis
3488 4989 3631 5043 difﬁ-

2055 5082 2271 5135 damus.
2307 5078 2425 5133 Non
2458 5082 2634 5133 solum
2670 5080 2989 5136 Samsonem
3012 5090 3065 5135 et
3094 5080 3350 5135 Davidem
3393 5082 3631 5150 appellat

2056 5180 2281 5227 sanctus
2327 5168 2689 5240 Hieronymus
2746 5170 2799 5223 in
2854 5169 2954 5223 hac
3008 5170 3270 5231 materia,
3319 5166 3413 5221 sed
3462 5168 3629 5222 etiam

2058 5263 2421 5316 Salomonem.
2480 5260 2680 5317 Omnes
2734 5269 2935 5315 norunt
2988 5260 3101 5313 haec
3158 5260 3335 5315 sancti
3390 5260 3632 5313 doctoris

2056 5356 2220 5407 verba
2253 5354 2319 5407 ad
2350 5354 2709 5423 Nepotianum
2739 5373 2751 5407 :
2788 5373 2805 5403 ι
2830 5353 2907 5408 Ne
2943 5354 3047 5408 sub
3074 5354 3264 5407 eodem
3293 5360 3437 5407 tecto
3474 5365 3634 5404 man—

2060 5447 2192 5499 sitcs
2224 5484 2240 5509 ,
2294 5460 2409 5498 .nec
2454 5446 2508 5497 in
2561 5446 2832 5514 praeterita
2877 5445 3131 5499 castitate
3174 5442 3439 5497 conﬁdas.
3519 5440 3635 5497 Nec

2059 5534 2301 5586 sanctior
2360 5532 2573 5596 David,
2633 5550 2734 5587 nec
2778 5532 3043 5588 Samsone
3073 5532 3291 5599 fortior,
3326 5548 3427 5587 nec
3470 5531 3635 5589 Salo-

2062 5640 2221 5678 mone
2247 5632 2401 5695 potes
2430 5640 2551 5679 esse
2577 5625 2898 5695 sapientior.
2926 5645 2945 5678 ›

2176 5805 2215 5838 ιε
2256 5802 2417 5875 tua,
2449 5805 2530 5860 to.
