3896 6174
269 329 378 385 επ

1217 312 1579 372 EPISTOLE
1611 314 1702 369 AD
1736 310 2079 369 VIBGINES.
2114 341 2185 353 ——
2215 308 2579 366 ΡιωεΕΜιΑ.

3418 306 3518 361 ὅῖιί

330 448 625 510 Praterea,
650 446 1019 514 peccaverunt
1043 436 1262 508 quidem
1291 435 1525 491 Samson
1552 443 1606 489 et
1636 432 1836 499 David;
1870 437 1914 493 Α
1944 429 2149 492 futuro,
2182 435 2391 482 certum
2418 426 2647 480 incerto.
2678 422 2911 479 Ministri
2942 423 3175 481 Romani
3203 427 3363 481 aliter
3393 443 3524 483 sen-

263 538 355 596 ted
390 538 449 591 in
478 534 725 605 peccatis
756 546 865 587 non
902 534 1424 601 perseveraverunt:
1460 525 1690 595 ideoque
1721 540 1847 579 san-

264 639 382 684 stus
414 626 759 698 Epiphanius
782 621 1064 678 Ebionitas
1086 619 1267 690 arguit
1294 617 1438 689 quod
1466 633 1562 673 eos
1588 617 1843 687 repudia-

263 721 442 776 veriut
470 733 597 773 cum
626 715 841 771 caeteris
871 713 1169 785 prophetis.
1320 710 1325 727 ³

329 811 614 878 Quantum
650 807 721 862 ad
750 806 981 861 verbum
1030 803 1215 858 laudat
1253 818 1365 873 quo
1400 816 1533 857 usus
1576 807 1661 858 est
1690 799 1844 854 Wet-

259 904 445 959 stinus
491 900 717 955 citando
754 905 965 954 textum
998 895 1173 952 sancti
1219 893 1531 965 Epiphanii,
1562 894 1708 949 scire
1745 892 1844 946 de-

256 996 475 1051 buisset
502 992 570 1048 D.
592 992 660 1047 de
698 990 1003 1061 Premagny
1032 988 1136 1043 hac
1168 1002 1324 1051 voce,
1352 986 1677 1056 saepissime,
1704 985 1842 1041 nihil

256 1084 410 1139 aliud
438 1081 737 1155 signiﬁcari
766 1096 930 1151 quam
962 1076 1561 1141 commemorationem,
1592 1091 1693 1132 nec
1722 1076 1843 1129 lau-

255 1174 386 1230 dem
415 1174 491 1228 ab
519 1188 586 1228 eo
608 1186 825 1240 semper
846 1169 1105 1224 indicari.

330 1263 448 1321 XV.
492 1262 799 1319 Prudenter
860 1261 1107 1316 siluisset
1146 1259 1434 1314 adnotator
1484 1274 1603 1328 qua:
1659 1257 1843 1312 dicere

254 1356 609 1426 praesumpsit
649 1357 714 1410 de
756 1353 1062 1424 privatione
1107 1352 1469 1406 matrimonii.
1518 1348 1647 1403 Vult
1693 1349 1840 1403 enim

252 1453 489 1502 sanctus
517 1444 720 1497 Paulus
749 1451 808 1497 ut
847 1457 876 1496 a
906 1442 1067 1496 nobis
1099 1441 1243 1495 absit
1288 1439 1590 1494 scurrilitas
1626 1454 1743 1509 qua:
1770 1435 1839 1490 ad

252 1555 370 1593 rem
414 1554 519 1591 non
568 1535 876 1605 pertinet".
909 1532 1164 1603 Plerique
1204 1532 1456 1586 homines
1498 1529 1705 1584 nubere
1742 1542 1842 1581 vo-

249 1632 416 1693 lunt,
457 1629 586 1700 quia
633 1628 940 1681 caelibatum
973 1625 1181 1679 viribus
1227 1624 1344 1679 suis
1387 1624 1723 1693 superiorem
1752 1621 1843 1690 ju-

250 1722 461 1775 dicant.
492 1718 586 1774 His
608 1718 743 1772 dicit
773 1715 1064 1787 Apostolus
1090 1732 1105 1770 ε
1136 1712 1329 1768 Melius
1353 1722 1431 1767 est
1459 1712 1650 1767 nubere
1671 1729 1833 1783 quam

1940 524 2083 575 tiunt
2112 528 2166 576 et
2211 526 2400 587 agunt,
2447 533 2478 573 a
2524 516 2853 589 quibusdam
2906 519 3144 583 saculis,
3184 527 3239 572 et
3271 534 3300 572 a
3329 529 3521 573 matri-

1942 612 2127 665 monio
2178 610 2478 665 abstinent.
2510 627 2529 659 ι
2592 606 2783 663 Priora
2831 609 2996 663 verba
3055 610 3359 665 orthodoxa
3408 628 3517 666 non

1942 710 2104 769 sunt;
2136 701 2443 772 posteriora
2473 700 2734 755 historice
2766 706 2895 755 sunt
2928 700 3086 755 falsa.
3117 698 3271 770 Saepe
3293 701 3523 773 legendo

1943 797 2327 852 adnotationes
2376 795 2581 850 domini
2632 796 2700 851 de
2730 794 3052 867 Premagny,
3098 797 3341 865 suspicio
3390 798 3524 851 mihi

1941 890 2134 944 oborta
2176 894 2263 943 est
2310 888 2465 942 illum
2516 886 2753 941 fortasse
2817 886 3150 957 pertinuisse
3198 888 3267 943 ad
3316 897 3523 943 sectam

1942 979 2385 1050 protestantium.
2418 977 2678 1031 Errabam
2716 997 2728 1031 :
2761 978 2969 1031 nullum
3006 978 3207 1048 quippe
3238 980 3401 1048 hujus
3442 979 3525 1032 la-

1942 1072 2105 1125 milize
2152 1070 2453 1124 membrum
2515 1084 2757 1138 unquam
2831 1068 2959 1123 huic
3017 1069 3215 1124 haeresi
3267 1070 3520 1127 adhaesit.

1943 1159 2344 1214 Tantummodo
2417 1159 2623 1213 certior
2700 1157 2881 1214 factus
2949 1174 3072 1213 sum
3143 1160 3522 1216 adnotatorent

1943 1250 2137 1315 fuisse,
2168 1256 2228 1303 ut
2254 1250 2367 1319 jam
2406 1250 2536 1304 alibi
2566 1250 2771 1303 dictum
2803 1257 2910 1313 est,
2949 1251 3162 1305 socium
3192 1260 3522 1306 consuetum

1943 1341 2395 1413 phi1050phorum
2437 1341 2626 1396 saeculi
2676 1341 3031 1408 prtecedentis
3060 1342 3153 1412 qui
3205 1343 3524 1412 religionem

1944 1433 2222 1487 lacessere
2269 1431 2664 1503 gloriabantur.
2697 1430 2753 1483 ln
2788 1432 2954 1486 altera
2991 1434 3228 1487 editione
3257 1436 3524 1490 versionis

1943 1524 2164 1579 Gallicae
2189 1532 2502 1579 nostrarum
2532 1522 2919 1592 Epistolarum,
2952 1524 3014 1581 D.
3040 1527 3107 1580 de
3131 1525 3433 1597 Premagny
3467 1527 3523 1580 id

1943 1617 2418 1687 superaddendum
2445 1615 2711 1686 judicavit
2741 1619 2825 1672 his
2850 1634 2970 1686 qua:
3000 1619 3054 1672 iu
3085 1620 3253 1690 priori
3279 1620 3521 1675 editione

1937 1709 2053 1777 jam
2111 1709 2372 1763 dixerat:
2419 1726 2438 1759 t
2472 1708 2617 1764 Deus
2661 1725 2770 1763 non
2817 1711 3072 1781 proponit
3125 1711 3522 1766 incrementum

247 1792 338 1865 uri
375 1812 441 1867 “.
509 1811 605 1866 lsti
664 1786 1322 1880 veroireprehensibiles
1382 1807 1558 1861 forent
1606 1806 1651 1862 si
1708 1822 1837 1875 pro-
1870 1786 1914 1847 Β
1947 1797 2219 1854 mercedis
2273 1813 2373 1868 Ρτο
2416 1798 2747 1853 aemulus:
2796 1810 2849 1854 ει
2898 1802 3033 1856 δίηίε
3101 1802 3301 1855 mirum
3358 1810 3442 1857 est
3490 1818 3522 1856 ει

249 1915 443 1976 pterea
500 1903 871 1973 virginitatem
920 1902 1340 1971 impugnarent,
1418 1906 1512 1952 aut
1560 1914 1679 1953 eam
1713 1914 1835 1952 om-

247 1999 419 2053 nibus
497 1995 893 2065 impossibilem
978 1991 1399 2062 pronuntiarent
1454 2009 1467 2044 :

245 2090 459 2161 quippe
481 2104 511 2143 e
538 2088 809 2142 diametro
841 2084 1176 2139 contrariam
1217 2084 1407 2139 statuit
1434 2082 1707 2147 Christus,
1739 2082 1837 2136 do-

245 2181 426 2235 cendo
451 2164 1027 2245 non'omnesrquidem
1054 2190 1251 2244 capere
1279 2175 1506 2229 verbum
1538 2173 1707 2235 istud,
1738 2173 1835 2228 sed

242 2273 454 2343 quibus
498 2270 688 2322 datum
719 2278 825 2331 est,
865 2278 921 2321 et
952 2265 1241 2322 addendo:
1279 2266 1383 2332 Qui
1424 2274 1591 2336 potest
1631 2281 1834 2335 capere,

243 2366 427 2431 capiat
444 2363 491 2394 ³⁸
519 2379 532 2416 :
561 2375 683 2431 qua:
732 2360 900 2415 verba
935 2360 1168 2413 invitant
1201 2358 1414 2412 animas
1441 2373 1737 2427 generosas
1783 2368 1839 2414 et

245 2456 422 2510 fortes
462 2453 531 2508 ad
574 2452 969 2523 virginitatem,
1016 2461 1235 2521 propter
1282 2466 1513 2521 regnum
1545 2450 1834 2506 ctelorum.

246 2547 514 2601 Eamdem
537 2547 913 2600 invitationem
940 2551 994 2598 et
1021 2543 1328 2598 doctrinam
1355 2544 1583 2613 protulit
1612 2552 1839 2599 sanctus

244 2640 475 2701 Paulus,
500 2640 692 2694 dicens
717 2658 732 2693 ε
773 2637 901 2692 Volo
928 2653 1106 2691 omnes
1131 2654 1219 2690 vos
1249 2654 1362 2691 esse
1390 2637 1525 2690 sicut
1552 2637 1839 2705 meipsum;

243 2732 341 2787 sed
381 2732 742 2802 unusquisque
786 2734 1060 2801 proprium
1112 2730 1311 2783 donum
1362 2728 1518 2784 habet
1566 2743 1632 2783 ea:
1676 2728 1786 2783 Deo
1817 2745 1839 2783 .'

246 2828 389 2881 alius
420 2825 633 2897 quidem
658 2827 756 2889 sic,
787 2826 925 2880 alius
953 2841 1071 2879 vero
1102 2824 1181 2878 sic
1204 2823 1274 2876 ³⁸.

318 2917 575 2988 Nugatur
602 2928 782 2973 autem
815 2916 876 2971 D.
902 2917 970 2972 de
996 2916 1325 2987 Premagny,
1363 2914 1701 2971 insinuando
1733 2930 1845 2969 ma-

244 3010 575 3063 trimonium
607 3009 791 3079 potius
830 3009 1158 3079 expiationis
1195 3022 1361 3079 quam
1408 3007 1688 3064 felicitatis
1730 3015 1844 3063 sta-

1937 1899 2128 1945 saneto
2174 1891 2453 1946 Clemente
2496 1893 2766 1962 prolatum
2818 1892 2987 1949 fuisse
3034 1894 3137 1947 hoc
3183 1894 3522 1964 paradoxum

1532 1990 1836 2044 doctrinam
1934 1988 2177 2051 tempore
2197 1982 2333 2035 adeo
2358 1982 2618 2051 apostolis
2646 1982 2848 2046 vicino,
2878 1984 3294 2053 praesertimque
3317 1994 3521 2038 sancto

1934 2070 2096 2127 Petro
2142 2073 2529 2143 praedecessori
2577 2090 2697 2139 suo,
2742 2075 2901 2145 cujus
2946 2075 3358 2129 matrimonium
3407 2090 3521 2129 non

1936 2165 2167 2220 habetur
2195 2173 2253 2220 ut
2275 2166 2521 2230 dubium,
2548 2182 2648 2221 nec
2676 2166 2841 2222 etiam
2877 2167 3289 2221 matrimonium
3323 2166 3521 2221 horum

1935 2259 2317 2328 episcoporum
2374 2275 2512 2329 quos
2562 2260 2780 2314 volebat
2834 2269 3060 2315 sanctus
3130 2258 3335 2315 Paulus
3400 2276 3526 2315 esse

1939 2353 2101 2406 unius
2135 2353 2323 2406 uxoris
2350 2354 2520 2407 viros.
2553 2372 2571 2404 ι

2010 2442 2215 2499 Textus
2240 2444 2353 2514 jam
2379 2461 2409 2499 a
2444 2461 2529 2502 me
2570 2445 2795 2501 adducti
2844 2447 2978 2502 satis
3011 2446 3311 2517 explodunt
3338 2462 3401 2503 ac
3438 2463 3527 2504 re-

1939 2534 2117 2590 futant
2153 2536 2293 2591 hanc
2318 2538 2524 2592 domini
2552 2539 2619 2593 de
2653 2537 2955 2611 Premagny
2986 2540 3368 2597 assertionem.
3402 2540 3524 2596 Nor.

1938 2633 2280 2701 exspectavit
2313 2632 2522 2687 Novum
2554 2632 2966 2689 Testamentum
3001 2634 3266 2693 Dominus
3290 2645 3349 2692 ut
3384 2653 3527 2692 mer-

1942 2720 2093 2776 cedis
2125 2721 2521 2777 incrementum
2553 2722 2857 2793 virginibus
2883 2725 3203 2794 spontaneis
3232 2727 3524 2796 pollicere-

1944 2824 2053 2869 tur.
2088 2815 2236 2869 Dabo
2257 2817 2352 2879 eis,
2379 2819 2556 2888 inquit
2580 2834 2676 2888 per
2700 2820 2922 2885 Isaiam,
2957 2821 3008 2873 in
3040 2819 3195 2874 domo
3225 2838 3359 2885 mea,
3390 2831 3439 2876 et
3470 2823 3526 2876 in

1944 2910 2111 2963 muris
2144 2911 2273 2964 meis
2322 2911 2528 2977 locum,
2561 2920 2611 2966 et
2659 2929 2847 2966 nomen
2890 2914 3079 2967 melius
3119 2931 3152 2966 a
3186 2914 3314 2983 ﬁliis
3357 2923 3408 2970 et
3451 2916 3524 2985 ﬁ-

1945 3000 2118 3055 liabus
2162 3017 2180 3054 .°
2226 3020 2413 3057 nomen
2462 3006 2836 3073 sempiternum
2892 3004 3029 3057 dabo
3076 3006 3186 3070 eis,
3235 3005 3373 3078 quod
3419 3024 3526 3062 non

246 3109 368 3155 tum
395 3115 541 3163 esse,
574 3100 809 3170 ideoque
840 3099 965 3169 plus
1005 3100 1205 3155 mereri
1235 3098 1331 3169 qui
1360 3097 1520 3153 nubit
1548 3114 1712 3167 quam
1745 3097 1839 3168 qui
1868 3134 1912 3191 ο
1945 3092 2136 3163 peribit
2168 3094 2232 3150 ³⁸.
2282 3094 2477 3149 Merito
2532 3096 2697 3166 igitur
2725 3098 3017 3151 concilium
3064 3096 3445 3153 Tridentinum
3476 3098 3525 3130 ⁸ο

247 3208 280 3245 a
314 3192 529 3263 nuptiis
559 3209 617 3248 se
652 3193 935 3248 abstinet:
981 3192 1142 3263 quasi
1176 3192 1270 3262 qui
1316 3192 1713 3246 continentiam
1752 3207 1843 3246 re-

249 3293 459 3354 spuunt
487 3284 833 3355 pmnitentiaa‘
854 3285 1109 3339 meritum
1135 3282 1521 3339 intendissent.

319 3375 497 3431 Nemo
540 3375 765 3446 quidem
812 3391 1012 3446 negare
1058 3382 1242 3445 potest
1293 3390 1521 3447 magnas
1571 3375 1845 3431 sollicitu-

248 3466 412 3521 dines
443 3466 774 3536 conjugibus
818 3465 1111 3521 reservari.
1156 3464 1239 3519 Ab
1269 3464 1358 3519 his
1383 3480 1719 3535 praaservare
1747 3480 1848 3519 cuo

253 3558 446 3628 piebat
472 3556 769 3628 Apostolus
816 3558 939 3613 illos
976 3557 1177 3627 quibus
1216 3556 1468 3611 dicebat:
1509 3556 1638 3611 Volo
1670 3566 1846 3611 autem

252 3666 345 3704 vos
374 3650 490 3702 sine
536 3648 899 3702 sollicitudine
938 3664 1052 3702 esse
1077 3646 1156 3710 ",‘
1193 3648 1294 3701 sed
1341 3645 1714 3707 certissimum
1759 3653 1847 3701 est

253 3739 744 3795 mortiﬁcationem
775 3740 961 3795 carnis
996 3747 1091 3793 aut
1122 3739 1353 3809 spiritus
1384 3754 1493 3792 non
1520 3754 1641 3794 esse
1682 3738 1844 3793 linem

250 3848 451 3887 eorum
506 3833 601 3902 qui
645 3832 964 3902 conjugium
1030 3833 1259 3902 eligunt.
1295 3829 1360 3885 Et
1404 3831 1619 3885 utinam
1673 3831 1846 3885 multo

253 3923 553 3994 pauciores
597 3931 785 3979 essent
829 3924 1031 3993 quibus
1074 3922 1339 3993 applicari
1383 3924 1631 3978 valerent
1681 3924 1847 3977 verba

253 4014 556 4085 Baphaelis
602 4016 915 4088 archangeli
946 4036 957 4069 :
988 4015 1131 4068 Audi
1180 4032 1281 4080 me,
1328 4024 1379 4069 et
1424 4014 1703 4069 ostendam
1748 4015 1847 4068 tibi

252 4108 349 4177 qui
400 4117 525 4161 sunt
580 4108 768 4178 quibus
820 4110 1108 4178 pra’valere
1160 4118 1329 4177 potest
1382 4108 1704 4162 daemonium
1741 4108 1846 4162 :Iti

254 4216 487 4269 namque
526 4201 618 4271 qui
645 4201 950 4271 conjugium
981 4203 1059 4255 ita
1087 4201 1401 4269 suscipiunt,
1448 4210 1504 4253 ut
1539 4201 1704 4254 Deum
1731 4218 1765 4254 a
1793 4216 1848 4253 se

252 4302 305 4345 et
337 4309 372 4345 α
402 4310 502 4345 sua
531 4304 699 4347 mente
723 4294 1030 4357 excludant,
1066 4303 1116 4347 et
1157 4309 1268 4347 sum
1308 4292 1517 4346 libidini
1552 4293 1629 4346 ita
1666 4304 1847 4347 vacent

254 4384 397 4437 sicut
434 4401 599 4453 equus
626 4392 674 4438 et
707 4384 903 4448 mulus,
928 4385 1116 4454 quibus
1148 4400 1251 4436 non
1274 4390 1352 4437 est
1382 4384 1678 4437 intellectus
1704 4397 1721 4435 :
1751 4382 1848 4436 Ita—

257 4468 343 4522 bet
372 4477 686 4535 potestatem
709 4468 1029 4523 dwmonium
1054 4470 1109 4522 in
1136 4486 1224 4524 eos
1248 4470 1312 4523 ³⁸.

334 4562 393 4616 Si
436 4563 766 4617 attendisset
806 4563 894 4619 his
945 4563 1171 4618 monitis
1220 4564 1535 4629 adnotator,
1581 4578 1687 4617 non
1728 4571 1841 4617 tam

256 4656 455 4711 leviter
476 4656 544 4709 de
570 4656 676 4710 hac
704 4656 933 4710 materia
959 4656 1174 4710 locutus
1201 4656 1414 4711 luisset.

333 4746 628 4813 Caeterum,
677 4748 771 4817 qui
813 4753 1036 4817 propter
1081 4763 1313 4818 regnum
1348 4748 1614 4803 etelorum
1651 4748 1835 4803 matri-

262 4841 456 4895 monio
509 4840 857 4905 valedicunt,
910 4842 1116 4894 nullam
1169 4840 1585 4895 similitudinem
1643 4839 1847 4895 habent

260 4949 390 4988 cum
422 4934 525 4987 hac
553 4934 765 5003 impura
795 4934 1244 5004 philosOphorum
1272 4935 1363 4988 lue
1393 4933 1486 5003 qui
1514 4948 1688 4988 nexus
1712 4947 1841 4987 con-

262 5024 477 5095 iugales
514 5031 589 5089 et,
632 5032 695 5079 ut
723 5026 904 5081 verbis
932 5026 1177 5096 Apostoli
1213 5034 1358 5092 utar,
1388 5026 1694 5080 honorabile
1721 5042 1848 5079 con-

261 5116 485 5171 ubium
517 5117 754 5187 fugiunt,
789 5126 849 5172 ut
880 5117 1108 5173 liberius
1137 5134 1201 5172 ac
1236 5118 1457 5189 turpius
1478 5118 1847 5187 voluptatibus

260 5207 451 5262 carnis
485 5207 730 5263 habenas
759 5209 964 5264 laxent.
992 5207 1085 5263 Vat
1114 5210 1318 5265 talibus
1362 5211 1455 5281 qui
1496 5210 1714 5282 generis
1745 5210 1846 5264 hu-

263 5298 413 5351 mani
450 5298 805 5368 opprobrium
839 5307 967 5353 sunt
984 5300 996 5352 l

352 5388 443 5444 Sic
475 5391 718 5459 loquitur
746 5389 809 5445 D.
848 5389 915 5445 de
943 5389 1247 5461 Premagny
1287 5409 1300 5443 :
1343 5408 1361 5440 α
1390 5389 1625 5446 Ministri
1668 5390 1843 5446 refor-

267 5483 401 5539 mati
450 5482 701 5553 (nuptias
748 5480 1142 5552 contrahendo)
1194 5482 1551 5551 praetulerunt
1599 5497 1842 5553 praesens

342 5681 388 5712 ³³
467 5681 669 5752 Ephes.
696 5698 748 5745 v,
780 5683 833 5738 4.
912 5683 955 5715 ³³
988 5682 1003 5735 l
1035 5683 1160 5738 Cor.
1188 5701 1287 5752 vn,
1313 5684 1365 5739 9.

272 5752 362 5806 l7.
439 5753 482 5785 τ’
505 5752 611 5809 lsa.
637 5769 746 5819 Lvt,
789 5754 841 5810 5.

1447 5685 1491 5716 ³⁸
1526 5682 1713 5739 Matth.
1746 5701 1859 5746 xu,
1899 5683 1986 5738 l2.
2066 5682 2111 5713 ³⁸
2142 5682 2172 5752 lg
2189 5681 2319 5738 Cor.
2348 5702 2445 5749 vn,
2486 5687 2536 5743 7.
2616 5689 2657 5721 ³⁷
2685 5687 2846 5752 lbid.,
2874 5686 2964 5741 52.

955 5755 999 5785 ⁴⁰
1024 5754 1174 5811 Sess.
1202 5771 1353 5823 xxiv,
1386 5755 1458 5811 De
1484 5756 1744 5825 matrim.,
1774 5770 1898 5811 can.
1933 5756 1987 5812 9.

1948 3186 2293 3241 anathemate
2339 3189 2588 3257 percellit
2621 3208 2638 3239 ι
2667 3205 2764 3244 eos
2810 3194 2903 3260 qui
2955 3189 3147 3243 dicunt
3193 3189 3425 3245 clericos
3468 3192 3524 3245 in

1946 3279 2121 3334 sacris
2150 3278 2437 3335 ordinibus
2487 3282 2841 3345 constitutos,
2871 3282 2953 3336 vel
2986 3282 3266 3352 regulares
3296 3284 3526 3337 castita-

1947 3379 2055 3425 tem
2085 3371 2403 3426 solemniter
2432 3372 2734 3442 professos,
2765 3391 2928 3445 posse
2958 3374 3366 3429 matrimonium
3393 3389 3528 3428 con-

1946 3463 2187 3529 trahere,
2213 3480 2322 3519 non
2357 3465 2610 3521 obstante
2641 3468 2757 3538 lege
2782 3468 3179 3532 ecclesiastica,
3212 3468 3297 3522 vel
3329 3473 3476 3521 voto.
3498 3484 3519 3518 ι

1946 3553 2148 3611 Eadem
2183 3571 2343 3626 poena
2374 3558 2562 3627 plectit
2591 3574 2687 3614 eos
2723 3578 2740 3610 ‹
2774 3559 2867 3629 qui
2900 3560 3091 3613 dicunt
3118 3573 3224 3612 non
3258 3573 3381 3613 esse
3410 3573 3527 3613 me-

1949 3644 2056 3700 lius
2085 3660 2149 3699 ae
2197 3647 2413 3702 beatius
2446 3663 2668 3704 manere
2698 3649 2754 3706 in
2805 3650 3117 3721 virginitate
3148 3658 3240 3703 aut
3271 3648 3526 3706 caelibatu

1951 3754 2113 3809 quam
2139 3738 2298 3810 jungi
2325 3740 2694 3797 matrimonio.
2719 3760 2738 3795 ι

2018 3833 2293 3899 Quantum
2335 3832 2402 3887 ad
2442 3831 2787 3904 bypothesim
2833 3832 3042 3887 domini
3082 3832 3151 3888 de
3195 3832 3523 3906 Premagny,

1947 3941 1975 3979 a
2005 3926 2333 3995 quibusdam
2382 3935 2588 3980 tantum
2640 3926 2857 3980 saeculis
2909 3926 3303 3980 continentiam
3354 3927 3526 3983 fuisse

1948 4015 2209 4071 Ecclesia
2264 4017 2534 4073 ministris
2585 4018 2996 4087 przeseriptam,
3059 4017 3237 4072 dicam
3271 4018 3423 4071 illum
3466 4033 3526 4071 se

1949 4108 2188 4163 historiae
2216 4108 2602 4163 ecclesiasticae
2634 4108 2945 4179 imperitum
2991 4109 3234 4178 praebere
3269 4110 3361 4179 qui
3403 4124 3524 4163 om.-

1948 4197 2112 4253 nibus
2148 4198 2521 4253 monumentis
2566 4198 2958 4254 ecclesiasticis
3002 4198 3361 4264 contradicit,
3403 4214 3525 4269 qua:

1946 4290 2277 4345 inconcusse
2319 4289 2580 4345 evincunt
2610 4292 2663 4343 in
2702 4289 2950 4344 Ecclesia
2983 4290 3310 4343 occidentali
3343 4290 3523 4343 conti-

1947 4384 2186 4437 nentiam
2217 4392 2478 4453 perpetua
2515 4384 2633 4453 lege
2678 4383 3048 4453 praescriptam
3090 4383 3261 4437 fuisse
3304 4383 3524 4439 clericis

1948 4476 2002 4529 in
2024 4475 2197 4529 sacris
2219 4475 2503 4530 ordinibus
2525 4476 2857 4529 constitutis.
2881 4474 3043 4529 Jubet
3072 4483 3297 4529 sanctus
3320 4473 3524 4528 Paulus

1949 4577 2001 4621 ut
2040 4566 2134 4638 qui
2168 4567 2234 4621 ad
2275 4570 2650 4638 episcopatum
2685 4576 3093 4637 promoventur,
3130 4567 3176 4620 si
3215 4574 3373 4621 antea
3403 4566 3524 4621 fue-

1948 4660 2060 4713 rint
2090 4660 2324 4722 uxorati,
2354 4660 2529 4715 sancti
2559 4669 2613 4713 et
2655 4659 3024 4722 continentes,
3059 4666 3183 4728 post
3229 4674 3525 4715 consecra-

1948 4752 2151 4804 tionem
2183 4765 2360 4812 suam,
2391 4756 2747 4820 permaneant
2770 4750 2835 4804 “.

2020 4840 2159 4897 XVI.
2202 4840 2399 4896 Paucis
2430 4841 2773 4912 respondebo
2802 4840 3136 4895 cavillationi
3185 4842 3524 4898 adnotatoris

1949 4934 2016 4988 de
2045 4935 2211 4989 verbo
2248 4934 2407 4996 dixit,
2440 4935 2585 5004 quod
2617 4935 2888 5004 reperitur
2926 4935 3252 5005 quandoque
3294 4936 3347 4989 in
3394 4934 3524 5006 Epi-

1949 5027 2106 5081 stolis
2140 5029 2259 5083 sine
2291 5028 2560 5095 subjecto.
2592 5027 2729 5081 Cum
2762 5026 3273 5082 sanctus.Clemens
3304 5026 3525 5081 assidue

1948 5134 2161 5173 sacram
2219 5118 2558 5189 Seripturam
2618 5118 2877 5189 legisset,
2937 5120 3410 5190 probabiliterque
3466 5120 3520 5175 in

1948 5211 2226 5280 primitivo
2266 5218 2443 5277 textu,
2467 5211 2805 5267 locutionum
2845 5211 2967 5279 ejus
2999 5228 3157 5266 usum
3200 5213 3520 5281 assumpsit.

1949 5299 2008 5353 Si
2050 5301 2317 5369 tantisper
2362 5300 2421 5355 D.
2467 5301 2535 5356 de
2573 5299 2879 5373 Premagny
2922 5301 3219 5357 llebraicos
3274 5309 3368 5355 aut
3420 5300 3523 5370 Sy-

1948 5391 2129 5444 riacos
2161 5388 2339 5445 fontes
2380 5391 2697 5456 delibasset,
2732 5394 2871 5447 nihil
2912 5394 2966 5447 in
2997 5394 3171 5447 sacris
3220 5391 3521 5460 Scripturis

1951 5478 2289 5551 frequentius
2330 5482 2642 5553 agnovisset
2672 5498 2835 5553 quam
2866 5481 3149 5539 subaudiri
3187 5481 3518 5548 suhjecttun.

3067 5685 3112 5717 ³⁸
3142 5681 3282 5739 Τυι).
3309 5697 3384 5745 Vt.
3414 5681 3514 5747 16,

2070 5756 2111 5785 ³¹
2147 5751 2257 5809 Tit.
2286 5770 2333 5825 ι,
2365 5756 2417 5811 8.
