3896 6174
405 291 512 350 375

1220 287 1273 341 S.
1310 285 1702 342 CLEMENTIS
1733 285 1752 338 l
1789 284 1953 341 ROM.
1990 282 2191 340 PONT.
2229 284 2457 341 OPERA
2489 284 2810 345 GENUINA.

3536 286 3650 343 376

405 427 625 499 quando
648 441 714 480 ex
751 433 1007 480 contextu
1046 423 1179 478 satis
1211 423 1551 493 intelligitur.
1585 422 1760 493 Saepe,
1803 422 1858 476 in
1890 422 1979 476 Bi-
2010 405 2055 459 Α
2082 400 2266 470 Sume,
2300 400 2576 499 impera“
2597 402 2828 499 νίθιοΐξδ
2867 403 3045 499 Ροίίίί-
3070 410 3435 499 “sentum”
3462 420 3658 499 εθξήθ

406 522 565 585 bliis,
603 519 832 575 verbum
866 518 1003 570 dixit
1049 516 1135 571 his
1177 516 1465 584 aaquivalet
1512 514 1729 577 dicitur,
1781 515 1980 568 dictant

404 623 505 668 est.
536 611 758 666 Poterat
785 626 917 680 ergo
947 609 1183 678 scriptor
1221 608 1447 663 criticus
1492 607 1978 679 Pythagoricorum

407 717 660 756 somnum
686 714 793 755 non
819 700 1061 758 turbare,
1114 711 1216 750 nec
1255 695 1619 750 eruditionem
1648 709 1877 764 prorsus
1905 695 1981 746 in-

408 795 594 848 utilem
635 792 794 847 nobis
823 798 1117 845 ostentare.
1158 788 1309 842 Hanc
1345 803 1445 857 ego
1489 786 1858 841 difﬁcultatem
1886 802 1981 840 ex-

408 887 575 956 punxi
608 886 662 943 in
695 885 947 939 versione
977 898 1094 935 mea
1124 900 1138 936 :
1172 880 1421 936 eamdem
1457 886 1676 949 poterat
1703 878 1769 934 de
1801 880 1981 932 medio

406 980 598 1033 tollere
622 979 738 1049 ipse
769 976 1098 1031 Wetstinus.

481 1069 622 1124 XVII
646 1078 699 1125 et
727 1068 913 1123 XVlll.
941 1067 1343 1121 Adnotationes
1378 1080 1499 1135 qua:
1530 1066 1633 1121 sub
1658 1065 1744 1119 his
1766 1064 1980 1119 duobus

407 1164 650 1218 numeris
681 1162 1057 1224 includuntur,
1090 1160 1321 1229 probant
1352 1158 1630 1213 dominum
1661 1157 1726 1212 de
1760 1156 1981 1211 Prema-

405 1271 517 1326 gny
551 1269 664 1309 non
714 1268 929 1323 semper
963 1250 1295 1323 prazjudiciis
1326 1250 1659 1305 obcaacatum
1692 1257 1745 1305 et
1786 1248 1980 1302 alluei-

405 1354 595 1400 natum
624 1346 815 1402 fuisse.
845 1345 953 1399 Has
995 1344 1288 1399 scribendo
1320 1345 1512 1405 lineas,
1544 1344 1749 1413 Optime
1785 1341 1852 1396 de
1889 1342 1980 1411 ju-

405 1438 557 1493 stitia
596 1445 651 1491 et
691 1437 923 1491 veritate
954 1437 1183 1490 meritus
1207 1442 1310 1490 est.
1338 1433 1576 1500 Quilibet
1623 1432 1979 1488 nihilominus

406 1530 801 1585 animadvertet
858 1530 1035 1600 ipsum
1093 1527 1367 1582 Wetstino
1419 1541 1636 1596 semper
1697 1525 1976 1579 contradi-

403 1622 583 1686 xisse,
624 1622 740 1677 sive
776 1620 997 1691 quando
1045 1627 1248 1674 rectam
1292 1620 1435 1673 viam
1477 1618 1831 1687 sequebatur,
1864 1617 1978 1671 sive

404 1715 624 1785 quando
661 1712 730 1769 ab
756 1728 819 1768 ea
852 1711 1193 1767 dellectebat.
1222 1709 1533 1780 Optandum
1564 1717 1713 1763 certe
1750 1717 1869 1763 erat
1915 1715 1975 1761 ut
2008 1747 2050 1805 ῃ

404 1806 490 1859 his
522 1805 729 1861 ultimis
765 1805 1009 1859 numeris
1047 1804 1183 1856 nihil
1230 1802 1530 1857 addidisset
1568 1800 1630 1853 D.
1656 1801 1723 1856 de
1756 1799 1979 1855 Prema-

405 1912 533 1967 gny.
563 1895 671 1951 Sed
710 1898 903 1959 altera,
928 1896 995 1949 de
1025 1910 1131 1965 qua
1161 1893 1273 1963 jam
1303 1894 1519 1948 locutus
1548 1908 1691 1957 sum,
1724 1893 1977 1962 opusculi

403 1990 524 2058 ejus
553 1989 721 2044 editio
747 1988 904 2059 quasi
938 1988 1292 2057 pcenitentem
1334 1986 1508 2054 ipsum
1534 1986 1752 2040 exhibet
1776 1987 1980 2056 optime

407 2082 611 2136 finiisse
641 2081 789 2150 quod
826 2081 967 2134 male
1002 2085 1265 2149 cmperat.
1298 2075 1443 2131 Duas
1473 2093 1603 2147 ergo
1634 2091 1803 2131 novas
1832 2078 1979 2147 prio-

406 2170 561 2224 ribus
594 2172 710 2225 suis
754 2172 1201 2225 adnotationibus
1233 2168 1451 2239 adjeeit,
1482 2186 1603 2240 qua:
1638 2170 1793 2224 famae
1833 2171 1978 2227 illius

405 2265 530 2331 plus
561 2266 837 2318 nocebunt
867 2281 1029 2334 quam
1064 2264 1384 2335 proderunt.

479 2353 660 2408 Prima
692 2355 921 2409 refertur
975 2356 1042 2409 ad
1104 2355 1498 2425 separationem
1538 2370 1701 2424 quam
1754 2364 1979 2410 sanctus

406 2446 659 2501 Clemens
688 2461 719 2499 a
749 2446 931 2518 Moyse
962 2446 1157 2501 factam
1192 2446 1361 2501 luisse
1389 2446 1586 2501 asserit
1640 2448 1785 2501 inter
1831 2448 1978 2503 viros

406 2545 460 2592 et
484 2538 759 2603 mulieres,
789 2539 917 2593 dum
978 2538 1289 2593 incederent
1342 2538 1616 2603 Israelitze,
1683 2539 1977 2611 Aigyptum

406 2631 799 2701 relinquentes.
833 2630 1081 2685 Secunda
1114 2640 1323 2701 spectat
1370 2649 1565 2687 nomen
1618 2633 1785 2687 maris
1832 2633 1977 2703 quod

407 2723 556 2777 sicco
584 2723 812 2793 vestigio
845 2723 937 2776 filii
965 2722 1131 2778 Israel
1163 2726 1516 2781 transierunt.

488 2815 542 2866 1°
573 2812 739 2868 Juxta
769 2812 1165 2879 adnotatorem,
1224 2824 1447 2871 sanctus
1479 2818 1725 2870 Clemens
1762 2817 1974 2872 locutus

407 2914 491 2960 est
537 2904 604 2960 de
651 2907 894 2960 virorum
957 2923 1020 2961 ac
1073 2908 1359 2963 mulierum
1410 2910 1748 2978 separatione
1813 2925 1974 2979 quam

408 2998 620 3068 Moyses
646 3000 956 3053 nullatenus
985 3002 1325 3054 memoravit.
1359 3000 1645 3055 Probabile
1679 3017 1808 3071 ergo
1831 3002 1977 3069 judi-

2083 500 2201 545 rent
2232 492 2494 562 temporis
2521 502 2745 563 puncto,
2770 494 3008 549 hostium
3032 494 3486 561 internecionem,
3516 496 3659 554 duas

2081 585 2351 649 choreas,
2405 602 2569 640 unam
2617 587 2882 650 virorum,
2928 587 3154 643 alteram
3225 588 3551 652 mulierum,
3597 590 3657 644 in

2083 676 2268 732 littore
2326 679 2625 734 instituunt
2668 696 2684 734 :
2730 688 2800 734 .et
2858 678 3041 751 Moyse
3102 680 3238 736 viris
3289 683 3655 751 praecinente,

2082 769 2203 836 ejus
2228 784 2419 825 sorore
2446 770 2807 836 mulieribus,~
2852 772 3269 841 gratulationem
3295 771 3407 829 Deo
3437 773 3660 828 cecine-

2084 867 2210 913 runt
2231 860 2330 914 ⁸³.»

2157 948 2409 1005 Ultimam
2439 952 2782 1010 adnotatoris
2808 954 3225 1024 objectationem
3249 953 3315 1010 de
3338 955 3475 1008 mari
3500 954 3657 1027 Suph

2082 1045 2435 1113 attingamus.
2493 1044 2610 1101 Non
2658 1045 2869 1101 dubitat
2933 1048 3160 1102 criticus
3204 1048 3442 1117 scriptor
3488 1048 3658 1118 hujus

2083 1138 2250 1192 maris
2283 1154 2480 1193 nomen
2512 1140 2703 1193 nullibi
2732 1141 2786 1194 in
2818 1139 3005 1195 Exodo
3060 1140 3314 1196 inveniri.
3344 1141 3401 1196 Si
3430 1143 3499 1198 de
3521 1142 3657 1196 Vul-

2079 1238 2202 1299 gata
2233 1231 2483 1286 versione
2503 1232 2718 1288 locutus
2750 1232 2960 1295 fuisset,
2993 1249 3183 1288 verum
3236 1234 3454 1304 quidem
3484 1235 3660 1290 dixis-

2082 1329 2198 1386 set;
2239 1322 2285 1377 si
2332 1338 2458 1377 vero
2487 1324 2554 1379 de
2604 1332 2753 1379 textu
2813 1324 3082 1379 Hebraico
3129 1333 3223 1379 aut
3272 1325 3517 1397 Syriaco,
3573 1334 3661 1382 te-

2081 1428 2228 1468 mere
2263 1424 2410 1469 certe
2438 1415 2653 1470 locutus
2683 1426 2786 1481 est,
2818 1416 3119 1486 prwsertim
3179 1433 3303 1471 cum
3352 1425 3497 1473 esset
3529 1433 3661 1473 aca-

2079 1504 2325 1561 demicus
2355 1505 2471 1572 vir;
2528 1522 2806 1575 nunquam
2838 1507 2984 1561 enim
3029 1507 3143 1562 sive
3192 1508 3246 1561 in
3300 1506 3509 1571 Exodo,
3540 1510 3661 1563 sive

2078 1598 2132 1650 in
2156 1597 2291 1652 locis
2318 1598 2440 1653 aliis
2459 1614 2629 1653 sacra:
2653 1598 2970 1670 Scriptura‘,
3003 1599 3268 1656 Hebraice
3293 1612 3385 1656 aut
3409 1600 3657 1671 Syriaco,

2080 1691 2201 1746 aliis
2231 1692 2410 1747 verbis
2460 1707 2610 1747 mare
2664 1692 2909 1747 Rubrum
2962 1693 3283 1763 designatur
3341 1710 3502 1764 quam
3536 1710 3661 1755 ver-

2081 1783 2165 1836 bis
2197 1782 2278 1836 Im
2306 1782 2470 1852 Suph,
2524 1800 2645 1854 quae
2674 1785 2851 1839 reddit
2896 1783 3124 1856 Vulgata
3160 1794 3349 1840 nostra
3374 1802 3470 1855 per
3501 1784 3660 1839 Mare

2082 1877 2335 1933 Rubrum.

2152 1969 2285 2035 Quis
2334 1986 2500 2040 porro
2531 1969 2669 2025 ferat
2718 1971 2990 2025 hominem
3036 1978 3455 2040 praesumentem
3504 1971 3659 2041 loqui

2082 2065 2148 2118 de.
2187 2066 2272 2120 his
2301 2082 2423 2135 qua:
2448 2066 2696 2121 absolute
2726 2066 2986 2138 ignorat?

2158 2158 2396 2213 Verbum
2448 2158 2592 2227 Suph
2640 2168 2832 2230 quater
2906 2158 3179 2213 invenitur
3227 2159 3282 2211 in
3341 2167 3491 2212 textu
3548 2155 3658 2211 He-

2083 2252 2268 2305 braico
2318 2258 2373 2306 et
2425 2249 2651 2322 Syriaco
2708 2249 2897 2304 Exodi.
2942 2249 3001 2303 Si
3032 2250 3165 2304 recti
3212 2249 3415 2305 fuerint
3457 2248 3659 2303 calculi

2082 2342 2209 2404 mei,
2235 2341 2466 2397 vicesies
2495 2343 2685 2397 novies
2708 2341 2812 2395 hoc
2843 2344 3064 2397 verbum
3084 2341 3229 2410 Suph
3256 2345 3505 2396 eumdem
3530 2356 3660 2395 sen-

2082 2451 2201 2490 sum
2225 2436 2535 2503 exprimens
2559 2435 2831 2488 invenitur
2861 2437 2914 2488 in
2958 2434 3133 2489 Veteri
3164 2434 3518 2491 Testamento
3543 2433 3657 2489 He-

2083 2528 2290 2585 braico.
2323 2537 2376 2581 et
2406 2528 2526 2597 plus
2582 2544 2743 2597 quam
2795 2530 3041 2584 tricesies
3074 2531 3127 2583 in
3186 2529 3411 2600 Syriaco
3442 2527 3657 2583 Novum

2082 2619 2489 2673 Testamentum
2524 2621 2936 2689 complectente.
2964 2618 3158 2673 Santes
3178 2618 3455 2689 Pagninus
3480 2619 3533 2672 in
3554 2634 3657 2675 sua

2083 2712 2333 2765 versione
2369 2709 2557 2764 Latina
2605 2711 2826 2766 litterali
2873 2728 3087 2781 semper
3119 2719 3411 2766 conservat
3457 2727 3657 2768 nomen

2084 2803 2438 2873 primitivum,
2467 2819 2531 2857 ac
2558 2803 2722 2857 vertit
2748 2822 2761 2856 :
2794 2802 2946 2857 Mare
2976 2803 3139 2873 Suph.

2152 2894 2488 2949 Existimavit
2516 2904 2737 2949 sanctus
2764 2895 3125 2967 Hieronymus
3146 2896 3313 2950 verbo
3337 2894 3466 2963 ευριπ
3488 2894 3660 2965 signi—

2084 2988 2232 3043 ficari
2255 2987 2492 3040 rubrum.
2518 2986 2690 3041 Graeci
2721 2988 2859 3041 idem
2886 3002 3034 3041 mare
3060 2986 3398 3057 Erythrarum
3433 2995 3655 3049 vocant,

406 3097 495 3142 cat
540 3088 783 3158 Moysen,
837 3092 1010 3143 virum
1066 3100 1176 3143 tant
1234 3092 1575 3160 prudentem,
1633 3091 1978 3147 consensisse
2006 3091 2047 3147 C
2082 3081 2223 3149 (1ηοά
2254 3082 2415 3133 eum“
2440 3078 2657 3132 rubrum
2680 3087 2857 3134 sonal-
2891 3078 2996 3133 sed
3027 3078 3245 3148 (ιιιὶἀειιη
3271 3079 3360 3133 is“
3388 3078 3525 3131 mari
3551 3077 3657 3131 ho“

403 3186 465 3231 ut
497 3178 806 3247 promiscue
846 3188 1098 3235 sexcenta
1138 3180 1305 3235 millia
1354 3182 1593 3235 virorum
1644 3190 1975 3235 armatorum

404 3272 765 3340 procederent
821 3287 945 3325 cum
994 3274 1168 3327 multo
1232 3275 1499 3344 superiori
1576 3290 1803 3329 numero
1858 3291 1978 3329 mu-

407 3364 644 3429 lierum,
700 3365 1005 3434 puellarum
1064 3374 1118 3421 et
1178 3366 1495 3421 infantium!
1552 3366 1685 3433 Quis
1740 3384 1977 3437 unquam

404 3456 570 3510 talem
601 3456 976 3511 confusionem
1032 3457 1322 3512 admissam
1354 3458 1524 3514 fuisse
1570 3459 1858 3530 imaginari
1890 3474 1978 3512 au-

406 3547 587 3601 debit?

479 3639 627 3695 lianc
654 3654 781 3695 vero
805 3640 1299 3697 considerationem
1326 3644 1633 3706 adnotator,
1666 3645 1821 3714 quasi
1845 3662 1980 3715 puer

408 3732 743 3802 inexpertus,
778 3734 963 3790 forsan
1020 3744 1199 3810 mente
1258 3738 1526 3792 revolvit:
1589 3737 1739 3792 Unde
1791 3737 1980 3791 didicit

411 3833 634 3879 sanctus
658 3826 909 3882 Clemens
939 3827 1080 3881 hanc
1112 3827 1305 3882 factam
1361 3828 1531 3884 fuisse
1584 3830 1977 3901 separatiouem

409 3918 477 3970 de
498 3932 601 3986 qua
627 3916 908 3986 Scriptura
934 3934 1039 3973 non
1072 3921 1349 3991 loquitur?

482 4008 639 4062 Nulla
669 4010 799 4062 mihi
859 4010 1103 4080 profecto
1158 4013 1440 4069 (lillicultas
1488 4022 1632 4070 esset
1658 4015 1978 4073 admittendi

410 4106 665 4155 sanctum
700 4100 1032 4156 Clementem
1063 4118 1092 4156 a
1119 4105 1409 4160 traditione
1428 4104 1759 4171 Judzeorum,
1785 4109 1887 4164 hac
1914 4110 1980 4165 de

409 4193 842 4259 circumstantia,
868 4192 1038 4249 fuisse
1066 4194 1341 4252 edoctum.

482 4282 589 4338 Sed
626 4284 772 4339 nulla
805 4287 964 4341 nobis
1011 4295 1095 4342 est
1145 4288 1454 4347 traditionis
1486 4308 1594 4347 non
1643 4294 1858 4364 scripta:
1888 4314 1981 4350 ηο-

407 4376 658 4441 cessitas,
716 4378 934 4447 quando
991 4381 1441 4449 :equivalentibus
1495 4386 1677 4440 verbis
1727 4388 1868 4442 hanc
1899 4391 1976 4441 vi-

406 4482 593 4521 rorum
632 4483 695 4521 ac
722 4471 1009 4524 mulierum
1042 4474 1439 4542 scparationem
1467 4475 1678 4547 Moyses
1699 4481 1973 4549 exprimit.

478 4559 765 4616 Enimvero
790 4564 868 4617 sic
896 4564 1091 4634 legitur
1137 4566 1191 4619 in
1236 4568 1412 4637 capite
1443 4584 1515 4621 xu
1550 4569 1738 4635 Exodi,
1774 4590 1825 4627 v.
1866 4573 1971 4627 '57:

407 4652 643 4715 Profecti
698 4664 820 4708 sunt
870 4656 971 4724 [Ilii
1021 4655 1196 4711 Israel
1232 4658 1295 4712 de
1352 4658 1598 4715 Ramesse
1654 4662 1710 4715 in
1761 4664 1977 4729 Socotlt,

407 4754 653 4798 sexcenta
683 4746 789 4813 fere
825 4747 997 4800 millia
1040 4748 1272 4817 peditum
1317 4752 1567 4816 virorum,
1618 4753 1810 4825 absque
1854 4772 1977 4823 par-

406 4835 561 4889 rufis.
609 4834 708 4889 llic
739 4837 838 4890 soli
872 4838 999 4901 viri,
1035 4842 1190 4909 quasi
1246 4842 1567 4911 cmphatice,
1599 4844 1973 4915 designantur.

405 4924 593 4991 (lapite
622 4940 691 4978 xv
719 4927 1031 4994 expressius
1085 4928 1329 4983 innititur
1366 4933 1655 5001 separatio.
1690 4935 1973 4990 Canticum

407 5016 551 5069 enim
584 5015 796 5086 Moyses
827 5033 950 5070 cum
1005 5020 1139 5073 viris
1166 5022 1426 5077 concinit.
1458 5023 1657 5079 Deinde
1687 5028 1971 5096 egrediun-

408 5115 496 5159 tur
525 5107 782 5162 mulieres
807 5149 822 5172 ,
863 5118 916 5164 et
967 5111 1098 5180 ipsa:
1128 5112 1246 5167 vice
1294 5131 1393 5168 sua
1447 5117 1498 5170 id
1529 5118 1800 5172 canticum
1848 5138 1972 5174 cum

407 5199 575 5254 Maria
606 5200 807 5271 Moysis
853 5211 906 5257 et
936 5203 1167 5259 Aaronis
1198 5222 1405 5271 sorore,
1438 5211 1706 5265 recinunt.

394 5308 407 5314 -
475 5290 631 5347 Philo
653 5290 894 5357 Iudaeus,
921 5305 1112 5349 sancto
1140 5298 1403 5353 Clementi
1446 5311 1773 5365 coaetaneus,
1834 5305 1974 5359 hanc

404 5385 800 5451 separationem
826 5388 973 5441 clare
998 5388 1272 5456 exprimit.
1322 5389 1612 5461 Postquam
1641 5396 1783 5448 enim
1810 5396 1978 5469 Egy-

408 5476 643 5541 ptiorum
674 5479 918 5533 narravit
948 5480 1161 5533 ruinam
1184 5520 1198 5545 ,
1246 5482 1394 5534 addit
1423 5504 1433 5537 :
1494 5505 1509 5534 ι
1543 5486 1764 5542 Factum
1827 5491 1971 5544 istud

408 5566 597 5635 ingens
618 5577 670 5623 et
695 5572 1020 5641 stupendum
1052 5573 1258 5627 Hebraei
1289 5576 1493 5642 mirati,
1515 5581 1657 5649 quod
1691 5582 1809 5637 sine
1829 5598 1961 5639 san-

480 5717 524 5745 “
554 5717 714 5773 I‘hilo
745 5722 817 5775 De
849 5723 952 5778 vita
988 5725 1185 5795 Moysis
1207 5768 1218 5789 ,
1254 5728 1345 5782 lih.
1384 5745 1419 5782 ι.

2082 3188 2277 3227 nomen
2310 3173 2495 3226 datum
2527 3180 2814 3225 autumant
2842 3188 2871 3225 a
2908 3188 3033 3242 rege
3067 3172 3299 3242 Erythro
3330 3170 3425 3242 qui
3453 3185 3654 3240 regna-

2080 3268 2155 3319 vit
2186 3267 2239 3319 in
2273 3266 2452 3319 insula
2484 3265 2647 3333 hujus
2677 3266 2846 3319 maris
2874 3266 3120 3319 finitima.

2150 3358 2253 3423 Qui
2283 3358 2507 3413 uberius
2528 3358 2691 3426 hujus
2708 3358 2959 3412 vocabuli
2984 3356 3431 3427 significationem
3457 3354 3659 3410 callere

2081 3452 2327 3518 cupiunt,
2354 3449 2735 3503 doctissimum
2777 3449 2974 3503 adeant
3030 3448 3288 3503 Drusium
3333 3445 3651 3518 (Comment.

2080 3542 2133 3593 in
2173 3540 2345 3595 Exod.
2373 3581 2389 3606 ,
2421 3557 2470 3596 c.
2512 3540 2624 3611 eo).

2152 3631 2277 3687 llaec
2308 3646 2434 3688 sunt
2468 3634 2581 3688 fere
2609 3649 2730 3703 quae
2778 3648 2805 3685 a
2834 3633 3080 3703 pluribus
3122 3632 3281 3687 annis
3309 3631 3655 3701 scripsissem

2080 3725 2145 3779 de
2175 3727 2388 3782 duabus
2418 3727 2677 3797 Epistolis
2731 3728 2905 3781 sancti
2955 3726 3252 3781 Clementis
3282 3727 3349 3780 ad
3379 3724 3654 3795 Virgines,

2079 3819 2185 3871 nisi
2219 3820 2415 3888 partim
2446 3822 2708 3890 temporis
2741 3819 3018 3889 angustia,
3052 3819 3250 3888 partim
3275 3818 3479 3872 laboris
3523 3815 3659 3871 difﬁ-

2080 3911 2255 3965 cuitas
2282 3913 2550 3965 voluntati
2577 3928 2709 3969 meae
2731 3913 2915 3966 obices
2938 3913 3269 3982 posuissent.

2151 4002 2261 4056 llas
2296 4003 2568 4073 Epistolas
2609 4004 2918 4060 firmissime
2942 4005 3105 4057 credo
3131 4020 3253 4058 esse
3282 4004 3654 4068 authenticas.

2081 4097 2430 4164 quantumvis
2480 4098 2823 4153 amarissime
2858 4098 3026 4153 feram
3073 4100 3316 4153 nondum
3367 4099 3655 4169 hucusque

2080 4197 2354 4259 repertum
2384 4189 2555 4246 fuisse
2576 4190 2956 4261 primigenium
2991 4198 3222 4246 textum.
3255 4189 3313 4245 Si
3340 4191 3657 4245 inveniatur

2080 4284 2477 4352 tandem,quod
2502 4284 2914 4340 instantissimis
2942 4286 3195 4355 precibus
3219 4301 3249 4338 a
3275 4284 3383 4339 Deo
3410 4283 3652 4354 postulo,

2081 4375 2336 4429 omnibus
2358 4376 2662 4429 innotescet
2689 4392 2851 4433 verus
2881 4378 3054 4432 sancti
3106 4376 3379 4449 pontificis
3430 4392 3653 4439 sensus,

2082 4473 2174 4538 qui
2211 4489 2306 4541 per
2332 4473 2698 4530 traductorem
2732 4474 3019 4546 Syriacum
3046 4478 3228 4532 vitiari
3254 4478 3447 4547 potuit.
3479 4476 3655 4546 Spero

2080 4573 2263 4620 tamen
2311 4566 2675 4622 traductionis
2717 4570 2847 4622 vitia
2894 4585 2925 4623 a
2970 4587 3056 4625 me
3093 4587 3204 4624 non
3230 4569 3389 4623 modo
3420 4568 3656 4623 adaucta

2082 4674 2189 4712 non
2219 4657 2408 4722 fuisse,
2445 4660 2538 4714 sed
2561 4660 2715 4715 valde
2742 4662 3047 4717 imminuta.

2155 4748 2288 4804 Mira
2318 4750 2420 4803 fuit
2454 4767 2574 4806 sors
2633 4753 2964 4821 scriptorum
3021 4755 3197 4809 sancti
3254 4750 3570 4809 Clementis.
3608 4750 3656 4804 Α

2079 4842 2242 4896 Junio
2269 4841 2508 4896 Patricio
2536 4843 2836 4913 Anglicano
2868 4846 3086 4899 inventa
3121 4854 3205 4901 est
3238 4846 3357 4915 ejus
3406 4842 3651 4913 Epistola

2079 4931 2145 4983 ad
2172 4932 2488 4986 Corinthios
2521 4934 2760 5003 scripta;
2817 4952 2845 4988 a
2884 4935 3153 4991 Wetstino
3187 4953 3296 4990 non
3326 4935 3510 4988 minus
3546 4931 3653 4987 Ec-

2076 5026 2254 5080 clesiae
2270 5025 2526 5080 Romame
2548 5025 2760 5081 infenso
2790 5027 3020 5082 inventae
3048 5036 3176 5083 sunt
3204 5028 3376 5082 amba:
3403 5025 3650 5097 ejusdem

2079 5120 2252 5174 sancti
2277 5119 2574 5175 Clementis
2604 5119 2670 5172 ad
2696 5118 2945 5191 Virgines
2967 5120 3240 5191 Epistolaa.

2144 5214 2293 5269 Notae
2327 5213 2551 5268 Patricii
2608 5214 2663 5267 in
2715 5212 3011 5283 Epistolam
3076 5230 3242 5284 quam
3270 5212 3507 5284 \invenit
3557 5212 3652 5267 vix

2079 5306 2433 5361 dissidentem
2465 5306 2740 5362 hominem
2770 5306 3050 5377 detegunt.
3084 5307 3477 5376 Prolegomena
3493 5302 3653 5358 Wet-

2078 5399 2230 5463 stini,
2270 5399 2484 5453 duobus
2513 5398 2648 5453 locis
2674 5400 2917 5468 exceptis
2960 5398 3014 5451 in
3047 5398 3247 5468 quibus
3269 5396 3453 5451 odium
3483 5411 3651 5452 suum

2075 5505 2203 5559 erga
2233 5487 2532 5544 Romanam
2579 5489 2880 5544 Ecclesium
2909 5491 3103 5559 exerit,
3132 5489 3443 5547 testimonia
3484 5488 3654 5543 exhi-

2076 5584 2202 5637 bent
2227 5583 2556 5640 sinceritatis
2579 5597 2641 5637 ac
2669 5584 2937 5640 veritatis.
3408 5576 3411 5579 ’
