3896 6174
234 318 342 375 377

1176 310 1538 369 EPISTOLAS
1573 304 1666 361 AD
1704 302 2043 361 VIRGINES.
2081 337 2149 349 -—
2186 307 2550 364 ΡΒοωΜιΑ.

3399 311 3502 365 378

306 437 566 494 Permisit
600 436 748 491 Deus
776 437 891 491 haec
921 440 1275 489 monumenta
1303 447 1333 485 a
1356 431 1492 487 viris
1536 427 1651 483 sedi
1687 438 1820 495 apo-
1846 423 1896 478 Α
1989 423 2108 479 Non
2137 428 2625 483 nocebitinventor
2648 426 2740 496 qui
2773 437 2919 481 certe
2946 435 3360 481 monumentum
3387 426 3503 495 ipse

233 534 447 590 stolicae
492 531 790 585 hostilibus
814 528 992 598 detegi
1020 535 1076 582 et
1100 525 1390 599 publicari,
1421 533 1481 578 ut
1508 540 1537 577 a
1568 521 1820 578 sectariis

234 627 422 680 minus
470 624 964 693 impugnarentur,
1026 628 1122 674 aut
1179 618 1331 672 fraus
1364 614 1667 672 Catholicis
1709 628 1820 666 non

235 718 627 787 imputaretur.
662 713 827 768 Siluit
876 712 1206 782 generaliter
1236 710 1460 764 haeresis
1491 709 1559 763 de
1588 707 1821 778 epistola

233 827 263 864 a
293 810 460 864 Junio
489 808 730 862 Patricio
771 808 989 861 inventa
1017 824 1030 859 :
1088 804 1400 873 nullusque,
1434 802 1580 873 quod
1623 804 1819 864 sciam,

234 913 471 958 novator
493 903 660 973 hujus
689 898 1165 957 authenticitatem
1216 914 1508 971 aggressus
1539 904 1624 951 est
1656 916 1671 951 :
1727 896 1821 950 vix

234 998 407 1060 enim,
444 998 501 1050 in
528 997 631 1050 hac
656 994 924 1065 Epistola,
946 1002 1175 1050 sanctus
1201 992 1456 1047 Pontifex
1487 991 1822 1046 delibaverat

234 1089 496 1144 veritates
525 1089 721 1142 haeresi
755 1087 1003 1142 odiosas.
1053 1085 1173 1139 Dixi
1207 1086 1301 1138 vix
1328 1084 1665 1159 delibaverat
1690 1082 1821 1149 quia

232 1200 344 1239 non
376 1184 628 1239 absolute
652 1184 720 1238 de
748 1183 833 1238 his
862 1183 1118 1237 omnibus
1148 1184 1419 1242 tacuerat,
1460 1184 1520 1232 ut
1548 1176 1660 1246 jam
1692 1176 1820 1229 alibi

231 1281 489 1329 notatum
523 1281 627 1331 est.
663 1273 846 1343 Longe
876 1273 1036 1327 aliter
1065 1287 1124 1327 se
1164 1286 1254 1325 res
1285 1269 1476 1323 habuit
1513 1269 1568 1322 in
1614 1268 1822 1337 episto-

230 1372 301 1428 lis
336 1371 406 1426 de
437 1370 751 1441 virginitate
780 1367 1146 1422 tractantibus
1175 1386 1189 1421 :
1239 1364 1615 1419 Protestantes
1672 1364 1819 1418 enim

228 1464 569 1535 virginitatis
596 1477 806 1525 osores,
845 1460 1004 1531 quasi
1052 1458 1309 1512 unanimi
1349 1472 1491 1511 voce;
1509 1463 1701 1510 contra
1723 1470 1819 1508 au-

231 1559 637 1612 thenticitatem
661 1570 848 1609 earum
901 1554 1338 1608 insurrexerunt.
1371 1550 1481 1606 Nec
1528 1552 1819 1621 quisquam

230 1649 366 1705 inde
393 1650 585 1702 mirari
618 1647 780 1703 debet
812 1665 825 1700 :
879 1663 897 1697 ‹
932 1644 1134 1699 Omnes
1164 1658 1399 1713 namque
1420 1652 1672 1712 quaerunt
1703 1644 1821 1712 pla-

228 1743 450 1809 centia;
505 1755 695 1795 omnes
740 1754 804 1794 ea
852 1737 1044 1793 audire
1096 1738 1336 1808 gestiunt
1389 1752 1510 1811 quae
1575 1737 1819 1791 habenas

228 1835 392 1890 carni
422 1835 625 1897 laxent,
657 1847 767 1885 non
798 1846 917 1901 quae
946 1829 1208 1885 inducant
1252 1830 1602 1885 conscientia:
1625 1838 1814 1885 custo-

230 1927 455 1982 diendae
486 1926 750 1988 studium,
799 1923 1081 1993 religionis
1128 1937 1340 1985 curam,
1383 1922 1819 1976 Christianorum

231 2034 459 2074 morum
530 2016 769 2087 pondus.
819 2035 837 2068 ι
918 2013 1043 2069 Haec
1120 2013 1382 2069 Wicclius
1462 2012 1656 2068 Senior
1726 2014 1821 2085 qui

229 2113 446 2182 optime
477 2117 702 2165 noverat
734 2116 937 2163 sectam
969 2124 1091 2177 quae
1114 2108 1404 2162 seduxerat
1428 2107 1580 2161 illum
1610 2107 1676 2160 ”.

305 2204 474 2259 Certe
522 2204 568 2258 si
622 2202 1021 2273 qualiscunque
1067 2201 1317 2271 epistola,
1369 2198 1590 2254 nomine
1647 2200 1822 2254 sancti

230 2295 542 2350 Clementis
576 2294 857 2364 insignita,
891 2301 1105 2362 reperta
1136 2291 1352 2353 fuisset,
1379 2290 1539 2358 cujus
1564 2290 1824 2359 interpre-

234 2389 379 2443 tatio
410 2404 634 2444 sensum
672 2386 1002 2459 praebuisset
1030 2383 1299 2441 czelihatui
1352 2382 1648 2445 infensum,
1676 2382 1822 2436 mille

233 2479 628 2533 buccinatores
660 2478 1095 2541 adlaborassent,
1126 2475 1269 2530 inter
1293 2473 1581 2535 sectarios,
1613 2479 1673 2525 ut
1700 2487 1821 2525 eam

233 2565 809 2641 superextollerent,"
839 2571 1073 2642 ejusque
1129 2567 1596 2624 authenticitatem
1670 2582 1823 2626 asse~

234 2670 453 2719 rerent.

336 2756 395 2809 ld
460 2756 677 2811 abunde
733 2756 927 2826 probat
976 2755 1348 2812 testimonium
1424 2754 1569 2825 quod
1630 2763 1820 2810 sancto

232 2852 563 2923 Paphnucio
611 2851 866 2907 Socrates
914 2858 1023 2905 tam
1055 2848 1392 2904 mendaciter
1416 2850 1669 2918 imputat,
1698 2856 1821 2902 tan-

235 2962 413 3016 quam
472 2947 527 3000 in
572 2947 694 3016 ipso
727 2946 962 3001 concilio
990 2942 1211 2999 Nicaeno
1242 2943 1534 3013 prolatum,
1567 2944 1825 3014 quodque

236 3056 397 3095 nunc
437 3046 518 3092 tot
567 3040 982 3109 probationibus
1024 3037 1221 3094 falsum
1254 3039 1686 3093 demonstratum
1716 3044 1822 3092 est.

1922 535 2031 573 non
2061 520 2264 574 struxit
2313 526 2459 589 quod
2512 530 2591 574 tot
2645 527 2772 575 ante
2831 519 2983 572 illum
3038 518 3253 573 saeculis
3303 522 3504 574 existe-

1922 613 2038 674 bat,
2091 614 2235 668 sicut
2284 614 2465 669 adhuc
2513 614 2723 680 existit,
2785 612 3128 681 antiquitatis
3176 628 3290 666 suae
3346 613 3503 683 signa

1922 704 2236 774 praeferens.
2298 704 2410 761 lino
2465 723 2574 776 quo
2629 704 2802 774 magis
2843 713 3110 774 suspecta:
3157 704 3279 759 lidei
3314 705 3504 758 inven-

1925 806 2009 850 tor
2085 798 2445 867 probabitur,
2528 815 2593 853 co
2663 798 2868 853 clarius
2942 797 3144 867 patebit
3222 797 3503 849 inimicum

1923 890 2238 959 dogmatum
2294 892 2748 954 orthodoxorum,
2802 906 2911 944 non
2961 899 3155 957 sponte
3203 889 3258 942 in
3311 904 3503 943 eorum

1923 980 2164 1035 favorem
2214 991 2323 1034 tam
2383 983 2728 1051 splendidum
2763 984 3055 1052 protulisse
3100 982 3500 1038 fulcimentum.

1920 1070 2033 1125 Nec
2066 1072 2198 1125 illud
2227 1072 2475 1128 exhibuit
2517 1074 2636 1128 sine
2666 1073 2933 1128 conviciis
2985 1074 3041 1127 in
3068 1073 3370 1130 Ecclesiam
3395 1074 3503 1129 sibi

1922 1164 2177 1218 invisam.
2268 1180 2271 1181 '
3326 1162 3341 1170 ’

1992 1256 2301 1310 Adnotator
2356 1256 2727 1327 Epistolarum
2775 1255 3177 1310 authenticitati
3243 1272 3352 1310 non
3400 1269 3502 1310 no-

1922 1360 2025 1406 cet.
2081 1352 2321 1417 Quilibct
2369 1352 2540 1404 lector
2579 1351 2856 1403 aestimare
2909 1350 3086 1419 potuit
3115 1349 3356 1403 valorem
3404 1349 3507 1404 ob-

1917 1446 2277 1515 jectationum
2317 1444 2488 1504 illius.
2522 1459 2585 1497 ac
2616 1450 2902 1513 penetrare
2958 1443 3198 1496 animum
3248 1442 3505 1498 hostilem

1923 1556 2033 1609 quo
2080 1539 2443 1592 monebatur:
2503 1536 2627 1591 Non
2675 1539 2811 1590 enim
2867 1553 2956 1590 cor
3011 1538 3123 1604 ejus
3166 1544 3282 1590 erat
3306 1546 3505 1590 rectum

1923 1648 2103 1685 coram
2156 1630 2378 1684 Domino
2432 1629 2501 1695 “,
2560 1646 2685 1684 cum
2715 1638 2861 1685 esset
2903 1645 3118 1684 vesanae
3148 1629 3509 1700 philosophiae

1849 1762 1898 1823 Β
1926 1724 2045 1777 labe
2076 1723 2356 1778 infectum.
2384 1740 2387 1743 '

1996 1815 2237 1870 Tandem
2270 1814 2601 1869 inventionis
2656 1822 2794 1869 aetas
2832 1813 2925 1868 vix
2975 1827 3227 1880 campum
3273 1813 3505 1868 liberum

1889 1908 2267 1979 .rclinquebat
2301 1923 2441 1961 verae
2473 1907 2769 1962 eruditioni
2798 1925 2809 1960 :
2842 1905 3008 1974 hujus
3029 1906 3171 1959 enim
3200 1906 3375 1959 aetatis
3394 1905 3511 1975 phi-

1922 2001 2168 2071 losophia
2200 2000 2441 2069 undique
2477 2000 2666 2055 sannis
2702 2014 2765 2054 ac
2794 1997 3041 2052 dicteriis
3070 1997 3328 2051 veritates
3345 1996 3508 2049 etiam

1923 2093 2302 2162 apertissimas
2364 2092 2625 2146 audacter
2687 2090 3140 2162 persequebatur.
3196 2085 3324 2141 Ideo
3382 2103 3510 2139 con-

1921 2200 2127 2238 versum
2156 2195 2233 2237 est
2263 2194 2554 2237 retrorsum
2576 2184 2863 2252 judicium,
2894 2194 2942 2235 et
2964 2181 3184 2250 justitia
3216 2179 3366 2249 longe
3402 2186 3511 2232 ste-

1926 2278 1986 2330 tit
2008 2286 2057 2330 et
2088 2279 2286 2330 corruit
2314 2278 2367 2330 in
2409 2278 2588 2345 platea
2619 2278 2812 2331 veritas
2860 2284 2909 2329 et
2957 2275 3179 2343 wquitas
3209 2289 3313 2327 non
3340 2272 3509 2342 potuit

1924 2370 2126 2437 ingredi
2156 2371 2223 2427 ".

2000 2460 2171 2517 llodie
2200 2479 2329 2517 vero
2370 2462 2613 2519 Ecclesia
2667 2470 2842 2518 mater
2886 2463 3064 2532 longis
3093 2460 3307 2531 expleta
3353 2456 3512 2512 fasti-

1923 2547 2467 2626 diis‘contemptores
2520 2571 2650 2609 suos
2684 2557 3036 2624 "contemptui
3079 2554 3309 2608 traditos
3341 2551 3509 2604 intue-

1927 2661 2035 2707 tur.
2070 2650 2181 2718 Ipsi
2205 2652 2319 2721 jam
2352 2650 2629 2703 comedunt
2667 2647 2870 2717 {ructus
2901 2650 2995 2701 via:
3032 2664 3142 2700 suae
3166 2659 3213 2701 et
3246 2644 3357 2698 suis
3388 2656 3515 2695 con-

1926 2744 2065 2799 siliis
2117 2752 2433 2795 saturantur
2457 2741 2522 2795 “.
2588 2741 2642 2794 Si
2692 2740 2939 2809 quanlam
2990 2740 3169 2793 adhuc
3229 2742 3515 2792 remanent

1926 2834 2121 2904 prisca:
2144 2834 2352 2888 fraudis
2377 2840 2698 2892 sectatores,
2732 2833 2879 2883 ultra
2922 2846 3025 2882 non
3074 2828 3350 2898 proﬁcient
3384 2841 3402 2880 :
3430 2826 3517 2880 in-

1930 2928 2177 2999 sipientia
2201 2929 2338 2982 enim
2354 2942 2549 2981 eorum
2583 2923 2881 2991 manifesta
2896 2923 2996 2975 erit
3018 2921 3095 2975 "*7.

2004 3022 2071 3075 Et
2100 3038 2268 3079 nunc.
2306 3020 2491 3075 divine
2546 3017 2819 3077 Clemens,
2853 3028 3108 3082 exsurge,
3160 3018 3212 3065 et
3240 3011 3398 3081 quasi
3445 3008 3516 3064 de

310 3129 429 3185 Nec
462 3132 672 3201 negabo
696 3132 801 3183 tria
855 3131 1224 3193 concurrisse,
1271 3146 1380 3184 non
1424 3138 1483 3184 ut
1504 3128 1822 3200 pessumda~

1935 3116 2177 3171 tenebris
2203 3129 2449 3182 erumpe.
2487 3109 2655 3166 Sonet
2684 3118 2883 3164 iterum
2913 3123 3017 3162 vox
3051 3117 3144 3162 tua
3184 3105 3364 3161 dulcis
3392 3119 3517 3173 qua:

233 3233 422 3286 retur,
455 3225 549 3279 sed
582 3230 641 3276 ut
678 3223 987 3277 differretur
1036 3222 1243 3293 agnitio
1273 3222 1708 3277 anthenticitatis
1732 3236 1829 3274 no-

234 3329 491 3372 strarum
521 3316 887 3386 Epistolarum
916 3334 929 3369 :
963 3315 1141 3385 primo
1170 3317 1531 3380 inventorem,
1579 3314 1824 3370 secundo

235 3411 650 3476 adnotatorem,
686 3410 850 3465 tertio
879 3410 1211 3465 inventioiiis
1240 3418 1478 3464 aetatem.

315 3503 688 3566 lnventorem,
716 3503 808 3573 qui
831 3502 973 3572 apud
995 3519 1126 3557 suos
1144 3503 1307 3557 etiam
1340 3509 1610 3572 suspecta:
1639 3501 1835 3555 admo-

237 3596 381 3648 dum
430 3593 555 3647 fidei
591 3604 745 3663 erat;
780 3594 1177 3669 adnotatorem,
1212 3596 1305 3664 qui
1344 3610 1540 3649 nomen
1591 3594 1827 3648 habebat

240 3688 395 3741 inter
422 3687 601 3741 ultimi
631 3689 814 3743 saeculi
845 3688 1202 3759 philosophos
1232 3694 1283 3742 et
1324 3687 1377 3740 in
1402 3685 1681 3741 academia
1716 3684 1826 3737 Ro-

242 3780 603 3850 thumagensi
656 3788 716 3833 ut
771 3780 1053 3835 oraculum
1103 3780 1449 3834 audiebatur.
1493 3777 1828 3833 lnventionis

238 3879 488 3937 aetatem,
506 3884 671 3941 quam
694 3887 886 3927 vocare
902 3888 1187 3943 possemus
1219 3872 1620 3927 incredulitatis
1637 3887 1823 3926 aaram.

241 3966 378 4020 Haec
422 3981 572 4019 nunc
614 3966 897 4036 prodesse,
946 3982 1058 4021 non
1122 3980 1325 4021 nocere
1374 3965 1575 4021 debent
1621 3963 1829 4036 judicio

241 4056 618 4112 eruditorum.
1074 4063 1078 4067 ’

1936 3212 2130 3280 prima'
2147 3208 2477 3279 virginitatis
2502 3206 2614 3259 lilia
2650 3203 3003 3257 immaculato
3033 3209 3086 3255 et
3112 3201 3316 3253 intacto
3332 3197 3514 3266 splen-

1936 3307 2069 3359 dore
2102 3290 2233 3358 olim
2260 3304 2530 3357 adornare
2574 3300 2862 3372 gestiebat.
2896 3297 2974 3352 Te
3008 3295 3272 3367 perﬂante
3294 3292 3515 3345 hortum

1935 3394 2215 3461 Ecclesia},
2249 3394 2420 3447 ﬂuant
2470 3399 2713 3448 aromata
2773 3391 2950 3452 illius;
2993 3386 3118 3441 novi
3171 3397 3387 3453 semper
3416 3396 3515 3451 ap-

1936 3494 2164 3557 pareant
2189 3485 2352 3540 llorcs
2384 3484 2439 3539 in
2468 3491 2614 3538 terra
2646 3489 2857 3535 nostra.
2915 3477 3027 3533 llos
3077 3476 3239 3530 flores
3269 3480 3512 3544 protege,

1934 3595 2214 3650 nunquam
2244 3579 2532 3652 deficiant;
2588 3586 2870 3644 nunquam
2925 3574 3288 3625 marcescant.
3349 3564 3519 3620 Sacer

1934 3672 2202 3745 pontifex,
2251 3673 2406 3741 virgo
2453 3666 2734 3729 sacerdos,
2786 3664 3028 3719 cmlestis
3083 3675 3208 3715 rore
3252 3657 3517 3713 doctrinae

1934 3781 2098 3837 pasce
2128 3763 2394 3837 clericos;
2424 3775 2585 3831 pasce
2616 3757 3001 3828 presbyteros;
3035 3766 3199 3822 pasce
3230 3747 3512 3820 praesules;

1936 3844 2102 3931 pasce
2131 3835 2396 3914 candidas
2428 3859 2661 3925 Sponsas
2690 3849 2918 3912 Christi,
2976 3846 3062 3901 cui
3094 3860 3220 3899 cum
3270 3842 3430 3895 Patre
3458 3845 3515 3893 et

1938 3956 2146 4025 Spiritu
2178 3960 2371 4009 sancto
2400 3951 2472 4007 sit
2506 3948 2681 4004 honor
2727 3953 2781 4002 et
2827 3941 3000 4014 gloria
3029 3939 3084 3993 in
3117 3935 3317 3994 saecula
3341 3946 3514 3990 saecu-

1936 4051 2133 4104 lorum.
2160 4042 2355 4102 Amen.

321 4391 368 4424 ⁸³
408 4392 584 4463 Epist.
614 4390 646 4447 8
673 4389 829 4463 Jun.,
869 4394 1025 4452 1535.
1101 4394 1147 4428 ⁸⁸
1185 4393 1332 4453 Psal.
1363 4411 1587 4463 Lxxvu,
1626 4396 1716 4451 57.
1793 4396 1822 4428 ⁶¹

1938 4411 1987 4453 a.
2022 4411 2143 4461 ιιι,
2177 4392 2240 4447 Η
2343 4390 2390 4422 ⁸ο
2427 4388 2590 4443 Prov.
2620 4401 2668 4450 ι,
2698 4382 2785 4438 51.
2864 4379 2907 4409 ⁸⁷
2945 4374 2990 4431 ιι
3022 4373 3165 4430 Tim.
3198 4387 3263 4427 in
3286 4410 3303 4436 ,
3333 4369 3391 4427 9.
