3896 6174
350 374 445 427 ιῦιῖ

1212 367 1271 422 S.
1312 359 1704 421 CLEMENTIS
1740 358 1761 414 l
1798 356 1967 415 ROM.
2009 353 2213 411 PONT.
2252 350 2480 409 OPERA
2523 347 2748 404 DUBIA.

3503 333 3599 389 4C»

1601 561 2183 655 EPISTOLA
2256 561 2337 648 l.

1416 760 1505 815 AD
1540 754 1859 815 JACOBUM
1893 752 2229 810 FRATREM
2268 747 2531 807 DOMINI.

356 915 587 993 Enarrat
617 910 889 993 Clemens,
920 926 952 980 q

954 924 1026 963 tta
1063 905 1272 961 ratione
1300 902 1491 957 Petrus
1529 896 1669 955 brevi
1706 899 1992 953 moriturus
2016 934 2029 960 ,
2066 884 2682 963 congreggtis_fr_atribus
2705 922 2720 947 ,
2759 891 2808 963 et
2847 879 3092 963 concione
3128 871 3608 963 ﬂammata:

617 946 1413 1055 "lay/7&7;
1431 946 1490 1026 2E
2012 946 2537 1055 regendavﬁcctésiw
2568 961 2869 1055 ρηξεςριμὶ
2874 946 3211 1055 21922ώὶὶὲ
3225 951 3602 1055 'zl’tff'egorem

425 1048 668 1119 ordinat,
701 1070 764 1107 ac
784 1050 1003 1122 jubetur
1030 1048 1271 1104 Clemens
1299 1052 1418 1111 post
1448 1051 1672 1096 mortem

1871 1015 2613 1105 epitomaenpradicationuin
2640 1015 2807 1094 ipsi-us
2837 1021 2907 1077 ad
2918 1015 2964 1076 ’.Ι
2976 1018 3196 1074 acobum
3225 1015 3455 1068 mittere.

420 1216 644 1289 (Eadem
675 1225 756 1271 est
778 1230 842 1268 ac
864 1226 1121 1289 sequens.
1148 1208 1253 1264 nisi
1279 1207 1425 1289 quod
1459 1206 1645 1262 multis
1676 1197 2186 1289 interpolationibus
2218 1194 2287 1250 ab
2316 1192 2526 1251 lsidoro
2548 1190 2864 1251 Mercatore,
2897 1198 2993 1239 seu
3024 1177 3206 1252 potius
3242 1173 3311 1229 ab
3333 1169 3443 1227 alio
3469 1181 3613 1240 quo-

354 1270 874 1355 imvultoiquam
916 1270 1163 1337 lsidorus
1206 1280 1514 1350 antiquiore
1544 1282 1761 1334 accreta
1798 1270 1930 1343 est.)

1414 1627 1823 1723 EADEM
1899 1617 2518 1716 EPISTOLA.

1220 1890 1412 1959 Ruﬁno
1445 1884 1676 1952 Torano,
1703 1880 2378 1956 Aquileiensi‘presbytero,
2410 1876 2692 1944 interprete
2720 1872 2784 1929 ⁸⁸.

430 2216 680 2273 Cum-ms
716 2212 922 2270 Jacono
955 2212 1069 2286 (28)
1102 2210 1259 2267 fratri
1292 2210 1510 2267 Domini
1538 2252 1555 2277 ,
1585 2220 1640 2265 et
1676 2192 2005 2281 EpiscopoA
2026 2208 2153 2264 sius
2180 2204 2437 2260 Romana
2463 2202 2617 2258 urbis
2643 2200 2811 2270 hujus
2853 2199 3134 2264 notitiam,
3174 2204 3235 2252 ut
3272 2196 3435 2252 etiam
3480 2198 3606 2268 ipsa

356 2312 767 2383 episcoporum,
800 2308 1005 2379 regenti
1039 2305 1410 2363 .Hebraorum
1458 2314 1709 2361 sanctam
1746 2303 1939 2359 Eccle-

358 2406 498 2461 siam
546 2402 981 2475 Hierosolymis,
1012 2401 1106 2457 sed
1148 2408 1205 2457 et
1246 2414 1440 2456 omnes
1482 2398 1780 2459 Ecclesias.
1814 2410 1940 2467 qua

359 2500 562 2571 ubique
591 2498 685 2556 Dei
721 2496 1062 2569 providentia
1092 2495 1332 2551 fundata
1365 2504 1516 2562 sunt,
1552 2510 1678 2550 cum
1713 2493 1939 2565 presby-

358 2596 491 2651 teris
526 2602 582 2649 et
618 2593 965 2657 diaconihus,
1007 2602 1064 2648 et
1094 2592 1315 2647 cateris
1358 2590 1622 2646 omnibus
1651 2588 1937 2644 fratribus.

356 2683 472 2739 Pax
501 2684 599 2739 tibi
622 2684 694 2740 sit
722 2697 957 2754 semper.

434 2837 632 2891 Notum
653 2838 699 2872 δ’
757 2835 856 2891 tibi
902 2834 1081 2900 facio,
1124 2833 1378 2900 domine,
1416 2834 1546 2906 quia
1601 2831 1788 2888 Simon
1833 2830 1974 2890 Pe-.’

364 2936 487 2983 trus
516 2927 653 2999 (29),
679 2928 775 2997 qui
804 2942 946 2982 vera
971 2925 1095 2980 fidei
1132 2926 1327 2980 merito
1346 2964 1362 2990 ,
1400 2931 1455 2980 et
1485 2925 1709 2995 integra
1740 2924 1940 2995 pradi-

364 3021 601 3075 cationis
632 3020 888 3086 obtentu,
926 3017 1337 3072 fundamentum
1372 3032 1497 3073 esse
1526 3015 1783 3071 Ecclesia
1806 3016 1941 3070 deti-

368 3114 520 3167 nitus
557 3121 643 3167 est
664 3151 677 3174 ,
726 3126 835 3181 qua
866 3110 934 3166 de
962 3125 1131 3165 causa
1169 3110 1335 3165 etiam
1386 3108 1601 3165 Domini
1629 3124 1725 3164 ore
1752 3108 1940 3163 divino

365 3206 786 3278 cognominatus
811 3213 896 3261 est
917 3204 1114 3260 Petrus
1133 3244 1148 3270 ,
1178 3204 1273 3275 qui
1305 3204 1408 3259 fuit
1433 3204 1685 3274 primitia
1715 3203 1941 3259 electio-

368 3296 456 3351 nis
482 3294 719 3359 Domini,
746 3296 1120 3366 apostolorum
1150 3294 1382 3363 primus,
1400 3294 1489 3348 cui
1517 3300 1573 3349 et
1602 3294 1779 3365 primo
1797 3291 1940 3349 Deus

368 3388 527 3443 Pater
560 3386 757 3441 Filium
793 3388 1088 3451 revelavit,
1129 3386 1219 3442 cui
1250 3393 1304 3442 et
1332 3385 1589 3441 Christus
1627 3392 1943 3457 competen-

364 3491 454 3538 ter
476 3482 869 3539 beatitudinem
900 3480 1155 3544 contulit,
1183 3480 1278 3550 qui
1307 3488 1361 3535 et
1388 3486 1615 3534 vocatus
1644 3486 1729 3535 est
1756 3486 1811 3534 et
1831 3479 1943 3534 ele-

2036 2300 2366 2361 salvaretur,
2386 2294 2634 2361 invexit;
2667 2293 2756 2347 hic
2776 2332 2793 2356 ,
2834 2292 3091 2362 inquam,
3125 2304 3225 2360 pro
3262 2289 3464 2359 pietate
3496 2288 3614 2359 pati

2032 2393 2225 2447 volens
2260 2395 2585 2461 prasentem
2621 2385 2792 2438 vitam
2831 2382 3006 2437 ﬁnivit
3034 2382 3103 2435 '°..
3136 2381 3198 2435 In
3229 2380 3367 2451 ipsis
3420 2390 3611 2434 autem

2035 2484 2252 2547 diebus,
2276 2480 2479 2553 quibus
2503 2480 2629 2532 vita
2658 2476 2820 2530 finem
2856 2473 2961 2528 sibi
2993 2473 3280 2528 imminere
3306 2471 3618 2543 praesensit,

2037 2578 2094 2632 in
2138 2581 2413 2630 conventu
2458 2570 2689 2625 fratrum
2741 2566 2997 2638 positus,
3056 2564 3397 2633 apprehensa
3446 2575 3621 2615 mann

2036 2679 2181 2729 mea,
2206 2669 2432 2733 repente
2463 2672 2808 2728 consurgens
2828 2695 2845 2720 ,
2875 2656 2931 2710 in
2952 2655 3188 2710 auribus
3219 2654 3387 2709 totius
3424 2651 3624 2709 Eccle-

2039 2755 2136 2812 sia
2176 2754 2294 2808 hac
2334 2750 2563 2822 protulit
2613 2748 2778 2803 verba
2814 2764 2828 2802 :
2874 2764 2894 2798 σ
2938 2743 3139 2799 Audite
3187 2758 3275 2798 me
3316 2740 3514 2797 fratres
3560 2750 3625 2797 et

2035 2844 2292 2902 conservi
2323 2842 2429 2897 mei
2457 2861 2471 2897 :
2502 2840 2785 2911 quoniam,
2812 2845 2875 2893 ut
2910 2838 3140 2893 edoctus
3170 2851 3292 2892 sum
3324 2836 3394 2890 ab
3426 2850 3493 2889 eo
3521 2835 3623 2904 qui

2039 2938 2193 2993 misit
2224 2952 2341 3003 me,
2374 2934 2608 2989 Domino
2636 2941 2691 2989 et
2720 2933 2986 3002 magistro
3031 2945 3151 2984 meo
3190 2927 3320 2984 Jesu
3362 2927 3624 2991 Christo,

2038 3029 2158 3084 dies
2187 3027 2382 3083 mortis
2402 3042 2535 3082 mea
2556 3027 2745 3089 instat,
2766 3025 3101 3079 Clementem
3137 3022 3281 3075 hunc
3300 3020 3623 3089 episcopum

2040 3120 2197 3175 vobis
2223 3119 2440 3185 ordino,
2471 3118 2560 3173 cui
2593 3117 2693 3172 soli
2726 3131 2859 3170 mea
2892 3114 3295 3184 pradicationis
3325 3120 3381 3165 et
3409 3112 3625 3166 doctri—

2041 3228 2124 3267 na
2188 3210 2502 3268 cathedram
2563 3210 2722 3264 trado
2746 3210 2791 3240 “
2822 3227 2841 3263 :
2875 3209 2967 3277 qui
2993 3207 3124 3261 mihi
3155 3208 3224 3260 ab
3254 3204 3412 3259 initio
3442 3219 3627 3273 usque

2042 3305 2099 3361 in
2131 3304 2292 3360 ﬁnem
2323 3319 2511 3359 comes
2535 3303 2591 3358 in
2630 3302 2886 3357 omnibus
2914 3299 3041 3362 fuit,
3066 3306 3123 3353 et
3149 3314 3247 3369 per
3269 3297 3375 3352 hoc
3416 3297 3628 3351 verita-

2041 3404 2150 3451 tem
2194 3396 2363 3451 totius
2394 3411 2526 3450 mea
2556 3392 2964 3465 praedicationis
2988 3390 3209 3461 agnovit
3243 3409 3256 3442 :
3292 3388 3383 3459 qui
3422 3388 3479 3441 in
3501 3402 3629 3441 om-

2043 3488 2210 3544 nibus
2242 3486 2647 3543 tentationibus
2689 3485 2827 3540 meis
2870 3482 3057 3537 socius
3100 3480 3346 3545 exstitit,
3388 3477 3629 3533 ﬁdeliter

366 3581 511 3639 ctus,
544 3580 599 3629 et
625 3573 855 3627 conviva
884 3571 1099 3627 Domini
1128 3580 1183 3627 et
1209 3587 1396 3627 comes
1413 3570 1660 3635 effectus,
1681 3580 1938 3641 tanquam
1971 3573 2012 3627 Β
2048 3594 2408 3649 perseverans
2436 3592 2633 3648 :quem
2662 3590 2773 3647 pra
2788 3574 2999 3629 catcris
3019 3579 3278 3641 expertus
3307 3585 3428 3625 sum
3448 3568 3627 3623 Deum

366 3664 545 3719 bonus
585 3670 639 3718 et
682 3662 1107 3733 probatissimus
1154 3661 1484 3732 discipulus,
1519 3662 1613 3733 qui
1658 3662 1943 3717 obscurio-

366 3770 485 3811 rem
510 3754 700 3810 mundi
731 3754 944 3825 plagam
969 3752 1284 3809 Occidentis
1330 3751 1514 3823 (velut
1555 3754 1797 3807 omnium
1842 3768 1942 3823 po-

368 3844 595 3917 tentior)
627 3845 937 3899 illuminare
965 3853 1268 3915 praceptus
1297 3853 1403 3914 est,
1432 3846 1636 3916 quique
1664 3852 1717 3900 et
1735 3845 1942 3916 integre

367 3937 548 4009 potuit
590 3937 817 4007 implere
858 3942 1208 4007 praceptum.
1259 3934 1371 3991 Sed
1412 3950 1698 4007 quousque
1734 3950 1944 3991 sermo-

369 4046 497 4087 nem
526 4028 791 4102 protraho
815 4068 831 4093 ,
870 4027 1155 4099 refugiens
1196 4028 1441 4083 indicare
1466 4027 1610 4097 quod
1637 4027 1795 4082 triste
1821 4033 1939 4090 est,

369 4124 517 4196 quod
539 4122 760 4193 quidem
793 4136 1019 4177 necesse
1045 4130 1149 4187 est,
1182 4122 1308 4177 licet
1336 4122 1509 4185 tarde,
1541 4121 1822 4191 proferre?
1846 4121 1942 4176 llic

371 4220 610 4290 denique
648 4219 764 4290 ipse
789 4216 986 4274 Petrus
1007 4259 1022 4283 ,
1061 4220 1154 4289 qui
1199 4234 1300 4289 pro
1330 4218 1597 4276 immensa
1633 4220 1902 4274 charitate
1925 4260 1941 4285 ,

371 4329 536 4383 quam
580 4329 711 4382 erga
759 4328 952 4367 omnes
999 4313 1251 4367 homines
1286 4314 1545 4383 gerebat,
1595 4314 1773 4384 palam
1818 4329 1943 4368 cum

372 4406 523 4461 omni
584 4405 788 4460 ﬁducia
846 4405 1210 4473 (adversante
1262 4407 1424 4459 etiam
1493 4413 1728 4477 tyranno
1778 4409 1947 4461 totius

374 4496 585 4567 mundi)
612 4498 815 4552 bonum
839 4497 1136 4567 pradicarc
1160 4512 1268 4550 non
1295 4496 1526 4560 destitit,
1547 4506 1602 4553 et
1624 4514 1802 4569 regem
1834 4514 1945 4552 om-

375 4589 524 4643 nium
556 4589 880 4645 saculorum
896 4603 998 4659 per
1025 4588 1211 4644 orbem
1247 4598 1408 4645 terra
1427 4630 1442 4654 ,
1486 4596 1539 4645 et
1563 4604 1737 4659 usque
1764 4589 1831 4644 ad
1863 4590 1948 4658 ip-

2048 3671 2352 3733 colentem,
2394 3669 2644 3724 homines
2686 3668 3037 3737 diligentem,
3080 3671 3329 3727 castum,
3373 3660 3629 3717 discendi

2049 3761 2249 3817 studiis
2276 3760 2542 3823 deditum,
2580 3758 2851 3821 sobrium,
2886 3757 3182 3827 benignum
3203 3794 3220 3819 ,
3247 3753 3454 3823 justum
3474 3791 3490 3816 ,
3524 3765 3629 3820 pa—

2047 3854 2275 3907 tientem
2298 3892 2313 3917 ,
2342 3860 2395 3907 et
2423 3852 2685 3907 scientem
2719 3849 2861 3905 ferre
2900 3846 3289 3902 nonnullorum
3327 3843 3513 3914 (etiam
3552 3857 3627 3897 ex

2052 3948 2139 4002 his
2188 3947 2282 4016 qui
2343 3946 2399 4001 in
2438 3946 2606 4001 verbo
2652 3943 2748 3999 Dei
2799 3940 3183 4010 instituuntur)
3223 3938 3480 4008 injurias.

2122 4035 2355 4112 PrOpter
2388 4040 2536 4110 quod
2570 4034 2675 4104 ipsi
2694 4034 2848 4088 trado
2882 4048 2911 4086 a
2953 4030 3181 4086 Domino
3205 4029 3339 4084 mihi
3365 4028 3624 4084 traditam

2049 4137 2372 4200 potestatem
2406 4127 2608 4199 ligandi
2631 4133 2686 4180 et
2716 4126 2958 4182 solvendi
2983 4142 2997 4191 ;
3033 4132 3092 4178 ut
3112 4123 3180 4178 de
3209 4122 3466 4178 omnibus
3497 4121 3626 4191 qui-

2050 4222 2375 4291 buscunque
2400 4220 2705 4276 decreverit
2730 4219 2783 4273 in
2814 4218 2995 4279 terris,
3025 4216 3129 4271 hoc
3152 4215 3434 4270 decretum
3462 4212 3536 4270 sit
3565 4221 3626 4268 et

2053 4315 2106 4368 in
2136 4313 2313 4370 caelis.
2338 4312 2550 4383 Ligabit
2593 4310 2738 4366 enim
2768 4309 2913 4380 quod
2943 4313 3158 4377 oportet
3188 4305 3342 4375 ligari
3364 4345 3381 4367 ,
3427 4311 3484 4358 et
3510 4304 3627 4359 sol—

2050 4414 2143 4461 vet
2174 4406 2323 4476 quod
2356 4405 2573 4475 expedit
2597 4403 2772 4469 solvi,
2800 4411 3060 4470 tanquam
3104 4399 3200 4469 qui
3240 4396 3307 4451 ad
3352 4395 3627 4466 liquidum

2048 4499 2306 4555 Ecclesia
2352 4498 2595 4568 regulam
2643 4495 2859 4550 noverit
2888 4494 2953 4548 5'.
2996 4491 3181 4561 Ipsum
3224 4502 3354 4560 ergo
3395 4487 3580 4542 audite
3606 4526 3624 4549 ,

2051 4593 2294 4649 scientes
2340 4592 2469 4662 quia
2517 4590 2833 4662 quicunque
2879 4581 3295 4640 contristaverit
3340 4579 3627 4636 doctorem

452 4790 500 4861 θ’
535 4790 853 4861 νίἀβίρῃρῐ.
883 4791 938 4845 in
972 4789 1195 4861 Recogn.
1229 4787 1304 4861 ad
1329 4786 1714 4861 Gaudentium,
1744 4784 1836 4861 ubi
1870 4785 2113 4861 a_it__hanc
2145 4798 2181 4861 a_
2217 4798 2275 4838 se
2307 4782 2435 4861 olim
2481 4781 2884 4861 interpretatam
2915 4775 3329 4861 atqueme’ditam.
3403 4768 3622 4861 aliide

382 4859 523 4930 infra
552 4840 1713 4930 (till)r-lt3pitonte_n—historia;Clerntentime;
1735 4855 1850 4930 si_ve
1891 4854 2117 4930 bierunt
2148 4857 2212 4930 de
2255 4854 2413 4930 gestis
2443 4840 2812 4930 Αἱρησιξξιξςινὲ,
2843 4840 3175 4930 πψτη)ξῆᾇᾶ
3201 4858 3362 4930 opera
3392 4840 3620 4930 Adriani

383 4910 621 4984 ‘r’nihéiii
644 4910 1690 4992 Craeeeditum,et'Latinereddituni
1715 4940 1744 4979 a
1766 4923 2053 4979 loac’bimo
2080 4910 2336 4978 Perionio
2356 4920 2427 4976 0.
2453 4921 2514 4973 Β.
2589 4923 2637 4954 ⁸ο
2661 4922 2817 4975 (.‘esta
2844 4919 2959 4973 sive
2988 4910 3371 4992 Epitome'cit.,
3407 4910 3623 4992 μυιᾲὶἓέ

382 5001 513 5054 edit.
560 5000 904 5054 Coloniensis
952 5014 1084 5054 anu.
1138 4997 1297 5054 i569.
1408 4996 1452 5029 "
1503 4994 1688 5051 Const.
1730 5009 1828 5061 vu,
1876 4993 1981 5049 ιϐ(

390 5070 671 5124 Alexandri
701 5085 851 5139 papa
870 5068 921 5124 ’1.

2080 4994 2126 5025 ⁸³
2156 4993 2214 5048 Η
2268 5000 2461 5063 quast.
2493 4992 2547 5057 5,
2574 4992 2884 5059 Quicunque
2919 4981 3162 5041 cont'rist.
3200 4982 3264 5038 Et
3304 4984 3359 5037 in
3397 4981 3556 5050 epist.
3593 4982 3619 5032 1

442 5216 555 5286 (28)
586 5214 721 5286 (lum
752 5213 868 5267 hac
890 5210 1117 5281 epistola
1152 5210 1351 5286 scripta
1374 5208 1465 5270 sit,
1491 5214 1554 5286 Iul
1587 5205 1641 5286 in
1665 5204 1852 5286 ironte
1889 5210 1942 5257 et
1970 5209 2012 5265 ο
2046 5200 2297 5286 repserit.
2324 5198 2401 5286 lita
2427 5195 2760 5286 Possevian‘us
2783 5194 3140 5286 inapparatu
3170 5208 3348 5256 sacro,
3375 5190 3430 5245 in
3454 5188 3628 5246 verbo

369 5273 550 5358 capite
577 5285 723 5339 illius
754 5273 976 5353 apparet
999 5320 1015 5343 ,
1037 5350 1060 5358 _
1066 5289 1196 5358 post
1223 5273 1467 5358 obitum.
1490 5275 1547 5330 S.
1574 5274 1751 5358 Petri.3
1778 5273 1943 5358 adeo-

371 5344 480 5439 que
510 5364 635 5439 post
671 5369 766 5436 Jun
791 5344 1012 5407 'annum
1037 5344 1301 5431 Neronis,
1346 5348 1411 5401 ad
1440 5345 1699 5426 Jacobum
1725 5344 1948 5439 frat‘Eem

371 5412 593 5484 Domini
637 5426 838 5493 scripta
878 5436 1008 5493 esse
1036 5421 1225 5489 nequit
1251 5437 1271 5493 :_
1298 5424 1484 5486 utpote
1518 5416 1634 5493 qui,
1665 5421 1801 5493 teste

373 5482 499 5552 ron.
525 5496 600 5549 De
630 5482 767 5548 viris.
786 5482 1376 5557 ittustribusfseptimo
1397 5482 1549 5540 anno
1562 5484 1794 5557 Neronis
1822 5482 1950 5557 Hie-

376 5565 668 5636 rosolymis
718 5564 934 5636 occisus
980 5552 1103 5636 est:
1152 5552 1296 5636 unde
1327 5564 1494 5636 patet,
1519 5556 1662 5636 quod
1692 5555 1806 5636 hac
1833 5552 1950 5636 epi-

381 5624 548 5691 stola'
587 5636 672 5687 vel
732 5650 843 5688 non
891 5634 963 5687 sit
1002 5629 1299 5686 Clementis
1316 5624 1345 5690 ,’
1394 5627 1476 5682 vel
1506 5624 1688 5694 potius
1734 5624 1802 5677 ad
1860 5624 1950 5677 Si-

381 5719 622 5767 monem,
675 5704 769 5772 qui
811 5704 975 5757 etiam
1000 5701 1167 5755 frater
1193 5698 1405 5772 Domini
1442 5694 1565 5772 fuit,
1606 5695 1807 5772 scripta
1854 5694 1947 5772 sit,

378 5781 438 5830 et
470 5774 526 5829 in
548 5764 767 5829 titulum
797 5772 1041 5848 epistola
1081 5769 1340 5827 mendose
1373 5780 1499 5840 vox,
1527 5764 1785 5822 Jacobttm
1807 5803 1822 5833 ,
1872 5765 1948 5820 ir-

2050 5264 2302 5327 Cisness
2332 5268 2610 5323 Romanus.
2636 5264 2762 5320 Sev.
2796 5264 2998 5320 BINIUS.

2125 5341 2237 5409 (29)
2278 5340 2585 5409 Sequentes
2630 5334 2909 5409 variantes
2950 5334 3241 5409 lectiones.
3296 5332 3628 5409 notulasqne

2053 5403 2417 5482 suppeditavit
2437 5405 2778 5482 'Harduinus,
2804 5406 3034 5482 qui__non
3056 5403 3476 5482 lias_Clementis
3513 5404 3630 5482 epi-

2053 5420 2417 5482 suppeditavit
2444 5420 2778 5467 ﬂarautnus,
2804 5420 2896 5474 qur
2927 5420 3034 5458 non
3056 5420 3153 5460 nas
3180 5420 3476 5459 uenientis
3513 5420 3544 5457 e
3588 5421 3626 5456 l-

2053 5483 2223 5538 stolas
2251 5489 2488 5540 tantum,
2513 5477 2608 5532 sed
2637 5477 2802 5530 etiam
2839 5475 3079 5544 reliquas
3108 5473 3423 5530 lsidoriana
3443 5420 3626 5544 cola:-

2051 5552 2251 5606 ctionis
2278 5549 2508 5606 contulit
2530 5561 2653 5602 cum
2687 5561 2789 5599 ms.
2820 5542 3169 5600 Bibliotheca
3192 5544 3403 5613 collegii
3442 5542 3625 5599 Paris.

2059 5619 2184 5677 Soc.
2216 5620 2377 5686 Jesu;
2423 5622 2476 5673 in
2509 5634 2618 5686 quo
2651 5616 2814 5686 hujus
2843 5615 3091 5686 epistola
3107 5616 3196 5686 hic
3233 5612 3427 5686 titulus
3456 5612 3629 5665 habe—

2058 5700 2149 5745 tur
2174 5711 2187 5746 :
2222 5683 2416 5756 Incipit
2441 5683 2681 5756 Epistola
2708 5683 2992 5756 Clementis
3024 5684 3093 5739 ad
3113 5684 3372 5744 Iacobum
3398 5683 3624 5753 fratrm

2056 5761 2269 5818 Domini
2276 5804 2311 5839 ._
2327 5754 2494 5819 Deest
2509 5766 2709 5824 autem,
2737 5754 2948 5827 Petrus,
2980 5764 3144 5814 recte.
