3896 6174
280 271 396 328 465

1464 279 1827 338 ΕΡιδτθιιΕ
1868 281 2343 343 DECRETALES.

3421 292 3531 350 466
3543 317 3552 329 τ

277 386 560 453 veritatis,
590 397 789 460 peccat
827 390 883 445 in
914 389 1195 447 Christum
1214 433 1232 461 ,
1279 400 1340 449 et.
1368 392 1589 451 Patrem
1619 397 1860 452 omnium
1890 401 1937 458 Α
1965 404 2021 453 et
2051 416 2269 457 summo
2289 401 2472 458 studio
2503 403 2627 465 niti.
2659 410 2720 459 ut
2752 418 2946 461 omnes
2970 406 3095 463 vita
3117 406 3282 479 hujus
3305 424 3543 482 occupa-

274 479 582 533 exacerbat
624 480 829 545 Deum,
857 490 1082 554 propter
1110 483 1258 554 quod
1291 493 1347 539 et
1374 487 1484 542 vita
1513 488 1743 544 carebit.
1773 487 1860 558 Ip-

273 583 405 622 sum
437 577 621 624 autem
652 570 747 640 qui
776 579 975 642 praest
1003 574 1220 630 eateris
1243 614 1258 638 ,
1300 583 1516 645 oportet
1554 577 1753 633 medici
1781 578 1862 632 vi-

270 674 400 715 cem
432 677 620 732 agere,
651 672 705 716 et
733 678 841 717 non
871 663 998 719 fera
1034 665 1221 721 bestia
1244 665 1430 722 furore
1450 670 1807 725 commoveri.
1835 688 1856 722 ι

275 751 406 809 Hac
434 771 502 811 eo
526 755 766 822 dicente,
797 773 896 829 ego
920 760 1215 829 procidens
1241 762 1308 816 ad
1332 762 1498 833 pedes
1529 762 1671 833 ejus,
1702 779 1861 837 roga-

270 847 427 911 bam,
459 863 736 904 excusans
787 867 873 905 me
894 890 909 915 ,
958 859 1012 907 et
1061 852 1347 910 declinans
1376 856 1642 911 honorem
1672 860 1860 913 cathe-

268 940 410 1003 dra,
444 940 530 995 vel
567 949 915 1010 potestatem.
946 942 1015 1003 At
1043 944 1135 999 ille
1174 947 1516 1016 respondens
1549 968 1562 1003 :
1596 947 1704 1003 Pro
1732 949 1857 1018 hoc,

269 1030 460 1101 inquit
482 1072 498 1094 ,
532 1048 601 1087 ne
631 1048 716 1087 me
757 1034 1061 1105 rogaveris.
1108 1034 1223 1091 Hoc
1258 1038 1405 1092 enim
1437 1040 1555 1094 ﬁeri
1591 1050 1857 1098 statutum

268 1130 360 1177 est
384 1122 542 1187 mihi,
577 1130 632 1176 et
655 1139 720 1179 eo
748 1125 947 1194 magis,
972 1127 1117 1196 quod
1150 1144 1387 1186 excusas
1412 1148 1430 1198 ;
1459 1132 1586 1203 quia
1621 1134 1735 1189 hac
1763 1152 1856 1191 ca—

264 1212 465 1269 thedra
497 1230 622 1269 eum
648 1215 739 1285 qui
769 1216 919 1286 cupit
945 1233 1087 1282 eam,
1126 1226 1181 1275 et
1210 1220 1467 1277 audacter
1491 1226 1718 1293 expetit,
1744 1242 1851 1281 non

264 1303 538 1373 requirit,
572 1304 673 1359 sed
699 1314 952 1360 ornatum
989 1308 1233 1366 moribus
1268 1319 1322 1365 et
1362 1311 1418 1367 in
1448 1314 1630 1369 verbis
1668 1314 1854 1369 erudi-

262 1402 408 1449 tum.
448 1394 604 1462 Quod
637 1397 684 1452 si
714 1406 859 1454 esset
882 1400 1024 1455 alius
1058 1402 1282 1468 melior,
1313 1404 1361 1460 si
1392 1406 1517 1475 quis
1551 1407 1681 1462 mihi
1713 1408 1854 1463 alius

261 1485 495 1555 adjutor
523 1498 635 1543 tam
676 1489 906 1546 sedulus
940 1493 1244 1558 astitisset,
1289 1496 1336 1550 si
1388 1497 1513 1567 quis
1546 1504 1657 1552 tam
1695 1499 1853 1569 plene

257 1576 535 1633 doctrina
563 1595 697 1635 mea
726 1583 992 1637 rationem
1022 1584 1284 1654 cepisset,
1314 1587 1409 1642 sed
1436 1595 1493 1643 et
1513 1589 1852 1645 ecclesiasti-

258 1683 364 1725 cas
412 1670 804 1739 dispositiones
847 1688 878 1727 a
917 1689 1004 1729 me
1044 1681 1156 1730 tam
1201 1676 1360 1746 plene
1396 1677 1716 1745 didicisset,
1752 1680 1850 1735 ba—

254 1755 403 1813 bens
427 1759 592 1814 alium
624 1763 809 1828 talem,
828 1779 938 1819 non
965 1772 1020 1820 te
1051 1780 1299 1837 cogerem
1326 1783 1465 1840 opus
1487 1771 1689 1826 bonum
1721 1788 1847 1829 sus-

257 1848 455 1920 cipere
493 1852 794 1910 nolentem.
834 1854 1183 1927 Superlluum
1221 1868 1307 1916 est
1335 1876 1466 1933 ergo
1505 1863 1671 1918 alium
1697 1880 1846 1935 qua-

252 1958 409 2011 tere,
440 1962 563 2002 cum
604 1950 881 2019 primitias
908 1966 1101 2007 eorum
1131 1953 1225 2025 qui
1256 1970 1324 2009 ex
1347 1957 1601 2026 gentibus
1632 1973 1731 2028 per
1758 1974 1846 2014 me

256 2036 575 2103 salvantur,
609 2048 664 2094 et
689 2042 963 2112 pracipue
991 2044 1159 2114 hujus
1183 2046 1359 2116 urbis,
1391 2056 1445 2103 te
1479 2049 1715 2120 primum
1742 2050 1846 2106 ob-

254 2129 484 2186 tulerim
515 2130 647 2187 Deo.
684 2131 793 2188 Sed
821 2142 877 2189 et
919 2136 1054 2191 illud
1084 2138 1326 2204 intuere,
1358 2140 1489 2212 quia
1533 2142 1579 2197 si
1631 2135 1846 2213 pericu-

252 2220 373 2274 lum
398 2221 612 2291 peccati
634 2223 835 2280 timens
854 2265 869 2292 ,
912 2227 1195 2299 suscipere
1231 2230 1438 2302 refugis
1466 2231 1723 2290 Ecclesia
1745 2252 1845 2307 gu-

252 2310 596 2383 bernacula;
641 2322 829 2372 certus
851 2325 1009 2383 esto,
1040 2321 1167 2390 quia
1199 2323 1436 2392 amplius
1468 2339 1667 2395 peccas
1687 2368 1702 2393 ,
1750 2329 1844 2398 qui

254 2402 527 2472 populum
555 2402 650 2460 Dei
684 2406 833 2462 velut
870 2408 926 2463 in
961 2408 1223 2467 ﬂuctibus
1248 2414 1490 2483 positum
1527 2424 1585 2470 et
1622 2417 1845 2487 pericli-

253 2501 510 2563 tantem,
558 2512 685 2552 cum
718 2500 915 2570 juvare
943 2503 1162 2574 possis,
1193 2507 1566 2581 subterfugis;
1608 2512 1689 2566 tui
1723 2517 1846 2567 tan-

254 2586 551 2643 tummodo
579 2588 791 2646 habens
821 2595 1354 2666 considerationem,
1386 2608 1443 2655 et
1470 2617 1579 2658 non
1610 2603 1758 2675 quod
1788 2606 1843 2661 in

254 2692 558 2735 commune
580 2684 838 2740 omnibus
869 2687 1123 2757 expedit,
1167 2691 1486 2760 providens.
1517 2695 1628 2752 Sed
1658 2707 1844 2756 certus

252 2779 403 2836 esto,
446 2774 593 2842 quod
643 2791 876 2834 necesse
902 2788 989 2834 est
1018 2788 1071 2835 te
1109 2784 1389 2855 suscipere
1418 2802 1581 2844 omne
1620 2793 1843 2861 pericu-

254 2863 373 2916 lum
398 2903 414 2925 .
445 2865 575 2935 quia
614 2883 720 2923 nec
763 2884 864 2942 ego
911 2887 1012 2943 pro
1054 2875 1231 2932 salute
1271 2880 1517 2937 omnium
1559 2884 1639 2940 ab.
1680 2886 1845 2942 obse-

252 2954 466 3011 crando
495 2959 749 3015 cessabo.
786 2960 1003 3028 Quanto
1037 2982 1169 3039 ergo
1199 2969 1337 3025 mihi
1365 2972 1530 3030 citius
1555 2978 1844 3047 acquieve-

1965 492 2147 547 tiones
2178 493 2450 564 abjieias;
2476 512 2546 553 ne
2570 496 2864 567 ﬁdejussor
2884 499 3117 561 existas,
3146 517 3216 557 ne
3243 500 3544 559 advocatus

1965 584 2140 640 litium
2168 586 2290 651 tias,
2313 604 2454 644 neve
2477 589 2530 644 id
2560 590 2673 645 ulla
2697 590 2883 661 aliqua
2922 593 3281 663 occupatione
3311 610 3544 665 prorsus

1962 676 2260 734 inveniaris
2305 681 2601 737 mundialis
2648 683 2859 753 negotii
2898 685 3191 739 occasione
3229 686 3540 756 perplexus.

1960 764 2149 837 Neque
2176 768 2321 823 enim
2339 769 2582 840 judicem
2607 779 2701 826 aut
2728 773 3068 844 cognitorem
3090 774 3433 829 sacularium
3453 790 3545 830 ne-

1960 860 2236 929 gotiorum
2269 861 2430 917 hodie
2465 870 2517 918 te
2546 863 2805 919 ordinare
2828 865 2945 918 vult
2975 864 3230 919 Christus
3258 864 3326 932 ⁸⁸,
3361 864 3441 919 uti
3472 881 3547 920 ne

1960 949 2288 1018 prafocatus
2316 953 2683 1022 prasentibus
2706 953 2988 1009 hominum
3015 954 3188 1022 curis,
3218 969 3327 1009 non
3359 956 3541 1026 possis

1958 1041 2128 1096 verbo
2167 1039 2262 1097 Dei
2304 1058 2533 1108 vacare,
2576 1051 2631 1098 et
2662 1044 2967 1099 secundum
3002 1044 3251 1100 veritatis
3293 1045 3541 1115 regulam

1957 1145 2252 1186 secernere
2292 1132 2466 1187 bonos
2494 1148 2525 1187 a
2554 1134 2735 1190 malis.
2782 1133 2890 1189 lsta
2927 1150 3165 1206 namque
3192 1151 3359 1207 opera
3378 1176 3393 1203 ,
3421 1152 3543 1210 qua

1957 1222 2056 1277 tibi
2088 1225 2271 1281 minus
2312 1239 2617 1296 congruere
2653 1227 2911 1297 superius
2948 1229 3342 1299 exposuimus,
3384 1228 3551 1285 exhi«

1956 1314 2121 1371 beant
2137 1316 2242 1372 sibi
2271 1316 2506 1373 invicem
2531 1318 2833 1386 discentes,
2859 1318 2913 1375 id
2943 1328 3028 1376 est
3044 1321 3199 1389 laici;
3224 1329 3279 1376 et
3298 1331 3349 1377 te
3375 1336 3541 1377 nemo

1955 1421 2188 1482 occupet
2209 1412 2278 1468 ab
2318 1412 2409 1468 his
2431 1414 2657 1481 studiis,
2691 1431 2790 1485 per
2824 1431 2948 1488 qua
2984 1415 3137 1472 salus
3165 1415 3423 1472 omnibus
3442 1415 3540 1471 da—

1956 1509 2065 1557 tur.

2025 1594 2180 1650 Sicut
2219 1596 2366 1652 enim
2396 1598 2439 1630 ⁸⁷
2476 1598 2576 1654 tibi
2605 1598 2906 1669 impietatis
2933 1598 3149 1655 crimen
3180 1605 3303 1664 est,
3352 1597 3537 1670 negle-

1952 1687 2058 1741 ctis
2082 1688 2237 1743 verbi
2277 1688 2374 1744 Dei
2412 1690 2613 1745 studiis
2632 1732 2648 1757 ,
2681 1690 3087 1747 sollicitudines
3118 1691 3402 1762 suscipere
3431 1706 3537 1746 sa-

1951 1780 2168 1836 culares
2199 1802 2213 1837 :
2245 1784 2320 1838 ita
2360 1791 2416 1839 et
2440 1784 2740 1856 unicuique
2777 1785 3041 1840 laicorum
3075 1795 3361 1855 peccatum
3389 1791 3477 1841 est
3500 1824 3516 1849 ,

1948 1875 2056 1929 nisi
2093 1874 2326 1930 invicem
2351 1876 2453 1930 sibi
2485 1876 2726 1932 etiamin
2754 1876 2843 1933 bis
2862 1892 2986 1947 qua
3017 1875 3085 1930 ad
3117 1876 3427 1931 communis
3456 1876 3534 1930 vi-

1949 1974 2018 2020 ta
2043 1982 2204 2021 usum
2239 1968 2516 2038 pertinent
2542 2008 2558 2033 ,
2605 1984 2829 2039 operam
2883 1968 3119 2024 ﬁdeliter
3148 1968 3421 2026 dederint.
3450 1967 3536 2025 Te

1947 2074 2081 2116 vero
2103 2074 2360 2117 securum
2409 2059 2589 2117 facere
2617 2076 2684 2117 ex
2715 2062 2825 2126 his,
2858 2061 3063 2132 quibus
3092 2078 3202 2117 non
3230 2062 3398 2118 debes
3435 2077 3533 2116 va-

1946 2165 2078 2207 care
2098 2151 2168 2218 ",
2199 2167 2395 2207 omnes
2414 2152 2778 2208 communiter
2799 2153 3106 2209 elaborent.
3140 2153 3296 2221 Quod
3322 2154 3366 2209 si
3394 2153 3534 2209 forte

1948 2256 1980 2296 a
2009 2242 2321 2313 semetipsis
2352 2243 2457 2297 hoc
2481 2243 2606 2298 laici
2639 2258 2750 2298 non
2774 2244 3106 2315 intelligunt,
3139 2261 3237 2315 per
3266 2244 3532 2300 diaconos

1947 2333 2216 2391 edocendi
2238 2344 2389 2399 sunt,
2422 2344 2481 2391 ut
2512 2336 2609 2392 tibi
2641 2338 2816 2392 solius
2844 2336 3104 2394 Ecclesia
3129 2338 3531 2394 sollicitudines

1946 2427 2360 2498 derelinquant;
2405 2444 2514 2500 quo
2546 2428 2721 2501 ipsam
2744 2470 2758 2494 ,
2792 2438 2853 2486 ut
2887 2430 3112 2502 dignum
3139 2440 3260 2497 est,
3305 2431 3531 2502 dispen-

1948 2534 2074 2576 sare
2128 2519 2403 2584 suﬂicias,
2453 2529 2511 2576 et
2561 2522 2811 2579 veritatis
2849 2525 3019 2579 verbo
3066 2524 3437 2580 abundantius
3475 2532 3533 2579 et

1948 2608 2257 2667 studiosius
2303 2610 2607 2668 deservire.
2661 2610 2721 2667 Si
2760 2611 2908 2668 enim
2958 2614 3335 2670 mundialibus
3378 2614 3530 2671 curis

1945 2701 2121 2756 tueris
2149 2709 2455 2773 occupatus
2473 2741 2488 2766 ,
2536 2708 2591 2756 et
2640 2704 2875 2775 teipsum
2907 2703 3151 2775 decipies
3173 2743 3188 2767 ,
3219 2712 3274 2759 et
3301 2721 3398 2760 eos
3426 2705 3521 2776 qui

1945 2802 2000 2848 te
2028 2793 2281 2849 audiunt.
2308 2793 2428 2849 Non
2460 2794 2604 2849 enim
2627 2796 2833 2865 poteris
2852 2834 2867 2861 ,
2905 2811 3028 2867 qua
3048 2795 3117 2849 ad
3147 2798 3379 2852 salutem
3402 2813 3529 2868 per-

1947 2884 2146 2950 tinent,
2172 2883 2390 2956 plenius
2422 2883 2656 2954 singulis
2700 2885 3011 2956 quibusque
3053 2885 3415 2957 distinguere.
3458 2886 3529 2941 Et

1944 2992 2012 3032 ex
2042 2991 2108 3031 eo
2137 2976 2247 3043 ﬁet,
2280 2984 2341 3031 ut
2369 2984 2423 3032 et
2446 2983 2505 3031 tu
2535 2983 2794 3047 tanquam
2845 2978 2940 3047 qui
2969 2993 3087 3033 non.
3110 2977 3365 3034 docueris
3394 2995 3518 3049 qua

253 3045 360 3111 ri’s,
394 3054 553 3104 tanto
584 3065 672 3105 me
694 3051 856 3109 citius
893 3055 1096 3114 laboris
1114 3066 1169 3113 et
1190 3060 1428 3119 tristitia
1448 3081 1582 3123 mea
1608 3045 1845 3127 marore
1870 3075 1916 3134 c
1948 3071 2016 3127 ad
2042 3072 2274 3128 salutem
2307 3072 2592 3128 hominum
2622 3045 2896 3145 pertinent
2919 3074 3167 3143 puniaris
3191 3074 3259 3137 ",
3292 3076 3527 3132 etdisci~

256 3140 561 3197 reievabis.
598 3142 734 3199 Novi
773 3148 940 3202 etiam
991 3150 1115 3218 hoc,
1152 3166 1186 3206 o
1226 3153 1515 3224 Clemens,
1566 3162 1712 3232 quod
1743 3164 1843 3221 tibi

254 3229 424 3284 tadia
473 3238 530 3286 et
574 3235 896 3302 molestias,
934 3242 1180 3311 pericula
1223 3246 1389 3302 etiam
1438 3256 1495 3304 et
1548 3229 1841 3323 opprobria

255 3320 527 3415 ineruditi
556 3327 704 3399 vulgi
754 3329 1122 3406 indocilisque
1161 3320 1639 3415 conciliem;qua
1665 3354 1723 3403 tu
1760 3357 1844 3405 tae-

253 3424 386 3465 men
414 3412 535 3468 scio
569 3415 718 3485 quod
747 3427 1070 3477 constanter
1104 3434 1161 3480 et
1191 3425 1411 3484 fortiter
1441 3412 1586 3490 feres
1605 3475 1620 3501 ,
1666 3440 1842 3510 respi-

254 3504 412 3558 ciens
442 3506 510 3560 ad
540 3507 687 3563 illam
713 3525 890 3581 spem,
917 3530 1038 3584 qua
1061 3517 1157 3571 tibi
1189 3522 1332 3593 apud
1366 3522 1535 3580 Deum
1567 3504 1843 3599 patientia:

252 3605 527 3666 praparat
554 3615 832 3661 coronam.
867 3603 976 3661 Sed
1021 3618 1075 3663 et
1122 3610 1256 3666 illud
1298 3616 1496 3687 cupio,
1527 3625 1583 3675 te
1622 3637 1839 3680 mecum

248 3691 401 3759 justa
432 3693 648 3748 ratione
678 3698 1011 3767 perspicere,
1037 3702 1257 3771 quando
1286 3708 1523 3765 maxime
1553 3725 1720 3782 opera
1744 3721 1837 3769 tua

254 3785 465 3856 indiget
486 3785 763 3856 Christus,
784 3806 928 3847 nunc
948 3808 1073 3848 cum
1099 3795 1357 3855 inimicus
1383 3801 1650 3859 adversus
1672 3821 1838 3876 spon-

253 3892 377 3931 sam
400 3878 523 3946 ejus
555 3889 865 3937 commovet
888 3883 1115 3949 bellum,
1152 3902 1220 3943 an
1250 3890 1436 3948 futuro
1464 3895 1520 3949 in
1560 3904 1834 3968 tempore,

251 3969 482 4039 quando
507 3970 621 4039 jam
651 3971 910 4029 Christus
946 3985 1076 4053 post
1106 3977 1393 4038 victoriam
1441 3988 1833 4060 triumphabit,

254 4075 359 4115 nec
397 4063 549 4118 ultra
586 4064 753 4122 ullius
799 4083 965 4138 opera
1009 4071 1309 4144 indigebit?
1342 4077 1475 4144 Quis
1517 4096 1625 4138 non
1669 4085 1834 4140 etiam

256 4157 413 4227 parvi
447 4173 648 4214 sensus
686 4160 987 4232 intelligat.
1032 4169 1175 4236 quod
1204 4169 1347 4226 istud
1374 4181 1458 4228 est
1488 4182 1707 4247 tempus
1729 4218 1744 4240 ,
1780 4180 1834 4235 in

252 4264 368 4319 quo
401 4264 629 4319 operam
676 4259 825 4307 tuam
875 4256 1130 4314 Christus
1175 4264 1445 4332 requirit?
1491 4265 1627 4323 Tota
1672 4269 1836 4341 igitur

252 4350 439 4395 mente
468 4340 525 4395 in
552 4346 803 4412 prasenti
836 4350 1168 4407 necessitate
1192 4356 1371 4424 prabe
1397 4373 1620 4428 operam
1661 4340 1829 4428 tuam,

249 4437 309 4485 et
333 4433 598 4488 auxilium
631 4436 685 4491 in
716 4439 921 4508 praliis
954 4442 1152 4500 exhibe
1182 4448 1293 4518 regi
1323 4451 1550 4519 optimo,
1582 4469 1833 4512 remune-

250 4523 503 4578 rationes
561 4526 881 4594 magniﬁcas
922 4540 1047 4602 post
1089 4534 1373 4596 victoriam
1430 4539 1710 4599 reddituro
1765 4546 1831 4600 ⁸³.

250 4614 522 4670 Libenter
549 4632 677 4690 ergo
710 4623 931 4693 suscipe
960 4626 1312 4697 episcopatus
1347 4630 1602 4697 oﬂicium,
1628 4650 1694 4691 eo
1720 4652 1836 4690 ma-

250 4709 423 4770 xime,
454 4709 602 4779 quod
646 4711 1052 4771 ecclesiasticas
1080 4717 1477 4788 dispositiones
1522 4738 1554 4779 a
1593 4740 1679 4779 me
1708 4743 1836 4797 pro-

251 4799 514 4855 babiliter
555 4801 831 4870 didicisti,
883 4812 942 4861 ut
990 4808 1142 4865 salus
1184 4826 1408 4877 eorum,
1453 4815 1547 4888 qui
1594 4833 1685 4888 per
1731 4835 1833 4876 nos

250 4893 628 4964 confugerunt
668 4896 735 4951 ad
782 4896 991 4961 Deum,
1037 4916 1386 4975 nequaquam
1434 4909 1673 4969 vacillet.
1726 4910 1833 4968 Ve-

250 4993 566 5041 rumtamen
603 4996 658 5042 et
691 4988 932 5044 breviter
976 4999 1030 5048 te
1068 4992 1137 5049 de
1183 4995 1357 5065 ipsius
1404 4998 1832 5072 dispensationis

248 5076 449 5130 ordine
494 5091 687 5133 coram
732 5081 990 5141 omnibus
1047 5100 1396 5144 eommonere
1455 5097 1829 5153 necessarium

247 5172 391 5226 duco
417 5171 485 5224 ".

322 5259 402 5317 Te
436 5262 659 5333 quidem
689 5266 735 5297 "
767 5274 981 5336 oportet
1021 5269 1573 5340 irreprehensihiliter
1602 5282 1786 5341 vivere
1810 5328 1850 5356 ,,

1948 3165 2061 3235 puli
2091 3182 2188 3236 per
2211 3165 2577 3236 ignorantiam
2602 3174 2848 3237 pereant.

2016 3255 2062 3287 ⁸⁸
2086 3253 2299 3311 Idcirco
2331 3263 2388 3311 tu
2419 3256 2641 3327 quidem
2667 3256 2735 3311 ad
2765 3256 2869 3311 hoc
2890 3257 3067 3313 solum
3090 3266 3305 3322 vacato,
3336 3265 3399 3313 ut
3420 3274 3521 3329 op-

1944 3354 2180 3419 portune
2209 3354 2264 3404 et
2288 3347 2411 3404 sine
2437 3347 2848 3404 intermissione
2875 3348 3078 3405 doceas
3122 3350 3347 3405 verbum
3385 3348 3480 3406 Dei
3505 3389 3521 3414 .

1944 3455 2040 3511 per
2070 3437 2214 3510 quod
2235 3439 2468 3496 salutem
2502 3440 2767 3509 consequi
2797 3441 3016 3510 possint
3045 3440 3109 3498 ⁶¹.
3136 3438 3217 3496 Illi
3243 3457 3374 3497 vero
3397 3459 3523 3496 cum

1942 3540 2095 3587 tanta
2125 3532 2434 3589 reverentia
2464 3538 2559 3587 tua
2583 3533 2753 3587 verba
2779 3532 3107 3605 suscipiant,
3135 3542 3395 3606 tanquam
3428 3538 3523 3607 qui

1942 3624 2123 3679 sciant
2171 3623 2412 3695 legatum
2437 3629 2492 3678 te
2520 3630 2575 3680 et
2614 3637 2924 3693 praeconem
2960 3639 3085 3680 esse
3126 3626 3379 3682 veritatis
3405 3668 3418 3693 ,
3468 3640 3526 3685 et

1940 3714 2314 3786 quodcunque
2360 3730 2529 3786 super
2563 3722 2768 3771 terram
2798 3714 3091 3786 ligaveris,
3139 3732 3266 3774 esse
3296 3720 3523 3791 ligatum

1938 3818 1994 3866 et
2034 3810 2090 3865 in
2112 3808 2283 3876 coelo;
2325 3814 2380 3863 et
2406 3807 2771 3880 quodcunque
2803 3809 3037 3865 solveris
3076 3825 3242 3882 super
3280 3820 3483 3868 terram
3504 3857 3519 3878 ,

1939 3903 2105 3958 etiam
2143 3900 2218 3956 ibi
2260 3916 2385 3957 esse
2434 3900 2759 3957 solvendum
2795 3901 2860 3958 ".
2896 3900 3166 3968 Quoniam
3221 3904 3440 3975 quidem
3468 3912 3524 3960 et

1938 4001 2030 4056 tu,
2063 3998 2122 4047 ut
2161 3991 2313 4058 dixi,
2356 4006 2480 4061 qua
2506 3998 2746 4063 oportet,
2780 3992 2977 4063 ligabis
2998 4032 3014 4058 ,
3056 3998 3112 4047 et
3136 4008 3259 4063 qua
3290 3994 3514 4066 expedit

1937 4086 2137 4140 solves.
2164 4082 2231 4139 Et
2260 4083 2329 4138 ad
2353 4091 2406 4139 te
2428 4083 2649 4153 quidem
2681 4084 2773 4155 qui
2800 4099 2994 4154 praes,
3020 4085 3126 4139 ista
3156 4086 3267 4140 sint
3292 4086 3521 4147 monita,

1935 4188 1989 4231 et
2020 4176 2106 4234 his
2137 4176 2360 4234 similia.
2410 4175 2492 4230 Ad
2541 4177 2894 4247 presbyteros
2942 4192 3074 4233 vero
3121 4179 3231 4233 sint
3266 4178 3374 4233 ista
3420 4178 3512 4233 “z

1936 4270 2078 4325 Ante
2107 4269 2321 4330 omnia,
2356 4274 2415 4321 ut
2450 4267 2731 4338 pudicitia
2768 4266 3092 4333 studentes,
3137 4267 3519 4324 adolescentes

1938 4362 2150 4432 nuptiis
2173 4360 2406 4432 jungant
2425 4402 2441 4427 ,
2466 4375 2576 4430 quo
2610 4359 2849 4413 calorem
2884 4358 3149 4416 ferventis
3174 4362 3352 4416 atatis
3387 4375 3521 4415 con-

1935 4450 2108 4523 jugali
2159 4452 2277 4523 lege
2328 4451 2687 4521 pravcniant.
2724 4448 2833 4506 Sed
2877 4467 2946 4506 ne
2982 4452 3037 4506 in
3082 4452 3521 4523 provectioribus

1938 4544 2159 4615 quidem
2189 4558 2379 4599 curam
2410 4542 2612 4598 habere
2634 4541 3015 4612 hujuscemodi
3036 4542 3333 4615 negligant,
3365 4544 3517 4614 quia,

1938 4641 1993 4696 iu
2025 4638 2237 4699 multis,
2261 4636 2423 4690 etiam
2453 4650 2579 4690 cum
2603 4637 2849 4691 senuerit
2876 4650 3101 4706 corpus,
3124 4638 3518 4708 concupiscen-

1939 4735 2013 4787 tia
2041 4735 2189 4802 viget
2228 4731 2293 4786 “.
2327 4728 2406 4785 Ne
2447 4727 2587 4783 forte
2631 4743 2764 4798 ergo
2794 4727 3175 4785 fornicationis
3204 4729 3389 4796 labes,
3423 4747 3519 4787 oc-

1939 4825 2162 4880 casione
2195 4832 2443 4891 accepta,
2475 4827 2736 4890 tanquam
2766 4834 3038 4875 venenum
3073 4821 3375 4892 pessimum
3399 4836 3519 4879 ser-

1941 4926 2033 4988 pat
2064 4918 2119 4975 in
2151 4915 2329 4978 vobis,
2360 4928 2557 4969 cavere
2586 4921 2641 4968 et
2664 4912 2981 4967 antevenire
3009 4916 3381 4970 necessarium
3408 4922 3515 4979 est,

1944 5025 2012 5064 ne
2042 5009 2187 5078 quod
2231 5011 2286 5067 in
2329 5007 2490 5061 vobis
2525 5005 2780 5060 adulterii
2822 5005 3101 5059 occultum
3149 5008 3427 5063 coalescat
3471 5008 3517 5041 ⁸⁸

1942 5099 2277 5156 incendium.
2312 5096 2384 5153 Et
2411 5095 2544 5167 quid
2574 5097 2631 5150 in
2661 5095 2918 5155 omnibus
2966 5099 3207 5166 peccatis
3249 5100 3516 5155 adulterio

1937 5192 2191 5265 gravius?
2213 5188 2524 5247 Secundum
2563 5204 2799 5258 namque
2822 5189 2875 5244 in
2919 5189 2963 5219 ⁶⁶
2994 5191 3172 5259 panis
3202 5191 3412 5246 obtinet
3436 5194 3514 5245 Ιυ-

1938 5299 2083 5349 cum,
2140 5282 2399 5354 quoniam
2455 5280 2673 5352 quidem
2730 5280 2964 5350 primum
3019 5281 3094 5335 illi
3146 5282 3368 5346 habent,
3416 5298 3513 5351 qui

324 5482 372 5579 ⁸⁸³
796 5490 949 5579 illnc.
1209 5498 1264 5579 ’ξ’
1296 5500 1473 5579 άιιωξ..
1524 5501 1568 5532 ⁸⁵
1614 5503 1678 5556 12
1711 5522 1765 5575 q.
1810 5509 1875 5572 ιι,
1906 5508 2223 5579 qum'dem.
2302 5506 2347 5538 "
2383 5504 2694 5579 Deestrbac
2718 5504 3077 5579 voculauinc
3132 5502 3273 5579 Just.
3350 5504 3398 5579 ξ⁷
3441 5506 3500 5579 ii

252 5569 309 5632 ει.
338 5555 389 5619 1,
405 5553 568 5632 Sicut
589 5560 747 5614 enim.

257 5623 495 5699 Evaristi
544 5642 716 5699 papa.
789 5630 832 5662 “
885 5630 1018 5698 lvo,
1065 5634 1120 5690 in
1165 5623 1378 5697 'llecret.
1447 5623 1540 5695 lib.
1577 5623 1627 5695 v.

256 5693 302 5729 ⁸³
358 5693 631 5754 ςαιεεςὰι.’
686 5700 732 5732 "
767 5700 835 5757 52
865 5693 1056 5774 quast.
1077 5708 1126 5765 7.
1162 5693 1382 5777 Quid‘iti
1408 5693 1671 5768 omnibus.

860 5563 908 5595 ³⁸
967 5578 1019 5619 et
1043 5569 1122 5621 his
1152 5568 1341 5637 quibus
1389 5569 1540 5625 debes
1590 5563 1888 5641 vacantem,
1941 5563 2080 5634 idem
2126 5578 2319 5633 codex.

885 5630 1018 5698 lvo,
1065 5634 1120 5690 in
1170 5639 1378 5697 llecret.
1447 5641 1540 5695 lib.
1577 5659 1627 5695 v.
1736 5647 1780 5680 δι
1822 5639 2012 5699 Matth.
2074 5665 2184 5699 xvi.
2291 5649 2319 5680 “

1822 5653 2012 5699 Mttlilt.
2074 5665 2184 5704 ut.

2430 5576 2476 5607 "
2530 5577 2835 5644 deponaris.
2910 5575 2954 5606 ⁵ο
2985 5574 3127 5628 Idem
3175 5578 3230 5628 in
3275 5577 3506 5643 epistola

2291 5648 2335 5680 ⁸³
2374 5646 2565 5702 Const.
2623 5661 2695 5711 tv,
2755 5652 2838 5702 ιυ.
2953 5645 2997 5677 ⁸
3025 5644 3145 5701 Nic.
3199 5647 3234 5702 Ι.
3279 5661 3365 5718 cp.
3414 5647 3517 5707 ὶυι
