3896 6174
333 292 437 347 M7

1207 288 1264 345 Β.
1300 286 1698 344 CLEMENTIS
1728 286 1750 341 l
1788 284 1959 342 ROM.
2003 285 2206 344 ΡΟΝΤ.
2237 287 2467 344 OPERA
2503 284 2734 344 DUBIA.

3500 288 3609 347 $68

334 408 595 463 aberrant
617 421 650 461 a
678 404 825 470 Deo,
857 402 1078 461 etiamsi
1110 403 1298 461 sobrie
1331 404 1571 460 vixerint
1599 405 1665 460 ’⁷.
1699 401 2006 475 Pr0pter"A
2113 405 2171 460 Si
2202 404 2297 475 qui
2323 404 2371 436 ⁷³
2399 419 2463 458 ex
2514 401 2777 471 fratribus
2818 400 3038 473 negotia
3074 399 3281 457 habent
3322 399 3469 456 inter
3500 417 3564 457 se
3585 441 3607 469 ,

334 498 481 570 quod
501 514 623 567 vos,
652 513 687 553 ο
719 496 1050 570 presbyteri,
1084 494 1391 563 Eccleslam
1415 497 1669 560 excolite,
1697 504 1750 552 et
1778 496 1927 552 ordi-

333 598 465 647 nate
494 591 544 625 “
585 604 849 661 sponsam
887 587 1100 644 Christi
1149 587 1219 642 ad
1261 588 1608 658 pudicitiam.
1653 586 1926 658 Sponsam

335 689 520 737 autem
548 681 697 746 dico,
728 694 947 736 omnem
975 677 1241 736 Ecclesia:
1259 681 1777 749 congregationem;
1806 693 1928 749 qua:

335 771 383 827 si
423 770 622 843 pudica
653 771 877 827 inventa
925 770 1095 825 fuerit
1129 783 1161 823 a
1202 783 1407 840 sponso
1440 784 1577 835 suo,
1614 769 1928 842 ingentibus

334 862 406 916 ab
437 877 505 917 eo
532 861 695 917 donis
715 869 771 917 et
806 861 1134 917 muneribus
1172 860 1575 930 bonorabitur;
1607 868 1662 918 et
1688 876 1812 928 vos,
1832 862 1939 919 vel-

330 963 397 1008 ut
438 954 683 1011 ministri
706 969 946 1025 sponsm,
976 962 1031 1010 et
1062 954 1223 1009 amici
1250 954 1465 1026 sponsi,
1494 955 1698 1027 ingenti
1728 954 1927 1026 gaudio

333 1055 393 1103 et
423 1047 609 1101 lastitla
652 1046 1034 1119 perfruemini.
1083 1046 1141 1101 Si
1168 1065 1297 1105 vero
1327 1064 1528 1120 sponsa
1564 1048 1679 1103 haec
1708 1059 1929 1117 reperta

336 1138 502 1197 fuerit
528 1139 929 1195 commaculata
960 1142 1221 1210 peccatis,
1247 1141 1367 1211 ipsa
1389 1140 1635 1211 quidem,
1663 1148 1925 1211 tanquam

336 1230 586 1301 indigna,
618 1244 730 1285 non
755 1230 1006 1286 tradetur
1031 1232 1316 1302 regalibus
1346 1232 1395 1264 "
1420 1232 1579 1286 toris.
1610 1230 1721 1287 Vos
1744 1239 1927 1287 autem

334 1336 529 1392 paruas
556 1320 796 1387 dabitis,
846 1322 895 1377 si
933 1320 1074 1377 forte
1105 1337 1203 1393 per
1247 1329 1490 1377 vestram
1538 1322 1926 1393 negligentiam

336 1414 424 1469 vel
451 1413 726 1469 desidiam
772 1415 1081 1485 obrepserit
1111 1415 1369 1486 contagio
1396 1430 1542 1470 saava
1573 1416 1808 1485 peccati.
1840 1414 1929 1471 ld-

336 1508 488 1563 circo
518 1515 643 1563 ante
665 1508 853 1561 omnia
896 1508 1215 1564 sobrietatis
1255 1515 1309 1562 et
1340 1506 1618 1578 pudicitiae
1660 1508 1928 1564 sollicitus-

334 1602 518 1655 dinem
552 1600 741 1671 gcrite.
773 1598 942 1656 Valde
962 1600 1110 1656 enim
1142 1599 1285 1670 apud
1320 1598 1490 1656 Deum
1515 1615 1681 1671 grave
1714 1601 1926 1656 crimen

335 1694 557 1748 ducitur
594 1692 885 1747 fornicatio
904 1732 921 1759 ,
957 1692 1119 1763 cujus
1150 1694 1365 1764 species
1395 1700 1526 1748 sunt
1555 1692 1773 1764 quidem
1802 1693 1925 1763 plu-

335 1800 451 1849 res,
474 1786 621 1840 sicut
641 1785 799 1842 vobis
833 1793 891 1841 et
923 1785 1040 1856 ipse
1065 1783 1324 1841 Clemens
1352 1784 1646 1855 diligenter
1662 1794 1923 1855 exponet.
1961 1767 2000 1822 Β

335 1876 728 1934 Verumtamen
771 1878 945 1949 prima
999 1877 1215 1948 species
1264 1876 1521 1931 adulterii
1565 1886 1687 1943 est,
1744 1876 1922 1931 virum

334 1972 561 2043 prapria
591 1987 764 2026 uxore
793 1969 1142 2027 solummodo
1180 1984 1289 2024 non
1318 1984 1445 2025 esse
1480 1976 1801 2025 contentum
1822 2010 1838 2035 ,
1869 1976 1924 2024 et

334 2064 625 2119 mulierem
659 2076 771 2117 non
811 2061 1033 2132 proprio
1062 2069 1275 2115 tantum
1322 2074 1545 2116 servare
1584 2075 1645 2116 se
1693 2060 1834 2117 viro.
1863 2059 1924 2115 Si

334 2165 468 2222 ergo
498 2158 689 2205 castus
719 2149 887 2205 fuerit
914 2150 1062 2221 quis,
1095 2157 1280 2219 potest
1307 2157 1363 2204 et
1387 2150 1662 2206 humanus
1683 2158 1738 2206 et
1766 2151 1930 2207 mise-

334 2243 515 2297 ricors
552 2240 690 2309 ﬁeri,
721 2256 821 2312 per
850 2242 1003 2316 quod
1040 2250 1095 2298 et
1119 2241 1238 2311 ipse
1267 2249 1531 2297 aeternam
1560 2258 1592 2297 a
1619 2242 1731 2299 Deo
1756 2244 1925 2300 mise—

338 2334 633 2389 ricordiam
660 2342 1057 2404 consequatur.
1103 2334 1249 2389 Sane
1285 2335 1432 2390 sicut
1475 2335 1731 2391 adulterii
1758 2351 1924 2393 vene—

335 2440 468 2479 num
508 2425 726 2480 cunctis
754 2426 916 2481 malis
947 2423 1312 2494 perniciosius
1346 2433 1429 2481 est
1452 2466 1467 2491 ,
1516 2427 1593 2481 ita
1627 2440 1783 2482 amor
1814 2426 1927 2481 frao

335 2525 528 2574 ternus
566 2526 623 2573 et
651 2518 897 2574 cliaritas
944 2517 1115 2573 totius
1157 2517 1287 2572 boni
1334 2516 1619 2589 fastigium
1657 2527 1827 2579 tenet.
1860 2518 1925 2573 Et

336 2609 462 2667 ideo
492 2609 705 2681 diligite
732 2624 929 2665 omnes
956 2608 1161 2665 fratres
1189 2617 1429 2675 vestros,
1463 2618 1518 2665 et
1545 2626 1674 2665 cum
1705 2612 1924 2683 religio-

335 2718 406 2757 ne
428 2718 493 2758 ac
514 2702 893 2758 misericordia
926 2702 1193 2772 respicite
1229 2702 1299 2756 ad
1327 2718 1521 2758 omnes
1545 2704 1613 2759 ”.
1647 2703 1923 2775 Orpltanis

337 2795 594 2850 exhibete
616 2794 981 2865 vosmetipsos
1011 2802 1293 2865 parentes.
1324 2793 1524 2851 Viduis
1550 2796 1796 2851 virorum
1825 2812 1925 2852 cu-

336 2903 453 2942 ram
490 2887 791 2957 impendite
813 2926 828 2951 ,
861 2902 987 2942 cum
1020 2887 1170 2941 omni
1193 2887 1481 2953 castitate,
1513 2903 1637 2958 quas
1665 2902 1925 2943 necessa-

338 2981 420 3034 ria
448 2987 599 3045 sum,
628 2980 958 3050 praebentes.
990 2977 1247 3035 Juniores
1279 2988 1466 3035 tamen
1498 2980 1692 3035 viduas
1715 2980 1924 3051 nuptiis

336 3074 609 3144 copulate.
639 3073 737 3128 His
759 3074 852 3145 qui
884 3075 1141 3145 ignorant
1169 3074 1422 3139 artiﬁcia,
1458 3074 1731 3145 exquirite
1758 3074 1924 3131 bone-

342 3176 460 3223 stas
488 3167 703 3238 aliquas
719 3167 1068 3232 occasiones,
1088 3167 1289 3237 quibus
1318 3168 1522 3223 victum
1548 3168 1922 3224 necessarium

336 3268 583 3328 qwrant
608 3276 623 3325 ;
652 3258 958 3314 artiﬁcibus
987 3274 1119 3314 vero
1150 3273 1375 3327 operam
1397 3260 1699 3330 pr0vidcte,
1730 3259 1927 3315 debili-

338 3354 445 3407 bus
464 3350 906 3407 miscricordiam
944 3350 1126 3407 facite.
1183 3350 1313 3406 Scio
1361 3359 1547 3406 autem
1588 3352 1705 3408 haec
1737 3351 1926 3407 omnia

338 3442 584 3498 facturos
614 3457 736 3511 vos,
770 3443 817 3497 si
846 3442 1173 3498 eharitatem
1198 3458 1315 3514 pra}
1342 3442 1561 3499 eseteris
1583 3450 1637 3499 et
1660 3451 1787 3499 ante
1808 3458 1927 3498 om—

337 3536 431 3591 nia
458 3536 511 3589 in
543 3543 731 3591 vestro
761 3535 928 3592 corde
957 3535 1160 3608 ligatis.
1192 3536 1367 3607 Cujus
1395 3536 1722 3601 charitatis,
1751 3542 1809 3592 et
1836 3550 1921 3590 re-

340 3628 625 3698 cipiendm,
644 3636 701 3683 et
723 3629 1013 3696 habendae,
1047 3630 1346 3684 maximum
1372 3629 1477 3685 erit
1508 3629 1810 3685 fomentum
1829 3668 1847 3695 ,
1878 3628 1926 3684 si

340 3720 656 3790 frequenter
680 3722 824 3777 inter
847 3722 1217 3791 vosmetipsos
1243 3737 1593 3777 communem
1621 3721 1811 3776 cibum
1842 3736 1929 3777 ve-

339 3819 515 3866 strum
536 3827 894 3884 mensamque
934 3813 1172 3879 faciatis,
1199 3822 1253 3869 et
1279 3814 1603 3884 inquantum
1627 3812 1930 3885 unusquis-

339 3921 448 3975 que
468 3906 745 3976 przevalet,
776 3908 1027 3963 crebrius
1056 3923 1227 3978 panes
1249 3924 1313 3962 ac
1338 3909 1484 3963 sales
1514 3923 1648 3963 suos
1672 3923 1799 3962 cum
1824 3908 1929 3961 fra-

339 3998 519 4055 tribus
548 3998 667 4055 suis
698 4012 900 4055 sumat.
933 4000 1038 4056 Per
1067 4002 1183 4056 hate
1210 4002 1357 4057 enim
1384 4001 1658 4072 praecipue
1685 4000 1927 4055 charitas

339 4097 725 4161 comparatur,
783 4098 841 4146 et
883 4106 1051 4147 causa
1106 4093 1278 4146 totius
1322 4092 1451 4147 boni
1497 4092 1554 4147 in
1610 4090 1927 4161 hujusmodi

339 4182 730 4239 communione
767 4184 1045 4240 consistit.
1075 4183 1176 4240 Ubi
1201 4193 1386 4240 autem
1428 4200 1535 4255 pax
1573 4191 1627 4238 et
1668 4182 1923 4246 bonitas,

341 4275 417 4329 ibi
445 4282 500 4332 et
535 4276 708 4332 salus.
759 4275 992 4347 Propter
1015 4277 1182 4347 -quod
1212 4292 1536 4332 communes
1577 4275 1742 4331 facite
1771 4275 1925 4329 cibos

339 4375 561 4424 vestros
586 4383 713 4422 cum
744 4368 830 4424 bis
858 4369 953 4439 qui
987 4369 1291 4425 secundum
1325 4368 1493 4423 Deum
1522 4367 1719 4423 fratres
1751 4374 1883 4422 sunt
1904 4404 1921 4432 ,

2034 499 2179 570 apud
2209 498 2526 569 cognitores
2556 495 2745 553 saeculi
2788 510 2901 551 non
2940 494 3290 567 judicentur;
3335 495 3432 553 sed
3458 495 3610 567 apud

2030 592 2382 663 presbyteros
2405 588 2689 657 Ecclesiae,
2711 586 2979 660 quidquid
3023 586 3160 642 illud
3183 596 3289 652 est,
3316 588 3611 644 dirimatur

2028 689 2083 738 et
2112 682 2258 737 omni
2306 681 2470 736 modo
2498 681 2759 736 obediant
2781 680 3005 737 statutis
3030 694 3243 736 eorum.
3270 678 3449 750 Super
3485 695 3610 735 em-

2029 776 2119 830 nia
2145 781 2327 829 autem
2353 772 2637 828 avaritiam
2667 772 2874 844 fugite;
2899 788 3020 844 qua:
3042 772 3293 828 homines
3315 772 3613 829 occasione

2028 866 2316 939 praesentis
2347 865 2488 921 lucri
2517 865 2586 921 ab
2613 865 2834 922 azternis
2874 871 3091 936 separat
3124 865 3301 920 bonis.
3330 863 3609 932 Pondera,

2030 974 2341 1026 mensuras,
2378 966 2637 1025 stateras,
2670 975 2771 1030 pro
2792 958 2930 1015 locis
2955 958 3265 1028 quibusque
3293 958 3611 1031 aequissima

2028 1052 2332 1121 custodite;
2362 1052 2614 1125 deposita
2644 1050 2876 1107 ﬁdeliter
2904 1050 3202 1106 restituite.
3235 1050 3367 1117 Quae
3396 1050 3608 1115 omnia,

2027 1153 2082 1202 et
2112 1147 2158 1202 si
2188 1161 2295 1217 qua
2324 1152 2453 1201 sunt
2505 1144 2708 1199 similia
2759 1143 2847 1199 bis
2866 1183 2881 1207 ,
2924 1142 2999 1197 ita
3025 1141 3245 1197 demum
3290 1141 3524 1197 sollicite
3552 1148 3613 1197 et

2028 1238 2323 1309 diligenter
2347 1237 2645 1308 implebitis
2667 1277 2682 1301 ,
2708 1236 2756 1292 si
2796 1235 3041 1290 futurum
3073 1234 3166 1290 Dei
3190 1234 3456 1305 judicium
3487 1234 3611 1291 sine

2030 1331 2440 1387 intermissione
2489 1330 2545 1385 in
2584 1336 2772 1385 vestro
2817 1329 2985 1383 corde
3011 1327 3263 1383 volvatis.
3297 1325 3432 1393 Quis
3459 1327 3607 1381 enim

2030 1436 2260 1493 peccare
2284 1422 2505 1493 poterit,
2545 1420 2591 1476 si
2622 1433 2839 1490 semper
2868 1425 2995 1473 ante
3020 1418 3211 1472 oculos
3239 1432 3370 1473 suos
3398 1415 3494 1469 Dei
3513 1414 3611 1485 ju-

2029 1518 2234 1573 dicium
2263 1516 2473 1588 ponat?
2494 1514 2651 1581 Quod
2679 1514 2735 1568 in
2768 1513 2873 1568 ﬁne
2911 1511 3100 1567 mundi
3130 1517 3341 1567 certum
3368 1516 3455 1565 est
3492 1510 3611 1579 agi-

2030 1607 2280 1672 tandum,
2312 1605 2621 1663 ut‘tandem
2650 1604 2742 1677 qui
2774 1604 2915 1659 bene
2953 1602 3011 1658 in
3058 1602 3161 1656 bac
3196 1601 3307 1657 vita
3351 1606 3610 1670 egerunt,

2031 1706 2444 1771 consequantur
2494 1698 2636 1753 bona
2681 1695 2963 1768 reposita;
2991 1701 3310 1765 peccatores
3338 1699 3518 1746 autem
3549 1699 3613 1745 ut

2027 1798 2439 1864 consequantur
2475 1797 2811 1867 praeparatas
2851 1797 2905 1843 et
2942 1780 3256 1842 reconditas
3287 1798 3508 1861 poenas,
3540 1782 3615 1837 de

2026 1886 2228 1958 quibus
2267 1886 2344 1939 ita
2370 1882 2614 1939 futurum
2641 1882 2893 1939 dubitare
2912 1879 3136 1935 omnino
3158 1893 3267 1933 non
3290 1891 3610 1948 possumus;

2027 1977 2299 2049 siquidem
2353 1976 2469 2030 haec
2512 1975 2701 2031 omnia
2734 1974 2809 2029 ita
2844 1987 2965 2029 esse
3003 1978 3235 2027 ventura
3252 1985 3418 2025 verus
3449 1967 3616 2023 nobis

2025 2068 2297 2141 Propheta
2326 2067 2598 2139 praedixit.
2624 2065 2782 2123 Unde
2816 2074 2871 2122 et
2900 2080 3019 2129 vos,
3052 2063 3147 2135 qui
3178 2062 3316 2118 estis
3344 2060 3457 2116 veri
3482 2075 3613 2131 pro-

2027 2157 2205 2228 phetae
2251 2154 2546 2227 discipuli,
2590 2154 2812 2225 abjicite
2860 2168 2892 2209 a
2931 2152 3192 2208 cordibus
3233 2150 3435 2207 vestris
3480 2159 3619 2229 ante

2026 2250 2211 2304 omnia
2231 2248 2543 2305 discordias
2559 2255 2614 2304 et
2644 2247 2950 2301 animorum
2974 2244 3368 2309 dissensiones,
3405 2260 3472 2299 ex
3493 2243 3617 2316 qui-

2027 2340 2132 2396 bus
2158 2356 2323 2396 omne
2340 2342 2543 2395 malum
2572 2354 2713 2410 opus
2744 2338 3013 2410 procedit,
3034 2346 3090 2393 et
3119 2336 3513 2407 benignitatem
3544 2350 3616 2391 ac

2027 2431 2435 2502 simplicitatem
2466 2439 2580 2485 tota
2610 2436 2794 2484 mente
2816 2434 3054 2484 servate.
3087 2426 3243 2494 Quod
3272 2426 3320 2481 si
3350 2425 3488 2480 forte
3516 2424 3616 2479 ali-

2025 2522 2192 2593 cujus
2210 2537 2309 2578 cor
2328 2522 2414 2577 vel
2450 2522 2610 2586 livor,
2642 2521 2731 2575 vel
2758 2517 3085 2587 inﬁdelitas,
3115 2518 3202 2574 vel
3238 2516 3458 2590 aliquod
3487 2531 3608 2571 ma-

2027 2615 2141 2671 lum
2186 2631 2255 2673 ea
2302 2614 2390 2671 his
2426 2630 2551 2686 qua:
2594 2615 2851 2685 superius
2883 2611 3336 2675 memoravimus,
3370 2609 3613 2663 latenter

2028 2710 2346 2782 irrepserit;
2398 2724 2510 2764 non
2534 2709 2859 2775 erubescat,
2885 2707 2980 2779 qui
3022 2706 3220 2761 animae
3262 2720 3378 2761 suae
3416 2719 3613 2759 curam

2025 2802 2184 2872 gerit,
2218 2800 2469 2857 conﬁteri
2500 2801 2615 2857 hxec
2639 2801 2768 2855 huic
2792 2801 2886 2871 qui
2922 2806 3120 2871 praeest
3138 2840 3153 2865 ,
3180 2805 3241 2853 ut
3268 2797 3338 2852 ab
3367 2798 3485 2868 ipso
3509 2812 3614 2868 per

2026 2897 2251 2952 verbum
2320 2896 2416 2950 Dei
2465 2903 2521 2952 et
2566 2896 2859 2951 consilium
2924 2895 3145 2951 salubre
3194 2900 3441 2958 curetur,
3498 2906 3619 2962 quo

2026 2988 2201 3062 possit
2248 2988 2458 3059 integra
2480 2986 2584 3044 ﬁde
2605 2994 2659 3044 et
2701 2987 2960 3058 operibus
2993 2987 3151 3043 bonis
3180 3000 3375 3056 poenas
3418 2983 3614 3040 aeterni

2026 3082 2171 3153 ignis
2213 3081 2475 3153 effugere,
2516 3088 2570 3137 et
2623 3081 2689 3136 ad
2713 3087 2987 3151 perpetua:
3018 3079 3140 3135 vitae
3164 3077 3388 3151 praemia
3417 3092 3615 3149 perve-

2026 3173 2167 3227 nire.

2098 3262 2325 3318 Diacom
2360 3274 2491 3319 vero
2519 3262 2780 3320 Ecclesia
2803 3261 2877 3330 ⁷⁸,
2902 3270 3165 3335 tanquam
3194 3262 3340 3317 oculi
3362 3260 3474 3318 sint
3494 3262 3615 3331 epi-

2026 3357 2179 3429 sc0pi
2203 3358 2527 3413 oberranles
2556 3354 2627 3422 ",
2660 3364 2714 3412 et
2744 3358 3266 3412 circumlustrantes
3306 3370 3431 3409 cum
3455 3346 3619 3410 vere?

2028 3447 2229 3501 cundia
2260 3455 2419 3503 actus
2441 3448 2617 3502 totius
2645 3443 2933 3512 Ecclesia},
2963 3456 3019 3501 et
3048 3452 3459 3519 perscrutantes
3486 3443 3618 3499 dili-

2027 3539 2245 3610 gentius
2269 3578 2286 3603 ,
2320 3539 2366 3595 si
2403 3553 2567 3609 quem
2607 3537 2830 3594 videant
2858 3539 3097 3593 vicinum
3128 3537 3247 3594 ﬁeri
3275 3535 3619 3609 precipitio,

2026 3639 2080 3686 et
2111 3632 2422 3702 proximum
2446 3646 2569 3687 esse
2593 3638 2842 3701 peccato,
2875 3637 2937 3685 ut
2980 3629 3225 3687 referant
3256 3630 3373 3685 haec
3398 3628 3465 3683 ad
3489 3631 3616 3700 epi-

2028 3738 2277 3794 scopum,
2311 3731 2365 3778 et
2386 3723 2725 3777 commoneri
2754 3724 2823 3777 ab
2845 3738 2911 3778 eo
2940 3722 3117 3793 possit
3149 3721 3196 3777 is
3218 3722 3312 3792 qui
3341 3721 3399 3777 in
3425 3722 3619 3793 praci-

2027 3815 2221 3885 pitium
2248 3816 2505 3885 lapsurus
2532 3824 2657 3881 est,
2697 3816 2776 3869 uti
2820 3823 3131 3882 revocetur,
3157 3823 3213 3873 et
3248 3830 3360 3871 non
3390 3824 3619 3877 corruat

2027 3907 2081 3961 in
2112 3912 2417 3979 peccatum.
2441 3905 2873 3978 Negligentiores
2892 3906 2940 3938 "‘
2963 3922 3204 3977 quoque,
3231 3914 3393 3964 eteos
3414 3907 3618 3978 quira-

2026 3998 2143 4054 rius
2166 3997 2233 4052 ad
2266 3997 2598 4051 audiendum
2630 3996 2857 4051 verbum
2884 3994 2977 4051 Dei
3008 3995 3299 4063 accedunt,
3333 4011 3435 4051 nec
3458 3995 3619 4052 solli-

2027 4090 2134 4145 cite
2156 4090 2224 4144 ad
2253 4089 2496 4159 episcopi
2529 4095 2825 4144 tractatum
2850 4088 3207 4152 conveniunt,
3238 4087 3344 4160 ipsi
3374 4102 3619 4143 commo-

2028 4189 2195 4237 neant
2216 4190 2269 4235 et
2292 4181 2602 4237 hortentur.
2640 4179 2698 4235 Si
2729 4182 2877 4237 enim
2916 4180 3124 4237 assidui
3157 4181 3270 4237 sint
3287 4180 3359 4236 ad
3384 4181 3618 4237 audien-

2028 4275 2182 4339 dum,
2214 4290 2322 4328 non
2360 4274 2537 4327 solum
2568 4274 2691 4327 vitce
2715 4281 2933 4328 aeterna:
2967 4289 3035 4328 ex
3074 4273 3283 4331 salubri
3307 4275 3619 4327 commoni-

2029 4368 2175 4421 tione
2197 4366 2421 4435 capiunt
2461 4365 2637 4431 lucra,
2659 4380 2849 4420 verum
2872 4371 2927 4419 et
2971 4379 3313 4437 qumcunque
3353 4364 3459 4419 illas
3484 4370 3619 4419 sunt

340 4459 473 4530 quia
507 4475 609 4530 per
638 4460 754 4515 base
779 4461 1100 4531 temporalia
1130 4460 1328 4525 cilicia,
1360 4462 1515 4530 pacis
1543 4468 1597 4516 et
1639 4460 1924 4515 charitatis
1960 4469 2001 4523 ο
2030 4461 2267 4517 tristitia:
2295 4461 2377 4514 vel
2419 4474 2706 4523 mmrores,
2739 4474 2861 4530 qua:
2882 4460 2929 4491 "
2958 4475 3024 4515 ex
3053 4459 3341 4532 prmsentis
3363 4458 3489 4513 vitae
3516 4474 3618 4514 ne-

342 4550 617 4607 fructibus
646 4550 847 4622 gaudia
877 4560 1079 4607 aeterna
1120 4552 1466 4607 merebimini
1500 4550 1569 4605 τι.
1624 4551 1793 4605 Multo
1824 4566 1924 4605 au-

344 4651 454 4698 tem
480 4645 774 4701 sollicitius
804 4645 1114 4701 esurientes
1144 4642 1370 4707 reﬁcite,
1403 4650 1457 4699 et
1490 4643 1805 4698 sitientibus
1829 4657 1926 4712 po-

342 4744 458 4789 tum
491 4736 640 4800 date,
676 4738 841 4792 nudis
871 4738 1297 4802 vestimentum;
1344 4750 1520 4806 aegros
1567 4736 1825 4798 visitate,
1870 4744 1924 4789 et

343 4840 443 4880 eos
470 4826 565 4896 qui
587 4827 642 4881 in
672 4841 899 4883 carcere
928 4835 1077 4891 sunt,
1105 4835 1267 4898 prout
1298 4826 1556 4897 possibile
1578 4834 1683 4889 est,
1704 4825 1921 4895 juvate;

346 4919 671 4989 peregrinos
701 4920 838 4976 satis
868 4929 1118 4993 prompte
1150 4921 1204 4975 in
1228 4920 1482 4975 domibus
1516 4920 1715 4974 vestris
1746 4918 1927 4974 susci—

2032 4552 2382 4609 cessitatibus
2409 4562 2462 4606 et
2492 4551 2742 4607 cladibus
2764 4562 3066 4622 temporum
3107 4551 3354 4616 veniunt,
3384 4567 3625 4622 quaeque

2034 4646 2301 4700 malorum
2334 4644 2683 4701 sermonibus
2724 4642 2772 4675 ’⁸
2803 4645 2857 4698 in
2891 4643 3058 4699 corde
3097 4657 3201 4700 suo
3244 4644 3389 4700 velut
3427 4642 3616 4712 jacula

2032 4738 2207 4793 deﬁxa
2255 4737 2692 4801 circumferunt,
2745 4735 3081 4806 abjiciuntur
3116 4736 3301 4791 omnia
3344 4735 3617 4806 pradica-

2029 4830 2179 4885 tione
2202 4831 2468 4896 veritatis,
2498 4839 2551 4883 et
2580 4831 2703 4884 vita:
2716 4841 2932 4886 aeterna:
2952 4829 3202 4885 doctrina
3232 4830 3300 4893 "’,
3339 4838 3393 4884 et
3433 4828 3617 4885 erudi-

2031 4923 2177 4976 tione
2212 4928 2461 4991 purgata.
2502 4921 2759 4992 Alioquin
2790 4924 2837 4979 si
2866 4923 3044 4978 multo
3072 4929 3319 4991 tempore
3360 4922 3613 4976 auditum

347 5009 549 5064 nite".
580 5009 647 5063 Et
675 5026 747 5065 ne
785 5010 972 5065 omnia
1002 5027 1150 5066 nunc
1176 5013 1493 5083 singulatim
1521 5010 1700 5065 dicam
1722 5052 1737 5078 ,
1769 5025 1932 5066 omne
2032 5011 2361 5066 subtrahant
2383 5026 2413 5065 a
2438 5009 2606 5067 verbo
2627 5011 2744 5077 Dei,
2777 5020 2833 5067 et
2866 5019 3188 5068 remaneant
3214 5012 3261 5043 ⁸⁸
3292 5013 3346 5067 in
3380 5013 3533 5067 cultu
3566 5014 3613 5045 ⁸¹

347 5114 555 5157 bonum
590 5102 708 5173 ipsa
737 5119 835 5173 per
864 5119 927 5159 se
954 5103 1025 5176 (si
1057 5105 1113 5160 in
1141 5105 1304 5159 vobis
1343 5102 1527 5174 fuerit)
1559 5104 1803 5159 cbaritas
1834 5120 1931 5160 vos
2030 5104 2311 5166 vitiorum,
2338 5104 2457 5157 sine
2486 5102 2656 5157 dubio
2679 5104 2854 5174 spinis
2881 5111 3045 5159 erunt
3072 5118 3137 5158 ac
3163 5104 3210 5135 “
3234 5104 3488 5159 sentibus
3516 5119 3617 5159 oc-

349 5194 536 5252 facere
557 5195 814 5261 docebit,
844 5197 992 5252 sicut
1018 5205 1074 5252 et
1102 5197 1416 5253 econtrario
1446 5213 1542 5253 eos
1568 5198 1660 5267 qui
1693 5213 1723 5251 a
1753 5197 1931 5253 salute
2027 5196 2234 5265 cupati.
2263 5193 2328 5247 Et
2356 5194 2487 5265 quid
2514 5192 2684 5257 aliud,
2716 5194 2824 5249 nisi
2856 5194 2922 5249 ad
2957 5196 3135 5265 ignem
3172 5194 3299 5250 talis
3318 5195 3433 5250 hare
3464 5204 3613 5249 terra

349 5284 514 5342 alieni
539 5292 691 5353 sunt,
714 5301 880 5343 omne
907 5288 1113 5341 malum
1138 5286 1317 5345 facere
1341 5288 1527 5344 odium
1557 5287 1736 5343 docet.
2028 5286 2464 5359 praeparabitur?
2485 5286 2561 5343 De
2592 5287 2679 5343 his
2699 5302 2860 5358 ergo,
2886 5294 2946 5341 ut
2977 5286 3245 5350 diximus,
3275 5285 3532 5342 diaconis
3563 5287 3615 5318 ⁸³

417 5490 825 5565 "‘Et_in_Decr.
857 5495 978 5560 lvo,
1019 5496 1115 5551 lib.
1169 5513 1267 5565 VI}:
1343 5498 1389 5565 ξι
1430 5496 1708 5551 udornale.
1785 5498 1830 5529 ⁶⁹
1877 5497 2189 5551 extrudemr
2224 5514 2256 5549 a
2307 5495 2593 5565 regalibus.
2668 5496 2715 5528 "°
2736 5494 2969 5551 Constit.
3031 5512 3085 5552 ιν
3130 5494 3189 5565 2.
3258 5494 3306 5527 "
3365 5492 3497 5565 item
3542 5510 3613 5565 Διιι

351 5575 439 5641 ep.
467 5561 503 5614 2
544 5560 861 5641 S_._Ehvarlsti
891 5583 1063 5641 papae.
1138 5560 1407 5641 7:31am}.
1457 5583 1582 5641 xxv.
1644 5639 1651 5641 ξ
1690 5568 1739 5598 ⁷³
1778 5567 2071 5641 “unumst.
2116 5568 2173 5627 l,
2214 5566 2274 5620 Si
2294 5560 2528 5641 quiest.
2639 5567 2687 5641 ’ξ
2730 5566 2983 5622 Distinet.
3038 5564 3387 5641 93,Diacom'
3425 5562 3617 5631 Eccle-

354 5584 439 5628 ep.
470 5584 503 5614 ι
545 5584 601 5620 δ.
631 5584 861 5620 nvansu
891 5584 955 5635 pa
999 5584 1063 5621 ω.
1143 5584 1183 5598 ·-
1216 5584 1407 5617 mauu.
1457 5584 1582 5621 xxv.
1695 5584 1739 5598 "
1778 5584 2071 5637 nulumsu
2116 5584 2173 5627 1,
2214 5584 2385 5637 atqu:
2429 5584 2528 5620 est.
2644 5584 2687 5599 ’ν
2732 5584 2983 5622 υιειιιιοι.
3038 5584 3132 5633 vo,
3162 5584 3386 5619 wacom
3425 5584 3609 5631 bitu}-

354 5631 475 5711 giajz
573 5635 619 5667 τ’
650 5635 840 5691 Const.
868 5584 1042 5701 ",1)‘.
1141 5637 1202 5711 1⁸
1231 5636 1331 5689 Ms.
1354 5635 1794 5711 Negligeiqiores,
1825 5648 1880 5691 et
1914 5639 1984 5691 ita
2022 5652 2258 5711 semper.
2309 5706 2319 5711 _
2367 5638 2413 5668 "’
2448 5637 2551 5711 Ms.
2594 5638 2705 5707 qui,
2759 5645 2813 5694 et
2835 5654 2907 5711 ex
2933 5637 3439 5711 rece_n_tiori_manu
3465 5650 3609 5703 qum,

430 5700 527 5782 iis.
560 5706 1265 5782 (ιιιιυειμηιμιεΑβιεΪηιοηὶὁιιδΔ
1295 5700 1457 5759 suis:
1501 5700 1546 5738 τυ
1573 5708 1679 5782 _M_s.
1734 5700 2231 5782 rilwhrelfruita'le,
2274 5706 2565 5782 doctrina,
2607 5700 2720 5763 'ctc.
2832 5705 2880 5741 ⁸⁸
2928 5704 3115 5760 inculti
3164 5700 3607 5767 vitiorum,'etc.

366 5768 407 5801 ⁹¹
442 5770 542 5829 Ms.
573 5768 613 5827 ἀ
647 5768 811 5831 cultu.
889 5778 934 5811 ⁸³
957 5778 1124 5834 Deum
1159 5779 1471 5847 amiseram,
1501 5779 1666 5850 spinis
1702 5794 1782 5833 ac.
1861 5778 1906 5810 ⁸³
1940 5777 2039 5834 Ms.
2072 5778 2303 5835 diaconi.
