3896 6174
241 295 356 357 469

1487 280 1845 337 EPISTOLE
1879 273 2352 335 DECRETALES.

3395 286 3520 342 τίῖῶ

239 424 380 467 cura
405 407 497 464 sit.
519 405 628 464 Sed
653 411 709 463 et
727 419 824 465 eos
847 403 941 474 qui
971 399 1273 462 secundum
1293 413 1514 456 carnem
1537 402 1824 469 aegrotant.
1857 398 1904 453 Α
1933 391 2110 447 tiones
2139 390 2272 460 ipsa:
2300 388 2348 420 “
2374 387 2536 445 bonis
2564 387 2809 448 moribus
2848 396 2902 445 et
2925 388 3084 446 bonis
3116 391 3375 464 operibus
3407 396 3508 451 ad.

241 499 857 570 solliciteperquirant,
887 504 943 556 et
979 497 1124 568 plebi
1154 495 1226 568 (si
1255 493 1394 550 forte
1424 492 1580 564 plebs
1610 491 1656 523 ⁸⁸
1681 491 1831 562 igno-

242 594 352 663 rat)
386 592 634 648 indicent
656 591 724 647 de
749 591 859 659 his,
902 597 964 646 ut
1002 596 1057 647 et
1093 588 1201 660 ipsi
1229 587 1452 647 visitent
1479 600 1596 650 eos,
1629 590 1685 640 et
1709 597 1832 652 quae

241 687 564 743 necessaria
585 693 738 751 sunt,
775 685 1056 756 praebeant
1084 685 1164 739 eis
1190 698 1316 738 cum
1345 680 1685 735 conscientia
1705 678 1828 747 ejus

239 781 338 851 qui
376 786 594 849 praeest.
635 778 792 845 Quod
823 778 868 811 ⁸⁸
896 784 1078 832 tamen
1103 776 1276 832 etiam
1307 773 1354 829 si
1386 773 1524 827 clam
1558 769 1788 827 fecerint
1810 809 1826 833 ,

240 887 356 926 non
387 871 716 941 peccabunt,
747 869 842 926 sed
893 878 948 926 et
975 869 1042 924 de
1072 867 1407 940 peregrinis'
1432 864 1683 921 similiter
1711 862 1830 934 epi-

239 977 416 1032 scopo
475 967 769 1034 suggerant
804 957 1150 1027 refovendis;
1183 966 1236 1013 et
1265 965 1459 1013 caitera
1487 954 1574 1010 his
1606 954 1826 1016 similia,

236 1067 368 1123 quae
408 1051 477 1106 ad
516 1052 723 1106 cultum
749 1049 1005 1106 Ecclesiae
1046 1057 1102 1106 et
1143 1048 1488 1120 disciplinam
1517 1048 1637 1118 ejus
1661 1045 1828 1116 perii.

239 1155 399 1209 nent,
430 1144 678 1200 diaconis
707 1159 853 1200 cura:
877 1143 989 1200 sint
1018 1142 1085 1198 ⁸⁸.
1131 1141 1237 1209 Qui
1268 1142 1631 1206 catechizant,
1663 1139 1717 1194 id
1747 1149 1830 1196 est

237 1236 341 1304 qui
372 1235 544 1290 verbo
572 1235 852 1292 instruunt
883 1234 1212 1305 incipientes
1232 1271 1250 1298 ,
1286 1233 1464 1305 primo
1497 1239 1734 1303 oportet,
1769 1238 1829 1285 ut

239 1326 350 1396 ipsi
383 1326 642 1381 instructi
669 1326 781 1382 sint
804 1344 820 1395 ;
851 1325 918 1381 de
940 1325 1123 1383 anima
1148 1327 1294 1382 enim
1318 1326 1498 1398 agitur
1519 1325 1826 1381 hominum.

241 1420 311 1474 Et
343 1427 561 1491 oportet
588 1435 713 1476 eum
741 1419 833 1491 qui
865 1419 1024 1476 docet
1052 1427 1106 1474 et
1129 1419 1358 1476 instruit
1379 1419 1592 1479 animas
1623 1419 1787 1475 rudes
1807 1459 1829 1487 ,

236 1529 369 1570 esse
397 1514 562 1569 talem
582 1554 597 1582 ,
630 1521 689 1568 ut
718 1528 818 1584 pro
849 1514 1070 1586 ingenio
1096 1513 1427 1572 discentium
1467 1515 1826 1586 semetipsum

240 1604 424 1675 possit
452 1612 662 1675 aptare,
679 1612 738 1661 et
766 1604 918 1660 verbi
951 1604 1197 1662 ordinem
1222 1620 1323 1676 pro
1353 1605 1624 1662 audientis
1664 1620 1828 1676 capa-

235 1702 414 1756 citate
452 1699 711 1770 dirigere.
747 1697 918 1755 Debet
945 1714 1076 1770 ergo
1106 1699 1224 1770 ipse
1255 1701 1532 1771 praecipue
1565 1701 1612 1734 "
1636 1702 1823 1773 appri-

239 1807 332 1846 me
360 1806 488 1846 esse
516 1790 768 1846 eruditus
788 1796 844 1844 et
873 1789 1108 1854 doctus,
1141 1789 1672 1860 irreprehensibilis,
1703 1805 1825 1846 ma-

238 1889 430 1946 turus,
460 1881 790 1952 impavidus,
827 1880 1096 1952 sicutipsi
1117 1880 1424 1953 probabitis
1445 1881 1562 1938 fore
1583 1880 1830 1939 Clemen,

238 1985 352 2027 tem
388 1972 536 2026 hunc
556 1981 682 2042 post
705 1987 814 2027 me.
851 1970 1081 2028 Multum
1110 1980 1196 2030 est
1224 1980 1432 2042 autem,
1463 1974 1515 2031 si
1539 1989 1646 2046 ego
1677 1990 1830 2032 nunc

239 2069 311 2122 de
350 2066 611 2137 singulis,
637 2082 763 2138 quae
778 2069 1166 2140 unusquisque
1193 2069 1399 2132 habere
1435 2069 1632 2129 debeat
1651 2112 1674 2141 ,
1699 2087 1829 2143 pro-

239 2172 470 2226 sequar.

312 2248 706 2312 Verumtamen
731 2253 869 2312 illud
904 2263 988 2312 est
1013 2254 1161 2326 quod
1182 2271 1294 2327 prae
1319 2259 1534 2316 ueteris
1552 2259 1631 2316 ab
1651 2260 1832 2316 omni-

241 2341 349 2398 bus
379 2342 538 2400 vobis
565 2344 726 2412 cupio
748 2345 809 2399 in
833 2360 1121 2402 commune
1137 2347 1366 2413 servari.
1391 2355 1453 2403 ut
1478 2348 1828 2406 concordiam

240 2433 506 2499 teneatis,
539 2450 634 2504 per
659 2435 807 2505 quod
836 2436 1013 2490 solum
1045 2436 1090 2472 ⁸³
1120 2438 1349 2507 potestis
1381 2449 1599 2509 portum
1625 2441 1834 2512 quietis

243 2521 479 2585 intrare,
505 2529 561 2577 et
583 2525 856 2581 civitatem
881 2527 1080 2582 summi
1107 2529 1270 2601 regis,
1297 2545 1418 2600 quae
1447 2545 1553 2603 pan
1572 2532 1827 2591 nomina-

242 2621 361 2677 tur,
390 2613 640 2671 habitare
665 2616 734 2672 ".
767 2615 1034 2678 Similis”
1071 2635 1306 2692 namque
1325 2630 1414 2678 est
1441 2631 1618 2681 status
1646 2627 1829 2683 omnis

245 2704 512 2761 Ecclesiae
559 2723 770 2780 magnae
817 2711 979 2775 navi,
1025 2728 1150 2783 quae
1172 2730 1270 2783 per
1301 2715 1572 2772 undosum
1601 2718 1835 2790 pelagus

244 2797 486 2852 diversis
506 2813 538 2852 e
569 2799 705 2854 locis
734 2807 788 2854 et
810 2801 1127 2873 regionibus
1158 2805 1307 2864 viros
1335 2813 1536 2876 portat,
1562 2809 1634 2862 ad
1662 2824 1826 2864 unam

245 2887 492 2955 potentis
517 2889 669 2960 regni
697 2890 886 2948 urbem
912 2907 1206 2962 properare
1231 2895 1540 2964 cupientes.
1581 2893 1663 2950 Sit
1696 2911 1826 2967 ergo

244 2979 406 3034 navis
432 2978 600 3049 hujus
625 2980 892 3040 Dominus
917 2983 986 3050 ",
1013 2984 1131 3054 ipse
1160 2986 1506 3056 omnipotens
1539 2988 1700 3056 Deus,
1727 3004 1828 3060 gu-

247 3071 512 3127 bernator
535 3088 665 3128 vero
695 3074 768 3128 sit
792 3073 1062 3132 Christus.
1100 3075 1236 3132 Tum
1262 3079 1460 3136 deinde
1491 3089 1725 3154 proretze
1746 3082 1831 3142 of-
1859 3085 1899 3140 C

246 3164 438 3218 licium
491 3165 782 3237 episcopus
837 3168 1094 3239 impleat,
1147 3172 1451 3242 presbyteri
1500 3181 1830 3243 nautarum,

244 3255 470 3310 diaconi
501 3255 946 3326 dispensatorum
976 3259 1157 3314 locum
1180 3269 1398 3316 teneant
1432 3280 1446 3317 :
1479 3261 1540 3316 hi
1565 3263 1663 3334 qui
1683 3271 1832 3321 cate-

243 3347 496 3413 chizaut,
529 3349 839 3420 nautologis
883 3352 1272 3423 conferantur;
1321 3356 1556 3426 epibatis
1602 3365 1784 3416 autem
1813 3402 1827 3427 ,

247 3439 424 3494 totius
455 3439 816 3497 fraternitatis
841 3445 1131 3500 multitudo
1153 3446 1349 3503 similis
1374 3448 1478 3516 sit;
1502 3449 1680 3519 ipsum
1701 3469 1834 3524 quo-

245 3547 358 3600 que
382 3546 534 3588 mare
552 3533 645 3588 hic
675 3534 914 3592 mundus
937 3536 1202 3594 habeatur
1234 3557 1245 3593 :
1281 3548 1564 3602 ventorum
1586 3559 1714 3600 vero
1733 3561 1828 3600 va-

244 3626 477 3683 rietates
504 3635 561 3681 et
590 3627 872 3684 turbinum
897 3667 912 3690 ,
944 3627 1178 3686 diversis
1218 3634 1614 3696 tentationibus
1642 3640 1830 3694 confe—

247 3729 486 3780 rantur;
535 3722 977 3790 persecutiones,
1029 3722 1412 3784 tribulatioues
1452 3737 1506 3785 et
1551 3733 1826 3800 pericula.

247 3811 513 3866 fluctibus
553 3819 928 3881 exaequentur.
973 3812 1202 3880 Terreni
1250 3832 1379 3875 vero
1421 3820 1686 3890 spiritus,
1735 3827 1828 3894 qui

249 3900 334 3954 vel
365 3900 435 3955 de
457 3901 816 3965 torrentibus,
842 3901 931 3956 vel
945 3901 1018 3962 de
1040 3904 1385 3963 convallibus
1408 3907 1640 3977 spirant,
1667 3926 1831 3980 pseu-

245 3993 715 4063 doprophetarum
749 4002 801 4051 et
829 3993 1203 4062 seductorum,
1234 4012 1330 4054 seu
1360 4015 1540 4070 pravae
1571 4001 1832 4058 doctrinae

247 4084 420 4139 verba
457 4083 732 4140 ducantur
759 4085 805 4115 θ’
840 4104 853 4139 :
887 4089 1258 4155 promontoria
1288 4105 1420 4150 vero
1448 4103 1505 4146 et
1540 4093 1660 4148 loca
1693 4109 1829 4150 con-

249 4176 495 4246 fragosa,
531 4175 586 4230 hi
605 4175 709 4246 .qui
742 4177 798 4231 in
827 4180 1192 4247 potestatibus
1221 4182 1410 4237 saeculi
1433 4192 1565 4240 sunt
1589 4185 1827 4257 judices,

248 4279 307 4326 et
335 4269 579 4340 pericula
614 4271 896 4325 minantur
924 4280 978 4326 et
1009 4281 1235 4330 mortes.
1284 4274 1595 4334 Dithalassa
1625 4280 1672 4312 ”
1699 4297 1832 4339 vero

251 4363 411 4425 loca,
444 4375 566 4431 qua:
595 4359 909 4431 duplicibus
957 4364 1114 4418 undae
1147 4365 1358 4424 fallacis
1378 4370 1606 4427 aestibus
1639 4375 1832 4431 verbe-

249 4460 472 4517 rantur,
507 4452 691 4509 dubiis
721 4462 924 4518 mente,
964 4462 1020 4509 et
1057 4454 1125 4511 de
1166 4459 1657 4527 repromissionum
1688 4466 1832 4520 veri-
1866 4433 1909 4487 Β

247 4554 367 4601 tate
396 4544 724 4603 nutantibus
745 4547 1124 4614 conferantur,
1157 4558 1324 4621 atque
1351 4551 1438 4609 his
1477 4555 1574 4624 qui
1610 4555 1833 4614 irratio-

251 4637 429 4692 nabili
457 4636 618 4691 fidem
652 4646 900 4695 nostram
925 4640 1140 4696 ratione
1167 4642 1494 4703 discutiunt.
1525 4646 1833 4718 Hypocritae

251 4738 443 4784 autem
461 4737 516 4785 et
532 4729 727 4798 dolosi,
753 4732 946 4803 piratis
974 4733 1182 4789 similes
1214 4735 1534 4794 habeantur.
1560 4739 1677 4796 Jam
1703 4759 1832 4800 vero

254 4821 488 4890 rapidus
520 4829 729 4888 vortex,
761 4831 817 4878 et
858 4831 1097 4880 tartarea
1126 4825 1435 4898 Charybdis
1455 4870 1470 4894 ,
1498 4841 1555 4886 et
1582 4835 1732 4889 saxis
1761 4835 1831 4888 il-

253 4914 361 4968 lisa
406 4911 716 4986 naufragia,
768 4930 834 4972 ac
869 4917 1164 4974 mortiferae
1202 4920 1652 4988 submersiones,
1700 4928 1834 4996 quid

253 5004 409 5060 aiiud
461 5008 781 5064 aestimanda
846 5018 1011 5075 sunt,
1087 5026 1253 5082 quam
1311 5018 1576 5082 peccata?
1633 5013 1828 5075 Restat

256 5101 472 5171 igitur,
545 5107 606 5154 ut
665 5099 783 5156 haec
834 5103 989 5157 navis
1044 5118 1210 5159 cursu
1242 5120 1507 5176 prospero
1549 5117 1664 5166 tuta
1704 5128 1832 5182 pos-

255 5194 332 5247 sit
362 5199 582 5263 portum
622 5192 945 5250 desiderata:
978 5195 1132 5250 urbis
1178 5196 1386 5255 intrare
1407 5239 1422 5261 ,
1459 5201 1535 5255 ita
1570 5201 1682 5258 Deo
1711 5219 1834 5274 pre-

254 5295 380 5336 cem
411 5279 642 5337 fundere
671 5283 1012 5355 navigantes,
1049 5295 1108 5340 ut
1139 5297 1456 5348 mereantur
1485 5293 1682 5350 audiri.
1716 5294 1832 5352 An-

255 5372 369 5430 diri
397 5381 583 5433 autem
606 5390 638 5430 a
665 5374 777 5432 Deo
804 5377 879 5435 ita
901 5377 1119 5436 demum
1150 5380 1448 5437 merebitur
1469 5385 1615 5454 quis,
1639 5388 1685 5442 si
1711 5404 1837 5444 ora-

344 5557 393 5594 α
425 5555 504 5612 Ex
534 5572 638 5614 ms.
682 5559 802 5616 dele

259 5627 312 5699 ἑο
359 5643 528 5699 quam
563 5629 755 5684 solam.
855 5627 914 5664 ⁷⁸³
947 5630 1237 5688 ltedundat
1274 5650 1378 5689 vox

259 5698 309 5770 ξ’
336 5698 580 5755 Anaclet.
605 5701 764 5770 epist.
803 5700 1068 5763 i,Const.
1113 5721 1172 5766 ll,
1198 5704 1286 5758 61.
1364 5708 1410 5738 "
1476 5698 1738 5769 tacentur.

854 5561 1012 5632 pletis.
1047 5631 1052 5632 ί
1097 5563 1144 5594 ⁸⁵
1177 5563 1313 5619 Dist.
1350 5564 1453 5623 95,
1480 5566 1705 5625 Draconi
1737 5573 2008 5632 Ecclesia.

1927 481 2211 552 juventur.
2248 478 2356 536 Sed
2389 487 2516 536 ante
2564 480 2749 540 omnia
2788 496 2914 541 cum
2947 483 3129 554 quiete
3155 493 3213 542 et
3251 487 3508 552 silentio.

1931 573 2164 644 epibatae
2192 573 2269 646 (id
2299 583 2385 630 est
2415 572 2567 644 laici)
2600 573 2656 626 in
2687 573 2803 630 suis
2827 576 3206 648 unusquisque
3235 581 3520 646 resideant

1931 662 2103 730 locis,
2141 679 2210 718 ne
2242 662 2383 718 forte
2431 678 2530 735 per
2571 663 3003 735 inquietudinem
3029 705 3045 732 ,
3099 674 3155 723 et
3200 669 3514 734 incondito.

1931 753 2265 824 inutilesque
2302 753 2592 810 discursus
2613 795 2629 824 ,
2672 753 2719 808 si
2749 756 2956 826 passim
2986 757 3174 828 vagari
3203 763 3471 830 coeperint
3493 803 3509 828 ,

1932 844 2014 900 vel
2040 845 2108 900 ab
2136 845 2315 900 cilicio
2350 861 2452 902 suo
2489 852 2688 902 nautas
2719 845 3055 917 impediant,
3085 849 3170 906 vel
3192 850 3248 908 in
3275 853 3509 912 alterum

1929 937 2074 993 latus
2124 952 2220 1006 per
2271 935 2709 1006 inquietudinem
2754 952 2947 994 eorum
2993 938 3152 996 navis
3184 957 3375 1013 pressa
3415 946 3512 1000 de-

1931 1035 2229 1099 mergatur.
2259 1026 2546 1099 Nautologi
2569 1029 2639 1086 de
2663 1029 3006 1090 mercedibus
3023 1031 3070 1064 "
3094 1046 3508 1104 commoncant;

1928 1126 1983 1174 et
2009 1120 2146 1176 nihil
2176 1119 2404 1176 omnino
2441 1121 2588 1190 quod
2627 1120 2694 1174 ad
2729 1120 3070 1192 diligentiam
3109 1123 3196 1185 vel
3231 1125 3302 1184 ad
3343 1126 3510 1183 disci-

1927 1211 2134 1281 plinam
2173 1212 2430 1282 pertinet,
2461 1211 2679 1270 diaconi
2709 1212 3009 1284 negligant.
3039 1210 3352 1288 Presbyteri
3401 1217 3512 1273 vel-

1902 1323 1908 1342 -
1932 1307 1992 1356 ut
2030 1308 2214 1358 nautae
2243 1309 2431 1372 aptent
2461 1302 2673 1378 singula
2710 1304 2777 1358 ad
2804 1303 3222 1362 instructionem
3245 1304 3408 1364 enavis
3428 1305 3512 1360 di-

1927 1388 2196 1462 ligenter,
2245 1397 2300 1447 et
2343 1391 2622 1450 instruant
2667 1408 2789 1470 quae
2827 1393 2884 1453 in
2911 1409 3013 1453 suo
3051 1401 3296 1472 tempore
3327 1397 3512 1466 requi-

1929 1480 2099 1536 renda
2131 1488 2283 1538 sunt.
2310 1479 2618 1554 Episcopus
2645 1489 2907 1554 tanquam
2933 1491 3190 1554 proreta,
3223 1483 3512 1555 vigilanter

1929 1580 1984 1626 et
2021 1572 2252 1628 sollicite
2299 1573 2687 1644 gubernatoris
2736 1574 2902 1630 verba
2953 1575 3227 1635 custodiat
3279 1575 3508 1640 Christi,

1932 1661 2187 1718 Salvator
2217 1663 2484 1722 Dominus
2527 1665 2867 1738 gubernator
2904 1664 3165 1723 Ecclesiae
3199 1683 3346 1733 suae,
3387 1667 3512 1728 dili-

1858 1741 1904 1804 B
1930 1761 2088 1826 gatur
2112 1754 2179 1810 ab
2207 1754 2485 1820 omnibus,
2509 1767 2562 1810 et
2593 1756 2767 1826 ipsius
2792 1756 2966 1814 solius
2983 1757 3275 1828 praeceptis
3299 1771 3364 1811 ac
3388 1757 3509 1827 jus‘

1933 1844 2012 1907 sis
2051 1845 2239 1900 credat
2265 1852 2322 1902 et
2353 1846 2571 1900 obediat
2601 1846 2779 1901 omnis
2819 1844 3088 1904 Ecclesia.
3139 1845 3253 1904 Deo
3294 1861 3512 1918 quoque

1932 1935 2311 1992 indesinenter
2334 1936 2672 2006 supplicetur
2703 1952 2736 1992 a
2778 1937 2996 1992 cunctis
3030 1935 3098 1991 de
3139 1935 3503 2008 prosperitate

1932 2036 2261 2096 ventorum,
2302 2035 2361 2084 ut
2388 2029 2711 2099 navigantes
2755 2044 2974 2085 omnem
3017 2029 3426 2084 tribulationem
3458 2037 3509 2083 et

1931 2136 2095 2177 omne
2135 2121 2442 2192 periculum
2489 2129 2785 2193 superent,
2816 2130 3080 2192 tanquam
3106 2135 3259 2176 mare
3283 2119 3512 2192 profun-

1931 2212 2062 2269 dum
2086 2211 2274 2268 mundi
2307 2212 2467 2269 istius
2488 2222 2543 2268 et
2571 2211 2698 2266 vitae
2729 2211 2980 2267 humanae
2997 2213 3223 2284 pelagus
3250 2212 3514 2284 navigan-

1931 2310 2036 2370 les,
2072 2302 2130 2357 in
2158 2316 2267 2376 quo
2294 2301 2647 2360 esuriemlum
2678 2300 2750 2355 sit
2778 2308 2832 2355 et
2856 2300 3177 2365 sitiendum,
3208 2297 3511 2353 nuditatem

1931 2409 2147 2466 quoque
2182 2391 2489 2459 ferendam,
2526 2391 2750 2446 morbos
2780 2393 2940 2448 etiam
2977 2391 3234 2462 .corporis
3272 2399 3325 2445 et
3351 2391 3511 2462 aegri-

1932 2484 2152 2540 tudines
2183 2481 2524 2538 tolerandas.
2551 2479 2778 2551 insuper
2806 2489 2860 2537 et
2889 2480 3172 2537 hominum
3205 2479 3420 2535 insidiis
3447 2494 3513 2533 ac

1931 2573 2058 2631 dolo
2080 2587 2222 2644 saepe
2251 2571 2637 2638 laborandum,
2677 2572 2879 2643 quippe
2906 2572 3000 2648 qui
3032 2571 3424 2642 dispergendos
3454 2585 3514 2625 se

1931 2679 2325 2735 nonnunquam
2355 2664 2628 2733 noverint,
2653 2663 2748 2719 sed
2777 2663 3072 2735 aliquando
3096 2663 3260 2718 etiam
3284 2679 3515 2734 congre-

1931 2753 2161 2824 gandos,
2195 2739 2685 2825 vomitus'quoque
2716 2750 3177 2822 etsugillationes
3223 2749 3474 2804 ferendas
3495 2790 3509 2808 .

1933 2859 2058 2898 cum
2089 2858 2156 2900 ex
2178 2842 2505 2900 confusione
2534 2851 2885 2914 peccatorum
2915 2848 2968 2897 et
3005 2841 3305 2912 rejectione
3333 2841 3514 2895 crimi-

1934 2951 2085 3000 num,
2109 2935 2425 2990 velutmale
2447 2933 2760 3006 congregati
2807 2934 2862 2988 in
2895 2934 3202 2990 visceribus
3225 2934 3398 3000 fellis,
3429 2935 3513 3005 ja-

1935 3035 2092 3078 ctura
2122 3023 2373 3081 facienda
2409 3031 2531 3092 est,
2575 3030 2629 3080 et
2672 3021 2981 3093 abjicienda
3030 3039 3257 3094 prorsus
3290 3039 3320 3078 e
3351 3025 3514 3079 corde

1935 3113 2115 3170 omnis
2142 3114 2478 3169 intrinsecus
2507 3127 2629 3184 quae
2677 3113 2807 3166 latet
2850 3113 3158 3168 amaritudo
3188 3114 3434 3184 peccati,
3465 3114 3514 3169 si

1933 3221 2044 3276 qua
2070 3206 2208 3261 forte
2231 3222 2298 3261 ex
2320 3206 2610 3262 desideriis
2635 3206 2858 3276 iniquis,
2892 3206 3036 3260 velut
3053 3221 3119 3260 ex
3153 3206 3289 3261 cibis
3310 3207 3512 3273 noxiis,

1933 3305 2263 3366 congregata
2297 3306 2401 3353 est.
2435 3296 2610 3363 Quam
2641 3297 2834 3367 utique
2881 3313 3007 3350 cum
3047 3298 3353 3352 evomuerit
3387 3299 3513 3369 quis

1932 3394 1985 3442 ct
2022 3387 2308 3460 abjecerit,
2341 3387 2576 3460 ingentis
2595 3387 2933 3458 tegritudinis
2958 3388 3277 3442 liberabitur
3300 3391 3510 3452 morbo,

1936 3479 1982 3532 si
2015 3489 2197 3533 tamen
2229 3487 2352 3550 post
2391 3479 2657 3533 vomitum
2680 3519 2696 3544 ,
2731 3493 2853 3548 quae
2893 3478 2959 3532 ad
3007 3479 3298 3534 sanitatem
3347 3481 3515 3552 perti-

1935 3577 2090 3634 nent,
2124 3577 2326 3626 sumat.
2371 3569 2762 3626 Verumtamen
2811 3570 3007 3626 scitote
3044 3574 3228 3625 cuncti
3253 3572 3334 3637 ",
3367 3574 3513 3641 quod

1933 3675 2096 3729 supra
2147 3674 2338 3716 omnes
2385 3672 2483 3715 vos
2528 3660 2739 3715 laboret
2796 3661 3122 3731 episcopus;
3171 3661 3299 3732 quia
3343 3679 3515 3719 unus-

1932 3751 2166 3821 quisque
2195 3759 2437 3806 vcstrum
2475 3767 2634 3806 suum
2666 3751 2946 3822 proprium
2978 3751 3083 3806 fert
3111 3753 3352 3808 laborem
3372 3797 3387 3823 ,
3424 3756 3515 3810 ille

1931 3851 2147 3899 veroet
2176 3857 2337 3899 suum
2374 3850 2427 3899 et
2459 3844 2822 3914 singulorum.
2857 3844 3087 3916 Propter
3116 3845 3284 3917 quod,
3323 3863 3357 3902 ο
3391 3849 3516 3904 (ὲιρη

1932 3950 2110 4000 mens,
2163 3942 2427 4005 tanquam
2467 3936 2561 4005 qui
2595 3937 2852 3992 omnibus
2882 3953 3117 4010 prmesse
3163 3947 3218 3994 te
3254 3942 3473 3996 noveris
3496 3982 3511 4008 ,

1934 4025 2184 4098 singulos
2209 4025 2393 4098 (prout
2439 4027 2706 4100 potueris)
2731 4028 2886 4098 juva,
2919 4037 2972 4084 et
3021 4031 3268 4100 singulos
3300 4033 3510 4099 releva,

1933 4120 2026 4188 qui
2077 4126 2134 4175 et
2189 4119 2531 4190 singulorum
2579 4135 2720 4176 onus
2743 4127 2797 4176 et
2843 4121 3271 4177 sollicitudinem
3303 4131 3508 4194 portas.

1936 4205 2090 4266 [inde
2127 4215 2184 4262 ct
2211 4222 2312 4278 ego
2343 4223 2490 4263 nunc
2522 4208 2663 4264 hanc
2694 4211 2792 4263 tibi
2823 4209 3116 4282 injungens
3150 4213 3514 4282 dispensatio—

1933 4312 2080 4362 nem,
2109 4298 2226 4352 scio
2257 4299 2387 4368 quia
2429 4299 2643 4370 accipio
2674 4300 2905 4370 gratiam
2936 4303 3109 4371 magis
3129 4342 3142 4364 ,
3173 4319 3336 4374 quam
3371 4321 3512 4375 prte-

1935 4398 2041 4443 sto.
2076 4387 2185 4444 Sed
2225 4397 2344 4446 esto
2389 4389 2671 4444 conlidens
2704 4398 2758 4445 et
2798 4391 3012 4446 fortiter
3063 4392 3279 4458 ferens;
3326 4403 3511 4452 certus

1939 4478 2065 4548 quia
2092 4479 2296 4535 laboris
2326 4480 2408 4534 tui
2433 4480 2690 4535 meritum
2717 4481 2949 4551 recipies
2970 4524 2984 4549 ,
3026 4497 3151 4538 cum
3193 4484 3261 4539 ad
3291 4494 3507 4555 portum

1938 4571 2139 4644 quietis
2201 4572 2531 4628 incolumem
2592 4573 2734 4627 hanc
2784 4575 3099 4644 provexeris
3154 4592 3370 4633 navem.
3431 4578 3521 4654 lbi)

1941 4667 2221 4724 mercedes
2245 4675 2299 4722 et
2333 4669 2555 4738 praemia
2591 4683 2690 4739 pro
2719 4671 2966 4723 omnium
2998 4671 3174 4726 salute
3206 4674 3472 4744 suscipies
3492 4716 3508 4742 ,

1941 4758 1990 4814 si
2018 4758 2109 4812 hic
2134 4775 2234 4830 pro
2262 4760 2507 4814 omnium
2539 4759 2917 4815 incolumitate
2962 4763 3290 4833 vigilaveris.
3325 4765 3512 4838 Itaque

1942 4850 1989 4905 si
2016 4857 2071 4907 te
2105 4851 2260 4906 multi
2280 4867 2310 4906 e
2345 4849 2607 4907 fratribus
2632 4860 2859 4924 prepter
2883 4854 3118 4924 rigorem
3137 4856 3366 4926 justitia:
3387 4859 3520 4914 odio.

1943 4940 2254 5005 habuerint,
2291 4957 2356 4996 ex
2387 4942 2489 4998 hoc
2513 4943 2730 5012 quidem
2762 4958 2871 4998 non
2910 4944 3142 5013 laedet-is,
3172 4949 3266 5004 sed
3302 4965 3367 5004 ex
3408 4951 3527 5005 hu-.

1936 5033 2240 5102 juscemodi
2269 5033 2412 5090 odiis
2444 5051 2598 5096 amor
2623 5035 2720 5091 tibi
2751 5038 3136 5095 conciliabitur
3155 5039 3274 5100 Dei.
3299 5042 3365 5097 Et
3388 5031 3526 5100 ideo

1941 5134 2127 5198 satage
2150 5127 2322 5197 magis
2343 5135 2397 5181 et
2421 5127 2537 5182 refu
2549 5143 2631 5199 ge,
2660 5145 2726 5184 ne
2750 5131 2988 5188 lauderis
3019 5133 3086 5188 ab
3117 5135 3342 5204 iniquis,
3366 5144 3419 5190 et
3443 5153 3512 5192 ne

1941 5233 1970 5274 a
2007 5219 2247 5293 pessime
2292 5220 2582 5290 agentibus
2618 5221 2898 5294 diligaris;
2947 5226 3046 5283 sed
3078 5228 3258 5296 potius
3288 5235 3512 5298 propter

1935 5308 2143 5376 justam
2172 5307 2639 5378 dispensationem
2672 5313 2717 5344 "
2737 5354 2752 5377 ,
2785 5323 2838 5369 et
2866 5317 3233 5386 aequissimam
3265 5300 3531 5389 regulam:

1945 5397 2277 5469 disciplinae.
2327 5416 2355 5454 a
2403 5401 2625 5458 Christo
2654 5407 2950 5462 collaudari
2999 5411 3258 5464 merearis
3283 5410 3349 5465 ’⁸.
3384 5409 3510 5466 llaec

2093 5580 2138 5610 "
2161 5579 2258 5656 bis.
2284 5599 2415 5635 cura
2445 5593 2560 5656 sit._
2614 5585 2658 5617 ⁸⁷
2697 5584 2751 5638 lu
2780 5603 2881 5641 ms.
2920 5586 3072 5641 abest
3099 5601 3202 5641 vox
3224 5589 3502 5656 prwcipue.

1441 5639 1703 5725 habitare,
1764 5661 1863 5725 nec
1895 5647 2146 5725 _legit_u_r_
2181 5653 2235 5725 in
2275 5668 2376 5706 ms.
2445 5654 2500 5725 ξίν
2536 5651 2632 5725 lvo
2672 5656 2738 5709 in
2785 5639 2966 5709 Deerat
3000 5639 3503 5725 ΓρειήξἻιιίξ-έίί

1815 5717 1860 5746 ³³
1894 5716 1994 5792 his:
2039 5719 2365 5792 yithulassa.
2440 5724 2485 5754 θ’
2528 5723 2693 5792 ipsius
2768 5727 2812 5758 "
2848 5716 3126 5782 mercibus:
3206 5716 3502 5787 "Evarist.

258 5767 300 5823 2
351 5771 530 5840 epist.
592 5767 1027 5842 ’7‘Ms.justitiw
1085 5774 1546 5839 disnemationem.
1625 5782 1668 5813 "
1729 5767 1983 5841 Casta—3.
2030 5767 2503 5859 ﬁliif'pf'tts.
