3896 6174
396 287 493 341 Ui

1250 282 1309 341 S.
1346 282 1738 340 CLEMENTIS
1776 286 1795 340 l
1835 282 2003 339 ROM.
2041 284 2238 341 ΡΟΝΤ.
2282 285 2508 342 OPERA
2549 286 2775 345 DUBIA.

3528 296 3636 351 ιη

395 418 521 456 eum
553 398 806 465 dixisset,
838 406 890 455 et
905 398 996 455 his
1028 398 1230 454 similia
1251 415 1413 469 quam
1446 401 1702 471 plurima,
1747 416 1964 456 rursum
1994 406 2040 465 Α
2068 400 2338 467 Clemens,
2368 419 2552 457 coram
2583 406 2837 459 omnibus
2887 405 2980 476 qui
3026 416 3323 477 praesentes
3372 415 3534 469 sunt,
3575 420 3636 463 ut

394 490 697 561 respiciens
727 487 795 542 ad
819 489 1102 559 populum,
1131 485 1266 541 dixit
1304 506 1315 542 :
1363 485 1465 542 Sed
1507 496 1561 542 et
1603 502 1724 554 vos,
1756 487 1969 541 charis-

393 582 518 641 simi
549 581 749 636 fratres
784 588 839 635 et
870 579 1121 635 conservi
1152 578 1281 647 mei,
1314 579 1439 633 huic
1469 579 1561 650 qui
1592 577 1845 649 praesidet
1873 594 1966 633 vo-

393 674 479 729 bis
516 673 583 727 ad
620 674 907 729 veritatem
938 671 1241 727 docendam
1264 711 1279 736 ,
1329 672 1384 726 in
1432 672 1688 726 omnibus
1718 671 1963 735 obedite;

393 765 633 819 scientes
656 764 802 834 quod
829 763 875 818 si
899 764 1025 834 quis
1051 763 1195 816 hunc
1218 763 1645 827 contristaverit,
1664 762 1962 824 Christum,

392 857 487 927 qui
515 856 566 911 ei
595 855 828 911 docendi
856 854 1087 909 credidit
1129 853 1471 915 cathedram,
1511 869 1619 908 non
1657 855 1869 924 recipit.
1902 852 1966 906 Et

394 945 487 1016 qui
511 945 790 1001 Christum
813 960 921 999 non
954 944 1279 1013 susceperit,
1298 958 1397 997 nec
1421 942 1586 997 Deum
1609 942 1824 998 Patrem
1843 958 1966 998 sus-

393 1039 607 1107 cepisse
643 1036 1003 1106 judicabitur,
1036 1043 1091 1090 et
1116 1036 1238 1090 ideo
1276 1051 1376 1089 nec
1408 1036 1525 1105 ipse
1552 1034 1883 1104 suscipietur
1909 1034 1962 1086 in

394 1146 561 1202 regno
583 1131 870 1187 calorum.
918 1127 1150 1198 Propter
1182 1125 1327 1196 quod
1372 1126 1603 1196 satagite
1650 1125 1716 1179 ad
1748 1141 1962 1181 omnem

391 1223 677 1277 collectam
705 1226 761 1274 et
779 1218 1259 1290 congregationem
1307 1230 1524 1285 semper
1556 1216 1871 1279 convenire,
1904 1222 1962 1269 ut

392 1330 502 1371 non
549 1313 697 1369 velut
744 1312 1084 1382 negligentes
1120 1316 1175 1365 et
1203 1307 1422 1364 desides
1464 1321 1495 1360 a
1523 1306 1710 1377 judice
1741 1306 1963 1363 Christo

391 1402 855 1460 condemnemini.
882 1400 1287 1456 Convenientes
1311 1414 1444 1456 vero
1469 1414 1685 1470 semper
1724 1399 1791 1454 ad
1837 1400 1963 1455 Cle-

390 1501 647 1560 mentem,
678 1493 802 1549 date
831 1508 1022 1548 omnes
1063 1507 1284 1562 operam
1324 1506 1424 1561 pro
1463 1490 1582 1560 ipso
1634 1492 1858 1555 sentire,
1907 1499 1962 1546 et

388 1600 606 1641 summo
644 1584 827 1641 studio
851 1583 1092 1639 favorem
1127 1592 1368 1638 vestrum
1399 1598 1527 1653 erga
1553 1581 1730 1651 ipsum
1776 1590 1964 1637 osten-

388 1679 519 1734 dere
538 1678 606 1743 ”,
634 1677 872 1733 scientes
895 1676 1023 1747 quia
1052 1682 1274 1745 propter
1302 1675 1546 1743 singulos
1569 1684 1831 1737 vestrum,
1858 1676 1959 1745 ipsi

2070 501 2423 564 posteaquam
2453 496 2619 566 (sicut
2646 504 2855 552 natura:
2883 498 2904 530 ⁸
2925 499 3165 553 debitum
3193 499 3301 568 est)
3340 503 3464 552 vitae
3499 516 3638 570 pra:—

2068 587 2243 642 sentis
2267 588 2426 641 linem
2454 587 2666 654 fecero,
2692 589 2712 619 ⁷
2741 586 2944 643 ιῐειοοιιο
2979 588 3137 643 fratri
3157 588 3391 650 Domini,
3421 589 3639 645 descri-

2068 686 2159 747 pta
2181 677 2436 741 breviter,
2458 679 2537 733 vel
2565 695 2686 749 qua:
2719 680 2787 734 ad
2813 680 3028 733 initium
3063 680 3185 735 fidei
3222 688 3330 734 tua:
3353 676 3634 750 spectant,

2068 770 2151 824 vel
2197 770 2361 823 etiam
2391 786 2527 839 quos
2552 778 2678 825 ante
2726 770 2883 826 fidem
2931 771 3144 826 animos
3166 772 3425 842 gesseris,
3452 772 3549 826 sed
3580 781 3635 827 et

2067 860 2303 930 qualiter
2332 861 2467 913 mihi
2489 862 2558 917 ab
2610 861 2766 916 initio
2802 878 2974 932 usque
3010 861 3075 915 ad
3109 862 3269 918 ﬁnem
3299 878 3485 917 comes
3537 864 3630 917 iti-

2067 951 2213 1005 neris
2236 958 2289 1004 et
2335 960 2555 1006 actuum
2585 952 2771 1016 fueris,
2797 969 3023 1023 quaeque
3067 968 3163 1023 per
3204 954 3452 1023 singulas
3488 953 3630 1007 civi-

2065 1049 2205 1096 tates
2234 1043 2342 1112 (me
2388 1042 2723 1113 disputante)
2754 1045 3023 1099 sollicitus
3074 1044 3290 1099 auditor
3316 1045 3630 1114 exceperis,

2064 1133 2267 1203 quique
2341 1134 2396 1188 in
2458 1135 2937 1205 praedicationibus
3000 1136 3136 1190 meis
3191 1136 3277 1189 vel
3332 1136 3630 1189 verborum

2066 1223 2232 1279 fuerit
2278 1225 2414 1280 ordo
2442 1226 2522 1279 vel
2558 1233 2820 1293 actuum;
2849 1227 2943 1282 sed
2982 1226 3075 1298 qui
3126 1242 3215 1282 me
3247 1226 3371 1282 ﬁnis
3402 1227 3457 1281 in
3519 1227 3629 1280 hac

2063 1316 2197 1372 urbe
2222 1320 2503 1387 repererit,
2542 1319 2683 1373 sicut
2716 1318 2851 1381 dixi,
2893 1320 3075 1374 omnia
3102 1334 3264 1389 quam
3299 1328 3472 1389 potes,
3497 1318 3627 1372 breo

2064 1409 2207 1463 viter
2261 1410 2680 1480 comprehensa,
2730 1411 2797 1465 ad
2853 1412 3030 1481 ipsum
3073 1418 3127 1466 te
3182 1411 3459 1465 destinare
3516 1425 3628 1464 non

2062 1500 2261 1571 pigeat.
2328 1500 2437 1556 Nec
2510 1503 2750 1557 verearis
2807 1518 2877 1558 ne
2932 1501 3073 1557 forte
3118 1502 3347 1556 multum
3405 1500 3475 1557 de
3504 1517 3631 1556 meo

2064 1592 2213 1645 exitu
2264 1592 2677 1649 contristandus
2742 1594 2836 1658 sit,
2866 1610 2991 1649 cum
3036 1594 3088 1649 id
3133 1610 3220 1649 me
3265 1608 3363 1664 pro
3424 1596 3631 1664 pietate

2064 1685 2336 1741 sustinere
2357 1702 2465 1741 non
2488 1686 2744 1757 ambigat.
2799 1686 2913 1741 Erit
2935 1696 3114 1743 autem
3155 1686 3205 1740 ei
3256 1685 3457 1757 grande
3480 1686 3629 1739 sola-

390 1768 566 1839 magis
595 1768 697 1824 soli
719 1766 954 1822 infestus
980 1772 1068 1821 est
1095 1764 1350 1821 inimicus
1369 1766 1459 1829 ¹⁰⁰,
1485 1772 1539 1820 et
1566 1765 1620 1819 in
1652 1766 1827 1835 ipsum
1846 1780 1961 1819 ma-

2065 1777 2225 1840 tium,
2255 1778 2303 1833 si
2343 1777 2618 1842 didicerit,
2671 1777 2815 1848 quod
2846 1785 2968 1847 post
2991 1792 3077 1832 me
3099 1793 3206 1832 non
3233 1778 3518 1848 imperitus
3545 1778 3633 1830 vir

384 1864 508 1934 jora
540 1861 774 1918 suscitat
801 1860 963 1915 bella.

459 1954 687 2025 Oportet
720 1968 850 2024 ergo
891 1968 985 2007 vos
1022 1967 1238 2008 summo
1300 1950 1483 2007 studio
1536 1950 1662 2019 niti,
1715 1958 1774 2006 ut
1808 1951 1958 2005 omni

386 2063 517 2119 erga
554 2048 706 2102 illum
741 2045 962 2099 vinculo
989 2045 1196 2100 amoris
1242 2044 1425 2097 innexi
1463 2043 1785 2113 plenissimo
1828 2059 1958 2114 erga

386 2154 513 2194 eum
543 2136 858 2193 inluereatis
891 2134 1108 2191 aﬂectu.
1180 2134 1287 2191 Sed
1327 2144 1383 2191 et
1428 2150 1526 2191 vos
1587 2150 1805 2205 quoque
1853 2135 1958 2205 ipsi

390 2230 677 2285 unanimes
705 2229 763 2283 in
785 2230 933 2283 omni
966 2227 1262 2284 concordia
1310 2217 1624 2298 perdurate,
1676 2242 1788 2297 quo
1820 2225 1957 2281 faci-

389 2323 497 2379 lius
526 2322 693 2378 etiam
716 2322 795 2376 illi
836 2320 1061 2376 obedire
1103 2334 1296 2375 omnes
1338 2318 1455 2388 pari
1486 2324 1541 2373 et
1588 2332 1862 2373 consensu
1903 2325 1958 2373 et

387 2414 751 2469 unanimitate
779 2412 1026 2485 possitis.
1058 2411 1291 2482 Propter
1329 2409 1476 2481 quod
1503 2417 1558 2466 et
1586 2426 1683 2466 vos
1722 2410 1956 2466 salutem

386 2506 675 2575 consequi,
700 2514 755 2560 et
784 2506 875 2560 ille
906 2504 1103 2575 possit,
1129 2502 1632 2573 obtemperantibus
1650 2501 1754 2557 sibi
1777 2502 1955 2565 vobis,

385 2596 692 2667 promptius
722 2590 1158 2661 impositioneris
1172 2590 1668 2663 pondusevehere.‘
1699 2591 1955 2659 Quasdam

387 2688 553 2742 etiam
571 2702 637 2742 ex
663 2686 819 2743 vobis
840 2685 977 2756 ipsis
998 2684 1302 2755 intelligere
1332 2680 1565 2745 debetis,
1588 2684 1635 2736 si
1662 2698 1770 2753 qua
1803 2692 1953 2749 sunt,

385 2794 509 2850 quae
540 2779 656 2849 ipse
684 2786 907 2848 propter
940 2776 1167 2833 insidias
1206 2774 1488 2829 hominum
1535 2775 1805 2828 malorum
1844 2790 1955 2829 non

386 2877 568 2941 potest
610 2869 917 2926 evidentius
975 2875 1030 2924 et
1066 2865 1412 2923 manifestius
1462 2866 1734 2936 proloqui.
1792 2865 1955 2921 Verbi

387 2962 562 3033 gratia
586 2980 600 3017 :
628 2963 649 2993 ²
683 2960 744 3016 Si
764 2961 1020 3015 inimicus
1040 2965 1125 3014 est
1145 2958 1310 3012 alicui
1337 2971 1437 3027 pro
1459 2957 1671 3011 actibus
1694 2957 1831 3021 suis,
1860 2972 1955 3013 vos

388 3058 559 3112 nolite
584 3065 925 3126 exspectare,
948 3059 1008 3106 ut
1036 3051 1152 3121 ipse
1170 3050 1326 3105 vobis
1356 3049 1540 3103 dicat:
1572 3047 1709 3104 Cum
1735 3048 1827 3102 illo
1852 3064 1954 3103 no-

388 3150 482 3203 lite
507 3147 669 3201 amici
712 3160 875 3209 esse;
937 3143 1032 3199 sed
1070 3142 1364 3212 prudenter
1392 3141 1686 3195 observare
1720 3139 1950 3205 debetis,

385 3248 442 3295 et
479 3236 744 3294 voluntati
803 3236 925 3305 ejus
957 3234 1077 3289 sine
1124 3231 1548 3287 commonitione
1578 3230 1953 3287 obsecundare

384 3340 440 3386 et
497 3342 745 3386 avertere
794 3343 897 3383 vos
928 3327 998 3382 ab
1027 3342 1092 3381 eo
1121 3326 1211 3380 cui
1261 3324 1439 3395 ipsum
1485 3325 1701 3380 sentitis
1756 3324 1954 3377 adver-

387 3439 509 3478 sum
540 3423 561 3455 ³
586 3439 604 3490 ;
634 3421 729 3477 sed
767 3434 868 3474 nec
917 3419 1066 3488 loqui
1108 3417 1215 3481 his,
1258 3417 1458 3487 quibus
1484 3416 1601 3487 ipse
1636 3432 1744 3471 non
1777 3416 1954 3486 loqui-

384 3522 497 3577 tur,
544 3523 603 3568 ut
633 3511 1011 3581 unusquisque
1045 3509 1139 3579 qui
1184 3509 1241 3562 in
1288 3508 1447 3578 culpa
1497 3514 1603 3572 est,
1654 3507 1783 3562 dum
1807 3508 1955 3576 cupit

384 3605 630 3660 omnium
657 3610 903 3657 vestrum
938 3600 1209 3655 amicitias
1239 3613 1513 3669 reparare,
1550 3597 1954 3654 festinetcitius

385 3692 735 3749 reconciliari
756 3693 829 3757 ei,
856 3694 949 3761 qui
976 3690 1234 3745 omnibus
1260 3698 1477 3760 praeest,
1507 3696 1563 3744 et
1598 3705 1695 3761 per
1715 3687 1819 3743 hoc
1838 3690 1958 3745 red-

384 3790 477 3837 eat
525 3781 593 3837 ad
635 3781 887 3844 salutem,
914 3797 1038 3836 cum
1062 3781 1289 3837 obedire
1324 3781 1554 3851 coeperit
1574 3782 1796 3836 monitis
1816 3796 1954 3851 prie-

384 3871 639 3926 sidentis.
703 3871 762 3925 Si
792 3887 927 3925 vero
970 3872 1096 3941 quis
1154 3871 1367 3927 amicus
1405 3872 1571 3927 fuerit
1626 3873 1711 3929 his
1750 3873 1953 3942 quibus

382 3964 503 4034 ipse
563 3963 776 4017 amicus
800 3978 907 4017 non
947 3970 1053 4025 est,
1084 3970 1138 4017 et
1167 3962 1383 4018 locutus
1432 3961 1597 4018 fuerit
1642 3963 1728 4017 his
1751 3963 1951 4033 quibus

384 4055 502 4124 ipse
530 4068 639 4108 non
670 4053 937 4124 loquitur,
987 4069 1131 4108 unus
1149 4064 1234 4109 est
1284 4063 1338 4109 et
1370 4053 1486 4124 ipse
1516 4070 1581 4110 ex
1605 4054 1713 4109 illis
1733 4055 1824 4124 qui
1858 4072 1953 4109 ex-

388 4146 690 4200 terminare
716 4144 904 4198 volunt
938 4144 1236 4200 Ecclesiam
1273 4143 1371 4201 Dei
1408 4161 1420 4195 :
1468 4152 1522 4201 et
1558 4161 1683 4201 cum
1723 4161 1951 4217 corpore

382 4238 665 4293 vobiscum
693 4251 816 4292 esse
845 4236 1115 4299 videatur,
1146 4245 1328 4292 mente
1349 4246 1401 4292 et
1429 4238 1613 4293 animo
1642 4248 1830 4293 contra
1853 4257 1951 4297 vos

381 4336 487 4383 est.
545 4327 613 4382 Et
663 4337 749 4383 est
794 4329 968 4383 multo
1015 4329 1247 4399 nequior
1290 4329 1467 4384 hostis
1525 4330 1637 4394 hic,
1680 4345 1843 4400 quam
1873 4333 1950 4387 illi

2062 1868 2282 1938 aliquis,
2313 1876 2405 1923 aut
2448 1869 2723 1933 indoctus,
2757 1877 2920 1939 atque
2964 1868 3221 1939 ignorans
3250 1869 3416 1922 divini
3458 1869 3607 1923 verbi

2061 1962 2383 2033 mysterium
2406 1961 2427 1993 ⁸
2460 2001 2475 2025 ,
2501 1969 2556 2016 et
2583 1961 2943 2017 ecclesiastici
2994 1959 3204 2015 ordinis
3255 1959 3628 2029 disciplinam,

2059 2054 2145 2107 vel
2188 2051 2451 2107 doctrina:
2479 2053 2720 2123 regulam
2750 2053 3025 2117 nesciens,
3075 2054 3383 2122 susceperit
3433 2054 3628 2105 cathe—

2060 2142 2215 2198 dram
2243 2158 2418 2199 meam
2444 2162 2459 2209 ;
2486 2146 2590 2198 scit
2624 2144 2791 2207 enim,
2831 2143 2960 2214 quia
2978 2143 3024 2198 si
3057 2142 3309 2198 indoctus
3330 2151 3385 2197 et
3413 2143 3629 2197 inscius

2059 2236 2293 2292 officium
2324 2237 2563 2292 doctoris
2611 2236 2863 2305 accipiat,
2906 2235 3027 2290 sine
3074 2234 3241 2289 dubio
3290 2234 3543 2303 discipuli
3576 2245 3629 2289 et

2058 2328 2339 2384 auditores
2366 2328 2686 2400 ignorantia:
2714 2327 2956 2382 tenebris
2986 2326 3228 2381 obvoluti
3249 2327 3291 2388 ’,
3345 2327 3399 2379 in
3426 2327 3627 2379 interi-

2061 2428 2173 2475 tum
2205 2421 2605 2491 demergentur.
2650 2418 2805 2475 Unde
2833 2429 2887 2476 et
2903 2435 3025 2490 ego,
3052 2420 3125 2473 mi
3154 2418 3374 2473 domine
3395 2416 3627 2479 Jacobc,

2059 2528 2182 2566 cum
2210 2513 2325 2567 haec
2356 2512 2423 2567 ab
2440 2528 2505 2567 eo
2538 2518 2807 2582 praecepta
2835 2512 3191 2581 susceperim,
3214 2524 3441 2565 necesse
3455 2508 3627 2563 habui

2064 2604 2295 2673 implere
2320 2603 2464 2673 quod
2493 2603 2755 2671 iusserat,
2788 2601 3037 2657 indicans
3068 2602 3167 2657 tibi
3190 2609 3245 2655 et
3272 2602 3339 2656 de
3362 2600 3443 2655 his
3464 2601 3626 2671 ipsis,

2058 2694 2219 2749 simul
2256 2701 2311 2749 et
2343 2693 2410 2749 de
2441 2694 2548 2749 illis
2583 2694 2819 2749 breviter
2862 2693 3351 2763 comprehenderis,
3384 2708 3504 2762 qua
3525 2709 3629 2761 per

2057 2787 2301 2857 singulas
2332 2801 2578 2856 quasque
2613 2787 2777 2841 urbes
2796 2785 3129 2858 digrediens,
3154 2787 3318 2840 autin
3351 2784 3621 2856 praedica-

2056 2879 2223 2935 tionis
2251 2894 2503 2935 sermone
2532 2881 2820 2950 protulerit
2839 2923 2852 2947 ,
2887 2886 2982 2933 aut
3029 2880 3084 2933 in
3114 2889 3391 2949 gestorum
3414 2879 3627 2934 virtute

2057 2971 2365 3040 perfecerit;
2380 2973 2625 3040 quamvis
2643 2971 2739 3026 tibi
2757 2971 2824 3025 de
2843 2971 2929 3025 his
2944 2970 3177 3040 plurima
3189 2971 3301 3040 jam
3332 2978 3386 3024 et
3404 2970 3627 3039 plenius

2057 3070 2183 3117 ante
2216 3063 2507 3133 descripta,
2538 3064 2658 3133 ipso
2682 3064 2906 3133 jubente
2927 3103 2942 3128 ,
2969 3063 3389 3125 transmiserim,
3423 3062 3527 3117 sub
3556 3079 3629 3117 eo

2056 3155 2176 3225 ipso
2222 3155 2403 3219 titulo,
2460 3170 2621 3225 quem
2684 3155 2802 3225 ipse
2853 3154 3099 3225 praecipit
3145 3154 3311 3224 affigi,
3348 3154 3392 3185 "
3432 3153 3484 3207 id
3536 3162 3630 3207 est

2053 3246 2347 3303 Clementis
2408 3248 2787 3311 ltinerarium,
2828 3248 2869 3279 "
2915 3262 3024 3301 non
3059 3240 3476 3300 Praedicationis
3519 3242 3625 3300 Pe-

2053 3338 2123 3391 tti
2159 3338 2223 3392 “.

2126 3428 2231 3484 Sed
2252 3436 2307 3483 et
2323 3444 2471 3483 nunc
2496 3442 2771 3497 exponere
2792 3427 2904 3497 jam
2933 3443 3053 3498 qnze
3079 3426 3355 3498 praecepit,
3387 3426 3627 3483 Domino

2053 3536 2211 3591 opem
2240 3520 2471 3583 ferente,
2504 3521 2758 3589 incipiam
2787 3539 2799 3573 :
2842 3519 3195 3583 Pwnitemini,
3226 3520 3427 3590 inquit,
3464 3530 3513 3574 et
3542 3538 3625 3574 ce.

2054 3628 2170 3664 ram
2191 3612 2329 3681 agite
2357 3612 2711 3680 penitentiam
2741 3611 2805 3665 ¹⁸.
2836 3610 3043 3667 Omnes
3068 3626 3198 3681 ergo
3228 3611 3502 3675 homines,
3523 3613 3623 3681 qui

2053 3700 2369 3757 Christiano
2399 3711 2695 3757 censentur
2740 3702 3027 3766 vocabulo,
3070 3701 3288 3757 Patrem
3327 3710 3383 3756 et
3420 3700 3625 3756 Filium

2052 3800 2108 3849 et
2139 3793 2400 3864 Spiritum
2431 3802 2699 3861 sanctum,
2727 3810 2893 3849 unum
2922 3794 3090 3851 Deum
3116 3803 3171 3849 et
3200 3794 3490 3849 Dominum
3520 3811 3623 3849 ve-

2051 3886 2249 3940 raciter
2289 3886 2515 3941 credere
2544 3896 2599 3941 et
2638 3886 2910 3948 conﬁteri,
2934 3901 3170 3956 eumque
3199 3895 3313 3942 tota
3354 3896 3537 3942 mente
3560 3895 3621 3940 ct

2050 3975 2162 4020 toto
2189 3965 2351 4020 corde
2371 3974 2427 4021 et
2456 3974 2569 4020 tota
2600 3967 2799 4024 virtute
2821 3969 3065 4039 diligere,
3093 3979 3145 4025 et
3168 3970 3449 4049 proximos
3475 3984 3612 4022 suos

2049 4067 2303 4123 tanquam
2352 4058 2701 4129 semetipsos,
2739 4059 3115 4129 docibilesque
3159 4074 3282 4115 esse
3328 4073 3502 4129 usque
3540 4059 3611 4112 ad

2046 4149 2335 4219 perfectam
2352 4151 2656 4205 doctrinam
2677 4151 2743 4204 ad
2761 4151 2875 4205 haec
2892 4150 3241 4220 perficienda,
3260 4163 3615 4218 summopere

2044 4251 2271 4312 oportet.
2299 4241 2459 4298 Fides
2500 4242 2644 4297 enim
2681 4252 2735 4295 et
2760 4242 2996 4308 dilectio,
3026 4242 3193 4296 totius
3233 4241 3495 4295 bonitatis
3524 4250 3615 4295 est

2045 4332 2477 4389 fundamentum.
2524 4334 2653 4387 Sine
2688 4332 2793 4386 fide
2826 4341 3004 4386 autem
3047 4332 3260 4401 placere
3293 4330 3404 4385 Deo
3447 4346 3618 4385 nemo

383 4420 477 4489 qui
515 4419 651 4476 foris
678 4428 829 4485 sunt,
861 4428 915 4476 et
940 4421 1218 4476 evidenter
1242 4421 1447 4475 inimici
1488 4429 1637 4477 sunt.
1674 4421 1773 4478 Hic
1804 4425 1948 4479 enim
1980 4432 2025 4486 Ι)
2046 4424 2240 4494 poterit
2260 4424 2323 4479 ιδ.
2346 4425 2565 4480 Christo
2592 4426 2771 4493 itaque
2792 4423 3166 4494 resurgente"
3195 4431 3249 4477 et
3284 4422 3617 4477 ascendente

385 4527 481 4579 per
510 4512 875 4568 amicitiarum
908 4513 1165 4583 speciem,
1188 4528 1311 4583 quae
1334 4512 1585 4568 inimici‘
1608 4523 1757 4577 sunt,
1786 4517 1950 4585 gerit,

382 4613 437 4657 et
481 4603 780 4661 Ecclesiam
841 4606 1104 4676 dispergit
1150 4620 1215 4659 ac
1266 4613 1446 4659 vastat
1466 4606 1510 4661 ⁸.
1565 4607 1630 4660 Et
1672 4622 1794 4661 cum
1837 4608 1952 4663 haec

382 4693 632 4757 dixisset,
657 4696 711 4750 in
746 4697 927 4751 medio
957 4712 1142 4751 coram
1174 4697 1429 4752 omnibus
1468 4714 1662 4754 manus
1692 4700 1821 4754 mihi
1849 4702 1950 4755 im—

384 4785 586 4851 posuit,
637 4787 767 4841 etin
797 4787 1056 4842 cathedra
1087 4802 1208 4851 sua,
1252 4788 1457 4858 ingenti
1497 4791 1823 4845 verecundia
1864 4791 1940 4845 fa-

380 4874 632 4944 tigatum,
688 4878 879 4933 sedere
911 4895 997 4933 me
1037 4880 1319 4948 compulit.
1372 4879 1620 4950 Cumque
1657 4882 1942 4947 sedissem,

382 4965 495 5021 haec
554 4969 619 5022 ad
662 4985 747 5023 me
800 4986 1017 5025 rursum
1073 4971 1289 5026 locutus
1350 4980 1472 5028 est:
1505 4971 1774 5043 Deprecor
1799 4984 1871 5041 te,
1910 4993 1944 5031 o

2045 4518 2119 4573 in.
2143 4517 2374 4584 caelum,
2406 4516 2577 4571 misso
2613 4526 2802 4571 sancto
2853 4515 3080 4584 Spiritu,
3112 4515 3309 4571 collata
3348 4513 3616 4583 apostolis

2042 4609 2266 4663 scientia
2291 4609 2617 4680 linguarum,
2637 4607 2817 4664 adhuc
2838 4608 2893 4662 in
2917 4623 3028 4662 uno
3056 4606 3240 4678 positi,
3265 4604 3613 4676 Symbolum,

2042 4702 2184 4771 quod
2216 4700 2387 4755 fidelis
2418 4716 2566 4755 nunc
2597 4708 2742 4755 tenet
2765 4699 3029 4764 Ecclesia,
3055 4697 3435 4767 unusquisque
3462 4697 3616 4765 quod

2043 4791 2214 4844 sensit
2241 4789 2492 4856 dicendo,
2521 4791 2903 4851 condiderunt,
2943 4799 3004 4845 ut
3039 4788 3380 4843 discedentes
3413 4786 3481 4839 ab
3522 4785 3615 4838 in-

2042 4881 2248 4945 vicem,
2286 4881 2425 4936 hanc
2458 4883 2700 4952 regulam
2741 4898 2836 4951 per
2881 4896 3072 4936 omnes
3112 4889 3302 4950 gentes
3346 4878 3619 4948 praedica-

2042 4982 2181 5029 rent.
2231 4973 2511 5029 Summam
2541 4989 2674 5045 ergo
2721 4976 2886 5031 totius
2918 4973 3040 5029 fidei
3084 4971 3371 5027 catholica:
3412 4986 3616 5025 recen~

451 5207 492 5288 ’ξ
528 5205 831 5288 dependere.
912 5210 987 5288 '°°.
1012 5210 1225 5288 infestat
1274 5212 1535 5288 inimicus.
1613 5214 2112 5288 ’_Conc._Vasensc
2143 5216 2205 5279 ll,
2236 5233 2283 5271 c.
2316 5217 2370 5281 6,
2414 5234 2500 5288 an.
2539 5217 2666 5280 ΗΞ,
2695 5219 2941 5275 distinct.
2962 5217 3052 5273 95.
3083 5218 3147 5270 Et
3180 5218 3235 5271 in
3268 5219 3427 5288 epist.
3457 5220 3607 5275 decr.

375 5273 433 5328 3.
460 5275 870 5347 Anaclet.papae
900 5273 1305 5348 cujus'initium
1330 5290 1414 5337 est
1440 5298 1453 5333 :
1487 5281 1795 5339 Benedictus
1826 5286 1966 5342 Deus

375 5347 665 5413 patremis.
754 5348 774 5377 '
831 5348 1001 5403 Conc.
1058 5347 1301 5405 Metense
1360 5367 1490 5406 ann.
1533 5352 1658 5413 888,
1706 5370 1757 5409 c.
1801 5356 1854 5410 8.
1956 5358 1970 5389 '

2057 5273 2103 5342 at,
2135 5273 2386 5344 similiter
2440 5273 2667 5342 Fabiani
2724 5273 3042 5359 pap:e,quaa
3092 5273 3349 5357 incipit':

2057 5358 2126 5413 Is.
2188 5374 2450 5412 aversum.
2526 5356 2809 5412 ‘inimica.
2887 5357 3094 5413 'Gesta
3125 5356 3300 5413 Petri.

2111 5400 2126 5413 .
2188 5376 2450 5412 aversum.
2526 5376 2809 5412 'mmuca.
2887 5376 3094 5413 ὐεδια
3125 5376 3300 5419 ιἐιη,

374 5347 665 5418 ρςῳεεριὶδ.
746 5348 774 5418 γ’
831 5348 1001 5418 Conc.
1058 5347 1301 5405 Metense
1360 5367 1490 5406 ann.
1533 5352 1658 5418 888,
1706 5370 1757 5409 c.
1801 5356 1854 5410 8.

3403 5288 3614 5343 Divinis

3373 5374 3425 5427 p.
3476 5359 3606 5413 H5.

378 5410 800 5496 st.nati¢rqle_.
853 5417 1439 5496 _'Aljeronis_a_nno8,
1486 5410 1738 5496 currente
1780 5426 1986 5496 Christi
2026 5410 2126 5486 768,
2170 5410 2345 5482 caesus
2389 5410 2494 5490 est,
2548 5425 2742 5481 Petrus
2777 5410 3197 5482 ivero—Neronis
3246 5410 3614 5496 eiusdem—713

374 5491 627 5552 exeunte,
662 5487 865 5540 Christi
895 5488 983 5543 67.
1060 5490 1083 5521 ⁸
1115 5490 1486 5552 ministerium,
1510 5494 1584 5546 ita
1615 5502 1670 5548 et
1728 5512 1777 5551 c.
1827 5494 1970 5551 Just.

2046 5498 2067 5529 °
2111 5497 2208 5552 Ms.
2251 5499 2490 5551 involuti.
2570 5498 2612 5568 ξο
2643 5496 2876 5568 Reliqua
2919 5498 3192 5568 sententia
3259 5514 3369 5553 non
3425 5505 3613 5551 exstat

374 5547 1011 5637 ili_nliis.‘nostro_addita
1048 5559 1117 5637 a_b
1149 5559 1330 5637 aliquo
1378 5547 1783 5637 interpolatore.
1834 5547 2518 5637 ‘ff'beest’ﬁieéliégiu'o
2570 5547 2888 5621 initiis—.11"
2918 5547 3613 5636 lli—cdesinit"epistolain

726 5618 1271 5713 coldicibits."Caate‘ra
1327 5640 1476 5711 sunt_
1500 5618 1615 5713 vice
1667 5618 2002 5713 appendicis,
2038 5618 2265 5713 :addita
2302 5618 2684 5713 civr'ljamnnum
2710 5618 2835 5699 880,
2869 5618 3241 5713 apidani."
3289 5618 3529 5695 {ista};
3554 5618 3609 5691 ἶξ

451 5683 610 5748 ιΙριη·⁴
650 5707 725 5748 xi.
784 5697 837 5749 6.

915 5698 958 5728 "
1013 5696 1259 5753 Venantii
1293 5716 1413 5770 exp.
1465 5701 1518 5755 in
1583 5696 1895 5774 Symbolum
1945 5696 1996 5762 c.
2036 5709 2084 5775 Ι,
2118 5724 2287 5779 usqt‘e
2349 5708 2415 5763 ad
2440 5707 2662 5777 Diligere
2713 5696 2833 5777 ergo
2886 5706 3074 5775 Deum,
3118 5715 3227 5765 etc.
