3896 6174
273 275 348 329 73
1066 250 1083 263 ”
1424 265 1787 326 EPISTOLAE
1827 269 1834 323 J

1915 268 2303 329 .CRETALES.

3391 271 3500 325 474

235 394 452 447 sentt-.5,
489 383 545 437 in
575 397 682 453 qua
713 389 767 438 et
793 382 1079 453 integritas
1109 380 1454 437 credulitatis
1488 384 1820 445 ostenditur.
1855 393 1898 448 Λ
1929 388 2019 438 nui
2046 395 2094 439 te
2122 386 2189 440 ".
2218 384 2282 437 Et
2318 384 2451 439 illud
2484 404 2497 439 :
2545 383 2651 439 llic
2678 384 2821 439 Dens
2844 394 3048 449 noster,
3075 392 3125 438 et
3156 400 3259 437 non
3288 397 3499 453 reputa-

232 487 293 531 et
320 476 484 529 unius
515 473 611 529 Dei
639 474 1135 546 Otnnipotentis(id
1163 485 1247 530 est
1281 484 1485 529 sanctae
1513 475 1825 547 Trinitatis)

232 568 524 638 mualitas
585 566 920 631 declaratur,
953 574 1008 622 et
1055 567 1380 638 mysterium
1419 566 1824 623 incarnationis

233 659 361 715 Filii
412 659 531 723 Dei,
561 659 657 729 qui
695 674 796 729 pro
836 659 1015 715 salute
1052 659 1280 713 humani
1337 660 1558 730 generis
1596 677 1626 714 a
1660 658 1824 716 Patre

232 756 306 808 de
358 755 502 807 creto
557 751 923 815 descendens,
975 752 1045 806 de
1091 750 1311 822 Virgine
1355 753 1510 809 nasci
1564 754 1823 823 dignatus

230 855 338 909 est,
407 860 631 916 quoquo
662 845 707 875 ¹⁶
732 845 945 909 ordine,
978 844 1065 899 vel
1097 844 1319 915 quando
1364 852 1597 899 mortem
1631 854 1820 915 pertu-

232 938 380 1000 lerit,
410 936 688 1007 quomodo
717 937 967 1006 sepultus
997 942 1321 1000 surrexerit,
1343 947 1396 992 et
1428 939 1483 991 in
1507 952 1674 993 carne
1698 939 1817 1009 ipsa

230 1032 407 1085 cretes
436 1029 767 1091 ascenderit,
801 1030 867 1083 ad
885 1030 1244 1099 dextramque
1279 1028 1455 1084 Patris
1487 1032 1818 1096 consederit,

225 1122 399 1192 judex
432 1133 704 1177 venturus
746 1122 849 1184 sit,
892 1136 957 1176 ac
1014 1122 1252 1191 qualiter
1280 1122 1667 1177 remissionem
1694 1140 1822 1193 pec-

228 1226 485 1269 catorum
545 1229 706 1271 sacro
747 1215 1080 1285 baptismate
1147 1215 1357 1269 renatis
1392 1215 1709 1279 contulerit,
1767 1223 1822 1269 et

229 1308 706 1362 resurrectionem
736 1306 958 1360 humani
991 1306 1211 1377 generis
1247 1306 1289 1338 ”
1322 1307 1379 1360 in
1431 1306 1623 1361 eadem
1653 1321 1822 1360 carne

233 1408 291 1454 et
348 1402 405 1453 in
456 1403 621 1456 vitam
668 1408 931 1454 aeternam
969 1397 1233 1464 futuram,
1265 1398 1347 1454 sic
1399 1399 1709 1454 docuerunt
1753 1399 1817 1454 ⁸⁸.

229 1489 551 1559 Symbolum
601 1492 746 1546 enim
789 1490 998 1554 Graece,
1063 1490 1260 1546 Latine
1302 1491 1537 1547 collatio
1595 1491 1814 1545 dicitur.

226 1581 296 1634 Et
317 1583 359 1613 ι’
379 1584 485 1638 hoc
497 1586 745 1654 praedicti
763 1586 941 1640 sancti
953 1586 1187 1655 apostoli
1208 1585 1350 1640 inter
1369 1601 1429 1641 se
1444 1600 1540 1655 per
1554 1584 1818 1655 Spiritum

226 1682 488 1729 sanctum
515 1676 831 1744 salubriter,
867 1684 927 1731 ut.
969 1677 1179 1731 dictum
1209 1685 1316 1744 est,
1356 1677 1723 1732 condiderunt
1748 1677 1814 1731 ὀ.

1927 478 2068 531 bitur
2108 477 2243 531 alter
2266 478 2334 531 ad
2358 495 2476 532 eum
2494 479 2559 533 ³⁰.
2594 478 2658 531 Et
2700 484 2822 547 post
2852 493 2866 527 :
2923 475 2990 529 In
3018 486 3162 531 terra
3204 478 3348 531 visus
3394 488 3497 544 est,

1925 580 1976 624 et
2002 572 2137 623 inter
2161 569 2392 624 homines
2424 579 2761 625 conversatus
2793 579 2871 623 est
2895 569 2985 623 ³⁰“.

1996 662 2038 693 ⁸¹
2054 660 2287 732 Diligere
2299 677 2430 733 ergo
2442 662 2610 716 Deum
2627 675 3069 731 unumquemque
3091 675 3156 714 ex
3182 667 3292 713 toto
3313 658 3500 726 corde,

1923 762 1978 809 et
2009 770 2074 809 ex
2103 761 2217 808 tota
2258 756 2461 818 anima,
2494 763 2553 809 ut
2583 754 2862 825 prieﬁxum
2892 764 2999 817 est,
3030 769 3098 807 ex
3137 762 3247 807 tota
3282 752 3500 806 fortitu-

1924 844 2052 899 dine
2067 846 2111 877 ³³
2144 854 2380 916 oportet,
2412 855 2466 900 et
2500 846 2807 917 proximum
2839 854 3096 915 tanquam
3121 845 3498 913 semetipsum,

1923 938 2285 1005 respondente
2314 938 2544 992 Domino
2565 939 2780 992 cuidam
2813 936 3129 991 Scribarum
3162 951 3225 989 ac
3247 937 3496 990 dicente:

1923 1027 2167 1083 Primum
2200 1032 2433 1086 omnium
2482 1032 2793 1085 mandatum
2829 1040 2928 1093 est,
2969 1030 3096 1083 audi
3134 1028 3307 1083 Israel
3338 1043 3356 1081 :
3393 1028 3500 1081 De-

1926 1122 2099 1175 minus
2124 1122 2267 1177 Deus
2309 1133 2452 1187 tuus,
2480 1124 2618 1178 Deus
2660 1140 2797 1178 unus
2826 1134 2937 1187 est;
2967 1133 3022 1179 et
3050 1140 3064 1176 :
3098 1124 3292 1194 Diliges
3322 1123 3500 1176 Domi-

1920 1231 2045 1268 num
2076 1216 2244 1271 Deum
2270 1227 2416 1271 tuum
2446 1232 2512 1270 ea:
2549 1227 2657 1271 toto
2677 1216 2831 1271 corde
2869 1226 2978 1274 tuo.
3009 1224 3058 1269 et
3087 1232 3152 1269 ex
3175 1225 3286 1268 tota
3317 1216 3499 1268 anima

1922 1317 2035 1373 tua,
2067 1319 2118 1363 et
2142 1325 2207 1364 ex
2266 1319 2377 1363 tota
2403 1318 2571 1363 mente
2607 1319 2720 1371 tua,
2759 1319 2809 1362 et
2861 1323 2925 1362 ex
2966 1316 3079 1361 tota
3120 1307 3309 1360 virtute
3360 1316 3496 1361 tua:

1918 1398 2015 1453 hoc
2049 1408 2127 1453 est
2149 1401 2381 1469 primum
2430 1400 2743 1453 mandatum
2809 1399 3108 1454 Secundum
3127 1408 3303 1452 autem
3323 1400 3499 1456 simile

1918 1502 1997 1543 est
2028 1490 2109 1544 illi
2132 1506 2151 1543 :
2173 1491 2376 1561 Diliges
2399 1493 2700 1559 proximum
2727 1501 2873 1544 tuum
2903 1506 3154 1561 tauquam
3178 1493 3401 1559 teipsum
3424 1492 3492 1550 ³³.

1922 1580 2095 1650 Majus
2122 1582 2318 1636 horum
2351 1583 2495 1636 aliud
2535 1582 2851 1637 mandatum
2886 1598 2995 1636 non
3038 1591 3160 1647 est,
3191 1584 3337 1654 quod
3376 1599 3496 1638 ma-

1916 1673 2009 1742 jus
2055 1681 2142 1729 est
2186 1676 2442 1731 omnibus
2487 1675 3023 1730 bolocautomatibus
3071 1685 3127 1731 et
3179 1676 3491 1733 sacriﬁciis.

224 1765 445 1820 Dicitur
471 1775 527 1821 et
557 1767 843 1835 iudicium,
874 1769 1023 1839 quod
1054 1784 1151 1838 per
1194 1769 1321 1834 hoc,
1366 1770 1460 1839 qui
1492 1777 1640 1825 recte
1687 1785 1815 1826 cre-
1848 1769 1891 1826 Β
1920 1763 2074 1820 Unde
2098 1774 2152 1820 et
2183 1766 2240 1820 in
2282 1765 2465 1822 Veteri
2520 1766 2877 1823 Testamento
2912 1768 3179 1837 scriptum
3208 1768 3439 1823 habetur
3474 1785 3489 1822 :

220 1858 455 1923 diderit,
508 1861 804 1917 iudicatur.
864 1861 1007 1931 Ergo
1062 1860 1279 1916 cunctis
1310 1861 1664 1917 credentibus
1694 1879 1815 1934 quae

220 1953 589 2008 continentur
620 1954 677 2008 in
730 1951 958 2024 praefato
994 1953 1277 2023 Symbolo,
1322 1954 1476 2009 salus
1505 1954 1815 2013 animarum

220 2052 281 2099 et
352 2045 468 2098 vita
517 2052 779 2115 perpetua
837 2044 1000 2100 bonis
1043 2044 1258 2100 actibus
1307 2053 1672 2116 praeparatur.

298 2136 367 2191 Et
389 2138 540 2207 quod
563 2140 604 2169 ²¹
624 2138 679 2192 in
709 2138 1010 2208 primordio
1030 2137 1525 2209 ejusdemSymboli
1542 2142 1816 2212 praeponi-

220 2235 339 2293 tur,
358 2226 533 2284 Credo
556 2231 611 2282 in
630 2230 796 2284 Deum
809 2229 1026 2284 Patrem
1042 2239 1443 2298 omnipotentem
1457 2246 1476 2294 ;
1491 2234 1813 2302 praeclarum

219 2321 355 2376 ﬁdei
384 2322 760 2377 testimonium
794 2329 849 2377 et
882 2321 1298 2375 fundamentum
1338 2324 1395 2376 in
1423 2325 1600 2393 prima
1631 2324 1813 2381 fronte

219 2419 590 2477 monstratur,
617 2413 747 2483 quia
780 2414 966 2467 salvus
983 2428 1109 2468 esse
1137 2415 1359 2483 poterit,
1384 2418 1478 2486 qui
1512 2426 1663 2474 recte
1686 2434 1810 2475 cre-

219 2504 450 2561 diderit.
475 2505 698 2561 Credere
713 2507 852 2560 enim
871 2516 1074 2574 oportet
1104 2507 1434 2562 accedentem
1453 2510 1522 2564 ad
1544 2510 1711 2566 Deum
1727 2516 1772 2545 ¹¹
1792 2532 1809 2582 ;

217 2600 485 2668 quoniam
512 2598 669 2652 corde
690 2599 921 2653 creditur
948 2600 1018 2652 ad
1047 2601 1342 2671 justitiam,
1375 2612 1425 2655 et
1454 2620 1543 2658 ore
1601 2606 1812 2675 confes-

218 2692 303 2744 sio
332 2692 395 2760 ﬁt
448 2692 517 2744 ad
540 2691 767 2745 salutent
798 2692 865 2748 ”.
911 2690 1068 2747 Unde
1103 2694 1180 2746 ait
1211 2692 1484 2763 Propheta
1520 2715 1532 2749 :
1566 2694 1804 2759 Credidi.

217 2793 437 2852 propter
463 2786 601 2854 quod
650 2786 856 2839 locutus
918 2801 1037 2839 sum
1059 2786 1125 2841 “.
1186 2785 1252 2839 Et
1294 2787 1468 2841 illud:
1505 2787 1697 2843 Justus
1745 2806 1811 2844 ea:

222 2879 331 2946 ﬁde
347 2880 474 2933 civit
498 2878 566 2933 ³⁸.
600 2877 662 2930 Et
698 2894 712 2930 :
747 2876 871 2932 Nisi
903 2876 1252 2945 credideritis,
1275 2892 1379 2933 non
1409 2879 1710 2950 intelligetis
1736 2883 1806 2938 ³⁸.

221 2972 369 3042 Ergo
395 2973 442 3002 ³⁷
475 2972 531 3025 in
576 2972 743 3026 rebus
777 2970 1036 3026 humanis
1066 2971 1278 3025 nullum
1331 2987 1470 3041 opus
1523 2973 1806 3042 incipitur,

219 3065 334 3118 nisi
360 3064 520 3117 labor
547 3065 728 3119 omnis
755 3064 823 3118 ad
848 3064 1103 3118 effectum
1132 3063 1319 3117 venire
1348 3064 1624 3119 credatur.
1655 3064 1808 3119 Unde

218 3157 562 3211 credendum
585 3166 669 3211 est
701 3157 756 3210 in
791 3155 979 3221 Deum,
1014 3170 1045 3209 a
1094 3170 1205 3225 quo
1249 3162 1360 3208 tam
1394 3170 1639 3225 praesens
1668 3158 1804 3220 vita,

220 3265 393 3320 quam
424 3249 606 3307 futura
637 3250 932 3303 tribuatur.
968 3247 1113 3302 Deus
1160 3255 1344 3301 autem
1379 3249 1677 3319 appellatio
1722 3256 1809 3303 est

220 3342 554 3396 substantiis
596 3341 960 3411 sempiternae,
994 3341 1111 3396 sive
1141 3340 1355 3395 timoris
1392 3340 1582 3394 divini.
1643 3339 1811 3411 Igitur

222 3433 371 3489 Deus
402 3435 523 3488 sine
544 3434 835 3503 principio,
856 3434 975 3489 sine
1002 3433 1129 3496 (ine,
1155 3432 1409 3503 simplex,
1438 3432 1803 3502 incorporeus

220 3533 277 3579 et
317 3525 913 3594 incomprehensibilis.
956 3523 1173 3578 Patrem
1217 3532 1400 3579 autem
1451 3540 1578 3578 cum
1623 3526 1805 3591 audis,

220 3617 623 3688 agnoscequod
650 3618 845 3672 habeat
870 3615 1065 3671 Filium
1086 3618 1353 3672 veraciter
1374 3618 1639 3687 genitum,
1661 3619 1808 3673 sicut

218 3726 517 3786 possessor
573 3709 776 3764 dicitur
825 3711 919 3779 qui
969 3708 1179 3778 aliquid
1224 3708 1499 3777 possidet,
1532 3715 1587 3763 et
1629 3709 1807 3764 domi-

221 3819 335 3858 nus
388 3803 485 3873 qui
538 3801 703 3857 habet
731 3800 875 3872 quod
907 3801 1238 3856 dominetur.
1296 3799 1439 3855 Deus
1470 3815 1600 3871 ergo
1622 3799 1805 3867 Pater,

218 3895 421 3951 secreti
447 3893 780 3967 sacramenti
798 3894 1125 3947 vocabulum
1153 3895 1262 3956 est,
1290 3892 1450 3961 cujus
1474 3907 1602 3947 vere
1631 3891 1804 3949 Filius

218 3996 308 4043 est
336 3986 605 4050 Verbum,
646 3994 702 4041 et
736 3985 1041 4055 speculum,
1085 3993 1141 4040 et
1170 3985 1478 4050 character,
1526 3993 1582 4040 et
1624 3988 1807 4058 imago

220 4082 414 4135 vivens
443 4078 625 4134 Patris
662 4079 919 4143 viventis,
957 4079 1012 4132 in
1067 4078 1325 4133 omnibus
1380 4077 1529 4132 Patri
1580 4079 1803 4145 similis,

218 4171 469 4240 ejusdem
504 4180 715 4225 naturae
745 4171 801 4224 in
845 4170 1151 4236 divinitate,
1215 4172 1454 4241 genitus,
1487 4180 1542 4226 et
1570 4172 1803 4242 genitori

218 4279 320 4333 per
363 4263 551 4316 omnia
586 4262 903 4332 coazqualis.
961 4261 1074 4318 Nec
1110 4273 1387 4333 quaratur
1417 4264 1691 4334 quomodo
1710 4281 1805 4334 ge-

220 4357 342 4409 nuit
375 4353 610 4422 Filium;
647 4356 794 4425 quod
822 4365 876 4411 et
904 4356 1081 4427 angeli
1114 4356 1386 4420 nesciunt,
1423 4364 1479 4411 et
1524 4356 1803 4425 prophetis

1922 1858 2075 1925 Quod
2108 1856 2203 1912 tibi
2241 1859 2359 1928 fieri
2404 1876 2507 1913 non
2553 1860 2650 1927 vis,
2676 1859 2831 1914 alteri
2865 1877 2927 1913 ne
2956 1860 3140 1924 feceris
3165 1860 3231 1917 ³⁸.
3286 1859 3352 1914 Ει
3381 1860 3492 1915 Do-

1917 1950 2100 2027 minus
2131 1950 2206 2004 ait
2242 1967 2255 2001 :
2291 1951 2484 2007 Omnia
2522 1967 2839 2022 qutecunque
2876 1952 3031 2006 cultis
3061 1962 3118 2006 ut
3166 1953 3373 2022 faciant
3400 1970 3492 2007 uo-

1917 2040 1996 2096 bis
2029 2042 2284 2108 homines,
2337 2053 2387 2097 et
2424 2060 2512 2098 vos
2536 2045 2695 2113 facite
2736 2046 2983 2101 similiter
3036 2046 3144 2100 illis
3170 2046 3236 2101 ³⁸.
3278 2045 3491 2112 Quibus

1916 2137 2167 2206 utrisque
2197 2138 2470 2193 mandatis
2502 2138 2567 2204 ³⁸,
2598 2154 2695 2208 per
2722 2155 2891 2193 unum
2924 2139 3132 2193 malitia
3179 2141 3492 2209 compesci-

1916 2234 2027 2294 tur,
2060 2235 2113 2283 et
2138 2244 2233 2299 per
2260 2231 2407 2284 aliud
2440 2231 2751 2301 benignitas
2778 2239 3132 2303 propagatur,
3168 2240 3227 2286 ut
3282 2248 3351 2287 ne
3374 2248 3491 2286 ma-

1916 2320 2027 2375 lum
2050 2320 2176 2390 quis
2206 2320 2424 2388 inferat,
2455 2324 2550 2378 sed
2574 2324 3089 2393 bonumimpendat.
3141 2322 3407 2388 Primum,
3430 2331 3492 2378 ut

1914 2428 1981 2467 ca
1994 2421 2107 2468 teat
2136 2414 2364 2483 laedere;
2395 2417 2697 2472 secundum
2724 2422 2784 2470 ut
2807 2418 2953 2471 norit
2970 2418 3174 2472 bonum
3205 2426 3486 2488 praestare.

1913 2506 1976 2561 Si
1990 2508 2127 2562 enim
2150 2507 2371 2574 fratrem
2400 2525 2552 2579 quem
2573 2509 2736 2575 vides,
2757 2512 2861 2563 nbn
2879 2509 3089 2581 diligis;
3128 2510 3311 2576 Deum,
3335 2526 3490 2581 quem

1914 2616 2019 2654 non
2045 2600 2209 2665 vides,
2233 2601 2495 2671 quomodo
2541 2611 2687 2670 potes
2731 2601 2951 2672 diligere
2978 2603 3022 2633 ³⁷
3046 2602 3069 2656 ?
3096 2602 3188 2657 Sic
3228 2619 3360 2674 ergo
3386 2619 3491 2661 nos

1914 2694 2072 2750 decet
2102 2710 2361 2751 exercere
2397 2710 2587 2750 curam
2620 2703 2895 2758 nostram,
2930 2705 3113 2749 utnon
3144 2695 3488 2754 dimittamus

1913 2801 2103 2840 curam
2133 2795 2375 2844 vestram
2408 2806 2423 2843 :
2458 2794 2513 2841 et
2542 2787 2622 2841 sic
2652 2787 2879 2857 diligere
2909 2802 3033 2851 nos,
3066 2804 3136 2842 ne
3180 2790 3490 2860 negligatur

1913 2877 2135 2932 dilectio
2174 2879 2404 2948 proximi
2432 2895 2448 2945 ;
2478 2879 2611 2948 quia
2642 2879 2687 2911 ³⁸
2702 2878 2797 2934 Dei
2828 2879 3049 2935 dilectio
3083 2880 3243 2933 morti
3267 2896 3488 2951 compa-

1913 2979 2087 3032 ratur,
2139 2970 2355 3025 dicente
2409 2968 2732 3039 Sapientia:
2801 2970 2994 3025 Valida
3048 2980 3127 3025 est
3177 2972 3388 3026 dilectio
3429 2982 3489 3026 ut

1913 3077 2055 3115 mors
2081 3061 2124 3093 ³⁹
2150 3080 2164 3116 :
2198 3061 2431 3126 idcirco,
2458 3063 2584 3131 quia
2617 3063 2760 3117 sicut
2789 3078 2938 3118 mors
2975 3064 3242 3118 violenter
3268 3075 3487 3135 separat

1912 3154 2150 3208 animam
2184 3168 2216 3207 a
2247 3168 2497 3223 corpore,
2522 3154 2596 3208 ita
2619 3154 2839 3209 dilectio
2870 3154 2963 3209 Dei
2996 3164 3211 3225 scparat
3245 3158 3485 3211 animam

1909 3246 2179 3301 violenter
2213 3260 2243 3298 a
2277 3246 2555 3300 mundano
2584 3253 2638 3300 et
2666 3246 2874 3300 carnali
2928 3261 3132 3301 amore.
3189 3247 3293 3314 Qui
3320 3249 3483 3313 enim,

1911 3338 2175 3394 Dominus
2206 3338 2405 3407 inquit,
2425 3336 2602 3407 diligit
2626 3353 2726 3402 me,
2744 3336 3000 3390 mandata
3036 3355 3151 3391 mea
3172 3339 3396 3392 servabit
3414 3338 3480 3396 ⁸⁸.

1910 3432 2045 3486 Nam
2074 3431 2170 3501 qui
2195 3430 2290 3485 Dei
2333 3438 2607 3499 praecepta
2651 3430 2978 3494 contemnit,
3014 3429 3181 3485 Deum
3212 3446 3321 3485 non
3353 3431 3482 3485 dili-

1909 3525 2008 3595 git.
2071 3522 2226 3578 Unde
2257 3523 2524 3592 scriptum
2574 3528 2661 3575 est
2693 3540 2709 3576 :
2746 3519 2926 3575 Nolite
2960 3531 3147 3589 putare
3189 3523 3328 3592 quod
3362 3541 3479 3577 ina-

1909 3617 2078 3671 neatis
2116 3617 2169 3669 in
2198 3614 2476 3668 dilectione
2506 3630 2643 3675 mea,
2680 3616 2727 3668 si
2760 3631 2864 3668 non
2919 3617 3253 3668 servaveritis
3284 3631 3482 3685 praece-

1907 3719 2000 3779 pta
2026 3726 2143 3763 mea
2170 3710 2238 3763 δι.
2286 3706 2474 3776 Neque
2494 3707 2640 3761 enim
2674 3722 2857 3778 regem
2911 3707 3212 3778 diligimus,
3251 3710 3296 3764 si
3352 3710 3481 3764 odio

1910 3805 2053 3874 leges
2079 3804 2199 3871 ejus
2227 3802 2510 3854 habemus.
2556 3798 2742 3869 Neque
2770 3799 2915 3853 enim
2946 3815 3013 3853 ex
3041 3808 3157 3854 toto
3186 3802 3351 3856 corde
3380 3817 3473 3871 po.

1909 3896 2038 3952 terit
2064 3896 2155 3950 ille
2193 3893 2361 3948 Deum
2396 3891 2645 3961 diligere,
2682 3892 2778 3961 qui
2832 3892 3081 3945 noscitur
3128 3894 3185 3947 in
3240 3896 3457 3965 proxim

1907 4003 2149 4042 corruere
2172 3986 2216 4018 δ’
2249 3985 2543 4039 dilectione
2571 4000 2585 4037 :
2617 3983 2744 4053 quia
2764 3998 2858 4053 per
2874 3983 3217 4040 dilectionem
3242 3988 3475 4055 proximi

1907 4078 2225 4150 pervenitur
2271 4075 2340 4131 ad
2387 4077 2710 4129 cltaritatem
2773 4075 3017 4140 Christi,
3075 4079 3356 4147 qttoniam,
3419 4093 3474 4136 ut

1908 4172 2247 4242 praelibatum
2285 4175 2391 4230 est,
2434 4168 2487 4220 in
2520 4166 2607 4220 his
2662 4167 2878 4221 duobus
2904 4170 3192 4239 praeceptis
3230 4178 3341 4225 tota
3389 4172 3475 4227 lex

1905 4262 2107 4334 psndet
2150 4269 2204 4315 et
2234 4261 2512 4331 prophetae
2544 4259 2611 4314 ".
2638 4258 2912 4313 Docibiles
2938 4274 3088 4329 ergo,
3111 4263 3201 4330 qui
3235 4263 3476 4332 perfecte

1905 4355 2052 4409 docti
2093 4368 2204 4407 non
2234 4361 2364 4407 sunt
2393 4352 2460 4404 ad
2488 4351 2603 4405 haec
2636 4350 2943 4420 peragenda
2966 4392 2980 4413 ,
3013 4361 3229 4420 oportet
3285 4371 3493 4411 omnes-

220 4449 566 4517 incognitum
596 4458 699 4503 est.
744 4447 901 4504 Unde
930 4449 1065 4503 illud
1092 4449 1298 4503 dictum
1327 4456 1412 4503 est
1445 4468 1458 4503 :
1494 4447 1802 4503 Generatio-
1834 4452 1877 4505 Ι)
1906 4460 2051 4508 esse,
2098 4451 2153 4499 et
2182 4451 2243 4497 ut
2288 4444 2390 4512 ipsi
2441 4443 2586 4495 docti
2637 4443 2769 4506 sint,
2809 4452 2863 4496 et
2893 4444 3033 4497 alios
3059 4446 3358 4513 prudenter
3387 4449 3473 4501 in-

218 4558 338 4595 nem
354 4541 473 4609 ejus
497 4541 613 4610 quis
629 4541 903 4595 enarrabit
925 4542 993 4573 "‘
1014 4540 1221 4607 ?Quam
1239 4548 1507 4596 secretam
1532 4542 1799 4612 originem

218 4650 348 4689 cum
382 4633 608 4703 proprio
657 4632 815 4698 Filio,
870 4634 1024 4688 novit
1070 4634 1188 4704 ipse
1239 4634 1391 4688 solus
1446 4634 1539 4703 qui
1592 4634 1799 4703 genuit.

220 4729 267 4759 ⁸⁸
282 4726 399 4780 Nec
431 4725 574 4780 Deus
595 4742 625 4778 a
653 4726 811 4779 nobis
839 4724 1218 4780 discutiendus
1238 4724 1443 4788 est,sed
1460 4724 1801 4791 credendus;

220 4822 317 4891 qui
340 4822 395 4874 in
414 4819 579 4872 nobis
602 4819 738 4888 ipsis
754 4820 1055 4883 nescimus,
1082 4817 1228 4887 quod
1252 4816 1505 4883 facimus,
1530 4818 1804 4887 quomodo

220 4911 523 4983 sapientia,
561 4911 863 4979 ingenium,
883 4919 977 4965 aut
1008 4911 1341 4971 intellectus.
1363 4918 1457 4963 aut
1484 4910 1800 4977 consilium,

220 5015 318 5061 aut
338 5020 501 5059 mens
529 5010 716 5058 nostra
736 5013 962 5074 generat
982 5003 1230 5059 verbum.
1270 5002 1375 5057 Sed
1397 5002 1596 5058 suliicit
1611 5016 1797 5065 nosse,

219 5100 353 5170 quia
388 5100 484 5151 lux
513 5098 701 5167 genuit
721 5096 1087 5166 splendorem,
1115 5096 1259 5150 sicut
1289 5095 1363 5148 ait
1388 5094 1659 5165 PnOpheta
1690 5113 1702 5147 :
1733 5092 1802 5145 In

217 5189 591 5262 splendoribus
624 5197 927 5242 sanctorum
963 5202 1028 5241 ex
1068 5195 1217 5240 utero
1242 5195 1362 5240 ante
1390 5185 1687 5256 Luciferum
1713 5202 1802 5256 ge-

282 5335 328 5366 "
350 5340 575 5403 quoque.
638 5332 694 5403 ξ’
721 5331 1030 5385 resurrectio
1061 5330 1244 5403 futura
1272 5328 1362 5381 sit.

202 5405 464 5457 tulerunt.

1445 5326 1488 5358 ⁸³
1524 5325 1581 5377 S.
1617 5327 1733 5395 Aug
1762 5366 1777 5386 ,
1812 5339 1978 5379 serm.
2011 5324 2136 5395 “5,
2176 5323 2254 5378 De
2280 5332 2433 5393 temp.
2460 5338 2478 5386 ;
2503 5319 2922 5395 Ruf._i‘n_Symb.
2975 5321 3045 5395 _"

1906 4545 2140 4598 struere,
2162 4542 2217 4589 et
2240 4534 2478 4604 perfecte
2514 4534 2726 4602 possint
2753 4534 2971 4596 docere,
3003 4535 3158 4603 juxta
3192 4535 3469 4594 Danielcm

1903 4629 2245 4699 prophetam,
2291 4628 2385 4696 qui
2430 4627 2554 4679 ait:
2596 4624 2833 4692 Populus
2885 4635 3058 4678 autem
3092 4627 3260 4681 sciens
3301 4628 3470 4684 Deum

1903 4739 2079 4785 suum,
2121 4719 2374 4773 obtinebit
2422 4727 2472 4771 et
2516 4718 2696 4787 faciet,
2729 4726 2778 4770 et
2825 4717 2967 4771 docti
2998 4720 3052 4771 in
3089 4721 3279 4788 populo
3324 4722 3473 4779 doce-

1906 4817 2029 4869 bunt
2060 4814 2314 4883 plurimos
2342 4812 2407 4866 δ”.
2465 4810 2667 4865 Omnes
2697 4810 2982 4874 docibiles,
3013 4818 3072 4865 ut
3096 4813 3209 4881 jam
3262 4814 3469 4871 dictum

1907 4915 2013 4968 est,
2046 4907 2142 4976 qui
2163 4906 2309 4961 docti
2331 4904 2375 4936 "
2406 4911 2557 4968 sunt,
2593 4917 2718 4957 esse
2745 4910 2994 4972 oportet;
3027 4904 3121 4959 sed
3158 4908 3473 4967 sacerdotes

1907 4998 2183 5053 doctiores
2241 4996 2454 5050 caeteris
2507 4993 2726 5064 populis
2788 5010 3017 5050 necesse
3068 4995 3184 5051 fore
3243 4998 3515 5054 docebat.

1910 5090 2170 5145 Christus
2216 5087 2501 5142 dicens":
2556 5086 2696 5152 Quia
2745 5087 2791 5139 si
2818 5103 2986 5141 carcus
3042 5106 3179 5142 ιτεσο
3221 5091 3470 5146 ducatum

1907 5190 2145 5251 prwstet,
2190 5180 2344 5234 ambo
2383 5182 2440 5233 in
2489 5178 2689 5248 foveam
2729 5178 2923 5233 cadunt
2951 5181 3017 5235 "7.
3078 5182 3399 5239 Sacerdotes
3425 5190 3468 5218 ‘3

3069 5318 3212 5388 quia.
3288 5318 3335 5351 ’⁸
3352 5327 3481 5373 con:

508 5410 521 5423 '
544 5403 608 5482 “_
625 5400 763 5482 Ergo
790 5404 949 5482 quod.
974 5390 1071 5482 ﬂ"
1096 5399 1364 5482 idem:sz
1397 5397 1476 5482 6._
1500 5481 1503 5482 ν
1525 5398 1569 5428 ’³
1594 5390 1834 5482 licini},

1915 5409 1945 5449 ι.
2021 5395 2067 5427 ’³
2093 5390 2487 5482 ΡεξΙᾹςΧνᾹΊΟ.
2564 5394 2610 5424 ²⁵
2642 5391 2852 5482 Ιξξιὶξια..
2874 5407 2933 5453 ιι,
2962 5390 3144 5482 ng";
3174 5390 3277 5482 ἷξε).
3308 5394 3478 5482 Vinii.

200 5476 245 5507 "
268 5456 440 5537 illuf.,
468 5471 622 5542 praef.
661 5456 856 5541 Ιῖεὶροέ.
888 5475 940 5542 in
968 5469 1171 5542 Symb._
1226 5456 1433 5542 "fisa.
1460 5480 1576 5527 Lm,
1608 5467 1693 5542 8.“
1738 5467 1784 5499 ’⁸
1812 5456 1951 5542 ξας.
1989 5465 2301 5542 set-mimi,
2337 5456 2409 5517 De
2438 5461 2813 5542 tempi‘Ruf”
2839 5462 2873 5515 Ι.
2908 5476 2967 5542 (ξι
3104 5456 3247 5514 Psal.
3279 5475 3388 5542 cui,
3424 5461 3479 5513 5.

202 5545 251 5574 ³ο
311 5528 527 5596 Baruch
560 5558 643 5604 ιιι,
670 5528 757 5595 ὅϋί
834 5542 901 5574 ³⁰⁶
928 5528 1084 5601 Ibid,
1111 5540 1199 5593 58.
1276 5538 1318 5568 ³⁸
1347 5536 1619 5591 Hactenus
1650 5534 1785 5590 Ven.
1818 5528 1967 5590 Fort.
2045 5536 2089 5567 ³²
2116 5528 2303 5588 Matth.
2334 5550 2495 5604 xxna
2541 5528 2590 5565 ³³
2618 5533 2773 5587 lieut.
2799 5547 2848 5604 vt
2871 5528 3104 5604 ;_Ma_tt_h_.
3130 5544 3278 5604 xxii;
3310 5529 3478 5604 Ma-c.

204 5630 303 5667 XII.

384 5613 433 5643 ³⁸
458 5612 594 5667 Tol).
633 5628 705 5675 IV,
745 5612 831 5667 16.
909 5613 952 5644 ³⁸
983 5610 1174 5664 Matth.
1206 5624 1301 5672 vn,
1332 5608 1425 5677 12.
1505 5608 1550 5638 ³⁸
1582 5605 1638 5661 S.
1671 5606 1832 5677 Grcg.

1915 5623 1921 5659 ι
1961 5605 2180 5677 Μοναιτ,
2217 5607 2270 5677 ti.

2349 5605 2391 5637 ³⁷
2426 5604 2440 5657 Ι
2469 5602 2624 5658 Juat).
2655 5620 2725 5657 Iv.
2804 5603 2848 5632 ³⁸
2899 5599 2956 5653 S.
2990 5598 3116 5653 Isid.
3160 5598 3215 5660 2,
3251 5610 3390 5658 scut.
3423 5600 3477 5655 5.

202 5685 249 5715 ³³
275 5683 438 5753 (lant.
475 5699 599 5737 vin.
678 5668 722 5714 ίο
750 5683 905 5737 Joan.
936 5698 1051 5753 μγ,
1078 5680 1173 5753 25.
1243 5668 1477 5753 u'Joau.
1502 5694 1590 5753 xv,
1627 5677 1714 5753 it).
1783 5668 1834 5708 ἐ’

1916 5693 2068 5753 rure.
2093 5673 2578 5753 ωδδ-Μιιιιιιζηλι,
2611 5674 2699 5753 40‘.
2779 5671 2824 5703 ιδ
2851 5670 2985 5725 Dan.
3019 5685 3095 5735 $1,
3121 5668 3209 5722 32.
3285 5671 3328 5701 “l
3356 5688 3478 5725 non.

204 5755 252 5786 δ’
279 5752 407 5810 Hac
435 5754 546 5809 duo
579 5753 842 5811 vocabula
869 5747 975 5809 non
1008 5759 1135 5809 sunt
1162 5750 1216 5806 in
1250 5764 1357 5804 ms.
1434 5747 1477 5777 ³⁷
1501 5747 1691 5802 Matth.
1724 5764 1815 5817 xv,
1853 5747 1936 5802 li.

2015 5748 2062 5778 ’⁸⁸
2090 5745 2344 5803 Distinet.
2374 5746 2465 5812 95,
2495 5744 2803 5801 Sacerdotes
2828 5758 2964 5797 vero.
