3896 6174
423 256 531 315 875

1278 248 1337 306 8.
1379 245 1780 306 CLEMENTIS
1817 246 1838 300 l
1875 244 2046 307 ROM.
2081 243 2288 305 PONT.
2321 245 2554 305 OPEBA
2591 248 2822 307 DUBIA.

3587 254 3700 310 £75

422 384 555 425 vero
580 367 665 425 sal
692 373 854 424 terra:
886 371 944 423 et
982 363 1178 427 mundi
1208 363 1394 420 lumen
1418 362 1463 397 δ’
1492 364 1721 428 docens,
1752 364 2010 435 praecepit
2038 366 2087 425 Α
2114 364 2281 433 cepit,
2307 364 2403 434 qui
2428 380 2538 420 non
2561 366 2876 437 primatum,
2899 374 2996 421 aut
3020 366 3585 439 archiepiscoporum,
3602 377 3702 424 aut

421 462 481 516 in
514 458 811 530 splendore
838 458 1114 513 bonorum
1152 471 1383 528 operum
1434 454 1653 511 Patrem
1706 456 2014 527 gloriﬁcare

422 551 635 620 Deum;
675 551 744 606 de
774 550 978 621 quibus
1028 548 1298 604 Dominus
1354 548 1435 604 ait
1468 567 1481 603 :
1524 547 1679 604 Beati
1714 549 1864 613 estis,
1895 565 2016 604 cum

420 644 799 701 maledizerint
830 642 976 698 vobis
1006 641 1266 704 beatius,
1289 648 1339 695 et
1370 640 1633 708 persecuti
1660 656 1750 695 sos
1781 640 2011 710 fuerint,

420 746 473 791 et
502 737 739 792 dixerint
769 752 923 791 omne
972 735 1176 789 malum
1232 733 1511 789 aduersum
1552 749 1667 798 vos.
1710 732 2015 788 cicuticines

421 839 635 900 propter
660 846 763 885 nte.
812 827 1045 882 Gaudete
1069 834 1121 880 et
1175 825 1461 889 exsultate,
1496 826 1753 895 quoniam
1814 841 2013 880 merces

424 932 599 976 vestra
630 922 844 991 copiosa
872 930 950 974 est
974 920 1030 974 in
1059 918 1237 981 caelis;
1268 918 1345 972 sic
1388 916 1529 972 enim
1582 917 1847 987 persecuti
1888 926 2015 973 sunt

422 1014 736 1083 prophetas,
764 1013 861 1083 qui
888 1013 1103 1082 fuerunt
1137 1018 1259 1064 ante
1286 1025 1396 1064 vos.
1444 1007 1543 1063 Vos
1567 1009 1698 1063 estis
1730 1008 1814 1064 sal
1859 1017 2015 1064 tcrrtc

424 1106 583 1172 Quod
617 1106 663 1159 si
687 1105 770 1159 sal
791 1104 1085 1167 cenauerit,
1112 1102 1167 1159 in
1203 1116 1307 1172 quo
1354 1100 1581 1157 salietur
1609 1102 1635 1157 ἵ
1684 1099 1765 1155 Ad
1789 1099 2014 1154 nihilum

422 1200 565 1253 ualet
592 1198 763 1264 ultra,
800 1197 907 1251 nisi
942 1206 999 1250 ut
1024 1197 1172 1265 foras
1198 1194 1466 1257 mittatur,
1495 1200 1544 1248 et
1571 1192 1915 1246 conculcetur
1946 1191 2013 1247 ab

424 1290 749 1346 nontinibus.
817 1288 944 1344 Non
974 1296 1145 1358 potest
1165 1286 1353 1341 ciuitas
1388 1283 1643 1339 abscondi
1669 1300 1831 1353 supra
1864 1301 2015 1340 mon-

424 1395 531 1440 tem
549 1385 751 1453 posita,
806 1398 970 1453 neque
1026 1377 1323 1434 accendunt
1378 1377 1674 1441 lucernam,
1712 1386 1762 1432 et
1812 1388 2011 1447 ponunt

424 1494 543 1533 eant
576 1477 673 1531 sub
720 1474 921 1540 modio,
962 1472 1053 1527 sed
1102 1488 1260 1542 super
1287 1468 1690 1532 candelabrum.
1747 1478 1805 1523 ut
1838 1469 2013 1525 luceat

424 1569 670 1623 omnibus
704 1569 799 1639 qui
826 1568 883 1621 in
926 1566 1085 1621 domo
1125 1572 1249 1619 sunt
1278 1562 1347 1626 '°,
1376 1570 1437 1616 ut
1465 1560 1562 1631 qui
1619 1560 2012 1632 ingrediuntur

426 1664 610 1718 lumen
640 1662 862 1716 videant
889 1660 955 1714 ⁸³.
1010 1658 1103 1714 Sic
1160 1656 1333 1711 luceat
1363 1655 1459 1709 lux
1497 1665 1670 1711 vestra
1699 1670 1883 1707 coram
1910 1653 2011 1707 lio-

2118 457 2671 527 metropolitanorum
2714 459 2957 524 nomine,
2988 460 3122 531 quia
3174 468 3379 515 matres
3406 461 3703 516 civitatum

2114 565 2228 605 non
2258 557 2475 615 tenent,
2510 551 2607 607 sed
2636 552 3023 624 episcoporum
3051 560 3263 606 tantum
3295 552 3566 608 vocabulo
3597 570 3701 624 po-

2114 646 2381 711 tirentur;
2408 645 2669 715 quoniam
2693 661 2795 701 nec
2816 648 2962 701 inter
2984 646 3144 715 ipsos
3168 646 3451 716 apostolos
3480 661 3582 715 par
3611 647 3702 702 in-

2113 736 2334 792 stitutio
2363 735 2490 800 fuit,
2524 737 2621 792 sed
2652 753 2797 793 unus
2835 738 3093 793 omnibus
3134 736 3433 807 prefuit".
3466 735 3585 792 Hoc
3611 746 3673 792 ta

2114 843 2240 883 men
2272 828 2685 899 przevidendum
2736 830 2998 893 instituit,
3030 845 3101 885 ne
3142 830 3196 884 in
3240 830 3409 895 villis,
3458 840 3556 885 aut
3607 846 3703 886 ca-

2115 920 2290 976 stellis
2322 920 2409 975 vel
2454 920 2689 977 modicis
2724 921 3063 984 civitatibus,
3112 921 3532 977 instituerentur
3578 923 3703 992 epi-

2114 1012 2301 1081 scopi;
2328 1027 2397 1067 ne
2428 1024 2537 1069 vate
2569 1028 2760 1068 eorum
2793 1028 2991 1067 nomen
3020 1012 3193 1068 ﬁeret.
3224 1011 3528 1083 Episcopos
3559 1029 3701 1084 ergo

2113 1103 2288 1157 vicem
2319 1109 2693 1173 apostolorum
2710 1120 2918 1174 genere,
2946 1103 3232 1159 Dominum
3255 1104 3510 1159 docuisse
3542 1104 3699 1159 dice-

2114 1194 2228 1258 bat,
2260 1202 2316 1249 et
2344 1184 2685 1267 reliquorum
2712 1197 3109 1267 discipulorum
3139 1197 3315 1252 vicem
3343 1203 3535 1251 tenere
3565 1212 3699 1266 prev-

2114 1288 2371 1360 sbyteros
2406 1288 2610 1345 debere
2654 1289 2989 1345 insinuabat.
3019 1287 3088 1344 Et
3117 1289 3163 1344 si
3204 1289 3329 1359 quis
3351 1289 3593 1359 aliquem
3623 1306 3696 1346 ex

2114 1380 2203 1435 his
2236 1380 2658 1445 scandalizares,
2701 1379 3081 1451 gravissimam
3116 1380 3194 1436 illi
3246 1395 3463 1450 piceam
3497 1381 3697 1436 inferri

2114 1471 2315 1529 debere
2352 1472 2709 1543 ptmdimbat.
2738 1471 2984 1529 Cunctos
3024 1488 3086 1529 se
3113 1472 3346 1527 invicem
3378 1471 3611 1543 diligere
3638 1481 3699 1527 et

2114 1565 2380 1635 adjuvare
2420 1566 2641 1631 debere,
2676 1575 2734 1622 et
2762 1565 3039 1623 neminem
3071 1566 3139 1620 ab
3170 1564 3446 1635 adiutorio
3498 1564 3698 1622 fratris

2110 1675 2175 1714 se
2202 1659 2527 1717 subtrahere
2546 1658 2939 1719 instruebat.“
2971 1656 3287 1713 Homicidas
3309 1674 3437 1713 vero
3464 1658 3698 1713 etadul—

426 1754 680 1817 ηιὶηὶδαεο
704 1763 764 1807 ια
795 1750 1004 1807 "una!
1030 1749 1166 1803 δοκι
1195 1764 1356 1817 0Pml
1396 1755 1592 1809 νειίναν
1624 1754 1674 1799 εί
1712 1744 2010 1816 flori/569'“
2044 1744 2086 1772 ”
2110 1759 2285 1817 teros,
2314 1768 2380 1807 ac
2403 1760 2638 1809 cunctos
2669 1750 3049 1809 criminalibus
3070 1750 3304 1809 nexibus
3332 1750 3611 1821 alligatos,
3639 1757 3699 1805 et

428 1845 648 1900 Patrem
696 1852 949 1921 vestrum,
984 1842 1073 1914 qui
1102 1842 1157 1895 in
1177 1840 1321 1895 ctelis
1364 1848 1444 1893 est
1472 1839 1541 1894 ".
1571 1837 1879 1909 Episcopos
1911 1854 2012 1892 au-

425 1947 535 1995 tem
568 1952 664 2008 per
704 1935 949 2007 singulas
974 1933 1249 1996 civitates,
1282 1931 1485 2002 quibus
1533 1930 1626 1989 ille
1680 1945 1791 1985 non
1824 1930 1994 1986 mise-

427 2042 553 2095 rat,
636 2028 927 2101 perdoctos
977 2033 1034 2082 et
1105 2025 1403 2097 prudentes
1464 2024 1614 2080 sicut
1686 2031 2002 2092 serpentes,

425 2125 823 2196 simplicesque
880 2124 1025 2178 sicut
1055 2118 1364 2185 columbas,
1417 2116 1575 2189 juxta
1610 2114 1825 2170 Domini
1869 2130 2011 2185 prae-

428 2218 762 2289 ceptionem,
811 2216 975 2271 nobis
1032 2213 1253 2268 mittere
1306 2210 1587 2281 praecepit.
1639 2207 1797 2274 Quod
1844 2208 2011 2263 etiam

427 2312 610 2366 facere
634 2309 1117 2374 inclmavimus,et
1152 2303 1385 2359 Domino
1423 2317 1585 2372 opem
1631 2300 1859 2369 ferente,
1914 2299 2002 2353 fa-

425 2403 573 2460 cturi
612 2418 827 2457 sumus.
863 2398 971 2455 Vos
1012 2406 1194 2453 autem
1222 2411 1318 2466 per
1345 2402 1559 2452 vcstras
1599 2392 1866 2447 dimceses
1897 2392 2014 2461 cpi-

428 2512 632 2568 scopos
666 2502 880 2549 sacrate
909 2500 965 2557 et
990 2490 1213 2553 mittite,
1239 2489 1368 2559 quia
1403 2503 1505 2543 nos
1539 2486 1605 2541 ad
1633 2485 1771 2540 alias
1802 2492 2012 2554 partes.

425 2590 574 2660 quod
596 2588 736 2643 idem
760 2584 950 2656 jussit,
977 2597 1143 2654 agere
1185 2580 1534 2636 curabimus.
1596 2578 1826 2649 Aliquos
1865 2594 2002 2633 vero

428 2681 497 2737 ad
525 2680 731 2735 Gallias
782 2676 1188 2749 Hispaniasque
1210 2672 1259 2706 ³³
1309 2672 1611 2735 mittemus,
1638 2679 1693 2726 et
1730 2671 2006 2741 quosdam

427 2775 497 2829 ad
528 2772 873 2829 Germani-am
897 2780 950 2825 et
978 2767 1215 2831 italiam,
1242 2772 1407 2835 atque
1438 2765 1505 2820 ad
1538 2764 1776 2834 reliquas
1814 2770 2010 2833 gentes

427 2866 666 2936 dirigere
704 2864 985 2933 cupimus.
1036 2858 1143 2915 Ubi
1172 2867 1352 2912 autem
1407 2855 1706 2913 ferociores
1746 2863 1801 2911 et
1832 2854 2010 2911 rebel-

428 2956 595 3011 liores
641 2964 837 3027 geates
901 2968 1025 3009 esse
1072 2948 1518 3021 cognoverimus,
1578 2947 1711 3007 illuc
1764 2946 2009 3017 dirigere

2106 1844 2205 1913 qui
2230 1843 2312 1899 eis
2340 1844 2651 1915 comquales
2670 1858 2783 1897 non
2806 1850 2987 1907 erant,
3018 1841 3305 1913 ab|eorum
3327 1842 3618 1897 vexatione
3638 1849 3697 1897 et

2104 1935 2483 2000 occultatione.
2516 1934 2751 1992 docente
2786 1933 3040 1999 Domino,
3076 1933 3420 2003 prohibebat,
3452 1941 3508 1990 et
3550 1950 3697 1988 nom»

2112 2027 2221 2083 nisi
2246 2043 2282 2084 a
2304 2028 2679 2098 eoasqualibus
2717 2027 2924 2099 aliquid
2950 2026 3033 2083 eis
3059 2025 3254 2082 inferri
3286 2026 3493 2081 debere
3522 2026 3697 2083 doce-

2110 2120 2237 2187 bat;
2266 2120 2399 2191 quia
2432 2119 2767 2192 discipulum
2807 2134 2977 2189 supra
3024 2120 3349 2190 magistrum
3400 2134 3549 2183 esse,
3598 2129 3699 2173 aut

2108 2212 2279 2269 ullam
2303 2211 2356 2268 ei
2400 2212 2660 2281 injuriam
2690 2211 2915 2277 inferre,
2956 2211 3271 2266 nullatenus
3298 2210 3494 2267 debere
3523 2226 3699 2282 opor-

2108 2314 2216 2366 tet.
2240 2306 2287 2340 “
2317 2305 2558 2362 infames
2588 2306 2753 2362 etiam
2805 2321 3019 2369 omnes,
3055 2311 3111 2359 et
3140 2320 3281 2375 quos
3331 2304 3602 2374 primates
3641 2312 3697 2360 et

2112 2400 2263 2472 leges
2294 2400 2485 2457 amuli
2516 2414 2626 2454 non
2647 2398 2977 2469 suscipiunt.
3000 2397 3098 2454 sed
3122 2407 3179 2453 et
3201 2398 3371 2453 laicos
3393 2397 3463 2451 ab
3493 2412 3695 2452 eorum

2110 2492 2467 2549 accusatione
2509 2499 2566 2547 et
2613 2491 2903 2547 vexatione
2952 2504 3175 2559 semper
3224 2488 3415 2559 repelli
3459 2488 3691 2553 debere,

2110 2586 2363 2656 rogabat,
2412 2594 2468 2640 et
2516 2590 2749 2639 cunctos
2790 2582 2900 2637 illis
2940 2580 3192 2636 subditos
3236 2594 3362 2636 esse
3399 2578 3694 2649 praecipie-

2111 2677 2226 2733 bat.
2247 2678 2289 2709 “
2320 2675 2659 2732 Cunctorum
2719 2674 3068 2731 sacerdotum
3106 2672 3300 2736 vitam,
3344 2673 3694 2741 superiorem

2110 2768 2557 2839 sanctioremque
2575 2783 2641 2823 ac
2668 2767 2965 2822 discretam
3004 2781 3035 2820 a
3061 2764 3423 2820 stecularibus
3448 2772 3503 2818 et
3533 2762 3694 2820 laieis

2110 2861 2428 2919 hominibus
2449 2876 2594 2928 esse,
2614 2866 2673 2915 et
2692 2858 3007 2929 spirituales
3028 2872 3279 2927 quosque
3309 2862 3475 2925 atque
3500 2870 3695 2911 sacer.

2111 2954 2268 3011 dotes
2292 2969 2465 3024 super
2489 2952 2743 3009 carnales
2771 2966 2835 3006 ae
2864 2950 3033 3005 laicos
3072 2963 3291 3017 semper
3346 2946 3696 3003 constituen-

427 3047 793 3117 aapientiorcs
820 3052 881 3099 et
910 3043 1246 3099 austeriorcs
1301 3056 1531 3097 necesse
1579 3039 1867 3103 habemus,
1914 3040 2013 3108 qui
2036 3071 2078 3127 ο
2110 3046 2212 3102 dos
2243 3046 2510 3115 docebat;
2540 3044 2800 3115 quoniam
2835 3057 2937 3113 pro
2968 3040 3198 3095 minimo
3232 3039 3391 3095 nobis
3424 3054 3551 3097 esse
3593 3039 3696 3095 de-

428 3139 675 3211 quotitie
717 3154 826 3193 non
880 3143 1102 3192 cessent
1143 3133 1333 3191 divina
1376 3134 1651 3191 seminare
1689 3133 1918 3198 semina,
1950 3142 2006 3188 et

427 3234 631 3287 multos
658 3230 881 3287 Christo
904 3229 1131 3293 lucrari,
1163 3236 1217 3283 et
1250 3226 1320 3281 ad
1349 3234 1554 3282 rectam
1587 3224 1746 3280 [idem
1770 3233 1830 3281 et
1860 3225 2004 3282 viam

426 3324 675 3380 veritatis
725 3323 1046 3393 perducere,
1092 3327 1151 3375 ut
1189 3318 1376 3390 plures
1418 3318 1734 3392 manipulos
1775 3315 2009 3374 Domino

427 3418 646 3471 valeant
701 3422 1060 3486 przesentare.

496 3508 624 3563 “In
653 3508 763 3563 illis
792 3522 922 3562 vero
955 3506 1292 3571 civitatibus,
1345 3504 1403 3559 in
1440 3502 1644 3573 quibus
1681 3500 1812 3555 olim
1864 3498 2008 3570 apud

424 3602 679 3657 ethnicos
726 3600 1185 3655 archillamines“
1227 3614 1444 3661 eorum,
1478 3606 1644 3665 atque
1688 3594 1850 3665 primi
1870 3593 2007 3663 legis

425 3692 686 3748 doctores
727 3701 905 3754 erant,
956 3691 1345 3761 episcOporum
1394 3688 1660 3757 primates
1715 3685 1867 3757 prmi,
1917 3686 2005 3741 vel

427 3784 794 3855 patriarchas,
826 3784 920 3852 qui
960 3782 1303 3853 reliquorum
1354 3779 1745 3850 episc0porum
1796 3775 2004 3844 judicia

426 3887 483 3933 et
530 3876 749 3945 majora
779 3873 1025 3946 (quoties
1071 3886 1304 3928 necesse
1347 3870 1510 3940 foret)
1541 3868 1758 3940 negotia
1798 3868 1856 3925 in
1890 3867 2004 3927 :lide

426 3966 719 4037 agitarent,
743 3974 798 4022 et
828 3964 1132 4021 secundum
1172 3963 1266 4019 Dei
1298 3962 1658 4025 voluntatem,
1692 3960 1838 4015 sicut
1860 3975 2002 4016 eon-

428 4060 726 4114 stituerunt
756 4058 934 4113 sancti
959 4057 1215 4126 apostoli,
1244 4060 1320 4109 ita
1352 4062 1410 4109 ut
1428 4071 1496 4109 ne
1518 4054 1647 4123 quis
1678 4054 1883 4122 injuste
1909 4070 2005 4124 pe-

428 4152 784 4213 riclitaretur,
842 4149 1229 4205 delinirent."
1263 4147 1320 4202 in
1372 4149 1481 4203 illis
1527 4156 1708 4203 autem
1760 4148 2000 4205 civitati-

428 4245 556 4308 bus.
582 4243 639 4299 in
666 4244 868 4315 quibus
904 4242 1114 4297 dudum
1152 4241 1296 4311 apud
1327 4241 1615 4310 przedictos
1635 4252 1792 4296 erant
1814 4242 2001 4299 archi-

427 4338 700 4401 llamines,
730 4353 870 4408 quos
901 4344 1083 4390 tamen
1114 4334 1357 4390 minores
1386 4335 1647 4388 tenebant
1689 4349 1852 4404 quam
1886 4351 2003 4391 tne--

428 4438 671 4487 moratos
700 4431 983 4501 primates,
1003 4427 1447 4497 archiepiscopos
1482 4426 1695 4482 institui
1718 4429 1996 4498 praecepit,
2032 4421 2079 4480 D

425 4525 519 4595 qui
570 4540 679 4578 non
722 4532 905 4579 tamen
948 4521 1266 4591 primatum,
1312 4519 1413 4574 sed
1456 4520 2002 4592 archiepiscoporum

427 4617 742 4672 fruerentur
784 4615 1030 4670 nomine.
1082 4612 1478 4683 Episcoporutn
1528 4614 2000 4683 quoquejudicia,

427 4717 488 4763 ut
537 4708 795 4779 superius
827 4712 1191 4762 memoratum
1238 4710 1346 4769 est,
1371 4714 1426 4758 et
1466 4705 1679 4774 majora
1730 4705 2005 4763 Ecclesia-

424 4818 549 4857 rum
595 4801 833 4871 negotia,
881 4799 929 4855 si
976 4798 1079 4868 ipsi
1123 4795 1566 4861 reclamaverint,
1613 4804 1709 4852 aut
1753 4800 1996 4870 aliquem

426 4896 699 4957 timorem,
726 4900 821 4946 aut
851 4892 988 4946 istos
1032 4889 1116 4944 vel
1155 4888 1294 4943 alios
1337 4899 1627 4958 suspectos
1678 4892 1995 4962 habuerint,

426 4986 493 5040 ad
518 4987 629 5055 jam
662 4985 841 5039 dictos
872 4984 1133 5052 primates
1167 4981 1252 5036 vel
1293 4982 1659 5050 patriarchas,
1689 5002 1758 5041 ne
1798 4988 1997 5058 aliquis

427 5085 687 5133 nocenter
710 5076 753 5107 "
785 5075 1007 5145 periret,
1037 5074 1327 5128 transferri
1375 5076 1663 5144 perdocuit
1677 5078 1743 5133 ⁸⁸.
1778 5077 1837 5133 In
1882 5082 2001 5136 sin-

423 5172 567 5243 gulis
591 5184 722 5225 vero
749 5168 977 5237 reliquis
1023 5166 1341 5221 civitatibus
1370 5167 1642 5239 singulos,
1677 5178 1732 5226 et
1763 5187 1871 5227 non
1914 5174 1999 5228 bi-

426 5280 528 5325 uos
552 5264 636 5323 vel
664 5268 852 5317 ternos
876 5267 974 5313 aut
998 5258 1182 5328 plures
1208 5258 1518 5331 episcopos,
1541 5264 1803 5319 constitui
1846 5282 1993 5339 prs:-

2110 3138 2221 3201 bet,
2253 3147 2312 3191 ut
2343 3152 2373 3193 a
2404 3136 2609 3193 talibus
2656 3149 2956 3206 arguamur
2997 3139 3052 3188 et
3092 3130 3428 3201 judicemur,
3475 3130 3564 3185 vel
3621 3131 3693 3187 ab

2108 3231 2351 3288 humano
2383 3230 2559 3288 die.“
2588 3227 2822 3298 Majores
2870 3242 3002 3284 vero
3035 3239 3066 3279 a
3092 3224 3399 3282 minoribus
3440 3238 3547 3277 nec
3601 3238 3696 3277 ac-

2108 3323 2293 3381 cusari
2328 3338 2429 3379 nec
2464 3321 2706 3392 judicari
2734 3321 3009 3378 ullatenus
3044 3332 3209 3388 posse
3251 3314 3512 3381 dicebat;
3548 3329 3694 3384 quo-

2110 3414 2258 3472 niam
2288 3430 2401 3470 non
2428 3414 2611 3469 solum
2652 3412 2757 3469 hoc
2804 3411 3043 3475 divinas,
3069 3410 3165 3467 sed
3195 3415 3251 3464 et
3290 3407 3446 3487 leges
3498 3406 3693 3463 seculi

2109 3509 2356 3564 inhibere
2382 3506 2639 3563 domitat.

2177 3602 2381 3659 Omnes
2401 3616 2534 3671 ergo
2566 3599 2741 3669 legum
2764 3595 3079 3652 divinarum
3106 3592 3342 3649 libenter
3364 3589 3689 3655 violatores,

2106 3701 2163 3750 ct
2201 3707 2486 3748 sacrarum
2530 3688 2941 3746 institutionum
2972 3686 3278 3742 voluntarie
3328 3682 3693 3753 perturbato-

2108 3802 2217 3852 rcs,
2265 3783 2641 3840 ecclesiastica
2691 3780 2947 3851 indignos
2996 3777 3185 3849 regula
3213 3783 3268 3832 et
3297 3782 3493 3831 sancta
3522 3790 3685 3829 com-

2106 3877 2368 3931 munione
2417 3873 2721 3944 judicabat.
2774 3870 3105 3941 Operatores
3153 3883 3286 3924 vero
3330 3867 3685 3932 earumdem,

2105 3972 2295 4041 eisque
2323 3969 2659 4032 obedientes,
2681 3973 3035 4033 utrarumque
3059 3976 3121 4017 ac
3150 3970 3474 4015 cacterurum
3505 3957 3688 4013 bono-

2106 4079 2229 4118 rum
2270 4062 2469 4133 dignos
2517 4074 2641 4114 esse
2686 4056 2925 4113 dicebat.
2968 4051 3122 4113 Unde
3176 4058 3231 4106 et
3290 4051 3687 4119 prophetasjn

2106 4155 2480 4213 testimonium
2518 4151 2772 4208 sumebat
2797 4146 3046 4211 :Audite,
3075 4144 3212 4209 cali,
3239 4154 3289 4198 ct
3320 4143 3542 4197 auribus
3567 4159 3688 4211 per-

2106 4250 2237 4319 cipe,
2278 4257 2443 4311 terra,
2484 4245 2734 4317 quoniam
2778 4241 3036 4297 Dominus
3090 4239 3297 4295 locutus
3354 4246 3474 4291 est:
3513 4234 3686 4290 Filios

2105 4342 2331 4397 euutrivi
2367 4349 2417 4395 et
2464 4337 2720 4402 exaltari,
2751 4334 2856 4405 ipsi
2894 4343 3074 4389 autem
3103 4339 3406 4400 spreverunt
3437 4345 3541 4387 me.
3580 4327 3687 4386 Co-

2104 4435 2279 4506 gnovit
2302 4432 2396 4486 bos
2423 4445 2775 4499 possessorem
2811 4442 2987 4489 suum,
3023 4432 3074 4481 et
3106 4424 3289 4479 asinus
3308 4438 3545 4492 praesepe
3590 4422 3685 4476 do-

2106 4528 2236 4581 mini
2268 4527 2372 4589 sui,
2406 4522 2580 4578 Israel
2610 4531 2788 4575 autem
2825 4537 2928 4573 non
2957 4518 3195 4588 cognorit
3235 4532 3335 4579 me,
3369 4524 3419 4569 et
3455 4515 3686 4584 populus

2105 4636 2249 4673 meus
2265 4635 2368 4673 non
2399 4615 2678 4669 intellexit.
2708 4613 2794 4667 Va:
2814 4612 2954 4684 genti
2984 4608 3265 4679 peccatrici
3282 4608 3301 4659 .'
3320 4608 3513 4676 populo
3533 4607 3684 4675 graui

2104 4710 2404 4781 iniquitate,
2437 4706 2625 4761 semini
2668 4719 2918 4775 nequam,
2948 4704 3077 4771 ﬁliis
3117 4698 3428 4757 sceleratis!
3481 4696 3687 4751 Dereli-

2103 4809 2324 4872 querunt
2354 4798 2659 4861 Dominum,
2683 4795 3168 4864 blasphemame
3199 4791 3456 4849 Sanctum
3482 4789 3683 4859 Israel,

2108 4894 2396 4949 abalienati
2421 4901 2545 4946 sunt
2573 4900 2883 4944 retrorsum.
2917 4886 3084 4955 Super
3110 4902 3213 4957 quo
3252 4886 3549 4955 percutiam
3592 4902 3682 4940 nos

2104 4989 2269 5050 ultra,
2298 4984 2551 5039 addentes
2578 4980 3114 5052 prwraricationcnt?
3150 4977 3320 5034 Omne
3367 4986 3526 5045 caput
3560 4978 3683 5031 lan-

2101 5080 2341 5152 guidum,
2366 5088 2415 5133 ct
2443 5093 2595 5131 omne
2639 5092 2731 5129 cor
2769 5090 2990 5129 atterens
3015 5087 3085 5129 :a
3114 5072 3302 5140 planta
3342 5070 3489 5139 pedis
3517 5087 3682 5139 usque

2102 5176 2172 5229 ad
2203 5176 2441 5229 verticem
2462 5188 2564 5224 non
2596 5177 2673 5223 est
2698 5167 2754 5223 in
2776 5182 2839 5221 eo
2862 5165 3105 5219 sanitas:
3140 5163 3326 5219 vulnus
3360 5172 3413 5217 ct
3451 5163 3605 5225 livor,
3629 5172 3678 5215 et

2104 5269 2264 5339 plaga
2297 5275 2499 5320 tumens
2524 5268 2727 5316 nonest
2758 5256 3148 5327 circumligata,
3181 5270 3274 5309 nec
3304 5264 3494 5309 curata
3520 5257 3681 5307 medi-

495 5483 685 5541 “esse.
768 5481 1314 5547 “Matth.v,‘ll-16.
1391 5485 1612 5545 “Deest
1636 5489 1812 5544 media
1834 5490 1951 5546 hmo
1974 5491 2244 5548 sententia
2274 5491 2328 5545 in
2364 5485 2597 5545 Luecnsi
2643 5483 2851 5540 codice.
2926 5478 3259 5540 "lbid..l6.
3320 5477 3490 5531 "Ms.
3538 5474 3679 5548 Spa-

426 5554 641 5627 niasque
694 5624 702 5627 λ
740 5554 788 5627 _”
806 5552 953 5627 Dist.
979 5546 1085 5627 80,7
1120 5552 1185 5607 In
1232 5553 1709 5627 illiscieitatibus;
1762 5570 1816 5615 et
1864 5546 2213 5627 ιεοίχζθρ.
2249 5561 2301 5616 5.
2382 5560 2426 5590 ⁸⁸
2463 5556 2625 5623 Ρνίηιί
2656 5553 2949 5627 ταεενέ⁰ί9⁸
2974 5552 3239 5627 ﬂemina?-
3262 5617 3279 5627 .
3316 5549 3523 5627 “fide
3549 5546 3675 5627 QAM'

428 5624 655 5713 ρης-,θη
679 5624 826 5713 Αεικ
851 5624 977 5713 2m:-
1009 5624 1206 5713 «aee
1247 5624 1594 5713 turanne.
1644 5630 1875 5713 8.121..
1909 5633 2068 5713 ευρ

730 5695 775 5775 ’δ
847 5708 901 5762 ⁸1·
936 5694 992 5759 1³
1010 5684 1429 5775 β⁶⁰¹¹ί³ἱρεῖναι
1456 5684 1697 5771 Ἰιειέίτξί
1718 5684 1781 5757 ἐξ
1802 5684 2305 5775 ῧζέξέὸιῖίίριίοιιιέ.
2330 5684 2357 5772 ί
2411 5702 2452 5732 "
2479 5699 2535 5764 Ξ,
2565 5714 2619 5768 q.
2658 5696 2717 5764 7,
2743 5684 2894 5749 Laici
2922 5694 2973 5745 in
3004 5692 3363 5747 accusatione.
3440 5689 3485 5721 "
3516 5684 3671 5751 Fab.,

429 5692 540 5745 lili.’
566 5710 625 5748 ll.

428 5778 514 5829 ep.
547 5762 600 5816 ‘1.
677 5756 1050 5832 "Julfepf‘l,
1076 5780 1125 5818 ρ.
1159 5756 1247 5812 5U-

2188 5613 2212 5663 "
2246 5613 2364 5702 quis
2401 5613 2723 5702 innocenter.
2750 5693 2769 5702 _
2799 5622 2845 5702 ’ξ
2875 5613 3061 5702 jussit.
3175 5617 3318 5702 "'In
3376 5613 3671 5702 ὒεςνῆῑῖο.
