3896 6174
188 246 303 323 ‘m

1406 266 1765 326 EPISTOLIE
1806 267 2272 325 DECRETALES’

3364 284 3475 342 478

199 389 429 449 camine,
456 399 622 456 neque
644 385 759 457 fota
794 386 930 445 oleo.
977 386 1147 442 Terra
1184 392 1360 444 vestra
1407 386 1642 449 deserta.
1669 390 1792 444 civi-
1823 402 1861 459 Α
1894 386 2171 458 episcopis
2210 387 2267 443 in
2302 387 2563 444 omnibus
2592 389 2805 461 absque
2838 405 2995 446 mora
3018 391 3361 460 obedientcs,
3384 397 3476 453 in-

201 488 335 533 tates
364 487 555 534 vestra:
580 480 698 551 igne
727 496 997 535 succensa:
1014 495 1033 533 :
1056 479 1319 550 regionem
1348 490 1578 535 vestram
1600 499 1785 537 coram

195 570 340 625 nobis
396 572 565 625 alieni
599 572 879 639 devorant,
919 582 971 627 et
1005 572 1337 627 desolabitur
1396 574 1534 628 sicut
1580 576 1638 628 in
1692 593 1787 630 va-

190 665 379 719 stitate
433 664 718 731 Met
752 665 1234 737 derelinpetur“.
1295 664 1409 730 Var,
1455 666 1660 737 inquit,
1692 671 1786 740 qui

193 759 375 813 dicitis
440 758 637 814 bonum
678 759 907 826 udum,
944 769 1002 815 et
1034 760 1243 815 nihil
1278 760 1500 826 iam,
1530 774 1783 831 ponentes

195 852 440 906 tenebras
462 853 655 916 lucem,
677 863 725 908 et
749 854 919 909 lucem
961 853 1224 919 tenebras,
1256 864 1502 924 ponentes
1537 873 1783 911 amarum

192 945 245 997 in
276 943 458 1009 dulce,
490 955 543 1000 et
595 945 750 1001 dulce
792 948 850 1001 in
897 964 1163 1003 amarum.
1203 946 1494 1018 Propterea
1544 951 1781 1018 captivus

188 1035 383 1091 ductus
408 1047 489 1091 est
516 1039 744 1108 populus
776 1056 944 1104 meus,
968 1041 1095 1111 quia
1124 1057 1230 1095 non
1255 1040 1439 1095 habuit
1477 1043 1777 1109 scientiam,

185 1138 236 1183 et
274 1128 483 1185 nobiles
530 1132 645 1201 ejus
679 1133 999 1187 interierunt
1037 1134 1201 1199 fame,
1251 1143 1300 1188 et
1334 1134 1620 1189 multitudo
1666 1135 1781 1205 ejus

184 1224 278 1276 siti
321 1226 563 1280 exaruit.
604 1223 898 1294 Propterea
946 1226 1199 1280 dilatavit
1239 1227 1480 1297 infernus
1542 1229 1779 1283 animant

184 1331 368 1381 suam,
399 1326 453 1369 et
480 1317 690 1386 aperuit
727 1335 785 1371 os
825 1335 979 1372 suum
1014 1318 1210 1390 absque
1266 1320 1379 1374 ullo
1428 1324 1673 1377 termino.
1710 1323 1779 1377 Et

182 1406 506 1463 descendent
530 1409 694 1478 fortes
720 1410 858 1479 ejus,
892 1421 941 1465 et
981 1412 1205 1480 populus
1236 1413 1374 1483 ejus,
1430 1422 1481 1468 et
1525 1414 1778 1469 sublimes

180 1500 511 1571 gloriosique
547 1503 661 1572 ejus
716 1502 785 1556 ad
816 1520 956 1559 eum.
1009 1502 1076 1558 Et
1108 1504 1476 1560 incurvabitur
1520 1506 1698 1575 homo,
1729 1518 1780 1563 et

181 1592 565 1646 humiliabitur
592 1596 693 1659 vir,
725 1604 774 1649 et
797 1596 939 1650 oculi
968 1595 1275 1651 sublimium
1299 1598 1679 1667 deprimentur.
1710 1599 1779 1653 Et

178 1687 521 1739 exaltabitur
550 1686 811 1743 Dominus
831 1691 1163 1743 exercituum
1192 1691 1245 1744 in
1260 1691 1492 1761 judicio,
1534 1702 1583 1747 et
1634 1693 1776 1748 Deus

1892 480 2155 535 stituente
2198 479 2453 546 Domino,
2495 497 2621 537 esse
2661 483 2862 539 debere
2902 484 3218 543 docebat".
3248 486 3474 549 Nutha

1889 572 2023 627 item
2052 572 2233 627 aliena
2275 573 2670 645 concupiscere
2710 584 2807 629 aut
2848 591 3205 647 meum,
3230 594 3354 649 qua
3377 599 3480 637 co-

1888 680 2015 718 rum
2042 673 2230 728 erant,
2268 666 2364 721 sed
2412 682 2869 738 umeroque
2902 669 3023 725 suis
3073 669 3291 740 sibique
3317 688 3474 727 com.

1886 756 2080 812 missis
2127 765 2423 814 contentos
2472 774 2601 816 esse
2631 758 2942 815 docebat".
2973 759 3259 817 Neminem
3304 766 3473 820 etiam

1889 849 2055 903 alicui
2088 850 2297 921 aliquid
2319 851 2522 918 facere,
2554 854 2662 909 nisi
2692 854 2841 925 quod
2873 854 2979 911 sibi
3003 854 3120 911 ﬁeri
3151 857 3339 922 vellet,
3382 858 3472 912 in-
3568 858 3585 885 θ

1888 941 2161 998 struebat.
2194 943 2453 999 Sanctam
2483 960 2705 1016 quoque
2722 945 3027 1002 Ecclesium
3060 948 3471 1004 immaculatam

1884 1046 2080 1089 onmes
2110 1050 2333 1091 servare
2371 1036 2571 1093 debere
2607 1039 3044 1110 evangelizabat,
3083 1042 3246 1111 cujus
3287 1044 3473 1104 claves

1884 1125 2181 1197 episcopos
2216 1144 2341 1184 esse
2390 1129 2630 1186 dicebat.
2679 1129 2788 1201 Ipsi
2817 1132 2961 1187 enim
2994 1132 3196 1188 habent
3225 1144 3469 1206 potesta-

1884 1224 1996 1273 tem
2026 1219 2289 1275 claudere
2332 1224 2559 1287 caelum,
2596 1231 2652 1278 et
2701 1225 2917 1294 aperire
2948 1237 3133 1295 portas
3159 1227 3302 1297 ejus,
3337 1232 3467 1301 quia

1884 1311 2069 1368 claves
2097 1314 2227 1369 coeli
2268 1313 2398 1369 facti
2428 1324 2581 1372 sunt.
2616 1316 2926 1373 Admonere
2958 1327 3141 1375 autem
3164 1335 3261 1377 eos
3291 1322 3467 1378 nemi-

1884 1414 2009 1457 nem
2040 1404 2241 1461 debere
2269 1406 2524 1472 docebat,
2550 1409 2680 1479 quia
2697 1410 2848 1464 oculi
2873 1408 3088 1465 Domini
3119 1422 3270 1479 sunt,
3298 1422 3354 1470 et
3375 1418 3468 1485 qui

1881 1512 1969 1550 eos
2001 1499 2193 1568 tangit,
2233 1503 2399 1570 tangit
2447 1501 2706 1571 pupillam
2738 1503 2879 1557 oculi
2938 1504 3131 1575 ejus".
3161 1505 3228 1560 Et
3259 1517 3467 1578 quanta

1882 1605 2045 1659 paena
2074 1592 2276 1663 dignus
2304 1596 2375 1649 sit
2416 1596 2508 1667 qui
2541 1612 2637 1651 eos
2663 1597 3030 1663 scandalizat,
3058 1600 3237 1671 ipsum
3279 1601 3467 1655 Domi-

1883 1698 2014 1737 num
2046 1683 2304 1742 docuisse
2333 1687 2579 1753 dicebat,
2611 1690 2704 1744 ubi
2732 1691 2808 1744 ait
2839 1711 2853 1747 :
2882 1692 2988 1758 Qui
3018 1693 3465 1749 scandalizat-erit

177 1788 402 1833 sanctus
439 1780 869 1851 sanctiﬁcabitur
892 1782 948 1835 in
971 1783 1264 1852 justitia“.
1307 1782 1573 1842 Carnales
1604 1787 1767 1857 spiri-

1879 1792 2043 1829 unum
2071 1778 2136 1831 de
2162 1780 2375 1847 pusillis
2416 1782 2535 1835 istis
2565 1783 2658 1853 qui
2695 1784 2751 1836 in
2779 1801 2863 1838 me
2890 1784 3133 1850 credunt,
3180 1786 3387 1856 expedit
3416 1789 3465 1842 ei

176 1872 429 1928 tualibus
457 1875 719 1930 resistere
751 1876 1092 1945 prohibebat.
1122 1876 1188 1932 Et
1212 1877 1281 1932 de
1303 1876 1388 1933 his
1414 1878 1507 1948 qui
1528 1880 1772 1936 cervices

176 1980 309 2020 suas
344 1974 547 2020 contra
576 1968 871 2038 magistros
900 1976 955 2023 et
1003 1970 1252 2025 seniores
1300 1986 1434 2026 suos
1463 1973 1770 2043 erigebant,

176 2056 295 2111 hac
325 2056 384 2113 in
407 2058 723 2130 exemplum
754 2060 1126 2117 adducebat“
1155 2079 1169 2114 :
1196 2062 1452 2118 Detracta
1480 2076 1559 2121 est
1590 2068 1659 2121 ad
1686 2069 1772 2122 in-

173 2150 321 2218 feros
358 2150 612 2221 superbia
643 2162 757 2218 tua,
794 2156 1023 2208 concidit
1040 2155 1086 2196 ⁸⁷
1113 2156 1340 2211 cadaver
1377 2167 1523 2213 tuum
1543 2177 1562 2215 :
1592 2160 1774 2216 subter

174 2254 223 2298 te
253 2252 531 2298 sternetur
566 2246 729 2311 tinea,
762 2256 813 2302 et
843 2249 1224 2317 operimentum
1262 2261 1411 2303 tuum
1456 2266 1610 2306 erunt
1654 2270 1767 2308 ver-

171 2354 306 2393 mes.
341 2338 626 2405 Quomodo
664 2340 903 2395 cecidisti
938 2341 1002 2397 de
1041 2345 1193 2410 cwlo,
1227 2342 1466 2415 Lucifer,
1496 2347 1588 2418 qui
1618 2364 1772 2402 mane

170 2428 439 2484 oriebaris
459 2433 483 2485 ?
500 2429 767 2487 Corruisti
790 2434 841 2486 in
864 2442 1085 2499 terram,
1109 2436 1201 2506 qui
1227 2437 1546 2492 vulnerabas
1567 2448 1767 2508 gentes,

169 2523 263 2591 qui
293 2522 513 2578 dicebas
538 2525 593 2578 in
624 2526 779 2580 corde
805 2537 895 2582 tuo
920 2542 939 2581 :
970 2526 1037 2582 In
1060 2529 1249 2583 cwlum
1278 2530 1649 2601 conscendam,
1678 2549 1771 2586 su-

168 2629 262 2682 per
283 2624 437 2669 astra
465 2616 565 2672 Dei
587 2617 837 2673 exaltabo
865 2620 1060 2675 solium
1084 2637 1290 2688 meum;
1313 2621 1502 2679 sedebo
1520 2625 1573 2678 in
1596 2635 1770 2680 monte

171 2706 527 2777 Testamenti,
569 2712 624 2766 in
661 2712 918 2768 lateribus
964 2716 1262 2785 aquilonis;
1293 2718 1577 2772 ascendam
1610 2735 1769 2789 super

169 2801 517 2857 altitudinem
544 2804 783 2870 nubium,
807 2807 999 2861 similis
1028 2824 1118 2861 ero
1146 2807 1449 2865 Altissimo.
1493 2810 1771 2866 Verumta-

168 2911 291 2949 men
324 2896 396 2950 ad
427 2896 691 2966 infernum
720 2899 1017 2955 detraheris
1044 2901 1097 2954 in
1125 2901 1449 2971 profundum
1496 2904 1619 2959 laci.
1657 2905 1765 2972 Qui

170 2997 220 3042 te
254 2990 507 3056 viderint,
545 2991 614 3045 ad
650 3002 704 3051 te
747 2994 1167 3060 inclinabuntur,
1202 3006 1349 3068 teque
1396 2998 1765 3067 prospicient;

168 3083 415 3151 nunquid
450 3084 551 3138 iste
582 3094 662 3139 est
691 3088 792 3152 vir,
816 3087 908 3158 qui
936 3086 1169 3142 turbavit
1195 3088 1240 3119 ⁸⁸
1267 3099 1488 3157 terram,
1515 3091 1608 3161 qui
1634 3108 1760 3145 con-

166 3178 338 3231 cussit
389 3193 574 3248 regna,
608 3181 700 3250 qui
751 3180 928 3250 posuit
974 3179 1151 3235 orbem
1199 3181 1486 3248 desertum,
1524 3193 1575 3237 et
1606 3182 1761 3238 urbes

165 3269 286 3339 ejus
324 3267 618 3336 destruxit,
648 3273 837 3327 vinctis
874 3273 988 3343 ejus
1021 3291 1125 3329 non
1148 3257 1361 3343 aperuit
1394 3292 1661 3331 carcerem
1679 3278 1766 3332 “‘3

167 3360 509 3419 Ebrietatem
536 3366 737 3436 oppido
769 3366 1119 3436 prohibebat,
1148 3377 1203 3424 et
1219 3369 1492 3435 ebriosos,
1526 3387 1763 3442 corpore

164 3464 221 3510 ct
253 3458 444 3511 animo
464 3467 714 3514 mortuos
744 3473 866 3515 esse
894 3459 1263 3532 praedicabat;
1297 3461 1363 3516 de
1385 3464 1587 3531 quibus
1623 3471 1674 3518 et
1705 3465 1762 3519 in

164 3549 487 3620 exemplum
555 3551 778 3607 aiebat:
819 3552 905 3606 Va:
958 3553 1049 3624 qui
1099 3556 1418 3625 consurgitis
1476 3572 1630 3609 mane
1692 3555 1761 3609 ad

162 3642 481 3698 ebrietatem
512 3643 844 3710 sectandam,
881 3655 930 3700 et
960 3645 1253 3715 potandum
1295 3663 1458 3717 usque
1496 3647 1565 3701 ad
1590 3664 1763 3715 vespe-

166 3752 310 3801 ram,
329 3745 388 3787 ut
407 3737 528 3790 vino
556 3738 790 3792 testuetis
816 3756 833 3793 :
864 3738 1097 3805 cithara,
1116 3749 1166 3793 et
1193 3739 1331 3811 lyra,
1361 3750 1408 3793 et
1427 3750 1758 3811 tympanum,

163 3840 215 3884 ct
238 3828 398 3897 tibia,
428 3838 478 3884 et
507 3831 683 3885 vinum
709 3832 760 3885 in
783 3832 1031 3886 conviviis
1062 3833 1246 3886 vestris
1274 3848 1292 3887 .'
1318 3842 1367 3887 et
1390 3848 1517 3901 opus
1542 3833 1761 3887 Domini

165 3940 272 3977 non
301 3923 590 3992 respicitis,
628 3940 720 3978 nec
772 3940 929 3993 opera
986 3942 1243 3979 manuum
1290 3929 1403 3994 ejus
1461 3926 1763 3981 considera-

168 4024 234 4071 tis
250 4018 322 4087 7f.
356 4016 426 4070 Et
448 4017 650 4071 iterum
677 4037 690 4072 :
728 4016 818 4072 Va:
841 4022 931 4087 qui
957 4028 1189 4087 potentes
1225 4022 1353 4074 estis
1384 4019 1453 4074 ad
1478 4018 1769 4073 bibendum"

164 4083 371 4175 viritim,
402 4118 455 4163 et
483 4110 583 4163 viri
622 4109 785 4179 fortes
829 4109 899 4163 ad
937 4111 1259 4166 miscendam
1291 4111 1641 4166 ebrietatem:
1667 4116 1759 4183 qui

157 4202 483 4273 justiﬁeatis
513 4203 729 4271 impium
756 4219 851 4273 pro
886 4205 1210 4269 muneribus,
1240 4216 1289 4260 et
1308 4206 1582 4275 justitiam
1617 4205 1757 4275 justi

165 4296 401 4365 aufertis
434 4298 500 4348 ab
542 4312 622 4351 eo.
655 4295 885 4367 Propter
926 4298 1045 4364 hoe,
1076 4299 1213 4352 sicut
1244 4298 1461 4352 devorat
1501 4299 1757 4367 stipulam

166 4390 353 4460 lingua
376 4389 540 4459 ignis,
570 4399 617 4443 et
639 4389 788 4445 calor
808 4391 1041 4458 flammw
1071 4393 1270 4455 exurit,
1297 4392 1372 4445 sic
1398 4391 1556 4444 radix
1575 4408 1757 4447 eorum

1876 1879 1935 1919 ut
1965 1870 2324 1939 suspendatur
2350 1873 2493 1926 mola
2522 1874 2766 1929 asinaria
2792 1875 2847 1929 in
2870 1876 3006 1931 collo
3030 1877 3166 1947 ejus,
3186 1888 3235 1932 et
3260 1877 3465 1934 demer—

1874 1971 2036 2031 gatur
2065 1964 2119 2016 in
2144 1964 2467 2034 profundum
2498 1968 2686 2023 maris.
2722 1967 2812 2024 Va:
2837 1969 3036 2024 mundo
3077 1987 3111 2023 a
3154 1970 3465 2027 scandulis!

1880 2051 2107 2109 Necesse
2134 2065 2227 2110 esto
2241 2058 2379 2111 enim
2421 2068 2480 2110 ut
2506 2060 2716 2113 veniant
2758 2062 3018 2117 scandala
3048 2080 3067 2119 :
3100 2072 3460 2120 uerumtamen

1876 2164 1953 2202 vce
1975 2148 2177 2203 homini
2204 2150 2306 2215 illi,
2341 2166 2434 2219 per
2467 2167 2617 2221 quem
2643 2154 2958 2208 scandalum
2992 2155 3164 2209 venit!
3191 2155 3255 2210 Si
3282 2165 3464 2211 autem

1875 2257 2067 2297 manus
2101 2252 2193 2296 tua
2226 2243 2566 2299 scandalizat
2598 2255 2666 2309 te,
2696 2245 2944 2302 abscinde
2975 2263 3115 2314 eam,
3164 2257 3216 2302 et
3261 2250 3465 2319 proﬁce

1873 2336 1968 2390 abs
2000 2344 2067 2390 te.
2100 2334 2307 2389 Bonum
2338 2345 2417 2391 est
2468 2337 2564 2393 tibi
2618 2338 2688 2393 ad
2724 2341 2888 2394 vitam
2946 2341 3150 2412 ingredi
3206 2342 3457 2408 debilem,

1872 2444 2032 2496 quam
2082 2427 2218 2483 duas
2273 2446 2465 2485 manus
2524 2430 2800 2486 habentem
2859 2436 3001 2490 mitti
3060 2437 3115 2490 in
3171 2436 3462 2506 gehennam

1871 2521 2031 2593 ignis.
2066 2522 2137 2576 Et
2164 2524 2213 2578 si
2258 2540 2346 2593 pes
2388 2534 2510 2579 tuus
2538 2526 2875 2582 scandalizat
2906 2539 2974 2594 te,
3028 2530 3278 2585 abscinde
3305 2548 3450 2598 eum,

1870 2626 1918 2669 et
1951 2617 2151 2686 projice
2180 2616 2275 2671 abs
2300 2627 2368 2673 te.
2399 2618 2606 2673 Bonum
2654 2629 2734 2673 est
2778 2620 2871 2674 tibi
2921 2622 3143 2676 introire
3174 2623 3243 2677 ad
3294 2626 3461 2680 vitam

1869 2706 2142 2775 claudum,
2173 2726 2332 2780 quam
2361 2709 2495 2765 duos
2525 2710 2680 2781 pedes
2707 2711 2982 2767 habentem
3036 2716 3174 2768 mitti
3205 2720 3258 2770 in
3289 2717 3460 2788 ignem

1870 2808 2149 2856 aeternum.
2179 2801 2246 2855 Et
2276 2804 2323 2856 si
2351 2804 2535 2857 oculus
2573 2814 2695 2858 tuus
2718 2807 3056 2860 scandalizat
3079 2818 3147 2873 te,
3162 2825 3289 2864 erue
3314 2826 3456 2876 eum,

1868 2901 1917 2946 et
1944 2894 2145 2963 projiee
2161 2893 2254 2949 abs
2284 2904 2352 2950 te.
2379 2896 2586 2950 Bonum
2609 2907 2686 2951 est
2712 2899 2807 2952 tibi
2841 2915 3004 2953 unum
3028 2901 3239 2956 oculum
3254 2902 3455 2960 haben-

1871 2994 1973 3038 tem
2008 2988 2062 3039 in
2088 2987 2251 3041 vitam
2294 2988 2534 3052 introire,
2567 3006 2724 3061 quam
2774 2990 2908 3045 duos
2966 2993 3145 3048 oculos
3183 2994 3458 3053 habentem

1868 3078 2011 3132 mitti
2027 3080 2079 3133 in
2095 3080 2384 3150 gehennam
2407 3083 2564 3153 ignis.
2599 3083 2796 3148 Videte,
2820 3102 2884 3139 ne
2912 3090 3259 3142 contemnatis
3291 3106 3455 3145 unum

1866 3185 1932 3223 ea:
1953 3170 2033 3225 his
2056 3173 2289 3240 pusillis.
2325 3174 2490 3229 Amen
2522 3174 2641 3229 dico
2674 3177 2817 3229 vobis
2846 3194 2865 3231 :
2897 3178 3231 3250 Qna'cunque
3260 3182 3457 3253 alliga-

1868 3264 2046 3317 verilis
2094 3282 2252 3335 super
2285 3276 2507 3332 terram,
2539 3279 2693 3321 erunt
2745 3269 2973 3339 alligata
3024 3281 3072 3324 et
3124 3273 3177 3326 iu
3208 3278 3338 3330 caelo
3362 3291 3381 3328 :
3402 3284 3458 3333 et

1866 3374 2186 3429 quascunque
2209 3362 2471 3414 soloeritis
2496 3378 2649 3431 super
2680 3372 2902 3428 terrant,
2930 3375 3083 3419 erunt
3116 3366 3293 3421 soluta
3325 3371 3453 3426 etin

1866 3452 2015 3507 cwlo.
2060 3450 2263 3505 Iterum
2306 3453 2424 3506 dico
2464 3453 2631 3515 vobis,
2671 3457 2797 3527 quia
2831 3457 2878 3509 si
2917 3456 3022 3511 duo
3055 3474 3122 3512 ea:
3153 3459 3296 3514 vobis
3326 3478 3454 3517 con-

1866 3545 2123 3597 senserint
2154 3560 2309 3613 super
2341 3554 2560 3604 terram.
2598 3546 2662 3601 de
2702 3550 2847 3602 omni
2890 3566 2946 3603 re
2974 3566 3338 3625 quamcunque
3363 3572 3455 3626 pe-

1850 3638 2066 3701 tierint,
2098 3638 2189 3706 ﬁet
2238 3638 2347 3692 illis
2377 3655 2409 3691 a
2448 3638 2615 3693 Patre
2650 3656 2784 3705 meo,
2836 3643 2927 3712 qui
2959 3644 3012 3696 in
3044 3644 3186 3699 caelis
3216 3655 3317 3702 est.
3352 3646 3455 3704 ωε

1863 3731 2002 3783 enim
2028 3741 2152 3784 sunt
2180 3730 2285 3784 duo
2310 3732 2387 3786 vel
2421 3740 2523 3786 tres
2567 3736 2871 3805 congregati
2899 3736 2953 3789 in
2982 3738 3191 3792 nomine
3220 3755 3354 3806 meo,
3378 3741 3453 3796 ibi

1864 3838 1983 3875 sum
2026 3823 2081 3876 in
2112 3823 2283 3877 medio
2317 3842 2501 3879 eorum
2521 3826 2589 3881 ’⁸.
2620 3825 2685 3880 Et
2714 3827 2912 3881 iterum
2965 3844 3063 3899 per
3121 3832 3449 3903 pr0phetam

1864 3914 2131 3986 loquitur,
2164 3917 2354 3974 dicens
2384 3938 2397 3973 :
2428 3918 2679 3989 Expavit,
2714 3919 2913 3991 inquit,
2933 3923 3120 3977 caelum
3148 3941 3307 3995 super
3327 3928 3447 3993 hoc,

1862 4017 1911 4062 et
1941 4008 2153 4064 horruit
2202 4013 2434 4080 amplius
2479 4014 2821 4084 vehementer,
2858 4015 2989 4070 dicit
3038 4016 3377 4076 Dominus".
3403 4019 3449 4076 0

1863 4099 2261 4157 intolerabilem
2313 4105 2733 4176 malignitatem,
2767 4124 2800 4163 ο
2830 4109 3068 4181 linguam
3100 4111 3448 4182 iniquitatem

1862 4193 2176 4264 loquentem
2205 4207 2397 4252 contra
2431 4197 2623 4268 Deum,
2649 4209 2704 4255 et
2745 4210 2983 4258 mentem
3013 4204 3067 4258 in
3099 4205 3445 4262 altitudinem

1860 4301 2033 4341 cornu
2065 4289 2450 4344 extollentem!
2487 4289 2553 4344 Et
2584 4293 2780 4347 iterum
2814 4313 2827 4349 :
2863 4294 3100 4365 lmpone,
3129 4295 3308 4364 homo,
3338 4296 3446 4353 tua:

1862 4378 2060 4448 lingute
2076 4381 2272 4434 ostium
2299 4392 2349 4436 et
2378 4399 2575 4439 seram.
2600 4385 2791 4450 Cessa,
2817 4404 2989 4442 cornu
3017 4388 3071 4443 in
3095 4388 3444 4447 altitudinem

162 4483 321 4552 quasi
349 4481 543 4551 favilla
580 4483 703 4547 erit,
736 4492 786 4537 et
813 4499 1022 4555 germen
1050 4501 1232 4538 eorum
1276 4494 1331 4536 ut
1362 4484 1533 4553 pulvis
1569 4501 1754 4539 ascen—
1786 4493 1830 4549 ι)
1861 4474 2153 4540 extollens,
2184 4485 2238 4531 et
2293 4477 2527 4547 loquens
2570 4478 2837 4535 adversus
2884 4478 3054 4534 Deum
3095 4481 3443 4553 iniquitatem

163 4575 273 4632 det.
311 4574 635 4645 Abjecerunt
676 4577 815 4631 enim
863 4577 1025 4647 legem
1075 4577 1289 4631 Domini
1329 4579 1677 4642 exercituum,
1708 4588 1757 4633 et

161 4670 434 4741 eloquium
460 4668 645 4724 Sancti
677 4668 854 4724 Israel
885 4670 1397 4741 blasphemaverunt.
1426 4670 1554 4727 Ideo
1586 4673 1757 4727 iratus

161 4774 242 4818 est
280 4764 443 4835 furor
473 4762 691 4816 Domini
719 4763 772 4815 in
796 4762 988 4832 populo
1017 4780 1134 4827 suo,
1169 4772 1218 4817 et
1259 4763 1495 4817 extendit
1540 4781 1757 4817 manum

162 4877 321 4915 suam
343 4874 504 4927 super
530 4874 670 4923 eum,
695 4866 744 4909 et
772 4856 1026 4925 percussit
1060 4872 1198 4910 eum.
1224 4853 1291 4908 Et
1316 4856 1759 4909 conturbatisunt

166 4963 398 5017 montes,
420 4960 469 5006 et
504 4951 649 5021 facta
693 4961 813 5003 sunt
848 4949 1129 5002 morticina
1159 4964 1342 5002 eorum
1370 4949 1525 5018 quasi
1552 4957 1754 5002 stercus

164 5048 219 5103 in
250 5046 430 5101 medio
469 5043 790 5114 platearum.
819 5040 885 5095 In
914 5041 1153 5096 omnibus
1185 5040 1265 5094 his
1296 5058 1398 5093 non
1429 5049 1505 5095 est
1539 5056 1753 5094 aversus

162 5141 321 5209 furor
351 5137 494 5207 ejus,
521 5136 611 5191 sed
654 5135 826 5189 adhuc
857 5152 1044 5189 manus
1080 5133 1195 5205 ejus
1226 5133 1523 5188 extenta“.
1553 5135 1600 5165 τ’
1618 5132 1754 5187 Nul-

163 5234 280 5290 lnm
305 5233 477 5289 etiam
492 5231 539 5263 ⁷⁸
570 5230 951 5303 presbyterum
972 5230 1027 5284 in
1053 5228 1291 5300 alicujus
1313 5227 1559 5299 episcopi
1590 5242 1756 5298 paro-

161 5328 291 5384 chia
331 5325 544 5397 aliquid
577 5341 740 5397 agere
767 5325 984 5393 debere,
1016 5326 1227 5396 absque
1275 5326 1397 5395 ejus
1448 5325 1749 5397 permissu,

164 5418 507 5486 docebat“;
563 5418 662 5473 sed
704 5426 760 5474 et
805 5426 1040 5476 cunctos
1097 5419 1455 5492 presbyteros
1508 5420 1749 5493 propriis

232 5582 280 5615 “
303 5578 431 5635 lsai.
464 5594 506 5641 ι,
532 5578 643 5634 Ξθῑ
677 5593 793 5647 seq.

160 5671 286 5724 ιαι,
364 5647 636 5732 "_°‘_lsai.y‘.
660 5649 717 5703 ll
745 5656 800 5732 et
832 5662 947 5732 seq,
1025 5650 1094 5732 ⁷⁸.

164 5720 343 5851 intra.
379 5720 470 5775 36.
580 5720 963 5845 ’i‘zcontentum
1007 5720 1152 5776 abire
1211 5730 1465 5791 oportere.

320 5809 407 5849 or.
440 5808 561 5859 vnn,

1025 5650 1070 5681 τι
1103 5649 1267 5711 lbid.,
1296 5648 1368 5702 22
1390 5656 1448 5713 et
1474 5664 1589 5718 seq.
1614 5666 1651 5695 -.

1861 4575 1917 4623 et
1967 4570 2283 4637 proximum
2330 4578 2508 4627 tuum.
2564 4570 2865 4642 Quousque
2916 4574 3152 4628 insultas
3210 4564 3441 4646 patienti

1858 4661 2080 4717 Christo
2114 4669 2169 4718 et
2200 4663 2501 4719 fratribus?
2526 4662 2619 4720 Sic
2664 4672 2847 4721 autem
2878 4677 3168 4737 peccantes
3222 4671 3280 4724 in
3329 4669 3442 4724 ira-

1858 4768 1991 4819 tres,
2022 4766 2077 4812 et
2106 4758 2479 4827 percutientes
2500 4773 2693 4812 eorum
2726 4757 3001 4812 inﬁrmam
3046 4760 3441 4816 conscientiam
3490 4828 3495 4829 γ

1859 4853 1913 4907 in
1941 4852 2223 4909 Christum
2257 4854 2499 4925 graviter
2527 4854 2767 4923 peccatis
2786 4855 2854 4918 ⁸⁸,
2879 4864 2932 4908 et
2957 4855 3036 4908 rci
3075 4854 3288 4924 judicio
3310 4854 3444 4912 clle-

1857 4947 1954 5010 cti,
1999 4946 2232 5002 infames
2276 4946 2609 5011 eﬂiciemini,
2648 4954 2703 5001 et
2748 4947 2896 5017 juste
2951 4948 3312 5019 repellemini.
3374 4950 3442 5004 Et

1858 5038 2055 5093 iterum
2090 5056 2185 5110 per
2207 5040 2526 5109 prOphetaIn
2560 5039 2823 5109 loquitur,
2857 5040 3048 5097 dicens
3079 5058 3092 5093 :
3130 5041 3232 5097 Vos
3262 5054 3439 5100 autem

1855 5129 2153 5185 sacerdotes
2184 5130 2401 5186 Domini
2438 5126 2786 5197 vocabimini,‘
2818 5134 3050 5187 ministri
3099 5137 3197 5191 Dei
3246 5141 3435 5208 nostri,

1854 5223 2059 5277 dicetur
2091 5223 2233 5277 vobis
2258 5238 2277 5276 :
2304 5221 2697 5279 Fortitudinem
2723 5226 2955 5296 gentium
2984 5226 3282 5291 comedetis,
3306 5238 3355 5283 et
3381 5231 3437 5285 in

1855 5320 2028 5390 gloria
2074 5334 2255 5372 eorum
2284 5316 2615 5387 superbietis.
2652 5317 2761 5371 Pro
2789 5318 3098 5387 confusione
3136 5330 3304 5373 vestra
3333 5319 3436 5372 du-

1855 5416 1983 5487 plici
2009 5428 2059 5469 et
2096 5412 2306 5478 rubore,
2365 5409 2663 5467 laudabunt
2713 5420 2917 5481 partem
2968 5428 3173 5467 eorum.
3208 5411 3435 5483 Propter

905 5578 952 5610 ⁸⁸
969 5577 1097 5634 lsai.
1121 5594 1174 5643 ν,
1199 5578 1271 5633 20
1302 5585 1354 5632 et
1380 5594 1500 5648 seq.
1562 5577 1607 5608 ⁸⁸
1640 5562 1870 5648 dicebat.
1949 5573 1992 5605 ⁸⁷
2016 5570 2233 5648 cecidit.
2275 5569 2477 5648 “inge.
2512 5568 2861 5648 conturbauit.
2930 5570 2974 5648 ‘f
2996 5569 3120 5648 l_sai.
3152 5586 3265 5648 x1_v_.
3294 5572 3353 5648 il
3375 5584 3433 5632 et

1707 5647 1754 5677 τ’
1777 5646 1916 5699 (Ian.
1949 5659 2034 5714 apt

1589 5719 1635 5752 "
1664 5716 1833 5775 Zacb.
1882 5731 1945 5783 η,
1984 5710 2067 5772 ’8.
2099 5714 2146 5747 ⁷⁸
2222 5711 2413 5769 Matth.
2455 5727 2609 5783 svnt,
2666 5710 2700 5769 6
2756 5720 2814 5772 et
2873 5728 2989 5784 seq.
3051 5710 3330 5774 "Jerem.
3361 5730 3430 5785 n,

2038 5643 2243 5698 is‘tJU.
2327 5642 2372 5674 "
2394 5640 2688 5696 Μελιδίῃ.
2782 5641 2832 5673 ⁷⁸
2884 5640 3105 5696 volebat.
3211 5643 3259 5674 ⁷⁵
3289 5645 3426 5702 Can.
