3896 6174
468 272 569 327 ιτς

1284 265 1343 325 S.
1372 264 1769 323 ΕΠΙΜΕΝἩὸ
1803 267 1821 321 1
1863 264 2031 321 “OM.
2073 260 2275 317 ΡΟΝΤ.
2316 260 2545 318 OPERA
2584 260 2812 318 DUBEA.

3620 266 3720 320 £80

465 388 559 439 huc
584 384 637 437 in
660 390 801 435 terra
831 396 929 435 sua
960 379 1196 449 duplicia
1217 379 1583 448 possidebunt,
1617 388 1667 431 et
1696 379 1885 432 la'titia
1911 393 2042 430 sem-
2070 381 2116 435 Α
2146 392 2328 429 eorum
2359 375 2621 431 delectata
2650 387 2748 431 est.
2787 374 2945 430 Unde
2982 382 3033 430 et
3088 392 3181 447 ego
3224 376 3415 448 eligam
3448 378 3721 436 illusiones

464 482 672 547 piterna
703 476 802 529 erit
830 475 906 527 eis
927 488 947 536 ,'
976 473 1102 542 quia
1123 488 1215 541 ego
1242 470 1499 524 Dominus
1515 470 1738 540 diligens
1753 468 2042 539 judicium,

464 582 515 624 et
544 567 666 623 odio
718 565 912 619 habens
971 565 1215 633 rapinam
1261 564 1317 617 in
1365 562 1770 625 holocaustum;
1822 570 1873 615 et
1909 559 2047 614 dabo

466 678 597 725 opus
635 674 816 714 eorum
845 658 899 710 in
937 657 1180 720 veritate,
1220 664 1269 709 et
1302 654 1471 723 fwdus
1513 663 1817 723 perpetuum
1855 653 2048 722 feriam

466 757 565 809 eis.
599 751 669 806 Et
702 751 898 805 scietur
932 751 987 804 in
1024 749 1264 818 gentibus
1312 764 1486 802 semen
1528 764 1732 806 eorum.
1760 755 1809 800 et
1839 762 2048 815 germen

467 864 651 902 eorum
682 846 737 899 in
764 843 934 898 medio
970 843 1303 911 populorum.
1340 841 1533 896 Omnes
1566 843 1656 911 qui
1684 839 1906 893 viderint
1935 856 2046 903 eos,

470 947 779 1009 cognoscent
817 955 927 999 eos,
958 938 1085 1006 quia
1134 937 1222 988 isti
1262 944 1384 988 sunt
1428 951 1601 987 semen
1653 935 1739 987 cui
1788 933 2049 987 benedixit

473 1034 753 1089 Dominus.
813 1028 1057 1083 Gaudens
1093 1026 1329 1097 gaudebo
1371 1026 1424 1079 in
1462 1025 1708 1089 Domino,
1740 1034 1790 1079 et
1818 1025 2050 1079 exsulta-

471 1129 546 1181 bit
568 1126 750 1180 anima
774 1140 888 1176 mea
908 1123 960 1174 in
990 1120 1095 1174 Deo
1124 1134 1271 1179 meo;
1301 1118 1427 1188 quia
1447 1116 1618 1170 induit
1642 1133 1720 1169 me
1746 1117 2048 1170 vestimento

470 1220 685 1281 salutis,
716 1226 765 1271 et
796 1215 1100 1269 indumento
1126 1211 1356 1281 justitite
1388 1208 1732 1263 circumdedit
1764 1224 1864 1271 me,
1894 1208 2050 1278 quasi

468 1328 719 1381 sponsum
747 1308 1054 1362 decoratum
1084 1320 1301 1366 canna,
1329 1312 1379 1355 et
1420 1302 1574 1372 quasi
1617 1317 1866 1369 sponsam
1887 1317 2051 1353 orna-

470 1416 574 1457 tam
610 1402 893 1456 monilibus
922 1400 1055 1453 suis.
1091 1397 1240 1451 Sicut
1268 1396 1407 1449 enim
1440 1404 1580 1448 terra
1607 1394 1806 1463 profert
1840 1409 2048 1463 germen

468 1512 646 1560 suum,
672 1503 719 1547 et
743 1495 877 1546 sicut
908 1491 1093 1545 hortus
1131 1505 1303 1543 semen
1332 1503 1487 1541 suum
1517 1487 1799 1555 germinat,
1831 1486 1906 1539 sic
1938 1484 2049 1538 Do-

469 1592 642 1641 minus
673 1585 812 1639 Deus
860 1581 1175 1654 germinabit
1208 1580 1481 1647 justitiam
1520 1587 1569 1631 et
1612 1577 1819 1631 laudem
1870 1594 2049 1630 coram

469 1678 727 1733 universis
791 1674 1112 1746 gentibus".
1143 1674 1187 1705 ⁸¹
1208 1672 1314 1727 Eos
1370 1681 1553 1725 autem
1584 1686 1616 1724 ιι
1645 1671 1765 1725 solo
1818 1668 2050 1723 Domino

470 1780 566 1825 aut
593 1767 946 1840 judicandos,
989 1773 1083 1820 aut
1136 1765 1520 1826 removendos,
1549 1772 1603 1819 et
1653 1779 1763 1817 non
1806 1763 1877 1817 ab
1927 1763 2049 1817 aliis

470 1878 595 1918 esse
625 1861 865 1923 dicebat,
896 1858 1025 1929 quia
1086 1858 1173 1914 sui
1232 1864 1383 1919 sunt,
1416 1864 1472 1909 et
1522 1873 1633 1911 non
1691 1856 1939 1911 alterius.
1985 1855 2051 1910 Et

470 1955 597 2024 quis
628 1963 731 2017 est,
760 1951 852 2021 qui
904 1950 1132 2005 alterius
1154 1948 1365 2018 judicet
1409 1948 1663 2002 servum?
1691 1946 1825 2001 Nam
1863 1948 1907 2002 si
1941 1963 2049 2001 non

470 2046 759 2117 patiuntur
791 2044 1062 2106 homines,
1096 2056 1198 2097 nec
1248 2040 1392 2095 Deus
1437 2041 1663 2096 deorum
1698 2050 1753 2093 et
1787 2040 2049 2095 Dominus

468 2137 875 2194 dominantium
909 2136 1025 2189 haec
1060 2134 1334 2188 ullatenus
1377 2133 1602 2202 patitur.
1638 2131 1792 2187 Unde
1834 2141 1888 2188 et
1918 2147 2046 2203 pro-

470 2230 663 2299 pbetas
703 2227 809 2284 sibi
854 2234 1024 2282 testes
1054 2241 1178 2280 esse
1217 2225 1454 2287 dicebat,
1490 2241 1585 2295 per
1616 2240 1755 2293 quos
1786 2224 2048 2279 Dominus

471 2321 736 2391 loquitur,
771 2319 962 2375 dicens
990 2336 1005 2373 :
1041 2317 1173 2371 Ecce
1202 2318 1389 2371 εποπί
1418 2328 1486 2381 te,
1513 2316 1602 2372 sed
1632 2334 1735 2371 non
1765 2318 1920 2387 quasi
1957 2334 2048 2370 ar-

468 2423 681 2483 gentum
709 2412 840 2482 elegi
878 2421 927 2464 te
969 2413 1023 2464 in
1073 2410 1287 2464 camino
1331 2412 1679 2479 paupertatis.
1712 2410 1939 2479 Propter
1969 2427 2048 2464 me

471 2506 692 2575 faciam,
726 2513 783 2557 ut
814 2521 918 2558 non
958 2502 1307 2569 blasphemer,
1332 2512 1381 2556 et
1431 2504 1662 2573 gloriam
1692 2520 1862 2556 meam
1892 2503 2049 2557 alteri

470 2615 575 2653 non
603 2596 760 2653 dabo.
792 2596 935 2650 Audi
966 2611 1069 2661 me,
1107 2593 1273 2649 Jacob
1305 2606 1353 2649 et
1380 2594 1578 2661 Israel,
1600 2612 1755 2666 quem
1786 2612 1878 2666 ego
1901 2611 2042 2650 voco.

478 2689 587 2761 Ego
616 2690 746 2758 ipse,
775 2704 869 2758 ego
895 2688 1122 2756 primus,
1149 2696 1196 2739 et
1222 2703 1315 2756 ego
1338 2688 1674 2741 novissimus.
1701 2686 1895 2741 Manus
1917 2702 2046 2756 quo-

469 2798 569 2852 que
600 2798 713 2834 mea
748 2778 992 2849 fundavit
1024 2787 1244 2841 terram,
1282 2788 1331 2832 et
1355 2778 1573 2833 dextera
1612 2797 1728 2833 mea
1760 2796 1938 2834 mensa
1967 2790 2046 2832 est

470 2874 649 2928 cwlos.
687 2872 799 2943 Ego
828 2870 1021 2927 vocabo
1051 2888 1161 2935 eos,
1192 2880 1242 2924 et
1275 2870 1831 2926 stabuntsimul”.lle
1857 2872 2046 2929 insula:

465 2966 870 3035 “spectabunt,
898 2973 948 3017 et
991 2963 1263 3016 brachium
1297 2980 1469 3017 meum
1533 2962 1890 3018 sustinebunt.
1942 2963 2046 3019 Sa-

472 3059 558 3113 lus
590 3067 766 3111 autem
808 3073 924 3111 mea
953 3055 1007 3108 in
1054 3055 1426 3123 sempiternum
1458 3055 1579 3118 erit,
1612 3064 1661 3108 et
1690 3054 1901 3124 justitia
1929 3072 2045 3109 mea
2071 3062 2113 3117 C.

470 3168 573 3206 non
605 3149 831 3219 deﬁciet.
866 3147 1059 3200 Audite
1108 3163 1208 3211 me,
1249 3148 1339 3217 qui
1373 3148 1522 3200 scitis
1553 3147 1786 3217 justum,
1820 3148 2042 3216 populus

469 3260 639 3307 meus,
675 3242 757 3294 lea:
784 3258 897 3294 mea
927 3241 982 3293 in
1014 3238 1170 3293 corde
1198 3255 1401 3293 eorum.
1443 3238 1623 3293 Nolite
1645 3240 1826 3293 timere
1863 3255 2046 3309 oppro-_

471 3335 644 3388 brium
680 3334 970 3395 hominum,
1004 3342 1054 3384 et
1079 3329 1433 3400 blasphemias
1465 3346 1645 3383 eorum
1674 3348 1736 3384 ne
1772 3333 2042 3386 metuatis.

471 3426 619 3480 Sicut
662 3426 801 3478 enim
841 3424 1225 3483 vestimentum,
1263 3421 1340 3475 sic
1364 3422 1595 3475 comedet
1630 3440 1715 3477 eos
1756 3424 1965 3487 vermis,
1996 3435 2044 3478 et

470 3518 604 3572 sicut
636 3517 817 3569 lanam
843 3517 919 3568 sic
949 3513 1219 3568 devorabit
1242 3531 1327 3567 eos
1358 3515 1515 3567 tinea.
1550 3514 1709 3569 Salus
1733 3526 1907 3569 autem
1932 3533 2046 3572 mea

470 3612 525 3664 in
557 3610 931 3678 sempiternum
966 3608 1085 3671 erit,
1110 3617 1157 3660 et
1177 3607 1397 3675 justitia
1450 3624 1566 3661 mea
1602 3610 1656 3662 in
1684 3610 2043 3679 generationes

469 3699 948 3771 generationum“.
977 3698 1043 3751 Et
1087 3699 1284 3753 iterum
1314 3717 1326 3752 :
1353 3698 1679 3755 Abscondita
1706 3711 1787 3757 est
1815 3703 1899 3754 via
1931 3720 2046 3757 mea

472 3809 505 3845 a
534 3791 779 3857 Domino,
812 3801 859 3844 et
895 3808 926 3843 a
957 3789 1066 3843 Deo
1111 3807 1225 3844 meo
1269 3789 1535 3859 judicium
1572 3807 1743 3845 meum
1773 3795 2042 3848 transivit.

474 3883 727 3955 Nunquid
758 3885 948 3945 nescis,
985 3892 1075 3935 aut
1104 3900 1206 3936 non
1238 3884 1475 3939 audisti?
1507 3883 1668 3949 Deus,
1697 3887 2044 3953 sempiternus

472 3978 753 4041 Dominus,
790 3979 877 4046 qui
918 3978 1110 4029 creavit
1162 3977 1411 4030 terminos
1459 3987 1631 4039 terra),
1666 3995 1769 4031 non
1814 3978 2042 4047 deﬁciet,

471 4086 634 4140 neque
666 4068 950 4132 laborabit,
983 4085 1074 4121 nec
1109 4077 1186 4122 est
1222 4070 1553 4138 investigatio
1604 4073 1879 4140 sapientiw
1907 4074 2042 4142 ejus.

473 4163 577 4229 Qui
608 4160 701 4213 dat
743 4161 883 4213 lasso
915 4162 1180 4223 virtutem,
1207 4171 1253 4213 et
1287 4160 1365 4213 his
1389 4161 1477 4230 qui
1526 4179 1627 4214 non
1654 4173 1796 4227 sunt,
1830 4167 2047 4232 fortitu-

471 4254 649 4308 dinem
668 4264 715 4307 (ιι
745 4254 907 4307 robur
926 4253 1269 4323 multiplicat.
1293 4253 1556 4322 Deficient
1579 4257 1728 4323 pueri
1757 4267 1805 4309 et
1833 4258 2049 4313 labora-

473 4347 625 4413 bunt,
653 4358 699 4401 et
723 4348 939 4415 juvenes
973 4348 1026 4399 in
1084 4348 1401 4415 inﬁrmitate
1453 4347 1662 4404 cadent.
1721 4349 1825 4416 Qui
1870 4364 2044 4407 autem

471 4452 681 4508 sperant
714 4442 769 4494 in
806 4439 1050 4504 Domino,
1109 4440 1389 4493 mutabunt
1438 4441 1809 4511 fortitudinem
1842 4469 1857 4500 .‘
1892 4463 2047 4499 assu-

472 4542 611 4585 mcul
638 4549 835 4601 pennas
870 4535 1004 4585 sicut
1057 4534 1549 4602 aquilw:current,
1600 4545 1649 4588 et
1700 4552 1803 4589 non
1843 4537 2050 4592 labora-

472 4626 638 4678 bunt:
668 4626 1033 4687 ambulabunt,
1090 4635 1138 4678 et
1191 4643 1293 4680 non
1338 4627 1577 4695 deﬁcient
1601 4628 1669 4682 ⁸⁵.
1719 4628 1948 4684 Taceant
1981 4632 2049 4686 ad

473 4737 553 4774 me
578 4721 788 4779 insula',
820 4730 867 4773 et
903 4730 1079 4789 gentes
1112 4728 1309 4773 mutent
1340 4720 1728 4788 fortitudinem.
1761 4723 2049 4791 Accedant,

470 4820 518 4863 et
553 4820 672 4863 tunc
712 4812 1022 4881 loquantur,
1076 4810 1237 4865 simul
1287 4810 1356 4865 ad
1400 4811 1669 4880 judicium
1734 4816 2050 4886 propinque-

473 4920 589 4955 inus
614 4903 679 4955 ⁸⁸.
715 4902 828 4956 Hos
860 4912 1041 4957 autem
1071 4904 1165 4972 qui
1193 4918 1289 4959 eos
1320 4912 1524 4968 vetant,
1558 4914 1653 4958 aut
1682 4920 1935 4961 amovere
1961 4910 2044 4963 vel

472 4993 734 5047 damnare
795 4995 1070 5057 nituntur,
1136 4993 1400 5049 Dominus
1446 5011 1544 5066 per
1590 4997 1910 5067 prophetam
1954 5002 2052 5054 da-

472 5086 963 5155 mnat“,etusqne
994 5087 1058 5139 ad
1086 5086 1516 5141 satisfactionem
1546 5103 1735 5142 eorum
1766 5097 1819 5143 et
1860 5091 2048 5148 Eccle-

471 5195 566 5232 sne
618 5178 903 5232 dainnatos
950 5195 1072 5233 esse
1128 5180 1387 5243 docebat,
1418 5180 1510 5235 ubi
1546 5181 1622 5236 ait
1653 5198 1665 5233 :
1693 5183 1851 5237 Talia
1881 5186 2042 5256 elege-

472 5282 593 5324 runt
645 5273 701 5325 in
762 5271 857 5325 viis
893 5272 1027 5336 suis,
1060 5282 1111 5326 et
1159 5271 1646 5329 abontinationibus
1694 5278 1805 5330 suis
1861 5280 2043 5335 anima

536 5453 578 5483 ‘“
606 5451 734 5506 lsai.
770 5468 881 5509 ut.
912 5452 944 5506 6
975 5461 1029 5506 et
1058 5468 1174 5522 seq.
1247 5453 1291 5485 ε’
1313 5452 1402 5506 lvo
1438 5452 1492 5506 in
1530 5454 1703 5515 Decr.,

471 5595 667 5663 ininutn
703 5595 977 5663 damnare.
1089 5595 1135 5625 ⁸⁸
1158 5595 1280 5649 lsai.
1314 5610 1458 5650 LXVI.
1492 5593 1525 5646 5
1552 5601 1606 5647 et
1628 5611 1742 5663 seq.

470 5661 514 5692 "
545 5678 602 5722 ιι,
628 5682 680 5731 ιι.
709 5664 764 5723 5,
800 5661 858 5718 Si
888 5676 1062 5718 autem
1094 5664 1257 5719 vobis.
1335 5666 1380 5699 ’³
1402 5663 1474 5716 De
1518 5661 1975 5731 pmnitidistinct.
2003 5683 2038 5722 ι.

470 5734 687 5799 quidam
731 5736 938 5791 notavit
983 5736 1049 5791 ad
1077 5752 1228 5794 oram
1254 5736 1308 5792 in
1331 5750 1435 5791 ms.
1473 5731 1709 5790 Justelli.

2146 484 2351 534 eorum,
2387 479 2435 521 et
2465 468 2862 522 damnationem
2895 468 3158 522 adducam
3203 471 3315 533 eis;
3338 471 3463 540 quia
3516 471 3724 527 locutus

2148 577 2268 614 sum
2316 562 2417 627 eis,
2457 570 2507 616 et
2538 578 2643 616 non
2687 560 3014 615 audierunt:
3047 562 3379 633 feceruntque
3431 565 3637 617 malum
3673 566 3725 619 in

2150 654 2319 707 oculis
2354 655 2504 721 meis,
2536 664 2585 708 et
2614 670 2731 724 qua:
2775 653 2945 719 nolui,
2976 654 3260 724 elegerunt.
3290 656 3488 711 Audite
3514 658 3728 712 verbum

2154 744 2395 808 Domini,
2420 748 2511 815 qui
2538 746 2761 799 tremitis
2814 744 2881 798 ad
2930 746 3138 799 verbum
3158 748 3271 816 ejus
3291 748 3584 809 gdia'erunt
3613 750 3727 819 fra-

2150 845 2255 891 tres
2302 838 2480 901 vestri,
2550 837 2785 891 odientes
2814 855 2925 901 vos,
2957 849 3006 891 et
3059 838 3360 907 abjicientes
3388 853 3602 909 propter
3626 858 3728 895 no-

2151 947 2267 984 men
2297 947 2466 984 meum
2506 928 2884 1000 :Gloriﬁcetur
2932 930 3208 994 Dominus,
3253 943 3303 985 et
3342 932 3631 987 videbimus
3672 935 3727 989 in

2155 1021 2343 1077 ltetitia
2368 1030 2561 1087 vestra,
2586 1022 2693 1091 ipsi
2723 1032 2899 1076 autem
2928 1022 3317 1089 confundentur
3331 1024 3395 1077 ⁸⁸.
3431 1024 3551 1078 Νοη
3576 1026 3727 1080 enim

2152 1114 2487 1169 laborabunt
2518 1114 2723 1170 frustra
2758 1115 2812 1168 in
2840 1115 3263 1171 conturbatione
3294 1118 3555 1185 przesules
3597 1119 3726 1182 mei,

2150 1208 2276 1274 quia
2313 1223 2486 1260 semen
2518 1206 2906 1261 benedictorum
2932 1208 3143 1261 Domini
3165 1218 3261 1262 est.
3295 1209 3587 1277 Antequam
3612 1212 3727 1263 cla-

2151 1308 2313 1363 ment,
2365 1315 2459 1368 ego
2514 1298 2837 1363 exaudiam;
2870 1299 3041 1353 adhuc
3090 1300 3201 1354 illis
3255 1301 3607 1371 loquentibus,
3636 1319 3729 1373 ego

2153 1391 2374 1443 audiam
2390 1390 2457 1445 ".
2490 1389 2570 1443 Ad
2606 1391 3023 1462 gloriﬁcanduin
3047 1407 3137 1459 se,
3160 1401 3213 1447 et
3246 1392 3431 1447 divina
3470 1394 3729 1448 mandata

2153 1482 2477 1537 seminanda
2518 1483 2968 1553 evangelizanda,
3001 1499 3097 1540 eos
3137 1484 3405 1541 Dominus
3438 1486 3624 1556 elegit,
3672 1495 3730 1541 et

2154 1592 2265 1630 non
2301 1585 2362 1629 ut
2406 1576 2823 1645 prohibeantur,
2856 1584 2951 1630 aut
3003 1578 3421 1648 perturbentur,
3476 1594 3731 1649 suggere-

2156 1667 2284 1734 bat;
2318 1669 2364 1699 ”
2382 1669 2643 1739 quoniam
2699 1669 2792 1739 qui
2848 1684 2945 1725 eos
2985 1668 3151 1733 laedit,
3184 1686 3308 1726 eum
3364 1670 3528 1735 laedit,
3567 1672 3729 1741 cujus

2157 1762 2429 1832 legatione
2488 1762 2809 1832 funguntur.
2865 1761 3172 1819 Praadicare
3225 1778 3322 1818 eos
3375 1764 3620 1829 assidue,
3676 1774 3732 1821 et

2154 1855 2411 1909 mandata
2446 1854 2663 1909 Domini
2689 1855 2808 1910 sine
2852 1856 3263 1912 intermissione
3288 1858 3619 1913 annuntiare
3640 1873 3732 1912 ro-

2152 1946 2332 2016 gabat.
2360 1946 2538 2017 Opera
2568 1962 2759 2001 eorum
2808 1947 2951 2002 bona
2994 1962 3181 2002 coram
3218 1948 3533 2005 hominibus
3574 1965 3733 2005 mon-

2152 2047 2350 2104 strare,
2383 2047 2438 2093 et
2469 2040 2865 2095 conscientiam
2908 2040 3108 2095 bonam
3157 2056 3343 2095 coram
3376 2040 3489 2099 Deo
3533 2041 3734 2099 habere

2154 2130 2494 2187 insinuabat.
2532 2130 2736 2187 Omnes
2777 2133 3055 2203 principes
3082 2139 3262 2194 terra}.
3294 2142 3350 2188 et
3375 2141 3610 2190 cunctos
3632 2134 3732 2189 ho-

2151 2225 2329 2278 mines
2348 2224 2430 2279 eis
2460 2224 2706 2285 obedire.
2738 2233 2791 2280 et
2809 2225 2989 2295 capita
3022 2240 3121 2279 sua
3148 2224 3489 2291 submittere,
3509 2240 3734 2280 eorum-

2150 2306 2257 2386 q'ne
2282 2316 2567 2386 adjutores
2600 2320 2834 2373 existere
2872 2318 3240 2388 przecipiebat,
3270 2326 3328 2372 ut
3362 2333 3555 2373 omnes
3586 2318 3733 2389 pari-

2151 2416 2235 2464 ter
2270 2411 2455 2466 fideles
2482 2419 2535 2465 et
2565 2419 2951 2480 cooperatores
2980 2411 3117 2482 legis
3149 2409 3243 2466 Dei
3264 2420 3735 2478 monstrarentur,

2149 2519 2221 2557 ne
2261 2503 2329 2558 de
2363 2504 2443 2558 eis
2477 2502 2693 2557 dicatur
2721 2522 2733 2556 :
2760 2501 3161 2572 Confundentur
3193 2512 3241 2557 et
3269 2503 3575 2557 erubescent
3618 2520 3730 2559 om-

2149 2612 2239 2649 nes
2285 2596 2375 2665 qui
2403 2604 2641 2665 pugnant
2669 2594 2947 2648 adrcrsum
3005 2605 3074 2656 te,
3126 2606 3175 2649 et
3227 2606 3380 2649 erunt
3426 2597 3586 2666 quasi
3630 2612 3739 2649 non.

2148 2689 2278 2751 sint,
2313 2697 2362 2741 et
2390 2688 2633 2756 peribunt
2679 2688 2777 2741 viri
2820 2689 2911 2757 qui
2946 2686 3323 2741 contradicunt,
3349 2687 3465 2742 tibi.
3514 2689 3731 2754 Quwres

2146 2798 2258 2844 eos,
2291 2790 2340 2834 et
2373 2797 2477 2833 non
2520 2781 2747 2833 inuenies
2785 2781 2923 2834 viros
2953 2779 3168 2836 rebelles
3204 2790 3340 2835 tuos.
3377 2780 3552 2834 Erunt
3578 2783 3739 2851 quasi.

2148 2890 2253 2927 non
2280 2874 2416 2937 sint,
2441 2882 2491 2926 et
2515 2872 2673 2925 veluti
2702 2873 3031 2941 consumptio
3061 2872 3289 2926 hominis
3341 2872 3596 2929 bellantis
3632 2873 3731 2928 ad-

2148 2982 2353 3020 versum
2390 2965 2520 3019 te“.

2215 3058 2261 3087 "
2298 3056 2499 3111 Omnes
2526 3072 2655 3128 ergo
2676 3056 2768 3127 qui
2794 3056 2875 3113 eis
2908 3058 3350 3121 contraveniunt,
3387 3058 3462 3112 ita
3496 3057 3731 3114 damna-

2149 3160 2233 3204 tos
2255 3156 2309 3203 et
2338 3148 2571 3205 infames
2602 3165 2777 3221 usque
2800 3151 2868 3205 ad
2903 3150 3333 3206 satisfactionem
3366 3154 3741 3217 monstrabat,

2144 3250 2202 3297 et
2228 3243 2332 3298 nisi
2362 3251 2829 3309 converterentur,
2861 3260 2893 3299 a
2925 3244 3209 3299 liminibus
3233 3245 3481 3300 ecclesia:
3520 3246 3733 3301 alienos

2145 3350 2267 3389 esse
2295 3334 2662 3404 praecipiebat.
2685 3336 2731 3367 ”
2760 3335 3189 3390 Homicidiorum
3222 3352 3351 3391 vero
3393 3339 3499 3391 tria
3529 3352 3735 3408 genera

2146 3442 2267 3483 esse
2295 3428 2529 3494 dicebat,
2553 3436 2607 3481 et
2636 3444 2851 3497 poenam
2875 3445 3063 3483 eorum
3088 3430 3311 3500 parilem
3338 3428 3456 3484 fore
3478 3430 3730 3485 docebat.

2150 3520 2304 3573 Sicut
2343 3520 2487 3575 enim
2520 3520 2825 3574 homicidas
2858 3520 3237 3577 interfectores
3275 3520 3531 3585 fratrum,
3575 3523 3649 3576 ita
3678 3530 3734 3577 et

2146 3615 2484 3669 detractor-es
2511 3629 2723 3675 eorum,
2750 3628 2953 3683 eosque
2977 3613 3247 3677 odientes,
3277 3613 3583 3669 homicidas
3610 3630 3731 3669 esse

2146 3704 2532 3761 manifestabat
2560 3723 2572 3772 ;
2600 3706 2726 3775 quia
2751 3713 2804 3760 et
2844 3706 2935 3775 qui
2968 3706 3168 3760 occidit
3202 3706 3419 3761 fratrem
3461 3721 3646 3769 suum,
3678 3712 3734 3760 et

2146 3799 2237 3869 qui
2273 3798 2409 3862 odit,
2442 3807 2496 3852 et
2526 3799 2617 3868 qui
2652 3799 2890 3853 detrahit
2930 3798 3002 3863 ei,
3044 3800 3247 3868 pariter
3278 3798 3566 3852 homicida:
3608 3814 3731 3853 esse

2147 3901 2525 3947 monstrantur
2547 3892 2614 3949 ".
2646 3892 2850 3947 Omnes
2877 3893 3043 3947 etiam
3075 3909 3105 3946 a
3147 3893 3464 3948 carnalibus
3512 3891 3734 3947 deside-

2145 3985 2263 4049 riis,
2298 4000 2419 4054 qua:
2456 3985 2692 4038 militant
2716 3985 2979 4039 adversus
3008 3986 3269 4051 animam,
3321 3985 3626 4048 abstinere,
3676 3993 3733 4038 et

2146 4078 2343 4134 bonam
2385 4094 2576 4134 eorum
2607 4080 3080 4134 conversationem
3111 4094 3176 4133 ac
3230 4079 3579 4133 innocentem
3612 4094 3731 4131 om—

2147 4171 2312 4225 nibus
2341 4178 2650 4225 monstrare
2682 4172 2930 4241 rogabat.
2981 4170 3056 4224 Ex
3094 4170 3260 4225 corde
3305 4170 3453 4225 enim
3496 4177 3740 4224 cunctos

2148 4262 2410 4317 attentius
2441 4263 2671 4317 invicem
2702 4265 2927 4333 diligere
2956 4263 3288 4323 insinuabat.
3320 4267 3374 4316 et
3402 4276 3586 4315 veram
3622 4260 3739 4314 fra-

2151 4356 2457 4411 ternitatem
2488 4356 2628 4411 inter
2652 4372 2710 4411 se
2733 4356 2932 4411 habere
2953 4355 3200 4409 docebat.
3229 4351 3559 4420 Quotidiana
3585 4353 3729 4407 enim

2153 4449 2299 4504 illius
2332 4448 2667 4519 prazdicatio,
2699 4448 2840 4503 inter
2871 4455 3067 4502 cetera
3086 4446 3269 4501 divina
3288 4444 3565 4509 mandata,
3614 4445 3731 4499 haec

2148 4549 2287 4604 erat,
2321 4555 2486 4611 quam
2537 4540 2591 4594 in
2644 4539 2764 4609 ejus
2809 4540 3117 4609 exemplum
3173 4538 3338 4593 etiam
3386 4538 3506 4604 tibi,
3561 4537 3735 4593 frater

2149 4633 2477 4687 charissime
2501 4671 2516 4697 ,
2546 4632 2855 4702 significare
2894 4631 3104 4686 curavi.
3126 4630 3171 4661 "
3202 4630 3501 4691 Bonorum,
3526 4630 3728 4700 inquit,

2147 4736 2371 4794 Operam
2399 4724 2541 4779 inter
2568 4731 2762 4778 caetera
2796 4724 3004 4779 semina
3033 4738 3098 4778 ac
3121 4723 3336 4794 negotia
3362 4730 3509 4788 sunt,
3559 4738 3741 4793 quan—

2151 4827 2264 4872 tum
2299 4816 2679 4888 unusquisque
2702 4820 2844 4886 sapit
2871 4823 2924 4872 et
2951 4824 3149 4887 potest,
3181 4823 3327 4871 totus
3376 4815 3557 4870 intimi
3607 4831 3734 4870 cor-

2153 4911 2261 4974 dis,
2295 4917 2354 4963 ut
2391 4910 2732 4980 prmlibatum
2762 4916 2869 4974 est,
2899 4910 3203 4964 visceribus
3250 4907 3419 4964 Deum
3472 4908 3743 4979 diligere,

2149 5012 2203 5059 et
2231 5003 2539 5073 proximum
2562 5002 2712 5057 velut
2735 5002 2976 5072 seipsum
3001 5002 3303 5072 :abnegare
3324 5000 3571 5070 seipsum
3600 5000 3730 5064 sibi,

2149 5106 2208 5151 ut
2235 5096 2422 5151 Jesum
2452 5094 2733 5151 Christum
2759 5094 3045 5149 Dominum
3077 5100 3325 5149 nostrum
3352 5098 3652 5163 sequatur;
3678 5100 3740 5147 et

2147 5190 2282 5243 nihil
2307 5187 2429 5258 ejus
2458 5188 2631 5242 amori
2662 5201 2997 5258 praeponere,
3029 5186 3312 5241 veritatem
3354 5186 3522 5241 corde
3545 5194 3603 5240 et
3635 5200 3737 5240 ore

2148 5281 2395 5352 proferre
2428 5279 2645 5344 debere,
2678 5287 2733 5334 et
2763 5287 2928 5334 totam
2959 5295 3109 5351 spem
3151 5278 3262 5335 Deo
3305 5295 3525 5350 semper
3576 5295 3734 5335 com-

536 5454 578 5483 '“
606 5454 734 5506 lsai.
770 5468 881 5509 ut.
912 5454 944 5506 6
975 5461 1029 5506 et
1058 5468 1174 5522 seq.
1247 5454 1291 5485 3’
1313 5454 1402 5506 lvo
1438 5454 1492 5506 in
1530 5454 1703 5515 Decr.,
1735 5469 1789 5523 p.
1823 5455 1875 5518 5,
1903 5472 1953 5511 c.
1980 5456 2060 5511 9.5‘.

472 5521 769 5596 Damnem.
844 5524 891 5556 ⁸³
917 5524 1040 5578 lsai.
1073 5540 1262 5596 sum,
1299 5525 1367 5577 10
1390 5531 1442 5575 et
1476 5539 1591 5596 s_eq.
1647 5526 1693 5555 ⁸⁸
1717 5524 1818 5579 lsai
1874 5542 1947 5596 Li.
1984 5527 2059 5580 5e

2150 5456 2347 5517 inacl..
2378 5471 2467 5525 ep.
2485 5455 2540 5510 2.
2568 5454 2720 5510 Alex.
2746 5455 2898 5526 (πλε.
2929 5454 3183 5580 Telesqh.
3203 5456 3337 5511 Fab.
3360 5456 3515 5513 Mele.
3544 5457 3731 5524 Julius

2150 5544 2234 5596 eq.
2310 5528 2355 5558 ⁸⁵
2381 5526 2504 5581 lsai.
2538 5543 2630 5588 XL,
2658 5526 2728 5579 27
2757 5538 2812 5581 et
2843 5543 2960 5596 seq.
3035 5528 3082 5558 ⁸⁸
3126 5529 3225 5582 sai.
3261 5544 3374 5591 xu,
3401 5529 3454 5581 l.
3535 5531 3581 5561 ⁸⁷
3608 5530 3727 5583 Do-

1847 5598 1893 5628 ”
1919 5594 2040 5649 lsui.
2072 5594 2316 5661 ιινίῖὅ.
2348 5596 2439 5650 24.
2516 5600 2564 5633 θ’
2586 5596 2667 5651 Οτι

1847 5667 1975 5722 inct.
2003 5683 2038 5722 ι.
2113 5666 2159 5699 ’θ
2216 5664 2419 5723 lJoan.
2456 5682 2541 5732 ιιι,
2580 5666 2667 5720 15.

3035 5528 3082 5558 ⁸⁸
3104 5528 3225 5582 lsai.
3261 5544 3374 5591 xu,
3401 5529 3454 5581 l.
3535 5531 3581 5561 ⁸⁷
3608 5530 3727 5583 Do-

2516 5600 2564 5633 ”
2586 5596 2746 5670 (ᾔδεε.
2770 5612 2867 5670 _x_n,
2892 5594 2983 5670 29..
3027 5598 3098 5670 _”
3118 5598 3241 5670 lsai.
3272 5613 3384 5670 su,
3429 5598 3489 5652 ll
3525 5609 3582 5655 et
3603 5617 3724 5670 seq.

2768 5668 2813 5698 "
2847 5682 2898 5723 c.
2936 5668 2970 5722 4
3027 5665 3158 5741 Reg.
3192 5667 3250 5724 S.
3298 5668 3616 5737 Benedicti,
3666 5665 3735 5727 ut

2310 5528 2355 5558 ⁸⁵
2381 5526 2504 5581 lsai.
2538 5543 2630 5588 XL,
2658 5526 2728 5579 27
2757 5538 2812 5581 et
2843 5543 2960 5595 seq.
