3896 6174
186 317 286 375 481

1375 308 1734 366 EPISTOLE
1777 308 2248 365 DECRETAIJZS.

3352 306 3457 362 ‘82

188 433 431 487 mittere.
455 424 773 483 lnstruebat
802 432 958 483 actus
990 439 1103 480 suae
1124 423 1248 479 vita
1274 424 1423 478 omni
1445 424 1577 478 hora
1595 432 1782 480 custo~
1808 429 1857 485 Α
1883 439 1996 477 cere
2019 422 2182 477 nolite
2203 422 2245 478 ⁸.
2279 421 2383 493 lpsi
2414 429 2595 478 autem
2623 421 2887 493 episcopi,
2912 421 2959 477 si
2984 419 3457 490 exorbitaverunt",

186 523 325 583 dire,
351 528 409 576 et
432 520 489 574 in
516 518 665 573 omni
696 518 817 572 I0‘c0
841 516 1009 571 Deum
1035 516 1339 586 respicere;
1367 514 1594 569 llrmiter
1610 516 1774 580 scire,

183 612 550 684 cogitationes
582 611 755 667 malas
781 609 933 666 cordi
972 624 1074 664 suo
1104 608 1478 671 advenientes,
1530 622 1656 663 mox
1707 607 1776 663 ad

182 702 471 759 Christum
522 700 771 767 allidere,
800 708 854 757 et
903 700 1285 756 sacerdotibus
1329 699 1546 756 Domini
1600 702 1776 755 mani-

184 793 415 850 festare.
466 791 542 848 Os
580 808 742 849 suum
792 807 824 846 a
866 792 1040 846 multo
1059 791 1106 823 "
1153 792 1239 847 vel
1292 806 1460 863 pravo
1502 792 1776 863 colloquio

182 884 489 949 custodire,
523 893 576 939 et
606 884 768 939 verba
822 898 981 951 vana,
1010 889 1104 936 aut
1134 883 1417 938 mendacia
1447 898 1556 937 non
1589 884 1771 954 loqui;

181 975 311 1045 quia
343 991 405 1029 os
450 974 589 1045 quod
640 975 917 1035 mentitur,
972 974 1166 1027 occidit
1214 974 1451 1028 animam
1471 976 1539 1031 ’⁷.
1598 975 1772 1031 Verba

181 1066 369 1121 divina
401 1066 637 1121 libenter
666 1064 879 1132 audire,
910 1072 965 1121 et
995 1066 1377 1122 sacerdotibus
1401 1066 1519 1121 suis
1542 1067 1775 1123 libenter

180 1158 591 1227 obtemperare,
627 1165 792 1228 atque
820 1158 1137 1214 obedientes
1167 1173 1291 1215 esse
1328 1159 1580 1214 docebat.
1627 1158 1774 1215 Prae-

178 1251 447 1306 dicationi
477 1258 532 1305 et
558 1251 795 1306 orationi
828 1266 893 1305 ac
930 1252 1150 1306 lectioni
1195 1250 1511 1322 frequenter
1559 1253 1774 1307 incum-

176 1342 352 1409 bere,
412 1349 468 1396 et
519 1341 896 1415 eleemosynas
944 1360 1103 1400 veras
1156 1349 1437 1416 perlicere.
1492 1344 1772 1400 Desideria

175 1435 368 1491 carnis
400 1449 513 1489 non
541 1434 825 1506 perlicere,
859 1436 953 1491 sed
985 1437 1261 1507 propriam
1300 1436 1551 1506 frangere
1583 1436 1773 1490 volun-

172 1536 346 1582 tatem
382 1548 396 1582 :
428 1528 559 1583 boni
589 1528 793 1599 aliquid
820 1528 875 1583 in
908 1544 967 1584 se
997 1544 1122 1583 cum
1170 1529 1391 1595 viderit,
1438 1528 1550 1584 Deo
1596 1530 1771 1600 appli-

172 1634 302 1674 care
323 1618 397 1685 ’⁸,
434 1634 546 1673 non
571 1620 674 1674 sibi
704 1627 795 1675 :et
823 1620 1026 1675 malum
1058 1636 1085 1674 a
1118 1636 1178 1677 se
1210 1620 1413 1676 factum
1446 1630 1763 1693 cognoscat,

170 1719 225 1765 et
275 1711 388 1766 sibi
437 1712 751 1782 imputet”.
808 1712 1036 1768 Multum
1078 1714 1226 1785 loqui
1279 1730 1389 1770 non
1430 1730 1634 1781 amare,
1672 1716 1766 1771 sed

168 1803 459 1858 custodire
488 1802 630 1858 labia
656 1819 777 1870 sua,
810 1821 879 1860 ne
907 1804 1093 1860 dolum
1153 1814 1249 1860 aut
1278 1806 1482 1859 malum
1532 1807 1767 1878 loquan-

169 1901 283 1949 tur.
326 1892 487 1948 Diem
529 1894 724 1964 judicii
775 1899 987 1962 timere,
1037 1898 1342 1970 gehennam
1381 1913 1764 1967 expavescere,

169 1985 338 2039 vitam
386 1994 650 2041 aeternam
704 1989 852 2042 omni
907 1990 1353 2060 concupiscentia
1410 1989 1763 2059 desiderare;

170 2091 281 2130 non
317 2075 601 2143 occidere,
646 2094 758 2134 non
806 2079 1129 2145 adulterari,
1166 2097 1275 2136 non
1308 2081 1512 2136 furtum
1562 2082 1762 2148 lacere,

167 2184 282 2223 non
329 2183 450 2223 rem
489 2171 724 2240 proximi
768 2176 1184 2244 concupiscere,
1233 2191 1343 2230 non
1378 2175 1574 2229 falsum
1613 2176 1766 2230 testi-

169 2260 419 2315 monium
448 2260 634 2317 dicere
658 2263 749 2328 ¹⁹⁹,
792 2264 889 2319 sed
933 2280 1127 2321 omnes
1172 2266 1423 2321 homines
1470 2266 1762 2333 honorare,

167 2366 378 2423 corpus
418 2355 721 2419 custodire,
764 2370 934 2412 vanas
975 2363 1030 2411 et
1072 2357 1312 2413 caducas
1356 2372 1463 2412 non
1508 2360 1762 2430 amplecti

168 2444 426 2512 delicias,
451 2446 724 2517 jejunium
755 2454 809 2502 et
836 2447 1051 2518 vigilias
1080 2458 1301 2504 sanctas
1324 2464 1527 2518 amare,
1558 2466 1763 2521 paupe-

167 2551 564 2603 resrecreare,
599 2538 779 2594 nudos
824 2539 1048 2607 vestire,
1096 2539 1344 2596 infirmos
1392 2542 1635 2606 visitare,
1686 2542 1764 2598 si-

166 2630 374 2686 tientes
428 2638 621 2701 potare
649 2669 665 2695 ,
724 2638 971 2686 mortuos
1025 2632 1259 2702 sepelire
1297 2673 1312 2696 ,
1359 2642 1414 2688 et
1469 2633 1764 2705 diligenter

166 2737 361 2779 eorum
394 2723 689 2793 exsequias
711 2738 991 2796 peragere,
1020 2740 1120 2795 pro
1138 2725 1331 2795 eisque
1357 2740 1517 2782 orare
1538 2733 1591 2782 et
1618 2727 1763 2782 elee-

169 2827 434 2884 Iuosynas
462 2814 636 2883 dare;
679 2815 928 2872 dolentes
977 2819 1275 2882 consolari,
1332 2826 1387 2874 et
1435 2820 1552 2873 suis
1602 2818 1762 2875 bonis

167 2906 442 2973 refovere,
469 2916 526 2963 et
555 2924 585 2962 a
616 2910 778 2964 malis
811 2909 1024 2964 actibus
1048 2924 1107 2964 se
1140 2910 1379 2965 alienum
1410 2909 1613 2965 facere.
1638 2909 1760 2965 Non

166 3015 293 3056 esse
324 3001 652 3072 superbum,
690 3017 800 3056 non
831 3002 1194 3067 vinolentum,
1227 3017 1328 3057 nec
1357 3002 1588 3056 multum
1630 3001 1761 3056 eda-

1877 515 1946 569 ab
1976 514 2098 570 istis
2121 530 2230 568 non
2264 524 2393 569 sunt
2418 514 2847 584 reprehendendi
2891 512 2978 568 vel
3027 511 3312 584 arguendi,
3361 513 3456 566 sed

1874 606 2289 677 supportandi',
2324 607 2430 661 nisi
2461 609 2515 662 in
2548 606 2651 662 lide
2674 608 2997 662 erraverint.

1948 697 2030 752 Illi
2062 714 2193 769 ergo
2222 714 2389 769 super
2421 699 2558 753 istos
2590 708 2741 764 sunt,
2774 715 2883 753 non
2927 706 3107 752 autem
3152 697 3243 753 isti
3293 711 3460 766 super

1876 788 2034 856 illos;
2077 790 2336 860 quoniam
2368 790 2544 859 major
2575 805 2605 844 a
2636 791 2849 845 minore
2884 805 2988 844 ncc
3023 789 3199 859 argui,
3230 803 3329 842 nec
3361 787 3456 856 ju-

1874 880 2047 935 dicari
2073 890 2271 951 potest.
2303 879 2497 936 Nullus
2532 897 2591 936 se
2622 882 2847 937 extollat
2868 897 2997 951 erga
3018 882 3308 936 doctores'
3339 893 3459 933 una-

1874 975 2076 1044 gistros
2114 990 2264 1039 suos,
2298 975 2425 1044 quia
2453 975 2760 1044 discipulus
2789 989 2956 1043 super
2979 973 3301 1043 magistrum
3332 986 3458 1029 esse

1872 1080 1984 1119 non
2014 1064 2194 1129 debet,
2221 1080 2323 1119 nec
2344 1074 2523 1135 potest
2550 1067 2612 1121 '°.
2649 1067 2688 1097 “
2708 1065 2900 1120 Nullus
2929 1066 3057 1119 velit
3078 1064 3185 1119 dici
3207 1074 3456 1129 sanctus,

1873 1163 2163 1227 antequam
2198 1159 2303 1223 sit;
2354 1159 2447 1213 sed
2482 1159 2637 1228 prius
2677 1158 2772 1223 sit,
2820 1160 2940 1212 ut“
2989 1158 3176 1212 verius
3214 1157 3451 1213 dicatur.

1872 1245 2149 1319 Praecepta
2188 1248 2424 1315 Domini,
2476 1251 2877 1319 doctorumque
2925 1264 2990 1304 ac
3040 1250 3450 1320 magistrorum.

1873 1338 2033 1393 factis
2062 1341 2307 1410 quotidie
2339 1343 2660 1412 adimplere.
2694 1349 2748 1396 et
2779 1342 2835 1395 in
2866 1341 3073 1396 Christi
3102 1342 3323 1395 nomine
3354 1354 3455 1410 pro

1873 1433 2109 1489 inimicis
2136 1449 2292 1489 orare
2321 1442 2555 1504 oportet.
2593 1432 2969 1487 "Obedientia
3001 1432 3144 1487 enim
3189 1440 3242 1486 et
3275 1431 3455 1484 humi-

1872 1525 2024 1581 liatio
2078 1542 2200 1596 quae
2252 1526 2530 1595 magistris
2584 1525 2803 1595 agitur,
2860 1523 3092 1578 Domino
3136 1523 3449 1578 exhibetur.

1874 1618 2057 1672 Timor
2091 1618 2303 1672 Domini
2344 1617 2623 1672 delectabit
2672 1634 2784 1681 cor,
2827 1626 2878 1670 et
2920 1617 3067 1669 dabit
3114 1616 3356 1670 la’titiam
3401 1624 3454 1670 ct

1870 1710 2123 1779 gaudium
2150 1711 2203 1763 in
2226 1710 2601 1781 longitudinem
2624 1709 2852 1763 dierum.
2884 1708 3108 1762 Timenti
3141 1707 3303 1760 Deum
3329 1706 3454 1761 bene

1869 1810 1967 1854 er.t
1999 1802 2052 1854 in
2081 1802 2352 1866 extremis,
2386 1810 2435 1855 et
2464 1802 2520 1855 in
2548 1801 2633 1855 die
2664 1800 3017 1871 defunctionis
3047 1816 3159 1854 sure
3184 1799 3454 1854 benedice-

1869 1901 1955 1946 tur
1979 1894 2039 1948 ³⁵.
2083 1893 2173 1948 Va:
2195 1893 2473 1948 dissolutis
2498 1892 2679 1957 corde,
2706 1895 2796 1964 qui
2827 1910 2931 1946 non
2959 1891 3176 1946 credunt
3215 1891 3347 1955 Deo,
3396 1900 3453 1947 et

1866 1985 2136 2039 resistunt
2169 1986 2445 2040 mandatis
2467 1985 2611 2055 ejus,
2654 1992 2708 2039 et
2738 1984 3116 2040 inohedientes
3145 1997 3209 2037 ac
3256 1992 3453 2037 contu-

1866 2092 2052 2131 maces
2083 2085 2215 2132 sunt
2258 2076 2346 2133 his
2397 2078 2492 2147 qui
2546 2077 2669 2147 ejus
2713 2078 2983 2146 legatione
3028 2074 3451 2147 fungunturzet

1864 2168 1981 2222 ideo
2010 2187 2114 2223 non
2142 2180 2479 2240 protegentur
2508 2170 2573 2224 ab
2604 2186 2684 2224 eo.
2730 2169 2818 2223 Va:
2850 2169 2930 2223 his
2982 2170 3072 2239 qui
3110 2167 3453 2238 perdiderunt

1864 2261 2257 2326 sustinentiam,
2290 2263 2381 2332 qui
2408 2261 2798 2332 dereliquerunt
2826 2263 2937 2315 vias
2974 2270 3168 2325 rectas,
3198 2269 3248 2313 et
3277 2261 3453 2313 diver-

1864 2361 2037 2407 terunt
2067 2355 2121 2408 in
2145 2356 2258 2409 vias
2282 2371 2495 2425 pravas.
2530 2354 2597 2408 Et
2616 2354 2743 2425 quid
2777 2355 2996 2423 facient,
3028 2371 3144 2407 cum
3171 2354 3423 2421 inspicere

1862 2446 2071 2514 coeperit
2101 2446 2355 2501 Dominus
2374 2451 2400 2504 2’
2428 2448 2534 2514 Qui
2563 2450 2746 2501 timent
2778 2446 3060 2500 Dominum
3088 2485 3103 2510 ,
3152 2462 3255 2498 non
3293 2454 3448 2498 erunt

1862 2537 2194 2593 incredibiles
2237 2539 2391 2593 verbo
2413 2540 2559 2594 illius
2582 2554 2601 2593 :
2633 2548 2685 2593 et
2712 2537 2804 2609 qui
2847 2537 3073 2608 diligunt
3104 2536 3279 2601 illum,
3325 2553 3451 2589 con-

1861 2629 2143 2685 servabunt
2167 2632 2304 2684 viam
2340 2631 2507 2686 illius.
2542 2631 2649 2698 Qui
2694 2632 2876 2686 timent
2923 2631 3229 2695 Dominum,
3274 2631 3452 2701 inqui-

1862 2730 1976 2775 rent
2025 2738 2143 2793 quae
2168 2722 2495 2793 beneplacita
2525 2733 2649 2777 sunt
2677 2724 2764 2777 illi
2790 2741 2808 2779 :
2838 2735 2887 2778 et
2914 2724 3001 2793 qui
3040 2724 3266 2794 diligunt
3304 2740 3447 2788 eum,

1861 2814 2198 2882 replebantur
2224 2815 2332 2886 lege
2365 2816 2550 2884 ipsius.
2582 2816 2687 2883 Qui
2708 2818 2891 2870 timent
2921 2816 3220 2880 Dominum,
3242 2831 3450 2885 prapo—

1861 2906 2054 2961 rabunt
2084 2906 2248 2961 corda
2279 2924 2400 2973 sua,
2430 2916 2480 2961 et
2509 2910 2563 2961 in
2608 2919 2885 2977 conspectu
2932 2909 3080 2962 illius
3131 2908 3446 2977 sanctiﬁca-

1862 2996 1989 3050 bunt
2020 3000 2227 3052 animos
2257 3015 2404 3054 suas.
2436 2999 2542 3066 Qui
2574 3000 2757 3054 timent
2793 3000 3100 3064 Dominum,
3141 3000 3448 3053 custodiunt

167 3108 309 3156 cem,
342 3109 455 3149 non
487 3094 917 3159 somnolentum,
958 3110 1069 3149 non
1100 3096 1337 3166 pigrum,
1370 3108 1479 3149 non
1516 3109 1756 3149 mur-mu.
1789 3109 1833 3167 ρ
1867 3089 2125 3144 mandata
2153 3090 2323 3155 illius,
2347 3102 2395 3146 et
2422 3093 2735 3161 patientiam
2761 3091 3022 3146 habebunt
3056 3108 3218 3162 usque
3255 3092 3323 3145 ad
3364 3093 3447 3145 in-

167 3193 436 3248 ratorem,
470 3200 573 3240 nec
603 3185 971 3241 detractorem
999 3204 1015 3254 ;
1047 3187 1175 3258 quia
1205 3190 1299 3258 qui
1341 3187 1599 3253 detrahit,
1644 3204 1756 3244 non

168 3291 230 3332 se
254 3277 297 3341 ί,
328 3276 427 3332 sed
457 3290 513 3332 et
535 3278 735 3334 multos
765 3278 904 3333 alios
934 3277 1155 3333 occidit.
1180 3277 1321 3332 lram
1338 3293 1446 3333 non
1470 3278 1753 3349 perlicere,

165 3384 271 3423 nec
300 3367 603 3423 iracundize
632 3379 845 3439 tempus
892 3385 1195 3427 reservare.
1246 3370 1442 3425 Dolum
1489 3372 1545 3425 in
1589 3372 1757 3428 corde

166 3475 279 3514 non
307 3467 523 3524 tenere,
556 3476 656 3515 nec
701 3476 889 3531 pacem
932 3460 1126 3517 falsam
1171 3462 1361 3518 dare”.
1413 3461 1753 3518 Charitatem

165 3566 277 3606 non
306 3551 710 3623 derelinquere,
755 3568 855 3608 nec
880 3553 1090 3623 jurare,
1124 3569 1193 3609 ne
1246 3553 1385 3609 forte
1428 3554 1753 3624 perjurium,

166 3645 315 3714 quod
364 3644 548 3699 absit!
582 3645 696 3700 Iiat.
754 3644 951 3699 Malum
1007 3660 1107 3717 pro
1152 3646 1297 3700 malo
1344 3660 1455 3701 non
1503 3646 1753 3712 reddere,

168 3752 271 3791 nec
306 3735 569 3804 injuriam
596 3735 796 3803 facere,
836 3737 930 3794 sed
964 3736 1160 3793 factam
1202 3738 1469 3808 patienter
1500 3737 1749 3795 sull‘erre.

167 3826 431 3884 Inimicos
462 3829 687 3901 diligere
710 3870 726 3894 ,
761 3831 1149 3885 maledicentes
1180 3845 1239 3885 se
1265 3846 1373 3884 non
1404 3831 1751 3893 maledicere,

168 3922 265 3977 sed
310 3922 492 3992 magis
518 3923 861 3985 benedicere.
892 3931 947 3978 et
980 3924 1417 3993 persecutionem
1451 3939 1550 3993 pro
1589 3922 1755 3992 justi-

169 4016 244 4067 tia
272 4013 574 4069 sustinere.
606 4013 946 4069 Charitatem
972 4016 993 4047 ³
1023 4031 1229 4079 amare,
1263 4024 1316 4071 et
1367 4017 1575 4069 nullum
1624 4016 1753 4071 odio

168 4106 411 4172 habere;
443 4107 571 4177 quia
600 4108 690 4177 qui
711 4106 821 4161 odit
853 4107 1072 4176 fratrem
1102 4124 1257 4162 suum
1295 4107 1559 4161 homicida
1603 4118 1681 4161 est
1706 4108 1747 4164 ⁸.

168 4198 476 4255 Elationem
510 4198 719 4270 fugere,
752 4201 925 4255 zelum
959 4201 1161 4255 malum
1191 4216 1301 4254 non
1346 4201 1566 4264 habere,
1612 4202 1751 4255 invi-

166 4289 313 4345 diam
342 4306 456 4344 non
485 4306 761 4356 exercere,
794 4307 895 4347 nec
923 4293 1327 4347 contentionem
1364 4289 1578 4346 amare.
1611 4291 1749 4346 Cum

164 4382 615 4440 discordantibus
644 4392 771 4438 ante
802 4385 936 4439 solis
964 4399 1221 4440 occasura
1244 4385 1298 4438 in
1331 4399 1518 4454 pacem
1550 4384 1745 4449 redire,

1858 3184 2173 3253 spectionem
2232 3184 2422 3249 illius,
2476 3184 2706 3238 dicentes
2747 3198 2766 3237 :
2832 3183 2892 3238 Si
2932 3185 3289 3253 paenitentiam
3341 3200 3445 3238 non

1855 3276 2138 3346 egerimus,
2165 3277 2454 3330 incidemus
2491 3278 2545 3329 in
2576 3293 2765 3330 manus
2798 3276 2912 3341 Dei,
2947 3288 2994 3330 et
3026 3294 3129 3330 non
3163 3277 3219 3330 in
3256 3292 3445 3330 manus

1857 3369 2173 3424 hominum:
2205 3370 2491 3425 secundum
2511 3372 2650 3425 enim
2700 3371 3114 3441 magnitudinem
3160 3370 3329 3433 illius,
3366 3372 3445 3424 sic

1857 3472 1908 3517 et
1939 3465 2306 3519 misericordia
2337 3466 2501 3535 ipsius
2525 3480 2642 3517 cum
2683 3465 2796 3533 ipso
2817 3472 2893 3516 est
2913 3462 2975 3517 “.
3017 3461 3195 3515 Venite
3220 3461 3442 3533 (inquit)

1857 3557 1978 3625 ﬁlii,
1995 3556 2172 3610 audite
2187 3574 2284 3622 me,
2310 3558 2548 3610 timorem
2571 3555 2784 3610 Domini
2800 3553 2992 3608 docebo
3013 3571 3101 3608 vos
3119 3555 3207 3610 “‘.
3229 3553 3443 3611 Currite

1856 3648 1982 3701 dum
2002 3648 2174 3703 lumen
2187 3649 2540 3713 vitwhabetis,
2560 3665 2622 3702 ne
2646 3648 2869 3703 tenebra:
2883 3650 3068 3703 mortis
3092 3667 3181 3704 vos
3204 3667 3443 3720 compre-

1855 3741 2085 3795 hendant
2108 3743 2170 3797 “.
2199 3743 2382 3797 Omnis
2412 3743 2501 3813 qui
2536 3742 2642 3796 vult
2672 3742 2851 3805 vitam,
2876 3751 2925 3795 et
2965 3743 3108 3812 cupit
3132 3742 3302 3795 videre
3326 3742 3440 3797 dies

1856 3834 2041 3899 bonos,
2072 3834 2344 3904 prohibeat
2373 3833 2614 3905 linguam
2636 3852 2789 3889 suam
2821 3852 2854 3888 a
2880 3836 3042 3899 malo,
3075 3844 3125 3888 et
3157 3835 3301 3889 labia
3323 3834 3438 3904 ejus

1856 3930 2225 3997 neloquantur
2251 3926 2455 3982 dolum.
2495 3926 2731 3980 Divertat
2770 3943 2803 3981 a
2830 3927 2995 3991 malo,
3046 3937 3096 3981 et
3136 3928 3305 3997 faciat
3343 3928 3439 3981 bo-

1854 4036 1979 4073 num
2005 4036 2023 4074 :
2050 4020 2280 4089 inquirat
2308 4035 2509 4088 pacem,
2540 4028 2587 4072 et
2610 4028 2952 4088 persequatur
2972 4036 3087 4073 eam
3108 4035 3127 4074 :
3151 4020 3275 4089 quia
3301 4020 3440 4073 oculi

1853 4109 2072 4165 Domini
2102 4128 2257 4180 super
2276 4111 2476 4181 justus,
2505 4120 2553 4165 et
2578 4128 2731 4164 aures
2757 4111 2870 4180 ejus
2915 4110 2983 4163 ad
3028 4127 3201 4179 preces
3232 4127 3433 4165 eorum.

1867 4202 2050 4257 Vultus
2104 4213 2279 4256 autem
2328 4202 2543 4257 Domini
2603 4220 2760 4272 super
2827 4204 3075 4272 facientes
3128 4203 3272 4256 mala
3307 4242 3321 4265 ,
3379 4211 3437 4255 ut

1850 4294 2033 4363 perdat
2062 4294 2126 4349 de
2155 4305 2294 4349 terra
2323 4296 2629 4349 memoriam
2647 4311 2827 4348 eorum
2847 4294 2933 4348 “'.
2956 4294 3241 4364 Propterea
3274 4295 3439 4348 nolite

1853 4390 1970 4458 ﬁeri
1994 4390 2313 4459 sicut‘equus
2343 4399 2392 4442 et
2437 4389 2634 4451 mulus,
2676 4392 2732 4441 in
2776 4387 2963 4458 quibus
2985 4404 3089 4441 non
3116 4398 3193 4441 est
3231 4386 3435 4440 intelle-

164 4481 217 4529 et
246 4474 317 4529 de
344 4474 443 4529 Dei
480 4476 856 4531 misericordia
887 4492 1166 4546 nunquam
1206 4477 1515 4547 desperare.
1553 4474 1749 4531 Senio-
1781 4467 1826 4522 D
1853 4492 1989 4535 ctus.
2019 4480 2122 4535 Sed
2154 4481 2409 4535 laztamini
2437 4482 2491 4534 in
2522 4479 2769 4543 Domino,
2812 4491 2860 4533 et
2905 4480 3166 4534 exsultate
3196 4480 3354 4548 justi,
3383 4487 3435 4533 et

165 4582 255 4622 res
282 4567 558 4631 venerari,
580 4577 635 4623 et
666 4568 913 4637 juniores
938 4569 1182 4639 diligere.
1214 4566 1537 4639 Episcopos,
1570 4582 1752 4623 sacer-

164 4662 321 4716 dotes
350 4674 509 4724 suos,
541 4674 605 4715 ac
633 4667 861 4715 cunctos
885 4660 1128 4730 reliquos
1158 4658 1416 4716 Ecclesiae
1444 4660 1748 4725 ministros,

164 4762 331 4824 atque
359 4767 581 4807 omnem
603 4752 814 4822 plebem
837 4753 938 4808 sibi
967 4754 1338 4819 commissam,
1368 4754 1535 4809 verbo
1562 4753 1751 4808 divino

163 4855 218 4899 et
246 4844 512 4901 mandato
537 4846 809 4901 instruere
838 4862 900 4901 ac
929 4846 1184 4918 dirigere,
1230 4847 1441 4916 hosque
1468 4860 1661 4901 omnes
1695 4853 1751 4900 et

162 4952 357 4991 eorum
401 4937 689 5007 episcopos
719 4946 833 4993 tota
855 4921 1253 4993 animi'virtute
1279 4939 1507 5008 diligere
1530 4945 1587 4990 ut
1616 4952 1750 4992 ocu-

181 5045 247 5084 os
293 5043 452 5093 suos,
502 5029 631 5099 quia
660 5030 803 5084 oculi
840 5040 967 5085 sunt
996 5010 1231 5085 illorum.
1267 5030 1288 5062 ⁵
1309 5029 1512 5084 Eorum
1546 5044 1751 5099 praece-

164 5122 273 5190 ptis
312 5122 371 5175 in
405 5121 661 5176 omnibus
694 5121 935 5187 obedire,
979 5123 1195 5177 etiamsi
1245 5122 1348 5192 ipsi
1385 5122 1565 5186 aliter,
1597 5120 1745 5191 quod

165 5215 345 5269 absit!
382 5220 567 5283 agant,
609 5229 878 5269 memores
901 5215 1108 5269 scilicet
1129 5214 1275 5269 illius
1297 5213 1565 5267 Dominici
1606 5227 1747 5282 prte-

167 5308 313 5377 cepti
349 5325 363 5359 :
400 5304 534 5371 Qua:
562 5304 765 5372 dicunt,
790 5306 947 5375 facile
978 5323 996 5360 .'
1027 5322 1142 5377 qua:
1170 5316 1344 5361 autem
1392 5305 1614 5375 faciunt,
1657 5303 1747 5373 fa-

238 5503 470 5576 f‘malo.
537 5506 581 5576 ’τ
606 5520 726 5574 cap.
759 5524 798 5569 ν,
822 5507 909 5561 ll.
945 5575 955 5576 ί
983 5504 1362 5576 θὶαιινίὸιιεονε⁸
1430 5506 1474 5539 ⁸⁸
1503 5508 1741 5576 applicet.

167 5574 827 5637 'Castitatem,itams.c.
896 5575 964 5629 ⁸1
1026 5575 1185 5630 Joan.
1234 5592 1314 5638 ιιι,
1348 5578 1431 5630 15.

166 5646 274 5704 sub
320 5644 671 5714 Symmacho.
749 5649 771 5675 ⁸
796 5646 1060 5714 portandi.
1141 5646 1160 5676 ’
1205 5662 1285 5700 ac.

171 5722 225 5773 5.
300 5716 347 5749 “
370 5714 542 5770 an-li.
576 5730 614 5778 l,
660 5714 866 5779 12,13.
946 5718 987 5748 ³⁵
1028 5716 1195 5771 Eccli.
1231 5732 1291 5780 ιι,
1336 5717 1402 5771 l5
1430 5728 1481 5770 et
1512 5733 1624 5783 seq,

171 5788 267 5846 i3.
339 5788 381 5821 ⁸⁷
414 5783 559 5843 Psal.
589 5800 738 5855 XXXI,
774 5786 829 5853 9,
869 5787 956 5844 11.
1035 5787 1078 5818 ¹⁸
1110 5786 1241 5842 Luc.
1283 5804 1401 5853 xm,
1446 5787 1515 5843 29

1853 4575 2160 4645 gloriamini
2199 4591 2374 4629 omnes
2398 4575 2526 4627 recti
2567 4573 2721 4627 corde
2746 4573 2809 4626 ".
2852 4572 2994 4638 Quia
3038 4572 3192 4624 multi
3231 4571 3432 4624 venient

1855 4666 1921 4720 ab
1950 4670 2151 4721 oriente
2192 4676 2241 4721 et
2283 4666 2584 4731 occidente,
2616 4664 2848 4720 Domino
2898 4663 3135 4726 dicente,
3176 4672 3230 4717 et
3268 4677 3299 4715 a
3342 4679 3432 4718 sc-

1855 4761 2161 4828 ptentrione
2189 4766 2349 4828 atque
2374 4758 2618 4821 meridie,
2641 4768 2690 4812 et
2710 4755 3001 4811 recumbent
3024 4773 3139 4808 rum
3161 4755 3430 4809 Abraham

1853 4858 1903 4902 et
1949 4848 2110 4903 Isaac
2157 4859 2207 4904 et
2228 4849 2395 4904 Iacob
2415 4849 2479 4905 ".
2532 4848 2763 4919 Propter
2796 4848 2940 4919 quod
2963 4848 3026 4911 ",
3062 4846 3325 4917 deprecor
3354 4856 3425 4911 te,

1854 4939 2023 4995 l‘rater
2052 4941 2395 5007 charissime,
2425 4948 2483 4995 ut
2527 4940 2725 4995 doceas
2769 4941 3029 4995 attentius
3057 4941 3200 4993 hunc
3232 4942 3430 5010 pracdi-

1851 5033 2083 5088 cationis
2109 5034 2353 5088 ordinem
2402 5042 2456 5088 et
2482 5034 2883 5087 absolutionum
2905 5033 3045 5094 dies,
3070 5041 3129 5087 ut
3152 5034 3429 5088 salveutur

1848 5123 2043 5177 animae
2086 5124 2389 5188 hominum,
2438 5140 2557 5194 quae
2603 5125 2817 5177 occulta
2868 5123 2963 5178 Dei
3005 5125 3229 5188 virtute,
3264 5141 3425 5194 quem

1847 5214 2081 5269 debeant
2110 5215 2354 5286 diligere,
2384 5218 2703 5287 priusquam
2743 5216 3063 5279 doceantur,
3096 5222 3422 5285 agnoscunt.

1846 5304 2085 5376 Operam
2117 5322 2247 5363 vero
2278 5309 2418 5362 ratio
2452 5310 2706 5379 potestati
2736 5321 2789 5364 et
2819 5309 3044 5364 arbitrio
3073 5306 3425 5374 uniuscujus-

1535 5508 1741 5576 pplicet.
1820 5512 1888 5542 '°°
1909 5509 2132 5567 Deut.v.
2211 5508 2290 5564 ’l'.
2314 5526 2369 5565 se
2392 5508 2583 5577 solum,
2607 5522 2678 5566 Ita
2711 5512 2971 5569 ms.Just.
3049 5512 3416 5579 ’pra'tendere.

1535 5580 1611 5615 δι’)
1662 5595 1693 5615 η
1749 5580 1800 5615 ’7-
1842 5580 2121 5615 Camn-[Inus
2327 5584 2537 5615 all-nil.
2603 5601 2733 5615 νισι-ι
2796 5584 2827 5615 ’Ζ
2925 5582 3113 5615 ῚΓηηιι
3172 5580 3303 5615 nn...
3362 5596 3395 5615 υ

1364 5580 1431 5630 [5.
1535 5580 1556 5610 ⁵
1579 5580 1631 5643 ‘2,
1662 5595 1716 5646 (ι.
1749 5580 1801 5635 7,
1836 5580 2173 5635 Sacerdote..
2327 5585 2346 5612 ⁸
2373 5584 2560 5638 Matth.
2602 5601 2756 5643 um.
2795 5584 2850 5638 5.
2925 5585 2974 5630 ⁷4

1364 5649 1405 5724 ¹ξ
1435 5647 1635 5701 Matth.‘
1670 5649 1903 5724 x;__Lty:.
1927 5663 2002 5724 γε.
2064 5652 2104 5682 ¹¹
2130 5668 2179 5707 c.
2222 5654 2281 5724 ειν
2316 5652 2447 5724 ch.
2482 5652 2544 5724 VS.
2588 5652 2881 5707 Benedicti.
2960 5654 2974 5682 ¹

1723 5691 1972 5790 ’λ’-ΡΜ.
2007 5737 2197 5788 χχχιιι,
2235 5723 2317 5781 l2.
2396 5691 2438 5755 θ’
2464 5723 2741 5790 Joan.xu,
2775 5724 2864 5780 35.
2960 5691 3174 5777 "‘VPSIII
3220 5691 3415 5787 ιιωῖι

1616 5788 1656 5820 ¹⁹
1729 5783 1994 5859 Recognit.
2032 5806 2104 5850 ιν.
2182 5783 2193 5788 ’
2728 5783 2739 5790 ⁷
2852 5801 2893 5807 ”
2932 5798 2962 5806 ”

2925 5585 2941 5613 ⁷
2967 5582 3134 5636 Cone.
3169 5580 3327 5635 Runl.
3362 5596 3415 5644 ν,

3026 5668 3147 5721 quo.
3230 5653 3269 5681 ¹³
3292 5671 3304 5699 ‹
3326 5666 3414 5719 ap.

2327 5585 2346 5612 ⁸
2373 5584 2560 5638 Matth.
2602 5601 2756 5643 um.
2795 5584 2850 5638 5.
