3896 6174
481 289 591 345 485

1303 286 1361 344 S.
1395 288 1792 344 CLEMENTIS
1828 289 1843 342 l
1884 289 2050 346 ROM.
2094 287 2294 342 PONT.
2338 286 2564 342 OPERA
2604 284 2828 339 DUBIA.
3653 281 3741 336 ιθι

482 419 591 475 que
621 402 980 474 permittitur,
1013 411 1068 457 et
1100 403 1204 457 boc
1228 403 1471 473 ipsorum
1503 412 1590 460 est
1637 405 1940 474 proprium.
1968 405 2069 461 De-
2099 415 2142 472 Α
2175 406 2293 460 sine
2328 404 2496 458 dubio
2540 410 2594 457 et
2632 405 2787 458 vacui
2827 403 2895 456 ab
2948 403 3203 473 operibus
3241 402 3401 457 bonis
3455 417 3746 473 pergemus

476 497 746 553 siderium
791 511 922 550 vero
953 496 1152 552 habere
1181 514 1309 568 erga
1343 498 1623 552 doctorem
1664 500 1932 564 veritatis,
1964 499 2068 554 hoc

455 573 507 657 fa
560 587 723 643 Patre
765 587 976 642 omlesti
1009 586 1270 642 donatum
1299 597 1400 645 est.
1437 589 1540 644 Sed
1572 593 1722 646 salus
1761 591 1816 644 in
1849 607 1915 646 eo
1959 601 2064 657 est,

457 639 537 751 {ut
568 680 906 734 voluntatem
954 680 1099 749 ejus,
1140 682 1300 751 cujus
1335 698 1578 738 amorem
1628 693 1681 739 et
1708 684 2062 751 desiderium,

453 745 596 852 {Deo
647 771 932 841 largiente,
963 775 1304 843 conceperis,
1329 774 1532 841 facias;
1568 792 1636 830 ne
1652 777 2064 832 dicatursermo

476 863 599 931 ejus
632 864 697 919 ad
729 880 852 928 nos,
883 881 1045 935 quem
1073 865 1215 921 idem
1240 867 1379 921 dixit
1407 886 1421 922 :
1458 868 1598 934 Quid
1621 880 1795 923 autem
1824 887 1903 923 me
1931 869 2065 924 dici-

483 957 574 1022 tis,
603 956 849 1020 Domine,
880 957 1122 1023 Domine,
1161 969 1210 1013 et
1243 975 1346 1014 non
1373 961 1554 1029 facitis
1587 979 1704 1032 qua:
1726 961 1846 1015 dico
1866 962 1947 1015 ὀἳ
1968 962 2063 1017 Est

476 1062 608 1116 ergo
642 1050 848 1118 proprii
891 1052 1157 1118 muneris,
1220 1060 1279 1108 ut
1333 1055 1714 1125 unusquisque
1757 1056 1847 1118 sit,
1901 1066 2063 1125 prout

478 1139 743 1198 Dominus
784 1152 974 1199 noster
1001 1144 1232 1208 dederit,
1260 1146 1536 1216 perfectus
1559 1147 1612 1200 in
1646 1147 1909 1209 Ecclesia,
1936 1149 2062 1201 mit-

475 1240 709 1303 telisque
746 1237 956 1290 semina
984 1235 1195 1302 divina,
1227 1247 1286 1292 ut
1312 1239 1378 1294 de
1411 1240 1590 1304 nobis,
1626 1256 1734 1293 non
1767 1241 2059 1310 praedictus

476 1339 682 1390 sermo,
715 1326 811 1380 sed
845 1328 934 1384 ille
963 1329 1200 1394 dicatur;
1229 1347 1390 1400 quem
1416 1332 1546 1385 alibi
1578 1332 1843 1387 Dominus
1874 1343 2060 1390 noster

472 1417 657 1471 dixit:
712 1417 866 1480 Ideo,
917 1421 1118 1491 inquit,
1161 1425 1331 1477 omnis
1368 1423 1544 1476 scriba
1586 1425 1771 1478 doctus
1804 1427 1860 1478 in
1903 1443 2058 1490 raquo

474 1508 748 1575 caelorum,
778 1513 975 1567 similis
999 1524 1077 1568 est
1110 1515 1308 1569 homini
1353 1517 1760 1585 patrifamilias,
1799 1520 1888 1588 qui
1929 1535 2056 1587 pro-

473 1601 576 1669 fert
599 1601 663 1656 de
686 1603 933 1658 thesauro
961 1623 1058 1660 sua
1082 1623 1212 1661 nova
1241 1619 1290 1662 et
1317 1618 1488 1663 vetera
1506 1611 1572 1664 “.
1612 1608 1805 1666 Nullus
1841 1614 2054 1681 ergo",

474 1693 674 1763 inquit,
711 1696 972 1767 impediat
1002 1701 1272 1760 ordinem.
1305 1711 1398 1756 aut
1430 1705 1608 1756 locum
1647 1712 1876 1773 occupet
1913 1705 2054 1758 irra-

471 1786 830 1855 tionabiliter,
850 1793 933 1846 vel
956 1801 1261 1863 temporum
1281 1803 1551 1864 permutet
1573 1798 1744 1862 vices;
1769 1802 1862 1852 sed
1884 1798 2060 1866 primo

470 1894 592 1947 qua:
621 1881 695 1936 sit
718 1881 936 1950 justitia
965 1885 1106 1954 ejus,
1148 1903 1270 1957 qua.-
1295 1889 1566 1952 Voluntas,
1602 1889 1967 1958 requiramus,
2002 1898 2061 1944 ut

472 1972 634 2027 bonis
664 1977 927 2044 operibus
949 1993 1013 2032 ac
1043 1978 1136 2034 Dei
1169 1982 1343 2051 gratia
1375 1983 1704 2052 repleantur.
1733 1980 1878 2036 Deus
1912 1984 2058 2038 enim

471 2062 562 2119 his
598 2067 691 2136 qui
729 2078 879 2125 recte
919 2074 1164 2127 sentiunt
1233 2084 1287 2128 ct
1335 2076 1476 2130 bona
1519 2084 1689 2144 agunt
1738 2083 2058 2145 prmstoesto

471 2159 733 2224 quoniam
768 2161 857 2216 hic
886 2165 1203 2220 manifestat
1234 2167 1497 2236 seipsum.
1530 2167 1665 2220 Nam
1697 2169 1744 2222 si
1776 2169 1902 2240 quis
1931 2171 2059 2224 velit

471 2248 793 2321 (antequam
824 2262 981 2312 actus
1025 2272 1159 2312 suos
1196 2259 1470 2330 emendet)
1515 2259 1583 2313 de
1619 2259 1705 2313 bis
1747 2260 2052 2330 requirere,

472 2353 594 2406 Quae
616 2359 725 2398 non
761 2354 939 2414 potest
968 2348 1233 2413 invenire,
1259 2352 1425 2404 stulta
1456 2358 1511 2404 ct
1540 2350 1782 2406 ineflicax
1809 2353 1914 2408 erit
1950 2353 2054 2406 hu-

468 2431 714 2501 jusmodi
759 2438 1063 2509 inquisitio.
1109 2439 1346 2512 Tempus
1394 2445 1538 2497 enim
1592 2443 1756 2499 breve
1778 2452 1963 2511 est,ct
1995 2447 2052 2500 in

465 2525 678 2595 judicio
702 2529 794 2585 Dei
813 2540 1091 2601 gestorum
1116 2549 1284 2591 causa
1309 2537 1506 2605 agitur,
1531 2549 1638 2591 non
1662 2538 2050 2606 quaestionum.

470 2616 706 2690 Ideoque
735 2631 862 2678 ante
890 2625 1073 2679 omnia
1123 2627 1226 2681 hoc
1270 2642 1602 2698 quaeramus,
1651 2629 1783 2699 quid
1827 2645 1929 2685 nos
1963 2640 2058 2685 aut

2170 496 2239 550 ad
2306 495 2500 561 Deum,
2546 497 2638 549 ubi
2679 496 2949 564 judicium
2994 512 3216 565 operum
3267 503 3582 549 nostrorum
3635 499 3742 553 tiet.

2171 589 2521 660 Unaquaeque
2549 591 2746 644 etenim
2777 604 2863 643 res
2886 603 3044 643 suum
3089 598 3299 656 tempus
3351 587 3512 641 habet
3561 592 3618 641 et
3668 588 3804 702 10-h

2339 683 2385 702 η
2427 680 2658 702 τμη---μ
2707 682 2792 702 ις,
2837 681 2988 702 .-_-__-
3051 680 3151 702 .--Α
3186 688 3397 702 .m___-
3433 687 3542 702 -_.-
3581 681 3715 702 _.-_=

2167 697 2313 737 cum.
2339 683 2385 713 ”
2426 680 2662 753 Operum
2707 682 2796 735 hic
2837 681 3012 742 locus,
3051 680 3153 733 hoc
3186 688 3401 748 tempus
3428 687 3546 746 est;
3581 681 3748 734 meri-

2167 781 2372 836 torum,
2407 775 2666 828 saeculum
2695 773 2956 828 futurum.
2985 772 3253 826 Curratur
3278 773 3444 841 igitur
3473 788 3574 841 per
3603 772 3747 826 viam

2163 867 2546 920 mandatorum
2579 865 2696 929 Dei,
2725 877 2777 920 ct
2807 881 2838 917 a
2867 867 3148 920 beatorum
3201 875 3600 935 praceptorum
3641 864 3750 918 Do-

2163 958 2298 1011 mini
2351 958 2642 1020 institutis,
2681 967 2735 1012 ct
2766 973 2796 1010 a
2835 957 3071 1028 Spiritus
3117 958 3290 1012 sancti
3332 957 3586 1011 doctrina
3637 972 3748 1010 non

2163 1049 2473 1104 recedatur.
2503 1050 2844 1120 Quapmpter
2871 1031 3227 1120 pratparanda
3258 1057 3385 1103 sunt
3428 1049 3600 1103 corda
3648 1065 3747 1103 no-

2163 1150 2276 1195 stra
2303 1157 2367 1196 ac
2394 1157 2648 1212 corpora,
2692 1151 2894 1197 sancta:
2928 1141 3308 1196 mandatorum
3337 1135 3456 1210 c.sz
3486 1156 3749 1214 suasum-

2161 1249 2269 1302 que
2316 1236 2702 1305 episcoporum
2769 1251 2833 1288 ac
2887 1234 3365 1303 praniicatorum“
3419 1232 3747 1287 obcdientia:

2162 1326 2498 1392 militatura,
2553 1336 2612 1380 ut
2655 1343 2767 1382 suae
2811 1329 2999 1396 gratim
3040 1326 3230 1395 jubcat
3277 1326 3434 1380 nobis
3474 1326 3745 1379 auxilium

2161 1421 2485 1483 ministrari,
2518 1429 2572 1474 et
2602 1421 2872 1490 fugientes
2895 1420 3156 1490 gehennae
3186 1434 3428 1489 pinnam,
3456 1418 3524 1472 ad
3573 1418 3743 1472 vitam

2159 1512 2440 1566 valeamus
2461 1527 2652 1566 omnes
2682 1514 2965 1581 pervenire
2996 1520 3278 1566 aeternam.

2230 1603 2276 1633 "
2303 1603 2426 1658 Haec
2457 1606 2663 1674 itaque,
2696 1604 2865 1658 frater
2897 1604 3226 1658 cliarissime
3271 1602 3495 1667 Jacobe,
3537 1603 3610 1657 ab
3649 1618 3742 1657 ore

2163 1699 2339 1751 sancti
2388 1693 2530 1750 Petri
2571 1697 2815 1764 jubentis
2870 1697 3076 1764 accepi,
3119 1695 3348 1764 tibique,
3388 1703 3446 1749 ut
3487 1695 3740 1765 optabas,

2093 1765 2446 1844 l3insinuare
2497 1789 2703 1854 studui,
2762 1797 2820 1842 ut
2877 1788 3087 1842 servari
3143 1790 3327 1840 omnia
3385 1786 3744 1841 immaculata

2162 1884 2469 1952 praecipias,
2509 1883 2638 1953 quia
2673 1881 3048 1936 ecclesiastica
3085 1895 3190 1934 non
3220 1889 3432 1951 oportet
3463 1881 3742 1950 negligen-

2158 1984 2261 2040 ter,
2294 1977 2388 2030 sed
2418 1977 2707 2046 diligenter
2734 1976 2937 2044 expleri
2971 1975 3210 2044 negotia.
3263 1973 3386 2028 Haec
3421 1990 3558 2044 ergo
3605 1990 3746 2044 prte-

2161 2077 2319 2139 ccpta
2368 2084 2530 2124 nemo
2579 2069 2766 2123 credat
2809 2069 3015 2138 absque
3051 2070 3136 2122 sui
3182 2067 3423 2138 periculo
3471 2068 3747 2138 negligere

2161 2162 2248 2216 vel
2281 2161 2653 2222 dissimulare,
2703 2159 2832 2230 quia
2878 2160 2932 2214 in
2967 2160 3179 2230 judicio
3225 2159 3319 2214 Dei
3365 2160 3509 2229 ignis
3552 2160 3744 2214 interni

2159 2259 2432 2308 tormenta
2462 2253 2791 2314 sustinebit,
2834 2254 2926 2322 qui
2966 2253 3340 2307 ecclesiastica
3386 2252 3612 2306 decreta
3653 2269 3748 2307 ne-

2159 2346 2406 2416 glexerit.
2439 2345 2542 2413 Qui
2565 2363 2696 2400 vero
2720 2354 2771 2400 te
2790 2345 3045 2409 audierit,
3071 2356 3133 2400 ut
3162 2345 3406 2414 jusserat
3429 2347 3688 2400 minister
3704 2346 3747 2376 “

2158 2437 2365 2494 Christi
2387 2439 2540 2502 lesu,
2573 2439 2799 2509 gloriam
2825 2438 3075 2508 accipiet.
3105 2437 3208 2504 Qui
3233 2447 3412 2492 autem
3439 2445 3492 2492 te
3512 2455 3626 2493 non
3651 2455 3747 2492 au-

2160 2532 2344 2597 dierit,
2375 2532 2485 2586 imo
2529 2531 2836 2600 loquentem
2889 2529 3174 2585 Dominum
3223 2547 3320 2601 per
3351 2538 3428 2596 te,
3473 2529 3595 2599 ipse
3644 2531 3746 2584 sibi

2157 2625 2561 2680 damnationem
2581 2623 2829 2694 accipiet.
2849 2623 3164 2679 Curandum
3179 2624 3222 2656 "
3245 2639 3375 2694 ergo
3389 2631 3444 2678 et
3459 2622 3748 2678 attenden-

469 2713 708 2780 qualiter
727 2731 889 2786 agere
915 2727 1182 2788 Oporteat,
1214 2730 1276 2775 ut
1304 2733 1564 2776 aeternam
1594 2724 1760 2776 vitam
1787 2724 2054 2793 consequi
2154 2721 2284 2774 dum
2313 2729 2396 2774 est
2425 2717 2584 2772 nobis
2612 2715 2893 2778 omnibus,
2912 2717 3056 2786 quod
3081 2717 3133 2772 in
3153 2725 3476 2786 perpetuum
3500 2717 3745 2786 expedit,

470 2817 804 2863 mereamur.
839 2807 974 2863 Nam
1017 2810 1064 2865 si
1096 2813 1350 2882 exiguum
1384 2813 1488 2866 hoc
1535 2822 1750 2884 tempus
1785 2815 1911 2868 vitae
1958 2831 2055 2884 per

471 2897 666 2953 inanes
693 2915 1028 2972 occupamus
1073 2913 1130 2958 et
1170 2905 1393 2960 inutiles
1445 2907 1802 2975 qumstioucs,
1854 2907 2051 2962 inanes

490 3071 1401 3099 Ἡ,

2155 2824 2215 2869 ut
2235 2812 2435 2868 Christi
2465 2809 2817 2881 passionibus
2845 2825 2940 2879 per
2981 2811 3298 2880 patientiam
3323 2810 3745 2880 participemus,

2157 2915 2326 2978 atque
2348 2905 2506 2976 regni
2539 2903 2665 2972 ejus
2707 2917 3015 2956 mereamur
3054 2917 3178 2960 esse
3204 2912 3514 2960 consortes.
3542 2904 3744 2958 Amen.

1647 3202 2234 3300 EPISTOLA
2271 3187 2318 3222 "
2414 3209 2549 3298 Il.

1472 3397 1580 3459 AD
1615 3400 1986 3463 JACOBUM
2033 3402 2425 3467 FRATREM
2467 3405 2788 3472 DOMINI.

1675 3563 1752 3617 De
1779 3565 2008 3619 sacratis
2037 3567 2267 3622 vestibus
2300 3579 2348 3622 et
2385 3571 2543 3624 vasis.

550 3832 799 3889 Crenas
849 3835 894 3866 "
933 3833 1194 3889 Romanae
1246 3833 1507 3890 Ecclesia
1567 3836 1805 3906 pracsul,
1853 3837 2053 3893 Jtcono
2081 3847 2122 3904 α
2155 3839 2284 3895 Jesu
2317 3838 2523 3895 Christi
2576 3840 2622 3896 si
2657 3842 2991 3915 negligenter
3035 3851 3310 3913 erogctur.
3358 3851 3412 3897 et
3451 3845 3742 3914 presbyter

476 3925 979 3996 llierosolymorum
1012 3927 1290 3998 episcopo.

548 4019 593 4051 '°
625 4018 920 4085 Quoniam,
954 4021 1096 4074 sicut
1120 4037 1150 4075 a
1180 4021 1340 4075 beato
1364 4021 1526 4077 Petro
1550 4023 1799 4092 apostolo
1831 4025 2050 4093 accepi-

476 4127 621 4176 mus,
653 4112 899 4167 onmium
933 4114 1307 4182 apostolorum
1338 4114 1520 4179 Patre,
1554 4116 1646 4183 qui
1685 4116 1868 4170 claves
1897 4117 2052 4186 regni

473 4203 723 4258 cmlestis
750 4205 982 4274 accepit,
1010 4204 1245 4274 qualiter
1272 4212 1458 4260 tenere
1487 4206 1748 4262 debemus
1774 4207 1840 4262 de
1869 4224 2053 4263 sacra-

472 4297 692 4359 mentis,
725 4311 846 4366 qua':
876 4303 1143 4366 geruntur
1178 4296 1232 4352 in
1276 4299 1506 4362 sanctis,
1541 4310 1591 4353 te
1628 4315 1694 4354 ex
1724 4300 1916 4356 ordine
1953 4316 2055 4356 nos

487 4387 632 4441 tecet
664 4387 958 4442 instruere.
996 4387 1038 4419 ’ί
1061 4387 1262 4443 Tribus
1292 4390 1437 4444 enim
1467 4391 1729 4461 gradibus
1759 4393 2054 4449 commissa

474 4489 606 4536 sunt
670 4488 1015 4536 sacramenta
1063 4481 1378 4537 divinorum
1433 4493 1811 4550 secretorum,
1865 4488 1917 4541 id
1971 4494 2056 4544 est

475 4572 819 4644 presbytero,
854 4573 1090 4628 diacono
1132 4583 1186 4629 et
1210 4574 1460 4630 ministro
1485 4576 1550 4644 ",
1583 4577 1676 4648 qui
1705 4592 1829 4631 cum
1859 4579 2057 4636 timore

475 4671 532 4718 et
577 4671 815 4718 tremore
875 4667 1235 4730 clericorum,
1301 4667 1562 4737 reliquias
1623 4667 2053 4738 fragmentorum

474 4757 726 4826 corporis
771 4757 1040 4814 Dominici
1083 4759 1364 4815 custodire
1399 4761 1634 4824 debent,
1677 4776 1748 4815 ne
1795 4777 1901 4831 qua
1946 4778 2051 4831 pu-

473 4849 634 4905 tredo
691 4851 748 4904 in
793 4853 1038 4906 sacrario
1091 4852 1402 4908 inveniatur
1453 4867 1522 4907 ne
1549 4867 1675 4906 cum
1719 4854 2054 4922 negligenter

476 4940 740 5011 agitur”,
766 4943 1003 5011 portioni
1038 4945 1285 5014 corporis
1323 4943 1536 4998 Domini
1575 4944 1759 5014 gravis
1785 4945 2054 4999 inferatur

476 5032 701 5103 injuria.
752 5034 1081 5089 Communia
1126 5037 1273 5090 enim
1317 5037 1565 5106 corporis
1614 5033 1827 5090 Domini
1878 5037 2052 5092 nostri

2163 3933 2376 3986 minora
2409 3947 2519 3985 non
2555 3940 2712 3986 curet
2743 3935 3040 3989 admonere
3077 3935 3282 3997 ollicia,
3315 3933 3467 4004 gravi
3510 3936 3742 3988 anathe-

2162 4031 2308 4078 male
2338 4025 2383 4055 ”
2412 4031 2466 4078 et
2491 4024 2653 4093 digna
2683 4025 3084 4080 humiliationis
3112 4027 3268 4095 plaga
3299 4024 3548 4080 feriatur.
3580 4026 3742 4080 Certe

2161 4121 2314 4168 tanta
2352 4116 2408 4169 in
2449 4115 2494 4146 ³⁸
2534 4116 2732 4169 altario
2778 4117 3099 4171 lioloc-austa
3146 4117 3477 4179 offerantur,
3529 4127 3742 4186 quanta

2160 4208 2366 4278 populo
2397 4207 2644 4263 sufﬁcere
2685 4207 2936 4264 debeant.
2979 4208 3134 4274 Quod
3177 4211 3221 4262 si
3259 4210 3654 4275 remanserint,
3687 4211 3742 4265 in

2161 4301 2466 4356 crastinum
2497 4300 2544 4331 ⁸⁸
2570 4316 2679 4354 ιιοη
2720 4308 3106 4363 reserventur,
3145 4299 3240 4353 sed
3290 4313 3414 4352 cum
3453 4299 3657 4354 timore
3690 4309 3744 4355 et

2159 4400 2419 4458 tremore,
2470 4394 2796 4448 clericorum
2846 4392 3124 4462 diligentia
3166 4401 3594 4446 consumantur.
3637 4391 3742 4457 Qui

2158 4493 2342 4540 autem
2383 4486 2601 4539 residua
2651 4485 2901 4553 corporis
2949 4483 3186 4548 Domini,
3223 4498 3344 4552 quae
3391 4481 3446 4535 in
3492 4486 3743 4537 sacrario

2157 4578 2347 4633 relicta
2383 4585 2532 4641 sunt,
2559 4577 2602 4608 ³⁷
2629 4581 2980 4640 consumunt,
3013 4590 3120 4628 non
3151 4575 3335 4629 statim
3380 4574 3448 4628 ad
3488 4589 3744 4628 commu-

2158 4685 2259 4725 nes
2314 4668 2663 4739 accipiendos
2716 4668 2872 4722 cibos
2926 4666 3290 4732 conveniant;
3345 4681 3413 4719 ne
3456 4665 3502 4697 ³⁸
3541 4674 3744 4736 putent

2159 4772 2362 4818 sancta:
2405 4761 2645 4831 portioni
2684 4760 3030 4814 commisceri
3063 4760 3267 4821 cibum,
3299 4760 3391 4828 qui
3425 4774 3524 4828 per
3565 4775 3743 4829 aqua-

2159 4856 2355 4910 liculos
2406 4853 2671 4925 digestus,
2724 4853 2779 4906 in
2833 4868 3114 4907 secessum
3169 4851 3432 4906 funditur.
3486 4850 3546 4905 Si
3608 4870 3743 4924 ergo

2157 4957 2319 4997 mane
2374 4941 2655 4996 Dominica
2695 4944 2872 5012 partio
2913 4943 3116 5003 editur,
3168 4955 3344 5010 usque
3396 4942 3466 4997 ad
3520 4953 3742 5000 sextam

2153 5035 2406 5106 jejunent
2456 5035 2695 5091 ministri
2741 5035 2835 5106 qui
2883 5049 3006 5090 eam
3047 5040 3536 5104 consumpserunt.
3588 5033 3657 5090 Et
3699 5041 3744 5092 si

552 5179 600 5254 :°_
633 5177 769 5234 Luc.
802 5179 996 5254 ιἰηιδ.
1058 5180 1155 5254 __"
1190 5178 1391 5254 Matth.
1415 5195 1539 5246 xm,
1562 5179 1653 5254 δῇ.
1685 5251 1713 5254 __
1770 5183 1814 5214 ”
1850 5180 2124 5254 Recognit.
2155 5182 2210 5236 2.
2250 5253 2255 5254 γ
2325 5182 2372 5213 ’³
2398 5179 2596 5254 Clean,
2635 5195 2722 5254 ep.
2755 5177 2810 5231 5.
2922 5176 2969 5208 ’δ
2995 5174 3144 5246 prtef.
3183 5174 3323 5254 Reg.
3361 5173 3418 5230 S.
3453 5174 3754 5254 .Benedicti

460 5251 506 5282 "
540 5250 740 5312 Clem»
768 5265 854 5319 ον.
887 5249 943 5303 2.
1056 5250 1102 5281 ’⁸
1136 5250 1283 5303 utilis
1315 5249 1441 5319 erit_
1466 5266 1536 5302 m.
1573 5249 1629 5304 J.
1673 5251 1735 5305 (ἰ.
1769 5261 1840 5307 et.
1961 5246 2013 5286 ’ἶ
2031 5253 2372 5307 currendum.
2485 5253 2529 5281 ³⁸
2562 5251 2616 5303 lu
2655 5246 2888 5319 alter-op
2921 5263 3053 5301 mss.
3093 5246 3344 5319 nostris,_
3376 5246 3468 5315 qui
3519 5258 3656 5319 sunt
3687 5264 3751 5298 ex

460 5315 926 5394 antiqui_ssit_tiis,_
966 5319 1185 5394 titulus_
1216 5329 1356 5394 est:
1414 5317 1556 5394 Item
1608 5323 1834 5394 epistola
1901 5335 2281 5394 praceptorum
2355 5321 2413 5375 S.
2477 5321 2762 5394 Clementis
2831 5315 3018 5394 P‘apm,
3059 5319 3246 5370 missa
3271 5388 3285 5394 _
3314 5317 3516 5394 lat-otio
3546 5387 3558 5394 _
3585 5318 3696 5394 [rat
3714 5317 3760 5366 ri

459 5387 697 5459 Domini.
764 5390 820 5444 ln
879 5391 1052 5444 altero
1096 5407 1109 5443 :
1154 5387 1354 5458 Incipit
1417 5392 1592 5459 prima
1638 5387 1711 5447 ‘8.
1777 5387 2079 5448 Clementis"
2125 5394 2351 5448 Romani
2413 5393 2482 5444 ad
2535 5390 2794 5443 Jacobnm
2847 5389 2910 5441 de
2963 5388 3308 5459 sacramentis
3352 5387 3628 5459 Ecclesia'.
3674 5388 3755 5439 lta

460 5458 816 5530 llarduinus,
877 5461 968 5530 qui
1023 5476 1090 5515 ex
1149 5454 1427 5530 prmdictis
1487 5461 1773 5517 codicibus
1837 5467 1939 5520 has
1999 5465 2276 5518 variantes
2339 5464 2601 5516 lectiones
2661 5460 3066 5512 :miniadvertit.
3134 5460 3222 5530 __”
3259 5457 3452 5524 (χι-ι.
3498 5454 3762 5530 Clemens

459 5527 660 5604 Jacobo
711 5525 1047 5604 charissima.
1149 5525 1204 5604 ’ξθ
1245 5529 1577 5604 De_consec.
1621 5534 1863 5588 distinct.
1905 5535 1975 5599 2,
2022 5535 2211 5588 Tribus
2253 5533 2523 5604 gradibus.
2635 5532 2676 5562 ³¹
2723 5531 2919 5604 llumb.
2961 5530 3082 5582 adv.
3125 5525 3390 5604 Nicetam.
3505 5529 3553 5604 ’ξ
3581 5528 3751 5604 ltypo-

462 5601 709 5675 diacono.
746 5662 760 5675 ὶ
787 5601 863 5675 _"
900 5598 1202 5675 Luc.__cod_.
1259 5601 1386 5675 legit
1427 5619 1441 5654 :
1483 5610 1532 5675 et
1589 5604 1635 5656 si
1690 5598 2009 5674 negligenter
2063 5598 2272 5675 agendo
2320 5607 2614 5672 portionem
2672 5602 2907 5670 corporis
2949 5607 3170 5675 (manus
3206 5599 3446 5675 antiqua
3486 5598 3642 5652 addit
3703 5606 3754 5650 ct

461 5662 998 5742 s_anguinis)ngini
1039 5669 1114 5724 Ν.
1155 5670 1211 5742 J.
1256 5662 1338 5724 (ῙΪ
1359 5671 1636 5742 pres_byter
1669 5662 1878 5728 minerva
1918 5693 2019 5730 non
2060 5662 2234 5738 curat,
2276 5662 2381 5729 etc.
2495 5675 2538 5705 ³⁸
2569 5662 2846 5742 percussus
2886 5662 2964 5724 ρι’
2991 5667 3221 5742 (ξηιυει.
3303 5662 3490 5742 Αξξρθ
3521 5682 3750 5742 consec.

461 5736 1006 5857 pgzgtict;h‘z';e3‘ribus
1033 5741 1308 5813 gradibus,
1342 5736 1427 5800 vel
1459 5736 1628 5798 Tanta
1660 5745 1732 5799 in.
1763 5745 1829 5802 Et
1862 5747 1914 5802 in
1945 5747 2154 5802 Decrct.
2188 5736 2296 5802 lvo.
2337 5747 2434 5802 lib.
2463 5760 2501 5800 ι.
2569 5736 2623 5774 ’⁸⁸
2653 5743 2754 5796 Ms.
2798 5741 2859 5795 In
2892 5740 3206 5797 crastinum.
3297 5739 3343 5818 _"
3380 5739 3612 5808 llumb.,
3652 5740 3750 5796 cit.

483 5819 604 5862 oco.
680 5819 724 5840 "‘
753 5825 862 5865 nec.
