3896 6174
209 289 315 345 485

1411 289 1774 348 EPI‘STOLE
1814 287 2291 347 DECRETALES.

3376 291 3482 346 480

207 403 373 461 tertia
405 405 492 460 vel
520 411 718 475 quarta
744 406 881 462 hora
899 411 1234 482 acceperint,
1253 410 1504 481 jejunent
1529 423 1706 480 usque
1730 405 1798 461 ad
1825 410 1872 470 Α
1900 413 2098 474 sceret,
2127 406 2174 463 si
2204 406 2444 462 mundus
2466 415 2615 463 esset
2639 422 2669 460 a
2699 405 2945 471 muliere,
2972 421 3096 463 cum
3125 421 3185 464 se
3214 409 3481 465 mundun.
3519 474 3524 483 ι

207 505 524 565 vesperam.
563 493 656 550 Sic
677 507 890 553 secreta
921 500 1357 556 sanctificatione
1378 509 1580 555 aeterna
1606 506 1798 555 custo-

205 587 413 641 dienda
456 595 588 642 sunt
629 597 992 646 sacramenta.
1029 591 1105 646 De
1134 593 1284 648 vasis
1318 607 1452 649 sane
1495 591 1672 647 sacris
1720 591 1800 644 ita

205 676 513 746 gerendum
556 684 642 735 est
673 693 688 731 :
722 679 928 736 Altaris
974 683 1146 752 palla,
1189 683 1452 738 cathedra
1487 683 1554 748 ”,
1586 682 1791 738 eande-

205 767 428 822 labrum
455 775 513 824 et
551 770 768 836 velum,
802 772 848 828 si
885 772 1092 838 fuerint
1135 781 1406 831 vetustate
1441 783 1794 844 consumpta,

203 858 466 914 incendio
496 858 713 929 dentur,
738 863 1000 932 quoniam
1031 879 1142 919 non
1181 865 1312 920 licet
1334 878 1398 918 ea
1423 880 1544 935 quze
1568 865 1622 918 in
1663 879 1795 918 san-

202 949 425 1004 ctus-rio
453 948 677 1019 fuerint,
703 953 846 1008 male
873 955 1120 1022 tractari,
1143 955 1238 1010 sed
1263 955 1515 1010 incendio
1538 954 1792 1008 universa

200 1039 531 1118 tradantur:
571 1043 804 1100 Cineres
847 1060 1069 1118 quoque
1123 1061 1314 1102 eorum
1359 1047 1415 1101 in
1469 1046 1795 1116 baptisterio

591 1135 684 1190 ubi
731 1106 917 1192 nullus
969 1106 1262 1193 fransitum
1309 1106 1558 1200 habeat;
1585 1143 1680 1190 aut
1734 1136 1792 1191 in

461 1201 560 1296 aint
599 1226 656 1282 in
710 1227 878 1284 fossis
907 1230 1346 1300 pavimentorum
1387 1229 1688 1298 jactentur,
1722 1245 1795 1284 ne

199 1286 611 1396 int‘roeu-ntium
655 1286 1321 1390 pedibus-inquinentur.
1376 1286 1547 1374 liiemo
1603 1334 1700 1389 per
1743 1318 1793 1350 ⁸ο

197 1397 579 1481 ignorantiam
612 1409 848 1465 clericus
878 1411 1022 1481 palla
1054 1419 1331 1466 mortuum
1373 1409 1564 1466 credat
1601 1409 1792 1464 obvol-

196 1479 484 1564 vendum:
522 1508 619 1556 aut
661 1501 927 1559 diaconus
978 1505 1236 1574 scapulas
1287 1504 1502 1574 operire
1542 1503 1675 1558 velit
1719 1503 1789 1566 ¹⁶¹,

195 1606 322 1660 quae
355 1590 462 1645 fuit
493 1593 549 1647 in
580 1594 760 1659 altari,
797 1602 891 1648 aut
926 1603 1076 1651 certe
1109 1612 1231 1666 quae
1255 1596 1382 1650 data
1419 1603 1506 1650 est
1545 1595 1608 1650 in
1635 1611 1791 1649 men-

195 1697 318 1736 sam
353 1686 402 1715 δ’
442 1683 679 1742 Domini.
704 1686 808 1752 Qui
848 1687 964 1743 haec
993 1688 1218 1754 fecerit,
1258 1689 1344 1744 vel
1394 1688 1589 1743 leviter
1627 1687 1786 1757 quasi

1898 506 2026 553 ante
2093 499 2337 553 triduum
2402 498 2794 568 profiteretur,
2849 514 3018 569 panes
3085 499 3480 569 propositionis

1896 592 2265 646 manducavit.

1964 681 2011 723 ⁸⁷
2050 683 2132 738 Ad
2165 683 2452 738 Dominiea
2480 691 2663 738 autem
2709 683 2973 754 mysteria
3008 682 3146 739 tales
3180 684 3476 755 eligantur,

1894 775 1941 809 ³⁸
1961 777 2056 847 qui
2087 784 2216 831 ante
2254 777 2662 831 ordinationem
2695 791 2853 831 suam
2898 777 3163 846 coniuges
3208 793 3338 832 suas
3368 793 3477 833 non

1893 868 2147 922 noverint
2175 867 2243 922 ⁸⁸.
2288 867 2447 933 Quod
2494 867 2545 923 si
2580 877 2704 938 post
2753 868 3190 933 ordinationem,
3220 870 3477 926 ministro

1894 958 2086 1014 altaris
2119 959 2417 1030 contigerit
2451 959 2738 1030 proprium
2760 958 3022 1014 invadere
3053 961 3234 1016 cubile
3263 963 3474 1026 uxoris,

1893 1051 2123 1104 sacrarii
2164 1067 2275 1106 non
2325 1052 2494 1106 intret
2541 1051 2753 1117 limina,
2798 1067 2900 1106 nec
2945 1052 3204 1108 sacrificii
3241 1055 3476 1124 portitor

1893 1140 2010 1208 fiat,
2040 1159 2144 1198 nec
2181 1145 2351 1199 altare
2380 1144 2680 1215 contingat,
2715 1160 2818 1200 nec
2843 1145 2912 1200 ab
2938 1145 3294 1203 offerentibus
3321 1149 3477 1204 holo-

1893 1235 2070 1290 eausti
2106 1235 2442 1290 oblationem
2467 1236 2755 1305 suscipiat,
2799 1251 2900 1292 nec
2939 1238 3004 1291 ad
3053 1237 3323 1294 Dominici
3352 1257 3476 1295 eor-

1893 1326 2044 1395 poris
2075 1327 2438 1396 portationem
2461 1326 2507 1357 ⁸ο
2543 1326 2790 1391 accedat,
2848 1343 2950 1382 nec
2978 1328 3020 1358 "
3059 1343 3256 1400 aquam
3288 1347 3474 1387 sacer-

1891 1416 2115 1472 dotibus
2164 1417 2408 1487 porrigat
2451 1417 2520 1471 ad
2573 1432 2793 1473 manus.
2842 1417 3000 1474 Ostia
3036 1420 3106 1450 ⁶¹·
3162 1420 3474 1478 forinsecus

1891 1509 2132 1574 claudat,
2166 1511 2381 1563 minora
2416 1518 2574 1580 gerat
2596 1509 2797 1574 oflicia,
2837 1527 3062 1566 urceum
3095 1512 3212 1568 sive
3239 1514 3473 1569 calicem

1891 1599 1961 1654 ad
1989 1602 2161 1656 altare
2213 1618 2324 1655 non
2358 1600 2585 1657 sufferat
2615 1603 2683 1657 ε’.
2715 1601 2772 1656 Si
2822 1602 2963 1658 forte
3011 1604 3284 1674 quispiam
3338 1621 3466 1676 pre-

1893 1695 2100 1765 sbyter,
2134 1694 2249 1749 sive
2277 1695 2567 1759 diaconus,
2601 1696 2829 1751 sacrarii
2857 1695 3142 1751 sindonem
3164 1698 3248 1753 vel
3263 1699 3465 1762 velum,

197 1774 342 1828 nihil
391 1781 447 1829 et
489 1776 832 1847 negligenter
879 1779 1134 1833 habuerit
1178 1779 1363 1834 divina
1409 1779 1671 1851 mysteria
1721 1778 1787 1842 “,
1821 1757 1863 1811 Β
1892 1757 2177 1842 subtracta
2208 1786 2537 1850 vendiderit,
2555 1757 2772 1841 “Juda-
2799 1785 3078 1844 lseariotis
3103 1788 3302 1844 similis
3326 1757 3472 1846 uasti;

193 1865 472 1922 diaconus
544 1869 806 1933 triennio,
863 1886 1068 1941 sexque
1112 1871 1397 1926 mensibus
1442 1886 1472 1924 a
1507 1870 1790 1925 Dominico

194 1960 421 2016 alienus
469 1962 578 2016 erit
629 1964 826 2030 altari,
873 1964 1030 2034 gravi
1069 1979 1368 2040 percussus
1414 1965 1786 2018 anathemate.

194 2054 360 2122 Quod
406 2056 455 2109 si
497 2056 759 2112 clericum
802 2059 1087 2128 presbyter
1136 2072 1246 2112 non
1293 2057 1691 2112 commonuerit
1718 2056 1787 2122 “,

192 2144 390 2201 decem
424 2147 586 2202 annis
609 2153 666 2202 et
694 2148 939 2219 quinque
968 2148 1250 2204 mensibus
1279 2148 1788 2203 excommunicatus

193 2239 306 2304 sit;
340 2247 634 2308 propterea
661 2239 812 2310 quod
839 2240 908 2296 de
938 2238 1242 2295 Dominicis
1273 2240 1634 2295 sacramentis
1661 2242 1788 2296 sub-

188 2330 340 2399 jecta
390 2329 496 2385 sibi
548 2345 660 2385 non
703 2330 1104 2387 commonuerit
1149 2330 1478 2395 ministeria,
1511 2341 1567 2386 et
1594 2340 1786 2401 postea

191 2435 326 2476 cum
357 2421 556 2492 grandi
609 2421 917 2478 humilitate
956 2422 1121 2477 matri
1171 2422 1560 2478 reconcilietur
1592 2423 1785 2480 Eccle-

193 2513 314 2570 siae.
348 2513 396 2545 “
422 2511 603 2569 Pallas
625 2528 758 2568 vero
790 2524 846 2570 et
879 2514 1036 2580 vela,
1069 2529 1190 2584 quae
1227 2514 1286 2568 in
1319 2517 1621 2570 sanctuarii
1659 2531 1785 2572 sor-

193 2605 386 2659 didata
422 2604 626 2661 fuerint
670 2606 999 2671 ministerio,
1054 2606 1274 2662 diaconi
1317 2622 1445 2661 cum
1487 2609 1789 2667 humilibus

193 2698 476 2753 ministris
514 2698 674 2768 juxta
705 2698 750 2730 “
780 2699 1087 2754 sacrarium
1116 2701 1330 2765 lavent,
1361 2717 1471 2756 non
1501 2703 1785 2771 ejicientes

193 2788 349 2844 foras
399 2805 431 2842 a
477 2791 723 2846 sacrario
764 2791 1038 2847 velamina
1089 2790 1385 2848 Dominicae
1428 2809 1666 2858 mensae,
1715 2811 1784 2852 ne

193 2881 339 2938 forte
365 2883 548 2953 pulvis
585 2882 858 2939 Dominici
888 2884 1140 2955 corporis
1184 2886 1329 2940 male
1356 2886 1574 2942 decidat
1603 2902 1634 2940 a
1668 2887 1786 2942 sin-

191 2973 342 3030 done
374 2974 510 3029 foris
537 2975 746 3040 abluta,
776 2982 832 3032 et
860 2976 969 3031 erit
1006 2976 1126 3030 haec
1162 2978 1412 3047 operanti
1442 2984 1728 3047 peccatum
1765 2998 1778 3033 :

1890 1880 2132 1934 mahitur
2173 1879 2238 1934 “.
2290 1880 2395 1945 Qui
2442 1888 2667 1962 propter
2721 1879 3077 1949 cupiditatem
3128 1881 3318 1937 fecerit
3363 1883 3474 1938 hoc

1889 1983 2051 2038 Opus,
2089 1970 2306 2025 noverit
2333 1985 2392 2025 se
2425 1970 2727 2040 supradicti
2755 1969 2910 2025 Judae
2952 1979 3338 2042 suscepturum
3358 1986 3473 2043 pm-

1889 2075 2018 2114 nam
2047 2060 2114 2116 ⁶⁸.
2137 2058 2386 2115 Clericus
2431 2075 2563 2116 vero
2604 2061 2756 2116 solus
2789 2061 2857 2116 ad
2898 2061 3112 2117 femina:
3140 2064 3472 2119 tabernacu-

1887 2153 2001 2208 lum
2034 2167 2142 2207 non
2182 2151 2430 2217 accedat,
2461 2167 2566 2207 nee
2596 2160 2874 2223 properet,
2917 2153 3038 2208 sine
3077 2154 3306 2224 majoris
3336 2165 3467 2210 natu

1887 2245 2158 2317 principis
2189 2245 2462 2314 jussione.
2492 2244 2536 2275 “
2566 2243 2676 2300 Nec
2700 2245 2985 2316 presbyter
3014 2247 3166 2301 solus
3191 2262 3316 2300 cum
3349 2247 3473 2304 sola.

1888 2335 2242 2406 adjungatur,
2289 2334 2385 2389 sed
2427 2333 2645 2389 duobus
2695 2333 2953 2388 adductis
2997 2334 3232 2390 testibus
3281 2335 3469 2390 visitet

1885 2428 2182 2482 infirmam.
2207 2425 2318 2482 Nec
2358 2426 2510 2482 solus
2551 2440 2676 2480 eum
2718 2424 2834 2480 sola
2867 2422 3070 2478 femina
3101 2422 3317 2480 fabulas
3355 2425 3462 2478 mi-

1888 2527 2058 2580 sceat.
2085 2521 2129 2554 "
2160 2519 2271 2574 Nec
2293 2517 2720 2573 archidiaconus
2758 2524 2854 2569 aut
2884 2515 3176 2581 diaconus,
3207 2517 3311 2571 sub
3332 2532 3468 2586 pra:-

1887 2622 2039 2670 textu
2093 2612 2255 2669 officii
2309 2611 2638 2667 humilitatis
2688 2610 2774 2674 -“,
2821 2609 3136 2678 frequenter
3187 2608 3463 2664 domicilia

1884 2718 2286 2773 matronarum,
2313 2715 2409 2761 aut
2441 2705 2583 2760 forte
2619 2719 2716 2773 per
2745 2703 2979 2758 clericos
3002 2708 3095 2755 aut
3129 2701 3468 2759 domesticos

1884 2808 2027 2877 ejus,
2054 2814 2319 2860 matronae
2343 2802 2603 2857 mandent
2629 2800 2826 2856 secreti
2855 2799 2899 2831 ‘°
2929 2797 3156 2869 aliquid.
3185 2797 3241 2853 Si
3272 2798 3466 2868 cogni-

1882 2909 2000 2956 tum
2036 2889 2224 2964 fuerit,
2271 2903 2328 2951 et
2382 2895 2472 2949 ille
2520 2893 2847 2962 deponatur,
2896 2898 2952 2946 et
2995 2890 3086 2944 illa
3114 2903 3147 2944 a
3181 2889 3466 2946 liminibus

1885 2999 2138 3047 arceatur
2167 2987 2442 3043 Ecclesiae.
2488 2983 2596 3039 Sed
2639 2983 2685 3038 si
2729 2981 2871 3037 forte
2913 2981 3093 3052 aliqua
3137 2981 3464 3037 intercessio

192 3063 406 3121 idcirco
444 3068 592 3122 intra
624 3068 929 3123 sacrarium
961 3068 1230 3124 ministris
1259 3069 1628 3140 praecipimus,
1663 3070 1777 3125 haec

1887 3083 2063 3150 fuerit,
2095 3081 2354 3152 episcopo
2377 3083 2718 3149 suggeratur.
2751 3073 2817 3127 Et
2847 3073 2891 3128 si
2921 3073 3048 3128 talis
3073 3079 3180 3134 est,
3208 3071 3275 3125 ad
3297 3086 3463 3141 quam

192 3167 392 3214 saneta
422 3161 465 3191 δ’
496 3173 624 3215 cum
651 3160 936 3230 diligentia
972 3159 1612 3232 custodire.Sanepelvis
1638 3179 1777 3217 nova

191 3260 570 3322 comparetur,
601 3260 656 3307 et
685 3261 880 3321 praeter
920 3252 1024 3306 hoc
1060 3252 1198 3306 nihil
1240 3253 1390 3308 aliud
1432 3262 1640 3324 tangat.
1673 3253 1780 3309 Sed

192 3357 304 3398 nec
333 3343 382 3374 ⁸⁸
428 3343 546 3414 ipsa
591 3343 766 3413 pelvis
798 3343 935 3398 velis
986 3350 1297 3413 apponatur
1347 3344 1632 3410 lavandis,
1673 3344 1779 3400 nisi

191 3450 321 3508 qua
345 3435 420 3490 ad
449 3434 723 3490 Dominici
753 3435 948 3489 altaris
977 3435 1510 3504 eultumpertinent.
1548 3435 1593 3467 “
1615 3435 1781 3491 Pallaa

192 3528 389 3582 altaris
418 3527 548 3581 solae
579 3526 636 3580 in
684 3540 749 3581 ea
777 3527 1054 3588 laventur,
1082 3533 1137 3582 et
1169 3525 1226 3580 in
1274 3526 1380 3580 alia
1427 3528 1546 3582 vela
1581 3527 1781 3598 janua-

193 3634 321 3676 rum
366 3621 437 3675 ⁸⁹.
495 3619 572 3676 De
611 3620 747 3675 velis
795 3627 977 3675 autem
1020 3619 1316 3690 januarum
1353 3619 1398 3652 ⁸¹
1437 3634 1571 3675 cura
1629 3623 1702 3676 sit
1732 3621 1778 3657 ³³

192 3712 442 3768 ostiariis
466 3726 536 3766 ex
582 3710 958 3766 admonitione
990 3710 1260 3780 majorum
1280 3749 1298 3775 ,
1328 3727 1400 3767 ne
1441 3712 1568 3781 quis
1600 3712 1776 3784 negli-

191 3820 331 3876 gens
356 3811 455 3858 aut
495 3805 722 3875 ignarus
774 3804 842 3859 ad
889 3803 1069 3858 velum
1114 3804 1299 3874 januae
1326 3802 1524 3859 domus
1564 3804 1780 3862 Domini

193 3910 399 3950 manus
449 3893 730 3950 incondite
771 3900 984 3965 tergat;
1030 3895 1129 3951 sed
1161 3895 1347 3949 statim
1372 3895 1648 3952 coercitus
1689 3897 1778 3952 di—

193 3996 317 4044 scat
344 3989 530 4044 omnis
561 3988 746 4050 homo.
771 3989 898 4060 quia
921 3988 1104 4044 velum
1152 3989 1282 4043 atrii
1333 3989 1530 4046 domus
1560 3988 1778 4046 Domini

193 4090 453 4138 sanetum
483 4089 588 4138 est.
622 4083 668 4114 ⁸³
697 4081 1054 4153 Praecipian
1083 4083 1248 4138 etiam
1289 4099 1361 4139 ne
1398 4085 1779 4140 excommuni-

193 4180 322 4227 cato
347 4173 397 4205 ”
427 4172 705 4238 Ecclesiae,
735 4173 853 4230 sive
882 4173 1043 4236 laico.
1081 4174 1152 4230 de
1193 4173 1514 4245 fragmentis
1545 4176 1779 4232 oblatio-

193 4280 329 4320 num
373 4265 595 4320 Domini
643 4272 881 4337 ponatur
918 4267 989 4321 ad
1039 4280 1308 4322 mensam.
1351 4265 1508 4323 Unde
1547 4269 1661 4324 seis
1694 4277 1776 4334 tu,

191 4354 291 4421 qui
343 4356 556 4426 passim
603 4356 832 4412 sacrarii
885 4356 933 4388 ”
976 4371 1146 4427 panes
1191 4357 1432 4428 indignis
1480 4357 1775 4428 impendis,

1883 3176 2074 3232 debeat
2104 3175 2187 3227 fre
2213 3171 2304 3241 pio
2331 3169 2378 3202 '°
2410 3169 2718 3222 interventu
2750 3165 2867 3234 ipse
2894 3170 3105 3235 pergat.
3134 3161 3231 3216 Sin
3253 3169 3462 3226 autem,

1882 3267 1949 3322 de
1980 3267 2149 3320 latere
2177 3278 2278 3317 suo
2302 3260 2522 3328 dirigat,
2556 3272 2683 3311 cum
2714 3256 2931 3310 duobus
2980 3260 3079 3307 aut
3125 3252 3337 3316 tribus,
3363 3249 3460 3322 qui

1880 3361 1987 3420 hoc
2017 3372 2215 3414 sanare
2243 3355 2475 3410 debeant
2513 3350 2582 3404 ⁷¹.
2619 3347 2762 3404 Sane
2792 3347 2860 3402 ad
2890 3344 3216 3401 visitandam
3260 3343 3459 3397 mulie-

1880 3467 1995 3507 rem
2025 3449 2296 3504 infirmam
2323 3444 2511 3498 nullus
2534 3440 2770 3496 clericus
2808 3433 3166 3508 ingrediatur,
3190 3433 3299 3488 nisi
3330 3446 3459 3486 eum

1878 3542 2096 3599 duobus
2117 3544 2212 3592 aut
2240 3536 2439 3590 tribus.
2472 3531 2644 3587 Nemo
2686 3537 2872 3584 tamen
2897 3526 3224 3582 clericorum
3252 3525 3301 3556 τ’
3330 3540 3456 3579 eum

1879 3641 2141 3690 extranea
2171 3628 2381 3684 habitet
2412 3625 2611 3680 femina
2643 3621 2710 3687 ",
2745 3620 2850 3676 nisi
2889 3618 3140 3690 proxima
3169 3623 3263 3672 aut
3299 3630 3459 3672 soror

1879 3724 2064 3781 fuerit.
2098 3720 2165 3775 Et
2204 3721 2311 3776 hoc
2357 3732 2483 3772 cum
2529 3727 2728 3784 magna
2769 3709 3140 3768 sollicitudine
3185 3708 3298 3762 fiat.
3335 3705 3458 3761 Non

1878 3816 2202 3887 ignoramus
2243 3807 2488 3866 malitias
2541 3803 2778 3858 Satanae.
2833 3799 3103 3856 Universa
3155 3796 3272 3852 haec
3329 3810 3457 3887 eum

1880 3883 2299 3963 mansuetudine
2343 3895 2721 3954 ecclesiastica
2766 3891 3092 3962 complenda
3131 3894 3260 3944 sunt
3289 3883 3458 3942 mini-

1880 3999 2069 4055 steria.
2109 3993 2396 4066 Negotium
2434 3989 2582 4045 enim
2626 3986 2724 4042 Dei
2769 3999 2880 4041 non
2916 3982 3074 4038 decet
3118 3981 3458 4050 negligenter

1879 4088 2112 4162 expleri.
2143 4085 2344 4141 lterum
2369 4089 2537 4152 atque
2582 4079 2779 4133 iterum
2821 4075 2889 4130 de
2919 4072 3241 4144 fragmentis
3271 4069 3459 4162 Domi-

1878 4159 1988 4234 nici
2033 4173 2280 4245 corporis
2323 4168 2737 4224 demandamus.
2771 4163 3008 4218 Calicem
3047 4175 3178 4216 vero
3221 4159 3288 4212 ad
3325 4174 3455 4228 per-

1879 4269 2162 4327 ferendum
2191 4261 2510 4334 sanguinem
2535 4255 2772 4318 Domini,
2797 4260 3160 4326 prteparatum
3189 4265 3316 4305 cum
3338 4255 3460 4303 tota

1878 4357 2146 4416 munditia
2219 4348 2542 4414 ministerii,
2591 4346 2841 4401 minister
2890 4346 3177 4414 praeparet,
3220 4353 3310 4402 ne,
3341 4352 3453 4391 non

191 4425 355 4502 unde,
371 4447 542 4512 nosti,
573 4448 620 4504 si
650 4463 681 4502 a
712 4425 1033 4505 mulieribus
1075 4449 1272 4505 mundi
1316 4425 1451 4504 sunt
1492 4425 1775 4522 lii—quibus
1806 4445 1851 4502 D
1881 4455 2019 4510 bene
2049 4449 2195 4503 lotus
2240 4443 2418 4510 calix,
2447 4440 2682 4496 diacono
2708 4440 2994 4505 peccatum
3040 4431 3134 4484 ﬁat
3177 4425 3450 4483 oﬂerenti.

190 4537 506 4609 impendis?
533 4538 674 4595 Hinc
701 4547 756 4596 et
779 4539 950 4595 David
979 4541 1050 4596 ab
1077 4541 1391 4597 Abimelech
1416 4540 1464 4573 ⁸⁸
1493 4543 1775 4599 sacerdote

191 4630 587 4704 interrogatus,
619 4648 745 4688 cum
807 4648 978 4704 panes
1010 4634 1116 4690 sibi
1139 4634 1209 4690 ad
1245 4633 1652 4691 comedendum
1677 4653 1777 4708 po-

1881 4544 1960 4600 lta
1987 4557 2112 4600 cum
2136 4537 2285 4594 omni
2316 4536 2632 4596 honestate,
2664 4535 2864 4583 cuncta
2911 4539 3033 4594 quae
3072 4536 3236 4592 supra
3282 4534 3453 4589 expo-_

1881 4637 2116 4694 suimus.
2155 4634 2370 4700 oportet
2412 4622 2645 4694 impleri.
2677 4619 2838 4674 Tales
2887 4617 2952 4672 ad
2998 4615 3048 4647 "
3085 4612 3452 4669 ministerium

259 4855 308 4888 ²¹
345 4852 622 4927 (anthera.
652 4851 728 4927 De
744 4869 964 4927 eonsec.
982 4855 1229 4927 distinet.
1250 4864 1272 4879 ‘
1297 4855 1538 4927 :Aftaris
1551 4858 1724 4927 palla.
1800 4863 1845 4895 ⁸ο
1861 4861 1932 4916 De
1946 4873 2165 4915 consec.
2181 4851 2465 4927 distinct._f
2491 4866 2504 4927 ξ
2529 4847 2695 4927 Nemo
2721 4861 2857 4927 pop
2907 4842 3306 4927 ξέοηξιένυον
3319 4857 3446 4927 Fall-

191 4927 250 4989 3,
267 4932 322 4978 et
335 4926 394 4986 5;
413 4924 619 4979 Autiss.
652 4926 741 4986 12,
769 4928 856 4982 l3.
933 4926 979 4957 υ
1001 4926 1104 4983 Ms.
1125 4927 1180 4980 in
1210 4935 1485 4992 mensa;at
1514 4924 1872 4987 Gratianusin
1887 4947 2138 4985 mensam.

191 4996 393 5068 nuerit,
427 5003 483 5068 et
515 4996 836 5068 ita‘rursum
874 5004 1119 5068 postea.“
1177 4996 1233 5068 δέ
1273 4995 1386 5068 lvo.
1419 5007 1561 5068 part.
1598 5015 1682 5058 ιιι.
1717 5016 1767 5056 e.
1803 5002 1930 5056 266.
2036 5002 2081 5030 “
2111 4999 2138 5051 ἢ

191 4996 393 5066 nuerit,
427 5003 483 5066 et
515 4996 586 5050 ita
619 5012 836 5066 rursum
874 5004 1081 5066 postea.

190 5065 302 5120 duo
333 5065 525 5120 verba.
599 5065 645 5097 ⁸⁸
666 5065 764 5120 Ms.
799 5065 925 5121 non.

190 5151 307 5192 sec.
338 5133 704 5208 distincti};
722 5137 910 5190 Tribus
943 5136 1216 5208 gradibus,
1252 5135 1491 5208 §V'I_'ianta
1514 5141 1588 5194 in.

181 5222 506 5274 Januarum.
583 5205 629 5236 ⁵⁸
661 5205 870 5261 Matisc.
902 5205 991 5269 Η,
1018 5222 1068 5262 c.
1105 5206 1158 5261 6.

1005 5066 1173 5140 “Ms,
1199 5066 1389 5140 ρςιιςς,
1417 5066 1470 5121 in
1499 5070 1606 5122 alia
1634 5071 1774 5139 pelve

1887 5079 2065 5132 .enmr,
2097 5083 2149 5126 ει
2176 5070 2249 5121 in.
2337 5066 2382 5140 ξθ
2407 5066 2620 5140 Alisunt
2651 5074 2680 5111 a
2714 5073 2763 5113 c.
2790 5066 3032 5140 dustelli:

1690 5124 2074 5198 "vMssetiani
2105 5124 2257 5191 cura
2314 5135 2403 5197 sit,
2431 5131 2642 5187 caeteris
2688 5129 2938 5198 omissis,
2993 5125 3060 5198 de
3086 5124 3228 5198 retis
3269 5134 3442 5198 autem

1265 5206 1312 5240 ⁵⁵
1330 5206 1429 5283 bis.
1463 5226 1525 5283 ne
1558 5226 1787 5283 unguam
1818 5220 2015 5266 extero.
2107 5208 2152 5239 ⁸⁸
2187 5218 2423 5283 sanctum

189 5277 336 5352 braca
391 5275 740 5330 Achimeleclt.
778 5347 789 5352 _
816 5277 858 5309 ⁸⁷
891 5277 1144 5352 Alite-riu
1174 5293 1307 5352 mss.
1337 5277 1501 5332 Harii.
1528 5288 1580 5333 et
1615 5279 1758 5336 Just.
1791 5299 1910 5352 qua:
1937 5285 2286 5352 reservantur
2313 5275 2483 5352 notis.

2217 4927 2262 4957 “
2289 4924 2388 4978 Ms.
2414 4921 2653 4975 [tabuerit
2683 4913 2996 4972 ministeria.
3071 4917 3117 4946 δ’
3140 4913 3239 4967 Ms.
3262 4914 3450 4968 admo-

2238 4997 2402 5040 intra-
2447 4998 2505 5040 ut
2537 5005 2684 5040 mox.
2796 4988 2840 5017 ’⁵⁷
2874 4985 2934 5039 In
2970 5001 3078 5040 ms.
3106 4985 3306 5038 absunt
3330 4985 3448 5039 ha‘e

2036 5002 2081 5030 “
2111 4998 2210 5053 Ms.
2238 4997 2402 5054 intra,
2447 4998 2505 5044 ut
2537 5005 2684 5044 mox.
2796 4997 2838 5017 "
2876 4997 2934 5039 In
2970 5001 3078 5040 ms.
3106 4997 3306 5038 absunt
3331 4997 3408 5037 ua'

2036 5087 2044 5098 -
2098 5083 2149 5108 ορ
2176 5070 2227 5108 επ
2337 5065 2382 5096 ⁵ο
2410 5062 2620 5108 Ahsunt
2651 5074 2679 5108 a
2714 5073 2763 5108 c.
2795 5054 3032 5108 Justelli.
3137 5055 3182 5085 “
3215 5052 3287 5108 De
3311 5071 3415 5108 con

2337 5065 2382 5096 ⁵⁰
2407 5062 2620 5115 Ahsunt
2651 5074 2680 5111 a
2714 5073 2763 5113 c.
2795 5054 3032 5111 Justelli.

2607 5199 2655 5230 “
2685 5197 2762 5251 lta
2786 5213 2891 5252 ms.
2923 5193 3302 5263 atVulgata,et
3336 5192 3444 5247 He-

2107 5208 2152 5239 II
2191 5225 2212 5239 ο
2222 5202 2481 5239 ηηρΐοιηνὸε

2187 5217 2504 5261 sanetuam.
2607 5217 2655 5230 ’ν
2687 5217 2762 5251 Ita
2786 5217 2891 5252 ms.
2923 5217 2979 5249 at
3004 5217 3302 5263 rurgata,t:t
3337 5217 3441 5247 ne-

2187 5285 2286 5329 ntur
2313 5274 2483 5330 notis.
2587 5270 2633 5301 "
2659 5267 2759 5322 Ms.
2787 5268 2876 5336 qui
2905 5275 3025 5319 ante
3058 5263 3441 5336 ordinationem

189 5346 442 5416 conjuge:
464 5363 586 5400 suas
615 5347 871 5402 noverint.
920 5348 964 5379 ⁶⁹
982 5347 1223 5408 Scilicet,
1241 5331 1507 5414 isi—semper
1528 5331 2093 5406 éon'u'ﬁéie'iib'iuéﬁrii.
2117 5348 2207 5401 Sic
2238 5347 2362 5414 legit
2384 5347 2527 5397 hunc
2549 5341 2731 5416 locum
2847 5338 3237 5416 interpretatur
3261 5331 3399 5385 llum
3423 5361 3436 5372 -

193 5403 390 5488 ῢεὴυὲ,
446 5417 763 5488 cardinalis,
794 5427 1033 5487 tempore
1054 5403 1251 5472 Leonis
1277 5417 1369 5484 ΙΧ,
1401 5403 1495 5474 lib.
1517 5403 2004 5477 contra'Nieetum.
2080 5403 2429 5488 "portionem
2459 5428 2508 5467 c.
2541 5405 2959 5488 .1ι]ς›ῐ.“¹⁵¹.δ‹εςίι
3113 5403 3438 5488 Iug-30.3.44"!

190 5469 532 5558 έᾶεέτᾴοιιρη
580 5469 1369 5558 porri‘g'atinniani—fgus‘jnostin:
1522 5469 2087 5546 EEiié'ad
2119 5469 2292 5558 artiore
2320 5492 2669 5558 suggeratuc:
2701 5477 2833 5532 Har.
2859 5473 3086 5558 et_Jus_t._
3149 5474 3195 5503 ⁸³
3224 5471 3267 5554 fl

189 5555 283 5620 25,
317 5555 389 5610 Ill
455 5555 614 5612 Brac.
649 5557 702 5612 3.

190 5625 785 5699 §ententia,_quoniam
815 5627 1046 5699 inferius
1073 5629 1358 5699 repetitur.
1434 5630 1476 5660 ⁸⁷
1509 5629 1715 5688 Turon.
1747 5631 1834 5697 fll,
1857 5633 1912 5698 2,
1947 5633 2000 5688 9.
2077 5629 2124 5662 “
2165 5623 2420 5682 humi—vel
2444 5623 2616 5699 ofﬁcii.

807 5557 851 5589 “'
879 5556 978 5612 Ms.
1025 5543 1155 5612 Inde
1188 5543 1380 5612 similis
1404 5543 2074 5624 sztiznabituriScarioth.
2148 5559 2194 5627 ‘f
2217 5543 2524 5627 Ηίρρίξϐε
2563 5553 2623 5627 Af“
2652 5550 2855 5627 ln__n_t_s.
2892 5545 3057 5627 deest
3069 5545 3184 5625 haec
3227 5543 3436 5627 integra

2700 5621 2744 5651 “
2771 5616 2871 5673 Ms.
2898 5615 3155 5670 secretim.
3227 5613 3276 5644 "
3318 5624 3434 5677 pro.

189 5694 237 5726 ’ί
265 5696 369 5778 ξδ’
412 5682 882 5778 ,είέδέα⁸-.³ε¹.³ἲαπςε.
914 5682 919 5684 ⁷
956 5696 1082 5778 1:!"
1114 5682 1231 5778 ’ὦδε
1281 5682 1452 5778 abest
1495 5682 1612 5760 v10;
1632 5682 1715 5761 Et?
1746 5682 2078 5761 rie'nrc'or'um.
2160 5700 2228 5778 _"'
2260 5682 2624 5771 Συνεισᾶἓιτῳ,
2647 5689 2717 5748 de
2761 5703 2870 5760 qua
2920 5699 3063 5756 saepe
3103 5684 3160 5740 in
3185 5682 3439 5739 conciliis

191 5775 246 5822 et
273 5765 555 5825 Patribus.
630 5769 676 5800 ’δ
700 5767 948 5825 Distinet.
981 5768 1052 5825 25
1084 5790 1096 5825 :
1132 5768 1173 5822 Τ
1178 5769 1285 5826 alet
1317 5771 1404 5826 ad.
