3896 6174
462 307 569 363 487

1349 306 1406 362 S.
1444 304 1837 361 CLEMENTIS
1872 308 1889 361 l
1927 305 2093 361 “OM.
2133 304 2338 363 ΡΟΝΤ.
2378 304 2604 360 OPERA
2654 307 2881 363 DUBIA.

3622 310 3723 367 ιερ

459 425 735 495 eligantur
757 420 968 485 clerici,
994 419 1087 489 qui
1120 419 1281 491 digne
1302 422 1514 492 possint
1535 419 1818 478 Dominica
1847 438 2036 480 sacra-
2065 430 2109 483 Α
2137 434 2446 479 convertar.
2478 422 2597 477 Non
2645 424 2872 493 requirit
2916 438 2945 476 a
2998 431 3049 478 te
3098 421 3241 478 Deus
3285 422 3593 492 pecuniam,
3624 426 3725 480 sed

460 524 645 571 menta
672 522 929 571 tractare.
965 513 1157 568 Melius
1188 522 1271 569 est
1302 514 1450 570 enim
1501 514 1715 569 Domini
1762 514 2035 569 sacerdoti

462 623 668 677 paucos
717 606 920 662 habere
956 607 1259 671 ministros,
1308 606 1403 676 qui
1455 608 1668 677 possint
1706 607 1869 677 digne
1898 623 2037 677 opus

459 698 555 754 Dei
581 714 860 764 exercere,
890 714 1054 769 quam
1081 699 1283 753 multos
1306 698 1551 764 inutiles,
1584 699 1677 769 qui
1704 714 1847 755 onus
1874 715 2037 771 grave

457 791 761 846 ordinatori
790 791 1085 846 adducant.
1118 791 1164 844 A
1192 791 1461 861 principio
1489 792 1735 860 epistola:
1762 807 1938 862 usque
1968 792 2035 847 ad

459 884 607 938 liunc
637 884 839 948 locum,
871 883 939 939 de
967 885 1329 939 sacramentis
1368 884 1611 954 delegavi
1640 884 1777 940 bene
1819 885 2037 940 intuen-

459 975 546 1031 dis
576 976 622 1007 ⁷⁵
654 991 669 1028 :
702 976 794 1030 ubi
834 990 943 1029 non
993 975 1230 1029 murium
1262 985 1505 1031 stercora
1548 976 1692 1031 inter
1732 976 2035 1047 fragmenta

458 1063 756 1120 Dominica:
782 1066 1051 1136 portionis
1077 1074 1392 1135 appareant,
1419 1080 1595 1136 neque
1624 1067 1671 1098 "
1693 1067 1907 1137 putrida
1940 1083 2036 1137 per

459 1158 842 1229 negligentiam
874 1168 1194 1213 remaneant
1229 1161 1586 1225 clericorum,
1620 1167 1675 1215 et
1702 1161 2035 1215 convenien-

457 1263 559 1310 tes.
593 1250 687 1322 qui
725 1252 975 1321 accipere
1011 1251 1115 1327 sibi
1166 1252 1494 1307 medicinam
1544 1251 1893 1315 desiderant,
1933 1268 2036 1322 pu-

456 1342 603 1396 trida
630 1357 755 1397 cum
786 1324 1042 1410 viderint,
1087 1344 1262 1413 magis
1293 1358 1419 1398 cum
1459 1342 1690 1398 ridiculo
1719 1350 1773 1397 et
1818 1342 2035 1398 fastidio

455 1436 747 1490 videantur
774 1437 1043 1505 accipere,
1077 1443 1131 1491 et
1161 1438 1214 1490 in
1248 1445 1531 1506 peccatum
1565 1436 1738 1505 magis
1780 1435 2036 1490 decidant

457 1543 554 1598 per
606 1528 991 1599 negligentiam
1046 1529 1395 1583 clericorum.
1457 1527 1801 1599 Quapropter
1873 1542 2035 1583 nemo

456 1621 788 1677 clericorum
818 1622 963 1676 ultra
1003 1621 1119 1676 haec
1145 1621 1489 1685 dissimulet,
1522 1632 1615 1677 aut
1644 1622 1919 1693 negligere
1950 1622 2035 1676 ul-

457 1712 673 1768 latenus
703 1712 920 1780 audeat,
956 1712 1049 1768 sed
1103 1713 1356 1775 libenter,
1390 1726 1513 1781 quae
1559 1712 1713 1780 jussa
1746 1720 1895 1777 sunt,
1936 1728 2035 1768 ex-

458 1803 624 1874 pleat,
658 1812 713 1859 et
740 1810 1086 1860 sacramenta
1108 1804 1291 1858 divina
1327 1818 1673 1873 nequaquam
1702 1805 2038 1876 negligenter

455 1903 781 1951 contrectat.
816 1895 1048 1966 Ideoque
1073 1902 1183 1949 tam
1206 1895 1437 1965 juvenes
1462 1910 1627 1965 quam
1654 1910 1815 1951 senes
1837 1896 1904 1950 de
1928 1895 2036 1963 bis,

455 1996 511 2044 et
537 1987 605 2043 de
648 1987 801 2042 omni
843 1988 1262 2043 conversatione
1300 2001 1434 2051 sua,
1469 1997 1525 2042 et
1572 1988 1954 2051 conversione,
1983 1995 2040 2041 et

458 2078 784 2148 ptenitentia
827 2078 987 2134 valde
1035 2094 1161 2134 esse
1213 2078 1483 2134 sollicitos
1526 2086 1762 2150 oportet,
1794 2079 2040 2149 satisque

458 2188 641 2244 agere,
671 2182 754 2238 ut,
788 2172 904 2226 haec
934 2171 1204 2243 condigne
1238 2179 1422 2242 agant,
1467 2182 1521 2228 et
1563 2174 1632 2227 de
1684 2173 1900 2243 reliquo
1947 2186 2040 2226 or-

458 2271 589 2317 nent
624 2269 736 2316 tam
772 2262 961 2317 clerici
990 2276 1155 2332 quam
1196 2262 1488 2317 saeculares
1528 2263 1741 2317 animas
1774 2278 1905 2318 suas
1949 2277 2041 2316 or-

459 2354 733 2410 namentis
755 2354 1121 2425 dignissimis,
1147 2353 1495 2424 dogmatibus
1531 2355 1742 2409 scilicet
1770 2355 2038 2419 veritatis,

457 2446 657 2502 decore
678 2445 971 2517 pudicitiae,
1010 2446 1299 2516 splendore
1327 2445 1575 2516 justitite,
1601 2447 1840 2501 candore
1868 2448 2041 2517 pieta-

459 2542 551 2606 tis,
583 2541 816 2609 aliisque
844 2538 1120 2603 omnibus,
1153 2538 1355 2609 quibus
1400 2540 1763 2609 compositam
1793 2540 1839 2570 "
1884 2539 2042 2594 decet

458 2646 582 2685 esse
609 2629 992 2685 rationabilem
1021 2636 1278 2684 mentem.
1305 2627 1442 2682 Tum
1471 2637 1735 2699 praeterea
1766 2629 2043 2685 declinare

460 2740 493 2777 a
522 2721 821 2777 consortiis
853 2719 1162 2773 inhonestis
1202 2726 1257 2773 et
1287 2718 1618 2785 inﬁdelibus,
1652 2728 1706 2775 et
1728 2721 2041 2777 ~societates

461 2815 666 2869 habere
698 2812 960 2873 fidelium,
987 2817 1151 2881 atque
1174 2811 1295 2867 illos
1326 2811 1675 2880 frequentare
1710 2822 2037 2879 conventus,

461 2907 518 2962 in
546 2906 748 2977 quibus
784 2905 850 2960 de
892 2905 1179 2977 pudicitia,
1212 2906 1279 2959 de
1323 2904 1559 2974 justitia,
1595 2904 1663 2959 de
1702 2907 1903 2975 pietate
1934 2913 2043 2961 tra-

461 3006 665 3053 ctatur.
711 2994 883 3052 Orare
914 3012 1132 3067 semper
1176 2994 1346 3051 Deum
1387 3011 1453 3051 ex
1500 3002 1617 3049 toto
1663 2996 1849 3061 corde,
1888 3004 1942 3053 et
1974 2999 2043 3053 ab

2138 516 2383 570 animum
2405 516 2811 571 misericordem
2834 524 2887 568 et
2914 516 3057 584 piam
3085 522 3341 569 mentem.
3365 513 3549 584 Neque
3569 515 3727 573 dives

2135 605 2550 660 conversionem
2583 620 2738 659 suam
2768 605 2981 659 differat
3014 620 3112 673 pro
3148 605 3519 659 sollicitudine
3550 621 3729 679 δῶσιν

2136 698 2259 761 lari,
2291 698 2422 752 dum
2452 700 2654 767 cogitat
2697 696 2973 767 quomodo
3015 696 3293 765 dispenset
3331 696 3728 750 abundantiam

2136 788 2375 861 frugum.
2418 789 2604 860 Neque
2650 789 2797 844 dicat
2841 789 2981 843 intra
3031 789 3425 857 semetipsum:
3468 787 3611 855 Quid
3644 787 3729 842 fa-

2134 883 2317 937 ciam?
2357 883 2451 938 ubi
2491 882 2783 937 recondam
2837 881 3049 937 fructus
3107 881 3294 935 meos?
3337 879 3525 950 Nequa.
3577 881 3732 936 dicat

2135 976 2331 1029 animae
2358 990 2499 1029 suae:
2525 973 2702 1028 Habes
2723 976 2891 1027 multa
2913 974 3048 1026 bona
3067 974 3301 1041 reposita
3323 976 3379 1027 in
3398 989 3567 1026 annos
3587 972 3732 1026 mul-

2137 1076 2216 1119 tos
2244 1104 2260 1131 ,
2283 1067 2496 1135 epulare
2524 1074 2575 1119 et
2606 1066 2808 1119 lauare.
2834 1064 2968 1118 Nam
3007 1064 3219 1119 dicetur
3249 1063 3300 1119 ei
3337 1082 3351 1118 :
3392 1062 3588 1126 Stulte,
3628 1064 3733 1117 hac

2134 1168 2284 1212 nocte
2310 1158 2582 1226 auferetur
2609 1157 2703 1211 abs
2740 1166 2788 1211 te
2828 1158 3007 1210 anima
3035 1167 3148 1222 tua,
3178 1166 3230 1211 et
3251 1173 3368 1227 quae
3401 1156 3613 1223 parasti
3640 1171 3733 1208 cu-

2127 1249 2222 1318 jus
2268 1250 2483 1303 erunt"
2514 1251 2537 1303 ?
2572 1248 2759 1320 Itaque
2788 1248 3009 1305 festinet
3032 1248 3099 1302 ad
3124 1249 3497 1319 ptenitentiam
3546 1248 3732 1302 omnis

2134 1349 2289 1404 tetas,
2336 1344 2517 1397 omnis
2578 1356 2743 1396 sexus
2791 1341 3079 1411 omnisque
3126 1338 3392 1403 conditio,
3452 1345 3512 1393 ut
3555 1339 3728 1392 vitam

2135 1442 2509 1504 consequatur
2541 1442 2823 1488 aeternam.
2856 1432 3092 1488 Juvenes
3122 1432 3341 1501 quidem
3366 1431 3447 1485 in
3486 1444 3555 1485 eo
3585 1429 3732 1500 grati

2135 1528 2269 1591 sint,
2321 1527 2467 1595 quod
2517 1527 2571 1579 in
2616 1526 2736 1595 ipso
2784 1526 2985 1593 impetu
3034 1524 3451 1587 desideriorum,
3483 1522 3730 1577 cervices

2136 1636 2267 1677 suas
2301 1620 2435 1689 jugo
2466 1618 2767 1688 subjiciunt
2810 1617 3135 1687 disciplinae.
3188 1616 3358 1670 Senes
3384 1622 3439 1669 et
3472 1614 3578 1683 ipsi
3609 1614 3729 1667 lau-

2138 1715 2367 1777 dabiles,
2427 1714 2555 1784 quia
2612 1712 2769 1767 multi
2817 1711 3081 1781 temporis
3133 1708 3620 1770 consuetudinem,
3674 1707 3731 1759 in

2069 1788 2110 1842 Β
2141 1824 2247 1879 qua
2280 1808 2422 1861 male
2443 1805 2699 1877 praeventi
2732 1812 2880 1866 sunt,
2911 1820 3007 1874 pro
3059 1802 3154 1858 Dei
3197 1816 3381 1855 amore
3404 1802 3449 1832 "
3480 1814 3731 1854 comnm-

2144 1908 2279 1955 tant.
2327 1899 2496 1954 Nemo
2542 1914 2673 1968 ergo
2714 1897 2948 1963 differat,
2980 1911 3141 1951 nemo
3189 1902 3502 1949 cunctetur.
3535 1890 3732 1958 "Quae

2144 1994 2289 2048 enim
2331 2006 2498 2046 causa
2533 1989 2829 2045 cunctandi
2861 1999 2947 2044 est
2987 1987 3053 2042 ad
3096 1988 3233 2041 bene
3267 1985 3575 2056 agendum?
3596 1984 3731 2037 Aui-

2144 2100 2267 2140 mus
2298 2083 2403 2139 sibi
2441 2083 2583 2138 male
2637 2082 2918 2145 conscius,
2954 2081 3083 2136 dum
3121 2079 3341 2133 videtur
3369 2077 3474 2131 sibi
3518 2076 3728 2130 nullam

2144 2194 2360 2251 pmnam
2395 2178 2529 2249 pati,
2562 2178 2738 2232 credit
2786 2176 2914 2245 quia
2967 2190 3075 2229 non
3131 2174 3341 2243 judiret
3424 2170 3726 2229 Dominus;

2145 2285 2269 2327 cum
2305 2270 2455 2323 abuti
2487 2267 2748 2338 patientia
2783 2265 2901 2327 Dei,
2926 2272 2980 2320 et
3019 2280 3129 2319 non
3162 2263 3467 2332 intelligere
3496 2274 3731 2329 parcen-

2147 2362 2218 2416 tis
2271 2359 2689 2430 benignitatem,
2712 2357 2828 2427 jam
2882 2355 2955 2410 sit
2997 2369 3195 2424 magna
3237 2350 3537 2406 damnatio.
3570 2346 3729 2401 Unde

2145 2454 2413 2523 scriptum
2446 2458 2571 2507 est:
2608 2449 2926 2505 Maledictus
2969 2448 3137 2501 omnis
3193 2446 3282 2516 qui
3336 2460 3466 2513 opus
3508 2439 3732 2496 Domini

2147 2546 2469 2615 negligenter
2501 2545 2609 2614 agit
2632 2542 2697 2597 ⁸⁸.
2757 2542 3105 2612 Quapropter
3163 2536 3459 2608 pasmralis
3512 2532 3731 2587 ordinis

2145 2643 2250 2697 est,
2296 2634 2714 2705 infatigabiliter
2768 2646 3045 2691 revocare,
3100 2626 3368 2698 quidquid
3424 2623 3493 2679 ad
3541 2638 3733 2678 corre-

2145 2728 2382 2781 ctionem
2433 2725 2783 2795 populorum,
2818 2724 2928 2777 imo
2968 2721 3142 2791 magis
3196 2718 3434 2773 filiorum
3469 2716 3734 2787 spiritua-

2148 2817 2282 2871 lium
2351 2824 2619 2886 quantum
2649 2824 2732 2869 est
2761 2812 2845 2867 fas
2882 2812 3207 2881 intelligere,
3256 2808 3579 2879 cognoverit
3607 2821 3734 2876 per-

2144 2910 2342 2974 tinere,
2366 2916 2422 2963 et
2448 2923 2582 2972 non,
2615 2906 2758 2976 quod
2797 2906 2969 2960 absit!
3011 2918 3138 2957 cum
3182 2917 3285 2958 suo
3319 2900 3564 2972 periculo
3593 2898 3733 2953 alie-

2148 3022 2231 3061 nae
2279 3005 2394 3075 spei
2451 3019 2549 3074 per
2580 3002 2751 3058 solam
2797 3000 3185 3070 negligentiam
3217 2997 3394 3051 facere
3428 2994 3733 3050 detrimeno

463 3091 587 3162 ipso
615 3097 800 3162 petere
849 3105 974 3161 quae
1014 3090 1206 3153 decet,
1239 3089 1342 3159 ipsi
1374 3088 1583 3159 gratias
1621 3104 1802 3159 agere,
1856 3107 2039 3146 veram
2070 3133 2112 3191 Ο
2149 3106 2287 3161 tum;
2322 3095 2417 3152 sed
2472 3095 2617 3166 quod
2670 3093 2735 3147 ad
2788 3092 3062 3163 generalis
3111 3089 3304 3146 salutis
3332 3094 3542 3158 spectat
3580 3100 3737 3141 com-

464 3182 862 3253 pmnitudinem
910 3197 1098 3253 gerere
1147 3182 1552 3252 praeteritorum
1598 3192 1909 3250 gestorum,
1942 3182 2045 3235 ali-

460 3275 787 3345 quantulum
829 3276 1017 3338 etiam,
1063 3274 1109 3329 si
1140 3275 1401 3345 possibile
1439 3286 1545 3340 est,
1594 3291 1691 3346 per
1730 3274 2046 3329 misericor-

461 3368 583 3422 dias
613 3381 911 3436 pauperum
939 3367 1134 3435 juvare
1164 3367 1573 3436 ptenitentiam.
1611 3367 1714 3422 Per
1755 3367 1869 3421 ham
1900 3369 2044 3421 enim

464 3456 677 3513 facilior
703 3458 861 3512 venia
892 3458 1133 3523 dabitur,
1164 3466 1217 3513 et
1248 3459 1548 3530 indulgenti
1593 3461 1758 3516 citius
1805 3461 2049 3531 indulge-

463 3549 632 3603 bitur.
658 3547 815 3615 Quod
866 3548 914 3603 si
963 3549 1324 3619 provectioris
1378 3552 1555 3606 a'tatis
1606 3552 1677 3606 sit
1732 3552 1811 3615 is,
1845 3553 1938 3619 qui
1978 3552 2044 3606 ad

465 3640 843 3711 paenitentiam
892 3640 1059 3703 venit,
1094 3658 1159 3697 eo
1211 3642 1384 3709 magis
1432 3643 1638 3712 gratias
1680 3658 1839 3714 agere
1885 3642 2045 3697 debet

466 3731 598 3795 Deo,
626 3731 770 3801 quod
800 3738 1089 3801 postquam
1120 3734 1242 3788 linis
1264 3733 1311 3764 ⁷⁸
1341 3741 1425 3788 est
1450 3735 1632 3789 omnis
1657 3734 1892 3804 impetus
1920 3749 2048 3787 con-

466 3821 822 3892 cupiscentia:
877 3823 1152 3887 carnalis,
1216 3824 1443 3878 scientia
1496 3825 1741 3879 veritatis
1796 3834 2042 3893 accepta,

466 3914 618 3968 nulla
646 3915 696 3967 ei
742 3914 989 3967 imminet
1025 3930 1205 3984 pugna
1239 3914 1577 3978 certaminis,
1614 3930 1709 3985 per
1740 3930 1926 3985 quam,
1961 3915 2047 3968 in-

467 4014 756 4075 surgentes
782 4005 1045 4061 adversus
1088 4008 1348 4069 animam,
1383 4007 1643 4076 reprimat
1669 4008 1917 4077 corporis
1948 4024 2045 4062 vo-

468 4097 711 4153 luntates
738 4097 806 4153 7’.
842 4094 1103 4167 Superest
1126 4112 1257 4166 ergo
1286 4098 1333 4152 ei
1367 4097 1422 4151 in
1455 4098 1732 4167 agnitione
1772 4099 2040 4162 veritatis,

466 4198 523 4245 et
556 4189 946 4244 misericordia:
976 4190 1235 4259 operibus
1284 4189 1553 4253 exerceri,
1598 4199 1658 4243 ut
1699 4190 1889 4243 ali‘crat
1930 4190 2046 4244 fru-

465 4291 592 4339 ctus
620 4284 815 4354 dignos
841 4283 1195 4353 paenitentiae.
1221 4282 1331 4339 Nec
1362 4292 1545 4354 putet,
1580 4285 1708 4353 quia
1738 4284 1792 4338 in
1833 4293 2044 4354 tempo-

465 4377 546 4432 ris
570 4376 912 4448 longitudine
941 4376 1327 4431 documentum
1369 4378 1747 4432 conversionis
1794 4377 2044 4432 ostendi-

2151 3187 2432 3259 pendium,
2464 3185 2673 3243 salubri
2706 3197 2934 3238 necesse
2988 3189 3073 3237 est
3117 3180 3405 3251 providere
3461 3184 3728 3233 tractatu.

2148 3280 2434 3334 "llomini
2484 3277 2744 3348 religioso
2797 3289 2993 3345 parum
3036 3288 3161 3328 esse
3208 3271 3369 3326 debet
3409 3268 3734 3324 inimicitias

2148 3372 2377 3427 aliorum
2435 3386 2545 3424 non
2596 3382 2880 3431 exercere,
2907 3366 2993 3421 vel
3036 3380 3147 3419 non
3199 3377 3398 3433 augere
3446 3361 3592 3415 male
3649 3360 3734 3414 lo-

2146 3463 2382 3535 quendo,
2417 3462 2525 3517 nisi
2560 3476 2654 3517 eas
2695 3460 2862 3515 etiam
2891 3456 3244 3525 exstinguere
3278 3454 3415 3509 bene
3450 3451 3733 3522 loquendo

2148 3553 2441 3610 studuerit.
2476 3552 2522 3584 ⁸⁸
2541 3551 2682 3605 Ecce
2712 3551 2830 3604 oris
2866 3546 3039 3602 nostri
3067 3546 3304 3600 buccina
3328 3542 3396 3597 ad
3427 3558 3595 3598 aures
3623 3542 3727 3597 bo-

2147 3643 2355 3698 minum
2408 3655 2793 3713 personamus,
2824 3654 3003 3708 neque
3036 3652 3098 3693 se
3127 3636 3390 3705 deinceps
3440 3634 3732 3691 excusabit

2145 3755 2254 3794 non
2286 3736 2580 3800 monitum,
2609 3735 2726 3800 qui,
2762 3733 2907 3803 quod
2952 3731 3108 3801 sequi
3141 3731 3355 3791 debeat,
3386 3740 3497 3783 tam
3543 3732 3731 3787 verbis

2145 3845 2309 3900 quam
2336 3827 2536 3882 litteris
2568 3826 2849 3881 edocetur.
2876 3824 2919 3856 "
2938 3822 3129 3887 Qualis
3165 3827 3346 3875 autem
3375 3820 3721 3874 condemna-

2147 3922 2247 3980 tio.
2278 3928 2332 3976 et
2354 3919 2535 3991 qualis
2576 3918 2828 3972 imminet
2859 3914 3178 3970 maledictio
3208 3914 3294 3967 bis
3328 3912 3420 3982 qui
3452 3913 3506 3965 in
3536 3920 3729 3981 patres

2147 4021 2402 4085 peccant,
2423 4012 2607 4066 divina
2631 4024 2732 4064 nos
2762 4008 2922 4062 docet
2951 4004 3258 4075 Scriptura.
3292 4002 3348 4058 Si
3379 4004 3525 4058 enim
3552 4003 3727 4057 Cham

2148 4106 2292 4161 lilius
2321 4103 2436 4158 Noe
2454 4103 2523 4167 ⁸⁸,
2556 4117 2680 4156 cum
2723 4101 2955 4155 vidisset
3004 4099 3210 4154 nudqu
3260 4113 3421 4152 suum
3485 4104 3727 4165 patrem,

2146 4197 2405 4269 quoniam
2437 4210 2547 4249 non
2576 4194 2860 4263 cooperuit
2889 4192 3063 4261 patris
3100 4189 3401 4259 corporalis
3424 4188 3471 4219 ⁸³
3501 4187 3729 4241 nudita-

2148 4296 2281 4349 tcm,
2315 4284 2411 4339 sed
2440 4298 2720 4354 egressus,
2752 4282 3024 4337 nuntiavit
3064 4296 3183 4335 eam
3234 4278 3521 4342 fratribus,
3548 4285 3606 4333 et
3651 4279 3731 4332 illi

2147 4379 2473 4433 vestimento
2512 4390 2638 4430 eum
2689 4381 3126 4444 coeperuerunt;
3155 4373 3273 4441 ipse
3301 4369 3519 4440 quidem
3552 4370 3730 4424 Cbam

464 4475 577 4532 tur,
607 4478 661 4523 et
681 4483 790 4522 non
821 4467 875 4522 in
906 4467 1213 4523 devotionis
1235 4483 1299 4521 ac
1327 4469 1591 4538 propositi
1628 4468 1901 4524 firmitate.
1936 4468 2045 4522 Deo
2070 4460 2123 4531 ὐ
2150 4476 2206 4523 et
2247 4468 2322 4520 illi
2359 4467 2450 4536 qui
2499 4482 2565 4520 ex
2610 4480 2678 4518 eo
2727 4465 2841 4518 nati
2887 4470 3037 4527 sunt,
3090 4464 3194 4517 sub
3244 4461 3537 4516 maledicto
3600 4460 3731 4516 facti

462 4560 609 4614 enim
648 4556 952 4613 manifestae
997 4565 1126 4612 sunt
1156 4566 1385 4621 mentes,
1412 4559 1541 4629 quia
1586 4574 1695 4613 non
1735 4568 2040 4629 temporum

461 4654 726 4713 rationem
752 4652 976 4724 colligit,
1011 4653 1105 4708 sed
1135 4654 1463 4709 animorum.
1499 4652 1616 4724 Ipse
1653 4655 1795 4710 enim
1828 4657 2041 4725 probat,

462 4740 508 4794 si
541 4740 683 4810 quis,
715 4742 897 4810 agnita
936 4743 1180 4797 veritatis
1228 4745 1632 4813 praidicatioue,
1675 4761 1783 4799 non
1809 4747 2041 4809 distulit,

462 4844 639 4897 neque
671 4835 885 4900 tempus
914 4831 1233 4902 negligendo
1260 4834 1601 4902 consumpsit
1630 4834 1695 4897 ⁸ο,
1729 4835 1823 4889 sed
1861 4837 2044 4889 statim

460 4932 535 4985 et,
566 4920 611 4975 si
654 4920 761 4976 dici
792 4930 991 4991 potest,
1036 4922 1225 4978 eodem
1276 4933 1553 4979 momento
1604 4926 1874 4993 pneterita
1922 4942 2045 4995 per—

463 5011 809 5075 horrescens,
839 5014 1146 5069 t'uturorum
1178 5015 1508 5070 desiderium
1534 5018 1696 5085 cepit,
1718 5025 1771 5071 et
1808 5016 1860 5069 in
1894 5032 2046 5070 arno-

462 5118 578 5158 rem
611 5105 764 5173 regni
794 5105 1034 5160 cmlestis
1068 5107 1292 5162 exarsit.
1333 5105 1566 5176 Propter
1604 5107 1746 5176 quod
1772 5122 1932 5162 nemo
1957 5125 2050 5162 ve-

461 5202 641 5251 strum
678 5196 821 5250 ultra
850 5196 1176 5261 dissimulet,
1226 5212 1324 5251 nec
1362 5206 1509 5251 retro
1540 5199 1817 5267 respiciat,
1852 5199 1946 5253 sed
1980 5198 2048 5253 ad

463 5283 815 5357 Evangelium
865 5287 1017 5356 regni
1070 5286 1160 5341 Dei
1217 5288 1445 5342 libenter
1492 5289 1737 5342 accedat.
1802 5286 1919 5342 Non
1966 5289 2051 5343 di-

464 5388 553 5434 cat
588 5396 834 5450 pauper:
869 5378 1043 5447 Quia,
1091 5395 1215 5435 cum
1264 5381 1416 5437 dives
1465 5381 1641 5436 factus
1690 5380 1867 5443 fuero,
1920 5389 2047 5435 tunc

533 5536 581 5569 "
617 5536 860 5608 tuendis.
964 5540 1009 5570 7“
1036 5537 1092 5593 S.
1147 5538 1308 5608 Greg.
1367 5539 1421 5592 in
1463 5537 1723 5592 lSacram.
1774 5552 1896 5608 cap.
1922 5536 2025 5608 _De
2058 5535 2172 5589 ord.
2212 5534 2545 5608 subdiaconi.

461 5604 857 5677 f’guoluptates.
934 5609 979 5639 ⁸ο
1010 5604 1341 5677 εοηιειηρὲἰι.
1419 5610 1461 5638 ⁸¹
1493 5608 1627 5661 Luc.
1655 5622 1753 5669 le,
1794 5604 1878 5666 l9.
1911 5606 2001 5661 20.

466 5673 589 5746 βξ.
666 5673 745 5709 ’δι
772 5676 972 5732 Jerem.
1001 5673 1225 5732 XLvmf
1265 5680 1311 5709 ³⁸
1364 5678 1617 5746 Prosper.
1653 5685 1793 5731 sent.
1851 5679 1975 5732 178.
2011 5677 2049 5730 C

2144 5684 2210 5730 tt.
2271 5692 2357 5745 ep.
2393 5676 2444 5746 l.

464 5742 511 5776 ⁸⁷
538 5742 793 5800 Justinia.
842 5747 909 5804 de
953 5748 1292 5821 5capitulis.
1370 5751 1414 5781 ⁸³
1446 5742 1579 5805 Gen.
1637 5763 1714 5803 ιχ.
1792 5749 1839 5781 ⁸³
1886 5747 2229 5815 corporalem.

2081 5608 2125 5637 ⁸³
2182 5609 2385 5661 timore.
2447 5605 2492 5636 ⁸³
2519 5605 2639 5672 Aug

2152 4571 2279 4617 sunt
2299 4579 2314 4628 ;
2333 4561 2424 4630 qui
2457 4566 2641 4614 autem
2659 4563 3087 4626 cooperuerunt,
3111 4569 3361 4624 magnam
3386 4552 3731 4607 benedictio-

2154 4670 2277 4709 nem
2323 4659 2680 4714 meruerunt;
2711 4650 2884 4703 multo
2922 4648 3096 4717 magis
3148 4647 3240 4701 isti
3293 4646 3503 4714 majore
3530 4652 3587 4700 et
3613 4660 3730 4699 am-

2152 4747 2325 4816 pliore
2362 4742 2819 4799 condemnatione
2859 4738 3009 4808 digiti
3050 4744 3180 4792 sunt
3226 4737 3318 4807 qui
3349 4734 3602 4805 patribus
3632 4736 3718 4792 ob-

2152 4836 2323 4898 viare,
2360 4842 2453 4888 aut
2475 4840 2667 4887 contra
2713 4846 2811 4887 eos
2837 4830 3124 4899 insurgere
3153 4828 3425 4889 nituntur,
3458 4833 3555 4880 aut
3586 4828 3719 4897 injuo

2152 4930 2289 4983 riam
2314 4927 2400 4981 vel
2450 4924 2837 4979 contumeliam
2868 4922 2949 4977 eis
2982 4920 3184 4974 inferre
3218 4918 3560 4985 moliuntur;
3596 4936 3731 4990 quo-

2153 5022 2300 5075 niam
2337 5018 2431 5087 qui
2464 5017 2545 5071 eis
2575 5015 2808 5075 resistit,
2843 5012 2956 5066 Deo
2993 5012 3231 5077 resistit,
3272 5019 3328 5065 et
3352 5012 3445 5081 qui
3479 5012 3562 5065 eis
3589 5012 3723 5080 inju-

2152 5111 2290 5163 riam
2318 5110 2401 5162 vel
2440 5105 2828 5162 contumeliam
2872 5104 3023 5167 facit,
3073 5103 3202 5165 Deo,
3237 5103 3399 5171 cujus
3455 5102 3726 5171 legatione

2154 5201 2479 5270 funguntur,
2515 5198 2646 5251 facit
2675 5216 2687 5251 :
2721 5196 2947 5265 Expavit
2978 5196 3161 5247 crrlum
3189 5210 3343 5260 super
3374 5194 3492 5256 hoc,
3525 5204 3576 5247 et
3610 5195 3728 5247 hor-

2152 5291 2259 5342 ruit
2292 5288 2521 5356 amplius
2547 5286 2890 5346 rehementer,
2916 5284 3044 5336 dicit
3084 5284 3341 5335 Dominus
3363 5283 3430 5335 9°.
3457 5280 3501 5337 Ο
3531 5283 3728 5337 intole-

2152 5381 2379 5435 rabilem
2420 5377 2849 5446 malignitatem!
2886 5392 2919 5430 ο
2966 5377 3209 5446 linguam
3264 5375 3581 5445 loquentem
3638 5374 3729 5427 ini-

2653 5534 2698 5565 "
2732 5544 3014 5602 comptam,
3045 5537 3118 5590 ita
3155 5547 3261 5602 ηιξ,
3364 5529 3411 5561 ⁷⁸
3493 5528 3730 5596 fractus.

2647 5646 2658 5657 .
2696 5604 2747 5655 in
2796 5600 2883 5658 Ps.
2922 5621 2995 5659 ix.
3025 5602 3165 5668 apud
3205 5600 3557 5668 Prosperum,
3585 5611 3729 5659 sent.

2330 5623 2385 5659 '6'.
2447 5620 2492 5636 "'
2519 5620 2658 5672 Aug.
2697 5620 2747 5655 ιη
2796 5620 2883 5658 γε.
2922 5621 2995 5659 IX.
3025 5620 3050 5653 ll
3098 5620 3165 5655 110
3205 5620 3557 5668 rrosperum,
3585 5620 3729 5659 sent.

2330 5695 2378 5782 to
2393 5676 2516 5801 tier
2548 5673 2684 5798 “"2.
2712 5674 2897 5739 Qumst
2968 5673 3019 5732 7;
3053 5620 3388 5737 Sacerdotes,
3423 5682 3474 5725 et
3515 5673 3730 5744 relicui.
