3896 6174
184 336 293 396 489

1395 324 1761 385 ΕΡιδΤΟιιΕ
1797 320 2268 379 DECRETALES.

3348 319 3453 373 490

184 452 453 523 quitatem
492 460 687 503 contra
730 444 920 511 Deum,
947 452 1001 499 et
1048 452 1289 499 mentem
1335 443 1390 496 in
1421 441 1769 495 altitudinem
1801 440 1848 497 Α
1875 438 2005 507 gite,
2036 444 2090 492 et
2112 435 2399 490 veritatem
2435 432 2605 487 corde
2632 433 2909 503 proterte,
2944 430 3205 500 quoniam
3246 431 3455 489 multos

183 559 359 597 cornu
401 536 788 596 extollentem!
820 535 887 591 Et
917 538 1112 591 iterum
1147 555 1161 590 :
1192 532 1427 604 Impone,
1463 535 1640 597 homo,
1667 541 1772 585 tute

183 636 379 704 lingua:
435 634 632 687 ostium
682 640 731 685 et
791 647 967 685 seram
987 630 1053 684 9‘.
1086 628 1314 684 Ccssa"
1338 629 1393 682 in
1418 626 1772 681 altitudinem

178 726 475 788 extollens,
507 731 561 779 et
596 726 833 793 loquens
881 721 1144 777 adversus
1191 722 1363 775 Deum
1420 720 1770 789 iniquitatem

178 826 233 872 ct
286 818 605 887 proximum
666 822 843 869 tuum.
896 811 1193 884 Quousque
1248 813 1486 868 insultas
1540 809 1770 879 patienti

176 906 408 961 Christo
470 912 526 960 et
584 903 888 959 fratribus?
953 904 1079 959 Haec
1130 919 1233 959 nos
1294 902 1623 958 familiarius
1672 902 1771 956 do-

176 997 366 1063 cebat,
413 1005 472 1052 et
526 996 645 1051 haec
692 996 856 1051 nobis
900 996 1266 1067 publicntus”
1300 994 1599 1066 praedictus
1651 1007 1770 1047 ma-

172 1090 354 1159 gister
443 1094 501 1142 et
574 1088 876 1143 instructor
961 1095 1124 1158 atque
1194 1087 1481 1142 ordinator
1556 1093 1767 1149 noster,

174 1183 447 1251 princeps
506 1180 877 1249 apostolorum
933 1178 1164 1241 Petrus,
1218 1181 1271 1233 in
1330 1178 1577 1233 Ecclesia
1632 1194 1770 1247 prae—

172 1274 426 1339 dicabat,
464 1274 775 1343 exemplum
828 1274 986 1335 dans,
1014 1278 1072 1326 ut
1106 1281 1159 1326 et
1188 1286 1289 1326 nos
1323 1268 1576 1326 similiter
1602 1270 1771 1325 facia-

174 1382 306 1422 mus
339 1382 356 1417 :
394 1365 799 1429 Humiliamini,
854 1366 1052 1434 inquit,
1104 1366 1160 1417 in
1206 1373 1487 1431 conspectu
1532 1362 1767 1427 Domini,

172 1468 225 1513 et
272 1452 557 1512 exaltabit
622 1455 798 1513 vos”.
821 1454 1004 1509 Nolite
1075 1454 1351 1508 detrahere
1429 1452 1767 1519 alterutrum,

172 1552 439 1620 quoniam
479 1550 569 1619 qui
602 1548 831 1603 detrahit
860 1549 1039 1617 fratri,
1080 1557 1173 1600 aut
1205 1549 1294 1618 qui
1315 1546 1526 1617 judicat
1551 1547 1771 1616 fratrem

174 1659 362 1703 suum,
422 1641 652 1694 detrahit
701 1642 821 1711 legi,
858 1649 907 1694 et
947 1639 1159 1709 judicat
1220 1639 1400 1709 legem.
1446 1638 1551 1705 Qui
1596 1648 1771 1693 autem

176 1734 390 1787 iudicat
450 1736 634 1803 legem,
684 1751 787 1787 non
853 1742 932 1787 est
979 1733 1153 1802 factor
1209 1732 1357 1802 legis,
1436 1731 1525 1785 sed
1578 1726 1767 1801 judex.

182 1825 337 1879 Unus
371 1837 451 1880 est
477 1828 616 1879 enim
646 1826 920 1897 legislator
942 1834 993 1879 et
1015 1824 1205 1893 judex,
1236 1824 1326 1893 qui
1355 1832 1524 1893 potest
1554 1822 1772 1891 perdere

174 1928 225 1971 et
260 1918 516 1972 liberare.
566 1917 645 1971 Tu
676 1927 860 1971 autem
906 1918 1021 1987 quis
1070 1932 1147 1980 es,
1202 1917 1293 1986 qui
1328 1916 1544 1985 judicas
1591 1917 1773 1986 proxi-

178 2026 329 2063 mum
350 2008 434 2066 ⁵³⁸.
461 2008 582 2065 Non
602 2017 837 2079 oportet.
869 2007 989 2062 Non
1023 2009 1267 2078 praecipit
1286 2024 1388 2064 nos
1412 2008 1659 2077 judicare
1689 2009 1774 2063 in-

176 2102 386 2164 vicem,
420 2100 518 2155 sed
547 2102 721 2171 magis
754 2101 1017 2155 auxilium
1049 2097 1268 2158 ferre."
1301 2098 1393 2154 Vae
1412 2101 1537 2164 erit,
1571 2101 1769 2171 inquit,

176 2194 268 2251 bis
300 2194 403 2262 qui
434 2194 636 2249 fratres
665 2195 953 2258 tribulant,
994 2204 1047 2248 et
1069 2193 1153 2251 eis
1183 2192 1278 2264 qui
1306 2209 1403 2250 eos
1431 2210 1773 2266 persequun-

176 2293 291 2341 tur.
332 2285 448 2341 Vos
480 2292 663 2340 autem
694 2298 900 2357 quanto
937 2286 1173 2355 amplius
1218 2286 1578 2353 tribulamini,
1620 2297 1771 2343 tanto

175 2378 539 2448 purgatiores
583 2388 750 2448 atque
794 2378 1071 2433 beatiores
1116 2377 1471 2444 efﬁciemini,
1506 2379 1553 2434 si
1586 2387 1769 2433 tamen

174 2472 301 2541 ipsa
346 2470 637 2525 tribulatio
694 2471 965 2541 patienter
1020 2470 1183 2527 fuerit
1230 2479 1571 2541 supportata.
1613 2472 1770 2538 Quod

174 2564 348 2618 etiam
380 2564 505 2634 ipse
528 2579 629 2619 nos
666 2563 931 2621 Dominus
963 2564 1190 2619 docuit:
1230 2564 1385 2619 Beati
1412 2565 1501 2634 qui
1528 2579 1773 2635 persecu-

180 2656 384 2710 tionem
412 2655 696 2724 patiuntur
715 2666 928 2725 propter
947 2657 1219 2726 justitiam
1235 2658 1299 2713 ".
1322 2656 1389 2712 Et
1415 2657 1544 2713 item
1569 2673 1583 2707 :
1617 2657 1771 2711 Beati

178 2749 353 2813 eritis,
387 2765 508 2801 cum
541 2766 628 2803 vos
659 2749 866 2804 oderint
892 2750 1149 2814 homines,
1178 2760 1227 2805 et
1254 2751 1511 2820 persecuti
1539 2767 1626 2805 vos
1655 2749 1771 2820 fue-

178 2840 315 2904 rint,
342 2849 396 2894 et
437 2840 683 2903 eiecerint
737 2858 923 2896 nomen
975 2852 1205 2897 vestrum
1247 2852 1500 2913 tanquam
1543 2842 1766 2899 malum.

183 2930 426 2987 Gaudete
456 2934 512 2987 in
535 2934 635 2987 illa
663 2933 748 2989 die
776 2944 826 2989 et
854 2937 1147 3000 exsultate,
1180 2938 1431 3007 quoniam
1469 2953 1664 2991 merces
1693 2953 1773 2992 ve-

180 3035 296 3080 stra
318 3026 498 3080 multa
531 3036 609 3080 est
632 3028 687 3081 in
717 3029 843 3081 cazlo
858 3027 926 3082 θ’.
960 3026 1114 3083 Unde
1149 3036 1203 3083 et
1248 3029 1365 3099 ipse
1408 3028 1487 3082 ait
1519 3048 1531 3082 :
1566 3028 1767 3099 Diliges

1804 1782 1847 1837 Β

1869 531 1984 600 jam
2015 527 2385 599 supplantavit
2415 525 2713 596 suspieio'.
2747 524 3084 578 Charitatem
3120 538 3336 592 semper
3365 523 3458 579 div

1874 622 2059 691 ligile.
2091 629 2146 675 et
2174 616 2375 673 fratres
2418 618 2694 683 adiuvate.
2738 615 2915 670 Erunt
2953 616 3100 668 enim
3137 616 3298 685 quasi
3341 632 3456 672 non

1874 725 1984 770 sm’t
2028 725 2084 770 et
2120 709 2379 784 peribunt
2416 713 2522 766 vin
2546 711 2640 780 qui
2670 707 3061 764 contradicunt
3091 710 3266 764 vobis.
3302 703 3458 767 Unde

1872 816 1927 863 et
1951 803 2218 862 Dominus
2241 808 2316 860 ait
2348 819 2363 857 :
2399 802 2504 871 Qui
2526 821 2613 858 vos
2654 804 2828 864 audit,
2856 820 2937 856 me
2966 813 3154 863 audit;
3185 818 3235 856 et
3252 820 3341 873 qui
3366 821 3457 860 vos

1872 902 2091 968 spernit,
2122 917 2203 953 me
2229 900 2427 969 spernit
2443 915 2461 961 ;
2478 908 2526 952 et
2542 899 2632 973 qui
2663 898 2859 959 spernit
2882 913 2982 960 me,
3007 901 3205 965 spernit
3232 915 3348 951 eum
3365 898 3463 969 qui

1873 1009 1955 1047 me
1993 993 2195 1048 misit’.
2220 992 2287 1045 Ει
2318 992 2447 1047 item
2484 991 2623 1057 :Qui
2646 990 2785 1044 enim
2809 1006 2913 1043 non
2931 998 3010 1043 est
3041 989 3319 1044 adversum
3342 1007 3455 1057 vos,

1870 1101 1964 1154 pro
1994 1085 2135 1140 vobis
2164 1096 2261 1138 est.
2298 1084 2549 1154 Quisquis
2587 1084 2722 1136 enim
2748 1091 2928 1151 potum
2954 1081 3155 1135 dederit
3199 1084 3339 1137 vobis
3366 1100 3459 1138 ca-

1873 1178 2025 1232 licem
2052 1195 2203 1248 aqua:
2233 1179 2285 1231 in
2319 1178 2530 1230 nomine
2572 1192 2708 1240 meo,
2744 1176 2869 1245 quia
2894 1172 3095 1229 Christi
3122 1177 3270 1239 estis,
3304 1194 3457 1231 amen

1873 1268 1989 1326 dico
2007 1266 2171 1334 vobis,
2201 1287 2303 1324 non
2326 1270 2503 1339 perdet
2527 1268 2810 1321 mercedem
2834 1284 3004 1326 suam.
3034 1264 3099 1320 Et
3120 1270 3208 1337 qui
3229 1265 3459 1321 scanda-

1875 1365 2110 1418 lizaverit
2141 1377 2303 1416 unum
2335 1378 2398 1416 ea:
2431 1360 2509 1415 his
2529 1361 2741 1429 pusillis
2773 1359 3104 1413 credentibus
3136 1360 3188 1413 in
3232 1377 3331 1426 me,
3366 1360 3458 1413 bo-

1874 1474 1999 1511 num
2045 1465 2121 1510 est
2163 1454 2212 1510 ei
2257 1456 2446 1524 magis,
2492 1457 2539 1508 si
2587 1452 3004 1507 circumdaretur
3044 1452 3185 1505 mola
3216 1454 3459 1507 asinaria

1874 1549 2009 1607 collo
2032 1549 2169 1619 ejus,
2199 1558 2248 1603 et
2276 1551 2329 1602 in
2359 1564 2503 1601 mare
2536 1549 2851 1601 mitteretur.
2879 1542 2948 1599 Et
2982 1546 3029 1599 si
3058 1544 3457 1600 scandalizare-

1874 1645 1942 1696 rit
1970 1653 2017 1695 te
2048 1659 2237 1695 manus
2269 1650 2381 1705 tua,
2417 1640 2663 1693 abscinde
2702 1640 2872 1692 illum.
2896 1638 3101 1692 Bonum
3124 1648 3199 1691 est
3233 1637 3328 1691 tibi
3366 1640 3459 1693 de-

1876 1733 2031 1787 bilem
2051 1734 2271 1787 introire
2292 1734 2349 1787 in
2381 1734 2560 1795 vitam,
2584 1748 2743 1803 quam
2774 1730 2911 1785 duas
2954 1747 3144 1784 manus
3175 1728 3450 1785 habentem

1878 1826 1954 1880 ire
1976 1825 2030 1879 in
2050 1825 2358 1897 gehennam,
2394 1824 2449 1879 in
2477 1825 2648 1893 ignem
2685 1823 3186 1893 inexstinguibilem,
3224 1824 3313 1876 ubi
3346 1841 3459 1879 vcr-

1878 1922 1978 1972 mis
2009 1931 2190 1972 eorum
2213 1935 2317 1972 non
2337 1918 2584 1981 moritur,
2611 1926 2659 1970 et
2687 1918 2824 1987 ignis
2856 1933 2959 1970 non
2980 1914 3352 1987 exstinguitur.
3390 1916 3458 1971 Et

1876 2012 1925 2065 si
1950 2026 2037 2080 pes
2060 2019 2181 2064 tuus
2207 2010 2541 2064 scandalizat
2572 2019 2642 2073 te,
2674 2015 2893 2077 amputa
2934 2008 3106 2064 illum.
3148 2007 3353 2062 Bonum
3380 2018 3457 2062 est

1879 2104 1996 2168 tibi,
2021 2104 2271 2158 claudum
2293 2102 2517 2157 introire
2546 2103 2602 2156 in
2631 2104 2792 2156 vitam
2832 2110 3105 2164 a'ternam,
3138 2117 3296 2171 quam
3325 2099 3457 2153 duos

1875 2195 2029 2265 pedes
2056 2195 2349 2261 habentem,
2376 2196 2515 2249 mitti
2545 2196 2600 2248 in
2630 2194 2918 2266 gehennam
2946 2194 3083 2264 ignis
3107 2192 3459 2264 inexstingni-

1877 2288 2020 2353 bilis,
2046 2287 2136 2342 ubi
2156 2290 2344 2344 vermis
2363 2305 2543 2343 eorum
2568 2306 2672 2342 non
2700 2288 2944 2349 moritur,
2964 2297 3013 2340 et
3043 2284 3179 2355 ignis
3211 2303 3313 2340 non
3345 2302 3461 2340 ers-

1877 2382 2155 2451 tinguitur.
2203 2381 2356 2448 Quod
2377 2382 2424 2435 si
2453 2382 2636 2434 oculus
2667 2389 2786 2434 tuus
2834 2379 3169 2433 scandalizat
3220 2391 3288 2439 te,
3331 2380 3460 2445 ejics

1874 2493 2013 2530 eum.
2056 2474 2263 2529 Bonum
2300 2484 2379 2529 est
2414 2474 2509 2529 tibi
2524 2474 2729 2529 luscum
2762 2472 2983 2527 introire
3012 2472 3066 2526 in
3094 2486 3309 2543 regnum
3336 2471 3456 2536 Dei,

1874 2584 2032 2638 quam
2099 2569 2231 2622 duos
2293 2568 2473 2622 oculos
2544 2566 2816 2621 habentem
2872 2565 3011 2619 mitti
3066 2563 3119 2619 in
3170 2562 3456 2636 gehennam

1875 2661 2035 2733 ignis,
2094 2664 2185 2715 ubi
2237 2663 2424 2716 vermis
2470 2676 2651 2715 eorum
2686 2673 2787 2713 non
2820 2657 3065 2721 moritur,
3118 2671 3165 2710 et
3198 2657 3330 2726 ignis
3356 2671 3460 2710 non

1874 2758 2245 2828 exstinguitur.
2292 2755 2478 2811 Omnis
2539 2754 2678 2809 enim
2723 2754 2875 2807 homo
2922 2752 3038 2821 igne
3091 2750 3335 2814 satietur,
3409 2758 3461 2803 et

1876 2852 2047 2905 omnis
2078 2850 2292 2904 victima
2325 2848 2551 2903 salietur
2566 2846 2608 2901 ".
2642 2847 2848 2901 Bonum
2873 2854 2950 2898 est
2981 2843 3064 2896 sal
3092 2841 3267 2905 :quod
3302 2843 3349 2896 si
3376 2841 3461 2896 sal

1875 2942 2139 2997 insulsum
2167 2942 2348 3012 fuerit,
2380 2941 2437 2993 in
2475 2957 2576 3011 quo
2639 2938 2774 2992 illud
2803 2937 3003 2991 salictis
3024 2938 3047 2991 ?
3068 2935 3269 2988 Habete
3301 2934 3383 2987 sal
3403 2934 3461 2987 in

1876 3036 2041 3099 vobis,
2073 3045 2122 3090 et
2143 3050 2322 3104 pacem
2342 3032 2526 3087 habete
2566 3032 2706 3085 inter
2737 3047 2824 3085 vos
2844 3032 2863 3063 ⁸
2886 3047 2900 3094 ;
2926 3028 3054 3098 quia
3086 3028 3334 3096 quisquis
3368 3040 3450 3078 ve-

181 3118 477 3173 Dominum
511 3118 678 3173 Deum
719 3128 865 3172 tuum
887 3136 951 3173 ea:
988 3129 1094 3175 toto
1137 3121 1292 3175 corde
1324 3131 1434 3189 tuo,
1466 3131 1516 3175 et
1554 3137 1618 3176 ea:
1660 3132 1772 3177 tota
1800 3143 1841 3199 (ς
1875 3135 2049 3183 strum
2076 3138 2224 3183 recte
2254 3125 2529 3190 docuerit,
2566 3132 2620 3179 et
2650 3124 2801 3192 juste
2840 3121 3058 3183 vixerit,
3090 3119 3309 3173 habebit
3342 3118 3461 3187 gina

182 3214 369 3265 anima
396 3222 510 3277 tua,
540 3224 590 3265 et
619 3229 682 3266 ea:
707 3215 828 3267 totis
859 3213 1056 3269 viribus
1083 3216 1207 3279 tuis,
1231 3225 1280 3268 et
1301 3217 1601 3283 proximum
1625 3225 1769 3269 tuum

185 3304 324 3357 sicut
364 3302 699 3372 teipsum’".
732 3304 851 3360 Non
885 3308 1030 3362 enim
1054 3347 1069 3372 ,
1129 3308 1341 3378 inquit,
1400 3317 1548 3365 recte
1597 3310 1773 3380 diligit

188 3393 387 3459 Deum,
415 3396 508 3464 qui
528 3395 751 3451 fratrem
780 3398 1121 3470 insequitur:
1145 3417 1246 3456 nec
1267 3402 1444 3473 diligit
1464 3405 1771 3473 proximum

184 3486 282 3558 qui
311 3488 364 3542 ei
397 3487 669 3552 detrahit,
710 3490 797 3545 vel
828 3493 921 3561 qui
964 3493 1117 3546 illum
1158 3503 1416 3561 accusat;
1455 3498 1584 3566 quia
1629 3497 1772 3566 quod

186 3581 291 3635 sibi
318 3581 448 3650 quis
481 3580 599 3635 ﬁeri
629 3598 738 3637 non
768 3585 905 3646 vult,
942 3586 1046 3641 hoc
1069 3586 1225 3642 alteri
1256 3589 1572 3645 nullatenus
1594 3589 1776 3646 facere

186 3672 373 3727 debet.
412 3672 636 3737 Discite,
670 3674 866 3745 inquit,
897 3676 991 3730 ﬁlii
1031 3678 1514 3748 mei.sapientiam,
1546 3691 1600 3736 et
1631 3690 1777 3737 tene-

187 3771 304 3818 tote
316 3763 480 3818 ﬁdem
495 3773 723 3830 rectam,
741 3776 795 3822 et
811 3768 1201 3836 amplectimini
1219 3771 1565 3838 charitatem,
1584 3783 1641 3829 ut
1666 3790 1775 3830 non

187 3856 485 3910 excidatis.
508 3855 650 3909 Data
673 3866 750 3912 est
775 3860 912 3912 enim
943 3877 977 3913 a
999 3860 1227 3915 Domino
1247 3872 1499 3931 potestas,
1526 3875 1576 3919 et
1609 3868 1775 3923 virtus

189 3947 257 3999 ab
288 3948 593 4019 4ltissimo,
619 3953 709 4020 qui
735 3952 1079 4023 interrogabit
1100 3970 1260 4023 opera
1288 3966 1480 4022 vestra,
1499 3969 1548 4012 et
1571 3962 1777 4029 cogita-

193 4041 361 4096 tiones
394 4044 721 4097 scrutabitur
747 4056 946 4099 vestras
968 4047 1033 4101 ’⁸.
1065 4047 1170 4113 Qui
1198 4057 1380 4104 autem
1418 4054 1777 4109 custodierint

186 4134 466 4205 justitiam
509 4137 659 4206 juste
694 4138 1090 4207 iudicabuntur
1130 4160 1142 4196 :
1184 4152 1237 4197 et
1279 4143 1372 4213 qui
1407 4144 1776 4199 didicerint’"

188 4227 364 4296 justa,
383 4228 433 4259 ⁹⁹
458 4228 611 4297 juste
641 4229 919 4289 invenient
950 4231 1081 4301 quid
1111 4234 1500 4302 respondeant.
1551 4235 1779 4307 Semper

191 4327 469 4375 cavetote.
492 4317 758 4389 Praecepit
784 4322 927 4375 enim
975 4338 1044 4377 ne
1072 4324 1368 4394 aliquando
1392 4336 1616 4397 peccato
1641 4345 1776 4384 con—

191 4415 509 4469 sentiamus
545 4421 599 4467 et
639 4415 1119 4483 praetermittamus
1148 4426 1418 4488 praecepta
1449 4417 1543 4474 Dei
1576 4422 1771 4478 nostri.

198 4506 272 4538 ¹⁶⁶
297 4505 584 4560 Ecclesias
617 4522 713 4574 per
740 4520 983 4577 congrua
1012 4514 1067 4562 et
1097 4509 1253 4563 utilia
1284 4509 1447 4566 facite
1475 4512 1614 4578 loca,
1655 4530 1776 4584 quae

192 4598 402 4654 divinis
436 4598 692 4668 precibus
721 4613 940 4653 sacrare
963 4607 1216 4677 Oportet,
1255 4611 1310 4656 et
1334 4602 1389 4656 in
1414 4604 1647 4674 singulis
1688 4623 1775 4662 sa-

194 4691 490 4752 cerdntes.
540 4689 741 4744 divinis
788 4691 1135 4765 orationibus
1192 4691 1303 4748 Deo
1359 4694 1590 4762 dicatos,
1623 4700 1773 4767 poni.

194 4779 349 4848 Quos
372 4784 446 4837 ab
467 4781 723 4837 omnibus
743 4785 993 4838 venerari
1023 4791 1262 4854 oportet,
1284 4793 1339 4841 et
1368 4802 1477 4841 non
1501 4804 1776 4860 quoquam

196 4874 440 4945 gravari.
473 4874 703 4944 Semper
740 4876 910 4932 vitate
938 4878 1103 4943 mala,
1136 4889 1191 4934 et
1232 4895 1333 4950 pro
1367 4882 1654 4941 animabus
1681 4904 1776 4943 ve-

197 4968 331 5025 stris
362 4985 436 5025 ne
457 4970 872 5028 confundamini
903 4972 1088 5028 dicere
1112 4988 1300 5029 verum
1317 4974 1356 5030 ‘.
1381 4974 1663 5034 Mcndacia
1693 4982 1778 5037 fu-

266 5200 309 5274 si
344 5196 747 5274 Ecqli.__xxv1n.
824 5203 870 5233 ”
899 5220 1083 5274 comit;

197 5272 359 5342 stola.
441 5270 487 5342 ’ξ
508 5269 687 5337 Alex.,
721 5288 808 5342 ep.
841 5274 893 5329 1.

199 5340 242 5370 ”
262 5342 435 5395 Abest
468 5341 585 5394 haec
648 5340 855 5399 vocula
913 5361 942 5396 a
1005 5360 1057 5400 c.
1092 5344 1236 5399 Just.

199 5411 289 5465 cli.
321 5427 376 5463 Iv
478 5413 500 5442 ¹
524 5410 698 5466 Ecclt.
757 5430 839 5472 ιιι.
915 5414 1085 5471 διυε.
1150 5432 1210 5478 ι,
1244 5416 1333 5472 16.

201 5478 296 5538 ω).
332 5497 432 5537 vn.

284 5524 296 5536 .
332 5497 432 5537 νιι.

511 5906 783 5962 “non.
824 5900 943 5960 Gn.
982 5899 1033 5963 ις

1808 4479 1852 4533 Ι)

1161 5204 1209 5236 ’³
1240 5204 1463 5274 Publice.
1539 5206 1585 5237 “
1615 5205 1634 5258 l
1666 5203 1814 5263 Petr.
1844 5203 2103 5261 v.”‘Jac.
2136 5220 2215 5268 iv,
2243 5200 2308 5253 ad

970 5266 1307 5340 "'Matth.'v,
1338 5273 1425 5329 '10.
1502 5278 1546 5308 θ’
1565 5276 1729 5342 lbid.,
1758 5280 1772 5331 l

1920 5277 1988 5306 ’τ’
2007 5266 2475 5337 Matth—1111,37.
2552 5269 2597 5299 ⁹⁸
2615 5266 2742 5342 sap.
2778 5284 2855 5330 vt,
2884 5266 2954 5342 Δ.ὲ
3014 5267 3080 5342 lt"
3110 5267 3442 5342 crediderint.

1346 5347 1412 5377 ιοο
1464 5348 1532 5402 to
1560 5363 1616 5417 q.
1650 5335 1772 5403 7:1

1877 5347 2012 5401 esias
2038 5361 2173 5417 per”
2226 5355 2280 5398 et
2318 5335 2387 5396 de
2414 5354 2589 5417 _c_ons.
2647 5335 2774 5393 dist.
2826 5346 2878 5417 1.,
2901 5335 3193 5417 Ecclgstas.

1441 5418 1463 5449 "
1512 5420 1621 5474 sale
1656 5420 1898 5474 satietur.

1875 3220 2034 3275 riam.
2069 3217 2172 3285 Qui
2200 3227 2379 3274 autem
2414 3233 2575 3273 secus
2614 3217 2807 3287 egerit,
2835 3212 3210 3267 indubitanter
3239 3224 3460 3280 poenam

1877 3313 2190 3368 sustinebit.
2224 3312 2350 3367 Ideo
2374 3312 2517 3365 bona
2552 3325 2713 3380 agere
2740 3323 2839 3362 vos
2869 3319 3086 3375 semper
3122 3310 3363 3377 oportet,
3399 3308 3461 3357 ut

1875 3405 2124 3461 bravium
2164 3414 2385 3460 reterns:
2407 3405 2532 3458 vitae
2562 3400 2902 3474 percipiatis.

1944 3498 2043 3556 His
2072 3515 2204 3569 ergo
2229 3500 2368 3554 bene
2385 3504 2575 3569 parete
2597 3493 2911 3551 sententiis.
2941 3488 3019 3545 Ne
3041 3490 3166 3560 quis
3183 3489 3298 3544 haec
3322 3504 3461 3559 pne-

1877 3600 2033 3663 cepta
2062 3590 2286 3646 minime
2315 3590 2506 3645 credat
2534 3586 2832 3658 implenda,
2866 3593 2921 3639 et
2939 3581 3148 3653 judicio
3173 3580 3267 3635 Dei
3298 3589 3461 3635 veter-

1875 3685 1931 3739 ni
1959 3684 2098 3756 ignis
2126 3689 2398 3737 tormenta
2429 3680 2735 3743 sustineat,
2769 3676 2864 3748 qui
2893 3672 3255 3731 ecclesiastici
3278 3672 3459 3742 operis

1879 3791 2037 3831 sacra
2075 3775 2400 3845 neglexerit.
2434 3771 2560 3827 Haec
2590 3771 2777 3841 igitur,
2807 3768 2977 3823 frater
3008 3766 3233 3834 Jacobe,
3266 3764 3334 3821 de
3363 3780 3460 3821 ore

1878 3871 2054 3926 sancti
2084 3867 2230 3923 Petri
2253 3866 2502 3937 jubentis
2540 3863 2728 3918 audivi
2756 3878 2769 3912 :
2805 3859 2862 3915 Si
2895 3860 3020 3930 quis
3052 3868 3317 3930 praecepta
3344 3858 3461 3912 haec

1877 3981 1987 4025 non
2021 3965 2233 4033 integra
2262 3958 2608 4022 custodierit,
2637 3958 2708 4012 sit
2736 3955 3024 4009 anathema
3058 3966 3231 4022 usque
3263 3951 3330 4005 ad
3358 3951 3459 4005 ad-

1876 4068 2101 4115 ventum
2139 4055 2355 4111 Domini
2390 4052 2569 4108 nostri
2601 4049 2732 4105 Jesu
2773 4046 3002 4104 Christi.
3033 4044 3158 4100 Haec
3188 4051 3460 4116 praecepta

1878 4169 1910 4207 a
1930 4134 2120 4208 sancto
2132 4150 2295 4205 Petro
2310 4146 2559 4218 apostolo
2579 4142 2765 4213 accepi
2785 4160 2800 4207 ;
2819 4149 2873 4196 et
2896 4139 3018 4203 tibi,
3042 4139 3215 4192 frater
3244 4137 3461 4191 charis-

1879 4245 2037 4311 sime,
2075 4242 2359 4298 insinuare
2384 4238 2597 4302 curavi,
2623 4243 2683 4291 ut
2704 4233 2912 4290 servari
2946 4230 3132 4287 omnia
3172 4227 3460 4300 praecipias

1879 4337 1998 4391 sine
2026 4333 2265 4389 macula.
2301 4330 2359 4385 Si
2382 4332 2507 4402 quis
2532 4344 2661 4383 vero
2684 4325 2921 4381 audierit
2951 4332 3027 4387 te,
3051 4322 3207 4377 utilis
3224 4322 3331 4375 erit
3356 4320 3460 4373 mi-

1881 4429 2054 4483 nisler
2079 4425 2206 4482 Jesu
2239 4424 2463 4479 Christi.
2490 4422 2591 4489 Qui
2624 4429 2805 4474 autem
2829 4432 2939 4471 non
2970 4413 3204 4468 audierit
3235 4420 3308 4474 te,
3344 4411 3459 4463 imo

1883 4525 2192 4592 loquentem
2222 4518 2513 4572 Dominum
2544 4530 2639 4583 per
2670 4521 2742 4576 te,
2776 4511 2893 4580 ipse
2919 4508 3025 4561 sibi
3056 4504 3457 4559 damnationem

1882 4614 2136 4683 accipiet.
2161 4612 2181 4642 ⁸
2212 4609 2571 4677 Omnipotens
2589 4603 2755 4663 Deus,
2773 4598 3119 4661 charissitne,
3140 4612 3239 4651 sua
3257 4602 3308 4648 te
3332 4610 3459 4664 prom

1882 4707 2119 4761 lectione
2135 4700 2429 4762 custodiat,
2450 4705 2613 4767 atque
2624 4695 2692 4749 ad
2705 4690 2946 4747 cmlcstis
2963 4688 3457 4744 remunerationem

1880 4799 2092 4869 patriae,
2123 4792 2410 4863 multiplici
2448 4791 2755 4844 animarum
2787 4784 2967 4838 fructu
3002 4782 3285 4851 perducat.
3312 4778 3457 4834 Deus

1881 4899 1937 4947 te
1955 4893 2153 4946 iterum
2178 4888 2485 4955 iterumque
2509 4882 2842 4937 incolumem
2869 4874 3168 4939 custodiat,
3200 4888 3457 4929 reveren-

1880 4985 2098 5041 tissime
2127 4981 2315 5036 frater.
2341 4982 2538 5034 Amen.

2342 5215 2500 5270 quem
2533 5207 2713 5270 tamen
2739 5199 2851 5250 lucc
2880 5196 3059 5270 scribi
3090 5195 3291 5253 dicitur
3336 5193 3448 5270 epi-

3304 5332 3447 5385 Ἐς-

1996 5402 2232 5470 "Mare.
2284 5430 2361 5479 ιι,
2414 5410 2483 5465 59
2523 5420 2575 5464 et
2614 5425 2731 5479 seq.
2843 5408 2862 5438 ⁶
2900 5406 2958 5463 S.
3010 5406 3169 5477 Greg.
3220 5420 3306 5473 ep.
3353 5402 3443 5465 27,

3126 5887 3205 5947 .16
