3896 6174
417 370 513 426 491

1303 362 1362 420 8·
1399 361 1793 419 CLEMENTIS
1826 362 1844 415 1
1880 360 2045 417 ROM.
2086 358 2288 416 PONT.
2327 357 2557 415 OPERA
2590 355 2820 415 DUBIA.

3568 348 3671 405 ιειει

507 510 3573 543 ________________________._____———————-

1575 616 2157 708 EPISTOLA
2202 601 2221 630 ⁷
2320 617 2508 703 ill.

424 772 517 828 AD
552 768 951 831 EPISCOPOS,
972 766 1491 831 PRESBYTEROS,
1528 765 1890 830 DIACONOS,
1917 765 2093 827 ETC.,
2127 765 2214 819 ET
2259 762 2652 818 UNIVEBSOS
2686 761 2996 826 FIDELES,
3019 761 3105 815 DE
3127 758 3394 817 OFFICIO
3423 757 3678 815 SACER—

1636 859 1840 916 DOTIS
1872 858 1959 915 ET
1988 856 2463 923 CLERICORUM,

1367 1002 1556 1073 Ruﬁno
1579 1002 1793 1059 Torano
1811 1000 2134 1073 Aquiteiensi
2164 999 2468 1070 presbytero
2495 1000 2793 1069 interprete.

508 1228 761 1285 Caeneus
793 1228 946 1283 urbis
966 1226 1150 1283 Romae
1189 1228 1481 1299 episcopus
1503 1227 1761 1284 omnibus
1792 1227 2009 1299 coepis-
2038 1230 2085 1288 Α
2113 1226 2259 1282 nime
2302 1225 2594 1282 crediderit
2642 1222 2963 1282 doctoribus
2993 1228 3046 1277 et
3082 1218 3355 1291 episcopis
3386 1216 3503 1272 suis
3528 1254 3545 1280 ,
3579 1230 3689 1269 non

430 1322 603 1393 copis.
640 1310 1013 1392 presbyteris;
1033 1321 1282 1376 diaconis
1309 1336 1373 1377 ac
1416 1321 1647 1391 reliquis
1681 1319 1924 1387 clericis,
1955 1327 2011 1375 et

428 1414 646 1471 cunctis
679 1413 1022 1485 principibus
1054 1413 1358 1482 majoribus
1393 1413 1799 1479 minoribusve,
1834 1413 2014 1468 omni-

430 1506 646 1577 busque
694 1506 1030 1577 generaliter
1059 1504 1080 1537 ⁸
1122 1505 1376 1561 ﬁdelibus
1411 1504 1749 1569 benedictio,
1790 1504 2014 1561 claritas

430 1610 487 1656 et
546 1600 721 1670 gloria
773 1600 829 1653 in
882 1598 1059 1669 gratia
1113 1596 1251 1665 Dei,
1293 1613 1414 1669 quae
1446 1595 1573 1652 data
1630 1604 1714 1654 est
1743 1598 1905 1653 nobis
1957 1597 2015 1653 in

432 1689 657 1749 Christo
690 1690 821 1750 Jesu
852 1692 1086 1748 Domino
1116 1700 1325 1747 nostro.

510 1784 675 1856 Urget
705 1802 827 1849 nos,
879 1785 1103 1850 fratres,
1139 1787 1347 1842 multus
1381 1801 1537 1840 amor
1576 1793 1779 1850 vester,
1808 1792 1861 1841 et
1889 1784 2018 1841 reli-

435 1878 587 1948 giosa
620 1877 1069 1941 invitatdevotio,
1097 1879 1224 1949 quia
1246 1878 1522 1934 debitores
1546 1894 1758 1941 sumus,
1779 1888 1837 1933 ut
1865 1893 2016 1948 quas-

436 1970 560 2024 dam
592 1969 749 2025 vobis
778 1971 1104 2027 scribamus.
1146 1970 1254 2025 Vos
1274 1986 1427 2042 ergo,
1454 1971 1545 2041 qui
1573 1971 1883 2027 sacerdotio
1908 1971 2017 2027 Do-

440 2063 573 2116 mini
604 2062 870 2127 fruimini,
912 2071 965 2118 et
993 2064 1047 2117 in
1081 2064 1298 2133 specula
1331 2065 1463 2119 estis
1498 2064 1682 2134 positi,
1725 2065 1846 2134 plus
1878 2066 2022 2121 scire

442 2161 677 2224 oportet,
714 2164 773 2208 ut
814 2153 1063 2210 subditos
1094 2156 1252 2211 vobis
1296 2158 1527 2225 populos
1560 2158 1793 2227 pleniter
1824 2157 2021 2215 docere

443 2246 692 2317 possitis,
717 2247 908 2317 eisque
930 2249 998 2303 ad
1027 2265 1194 2319 regna
1227 2253 1493 2306 ccelorum
1520 2251 1782 2306 ducatum
1813 2253 2022 2323 prasbe-

443 2354 521 2401 re,
544 2337 654 2392 Deo
684 2349 980 2407 annuente,
1007 2343 1257 2397 valeatis.
1291 2341 1441 2398 Unde
1468 2351 1523 2399 et
1549 2344 1667 2414 ipsa
1705 2360 1800 2414 per
1833 2360 1893 2401 se
1918 2343 2024 2400 Ve-

442 2431 578 2487 ritas
610 2432 724 2486 ait:
774 2432 934 2489 Vobis
969 2433 1272 2519 datumest
1332 2451 1484 2490 nosse
1521 2438 1831 2507 mysterium
1880 2438 2025 2508 regni

443 2523 563 2591 Dei,
594 2527 799 2582 carteris
827 2538 1001 2581 autem
1042 2529 1096 2582 in
1121 2521 1449 2596 par-abem”,
1484 2540 1587 2587 etc.
1617 2528 1847 2601 Propter
1877 2530 2025 2603 quod

445 2616 738 2672 consilium
765 2617 837 2673 do
868 2620 1165 2691 unicuique
1193 2630 1455 2684 vestrum,
1484 2630 1804 2678 constanter
1825 2623 2026 2679 docere

447 2709 614 2764 verba
639 2710 823 2767 divina
851 2729 866 2779 ;
909 2721 963 2767 et
993 2713 1356 2779 discentibus,
1388 2715 1621 2770 libenter
1650 2717 2027 2772 accommoda-

448 2817 507 2855 re
538 2818 729 2858 aurem
760 2806 929 2860 verbo
959 2804 1073 2861 Dei.
1108 2804 1365 2861 Vestrum
1398 2807 1567 2873 enim,
1593 2809 1721 2878 quia
1758 2808 2029 2879 legatione

450 2892 666 2949 Domini
699 2896 1014 2967 fungimini,
1044 2906 1129 2955 est
1152 2899 1350 2953 docere
1375 2900 1637 2969 populos;
1669 2914 1859 2955 eorum
1898 2914 2030 2955 vero

451 2997 534 3040 est
563 2988 718 3045 vobis
749 2988 977 3045 obedire
1010 2999 1070 3045 ut
1106 2991 1217 3046 Deo
1238 2992 1305 3047 ¹⁰.
1334 2990 1389 3045 Si
1416 3002 1597 3048 autem
1632 2992 1786 3047 vobis
1815 2992 2032 3062 episco-

452 3081 539 3151 pis
556 3098 663 3137 non
681 3083 987 3139 obedierint
1009 3100 1199 3140 omnes
1217 3084 1772 3157 presbyteri,diaconi
1806 3098 1870 3138 ac
1901 3083 2034 3140 sub-

452 3176 690 3243 diaconi,
723 3186 776 3233 et
803 3179 999 3249 reliqui
1031 3179 1239 3243 clerici,
1272 3194 1571 3250 omnesque
1592 3178 1890 3250 principes,
1922 3186 2032 3234 tam

454 3269 683 3338 majoris
721 3271 933 3328 ordinis
970 3288 1135 3342 quam
1178 3271 1478 3334 inferioris,
1511 3279 1676 3341 atque
1705 3270 1899 3341 reliqui
1937 3284 2030 3340 po-

456 3361 568 3428 puli
601 3362 782 3419 tribus
816 3371 870 3419 et
902 3365 1101 3435 lingua).
1123 3381 1233 3419 non
1270 3365 1787 3434 obtemperaverint,
1813 3378 1923 3418 non
1946 3377 2036 3417 so-

459 3452 570 3507 lum
605 3456 859 3521 infames,
915 3458 1010 3512 sed
1056 3465 1109 3513 et
1140 3465 1394 3514 extorres
1440 3473 1471 3512 a
1502 3474 1671 3530 regno
1702 3457 1796 3512 Dei
1826 3465 1879 3511 et
1904 3470 2036 3510 con-

460 3547 631 3602 sortio
657 3548 919 3613 ﬁdelium,
954 3566 1017 3606 ac
1042 3567 1073 3606 a
1106 3551 1387 3607 liminibus
1420 3560 1624 3608 sanctze
1658 3549 1752 3606 Dei
1783 3548 2040 3605 Ecclesiae,

462 3640 624 3694 alieni
652 3652 834 3697 erunt.
870 3642 1004 3699 Nam
1030 3653 1274 3700 vestrum
1330 3653 1417 3701 est
1465 3660 1560 3700 eos
1606 3645 1911 3705 instruere;
1946 3658 2038 3698 εον

464 3750 584 3788 rum
613 3742 699 3790 est
742 3737 897 3793 vobis
932 3738 1153 3794 obedire
1183 3747 1240 3794 ut
1266 3739 1396 3805 Deo,
1429 3739 1586 3807 cujus
1613 3738 1883 3808 legatione
1912 3735 2040 3791 fun-

464 3828 679 3899 gimini,
705 3827 921 3886 dicente
948 3829 1182 3888 Domino
1208 3848 1223 3884 :
1260 3832 1365 3899 Qui
1394 3850 1481 3886 vos
1514 3833 1702 3895 audit,
1744 3846 1824 3883 me
1866 3829 2037 3895 audit,

2113 1320 2435 1386 benevolus,
2470 1319 2565 1375 sed
2589 1319 2810 1375 rebellis
2835 1326 2998 1387 atque
3040 1313 3361 1370 inobediens
3389 1309 3689 1372 exstiterit.

2117 1411 2357 1469 fructum
2389 1428 2500 1468 non
2531 1411 2858 1484 germinabit
2891 1424 2992 1465 nec
3020 1412 3216 1480 pariet,
3252 1405 3347 1461 sed
3378 1403 3581 1461 similis
3610 1410 3695 1457 est

2117 1508 2298 1563 arbori
2329 1506 2431 1572 illi,
2466 1505 2534 1561 de
2562 1519 2669 1575 qua
2710 1503 2975 1558 Dominus
3014 1502 3130 1555 ait:
3165 1498 3349 1555 Omnis
3396 1494 3558 1549 arbor
3578 1510 3695 1566 qua:

2118 1615 2220 1653 non
2264 1598 2394 1668 facit
2417 1600 2650 1668 fructum
2672 1597 2885 1661 bonum,
2912 1592 3203 1659 excidatur,
3220 1601 3271 1644 et
3298 1591 3353 1643 in
3371 1590 3545 1659 ignem
3571 1587 3699 1640 mit-

2118 1700 2259 1745 tetur
2284 1690 2345 1746 ¹⁶.
2384 1691 2429 1725 ⁸⁸
2460 1688 2679 1746 Primus
2705 1689 2851 1745 enim
2873 1685 3119 1758 pontifex
3148 1684 3353 1746 Aaron,
3391 1679 3701 1736 chrismate

2117 1782 2535 1853 compositionis
2576 1788 2875 1852 perunctus
2898 1819 2914 1843 ,
2962 1779 3220 1848 princeps
3248 1774 3435 1847 pepuli
3467 1772 3571 1827 fuit
3598 1790 3614 1839 ;
3645 1781 3701 1827 et

2118 1883 2378 1947 tanquam
2401 1891 2519 1941 rex,
2550 1875 2822 1945 primitias
2843 1880 2897 1928 et
2922 1872 3185 1926 tributum
3216 1884 3313 1939 per
3334 1867 3516 1937 capita
3547 1880 3702 1921 acce-

2124 1970 2203 2041 pit
2226 1985 2255 2023 a
2278 1969 2515 2039 populo:
2546 1965 2902 2035 etjudicandi
2932 1964 3187 2033 populum
3224 1966 3374 2015 sorte
3412 1964 3697 2026 suscepta,

2121 2063 2189 2118 de
2218 2062 2438 2117 mundis
2462 2059 2865 2129 immundisque
2901 2054 3204 2127 judicabat.
3247 2050 3351 2107 Sed
3377 2058 3430 2104 et
3466 2050 3515 2105 si
3558 2049 3702 2103 alius

2122 2171 2191 2211 ex
2221 2156 2341 2226 ipso
2383 2161 2661 2224 unguento
2700 2158 2996 2221 perunctus
3026 2152 3132 2209 est,
3160 2144 3362 2199 virtute
3406 2140 3538 2195 inde
3568 2154 3703 2193 con-

2126 2256 2309 2319 cepta,
2333 2246 2497 2302 etiam
2527 2246 2643 2315 ipse
2664 2258 2759 2298 rex
2786 2253 2879 2295 aut
2909 2238 3170 2311 propheta
3210 2242 3304 2289 aut
3330 2230 3575 2304 pontifex
3606 2229 3704 2286 ﬁe-

2126 2341 2241 2395 bat.
2273 2338 2429 2405 Quod
2460 2338 2504 2393 si
2536 2335 2852 2405 temporalis
2889 2333 3062 2403 gratia
3095 2329 3164 2383 ab
3201 2325 3518 2381 hominibus
3548 2337 3704 2377 com-

2128 2433 2328 2504 posita,
2358 2438 2569 2484 tantum
2602 2428 2779 2499 potuit
2805 2466 2821 2492 ,
2853 2423 3140 2493 intelligite
3176 2419 3290 2491 jam
3336 2426 3605 2489 quantum
3632 2412 3706 2469 sit

2128 2523 2263 2579 illud
2296 2529 2657 2593 unguentum,
2681 2518 2827 2591 quod
2857 2533 2889 2572 a
2932 2516 3043 2571 Deo
3067 2514 3135 2568 de
3164 2510 3403 2583 virgulto
3428 2508 3553 2563 vitae
3572 2520 3698 2578 pro-

2128 2617 2296 2672 latum
2329 2626 2433 2679 est,
2468 2629 2590 2671 cum
2615 2613 2719 2667 hoc
2745 2610 2890 2682 quod
2914 2608 2983 2662 ab
3020 2604 3334 2660 hominibus
3360 2601 3565 2655 factum
3596 2604 3705 2659 est,

2127 2716 2241 2764 tam
2258 2709 2488 2765 eximias
2513 2707 2658 2761 inter
2672 2706 2925 2759 homines
2951 2698 3199 2755 conferat
3224 2695 3539 2766 dignitates.
3562 2689 3707 2757 Quid

2129 2801 2276 2857 enim
2307 2802 2361 2855 in
2396 2798 2652 2871 praesenti
2682 2796 2884 2853 saeculo
2914 2792 3180 2865 propheta
3212 2784 3535 2860 gloriosius,
3575 2796 3711 2851 pon-

2131 2894 2277 2951 tiﬁce
2307 2894 2531 2957 clarius,
2566 2906 2694 2961 rege
2716 2886 3047 2944 sublimius?
3076 2882 3269 2939 Omnis
3288 2879 3434 2934 enim
3460 2873 3708 2947 pontifex

2133 3002 2293 3045 sacro
2317 2986 2614 3041 chrismate
2644 2989 2945 3052 perunctus
2964 3016 2980 3043 ,
3011 2984 3066 3032 et
3102 2975 3159 3031 in
3192 2972 3412 3028 civitate
3440 2966 3711 3023 constitu-

2133 3089 2246 3145 tus,
2276 3077 2575 3150 Scripturis
2603 3074 2777 3131 sacris
2809 3070 3065 3127 conditus
3084 3068 3149 3134 “’,
3187 3064 3392 3121 charus
3414 3068 3470 3116 et
3500 3058 3709 3129 pretio-

2136 3190 2233 3232 sus
2273 3171 2587 3228 hominibus
2621 3165 2818 3238 oppido
2857 3179 2980 3221 esse
3019 3155 3247 3218 debet.“
3316 3156 3510 3223 Quem,
3553 3150 3715 3221 quasi

2136 3267 2341 3323 Christi
2370 3267 2549 3320 locum
2573 3268 2869 3322 tenentem,
2892 3257 3165 3311 honorare
3183 3264 3375 3305 omnes
3397 3246 3616 3303 debent.
3634 3244 3717 3296 ei-

2138 3376 2243 3432 que
2272 3362 2499 3423 servire,
2525 3364 2581 3413 et
2610 3353 2926 3411 obedientes
2952 3349 3021 3403 ad
3051 3348 3284 3403 salutem
3306 3356 3461 3398 suam
3482 3338 3718 3392 ﬁdeliter

2138 3430 2395 3517 existere,
2414 3452 2652 3507 scientes
2672 3444 2817 3518 quod
2840 3444 2955 3498 sive
2980 3441 3176 3503 honor,
3202 3438 3315 3492 sive
3348 3430 3575 3502 injuria,
3596 3442 3719 3498 qua

2139 3548 2193 3605 ei
2215 3544 2478 3612 defertur,
2509 3542 2565 3597 in
2605 3539 2884 3596 Christum
2917 3530 3187 3589 redundat
3215 3568 3229 3594 ,
3261 3535 3315 3584 et
3345 3541 3375 3581 a
3407 3524 3630 3579 Christo
3662 3520 3720 3574 in

2145 3642 2335 3697 Deum.
2368 3636 2411 3668 ¹⁸
2440 3635 2646 3693 Audire
2679 3645 2810 3701 ergo
2843 3642 2969 3685 eum
3013 3624 3275 3679 attentius
3303 3624 3543 3690 Oportet,
3574 3623 3630 3670 et
3654 3614 3720 3667 ab

2146 3733 2265 3805 ipso
2289 3728 2572 3799 suscipere
2617 3722 2927 3780 doctrinam
2966 3717 3113 3788 ﬁdei,
3145 3714 3352 3769 monita
3385 3716 3568 3764 autem
3597 3706 3723 3761 vita:

2147 3842 2179 3880 a
2209 3820 2544 3896 presbyteris
2562 3818 2860 3889 inquirere,
2885 3829 2915 3867 a
2940 3808 3189 3868 diaconis
3212 3820 3343 3862 vero
3370 3803 3620 3859 ordinem
3640 3798 3725 3853 di-

464 3930 514 3973 et
540 3920 629 3989 qui
658 3936 745 3973 vos
782 3924 1000 3990 spernit,
1032 3941 1111 3977 me
1141 3897 1334 3992 spernit
1355 3925 1427 3991 ¹¹;
1455 3931 1548 3979 et:
1578 3923 1682 3991 Qui
1713 3941 1796 3978 vos
1839 3925 2041 3993 recipit,
2072 3921 2113 3978 C
2151 3918 2415 3988 sciplinaa.
2461 3912 2689 3983 Propter
2727 3906 2875 3981 quod
2925 3904 3188 3974 deprecor
3223 3914 3323 3954 vos
3345 3907 3641 3951 conservos
3672 3897 3728 3943 et

468 4030 551 4067 me
581 4015 786 4084 recipit,
816 4026 864 4070 et
902 4018 989 4087 qui
1014 4035 1093 4072 me
1128 4019 1332 4087 recipit,
1366 4019 1546 4087 recipit
1572 4034 1688 4072 eum
1719 4018 1808 4089 qui
1838 4032 1918 4073 me
1948 4016 2048 4070 mi-

470 4108 539 4160 sit
559 4106 773 4161 ".Nihil
806 4110 951 4164 enim
987 4110 1249 4181 injustius
1270 4112 1353 4166 vel
1380 4111 1723 4166 inhonestius
1745 4117 1848 4175 est,
1882 4124 2049 4180 quam

473 4199 615 4254 ﬁlios
649 4201 899 4271 patribus
933 4203 1199 4270 rebelles,
1234 4210 1328 4257 aut
1360 4204 1594 4258 clericos
1624 4203 1711 4258 vel
1748 4203 1920 4257 laicus
1950 4201 2051 4257 do-

475 4291 748 4358 etoribus,
792 4310 889 4349 seu
921 4295 1221 4366 discipulos
1248 4295 1528 4367 magistris
1558 4294 1935 4350 iuobedientes
1966 4296 2050 4349 vel

475 4393 761 4454 protervos
796 4387 1051 4443 existere.
1082 4388 1343 4445 Novimus
1389 4388 1535 4443 enim
1584 4388 1821 4459 primum
1876 4386 2055 4441 homi-

479 4491 603 4530 nem
651 4494 748 4549 per
789 4480 1216 4536 inobedientiam
1249 4482 1517 4536 cecidisse
1562 4500 1576 4536 :
1628 4482 1834 4537 idcirco
1864 4494 2056 4535 omnes

480 4570 585 4623 hoc
616 4571 813 4625 vitium
851 4589 1201 4643 summopere
1242 4589 1435 4628 cavere
1472 4589 1780 4629 monemus.
1817 4573 1883 4626 Et
1926 4573 2056 4642 quia

483 4661 743 4717 Dominus
767 4666 1005 4734 superbis
1036 4667 1268 4731 resistit,
1294 4665 1577 4719 humilibus
1618 4676 1793 4720 autem
1822 4665 1914 4719 dat
1934 4681 2058 4735 gra—

484 4756 617 4809 tiam
634 4756 697 4820 *3,
715 4755 980 4813 Dominus
1001 4767 1188 4813 noster
1221 4759 1444 4814 mittens
1468 4774 1565 4813 vos
1582 4759 1703 4813 vice
1731 4774 1828 4814 sua
1853 4758 1908 4811 in
1938 4757 2059 4811 loco

487 4850 859 4920 apostolorum
883 4852 950 4906 ad
980 4850 1404 4921 praedicandum,
1436 4851 1694 4920 praecepit
1714 4852 1869 4907 vobis
1898 4852 2063 4905 doce-

488 4959 548 4997 re
580 4959 792 5007 omnes,
837 4959 1139 5013 omnesque
1177 4943 1334 4997 vobis
1364 4942 1595 4998 ﬁdeliter
1630 4945 1967 5011 obedientes,
2002 4952 2062 4996 ut

486 5034 616 5106 ipsi,
649 5036 915 5102 existere;
949 5037 1208 5106 quoniam
1245 5051 1345 5090 nec
1377 5037 1535 5089 aliter
1565 5043 1710 5089 terra
1734 5036 1909 5104 pariet
1942 5036 2061 5088 fru-

488 5137 613 5184 ctus
642 5144 809 5193 suos,
860 5128 969 5183 nisi
1014 5131 1162 5183 culta
1195 5132 1463 5197 receperit
1512 5143 1718 5189 semen,
1756 5135 1811 5181 et
1840 5127 2065 5199 irrigata

492 5224 901 5296 germinaverit,
956 5231 1010 5278 et
1057 5225 1234 5293 pariat
1269 5238 1389 5292 qua:
1428 5231 1513 5277 est
1558 5222 1823 5293 paritura.
1876 5217 1968 5274 Sic
2013 5229 2065 5275 et

490 5321 674 5376 omnis
704 5321 888 5384 homo,
913 5319 1007 5389 qui
1026 5318 1257 5373 libenter
1272 5333 1381 5371 non
1407 5317 1671 5385 receperit
1691 5318 1916 5372 verbum
1948 5314 2061 5377 Dei,

494 5414 741 5485 illudque
763 5416 818 5469 in
848 5414 1013 5470 corde
1042 5428 1143 5469 suo
1164 5413 1470 5483 germinare
1492 5427 1601 5466 non
1626 5411 1834 5476 siverit,
1869 5426 1933 5464 ac
1967 5410 2066 5462 mi-

2150 4013 2431 4082 adjutores
2461 4020 2633 4072 meos,
2658 4012 2718 4058 ut
2742 3998 2970 4056 discatis
3001 3992 3264 4051 attentius
3298 3989 3609 4044 animarum
3637 3998 3731 4037 eu-

2150 4120 2268 4160 ram
2306 4116 2514 4174 gerere,
2546 4105 2602 4153 et
2640 4110 2741 4167 pro
2768 4091 3025 4149 omnibus
3053 4096 3226 4151 stare,
3270 4082 3505 4139 maxime
3544 4088 3735 4133 tamen

2152 4211 2253 4268 pro
2285 4172 2371 4250 his
2399 4192 2494 4264 qui
2524 4192 2580 4246 in
2620 4188 2773 4244 cultu
2816 4184 3002 4239 divino
3046 4181 3320 4235 laborant.
3357 4172 3735 4227 Ecclesiarum

2154 4263 2401 4346 omnium
2420 4263 2620 4340 curam
2651 4280 2930 4341 habetote,
2963 4272 3249 4340 servisque
3286 4280 3475 4322 earum
3516 4263 3737 4332 adjuto-

2155 4383 2299 4436 rium
2333 4378 2601 4449 praebete,
2638 4371 2929 4427 viduarum
2964 4364 3281 4434 religiosam
3318 4372 3508 4414 curam
3540 4355 3736 4427 gerite,

2157 4474 2392 4546 pupillos
2430 4469 2649 4527 enixius
2686 4462 2997 4526 liberate",
3042 4455 3374 4529 pauperibus
3419 4450 3741 4506 misericor-

2158 4544 2304 4623 diam
2329 4564 2514 4629 facite,
2541 4563 2771 4632 juvenes
2802 4553 3125 4628 pudicitiam
3156 4550 3370 4604 docete.
3400 4545 3489 4611 Et,
3524 4551 3587 4597 ut
3617 4544 3742 4596 bre-

2161 4662 2302 4716 viter
2325 4664 2499 4712 totum
2544 4655 2748 4717 dicam,
2782 4651 3109 4704 alterutrum
3146 4656 3268 4709 vos,
3307 4641 3366 4695 in
3398 4636 3605 4708 quibus
3652 4650 3743 4689 res

2161 4750 2492 4825 poposcerit,
2524 4752 2846 4803 sustentate.
2864 4741 3033 4797 Deum
3069 4738 3253 4800 colite,
3283 4732 3375 4804 qui
3398 4729 3609 4785 creavit
3631 4742 3743 4782 cce-

2162 4847 2277 4899 lum
2299 4856 2353 4899 et
2379 4854 2602 4904 terram,
2640 4847 2694 4895 et
2722 4836 2946 4892 Christo
2968 4832 3195 4897 credite,
3223 4830 3458 4884 invicem
3482 4842 3584 4881 vos
3614 4825 3740 4880 dili-

2164 4939 2296 5011 gite,
2338 4944 2393 4990 et
2432 4932 2817 4992 misericordes
2861 4935 3037 4982 estote
3086 4925 3139 4979 in
3172 4938 3385 4987 omnes,
3431 4936 3544 4974 non
3577 4918 3745 4972 verbo

2167 5032 2306 5093 solo,
2332 5030 2425 5083 sed
2449 5043 2611 5098 Opere
2628 5034 2682 5080 et
2699 5026 2864 5080 rebus
2885 5022 3104 5091 implete
3119 5018 3439 5073 charitatem
3460 5014 3527 5067 ὀ.
3548 5014 3593 5043 ²¹
3617 5012 3746 5082 Agi-

2165 5135 2218 5182 te
2246 5116 2592 5196 pro'viribus,
2623 5118 2871 5175 conservi
2886 5111 3248 5178 dilectissimi,
3276 5110 3404 5180 quia
3432 5106 3641 5160 bonum
3664 5110 3751 5157 est

2170 5231 2229 5273 ut
2258 5218 2635 5287 unusquisque
2669 5222 2910 5268 vestrum
2934 5251 2949 5275 ,
2995 5205 3295 5263 secundum
3344 5201 3491 5273 quod
3542 5209 3743 5270 potest,

2170 5312 2344 5382 prosit
2387 5306 2773 5364 accedentibus
2801 5302 2867 5357 ad
2907 5301 3064 5357 ﬁdem
3097 5298 3377 5368 religionis
3413 5302 3641 5348 nostras.
3686 5291 3747 5349 Et

2168 5406 2291 5461 ideo
2317 5420 2388 5459 no
2446 5417 2544 5455 vos
2573 5396 3092 5470 pigeat,seeundum
3122 5390 3466 5461 sapientiam,
3500 5402 3626 5457 quae
3652 5401 3749 5439 vo-

568 5553 590 5584 '-'
638 5552 695 5605 in
758 5565 861 5605 ms.
905 5556 1097 5604 nostro
1124 5548 1316 5603 titulus
1352 5553 1437 5601 est
1471 5561 1485 5597 :
1552 5542 1687 5597 Item
1719 5544 1899 5612 incipit
1932 5540 2176 5609 Epistola
2198 5538 2457 5608 generatis
2494 5532 2776 5612 Qtementis
2813 5544 2987 5612 papte,
3020 5524 3259 5612 ompibus
3290 5524 3743 5612 tem-majoribus.

501 5639 661 5694 quam
710 5621 977 5694 inferioris
1031 5620 1233 5673 ordinis
1284 5618 1541 5694 ciericis,‘
1570 5632 1633 5694 _a_c
1690 5616 1889 5694 eunetis

505 5686 784 5763 generalis.
890 5690 1065 5763 ’7Luc.
1116 5706 1242 5763 vui,
1280 5689 1391 5763 _iU.
1482 5686 1649 5763 ΔΝΜ.

514 5753 556 5793 ἶ·
583 5762 771 5814 Matth.
807 5780 861 5827 x,
892 5762 980 5815 40.
1087 5753 1336 5823 “Jacob,
1370 5776 1442 5821 tv,
1475 5757 1529 5818 6.
1562 5766 1615 5810 et
1664 5754 1682 5806 l
1712 5753 1854 5808 Petr.
1910 5770 1961 5810 v.
1993 5753 2047 5807 5.

1742 5725 1757 5740 .
1808 5668 1952 5747 3,Si'
1992 5692 2165 5735 autem
2222 5668 2387 5733 vobis.
2412 5671 2961 5747 ——Conc.ATri_bur_.,
2999 5687 3049 5725 c.

2156 5752 2200 5781 ”
2250 5749 2439 5803 Matth.
2488 5764 2596 5804 vn.
2644 5743 2731 5799 i9.
2809 5744 2853 5773 ¹⁵
2891 5741 3167 5809 Recognit.
3200 5738 3265 5809 ,1.

1941 5596 2453 5682 ᾕὲιειὶὺυενδετὶρια.
2495 5596 2827 5682 ῌΑιωυιιξρξξ
2885 5596 2999 5654 "in
3020 5613 3069 5653 e.
3091 5596 3486 5682 gust..dicitur
3521 5598 3746 5682 epistpta

3261 5666 3303 5697 “
3347 5665 3483 5721 Luc.
3533 5678 3594 5728 x,
3661 5666 3741 5720 16.

3374 5737 3417 5766 ⁸⁸
3484 5735 3742 5790 eruditus.

517 5832 558 5866 ιτ
584 5798 861 5898 “nobis?
884 5798 1015 5897 ire.
1043 5798 1413 5886 66.w‘b'uDlisi.'
1429 5798 2051 5895 ,5::iiti1ire-episcoputni
2125 5822 2165 5854 ¹⁹
2480 5798 2539 5850 ’ἶ
2560 5798 2741 5885 repteti
2774 5798 3053 5865 charttate':
3127 5808 3172 5841 ’ί
3193 5798 3465 5871 Recognit.
3484 5806 3541 5875 ὅ,
3571 5821 3625 5863 ο,
3653 5805 3740 5863 37,
