3896 6174
246 340 348 403 ιειδ

1453 323 1810 386 EPISTOLAZ
1852 325 2305 382 DECRETALES
2397 331 2403 346 '

3400 327 3506 384 ιςιι

247 462 332 514 bis
355 475 452 529 per
481 456 574 512 Dei
603 454 1002 525 providentiam
1027 451 1222 506 collata
1245 455 1350 511 est,
1377 447 1652 500 instruere
1675 445 1828 513 igna-
1861 455 1901 509 Α
1932 443 2002 496 ιῐε
2034 440 2308 494 daemones
2340 451 2461 491 cum
2493 437 2882 506 passionibus,
2913 453 3050 508 quas
3079 438 3390 497 hominibus
3429 446 3509 498 in-

245 567 339 607 ros
370 559 425 606 et
462 551 681 604 docere.
716 546 1052 602 Desiderium
1083 559 1215 613 ergo
1237 541 1438 595 habere
1473 553 1660 592 omnes
1699 548 1824 606 erga

244 648 535 702 doctorem
579 643 850 704 veritatis,
898 654 1134 710 eumque
1163 645 1222 692 ut
1251 636 1442 691 oculos
1478 646 1607 688 suos
1643 644 1826 684 amare

244 748 502 810 oportet;
534 739 662 809 quia
691 746 747 791 et
776 737 957 806 ipsum
1001 733 1260 804 populum
1306 729 1411 784 sibi
1449 726 1824 787 commissum,

244 849 342 886 ceu
376 834 630 902 prOprios
663 831 824 895 ﬁlios,
854 843 1040 882 amare
1070 837 1124 881 et
1151 825 1351 879 docere
1393 820 1690 883 condecet;
1725 814 1827 866 hoc

241 930 390 982 enim
412 927 464 980 ei
497 941 526 979 a
560 925 722 979 Patre
751 923 965 979 cmlesti
988 921 1247 975 donatum
1269 915 1433 972 est“.
1471 911 1576 966 Sed
1596 919 1649 965 et
1679 907 1828 961 salus

242 1024 297 1078 in
322 1038 391 1076 eo
423 1028 530 1085 est,
571 1028 630 1074 ut
657 1020 992 1074 voluntatem
1019 1015 1138 1084 ejus
1169 1012 1328 1082 cujus
1374 1019 1613 1062 amorem
1645 1009 1700 1058 et
1733 1002 1830 1056 de—

242 1116 540 1179 siderium,
576 1114 687 1170 Deo
715 1113 1006 1183 largiente,
1035 1105 1417 1176 conceperint,
1447 1093 1828 1160 faciant,”.Si

240 1213 371 1282 quis
398 1227 532 1282 ergo
570 1209 746 1264 ﬁdelis
776 1206 1012 1261 voluerit
1043 1205 1302 1266 existere,
1338 1207 1392 1255 et
1422 1196 1695 1253 desiderat
1733 1191 1830 1246 ba-

241 1306 466 1376 ptizari,
500 1312 699 1359 exutus
721 1302 999 1372 prioribus
1023 1299 1202 1362 malis,
1228 1296 1296 1351 de
1323 1293 1535 1362 reliquo
1555 1305 1656 1361 pro
1670 1287 1830 1344 bonis

243 1399 464 1452 actibus
498 1399 671 1452 haeres
691 1399 957 1451 bonorum
983 1391 1288 1447 caelestium
1311 1404 1377 1445 ex
1397 1387 1564 1458 gestis
1591 1381 1830 1454 propriis

241 1493 351 1548 ﬁet.
390 1492 636 1546 Accedat
675 1498 854 1544 autem
885 1487 979 1558 qui
1010 1485 1126 1539 vult
1177 1482 1245 1536 ad
1283 1480 1622 1537 sacerdotem
1647 1487 1827 1538 suum,

243 1594 298 1641 et
321 1586 430 1656 ipsi
456 1585 550 1640 det
578 1598 778 1638 nomen
809 1598 996 1644 suum,
1024 1588 1187 1648 atque
1209 1576 1278 1629 ab
1319 1590 1384 1629 eo
1411 1571 1601 1626 audiat
1627 1576 1832 1640 myste-

241 1680 324 1733 ria
349 1681 509 1752 regni
531 1681 820 1746 caelorum,
837 1677 1063 1748 jejuniis
1091 1671 1466 1743 frequentibus
1489 1680 1710 1737 operam
1737 1664 1832 1717 im-

242 1777 474 1847 pendat,
501 1792 564 1831 ac
586 1777 940 1846 semetipsum
963 1775 1020 1829 in
1044 1770 1300 1827 omnibus
1320 1768 1534 1839 probet,
1567 1774 1624 1818 ut
1651 1762 1830 1817 tribus
1861 1798 1902 1852 Β

241 1874 536 1929 mensibus
565 1873 680 1943 jam
709 1871 1127 1936 consummatis,
1159 1869 1214 1923 in
1243 1866 1332 1921 die
1359 1863 1500 1919 festo
1525 1860 1701 1932 possit
1731 1857 1830 1912 ba-

244 1971 472 2040 ptizari.
519 1969 833 2040 Baptizetur
864 1975 1045 2022 autem
1076 1962 1456 2032 unusquisque
1477 1957 1532 2011 in
1553 1954 1710 2026 aquis
1743 1968 1832 2023 pe-

242 2065 538 2130 rennibus,
572 2063 792 2118 nomine
820 2061 980 2115 trinae
1010 2054 1365 2114 beatitudinis
1393 2052 1645 2107 invocato
1666 2062 1831 2116 super

240 2177 326 2229 se,
367 2165 671 2232 perunctus
691 2158 869 2229 primo
885 2157 1008 2212 oleo
1027 2169 1123 2226 per
1145 2153 1447 2207 orationem
1467 2143 1826 2209 sanctiﬁcato,

240 2264 304 2308 ut
334 2256 412 2308 ita
444 2253 664 2308 demum
690 2295 705 2319 ,
737 2264 835 2323 per
864 2251 981 2306 haec
1023 2256 1418 2312 consecratus,
1450 2245 1626 2316 possit
1651 2242 1829 2314 perci-

239 2362 374 2418 pere
405 2347 590 2401 locum
620 2361 744 2402 cum
785 2345 1068 2402 sanctis."
1089 2344 1283 2401 Nullus
1308 2347 1453 2400 enim
1486 2352 1707 2415 propter
1731 2359 1830 2413 op-

239 2444 535 2514 probrium
566 2443 868 2498 senectutis
896 2453 988 2498 aut
1011 2442 1338 2512 juventutis,
1373 2442 1458 2496 vel
1486 2441 1826 2495 nobilitatem

239 2539 486 2607 generis,
531 2553 562 2592 a
593 2539 837 2608 parvulis
867 2544 920 2594 et
954 2539 1136 2592 minus
1155 2535 1386 2591 eruditis
1407 2579 1420 2600 ,
1453 2536 1498 2590 si
1527 2535 1657 2605 quid
1690 2534 1829 2588 forte

239 2639 326 2684 est
358 2630 621 2686 utilitatis
640 2640 732 2684 aut
749 2631 963 2696 salutis,
981 2629 1255 2700 inquirere
1279 2629 1538 2699 negligat.
1562 2627 1665 2695 Qui
1684 2629 1827 2682 enim

241 2723 532 2778 rebelliter
555 2725 707 2791 vivit,
736 2734 791 2779 et
815 2725 1025 2780 discere
1047 2733 1208 2793 atque
1233 2738 1393 2793 agere
1421 2724 1560 2777 bona
1587 2728 1826 2787 recusat,

241 2819 425 2890 magis
448 2817 656 2873 diaboli
686 2835 847 2890 quam
872 2818 1078 2874 Christi
1110 2818 1415 2873 membrum
1444 2833 1566 2872 esse
1596 2817 1832 2871 ostendi-

244 2919 359 2976 tur,
403 2921 458 2965 et
508 2912 691 2980 potius
744 2911 978 2966 inﬁdelis
1022 2925 1184 2980 quam
1245 2908 1420 2964 ﬁdelis
1467 2918 1825 2963 monstratur.

243 3001 540 3069 Quomodo
559 3017 692 3072 ergo
723 3019 829 3057 non
861 3001 1117 3056 omnibus
1161 3001 1267 3057 hoc
1296 3000 1530 3054 amabile
1557 3009 1662 3066 est,
1694 3016 1832 3055 cna-

1931 541 2210 596 vexerant,
2237 531 2576 585 transierunt
2598 538 2652 584 et
2670 530 2840 602 fugati
2870 541 3017 586 sunt.
3044 533 3088 564 ⁸⁸
3105 531 3243 598 Quia
3264 550 3393 604 ergo
3415 538 3505 593 alii

1929 624 2147 693 quidem
2175 623 2428 678 homines
2468 625 2793 692 patiuntur,
2841 624 2932 677 alii
2976 625 3244 694 patientes
3291 637 3506 694 sanant,

1930 730 2098 769 causa
2129 714 2247 769 sine
2275 713 2443 769 dubio
2469 715 2554 768 vel
2580 716 2822 786 patiendi
2860 716 2944 770 vel
2971 716 3201 771 curandi
3235 719 3511 773 noscenda

1929 817 2053 875 est;
2089 823 2211 877 quae
2242 822 2351 862 non
2380 809 2486 862 alia
2519 824 2666 872 esse,
2702 824 2867 879 quam
2899 808 3236 879 patientibus
3267 812 3510 879 quidem,

1932 899 2290 968 inﬁdelitatis,
2335 902 2659 956 curantibus
2705 916 2870 967 vero,
2902 901 3047 962 ﬁdei,
3082 901 3509 956 demonstratur.

1929 991 2226 1048 lnﬁdelitas
2256 993 2404 1048 enim
2445 994 2576 1048 dum
2622 1009 2732 1048 non
2764 995 2940 1048 credit
2973 994 3216 1049 futurum
3248 995 3343 1050 Dei
3372 995 3515 1065 judi—

1929 1084 2073 1139 cium
2095 1121 2110 1152 ,
2143 1087 2406 1156 peccandi
2447 1086 2723 1141 licentiam
2766 1086 3003 1156 prtebet;
3049 1093 3333 1156 peccatum
3361 1103 3519 1152 vero,

1931 1176 2206 1232 hominem
2234 1178 2584 1247 passionibus
2613 1178 2910 1233 obnoxium
2944 1178 3091 1232 facit.
3118 1177 3280 1234 Fides
3311 1187 3512 1246 autem,

1934 1267 2184 1323 futurum
2218 1269 2313 1325 Dei
2336 1269 2605 1340 judicium
2645 1287 2768 1326 esse
2795 1271 3045 1337 credens,
3075 1272 3320 1327 continet
3342 1272 3518 1326 homi-

1933 1378 2031 1415 nes
2061 1376 2090 1415 a
2123 1371 2371 1432 peccato.
2400 1362 2518 1417 Non
2559 1373 2852 1433 peccantes
2882 1379 3012 1417 vero
3033 1405 3049 1429 ,
3083 1381 3192 1418 non
3237 1365 3415 1420 solum
3449 1364 3517 1417 li-

1931 1454 2048 1510 beri
2070 1462 2199 1510 sunt
2220 1471 2249 1509 a
2269 1455 2611 1510 daemonibus
2632 1463 2685 1509 et
2705 1455 3076 1525 passionibus,
3101 1472 3287 1510 verum
3305 1463 3358 1510 et
3378 1456 3512 1509 alio-

1932 1563 2050 1601 rum
2081 1547 2354 1603 dtemones
2377 1555 2430 1603 et
2461 1549 2749 1618 passiones
2773 1547 2961 1619 fugare
2986 1557 3239 1618 possunt.
3272 1549 3405 1602 “Ex
3427 1549 3516 1605 his

1930 1653 2062 1711 ergo
2093 1642 2349 1697 omnibus
2375 1642 2668 1710 colligitur,
2709 1642 2857 1712 quod
2889 1643 3044 1712 origo
3078 1643 3245 1696 totius
3288 1643 3416 1695 mali
3444 1643 3514 1696 ab

1936 1731 2245 1800 ignorantia
2286 1733 2607 1798 descendat,
2641 1743 2693 1787 ct
2724 1733 2839 1802 ipsa
2870 1733 2941 1788 sit
2977 1735 3218 1788 omnium
3248 1736 3515 1792 malorum

1935 1832 2128 1889 mater,
2147 1840 2268 1894 quae
2281 1825 2491 1880 incuria
2509 1834 2564 1879 et
2580 1826 2794 1896 ignavia
2811 1827 3071 1898 gignitur,
3085 1827 3409 1897 negligentia
3423 1846 3508 1882 ve-

1932 1929 1994 1970 ro
2012 1916 2178 1970 alitur
2192 1918 2506 1987 etaugetur,
2532 1924 2694 1988 atque
2713 1917 2768 1971 in
2789 1919 3043 1972 sensibus
3063 1918 3346 1972 hominum
3369 1919 3518 1972 radi—

1931 2015 2107 2072 catur,
2126 2009 2256 2063 dum
2287 2016 2524 2075 amatur;
2562 2025 2726 2079 quam
2755 2010 2799 2064 si
2832 2011 2956 2080 quis
2993 2009 3135 2064 forte
3157 2009 3350 2064 doceat
3373 2011 3515 2066 ell'u-

1931 2103 2164 2172 gandam
2195 2103 2344 2158 velut
2374 2102 2616 2172 antiquis
2646 2109 2699 2156 et
2727 2100 3092 2157 hzereditariis
3124 2102 3373 2164 sedibus,
3404 2116 3519 2154 mo-

1931 2193 2068 2248 leste
2095 2201 2150 2248 et
2186 2194 2538 2264 indignanter
2567 2192 2841 2248 avellitur.
2879 2192 2945 2246 Et
2965 2193 3088 2248 ideo
3119 2193 3401 2263 paululum
3434 2193 3517 2248 la-

1930 2286 2237 2340 borandum
2288 2285 2448 2342 nobis
2500 2283 2606 2350 est,
2642 2293 2702 2339 ut
2762 2284 3134 2355 indignantes,
3198 2287 3518 2356 ignorantiae

1932 2377 2410 2447 praesumptionem
2443 2377 2688 2432 scientiae
2719 2378 2930 2432 ratione
2963 2393 3314 2444 resecemus;
3349 2379 3401 2431 in
3432 2378 3517 2433 his

1932 2468 2226 2538 prarcipue,
2253 2469 2346 2539 qui
2383 2469 2437 2522 in
2460 2469 2739 2540 aliquibus
2765 2469 2947 2523 minus
2971 2469 3134 2525 rectis
3164 2469 3518 2539 opinionibus

1933 2560 2192 2630 praaventi
2233 2568 2382 2623 sunt,
2418 2576 2514 2631 per
2560 2576 2721 2630 quas,
2754 2560 2912 2631 quasi
2941 2562 3044 2616 sub
3072 2561 3254 2630 specie
3280 2562 3516 2631 alicujus

1932 2652 2199 2713 scientia},
2236 2654 2548 2722 ignorantia
2605 2653 2663 2706 in
2695 2653 2782 2708 his
2839 2653 3219 2708 vehementius
3268 2653 3518 2708 radicata

1931 2752 2035 2800 est.
2060 2744 2208 2799 Nihil
2238 2746 2385 2800 enim
2413 2754 2496 2801 est
2528 2746 2772 2816 gravius,
2801 2761 2964 2818 quam
2985 2746 3032 2801 si
3063 2745 3117 2799 id
3134 2747 3277 2817 quod
3305 2747 3518 2817 ignorat

1931 2839 2080 2907 quis,
2113 2839 2253 2894 scire
2284 2854 2342 2894 se
2370 2838 2578 2904 credat,
2607 2845 2662 2893 et
2692 2838 2950 2893 defendat
2979 2855 3165 2894 verum
3197 2856 3339 2904 esse,
3369 2841 3516 2910 quod

1935 2930 2135 2985 falsum
2160 2938 2274 2986 est:
2304 2930 2453 3000 quod
2479 2931 2590 2985 tale
2616 2938 2721 2994 est,
2753 2931 2915 3000 quale
2947 2931 2994 2986 si
3027 2933 3153 3002 quis
3182 2933 3368 2988 ebrius
3420 2949 3515 2988 so-

1934 3023 2114 3076 brium
2166 3039 2226 3078 se
2273 3031 2448 3092 putet,
2480 3031 2533 3078 et
2563 3031 2689 3092 agat
2720 3023 2942 3092 quidem
2969 3032 3168 3078 cuncta
3211 3031 3270 3077 ut
3300 3025 3514 3090 ebrius,

243 3097 467 3166 etisque
489 3104 846 3165 exoptatum,
881 3104 939 3149 ut
966 3110 1087 3165 qua:
1115 3094 1364 3165 ignorat,
1389 3095 1586 3161 discat,
1629 3101 1682 3148 et
1711 3109 1825 3164 qua!

1937 3115 2180 3168 sobrium
2214 3130 2273 3170 se
2299 3122 2482 3169 tamen
2512 3122 2566 3169 et
2616 3116 2734 3186 ipse
2761 3123 2936 3184 putet,
2970 3120 3025 3170 et
3048 3115 3158 3170 dici
3213 3130 3243 3169 a
3298 3117 3516 3171 cmteris

242 3188 529 3252 didicerit,
558 3188 784 3243 doceat?
813 3187 857 3219 ³⁸
875 3186 1256 3243 Certissimum
1283 3203 1518 3258 namque
1544 3193 1649 3253 est,
1681 3187 1824 3256 quod

242 3297 427 3352 neque
459 3282 724 3348 amicitia,
765 3297 942 3350 neque
970 3281 1352 3350 propinquitas
1382 3281 1619 3350 generis,
1651 3295 1829 3348 neque

241 3375 403 3445 regni
437 3375 771 3438 sublimitas,
802 3375 1012 3429 homini
1043 3376 1202 3429 debet
1222 3387 1345 3430 esse
1368 3374 1657 3442 pretiosior
1681 3374 1828 3427 veri-

243 3478 378 3536 tate,
409 3471 539 3539 quia
566 3469 702 3522 nihil
729 3477 814 3524 est
839 3471 1134 3538 pretiosius
1151 3470 1354 3522 anima.
1381 3467 1707 3523 "Dominus
1729 3483 1826 3521 au-

242 3569 356 3616 tem
389 3570 610 3615 creator
633 3562 914 3626 omnium,
962 3575 1030 3616 ex
1060 3561 1219 3615 initio
1242 3562 1310 3614 ad
1341 3561 1633 3631 imaginem
1671 3577 1827 3616 suam

241 3655 526 3710 hominem
579 3653 728 3719 fecit,
787 3654 947 3722 eique
994 3653 1427 3708 dominationem
1473 3663 1656 3719 terrai,
1705 3669 1824 3707 ma-

241 3749 434 3818 risque
485 3755 542 3802 et
594 3747 737 3802 aeris
797 3747 970 3817 ipsius
1034 3746 1222 3814 dedit,
1279 3748 1671 3815 veritatemque
1741 3749 1825 3800 in-

238 3843 468 3910 quirere
521 3839 803 3909 praecepit,
854 3842 998 3895 sicut
1047 3847 1103 3894 et
1154 3855 1314 3894 verus
1362 3841 1521 3894 nobis
1560 3841 1825 3910 propheta

240 3933 546 3996 enarravit,
582 3939 635 3986 et
681 3932 797 4001 ipsa
842 3946 1023 3986 rerum
1063 3930 1204 3985 ratio
1247 3931 1425 3986 docet.
1485 3929 1646 3986 Solus
1679 3933 1824 3985 enim

243 4025 410 4078 homo
445 4024 737 4078 rationalis
772 4031 892 4090 est,
927 4032 980 4079 et
1008 4039 1354 4094 consequens
1385 4033 1489 4093 est,
1515 4035 1575 4080 ut
1602 4028 1743 4082 ratio
1768 4030 1822 4083 in

242 4117 610 4173 rationalibus
639 4118 681 4148 "
726 4118 1060 4173 dominetur.
1086 4117 1188 4172 Hic
1216 4121 1361 4174 enim
1397 4120 1465 4175 ab
1495 4121 1674 4188 initio,
1700 4139 1822 4178 cum

241 4210 427 4264 adhuc
446 4210 636 4278 justus
662 4219 828 4274 esset,
861 4213 1076 4266 cunctis
1098 4213 1245 4268 vitiis
1268 4222 1324 4269 et
1347 4215 1496 4268 omni
1532 4215 1822 4286 fragilitate

241 4304 499 4373 superior
553 4313 705 4369 erat;
757 4303 847 4358 ubi
897 4312 1078 4359 autem
1127 4307 1394 4375 peccavit,
1433 4317 1486 4361 et
1516 4306 1694 4363 factus
1739 4317 1823 4363 est

241 4412 440 4453 servus
469 4397 704 4466 peccati,
736 4398 897 4451 simul
921 4405 974 4451 et
1022 4397 1303 4468 fragilitati
1343 4399 1582 4455 efﬁcitur
1607 4402 1821 4458 debitor

1933 3209 2079 3262 velit.
2108 3206 2188 3260 Ita
2224 3217 2499 3277 suntergo
2527 3216 2582 3262 et
2601 3207 2680 3271 hi,
2703 3209 2798 3279 qui
2815 3208 3136 3278 ignorantes
3149 3207 3294 3278 quod
3325 3224 3516 3262 verum

1930 3310 2037 3363 est.
2087 3301 2327 3371 speciem
2377 3308 2562 3355 tamen
2616 3302 2852 3371 alicujus
2913 3300 3158 3356 scientize
3215 3308 3421 3364 tenent,
3459 3310 3515 3356 et

1930 3395 2072 3449 mala
2113 3394 2270 3464 quasi
2303 3394 2446 3447 bona
2481 3401 2700 3464 gerunt,
2731 3401 2896 3463 atque
2924 3393 2992 3446 ad
3026 3393 3321 3462 perniciem
3354 3395 3513 3462 quasi

1927 3487 1995 3540 ad
2023 3487 2257 3541 salutem
2289 3485 2575 3541 festinant.
2610 3486 2654 3516 ³¹
2682 3483 2913 3555 Propter
2966 3484 3114 3555 quod
3175 3491 3300 3539 ante
3327 3485 3514 3539 omnia

1926 3577 2335 3648 properandum
2367 3585 2451 3632 est
2483 3577 2550 3630 ad
2582 3576 2916 3646 agnitionem
2943 3576 3215 3642 veritatis,
3247 3585 3306 3629 ut
3333 3577 3516 3646 possi-

1927 3686 2073 3734 mus,
2109 3670 2266 3740 quasi
2301 3669 2508 3724 lumine
2539 3669 2698 3723 nobis
2731 3668 2858 3723 inde
2889 3683 3125 3723 accenso
3155 3668 3222 3732 ³³,
3258 3682 3511 3722 errorum

1927 3763 2181 3819 tenebras
2208 3762 2499 3832 depellere.
2542 3761 2762 3816 Grande
2789 3761 2934 3816 enim
2962 3762 3166 3814 malum
3204 3770 3310 3828 est,
3343 3769 3403 3814 ut
3429 3762 3514 3815 di-

1925 3858 2126 3921 ximus,
2157 3855 2503 3924 ignorantia;
2528 3853 2623 3909 sed
2639 3855 2767 3924 quia
2795 3854 3162 3908 substantiam
3184 3868 3294 3906 non
3326 3853 3510 3918 habet,

1926 3946 2084 4000 facile
2120 3947 2189 4001 ab
2225 3946 2333 4009 his,
2385 3946 2479 4016 qui
2540 3945 2782 4002 studiosi
2839 3954 2990 4009 sunt,
3037 3945 3333 4016 cﬁ'ugatur.
3392 3944 3511 3998 Non

1923 4039 2070 4094 enim
2103 4039 2251 4094 aliud
2269 4046 2354 4093 est
2381 4039 2714 4109 ignorantia,
2742 4039 2850 4092 nisi
2881 4055 2990 4092 non
3014 4039 3338 4109 cognovisse
3365 4041 3511 4107 quod

1922 4131 2161 4203 expedit.
2213 4131 2316 4187 Ubi
2374 4141 2553 4187 autem
2581 4132 2902 4203 cognoveris
2925 4171 2938 4197 ,
2965 4133 3105 4201 perit
3154 4131 3499 4201 ignorantia.

1923 4226 2101 4291 Quaeri
2133 4241 2262 4297 ergo
2282 4241 2612 4296 magnopere
2631 4226 2790 4280 debet
2811 4226 3058 4280 veritatis
3086 4225 3314 4292 agnitio,
3348 4239 3510 4292 quam

1924 4335 2084 4374 nemo
2111 4320 2254 4374 alius
2287 4321 2571 4388 assignare
2602 4328 2805 4388 potest,
2841 4318 2948 4372 nisi
3001 4332 3163 4370 verus
3221 4317 3488 4384 prOpheta

1931 4411 2054 4465 llaec
2083 4411 2228 4466 enim
2256 4409 2301 4442 “
2328 4411 2415 4463 via
2448 4410 2491 4440 ³⁵
2525 4419 2640 4474 est,
2681 4411 2847 4463 vitam
2900 4409 3211 4463 volentibus
3271 4409 3484 4478 ingredi

237 4499 295 4546 et
324 4489 622 4544 obnoxius.
671 4487 825 4555 Quod
858 4489 1065 4544 idcirco
1096 4492 1359 4562 scriptum
1390 4502 1497 4555 est,
1547 4502 1604 4548 ut
1645 4495 1825 4551 sciant

1929 4510 1981 4557 et
2012 4517 2285 4557 summum
2315 4502 2358 4532 ³⁸
2388 4503 2489 4556 iter
2521 4503 2787 4556 bonorum
2812 4516 3036 4571 Operum
3063 4504 3415 4571 pergentibus
3442 4505 3508 4558 ad

239 4582 534 4645 homines,
581 4583 710 4652 quia
749 4582 892 4636 sicut
933 4598 1000 4636 ex
1039 4582 1316 4652 impietate
1361 4586 1652 4654 passibiles
1693 4587 1822 4642 facti

242 4685 399 4742 sunt,
439 4676 515 4729 ita
544 4691 640 4745 per
666 4675 920 4745 pietatem
946 4685 1175 4745 possunt
1193 4692 1319 4732 esse
1346 4679 1714 4748 impassihiles
1733 4681 1778 4712 ’⁸
1805 4701 1819 4736 :

239 4777 296 4823 et
325 4783 440 4822 non
464 4769 642 4823 solum
668 4768 1056 4838 impassibiles,
1080 4785 1268 4823 verum
1290 4779 1343 4824 et
1373 4785 1538 4840 parva
1569 4773 1622 4826 in
1653 4772 1821 4828 Deum

238 4861 346 4917 ﬁde
369 4861 604 4914 aliorum
630 4861 914 4930 passiones
936 4871 1216 4918 curantes.
1251 4861 1329 4916 Ita
1348 4864 1493 4918 enim
1524 4881 1688 4920 verus
1710 4868 1824 4935 ipse

238 4955 510 5025 propheta
539 4954 812 5024 promisit,
843 4954 1034 5010 dicens
1061 4975 1073 5010 ς
1107 4957 1273 5011 Amen
1303 4957 1418 5011 dico
1450 4957 1613 5021 vobis,
1653 4961 1699 5012 si
1725 4960 1822 5014 ha—

239 5048 466 5103 bueritis
505 5046 665 5116 ﬁdem
706 5049 842 5101 sicut
883 5059 1108 5119 granum
1152 5051 1394 5120 sinapis,
1426 5051 1610 5105 dicetis
1655 5055 1822 5108 monti

237 5142 363 5194 huic
391 5155 410 5193 :
445 5139 640 5194 Transi
675 5139 817 5204 hinc,
840 5149 889 5196 et
921 5143 1166 5196 transibit
1183 5145 1248 5198 ’⁸.
1279 5143 1454 5214 Hujus
1479 5146 1627 5200 vocis
1655 5147 1819 5202 etiam

237 5251 338 5290 vos
368 5233 474 5302 ipsi
513 5232 842 5288 documenta
885 5236 1127 5304 cepistis,
1167 5244 1221 5292 et
1252 5238 1366 5307 jam
1397 5236 1539 5292 facta
1572 5239 1820 5308 quaedam

237 5343 337 5397 per
386 5327 684 5396 magistros
719 5334 959 5394 uestros,
1002 5328 1151 5398 ipsos
1200 5331 1455 5386 videlicet
1503 5334 1814 5402 apostolos,

239 5435 352 5473 non
379 5420 684 5489 ignoratis;
719 5420 870 5489 quia,
897 5423 1206 5480 astantibus
1232 5425 1410 5493 nobis,
1442 5441 1631 5482 eorum
1663 5429 1822 5483 meri.

290 5564 336 5594 ²²
371 5559 644 5633 Recognit.
675 5575 773 5633 AIV,
818 5560 967 5633 c._5.
999 5563 1125 5633 Ad”
1153 5562 1426 5633 Recognit.
1475 5577 1562 5625 ιιι,
1607 5578 1656 5618 c.
1712 5562 1800 5617 67.

216 5634 261 5665 “
297 5634 433 5686 Ans.
490 5629 626 5686 Luc.
673 5631 766 5686 lib.
812 5647 830 5685 ι
877 5629 943 5684 1η
995 5629 1312 5689 Ψὶὁενιιιιιιξ

217 5707 260 5736 ²⁹
292 5705 487 5757 Matth.
522 5717 654 5775 svn,
685 5703 772 5775 194.
881 5701 925 5734 ³⁵
955 5703 1225 5775 Rccognit.
1269 5719 1320 5768 v,
1357 5720 1406 5758 ε.
1434 5705 1487 5775 5.

1426 5634 1470 5664 ³⁸
1513 5633 1780 5703 Recognit.
1827 5650 1888 5698 ν,
1936 5649 1985 5689 c.
2013 5635 2069 5692 2.

1601 5705 1643 5735 ³¹
1679 5703 1945 5774 Recognit.
1987 5721 2038 5771 v,
2070 5721 2118 5760 c.
2166 5705 2218 5760 4.

1928 4594 2204 4648 civitatem
2235 4593 2450 4647 salutis.
2472 4593 2513 4625 ³⁷
2548 4591 2603 4645 Si
2632 4593 2756 4662 quis
2786 4607 2919 4647 sane
2950 4593 3180 4647 audiens
3199 4609 3506 4649 sermonem

1931 4689 2043 4744 veri
2093 4687 2372 4758 prophetae
2414 4686 2544 4740 velit
2571 4692 2665 4739 aut
2695 4684 2832 4737 nolit
2866 4684 3109 4754 recipere
3141 4692 3196 4739 et
3252 4685 3506 4755 amplecti

1929 4797 2071 4838 onus
2100 4780 2242 4850 ejus,
2277 4779 2330 4833 id
2359 4785 2446 4833 est
2473 4779 2727 4832 mandata
2759 4777 2903 4841 vitae,
2943 4777 3106 4832 habet
3129 4794 3184 4831 in
3213 4794 3311 4833 sua
3354 4786 3507 4847 pote-

1931 4883 2100 4941 state;
2144 4874 2304 4928 liberi
2332 4872 2477 4927 cnim
2499 4887 2690 4926 sumus
2708 4871 2944 4926 arbitrii.
2969 4869 3104 4924 Nam
3131 4872 3175 4925 si
3208 4872 3311 4926 hoc
3334 4878 3502 4935 esset,

1927 4976 1984 5021 ut
2013 4966 2261 5021 videntes
2286 4979 2372 5027 ea,
2401 4964 2515 5034 jam
2542 4979 2649 5018 non
2680 4963 2946 5018 haberent
2973 4964 3027 5016 in
3056 4971 3328 5034 potestate
3354 4965 3502 5018 aliud

1923 5059 2121 5122 facere,
2156 5073 2321 5129 quam
2351 5057 2639 5111 audierant
2666 5075 2678 5124 ;
2709 5056 2793 5110 vis
2822 5063 2940 5110 erat
2969 5057 3218 5126 qumdam
3266 5063 3498 5121 naturae,

1924 5168 2018 5221 per
2053 5166 2216 5224 quam
2247 5150 2479 5204 liberum
2502 5165 2609 5202 non
2636 5158 2781 5204 esset
2810 5149 2877 5202 ad
2912 5149 3076 5203 aliam
3105 5150 3344 5220 migrare
3373 5165 3498 5203 sen-

1921 5245 2169 5300 tentiam.
2202 5243 2311 5296 Aut
2340 5242 2388 5298 si
2417 5257 2611 5297 rursus
2650 5259 2717 5295 ex
2763 5242 3116 5298 audientibus
3157 5243 3342 5298 nullus
3381 5256 3494 5296 om-

1923 5337 2055 5392 nino
2084 5337 2371 5406 reciperet,
2408 5345 2461 5391 et
2506 5335 2610 5389 hoc
2642 5342 2852 5389 natura:
2879 5335 2962 5390 vis
2994 5343 3132 5398 erat,
3170 5350 3289 5404 qua:
3328 5352 3494 5388 unum

1926 5429 2132 5500 aliquid
2161 5429 2275 5487 ﬁeri
2303 5435 2614 5500 cogeret,et
2633 5428 2792 5483 alteri
2810 5427 2956 5498 parti
2974 5442 3083 5482 non
3108 5429 3261 5482 daret
3292 5427 3491 5482 locum.

1916 5562 1962 5595 "
1993 5563 2129 5622 Dist.
2162 5546 2254 5626 "0'8,
2286 5563 2486 5618 Nullus
2519 5566 2811 5635 episwpus.
2845 5591 2917 5605 ——
2946 5564 3214 5635 Rccognil.
3249 5581 3284 5632 ι,
3320 5583 3369 5621 c.
3408 5570 3499 5625 67.

2181 5636 2225 5667 ³⁷
2258 5637 2540 5689 rationalis
2576 5638 3062 5690 irrationabitibus:
3165 5640 3210 5669 ³⁸
3247 5638 3499 5703 ἀπαθεῖς.

2181 5705 2269 5777 I.“
2334 5707 2376 5737 ³²
2408 5707 2678 5777 Recognit.
2725 5708 2879 5769 ihid.,
2905 5723 2953 5762 c.
2990 5706 3040 5761 5.
3153 5707 3199 5739 ⁸³
3232 5727 3498 5767 succenso.

217 5775 261 5806 "
298 5775 482 5854 Ms.et
510 5771 806 5858 ,Recognit.
852 5785 1007 5843 porta
1056 5771 1132 5830 est
1178 5775 1321 5840 vitae,
1369 5774 1660 5830 volentibus
1700 5771 1927 5845 ingredi,
1969 5785 2016 5829 ct
2061 5779 2179 5830 iter.
2226 5771 2566 5835 llsunutsus:
2639 5779 2683 5808 "
2721 5791 2896 5844 portu.
2974 5779 3019 5809 “
3048 5780 3254 5833 semita.
3333 5782 3374 5811 ³⁷
3402 5781 3501 5836 κυ-

218 5847 442 5915 cogm't.,
474 5859 525 5909 v,
558 5859 609 5900 c.
643 5845 693 5897 6.
