3896 6174
419 342 526 398 495

1310 337 1368 394 S.
1404 335 1803 395 CLEMENTIS
1836 340 1855 393 l
1892 337 2056 394 ROM.
2094 336 2294 394 PONT.
2332 335 2555 395 OPERA
2593 330 2818 397 DUBIA.

3568 343 3671 399 496

420 459 574 514 Nunc
602 467 805 524 autem,
838 459 966 530 quia
993 458 1224 512 liberum
1254 465 1337 511 est
1356 457 1563 521 animo,
1595 457 1651 511 in
1675 472 1836 528 quam
1862 458 1993 513 velit
2024 466 2069 520 Λ
2100 474 2450 515 concurrere.
2480 459 2710 531 Propter
2741 461 2845 514 hoc
2891 458 3126 528 denique
3179 470 3341 511 verus
3379 456 3668 526 propheta,

420 561 627 622 partem
659 551 938 605 declinare
980 550 1252 619 judicium
1290 565 1473 613 suum,
1504 558 1559 603 et
1588 565 1753 620 quam
1800 551 1998 620 proba-

418 645 572 707 verit,
608 644 810 712 eligere
842 642 1017 708 viam;
1046 648 1264 697 constat
1281 641 1583 707 evidenter,
1606 644 1790 697 inesse
1824 643 1998 697 homi-

416 737 585 791 nibus-
628 734 840 789 arbitrii
880 734 1206 787 libertatem.
1241 733 1287 764 ³⁸
1315 732 1484 803 Igitur
1538 734 1862 803 priusquam
1894 750 1993 787 au-

415 826 529 881 diat
554 828 699 898 quis,
733 826 877 896 quod
906 826 954 881 ei
982 826 1221 895 expedit,
1254 834 1464 880 certum
1481 834 1565 880 est
1591 827 1720 896 quia
1751 827 1987 896 ignoret:

415 928 466 973 et
499 920 756 990 ignorans
782 918 900 971 vult
941 925 995 972 et
1047 916 1351 981 desiderat,
1408 916 1555 986 quod
1609 932 1718 971 non
1772 916 1994 987 expedit

415 1027 595 1081 agere,
628 1017 853 1081 propter
907 1007 1055 1077 quod
1099 1022 1199 1078 pro
1226 1008 1330 1062 hoc
1360 1023 1467 1061 non
1498 1007 1801 1077 judicatur.
1852 1010 1993 1065 Cum

412 1119 542 1159 vero
569 1104 803 1159 audierit
834 1116 1031 1156 causas
1066 1100 1271 1155 erroris
1302 1101 1420 1164 sui,
1449 1108 1505 1155 et
1546 1100 1819 1155 rationem
1852 1102 1993 1156 veri-

410 1195 539 1251 tatis
582 1194 875 1264 acceperit,
932 1202 1063 1247 tunc
1095 1194 1142 1247 si
1195 1194 1560 1262 permanserit
1591 1195 1644 1247 in
1674 1194 1758 1249 his
1790 1195 1991 1248 errori-

408 1287 514 1343 bus
536 1326 551 1352 ,
602 1287 805 1358 quibus
837 1287 1040 1341 dudum
1070 1285 1248 1339 fuerat
1281 1294 1608 1356 praeventus,
1676 1293 1825 1341 recte
1875 1286 1987 1356 jam

407 1379 693 1433 vocabitur
744 1378 809 1431 ad
837 1378 1127 1448 judicium,
1159 1378 1389 1434 daturus
1419 1394 1609 1449 pmuas
1632 1419 1647 1442 ,
1696 1379 1825 1449 quia
1862 1379 1989 1433 vitae

407 1470 574 1540 hujus
605 1470 868 1541 spatium,
897 1470 1043 1540 quod
1075 1469 1142 1523 ad
1164 1470 1303 1525 bene
1321 1471 1613 1525 vivendum
1652 1470 1896 1541 accepit,
1930 1473 1986 1525 in

405 1562 663 1618 ludibriis
690 1564 1097 1632 consumpserit
1124 1577 1396 1617 errorum.
1455 1562 1559 1628 Qui
1592 1579 1720 1618 vero
1757 1563 1985 1618 audiens

407 1655 545 1721 hmo,
576 1655 807 1711 libenter
850 1656 1071 1725 accipit,
1102 1662 1157 1710 et
1209 1656 1520 1726 gratulatur
1566 1657 1834 1710 bonorum
1877 1656 1983 1711 sibi

405 1748 712 1804 doctrinam
772 1746 945 1803 fuisse
1002 1748 1267 1814 delatam;
1313 1749 1557 1818 requirat
1612 1748 1899 1812 intentius,
1929 1756 1984 1803 et

2102 567 2229 604 cum
2265 562 2411 607 esset
2440 569 2680 623 praesens
2720 554 3026 615 nobiscum,
3055 559 3108 606 et
3138 550 3400 620 quosdam
3429 565 3498 603 ex
3530 551 3676 606 divi-

2102 645 2251 699 tibus
2282 647 2619 716 negligentes
2642 662 2772 717 erga
2799 646 2897 701 Dei
2925 646 3133 699 cultum
3151 644 3379 708 videret,
3405 644 3574 712 hujus
3594 647 3672 700 rei

2102 733 2175 786 ita
2207 736 2426 803 aperuit
2459 737 2780 792 veritatem:
2818 736 2985 790 Nemo
3019 745 3207 804 potest,
3234 736 3431 805 inquit,
3464 737 3673 792 duobus

2100 824 2329 880 dominis
2360 829 2591 892 servire;
2647 837 2734 883 et:
2770 828 2893 883 Non
2941 829 3156 897 potestis
3207 827 3315 881 Deo
3373 830 3568 882 servire
3622 838 3675 884 et

2096 933 2411 973 mammona:
2433 920 2509 985 “;
2536 936 2867 984 mammona,
2906 922 3080 991 patria
3104 935 3293 975 eorum
3323 936 3477 987 voce,
3529 922 3674 976 divi-

2094 1011 2197 1066 tias
2231 1026 2454 1067 vocans.
2483 1012 2529 1043 “
2548 1012 2648 1067 Hic
2696 1027 2825 1083 ergo
2853 1029 3016 1067 verus
3048 1011 3332 1081 propheta,
3356 1012 3451 1082 qui
3484 1013 3540 1066 in
3569 1011 3671 1067 Ju-

2093 1101 2208 1156 daea
2236 1104 2395 1159 nobis
2429 1105 2705 1174 apparuit,
2747 1115 2805 1160 ut
2828 1104 3090 1172 audistis;
3114 1106 3230 1175 qui,
3250 1113 3401 1160 stans
3427 1108 3668 1176 publice,

2093 1195 2208 1249 sola
2234 1196 2485 1264 jussione
2513 1196 2751 1252 faciebat
2780 1213 2954 1253 caecos
2985 1198 3193 1261 videre,
3227 1198 3423 1253 surdos
3450 1199 3668 1264 audire,

2092 1284 2313 1356 fugabat
2348 1289 2641 1352 daemones,
2666 1290 2823 1359 agris
2851 1291 3136 1344 sanitatem
3163 1290 3420 1343 reddebat
3448 1300 3503 1343 et
3529 1308 3674 1344 inor-

2090 1377 2200 1433 tuis
2223 1379 2422 1435 vitam:
2466 1396 2700 1451 cumque
2720 1382 2856 1435 nihil
2877 1390 3023 1436 esset
3040 1382 3088 1435 ei
3108 1382 3468 1451 impossibile,
3498 1384 3671 1437 etiam

2088 1473 2448 1542 cogitationes
2478 1472 2761 1527 hominum
2812 1472 3151 1543 pervidebat,
3199 1474 3342 1543 quod
3395 1474 3532 1528 nulli
3586 1485 3671 1530 est

2089 1565 2377 1634 possibile,
2408 1564 2518 1619 nisi
2548 1564 2653 1621 soli
2684 1563 2816 1619 Deo.
2877 1563 2978 1619 Hic
3025 1565 3389 1619 annuntiabat
3435 1581 3671 1637 regnum

2088 1655 2217 1723 Dei;
2255 1656 2345 1711 cui
2377 1671 2481 1711 nos
2531 1656 2599 1712 de
2624 1658 2885 1713 omnibus
2936 1674 3058 1728 qua:
3102 1658 3349 1725 dicebat,
3404 1666 3671 1729 tanquam

2084 1763 2214 1803 vero
2245 1747 2545 1817 propheta,
2572 1748 2850 1805 credimus
2876 1769 2891 1816 ;
2941 1749 3252 1805 firmitatem
3303 1749 3428 1805 ﬁdei
3460 1761 3670 1807 nostra:

404 1841 616 1897 discere
652 1856 763 1895 non
814 1840 1052 1907 desinat,
1096 1855 1386 1911 usquequo
1434 1850 1753 1911 cognoscat,
1802 1840 1849 1895 si
1896 1849 1981 1895 est
2012 1834 2053 1887 Β
2084 1854 2193 1893 non
2225 1840 2403 1893 solum
2426 1854 2493 1893 ex
2524 1840 2709 1895 verbis
2730 1841 2872 1909 ejus,
2891 1843 2985 1896 sed
3002 1850 3057 1896 et
3085 1842 3344 1912 operibus
3374 1858 3671 1898 assumen-

402 1948 528 1987 vere
557 1932 704 1986 aliud
736 1933 1018 1998 saeculum,
1070 1935 1128 1986 in
1156 1947 1266 2002 quo
1294 1932 1455 1988 bonis
1506 1933 1727 2002 prazmia
1768 1946 1981 2001 praepa-

402 2033 521 2078 rata
549 2025 676 2079 sint.
708 2022 772 2078 Et
801 2038 926 2079 cum
953 2032 1138 2079 certus
1171 2025 1238 2079 de
1268 2024 1375 2079 hoc
1404 2022 1592 2088 fuerit,
1626 2024 1833 2094 gratias
1858 2031 1982 2093 agat

372 2116 539 2181 “Deo,
596 2117 742 2187 quod
774 2115 879 2173 sibi
910 2117 1159 2173 veritatis
1205 2118 1387 2172 lumen
1418 2118 1763 2180 ostenderit,
1803 2130 1866 2170 ac
1916 2115 1984 2171 de

404 2217 607 2263 caetero
637 2209 837 2281 dirigat
868 2217 1026 2265 actus
1058 2224 1189 2264 suos
1216 2209 1271 2263 in
1302 2209 1563 2265 omnibus
1589 2209 1852 2279 operibus
1884 2209 1982 2265 ho-

402 2302 510 2364 nis,
542 2314 777 2371 quorum
820 2301 925 2357 sibi
954 2303 1010 2355 in
1067 2298 1254 2356 futuro
1310 2300 1619 2357 mercedem
1675 2311 1859 2357 certus
1897 2311 1982 2359 est

401 2405 784 2463 praeparatam,
818 2392 1096 2449 demirans
1129 2407 1227 2463 per
1259 2395 1446 2450 omnia
1474 2400 1528 2448 et
1555 2403 1785 2465 stupens
1816 2404 1974 2451 caete-

400 2499 589 2539 rorum
612 2486 896 2541 hominum
919 2499 1156 2552 errores,
1185 2495 1239 2541 et
1269 2488 1415 2556 quod
1448 2496 1576 2541 ante
1610 2488 1801 2542 oculos
1832 2489 1981 2557 posi-

401 2584 510 2630 tam
531 2577 817 2632 veritatem
855 2593 1015 2633 nemo
1072 2575 1276 2634 videat.
1324 2576 1447 2648 ipse
1500 2589 1684 2633 tamen
1735 2580 1980 2650 gaudens

402 2685 567 2739 super
587 2666 808 2725 divitias
840 2671 1145 2740 sapientiae,
1172 2687 1312 2741 quas
1331 2672 1559 2736 invenit,
1596 2672 1980 2727 satiabiliter”

400 2759 488 2816 his
522 2760 858 2832 perfruatur,
889 2772 942 2818 et
968 2764 1232 2819 exercitio
1262 2764 1531 2818 bonorum
1562 2779 1790 2834 operum
1834 2764 1974 2819 dele-

400 2861 581 2909 ctetur
602 2894 616 2917 ,
643 2854 913 2911 festinans
937 2858 1003 2910 ad
1035 2857 1294 2911 saeculum
1328 2856 1573 2911 futurum
1592 2856 1796 2911 mundo
1816 2857 1981 2912 corde

403 2955 459 2999 et
491 2961 629 3015 pura
690 2947 1033 3002 conscientia
1062 2949 1350 3017 pervenire
1376 2988 1391 3012 ,
1443 2948 1538 3003 ubi
1594 2950 1760 3003 etiam
1797 2948 1981 3003 videre

401 3033 571 3091 Deum
606 3052 788 3106 regem
815 3040 1059 3093 omnium
1093 3041 1289 3110 possit.
1325 3040 1369 3071 ⁸ο
1393 3039 1490 3094 His
1520 3048 1701 3096 autem
1723 3040 1980 3095 omnibus

400 3146 590 3187 carere
628 3148 728 3186 nos
755 3139 810 3187 et
836 3132 1101 3195 fraudari,
1153 3133 1271 3188 sola
1302 3131 1433 3186 facit
1466 3132 1797 3203 ignorantia.
1839 3130 1976 3185 Dum
2008 3166 2048 3223 Ο

398 3223 542 3277 enim
601 3223 855 3293 ignorant
917 3224 1210 3288 homines,
1267 3231 1535 3294 quantum
1583 3224 1713 3279 boni
1780 3223 1980 3278 habeat

399 3314 653 3380 scientia,
702 3315 1029 3387 ignorantiae
1077 3316 1281 3369 malum
1318 3316 1387 3370 de
1429 3330 1490 3371 se
1535 3331 1646 3370 non
1700 3315 1981 3386 patiuntur

398 3405 655 3473 excludi;
692 3407 949 3462 nesciunt
1004 3408 1152 3462 enim
1199 3415 1405 3477 quanta
1436 3408 1509 3463 sit
1534 3408 1591 3463 in
1618 3409 1813 3464 horum
1850 3424 1975 3477 per-

398 3496 701 3552 mutatione
760 3497 1071 3554 diversitas.
1107 3498 1336 3569 Propter
1371 3501 1516 3571 quod
1563 3502 1857 3557 consilium
1909 3502 1980 3557 do

400 3588 700 3659 unicuique
733 3590 991 3656 discenti,
1028 3591 1260 3647 libenter
1308 3592 1552 3663 praebere
1581 3601 1763 3649 autem
1812 3594 1981 3651 verbo

401 3678 517 3746 Dei,
543 3690 597 3737 et
618 3697 743 3738 cum
771 3698 959 3739 amore
987 3686 1233 3740 veritatis
1255 3687 1449 3741 audire
1478 3702 1598 3756 quae
1625 3687 1885 3752 dicimus,
1918 3696 1979 3742 ut

402 3790 558 3831 mens
604 3777 813 3845 optimo
858 3777 1068 3833 semine
1123 3788 1403 3849 suscepto,
1465 3795 1562 3850 per
1615 3780 1790 3835 bonos
1821 3790 1977 3835 actus

402 3868 554 3922 ltutos
575 3868 763 3923 afferat
788 3867 1019 3925 fructus.
1044 3865 1181 3923 Nam
1214 3870 1282 3934 si,
1311 3886 1396 3924 me
1419 3870 1650 3926 docente
1678 3885 1742 3926 ea
1764 3886 1884 3941 qua:
1910 3871 1975 3924 ad

400 3962 632 4017 salutem
660 3962 959 4031 pertinent,
985 3964 1228 4032 recipere
1251 3963 1377 4032 quis
1405 3964 1595 4017 abnuit
1620 4003 1636 4029 ,
1684 3973 1738 4019 et
1792 3965 1975 4019 animo

404 4054 589 4121 pravis
620 4053 973 4123 opinionibus
998 4062 1265 4123 occupato
1291 4054 1560 4109 obsistere
1588 4055 1819 4122 nititur;
1865 4070 1976 4109 non

401 4161 466 4199 ex
499 4146 678 4209 nobis,
715 4147 809 4202 sed
839 4161 907 4201 ex
930 4147 1229 4217 semetipso
1260 4147 1483 4201 habebit
1528 4148 1795 4217 pereundi
1847 4163 1979 4203 eau-

402 4254 539 4294 sam.
590 4238 761 4295 Debet
782 4240 929 4295 enim
956 4240 1108 4310 justo
1131 4240 1339 4309 judicio
1362 4241 1678 4295 examinare
1702 4257 1822 4312 qua:
1849 4242 1979 4296 dici-

403 4347 546 4397 mus,
576 4341 629 4388 et
670 4332 997 4403 intelligere,
1038 4333 1169 4402 quia
1201 4333 1369 4388 verba
1399 4334 1677 4404 loquimur
1704 4334 1976 4398 veritatis,

402 4434 462 4478 ut
493 4424 727 4496 cognitis
757 4426 844 4481 his
874 4441 995 4495 qua:
1015 4433 1164 4488 sunt,
1198 4433 1259 4479 ut
1288 4433 1439 4490 sunt,
1486 4427 1541 4480 in
1567 4427 1729 4482 bonis
1762 4427 1977 4482 actibus

2086 1939 2203 1997 tes;
2238 1932 2366 2000 quia
2401 1931 2545 1985 dicta
2573 1932 2729 2003 legis,
2750 1948 2871 2002 quae
2892 1941 3017 1988 ante
3047 1934 3249 1988 multas
3280 1936 3668 2005 generationes

2083 2024 2150 2080 de
2175 2025 2467 2095 praesentia
2482 2024 2605 2092 ejus
2628 2037 3020 2093 exposuerant,
3059 2026 3112 2078 in
3140 2026 3258 2094 ipso
3276 2024 3665 2095 designantur,

2083 2120 2137 2168 et
2174 2114 2437 2184 imagines
2469 2124 2749 2185 gestorum
2782 2115 2970 2179 Mosis,
2993 2123 3047 2169 et
3076 2126 3198 2171 ante
3228 2118 3404 2187 ipsum
3426 2120 3666 2187 patriar-

2083 2206 2198 2259 cha)
2229 2204 2419 2271 Jacob,
2446 2208 2623 2277 ipsius
2656 2222 2752 2277 per
2781 2210 2964 2262 omnia
2985 2215 3171 2278 typum
3204 2208 3472 2263 ferebant.
3507 2208 3669 2264 Tem-

2084 2313 2189 2367 pus
2226 2314 2445 2369 quoque
2490 2300 2757 2355 adventus
2788 2299 2932 2368 ejus,
2964 2299 3069 2354 hoc
3120 2309 3205 2354 est
3237 2300 3413 2369 ipsum
3446 2301 3497 2354 in
3553 2314 3666 2370 quo

2083 2397 2326 2452 venerat,
2361 2391 2682 2459 praedictum
2709 2390 2775 2443 ab
2797 2391 2882 2444 bis
2911 2398 3161 2457 constat;
3184 2401 3236 2445 et
3259 2408 3423 2461 super
3451 2394 3663 2457 omnia,

2083 2481 2230 2550 quod
2259 2489 2409 2535 esset
2442 2498 2471 2535 a
2494 2482 2749 2552 gentibus
2780 2483 3205 2552 exspectandus,
3237 2486 3411 2539 sacris
3463 2484 3665 2541 litteris

2082 2572 2535 2641 comprehensum
2560 2583 2663 2637 est,
2690 2589 2811 2642 quae
2841 2576 2891 2627 in
2916 2590 2979 2629 eo
3004 2575 3211 2644 pariter
3235 2576 3487 2630 univerSa
3509 2591 3666 2631 com-

2081 2664 2224 2733 pleta
2250 2672 2397 2718 sunt.
2419 2663 2464 2695 ⁸⁵
2480 2663 2632 2730 Quod
2646 2674 2823 2719 autem
2836 2664 2863 2718 ι
2872 2667 3144 2719 udaeorum
3161 2668 3422 2736 propheta
3454 2666 3498 2697 “
3523 2682 3665 2737 plm-

2081 2755 2366 2811 dixitcum
2398 2772 2427 2810 a
2462 2759 2714 2827 gentibus
2742 2759 3191 2828 exspectandum,
3238 2776 3403 2828 supra
3435 2760 3663 2814 modum

2084 2847 2139 2901 in
2161 2863 2227 2903 eo
2260 2847 2418 2902 fidem
2449 2864 2633 2903 veram
2668 2849 3110 2905 firmat.Sienim
3142 2850 3371 2906 dixisset
3393 2866 3423 2904 a
3454 2851 3663 2907 Judzeis

2082 2942 2529 3009 exspectandum,
2560 2957 2670 2996 non
2695 2942 2903 3011 aliquid
2933 2942 3189 2996 eximium
3224 2943 3581 3012 prOpbetasse
3612 2945 3661 2976 ⁸⁷

2083 3032 2380 3098 videretur,
2428 3033 2575 3104 quod
2619 3049 2648 3087 a
2694 3036 2990 3089 contribuli
3034 3037 3257 3106 populo,
3283 3046 3339 3091 et
3374 3053 3402 3090 a
3436 3039 3661 3107 propria

2083 3134 2241 3193 gente
2291 3134 2607 3194 speraretur
2658 3126 2733 3189 is,
2787 3128 2945 3196 cujus
2973 3128 3241 3183 adventus
3297 3129 3366 3182 ad
3423 3132 3660 3184 salutem

2085 3217 2272 3271 mundi
2305 3217 2483 3272 fuerat
2509 3218 2898 3289 repromissus.
2922 3218 3147 3274 Videtur
3166 3222 3310 3275 enim
3335 3222 3509 3292 magis
3525 3238 3661 3276 con-

2083 3324 2319 3379 sequens
2344 3310 2483 3365 ratio
2508 3326 2650 3375 esse,
2677 3319 2736 3365 ut
2776 3312 2880 3365 hoc
2925 3312 3097 3377 lieret,
3132 3328 3295 3383 quam
3332 3314 3479 3383 quod
3514 3330 3658 3384 prae-

2081 3401 2298 3457 dicebat
2322 3403 2723 3473 magnificentia
2752 3403 3283 3475 prophetalis.Nunc
3315 3415 3497 3461 autem
3530 3423 3656 3461 cum

2082 3494 2361 3561 prophetae
2389 3494 2596 3559 dicant,
2622 3510 2840 3550 omnem
2862 3497 3007 3549 illam
3042 3512 3216 3565 spem,
3240 3513 3361 3567 quae
3389 3498 3456 3552 de
3479 3498 3660 3553 salute

2082 3584 2268 3639 mundi
2292 3587 2710 3655 repromittitur,
2742 3595 2797 3642 et
2832 3588 3128 3661 novitatem
3166 3590 3355 3660 regni,
3390 3604 3514 3658 qua:
3568 3590 3660 3643 in-

2081 3678 2343 3732 struenda
2376 3695 2473 3749 per
2504 3679 2783 3735 Christum
2816 3690 2919 3747 est,
2945 3692 3104 3752 atque
3134 3683 3318 3737 omnia
3348 3698 3470 3752 qua:
3501 3683 3569 3736 de
3590 3699 3659 3735 eo

2082 3766 2395 3823 indicantur
2448 3770 2516 3825 ad
2564 3780 2753 3842 gentes
2781 3788 2905 3828 esse
2944 3772 3353 3837 transferenda,
3381 3774 3496 3843 jam
3546 3791 3656 3827 non

2082 3863 2384 3916 secundum
2436 3867 2883 3935 consequentiam
2936 3880 3152 3930 rerum,
3205 3866 3301 3921 sed
3346 3866 3657 3922 incredibili

2080 3955 2317 4023 quodam
2348 3957 2758 4013 vaticinationis
2797 3967 3032 4023 eventu,
3082 3958 3488 4029 magnificentia
3529 3975 3660 4029 pro-

2081 4046 2295 4115 phetica
2334 4049 2705 4104 confirmatur.
2737 4049 2910 4104 Judaei
2961 4066 3196 4119 namque
3226 4067 3295 4105 ex
3339 4050 3522 4113 initio,
3556 4049 3655 4103 ad-

2080 4136 2196 4191 fore
2225 4138 2516 4209 aliquando
2543 4141 2690 4195 hunc
2718 4142 2917 4204 virum,
2954 4159 3048 4212 per
3075 4159 3237 4213 quem
3266 4150 3468 4198 cuncta
3495 4160 3659 4214 repa-

2081 4240 2295 4295 rentur,
2327 4235 2613 4288 verissima
2648 4235 2945 4289 traditione
3001 4245 3392 4306 susceperunt;
3434 4245 3488 4292 et
3519 4252 3659 4306 quo-

2082 4324 2211 4379 tidie
2231 4326 2557 4384 meditantes
2589 4342 2653 4381 ac
2674 4329 3091 4398 prospicientes,
3110 4329 3330 4398 quando
3346 4328 3467 4397 ejus
3504 4329 3658 4383 tier-et

2081 4414 2385 4484 adventus;
2420 4420 2512 4473 ubi
2558 4419 2751 4475 adesse
2798 4436 2922 4474 eum
2981 4420 3256 4485 viderunt,
3289 4429 3343 4475 et
3385 4421 3542 4490 signa
3593 4436 3659 4474 ac

402 4513 644 4586 dirigens
668 4517 810 4570 viam
837 4534 1014 4579 suam.
1042 4518 1195 4587 regni
1220 4518 1486 4572 cmlorum
1510 4522 1684 4588 possit
1704 4521 1976 4589 particeps
2012 4512 2053 4567 D
2082 4512 2349 4580 prodigia,
2377 4514 2520 4567 sicut
2548 4515 2614 4569 de
2640 4529 2707 4568 eo
2733 4514 2997 4582 scriptum
3023 4512 3222 4577 fuerat,
3243 4513 3655 4582 adimplentem;

402 4605 658 4673 inveniri,
693 4609 994 4677 subjiciens
1027 4610 1130 4663 sibi
1153 4611 1337 4664 carnis
1366 4610 1659 4674 desideria,
1690 4618 1747 4665 et
1782 4608 1977 4665 'domi-

404 4713 510 4752 nus
541 4713 731 4753 eorum
764 4700 963 4760 factus.
1023 4708 1084 4754 ut
1135 4702 1210 4754 ita
1255 4700 1473 4755 demum
1507 4701 1673 4756 etiam
1716 4701 1833 4770 ipse
1882 4700 1975 4754 flat

404 4787 767 4846 dominatoris
791 4793 1036 4846 omnium
1060 4792 1303 4863 jucunda
1326 4794 1625 4862 possessio.
1655 4792 1699 4824 “
1722 4791 1858 4846 Nam
1882 4794 1975 4862 qui

404 4889 687 4947 permanet
716 4883 772 4936 in
799 4884 963 4945 malo,
996 4893 1049 4937 et
1088 4898 1281 4939 servus
1323 4892 1407 4939 est
1441 4884 1591 4947 mali,
1650 4900 1758 4939 non
1796 4892 1977 4953 potest

405 4969 544 5025 ellici
576 4974 754 5041 portio
774 4973 925 5038 boni,
952 4975 1125 5028 donec
1151 4983 1433 5044 permanet
1462 4975 1517 5028 in
1539 4974 1718 5042 malo;
1751 4976 1879 5044 quia
1909 4977 1977 5029 ab

406 5064 587 5128 initio,
622 5074 679 5119 ut
707 5075 830 5120 ante
849 5066 961 5137 jam
992 5068 1257 5131 diximus,
1279 5067 1387 5122 duo
1414 5082 1581 5135 regna
1602 5068 1793 5121 statuit
1816 5066 1979 5134 Deus;

407 5162 461 5208 et
494 5163 821 5225 potestatem
849 5158 997 5212 dedit
1043 5160 1335 5229 unicuique
1380 5159 1664 5213 hominum
1688 5198 1702 5222 ,
1738 5166 1798 5212 ut
1834 5159 1981 5215 illius

408 5249 563 5317 regni
586 5247 679 5305 fiat
706 5250 910 5319 portio,
939 5252 1028 5304 cui
1058 5266 1117 5307 se
1138 5250 1205 5305 ad
1229 5249 1593 5305 obediendum
1636 5250 1753 5318 ipse
1798 5250 1979 5319 subje-

410 5339 567 5393 cerit.
602 5339 668 5394 Et
695 5343 821 5412 quia
851 5341 1133 5397 definitum
1155 5354 1237 5398 est
1262 5343 1403 5413 apud
1429 5341 1621 5407 Deum,
1666 5358 1776 5397 non
1819 5356 1982 5411 posse

413 5447 581 5486 unum
626 5434 902 5490 hominem
921 5436 1208 5505 utriusque
1224 5436 1375 5506 regni
1400 5450 1523 5491 esse
1544 5450 1765 5489 servum
1786 5452 1800 5501 ;
1830 5436 1980 5490 omni

414 5525 597 5580 studio
627 5526 751 5583 date
781 5543 1027 5599 operam,
1057 5528 1114 5583 in
1146 5528 1274 5583 boni
1296 5529 1440 5599 regis
1469 5527 1651 5582 aulam
1684 5526 1731 5559 "
1761 5541 1826 5582 ac
1852 5527 1980 5598 jura

550 5642 837 5721 Rec‘ognit.’
879 5662 929 5721 γ.
966 5663 1048 5721 7c.
1102 5649 1153 5717 7,
1197 5651 1420 5706 totidem
1470 5652 1674 5709 verbis.

392 5709 545 5789 ibid"
572 5731 621 5767 c.
645 5709 706 5768 νζ
799 5718 844 5789 “_
870 5718 1087 5789 foedum.
1140 5709 1151 5717 ’
1185 5722 1231 5752 ⁸³
1255 5722 1444 5777 Matth.
1478 5738 1553 5789 vt,
1582 5725 1672 5780 24.

392 5775 436 5810 θ
464 5779 600 5837 Gen.
640 5798 787 5850 xux,
825 5775 912 5841 10.
986 5790 1031 5821 ³⁸
1061 5788 1332 5862 Recognit.
1374 5775 1445 5857 iv,
1479 5775 1652 5852 c7172:

1779 5654 1823 5686 ³⁸
1855 5654 2250 5711 insatiabiliter.

1772 5725 1820 5757 “
1849 5724 2119 5796 Recognit.
2152 5744 2203 5792 ν,
2230 5743 2280 5782 c.
2316 5727 2402 5782 ιθ.
2477 5725 2544 5798 ιδ’
2577 5724 2874 5794 Rccognit.,
2907 5724 3064 5791 ibid.,
3097 5739 3150 5781 c.
3178 5723 3264 5780 11.

2082 4603 2287 4657 invidia
2303 4607 2581 4673 excaecati,
2601 4621 2896 4677 agnoscere
2922 4607 3287 4675 nequiverunt
3302 4615 3655 4675 praesentem,

2081 4697 2135 4749 in
2164 4697 2323 4767 cujus
2354 4713 2450 4767 spe
2477 4700 2801 4753 laetabantur
2833 4699 3097 4753 absentis.
3119 4698 3507 4753 lntellexerunt
3534 4706 3659 4750 tan-

2081 4799 2195 4842 tum
2228 4791 2404 4845 sancti
2432 4792 2699 4865 apostoli,
2732 4793 2825 4860 qui
2854 4806 2884 4844 a
2908 4791 3019 4847 Deo
3048 4791 3207 4846 electi
3256 4798 3406 4853 sunt,
3441 4797 3496 4844 et
3531 4803 3655 4854 nos,

2082 4887 2176 4955 qui
2206 4894 2329 4956 post
2367 4886 2433 4939 ab
2458 4887 2541 4941 eis
2590 4887 2746 4941 electi
2781 4900 2992 4939 sumus.
3029 4885 3075 4917 ⁸⁸
3096 4883 3211 4937 Hoc
3244 4895 3427 4937 autem
3472 4881 3644 4952 provi-

2082 4979 2264 5033 dentia
2299 4978 2391 5032 Dei
2424 4978 2628 5032 factum
2651 4986 2757 5041 est,
2786 4987 2845 5031 ut
2878 4978 3085 5047 agnitio
3124 4976 3254 5031 boni
3295 4975 3461 5044 hujus
3488 4975 3656 5028 etiam

2081 5073 2334 5141 gentibus
2367 5070 2707 5136 traderetur;
2750 5078 2805 5124 et
2832 5070 2885 5123 hi
2913 5070 3006 5139 qui
3040 5080 3322 5138 nunquam
3354 5067 3422 5121 de
3462 5082 3531 5120 eo
3557 5080 3646 5117 au-

2080 5163 2314 5223 dierant,
2348 5178 2450 5217 nec
2480 5178 2509 5215 a
2564 5162 2841 5232 prophetis
2895 5160 3240 5222 didicerant,
3293 5165 3653 5228 agnoscerent

2080 5271 2235 5321 eum;
2270 5255 2345 5309 illi
2378 5271 2531 5315 vero,
2566 5256 2658 5326 qui
2681 5254 3018 5325 quotidianis
3048 5251 3498 5307 meditationibus
3525 5266 3648 5303 eva-

2081 5354 2332 5411 nuerant,
2368 5347 2700 5417 ignorarent.
2736 5345 2877 5400 Ecce
2900 5345 3047 5399 enim
3076 5358 3225 5398 nunc
3275 5358 3371 5412 per
3407 5356 3524 5403 vos,
3557 5342 3652 5409 qui

2082 5447 2375 5508 praesentes
2419 5439 2576 5503 estis,
2632 5446 2686 5493 et
2715 5437 3043 5493 desideratis
3097 5436 3287 5490 audire
3338 5433 3652 5488 doctrinam

2080 5529 2201 5585 ﬁdei
2225 5530 2367 5601 ejus,
2395 5537 2450 5585 et
2476 5544 2775 5601 agnoscere
2816 5529 2940 5599 quis
2968 5537 3022 5585 et
3061 5527 3337 5598 quomodo
3364 5534 3419 5581 et
3470 5527 3652 5597 qualis

2795 5653 2950 5719 ibid.,
3016 5667 3066 5707 c.
3112 5652 3147 5707 8
3280 5654 3324 5685 “
3359 5652 3664 5724 Recogm't.’

2795 5726 2874 5778 it..
2907 5724 3064 5778 ibid..
3097 5739 3150 5778 c.
3178 5723 3264 5778 11.
3359 5726 3408 5756 ⁵⁸
3426 5727 3565 5778 Αεεε.
3602 5739 3663 5778 ιι.

3476 5742 3565 5796 gg.
3602 5742 3663 5778 ιι.

2360 5656 2407 5688 ⁶⁰
2435 5654 2701 5723 Recognit.
2713 5693 2727 5715 ,
