3896 6174
290 254 400 311 497

1507 254 1863 312 EPISTOLE
1900 255 2214 311 DECRETA
2225 256 2372 312 LES.

3454 263 3560 321 498

292 376 369 431 sit
392 374 515 446 ejus
562 372 853 437 adventus,
905 372 1225 443 prophetica
1272 372 1476 428 veritas
1521 374 1870 444 adimpletur.
1904 377 1945 431 Α
1980 372 2154 426 luceat
2185 372 2434 428 omnibus
2482 374 2571 443 qui
2602 374 2655 427 in
2686 372 2841 428 dom-9
2897 385 3021 428 sunt
3052 375 3120 432 ⁶⁶.
3166 374 3221 429 Si
3254 377 3378 447 quis
3429 394 3560 449 ergo

289 468 337 499 “
362 466 477 521 Hoc
498 468 643 521 enim
674 467 955 536 prophetae
982 466 1029 497 "
1059 465 1445 535 prmdixerant,
1478 465 1605 534 quia
1656 480 1686 518 a
1716 466 1871 520 vobis

290 562 625 634 quaerendus
650 569 817 622 esset,
846 559 939 629 qui
968 558 1036 613 de
1070 572 1135 612 eo
1171 572 1453 627 nunquam
1482 556 1714 612 audistis
1736 598 1749 611 .
1806 556 1873 610 Et

289 656 417 709 ideo
439 654 687 708 videntes
718 652 774 705 in
804 651 958 705 vobis
1002 650 1135 719 ipsis
1181 648 1498 719 prophetica
1544 649 1691 703 dicta
1720 663 1871 703 com-

289 746 453 816 pleri,
487 744 614 797 huic
638 743 733 796 uni
763 749 910 797 recte
939 741 1184 801 creditis.
1217 741 1364 795 hunc
1403 747 1552 796 recte
1585 751 1870 810 exspecta-

288 839 388 901 tis,
423 836 493 891 de
527 837 629 890 hoc
656 843 808 890 recte
838 833 1138 904 inquiritis,
1170 842 1229 887 ut
1251 849 1361 888 non
1385 833 1561 888 solum
1583 840 1869 903 exspecte-

286 931 364 985 tis
396 944 545 993 eum,
581 928 676 983 sed
706 934 761 982 et
798 925 1169 981 hereditatem
1214 925 1368 996 regni
1419 926 1540 996 ejus
1583 926 1868 980 credentes

287 1021 730 1091 consequamini,
798 1020 1099 1076 secundum
1150 1019 1295 1090 quod
1350 1020 1467 1090 ipse
1520 1020 1681 1083 dixit,
1739 1020 1867 1089 quia

288 1113 674 1182 unusquisque
704 1112 854 1167 illius
905 1110 963 1165 ﬁt
989 1127 1205 1176 servus,
1247 1113 1337 1166 cui
1368 1127 1427 1167 se
1468 1112 1584 1182 ipse
1617 1112 1868 1180 subiece-

285 1210 381 1263 rit.
411 1209 457 1241 "
494 1207 792 1277 PrOpterea
823 1221 951 1276 ergo
981 1205 1223 1275 vigilate,
1252 1213 1307 1258 et
1336 1204 1625 1258 Dominum
1665 1204 1868 1257 Deum-

286 1316 396 1369 que
425 1306 675 1354 nostrum
736 1298 892 1353 vobis
922 1298 1256 1352 conscribite
1298 1296 1609 1359 Dominum.
1664 1300 1757 1367 qui
1814 1305 1869 1354 et

286 1393 416 1447 cceli
450 1408 514 1447 ac
544 1399 705 1446 terra:
740 1389 1006 1445 Dominus
1035 1397 1142 1445 est.
1172 1389 1238 1444 Et
1266 1390 1331 1445 ad
1366 1391 1538 1460 ipsius
1584 1406 1682 1446 vos
1730 1392 1867 1445 ima-

283 1487 469 1556 ginem
496 1499 559 1538 ac
589 1482 1000 1538 similitudinem
1033 1482 1344 1549 reformato,
1378 1484 1520 1539 sicut
1568 1484 1685 1553 ipse
1706 1499 1867 1538 verus

285 1576 556 1646 prOpheta
579 1576 758 1637 docet,
788 1575 1008 1629 dicens:
1038 1574 1219 1629 Estote
1249 1575 1392 1638 boni,
1422 1584 1474 1629 et
1504 1575 1867 1629 misericordes

274 1669 425 1723 sicut
463 1677 513 1722 et
540 1667 702 1721 Pater
722 1676 890 1721 vester
906 1668 1128 1721 caelestis
1159 1667 1462 1721 misericors
1490 1676 1589 1731 est,
1622 1669 1711 1737 qui
1737 1668 1869 1721 oriri

283 1760 418 1829 facit
444 1760 611 1814 solem
639 1776 793 1813 suum
829 1776 985 1829 super
1017 1759 1177 1813 bonos
1198 1769 1248 1813 et
1272 1760 1461 1820 malos.
1486 1770 1535 1813 et
1556 1761 1691 1828 pluit
1712 1777 1868 1830 super

275 1855 457 1923 justas
490 1862 539 1908 et
572 1853 797 1922 injustas
825 1853 892 1908 ⁸⁸.
927 1852 1084 1907 Hunc
1111 1868 1242 1923 ergo
1272 1854 1555 1907 imitamini
1577 1894 1591 1915 ,
1632 1860 1687 1907 et
1724 1854 1868 1909 hunc

284 1951 513 2015 timete;
549 1955 605 2002 et
629 1949 774 2002 sicut
796 1947 1115 2001 mandatum
1162 1946 1325 2000 datur
1378 1945 1715 2008 hominibus,
1756 1944 1866 1999 Do-

282 2042 491 2094 minum
541 2040 707 2094 Deum
740 2049 888 2092 tuum
931 2038 1159 2101 timebis,
1211 2047 1262 2092 et
1303 2037 1387 2091 illi
1418 2038 1521 2093 soli
1574 2040 1763 2092 servies
1795 2040 1861 2094 ".

281 2131 329 2165 “
363 2130 686 2186 lnlidelihus
726 2131 946 2200 quidem
974 2129 1178 2185 dormit
1205 2128 1469 2186 Dominus
1495 2170 1512 2195 ,
1563 2136 1617 2184 et
1666 2130 1864 2185 absens

281 2228 525 2281 habetur
552 2225 638 2279 his
671 2239 701 2278 a
728 2224 930 2293 quibus
960 2237 1082 2277 esse
1110 2237 1221 2276 non
1252 2220 1516 2285 creditur,
1553 2228 1607 2276 et
1637 2222 1863 2276 manda-

279 2319 352 2373 tis
400 2318 525 2387 ejus
552 2329 665 2371 non
709 2314 1006 2381 obediunt;
1045 2322 1208 2384 atque
1259 2313 1329 2368 ob
1372 2312 1425 2366 id
1482 2312 1593 2368 illis
1646 2311 1865 2368 videtur

276 2410 441 2479 quasi
471 2407 1014 2471 dormireDominus,
1048 2406 1174 2476 quia
1204 2419 1301 2474 pro
1326 2404 1565 2474 peccatis
1599 2404 1714 2459 suis
1752 2421 1863 2460 non

276 2501 678 2557 exaudiuntur.
734 2500 782 2532 ⁵⁸
812 2500 1159 2571 Quapropter
1203 2498 1419 2553 cunctis
1471 2498 1754 2563 ﬁdelibus,
1809 2506 1864 2554 et

276 2609 635 2664 summopere
662 2594 919 2648 omnibus
950 2593 1285 2663 presbyteris
1318 2600 1372 2647 et
1406 2591 1655 2646 diaconis
1695 2598 1749 2647 et
1777 2607 1864 2647 re-

276 2688 450 2758 liquis
504 2688 721 2741 clericis
781 2684 1173 2740 attendendum
1206 2693 1291 2740 est
1355 2691 1415 2737 ut
1465 2684 1600 2738 nihil
1654 2684 1863 2753 absque

273 2780 523 2850 episcopi
554 2780 757 2849 proprii
792 2779 1009 2833 licentia
1038 2785 1220 2849 agant.
1248 2777 1293 2808 "
1325 2776 1441 2831 Non
1458 2778 1646 2847 utique
1665 2777 1863 2833 missas

274 2876 402 2928 sine
436 2874 558 2943 ejus
606 2873 761 2942 jussu
810 2871 1105 2941 quisquam
1159 2867 1603 2939 presbyterorum
1660 2869 1716 2922 in
1762 2883 1861 2922 sua

272 2966 543 3038 parochia
572 2973 717 3037 agat,
750 2979 861 3017 non
893 2962 1152 3032 baptizet,
1186 2977 1287 3015 nec
1311 2960 1606 3031 quidquam
1655 2959 1862 3029 absque

270 3062 400 3130 ejus
426 3060 703 3130 permissu
749 3058 933 3112 faciat.
989 3054 1255 3111 Similiter
1310 3061 1363 3108 et
1399 3053 1594 3123 reliqui
1652 3053 1858 3123 populi,

272 3153 523 3222 majores
556 3152 769 3207 scilicet
804 3165 868 3205 ac
893 3150 1133 3205 minores
1162 3148 1231 3213 ",
1255 3162 1352 3217 per
1389 3147 1509 3216 ejus
1558 3145 1855 3211 licentiam,

270 3245 545 3316 quidquid
601 3243 869 3315 agendum
900 3251 1007 3307 est,
1040 3248 1236 3313 agant:
1289 3255 1391 3294 nec
1419 3242 1538 3295 sine
1568 3240 1688 3308 ejus
1736 3254 1859 3309 per-

272 3340 455 3393 missu
490 3352 520 3389 a
552 3336 809 3407 parochia
836 3335 1155 3399 abscedant,
1192 3334 1277 3388 vel
1314 3334 1370 3390 in
1398 3349 1462 3387 ea
1503 3332 1858 3387 adventantes

268 3430 484 3485 morari
513 3426 866 3499 praesumant.
893 3427 1103 3481 Anima
1141 3440 1273 3481 vero
1302 3440 1493 3479 eorum
1542 3425 1592 3479 ei
1641 3422 1859 3478 creditae

269 3532 428 3579 sunt.
456 3521 587 3577 Ideo
618 3521 801 3575 omnia
832 3521 950 3591 ejus
980 3520 1213 3575 consilio
1242 3534 1399 3588 agere
1442 3517 1662 3579 debent,
1693 3524 1747 3571 et
1790 3531 1859 3571 eo

270 3615 594 3670 inconsulto
618 3613 789 3666 nihil:
804 3613 848 3645 ⁸⁸
863 3612 1185 3681 Quicunque
1201 3610 1343 3664 enim
1369 3609 1628 3664 obediunt
1644 3608 1858 3679 episco~

258 3708 359 3777 apis
390 3706 530 3769 suis,
562 3705 819 3759 videntur
864 3704 1085 3775 quidem
1137 3702 1340 3772 aliquid
1377 3701 1566 3772 gratite
1608 3700 1859 3756 conferre

268 3798 411 3852 Deo.
447 3796 552 3862 Qui
584 3804 765 3852 autem
791 3797 872 3851 eis
900 3812 1010 3851 non
1041 3795 1324 3862 obediunt,
1368 3792 1742 3847 indubitanter
1776 3792 1858 3847 rei

267 3900 325 3945 et
352 3890 578 3960 reprobi
627 3890 891 3945 existunt.
919 3888 1093 3943 Porro
1116 3888 1221 3958 ipsi
1246 3903 1276 3941 a
1300 3887 1409 3942 Deo
1429 3887 1632 3941 donum
1658 3884 1859 3941 summi

268 3984 525 4037 muneris
558 3992 995 4053 consequuntur,
1029 3982 1123 4053 qui
1162 3996 1261 4051 per
1295 3979 1523 4051 justitize
1559 3988 1613 4033 et
1655 3992 1858 4049 praece-

270 4086 499 4147 ptorum
558 4076 677 4145 ejus
734 4076 959 4132 semitas
1004 4074 1323 4129 incedentes
1370 4072 1689 4127 doctoribus
1742 4071 1857 4126 suis

270 4168 395 4239 (qui
426 4176 576 4223 recte
606 4168 845 4238 episcopi
880 4167 1283 4238 intelliguntur)
1318 4167 1550 4221 libenter
1570 4165 1854 4221 obediunt.

269 4261 350 4317 De
392 4260 596 4330 quibus
624 4270 678 4315 et
698 4260 888 4316 beatus
906 4260 1123 4323 Petrus,
1153 4260 1457 4315 instructor
1489 4266 1542 4314 et
1572 4259 1858 4314 ordinator

268 4363 493 4417 noster,
524 4360 578 4407 et
606 4352 861 4422 princeps
892 4352 1293 4423 apostolorum,
1322 4350 1611 4407 manifeste
1627 4360 1858 4407 cunctos

1973 465 2060 519 his
2090 466 2380 526 obedierit,
2397 466 2529 531 Deo,
2553 474 2641 521 ut.
2672 466 2878 522 dictum
2908 477 3010 533 est,
3055 484 3329 538 magnum.
3361 486 3562 528 munus

1973 556 2157 613 oll‘ert.
2182 557 2286 624 Qui
2306 566 2490 613 autem
2521 558 2609 613 his
2626 559 2909 624 restiterit,
2937 568 3031 613 aut
3049 561 3370 617 inobediens
3391 568 3563 619 exsti-

1973 651 2125 714 terit,
2162 667 2271 706 non
2295 652 2404 715 bis,
2433 651 2529 707 sed
2561 651 2794 707 Domino
2826 652 3096 709 Salvatori
3137 661 3359 716 nostro,
3402 654 3561 723 cujus

1971 744 2247 814 legatione
2284 744 2615 815 funguntur,
2646 744 2877 800 resistit.
2906 746 2948 776 ⁶¹
2976 745 3207 815 Propter
3247 748 3394 815 quod
3449 749 3558 818 pri-

1972 852 2120 892 mum
2146 845 2231 893 est
2262 839 2529 901 omnium,
2580 838 2853 907 justitiam
2892 839 3008 902 Dei,
3052 855 3391 912 regnumque
3436 842 3559 910 ejus

1971 928 2286 999 inquirere,
2320 937 2374 985 et
2414 930 2530 985 suis
2561 929 2909 999 jussionibus
2937 931 3352 1002 obtemperare;
3393 933 3560 1003 justi-

1970 1020 2102 1074 tiam
2146 1020 2404 1091 quidem,
2435 1029 2497 1075 ut
2546 1029 2696 1076 recte
2742 1036 2903 1093 agere
2947 1023 3281 1091 doceamur;
3328 1040 3555 1096 regnum

1960 1127 2119 1178 vero,
2156 1121 2236 1178 ut,
2262 1128 2384 1183 qum
2407 1112 2479 1167 sit
2494 1127 2704 1169 merces
2733 1114 2913 1183 posita
2939 1114 3146 1169 laboris
3173 1122 3227 1169 et
3256 1115 3553 1185 patientiae,

1969 1204 2323 1271 noverimus;
2356 1205 2414 1258 in
2456 1220 2565 1275 quo
2604 1211 2688 1260 est
2742 1205 2903 1261 bonis
2945 1206 3168 1276 quidem
3216 1213 3554 1262 aeternorum

1971 1296 2242 1353 bonorum
2270 1299 2667 1366 remuneratio,
2698 1298 2785 1354 his
2807 1307 2989 1354 autem
3021 1299 3115 1369 qui
3140 1308 3334 1354 contra
3363 1302 3557 1356 volun-

1971 1396 2134 1444 tatem
2166 1390 2287 1459 ejus
2309 1392 2540 1461 egerint,
2572 1406 2670 1460 pro
2699 1392 3138 1461 uniuscujusque
3164 1393 3334 1462 gestis
3360 1408 3522 1463 poma
3543 1423 3557 1431 -

1970 1498 2091 1536 rum
2122 1483 2285 1554 digna
2315 1485 2611 1540 restitutio.
2647 1485 2691 1515 ⁸³
2726 1484 2827 1539 llic
2856 1501 3008 1556 ergo,
3047 1485 3152 1541 hoc
3183 1495 3289 1549 est,
3316 1488 3371 1541 in
3415 1503 3555 1557 prae-

1970 1575 2113 1630 senti
2138 1578 2251 1629 vita
2278 1578 2511 1645 positos,
2533 1585 2749 1646 oportet
2778 1594 2879 1633 nos
2900 1593 3200 1647 agnoscere
3218 1579 3555 1635 voluntatem

1972 1666 2088 1731 Dei,
2119 1668 2213 1722 ubi
2245 1675 2299 1723 et
2317 1668 2532 1739 agendi,
2555 1679 2609 1725 et
2637 1670 2985 1725 sacriﬁcandi
3010 1678 3095 1725 est
3123 1671 3311 1737 locus;
3344 1671 3390 1702 ⁶³
3417 1686 3557 1740 quo-

1970 1761 2119 1814 niam
2159 1760 2215 1814 in
2246 1761 2369 1817 aliis
2406 1762 2540 1818 locis
2566 1762 2883 1818 sacriﬁcare
2914 1772 2970 1819 et
3014 1764 3216 1820 missas
3266 1764 3551 1821 celebrare

1967 1868 2076 1907 non
2103 1853 2254 1921 licet,
2291 1856 2481 1910 nisi'in
2513 1856 2621 1922 his,
2644 1857 2700 1910 in
2730 1857 2932 1927 quibus
2959 1858 3251 1928 episcopus
3297 1860 3554 1929 proprius

1962 1947 2217 2016 jusserit,
2250 1956 2345 2002 aut
2381 1949 2450 2003 ab
2478 1950 2742 2020 episc0po
2766 1951 3094 2021 regulariter
3126 1951 3381 2007 ordinato
3406 1994 3422 2020 ,
3468 1961 3551 2010 te-

1966 2049 2131 2097 nente
2153 2041 2411 2097 videlicet
2441 2043 2739 2110 civitatem,
2772 2052 3132 2099 consecratus
3163 2044 3348 2100 fuerit.
3379 2044 3554 2103 Aliter

1964 2136 2109 2191 enim
2165 2152 2277 2191 non
2333 2146 2460 2192 sunt
2499 2137 2615 2193 haec
2646 2138 2880 2208 agenda,
2929 2154 3029 2193 nec
3060 2139 3165 2193 rite
3201 2139 3551 2206 celebranda,

1964 2228 2195 2285 docente
2263 2245 2366 2286 nos
2426 2227 2578 2286 Novo
2634 2238 2689 2287 et
2743 2229 2925 2286 Veteri
2987 2230 3362 2288 Testamento.
3421 2231 3552 2290 Haec

1964 2323 2195 2392 apostoli
2254 2337 2284 2377 a
2331 2321 2562 2378 Domino
2631 2331 2991 2394 acceperunt,
3047 2331 3100 2379 et
3163 2325 3322 2381 nobis
3373 2326 3549 2381 tradi-

1964 2414 2198 2482 derunt;
2229 2416 2344 2471 haec
2385 2431 2487 2472 nos
2517 2416 2812 2484 fdocemus,
2855 2416 3122 2487 vobisque
3180 2426 3234 2473 et
3272 2418 3548 2480 omnibus,

1964 2508 2169 2578 absque
2210 2509 2667 2579 reprehensione,
2737 2517 2925 2565 tenere
2978 2519 3034 2565 et
3082 2510 3302 2575 docere,
3350 2511 3552 2581 quibus

1964 2600 2236 2667 agendum
2300 2607 2405 2667 est,
2463 2599 2810 2656 mandamus.
2864 2599 3285 2671 “Unaquaeque
3344 2602 3550 2658 etenim

1964 2706 2053 2745 res
2114 2702 2329 2760 tempus
2382 2708 2540 2747 suum
2604 2692 2767 2746 habet
2825 2699 2880 2747 et
2940 2692 3141 2748 locum.
3175 2692 3412 2763 Operum
3455 2693 3549 2749 hic

1964 2781 2119 2838 locus
2148 2790 2252 2849 est,
2282 2793 2499 2854 tempus
2529 2800 2659 2839 vero
2688 2785 3004 2840 meritorum
3038 2794 3123 2840 est
3168 2786 3425 2841 saeculum
3454 2783 3547 2841 fu-

1965 2881 2173 2929 turum.
2202 2874 2281 2930 Ne
2304 2891 2436 2945 ergo
2467 2876 2831 2945 impcdiamur
2854 2917 2870 2942 ,
2904 2876 3150 2931 ordinem
3184 2878 3427 2933 locorum
3482 2892 3549 2933 ac

1963 2973 2274 3035 temporum
2300 2976 2697 3036 permutantes,
2728 2968 2926 3037 primo,
2952 2984 3073 3038 quze
3097 2969 3175 3024 sit
3199 2966 3291 3024 Dei
3309 2968 3545 3038 iustitia,

1889 3062 1931 3120 C
1965 3059 2403 3128 requiramus,et
2426 3067 2685 3129 tanquam
2727 3060 2831 3114 iter
2860 3059 3061 3125 acturi,
3089 3060 3391 3114 abundanti
3439 3060 3549 3113 via-

1961 3150 2070 3204 tico
2120 3150 2281 3204 bonis
2323 3152 2581 3221 aperibus
2625 3152 2991 3221 repleamur,
3011 3167 3123 3222 quo
3155 3152 3435 3222 possimus
3477 3151 3548 3207 ad

1961 3256 2186 3311 regnum
2230 3240 2346 3309 Dei,
2379 3251 2636 3311 tanquam
2671 3243 2736 3296 ad
2769 3243 2961 3298 urbem
3010 3245 3326 3308 maximam,
3351 3257 3545 3311 perve-

1961 3335 2101 3391 nire.
2153 3334 2294 3389 Dcus
2320 3334 2467 3389 enim
2500 3336 2583 3389 bis
2637 3336 2731 3403 qui
2789 3343 2936 3390 recte
2992 3335 3239 3389 sentiunt
3277 3348 3374 3404 per
3425 3334 3547 3404 ipsa

1960 3442 2126 3497 opera
2167 3425 2381 3493 mundi,
2422 3442 2544 3497 quae
2591 3424 2742 3490 fecit,
2778 3426 3107 3481 manifestus
3128 3433 3213 3481 est
3238 3425 3323 3492 ⁶⁵ς
3371 3425 3546 3493 ipsius

1959 3529 2227 3575 creatura:
2248 3535 2362 3575 sute
2390 3528 2554 3575 utens
2584 3520 2929 3575 testimonio:
2962 3528 3015 3574 et
3043 3518 3168 3573 ideo
3196 3532 3322 3572 cum
3346 3518 3412 3571 de
3434 3516 3545 3572 Deo

1960 3611 2229 3667 dubitatio
2267 3627 2390 3668 esse
2413 3627 2522 3667 non
2543 3612 2763 3674 debeat,
2793 3611 2861 3666 de
2885 3612 2999 3668 sola
3034 3626 3183 3665 nunc
3230 3610 3352 3679 ejus
3378 3609 3547 3677 justi-

1960 3705 2035 3758 tia
2058 3704 2403 3774 requiramus
2423 3710 2476 3759 et
2506 3719 2695 3774 regno.
2714 3703 2927 3759 Idcirco
2950 3702 3253 3774 persuadeo
3278 3702 3542 3771 primum,

1957 3797 2225 3867 justitiam
2256 3797 2377 3865 ejus
2396 3812 2517 3851 esse
2549 3794 2960 3866 requirendam,
2991 3802 3050 3849 ut
3096 3809 3193 3864 per
3240 3793 3383 3849 hanc
3438 3793 3545 3846 iter

1961 3896 2204 3959 agentes,
2236 3897 2290 3943 et
2319 3890 2374 3942 in
2398 3889 2484 3942 via
2512 3888 2757 3944 veritatis
2782 3888 2969 3958 positi,
2993 3901 3182 3942 verum
3213 3885 3545 3956 prophetam

1960 3981 2205 4036 invenire
2236 3980 2533 4050 possimus,
2560 3996 2669 4035 non
2690 3980 2980 4035 velocitate
3003 3978 3225 4049 pedum,
3254 3976 3348 4031 sed
3370 3977 3545 4031 bono-

1960 4088 2082 4127 rum
2111 4088 2338 4143 operum
2362 4072 2652 4128 velocitate
2678 4080 2965 4127 currentes
2990 4088 3003 4137 ;
3025 4078 3085 4123 ut
3110 4069 3229 4138 ipso
3260 4068 3402 4122 duce
3432 4066 3538 4129 usi.

1934 4165 2172 4219 .nullum
2203 4164 2303 4219 via:
2332 4163 2497 4233 hujus
2518 4164 2791 4234 patiamur
2811 4176 3078 4217 errorem.
3107 4160 3165 4215 Si
3184 4159 3332 4219 enim
3361 4158 3542 4227 ipsum

1940 4262 2275 4326 .sequentes,
2306 4240 2521 4326 ingredi
2574 4255 2941 4310 meruerimus
2996 4254 3168 4316 illam,
3202 4266 3313 4323 quo
3345 4266 3540 4320 perve-

1960 4350 2079 4405 nire
2102 4350 2375 4419 cupimus,
2391 4348 2703 4413 civitatem;
2735 4346 2922 4403 omnia
2948 4345 3061 4413 jam
3080 4344 3148 4403 de
3170 4344 3372 4413 quibus
3396 4357 3541 4411 quae-

268 4449 566 4505 audientes
600 4446 926 4509 instruebat,
960 4445 1182 4499 dicens:
1208 4445 1255 4475 "
1285 4441 1723 4505 Videnturmibi,
1761 4443 1856 4512 qui
1888 4440 1933 4495 D
1962 4442 2119 4507 ritur,
2154 4441 2329 4495 oculis
2364 4439 2694 4501 videbimus,
2731 4447 2995 4507 tanquam
3022 4436 3265 4497 haeredes
3294 4436 3540 4489 omnium

271 4543 582 4610 loquuntur
605 4539 769 4594 verba
800 4538 1067 4601 veritatis,
1099 4544 1153 4591 et
1182 4536 1275 4606 qui
1307 4536 1619 4589 illuminant
1643 4535 1856 4590 animas

271 4634 591 4697 hominum,
623 4633 831 4688 similes
860 4648 981 4688 esse
1012 4632 1183 4685 radiis
1206 4630 1370 4695 solis;
1407 4629 1498 4699 qui
1532 4636 1590 4682 ut
1634 4642 1859 4697 proces-

272 4728 455 4783 serint
477 4734 531 4780 et
557 4726 909 4795 apparuerint
936 4725 1158 4786 mundo,
1191 4724 1359 4779 celari
1392 4724 1533 4775 ultra
1562 4730 1653 4775 aut
1672 4722 1859 4775 occul-

273 4817 387 4872 tari
412 4818 726 4873 nullatenus
758 4824 1009 4887 possunt,
1048 4816 1178 4869 dum
1222 4831 1330 4868 non
1364 4821 1472 4866 tam
1495 4813 1753 4865 videntur
1790 4812 1859 4865 ab

271 4910 564 4971 munibus,
594 4924 755 4978 quam
783 4908 965 4961 videre
1001 4907 1259 4960 omnibus
1285 4912 1564 4973 praestant.
1604 4902 1757 4957 Unde
1807 4911 1861 4957 et

276 5004 420 5055 bene
441 5001 558 5070 ipsa
591 5017 685 5069 per
707 5016 766 5055 se
800 4999 1013 5054 Veritas
1046 4999 1111 5052 ad
1137 4997 1397 5053 Veritatis
1432 5014 1714 5067 praecones
1747 4999 1857 5053 ait:

286 5092 397 5146 Vos
419 5092 546 5144 estis
572 5092 663 5144 lux
690 5092 869 5144 mundi
892 5107 910 5154 ;
945 5099 998 5145 et
1021 5111 1031 5144 :
1064 5089 1183 5143 Non
1198 5098 1365 5157 potest
1396 5090 1581 5142 civitas
1608 5087 1859 5142 abscondi

276 5200 446 5251 supra
480 5192 703 5235 montem
731 5184 923 5251 posita,
958 5198 1117 5252 neque
1172 5178 1459 5233 accendunt
1516 5180 1782 5234 lucernam
1811 5190 1861 5233 et

274 5286 484 5344 ponunt
513 5292 629 5329 eam
660 5274 753 5328 sub
788 5274 981 5337 modio,
1039 5272 1129 5327 sed
1157 5288 1323 5342 supra
1369 5270 1766 5337 candelabrum,
1801 5280 1860 5325 ut

329 5413 381 5444 “
416 5410 514 5465 Est
543 5412 703 5483 quod.
798 5414 845 5445 ⁸ο
869 5414 976 5467 Isa.
1022 5429 1146 5468 va.

1245 5410 1291 5443 “
1337 5411 1629 5481 llecognit.,
1669 5428 1723 5474 ν,
1766 5426 1815 5465 c.
1866 5411 1947 5465 l5.

1967 4532 2116 4588 lacti.
2147 4532 2435 4602 lntelligite
2456 4532 2639 4600 itaque
2666 4528 2809 4585 viam
2841 4543 2964 4584 esse
2993 4528 3140 4583 hunc
3190 4528 3310 4585 vita:
3339 4537 3541 4582 nostra:

1965 4640 2225 4691 cursum;
2257 4624 2517 4688 viatores,
2548 4636 2643 4677 eos
2671 4620 2764 4690 qui
2795 4636 2896 4673 nos
2933 4618 3233 4681 instruunt,
3282 4618 3365 4679 vel
3394 4618 3539 4683 bona

1932 4756 1937 4759 -
1964 4732 2130 4787 Opera
2152 4722 2379 4787 gerunt;
2413 4722 2625 4784 portam
2640 4727 2791 4777 vero,
2821 4711 3140 4782 prOphetam
3170 4712 3237 4766 de
3258 4710 3536 4781 quodici-

1967 4824 2115 4872 mus;
2143 4810 2352 4873 urbem,
2384 4821 2612 4875 regnum
2642 4819 2790 4867 esse,
2818 4804 2872 4856 in
2899 4819 3008 4872 quo
3059 4801 3265 4857 residet
3288 4799 3539 4871 omnipo-

1965 4909 2087 4956 tens
2113 4900 2293 4965 Pater,
2325 4914 2486 4969 quem
2530 4897 2632 4953 soli
2663 4896 2845 4955 videre
2869 4904 3099 4965 possunt
3142 4895 3196 4949 hi
3222 4893 3539 4966 quimundo

1964 5002 2093 5051 sunt
2122 4994 2304 5055 corde.
2348 4992 2468 5048 Non
2500 5005 2629 5061 ergo
2655 4989 2815 5044 nobis
2838 4987 3085 5045 diﬂicilis.
3108 4987 3355 5041 videatur
3373 4984 3538 5054 hujus

1962 5089 2177 5143 itineris
2210 5088 2384 5149 labor,
2410 5084 2538 5154 quia
2585 5083 2639 5136 in
2664 5082 2768 5137 line
2793 5080 2912 5151 ejus
2944 5079 3160 5149 requies
3190 5079 3310 5134 erit.
3332 5074 3463 5129 Nam
3482 5082 3539 5130 et

1963 5181 2083 5251 ipse
2105 5196 2267 5235 verus
2294 5178 2580 5249 propheta,
2602 5175 2668 5230 ab
2692 5174 2850 5228 initio
2898 5172 3085 5227 mundi
3128 5186 3224 5241 per
3273 5168 3533 5223 saeculum

1965 5286 2219 5338 currens,
2252 5270 2477 5326 festinat
2498 5268 2566 5323 ad
2594 5266 2859 5337 requiem.
2890 5264 3059 5319 Adest
3072 5264 3217 5319 enim
3234 5259 3393 5315 nobis
3416 5272 3536 5313 om-

2043 5411 2087 5441 “
2120 5408 2251 5463 Luc.
2303 5423 2355 5460 Vl
2380 5447 2393 5470 ,
2429 5404 2532 5468 27;
2577 5402 2764 5455 Matth.
2803 5417 2857 5466 ν,
2888 5399 2977 5453 45.
3074 5394 3419 5470 ⁸-³Αρειιιί-νι,
3457 5392 3545 5469 l5.

256 5485 307 5516 ιδ
340 5463 775 5552 naggara".
851 5463 1255 5553 Romam
1302 5463 1352 5546 ιζ
1386 5463 1862 5553 ’(ὶὶῦιέιέέριίεζὶιηι

1989 5481 2033 5512 ⁵⁸
2058 5480 2227 5553 Cone.
2258 5463 2597 5553 Tribunbrl.
2634 5473 2752 5553 lvo,
2792 5463 2851 5553 pf;
2890 5484 3043 5531 I|,.c.
3302 5463 3551 5553 senio-

265 5572 346 5608 res
368 5570 458 5625 Aac
479 5537 759 5622 vjuut'ores.
836 5555 879 5585 ⁸⁸
902 5537 1172 5625 Recognit.
1210 5570 1270 5607 ιι.
1341 5537 1392 5585 ’⁸³
1430 5554 1555 5607 llaec
1582 5537 1725 5625 be'ati
1756 5551 1895 5625 l’etri
1931 5551 2165 5621 apostoli
2202 5550 2364 5625 verba
2393 5544 2768 5625 imbuuntur-in
2794 5537 3549 5625 libravit:lllecqgtgtiontrg,

222 5658 227 5663 -
264 5601 451 5680 Et."
496 5601 759 5678 εἷ’ᾑὶξιὶῐιὶζ
789 5601 1397 5695 ν,1λξ”’ῗί”ἧεᾶξ›”9ηἱι.
1430 5601 1862 5695 ἱὶῖᾷἶέόξςεῖ

2279 5601 2497 5675 distiuc.
2534 5617 2595 5683 1,
2625 5614 2727 5669 llic
2758 5629 2901 5684 ergo,
2935 5610 2988 5663 id
3013 5621 3110 5663 est.
3185 5601 3248 5679 ,⁸⁵
3275 5605 3426 5662 Felix
3455 5601 3547 5675 ιν,

264 5712 348 5768 cp.
384 5695 433 5751 l.
513 5697 559 5730 “
592 5695 860 5766 Recognit.
892 5712 950 5764 ιι,
981 5704 1032 5752 et
1062 5711 1226 5768 supra
1258 5690 1313 5751 in
1344 5697 1504 5763 epist.
1536 5694 1586 5748 ίι.
1665 5692 1708 5724 ⁸⁸
1742 5690 1979 5748 Ruunt.
