3896 6174
409 259 520 317 499

1288 255 1348 315 S.
1382 252 1777 313 CLEMENTIS
1810 252 1827 306 Ι
1864 252 2028 309 ROM.
2068 251 2269 307 ΡΟΝΤ.
2307 249 2534 306 OPERA
2570 249 2797 305 DUBIA.

3545 247 3646 303 500

399 372 561 427 nibus
583 370 800 439 diebus;
832 380 885 427 et
907 373 954 428 si
979 371 1200 443 quando
1232 387 1461 429 necesse
1481 381 1587 436 est,
1638 379 1883 442 apparet,
1925 382 1979 426 et
2007 377 2054 435 Α
2085 386 2209 423 rum
2243 385 2410 425 causa
2452 369 2520 435 ⁷⁸,
2570 369 2702 425 utile
2740 382 2851 423 non
2882 365 3129 423 videtur:
3174 380 3242 421 ne
3286 363 3429 421 forte
3457 366 3640 424 existi-

396 464 623 533 corrigit
646 481 771 531 nos,
794 478 853 519 ut
877 466 1316 535 obtemperantes
1337 467 1464 532 sibi,
1495 467 1563 520 ad
1588 467 1751 521 vitam
1776 466 1978 537 perdu—

395 561 484 608 cat
510 564 789 611 mternam.
824 555 901 612 De
929 556 1016 613 bis
1058 566 1240 613 autem
1270 559 1364 630 qui
1388 559 1669 629 negligunt
1696 558 1837 613 viam
1864 574 1979 618 sua:

397 645 614 711 salutis,
653 654 708 703 et
729 648 909 709 adhuc
938 649 987 681 “
1016 665 1126 704 non
1144 650 1283 706 bene
1339 649 1556 714 ﬁdeles,
1588 658 1643 705 et
1692 652 1977 721 praeceptis

396 737 517 807 ejus
533 753 867 811 suorumque
884 742 1203 812 pontiﬁcum
1215 742 1560 813 jussionibus
1580 743 1974 809 inobedientes,

396 831 484 885 vel
534 840 891 889 contumaces
945 836 1027 892 eis
1066 836 1346 900 existunt,
1395 837 1439 870 ⁸⁷
1474 835 1740 892 Dominus
1788 844 1977 895 noster

396 921 559 979 Jesus
586 924 862 988 Christus.
919 929 1144 987 mittens
1178 930 1480 1001 discipulos
1517 947 1671 996 suos,
1722 933 1979 1003 przecepit

398 1014 580 1082 nobis,
596 1017 785 1074 dicens
807 1038 820 1073 :
848 1017 913 1073 Ut
929 1021 984 1073 in
1006 1038 1365 1093 quamcunque
1379 1025 1639 1078 civitatem
1652 1033 1743 1077 aut
1760 1024 1975 1080 domum

392 1108 778 1177 introierimus,
800 1110 1041 1167 dicamus
1074 1128 1093 1166 :
1119 1112 1240 1168 Pax
1270 1114 1390 1167 huic
1418 1115 1623 1172 domui.
1669 1116 1737 1170 Et
1769 1117 1816 1171 si
1857 1118 1977 1187 qui-

390 1204 533 1271 dem,
559 1203 757 1277 inquit,
773 1203 938 1278 fuerit
965 1205 1038 1258 ibi
1065 1206 1212 1275 ﬁlius
1236 1209 1415 1275 pacis,
1458 1210 1624 1266 veniet
1672 1225 1828 1279 super
1855 1226 1975 1264 eum

390 1315 498 1367 pax
514 1310 707 1356 vestra.
727 1301 787 1357 Si
812 1318 929 1357 vero
943 1316 1051 1357 non
1066 1300 1250 1369 fuerit,
1267 1316 1376 1370 pax
1399 1313 1572 1356 vestra
1592 1302 1661 1356 ad
1678 1320 1765 1357 vos
1803 1320 1975 1358 rever—

395 1404 548 1449 tetur.
592 1394 790 1451 Euntes
823 1405 1000 1450 autem
1026 1395 1091 1451 de
1132 1394 1293 1451 domo
1320 1393 1396 1453 vel
1436 1394 1644 1450 civitate
1667 1394 1786 1460 illa,
1810 1396 1975 1451 etiam

391 1487 653 1555 pulverem
674 1489 765 1559 qui
794 1487 1073 1543 adhwserit
1092 1488 1309 1558 pedibus
1335 1488 1549 1553 vestris,
1577 1488 1861 1542 excutiatis
1882 1505 1976 1542 su-

390 1593 481 1647 per
509 1596 616 1635 eos.
668 1579 1023 1635 Tolerabilius
1067 1582 1170 1635 erit
1200 1591 1357 1636 terrm
1386 1580 1747 1637 Sodomorum
1784 1588 1834 1633 et
1867 1577 1974 1634 Go-

391 1671 775 1727 morrhworum
822 1672 877 1733 in
906 1672 991 1727 die
1029 1671 1249 1741 judicii,
1298 1690 1456 1743 quam
1505 1675 1589 1728 illi
1633 1672 1843 1729 civitati
1893 1672 1973 1728 vel

388 1762 571 1818 domui
601 1764 665 1818 ⁸⁸.
702 1763 858 1830 Quod
888 1766 1078 1835 utique
1105 1766 1179 1820 ita
1211 1765 1433 1821 demum
1464 1766 1583 1822 ﬁeri
1612 1767 1888 1838 przecepit,
1919 1765 1975 1826 si

388 1856 543 1927 prius
565 1855 623 1911 in
646 1856 869 1913 civitate
898 1859 983 1913 vel
1026 1859 1189 1929 domo
1224 1858 1471 1915 veritatis
1500 1874 1681 1915 sermo
1701 1860 1969 1931 pradice-

391 1956 512 2015 tur;
561 1964 631 2005 ex
681 1965 793 2021 quo
836 1952 922 2005 vel
968 1951 1296 2021 recipientes
1338 1953 1587 2008 veritatis
1636 1952 1822 2017 ﬁdem,
1871 1953 1969 2008 ﬁlii

390 2040 545 2109 pacis
574 2048 629 2096 et
653 2041 749 2095 ﬁlii
787 2042 881 2097 Dei
913 2043 1045 2098 ﬁant
1070 2061 1086 2109 ;
1115 2044 1198 2097 vel
1223 2059 1333 2097 non
1370 2045 1701 2115 recipientes
1732 2061 1970 2115 arguan-

393 2140 508 2198 tur,
562 2135 724 2205 quasi
756 2134 969 2189 inimici
1008 2136 1160 2205 pacis
1188 2144 1244 2191 et
1292 2135 1409 2191 Dei.
1458 2137 1537 2191 lta
1565 2154 1695 2208 ergo
1749 2146 1803 2193 et
1843 2154 1967 2203 nos,

388 2225 641 2296 magistri
672 2226 923 2287 instituta
953 2234 1251 2293 sectantes,
1277 2228 1455 2298 primo
1491 2244 1679 2299 pacem
1710 2230 1971 2300 proponi-

390 2331 517 2373 mus
580 2318 968 2383 auditoribus,
1030 2329 1089 2374 ut
1139 2320 1347 2389 absque
1399 2320 1509 2375 ulla
1558 2322 1970 2393 perturbatione

389 2409 569 2478 possit
596 2408 683 2464 via
718 2409 914 2467 salutis
945 2411 1189 2483 agnoscl.
1214 2410 1372 2481 Quod
1402 2413 1590 2483 siquis
1621 2414 1771 2484 pacis
1803 2414 1968 2469 verba

390 2514 504 2555 non
537 2501 795 2571 suscipit,
830 2518 1012 2573 neque
1034 2504 1338 2574 acquiescit
1363 2506 1601 2571 veritati,
1632 2506 1839 2562 scimus
1879 2506 1968 2561 ad.

389 2608 588 2651 versus
626 2610 753 2651 eum
806 2611 1044 2669 pugnam
1085 2598 1238 2653 verbi
1278 2613 1520 2665 movere,
1564 2606 1620 2657 et
1655 2614 1885 2671 arguere
1923 2600 1969 2633 "

389 2686 600 2754 acrius,
648 2686 989 2744 confutando
1047 2690 1434 2763 ignorantiam,
1487 2700 1544 2747 et
1589 2691 1970 2763 redarguendo

390 2788 637 2849 peccata.
674 2778 1001 2836 Necessario
1045 2782 1212 2851 igitur
1258 2798 1444 2853 pacem
1478 2787 1861 2854 proponimus,
1908 2792 1971 2839 ut

389 2872 437 2928 si
481 2874 608 2944 quis
658 2880 742 2930 est
773 2873 921 2931 ﬁlius
963 2876 1140 2946 pacis,
1174 2893 1279 2946 pax
1326 2886 1515 2933 nostra
1565 2878 1750 2933 veniat
1802 2894 1970 2949 super

387 2981 554 3036 eum;
595 2967 665 3023 ab
694 2982 761 3025 eo
800 2976 984 3025 autem
1016 2970 1114 3041 qui
1156 2984 1217 3025 se
1246 2970 1487 3025 alienum
1530 2970 1656 3047 paci
1702 2970 1966 3038 effecerit,

2083 471 2233 518 ment
2284 479 2387 518 nos
2440 462 2813 533 responsionis
2877 459 3103 531 penuria
3156 458 3429 514 declinare
3469 470 3651 517 certa-

2079 570 2227 619 men,
2257 564 2313 613 et
2358 556 2492 611 ﬁdes
2530 570 2721 611 eorum
2771 556 3023 621 laedatur,
3062 570 3174 608 non
3216 555 3577 626 intelligentia
3604 556 3649 589 "

2078 648 2345 718 propositi
2373 648 2548 705 nostri
2571 648 2641 703 ".
2695 646 2950 720 "Magna
2987 648 3342 713 contumelia,
3387 658 3443 705 et
3486 666 3652 721 grave

2080 741 2243 797 nobis
2292 743 2399 796 erit
2438 750 2746 812 peccatum.
2788 742 2835 797 si
2886 742 2961 797 ita
3014 740 3372 810 desipiamus,
3413 752 3475 798 ut
3525 758 3651 800 cum

2079 834 2363 889 videamus
2390 850 2517 890 eum
2538 834 2635 905 qui
2658 834 2804 889 idola
2835 835 2969 891 colit
2984 850 3107 890 esse
3132 834 3401 900 sobrium,
3430 850 3537 892 nos
3557 839 3653 907 qui

2078 924 2249 984 Deum
2278 928 2535 992 colimus,
2571 928 2744 984 sobrii
2774 942 2899 984 esse
2926 942 3268 984 recusemus.
3296 927 3417 984 Non
3448 930 3556 986 hoc
3581 932 3654 988 sit

2078 1019 2222 1075 inter
2248 1036 2370 1086 nos.
2404 1020 2499 1077 sed
2535 1035 2791 1091 magnum
2824 1021 3125 1078 habeamus
3174 1022 3443 1089 studium,
3494 1035 3558 1080 ut
3604 1028 3654 1082 si

2080 1111 2157 1166 illi
2209 1114 2301 1184 qui
2359 1122 2550 1169 errant
2599 1114 2960 1171 homicidium
3008 1130 3118 1171 non
3173 1115 3399 1181 faciunt,
3435 1132 3541 1173 nos
3586 1134 3656 1174 ne

2078 1204 2387 1261 irascamur
2433 1206 2677 1277 quidem.
2716 1205 2783 1261 Et
2810 1206 2858 1263 si
2889 1207 2969 1263 illi
2998 1208 3331 1264 adulterium
3362 1226 3472 1265 non
3501 1226 3656 1266 com—

2078 1297 2323 1365 mittunt,
2358 1313 2460 1355 nec
2495 1299 2957 1369 concupiscamus
2987 1301 3207 1370 quidem
3245 1301 3480 1357 alienam
3529 1319 3659 1357 mu-

2076 1387 2288 1446 lierem.
2338 1389 2397 1445 Si
2437 1390 2515 1446 illi
2558 1400 2749 1446 amant
2798 1393 3084 1463 proximos
3135 1409 3290 1461 suos,
3341 1409 3445 1452 nos
3483 1395 3657 1451 etiam

2076 1479 2370 1551 diligamus
2400 1482 2655 1538 inimicos
2694 1492 2938 1541 nostros.
2972 1483 3032 1538 Si
3070 1485 3150 1540 illi
3181 1493 3373 1541 mutuo
3402 1486 3541 1543 dant
3570 1488 3658 1545 bis

2076 1574 2172 1647 qui
2203 1575 2406 1631 habent
2442 1576 2585 1631 unde
2623 1576 2879 1644 reddant,
2912 1592 3016 1632 nos
3056 1578 3219 1633 etiam
3259 1577 3345 1633 his
3363 1577 3590 1646 demus,
3627 1594 3660 1632 a

2077 1667 2279 1738 quibus
2311 1669 2555 1739 recipere
2584 1683 2693 1723 non
2721 1684 3029 1739 speramus.
3068 1668 3135 1725 Et
3171 1685 3269 1739 per
3297 1671 3486 1730 omnia
3531 1686 3658 1736 nos,

2005 1739 2050 1795 Β
2082 1759 2177 1831 qui
2204 1760 2252 1795 "
2281 1761 2471 1816 aeterni
2506 1760 2692 1817 saeculi
2730 1760 3104 1816 haereditatem
3142 1776 3453 1832 speramus,
3490 1762 3662 1821 debe—

2075 1868 2201 1910 mus
2230 1853 2542 1925 przecedere
2572 1854 2619 1887 "
2644 1868 2763 1921 eos,
2812 1854 2908 1925 qui
2952 1868 3196 1925 praasens
3229 1863 3444 1913 tantum
3474 1871 3660 1913 saecu-

2071 1949 2189 2005 lum
2226 1955 2529 2015 noverunt;
2551 1948 2811 2014 scientes,
2838 1949 2966 2017 quia
2999 1948 3046 2004 si
3078 1962 3245 2015 opera
3298 1949 3523 2003 illorum
3557 1964 3662 2006 no-

2072 2052 2207 2098 stris
2234 2038 2494 2109 operibus
2544 2041 2764 2103 collata,
2808 2039 2865 2094 in
2906 2040 2995 2094 die
3029 2039 3226 2109 judicii
3273 2040 3475 2095 similia
3510 2041 3664 2097 invo-

2070 2134 2303 2189 niantur
2336 2148 2400 2186 ac
2430 2133 2605 2202 paria,
2635 2132 2889 2188 conlusio
2914 2134 3075 2189 nobis
3096 2134 3220 2200 erit,
3244 2133 3389 2203 quod
3417 2135 3662 2203 aequales

2070 2225 2420 2281 inveniamur
2443 2224 2499 2278 in
2523 2224 2806 2293 operibus,
2820 2224 2908 2281 his
2927 2226 3021 2296 qui
3045 2233 3267 2298 propter
3287 2226 3662 2296 ignorantiam

2069 2318 2533 2381 condemnamur,
2586 2327 2640 2374 et
2683 2318 2891 2375 nullam
2921 2335 3075 2389 spem
3117 2318 3289 2374 futuri
3329 2320 3519 2375 saeculi
3558 2320 3664 2374 ba-

2070 2410 2337 2468 buerunt.
2382 2410 2430 2442 ⁸⁰
2473 2410 2540 2465 Et
2574 2426 2702 2466 vere
2733 2411 2899 2481 digna
2931 2411 3186 2467 confusio
3235 2419 3343 2476 est,
3387 2412 3482 2468 ubi
3521 2412 3663 2469 nihil

2070 2505 2310 2576 amplius
2339 2503 2618 2576 gessimus
2646 2504 2717 2559 ab
2745 2503 2832 2561 his
2860 2504 3066 2575 quibus
3106 2506 3341 2575 amplius
3382 2504 3663 2562 intellexi-

2072 2610 2216 2653 mus.
2248 2595 2408 2663 Quod
2435 2594 2485 2651 si
2514 2594 2771 2651 conlusio
2815 2595 2979 2652 nobis
3008 2597 3135 2662 erit,
3168 2598 3409 2668 aquales
3442 2598 3533 2653 bis
3571 2598 3662 2652 in-

2071 2689 2247 2744 veniri
2271 2690 2326 2744 in
2349 2688 2613 2763 operibus
2636 2689 2830 2758 bonis;
2856 2689 2991 2761 quid
3015 2691 3121 2745 erit
3146 2690 3326 2754 nobis,
3360 2689 3409 2745 si
3436 2689 3662 2745 inferio-

2073 2795 2162 2837 res
2195 2797 2299 2837 nos
2330 2796 2397 2837 ac
2423 2779 2750 2847 deteriores,
2782 2782 3118 2839 examinatio
3161 2782 3347 2839 futura
3380 2783 3662 2853 reperiat?

2070 2873 2268 2930 Audite
2298 2888 2450 2945 ergo,
2491 2873 2768 2945 quomodo
2797 2874 2866 2935 de
2898 2875 2987 2931 his
3037 2891 3142 2931 nos
3176 2876 3294 2947 ipse
3322 2890 3486 2930 verus
3528 2890 3661 2945 pro-

2073 2966 2233 3036 pheta
2266 2966 2537 3023 docuerit.
2564 2964 2648 3023 Ad
2674 2983 2769 3024 eos
2798 2974 2982 3025 autem
3022 2968 3118 3039 qui
3145 2969 3429 3039 negligunt
3463 2969 3660 3023 audire

390 3061 732 3131 regredietur
780 3062 850 3118 ad
891 3076 994 3120 nos
1033 3078 1140 3139 pax
1170 3061 1439 3119 nostra."
1492 3062 1559 3118 Et
1592 3065 1639 3120 si
1674 3066 1876 3127 iterum
1908 3066 1965 3121 in
1994 3088 2038 3146 ρ
2072 3059 2239 3113 verba
2277 3059 2583 3131 sapientiae,
2638 3060 2714 3115 ita
2762 3059 2879 3115 ait:
2912 3058 3114 3132 Regina
3158 3061 3332 3117 austri
3377 3069 3556 3132 surget
3600 3060 3659 3116 iss

390 3153 666 3209 mandatis
700 3153 986 3221 habemus,
1015 3162 1077 3209 ut
1105 3154 1390 3210 venientes
1438 3154 1505 3209 ad
1552 3154 1853 3225 civitatem,
1882 3156 1971 3212 di-

399 3260 622 3304 scamus
652 3248 805 3319 prius
839 3248 966 3320 quis
996 3247 1052 3302 in
1090 3263 1153 3305 ea
1198 3247 1398 3318 dignus
1449 3246 1545 3314 sit,
1568 3255 1628 3302 ut
1652 3248 1797 3319 apud
1842 3264 1969 3305 eum

390 3340 575 3394 cibum
600 3354 887 3396 sumamus
902 3340 983 3407 υς
1016 3348 1225 3411 quanto
1244 3340 1417 3409 magis
1433 3340 1691 3395 convenit
1714 3355 1969 3407 noscere,

390 3432 540 3502 quis,
574 3432 823 3505 qualisve
849 3433 923 3489 sit
952 3432 1022 3499 is,
1052 3433 1141 3488 cui
1185 3432 1615 3495 immortalitatis
1645 3433 1811 3491 verba
1856 3449 1972 3489 cre-

392 3524 568 3581 denda
606 3527 776 3582 sunt?
814 3526 1050 3582 Solliciti
1081 3526 1252 3591 enim,
1291 3534 1346 3582 et
1370 3527 1528 3583 valde
1572 3526 1798 3581 solliciti
1846 3542 1971 3583 esse

392 3617 678 3684 debemus,
739 3636 809 3676 ne
858 3620 1187 3691 margaritas
1232 3627 1453 3675 nostras
1504 3621 1787 3677 mittamus
1844 3630 1972 3676 ante

394 3725 592 3780 porcos
620 3712 691 3767 ".
725 3710 831 3767 Sed
859 3720 913 3767 et
950 3712 1089 3768 alias
1111 3712 1183 3767 ob
1210 3728 1432 3777 causas,
1459 3714 1591 3769 utile
1617 3722 1701 3769 est
1740 3714 1844 3769 viri
1874 3714 1972 3769 bu.

390 3802 484 3872 jus
504 3805 707 3859 habere
736 3820 824 3859 me
862 3805 1139 3861 notitiam.
1182 3804 1241 3863 Si
1293 3807 1441 3861 enim
1473 3808 1668 3872 sciam,
1723 3809 1855 3879 quia
1912 3808 1971 3864 in

393 3896 505 3961 bis,
537 3895 606 3951 de
632 3896 837 3967 quibus
866 3912 975 3951 non
1005 3904 1186 3967 potest
1214 3897 1457 3952 dubitari
1496 3899 1643 3972 quod
1670 3900 1810 3965 bona
1835 3899 1969 3964 sint.

394 3988 719 4046 emendatus
748 3995 901 4045 estet
926 3990 1309 4063 inculpabilis;
1337 3990 1442 4045 hoc
1454 4000 1560 4058 est,
1588 3992 1634 4048 si
1650 3992 1887 4057 sobrius,
1922 3994 1970 4049 si

394 4084 738 4147 misericors,
768 4084 815 4139 si
834 4082 1043 4153 justus,
1081 4082 1129 4139 si
1158 4082 1311 4141 mitis
1335 4095 1390 4141 et
1412 4084 1687 4141 humanus
1711 4095 1816 4152 est,
1848 4102 1971 4157 quae

394 4177 585 4247 utique
622 4178 767 4233 bona
796 4191 920 4237 esse
949 4176 1136 4239 nullus
1172 4176 1434 4247 ambigit;
1466 4185 1599 4231 tunc
1622 4192 1971 4249 consequens

393 4268 688 4337 videbitur,
722 4279 780 4324 ut
804 4269 855 4324 ei
882 4268 975 4340 qui
1013 4268 1221 4331 obtinet
1269 4269 1410 4323 bona
1455 4269 1742 4334 virtutum,
1778 4270 1967 4335 etiam,

392 4364 537 4434 quod
560 4362 717 4421 deest
749 4362 875 4418 ﬁdei
904 4369 960 4425 et
989 4362 1258 4426 scientiae,
1292 4361 1640 4428 conferatur;
1665 4372 1720 4417 et
1752 4364 1806 4417 in
1852 4364 1971 4433 qui-

393 4455 496 4512 bus
521 4454 785 4514 maculari
821 4454 1040 4511 videtur
1068 4454 1190 4524 ejus
1217 4455 1348 4519 vita,
1380 4470 1503 4525 qua:
1529 4461 1616 4509 est
1646 4454 1699 4508 in
1738 4455 1969 4524 reliquis

391 4548 717 4619 probabilis,
762 4548 1106 4603 emendetur.
1151 4545 1210 4601 Si
1248 4561 1381 4602 vero
1421 4546 1479 4600 in
1511 4546 1598 4601 his
1637 4562 1758 4616 quae
1788 4548 1969 4617 palam

392 4652 524 4698 sunt
554 4642 795 4711 peccatis
824 4642 1106 4696 involutus
1156 4648 1442 4709 permanet
1487 4639 1829 4709 inquinatus.
1859 4655 1970 4694 non

392 4748 481 4788 me
508 4742 725 4803 oportet
747 4732 953 4803 aliquid
993 4734 1062 4788 de
1094 4732 1486 4791 secretioribus
1527 4740 1584 4787 et
1608 4732 1839 4788 remotis
1884 4732 1971 4789 di-

390 4825 534 4879 vinas
560 4825 806 4879 scientia:
828 4824 1100 4895 proloqui,
1128 4822 1225 4882 sed
1240 4824 1415 4894 magis
1436 4823 1728 4894 protestari
1759 4831 1815 4879 et
1837 4838 1971 4877 cono

390 4918 583 4973 venire
631 4933 779 4981 eum,
821 4924 880 4971 ut
913 4933 1142 4987 peccare
1186 4916 1424 4983 desinat,
1466 4922 1523 4970 et
1561 4924 1718 4971 actus
1767 4930 1901 4972 suos
1934 4931 1967 4973 a

389 5009 545 5065 vitiis
573 5009 845 5064 emendet.
869 5008 1025 5075 Quod
1053 5010 1101 5064 si
1132 5009 1426 5080 ingesserit
1448 5023 1531 5073 se,
1553 5015 1607 5062 et
1636 5022 1970 5077 provocave-

394 5102 468 5155 rit
502 5115 602 5155 nos
639 5100 842 5166 dicere,
896 5116 1017 5171 qua:
1054 5115 1204 5165 eum,
1246 5100 1436 5155 minus
1483 5106 1635 5154 recte
1687 5107 1964 5169 agentem,

393 5208 506 5246 non
557 5199 808 5263 oporteat
869 5192 1095 5260 audire;
1149 5191 1447 5262 prudenter
1506 5206 1632 5245 cum
1705 5190 1971 5248 debemus

394 5284 615 5340 eludere
636 5285 685 5318 "
718 5302 733 5339 :
760 5300 890 5339 nam
933 5284 1072 5340 nihil
1100 5283 1327 5351 omnino
1358 5281 1713 5360 respondere,
1750 5282 1970 5343 audito.

453 5499 511 5575 '1
547 5501 612 5575 οίῖ
647 5502 764 5559 hoc.
819 5574 836 5575 η
878 5504 939 5575 ⁸1
969 5503 1241 5575 Recognit.
1286 5522 1344 5560 ιι.

385 5636 659 5712 έὲςεηιὶιιυι
689 5636 1307 5712 ρνοροείιιιηιήοεινιιιη.
1332 5644 1667 5701 ΗΑιωωιιιιε.

384 5704 533 5777 1va.
565 5726 615 5765 c.
649 5704 731 5775 ιι.
786 5704 850 5747 ’δι
883 5716 1072 5772 Matth.
1104 5732 1203 5777 xu.
1237 5715 1343 5779 μὴ
1378 5715 1514 5772 Luc.
1545 5734 1607 5783 ιι,
1629 5717 1719 5784 Si.

1460 5506 1508 5585 ’ξ
1542 5505 1733 5585 Matth.
1774 5521 1829 5571 χ,
1868 5507 1965 5572 ll;
2004 5504 2136 5585 l_,_ue.
2186 5520 2241 5585 x,
2276 5503 2365 5585 8.__
2438 5503 2489 5585 ξ’
2529 5517 2749 5585 urgere.

381 5566 426 5599 "
468 5568 658 5625 Matth.
691 5590 743 5626 ι.
817 5574 864 5606 ⁷⁸
891 5573 1082 5638 Matth.
1107 5566 1209 5629 ἶιιι.
1286 5575 1333 5607 ⁷³
1361 5577 1591 5630 erudire.
1668 5579 1714 5609 ⁷⁸
1741 5566 1962 5632 οαιιδω.’

385 5636 666 5717 ligentiunt
689 5647 1020 5717 propositum
1048 5656 1307 5717 nostrum.
1332 5644 1667 5717 Hanuumns.
1765 5649 1807 5680 ⁷⁷
1838 5653 1987 5717 Ιίεοοε

2087 5593 2190 5629 non
2217 5566 2483 5629 intellecta
2505 5566 2809 5644 diliﬁentia.
2884 5572 2932 5604 "
2958 5572 3018 5625 In

2073 5658 2106 5699 ι.
2139 5662 2213 5717 vl,
2244 5662 2293 5701 c.
2332 5645 2418 5698 l3.
2454 5715 2481 5717 Α
2516 5645 2562 5678 ⁷⁸
2592 5645 2740 5716 quia.
2832 5644 2878 5677 ⁷⁸
2902 5655 3017 5709 pra:

2094 5687 2106 5699 ο
2147 5685 2213 5709 II,
2244 5685 2293 5701 νο
2334 5685 2418 5698 ιν.

1797 5722 1841 5753 δ’
1869 5715 2029 5786 lbid.,
2057 5718 2119 5785 ll
2144 5736 2158 5786 ;
2188 5716 2313 5775 lou.
2341 5731 2422 5787 ιιι,
2450 5715 2507 5775 5.

2063 3151 2272 3221 judicio
2317 3169 2437 3207 cum
2482 3155 2817 3225 generatione
2860 3153 2982 3219 hac,
3024 3164 3074 3209 et
3116 3153 3482 3211 condemnabit
3511 3170 3656 3217 eam,

2069 3247 2197 3316 quia
2223 3246 2360 3301 venit
2383 3264 2418 3300 a
2438 3245 2634 3317 ﬁnibus
2662 3255 2817 3303 terrm
2843 3248 3033 3301 audire
3055 3248 3369 3316 sapientiam
3404 3247 3658 3303 Salomo-

2072 3338 2154 3391 nis
2182 3353 2199 3391 :
2222 3347 2271 3393 et
2293 3354 2410 3393 ecce
2430 3338 2712 3409 plusquam
2735 3339 2990 3395 Salomon
3013 3340 3117 3404 hic,
3141 3351 3191 3395 et
3214 3356 3316 3396 non
3339 3341 3568 3397 audiunt
3582 3344 3652 3399 ⁸¹.

2072 3430 2154 3485 Ad
2181 3446 2278 3486 eos
2310 3447 2460 3498 vero,
2491 3432 2588 3502 qui
2619 3431 2688 3487 de
2711 3433 2872 3488 malis
2916 3434 3135 3489 actibus
3158 3449 3350 3504 gerere
3384 3434 3662 3491 detrecta-

2074 3522 2205 3577 bant
2226 3524 2629 3592 pcenitentiam,
2660 3524 2735 3577 ita
2764 3526 2841 3579 ait
2865 3545 2879 3580 :
2920 3525 3035 3580 Viri
3064 3525 3317 3581 Ninivita:
3341 3538 3559 3598 surgent
3596 3529 3658 3583 in

2063 3614 2269 3684 judicio
2296 3632 2413 3670 sum
2433 3617 2769 3687 generatione
2812 3617 2934 3681 hac,
2963 3627 3013 3671 et
3039 3617 3462 3679 condemnabunt
3510 3637 3654 3685 eam,

2070 3708 2197 3773 quia
2215 3708 2575 3777 paznitentiam
2613 3719 2829 3779 egerunt
2871 3711 2928 3764 in
2965 3710 3348 3778 pradicatione
3381 3711 3561 3779 Jonas,
3602 3726 3657 3771 et

2072 3817 2185 3855 ecce
2212 3800 2332 3870 plus
2359 3817 2519 3870 quam
2546 3800 2717 3857 Jonas
2739 3801 2822 3856 hic
2848 3801 2917 3859 “.
2946 3800 3164 3859 Videtis
3188 3818 3343 3875 ergo,
3370 3805 3656 3875 quomodo

2073 3907 2193 3956 eos,
2226 3893 2321 3964 qui
2361 3893 2761 3952 erudiebantur
2788 3910 2857 3950 ex
2902 3894 3041 3965 lege,
3072 3895 3325 3951 adductis
3356 3896 3423 3951 ad
3466 3912 3656 3952 exem—

2074 3985 2222 4054 plum
2268 3985 2377 4046 illis
2419 3986 2511 4056 qui
2554 4002 2622 4045 ex
2664 3987 2856 4056 gentili
2902 3987 3215 4058 ignorantia
3249 3988 3567 4054 veniebant,
3598 3998 3657 4046 et

2072 4078 2375 4134 ostendens
2404 4094 2501 4136 eos
2526 4095 2629 4138 nec
2656 4080 2895 4150 aequales
2923 4081 3032 4136 illis
3068 4096 3193 4137 esse
3226 4083 3321 4151 qui
3358 4082 3417 4137 in
3462 4099 3655 4139 errore

2072 4170 2236 4240 positi
2284 4170 2632 4237 videbantur,
2671 4188 2739 4227 ex
2793 4174 2913 4244 ipsa
2976 4182 3188 4228 tantum
3238 4176 3655 4245 comparatione

2072 4262 2425 4319 condemnat.
2460 4263 2539 4321 Ex
2568 4266 2771 4336 quibus
2803 4266 3065 4322 omnibus
3092 4281 3294 4331 sermo,
3329 4284 3492 4339 quem
3523 4285 3656 4338 pro-

2074 4356 2751 4429 posuimus,approbatur,
2769 4365 2829 4413 ut
2854 4360 3203 4424 castimonia,
3235 4376 3356 4432 quae
3380 4360 3655 4431 aliquate—

2073 4463 2181 4504 nus
2206 4450 2371 4504 etiam
2398 4451 2469 4505 ab
2498 4450 2587 4505 his
2617 4451 2675 4505 in
2718 4465 2910 4507 errore
2942 4459 3073 4507 sunt
3098 4452 3265 4523 positi
3301 4454 3652 4521 custoditur;

2073 4542 2247 4597 multo
2277 4544 2433 4612 prius
2463 4550 2520 4598 et
2565 4544 2853 4612 attentius,
2884 4552 2939 4599 et
2967 4560 3065 4615 per
3095 4546 3342 4615 singulas
3367 4562 3646 4618 quasque,

2070 4636 2214 4691 sicut
2242 4650 2410 4704 supra
2446 4636 2814 4700 ostendimus,
2865 4638 3076 4706 species
3099 4653 3129 4692 a
3153 4639 3337 4705 nobis,
3380 4642 3476 4711 qui
3506 4641 3655 4696 veri-

2070 4735 2239 4781 tatem
2285 4727 2591 4797 sequimur,
2636 4734 2920 4795 teneatur;
2963 4744 3029 4784 eo
3078 4732 3274 4801 magis,
3314 4734 3463 4802 quod
3503 4735 3653 4803 apud

2072 4835 2173 4875 nos
2197 4820 2563 4875 observantia:
2589 4821 2711 4890 ejus
2743 4823 2962 4891 praemia
2992 4831 3199 4885 aeterna
3253 4834 3387 4881 sunt
3445 4827 3647 4896 posita.

2074 4910 2251 4973 Aliter
2278 4913 2425 4966 enim
2454 4928 2618 4968 nemo
2652 4914 2837 4969 salvus
2868 4929 2994 4970 esse
3025 4916 3249 4984 poterit,
3276 4916 3385 4973 nisi
3419 4917 3509 4973 his
3549 4919 3655 4979 οι»

2074 5007 2483 5066 servationibus
2503 5021 2602 5075 pro
2628 5008 2838 5064 viribus
2860 5023 3081 5085 operam
3108 5008 3343 5068 dederit.
3384 5009 3530 5067 Deus
3552 5028 3652 5069 vos

2078 5099 2134 5153 in
2177 5114 2278 5155 sua
2333 5100 2633 5165 voluntate,
2692 5117 3142 5171 unumquemque
3195 5102 3253 5156 in
3304 5118 3409 5158 suo
3454 5104 3652 5161 ordine

2075 5207 2292 5262 semper
2312 5193 2606 5259 custodiat,
2648 5192 2872 5258 fratres,
2910 5194 3013 5251 sibi
3035 5195 3252 5264 placere
3285 5194 3342 5250 in
3391 5198 3650 5254 omnibus

2072 5284 2358 5351 concedat.
2389 5284 2584 5347 Amen.

2856 5501 2904 5533 "°
2938 5499 3213 5566 Recognit.
3250 5513 3311 5566 ιι,
3356 5513 3405 5553 c.
3451 5498 3487 5553 ‘5
3525 5506 3581 5551 et
3613 5500 3647 5551 ι

3123 5569 3357 5645 ιςυςιηὶιυ⁸
3377 5585 3484 5645 non
3510 5568 3664 5645 intel-

2832 5644 2878 5677 "’
2902 5642 3224 5709 pracellere'.

2442 5503 2489 5536 "
2540 5517 2746 5574 urgere.

2516 5645 2562 5678 "
2592 5638 2740 5716 quia.
2832 5644 2878 5677 "’
2902 5638 3224 5709 pracelleré'.
3314 5640 3360 5673 "
3388 5638 3664 5711 Recognit.
