  <div class='ocr_page' id='page_1' title='image "/cluster/home/n/w/nwhite01/storage/ocr_20150623/1/nnc1.0022106693/266.png"; bbox 0 0 3896 6174; ppageno 0'>
   <div class='ocr_carea' id='block_1_1' title="bbox 275 252 381 312">
    <p class='ocr_par' dir='ltr' id='par_1_1' title="bbox 275 252 381 312">
     <span class='ocr_line' id='line_1_1' title="bbox 275 252 381 312; baseline 0 0"><span class='ocrx_word' id='word_1_1' title='bbox 275 252 381 312; x_wconf 72' lang='lat'><strong>50!</strong></span> 
     </span>
    </p>
   </div>
   <div class='ocr_carea' id='block_1_2' title="bbox 293 396 3452 429">
    <p class='ocr_par' dir='ltr' id='par_1_2' title="bbox 293 396 3452 429">
     <span class='ocr_line' id='line_1_2' title="bbox 293 396 3452 429; baseline -0.005 0"><span class='ocrx_word' id='word_1_2' title='bbox 293 396 3452 429; x_wconf 47' lang='grc' dir='ltr'><em>ΜΝ</em></span> 
     </span>
    </p>
   </div>
   <div class='ocr_carea' id='block_1_3' title="bbox 1446 244 2331 305">
    <p class='ocr_par' dir='ltr' id='par_1_3' title="bbox 1446 244 2331 305">
     <span class='ocr_line' id='line_1_3' title="bbox 1446 244 2331 305; baseline -0.006 0"><span class='ocrx_word' id='word_1_3' title='bbox 1446 249 1553 305; x_wconf 82' lang='lat' dir='ltr'><strong>EPI</strong></span> <span class='ocrx_word' id='word_1_4' title='bbox 1562 249 1643 305; x_wconf 86' lang='lat' dir='ltr'><strong>ST</strong></span> <span class='ocrx_word' id='word_1_5' title='bbox 1653 248 1815 305; x_wconf 58' lang='lat' dir='ltr'><strong>OLJE</strong></span> <span class='ocrx_word' id='word_1_6' title='bbox 1852 244 2331 302; x_wconf 82' lang='lat' dir='ltr'><strong>DECRETALES.</strong></span> 
     </span>
    </p>
   </div>
   <div class='ocr_carea' id='block_1_4' title="bbox 3421 237 3527 295">
    <p class='ocr_par' dir='ltr' id='par_1_4' title="bbox 3421 237 3527 295">
     <span class='ocr_line' id='line_1_4' title="bbox 3421 237 3527 295; baseline 0.019 -3"><span class='ocrx_word' id='word_1_7' title='bbox 3421 237 3527 295; x_wconf 73' lang='lat'><strong>£02</strong></span> 
     </span>
    </p>
   </div>
   <div class='ocr_carea' id='block_1_5' title="bbox 1482 523 2327 617">
    <p class='ocr_par' dir='ltr' id='par_1_5' title="bbox 1482 523 2327 617">
     <span class='ocr_line' id='line_1_5' title="bbox 1482 523 2327 617; baseline -0.007 -2"><span class='ocrx_word' id='word_1_8' title='bbox 1482 523 2079 617; x_wconf 85' lang='lat' dir='ltr'><strong>EPISTOLA</strong></span> <span class='ocrx_word' id='word_1_9' title='bbox 2161 525 2327 615; x_wconf 85' lang='lat' dir='ltr'><strong>IV.</strong></span> 
     </span>
    </p>
   </div>
   <div class='ocr_carea' id='block_1_6' title="bbox 344 708 3468 791">
    <p class='ocr_par' dir='ltr' id='par_1_6' title="bbox 344 708 3468 791">
     <span class='ocr_line' id='line_1_6' title="bbox 344 708 3468 791; baseline -0.004 -13"><span class='ocrx_word' id='word_1_10' title='bbox 344 721 561 791; x_wconf 85' lang='lat' dir='ltr'><strong>Scripta</strong></span> <span class='ocrx_word' id='word_1_11' title='bbox 591 720 862 791; x_wconf 72' lang='lat' dir='ltr'><strong>discipulis</strong></span> <span class='ocrx_word' id='word_1_12' title='bbox 886 721 997 791; x_wconf 77' lang='lat' dir='ltr'><strong>suis</strong></span> <span class='ocrx_word' id='word_1_13' title='bbox 1028 718 1176 773; x_wconf 85' lang='lat' dir='ltr'><strong>Julia</strong></span> <span class='ocrx_word' id='word_1_14' title='bbox 1202 728 1252 772; x_wconf 91' lang='lat' dir='ltr'><strong>et</strong></span> <span class='ocrx_word' id='word_1_15' title='bbox 1278 716 1518 791; x_wconf 72' lang='lat' dir='ltr'><strong>Iuliam,</strong></span> <span class='ocrx_word' id='word_1_16' title='bbox 1545 718 1633 789; x_wconf 87' lang='lat' dir='ltr'><strong>qui</strong></span> <span class='ocrx_word' id='word_1_17' title='bbox 1658 718 1924 791; x_wconf 72' lang='lat' dir='ltr'><strong>malarum</strong></span> <span class='ocrx_word' id='word_1_18' title='bbox 1958 710 2692 791; x_wconf 57' lang='lat' dir='ltr'><strong>Itominum’persuasionibus</strong></span> <span class='ocrx_word' id='word_1_19' title='bbox 2740 712 3080 791; x_wconf 70' lang='lat' dir='ltr'><strong>aliquatenus</strong></span> <span class='ocrx_word' id='word_1_20' title='bbox 3126 727 3158 763; x_wconf 93' lang='lat' dir='ltr'><strong>a</strong></span> <span class='ocrx_word' id='word_1_21' title='bbox 3206 718 3349 763; x_wconf 90' lang='lat' dir='ltr'><strong>recta</strong></span> <span class='ocrx_word' id='word_1_22' title='bbox 3376 708 3468 767; x_wconf 77' lang='grc' dir='ltr'><strong>υἰα</strong></span> 
     </span>
    </p>
   </div>
   <div class='ocr_carea' id='block_1_7' title="bbox 874 782 2939 864">
    <p class='ocr_par' dir='ltr' id='par_1_7' title="bbox 874 782 2939 864">
     <span class='ocr_line' id='line_1_7' title="bbox 874 782 2939 864; baseline -0.002 -22"><span class='ocrx_word' id='word_1_23' title='bbox 874 788 1476 864; x_wconf 79' lang='lat' dir='ltr'><strong>declinaverant,[ethis</strong></span> <span class='ocrx_word' id='word_1_24' title='bbox 1508 782 1689 859; x_wconf 78' lang='lat' dir='ltr'><strong>atque]</strong></span> <span class='ocrx_word' id='word_1_25' title='bbox 1713 787 1974 860; x_wconf 73' lang='lat' dir='ltr'><strong>gentibus,</strong></span> <span class='ocrx_word' id='word_1_26' title='bbox 2006 786 2139 838; x_wconf 84' lang='lat' dir='ltr'><strong>inter</strong></span> <span class='ocrx_word' id='word_1_27' title='bbox 2179 800 2311 853; x_wconf 87' lang='lat' dir='ltr'><strong>quas</strong></span> <span class='ocrx_word' id='word_1_28' title='bbox 2353 782 2687 847; x_wconf 80' lang='lat' dir='ltr'><strong>habitabant,</strong></span> <span class='ocrx_word' id='word_1_29' title='bbox 2717 782 2939 838; x_wconf 81' lang='lat' dir='ltr'><strong>directa.</strong></span> 
     </span>
    </p>
   </div>
   <div class='ocr_carea' id='block_1_8' title="bbox 343 1006 3537 1091">
    <p class='ocr_par' dir='ltr' id='par_1_8' title="bbox 343 1006 3537 1091">
     <span class='ocr_line' id='line_1_8' title="bbox 343 1006 3537 1091; baseline -0.006 -9"><span class='ocrx_word' id='word_1_30' title='bbox 343 1027 603 1082; x_wconf 69' lang='lat' dir='ltr'><strong>CLEIENS</strong></span> <span class='ocrx_word' id='word_1_31' title='bbox 631 1024 891 1079; x_wconf 71' lang='lat' dir='ltr'><strong>Romana:</strong></span> <span class='ocrx_word' id='word_1_32' title='bbox 948 1021 1101 1077; x_wconf 85' lang='lat' dir='ltr'><strong>urbis</strong></span> <span class='ocrx_word' id='word_1_33' title='bbox 1143 1020 1458 1091; x_wconf 83' lang='lat' dir='ltr'><strong>episcopus,</strong></span> <span class='ocrx_word' id='word_1_34' title='bbox 1503 1017 1851 1073; x_wconf 88' lang='lat' dir='ltr'><strong>cbarissimis</strong></span> <span class='ocrx_word' id='word_1_35' title='bbox 1879 1021 1927 1079; x_wconf 72' lang='grc' dir='ltr'>Α</span> <span class='ocrx_word' id='word_1_36' title='bbox 1954 1008 2304 1073; x_wconf 79' lang='lat' dir='ltr'><strong>abstraxerit,</strong></span> <span class='ocrx_word' id='word_1_37' title='bbox 2340 1014 2393 1061; x_wconf 90' lang='lat' dir='ltr'><strong>et</strong></span> <span class='ocrx_word' id='word_1_38' title='bbox 2421 1006 2478 1061; x_wconf 90' lang='lat' dir='ltr'><strong>in</strong></span> <span class='ocrx_word' id='word_1_39' title='bbox 2523 1022 2645 1078; x_wconf 87' lang='lat' dir='ltr'><strong>quae</strong></span> <span class='ocrx_word' id='word_1_40' title='bbox 2682 1006 3037 1078; x_wconf 67' lang='lat' dir='ltr'><strong>praecipitarit</strong></span> <span class='ocrx_word' id='word_1_41' title='bbox 3065 1006 3228 1073; x_wconf 89' lang='lat' dir='ltr'><strong>mala,</strong></span> <span class='ocrx_word' id='word_1_42' title='bbox 3269 1016 3341 1073; x_wconf 90' lang='lat' dir='ltr'><strong>et,</strong></span> <span class='ocrx_word' id='word_1_43' title='bbox 3389 1008 3537 1077; x_wconf 88' lang='lat' dir='ltr'><strong>quod</strong></span> 
     </span>
    </p>
   </div>
   <div class='ocr_carea' id='block_1_9' title="bbox 272 1111 1850 1184">
    <p class='ocr_par' dir='ltr' id='par_1_9' title="bbox 272 1111 1850 1184">
     <span class='ocr_line' id='line_1_9' title="bbox 272 1111 1850 1184; baseline -0.006 -8"><span class='ocrx_word' id='word_1_44' title='bbox 272 1122 542 1177; x_wconf 75' lang='lat' dir='ltr'><strong>fratribus</strong></span> <span class='ocrx_word' id='word_1_45' title='bbox 566 1118 725 1173; x_wconf 74' lang='lat' dir='ltr'><strong>Juno</strong></span> <span class='ocrx_word' id='word_1_46' title='bbox 755 1126 809 1173; x_wconf 92' lang='lat' dir='ltr'><strong>et</strong></span> <span class='ocrx_word' id='word_1_47' title='bbox 836 1116 1085 1180; x_wconf 72' lang='lat' dir='ltr'><strong>Juumo,</strong></span> <span class='ocrx_word' id='word_1_48' title='bbox 1116 1128 1181 1169; x_wconf 88' lang='lat' dir='ltr'><strong>ac</strong></span> <span class='ocrx_word' id='word_1_49' title='bbox 1204 1113 1431 1184; x_wconf 82' lang='lat' dir='ltr'><strong>reliquis</strong></span> <span class='ocrx_word' id='word_1_50' title='bbox 1462 1111 1850 1167; x_wconf 89' lang='lat' dir='ltr'><strong>consodalibus</strong></span> 
     </span>
    </p>
   </div>
   <div class='ocr_carea' id='block_1_10' title="bbox 272 1208 1545 1285">
    <p class='ocr_par' dir='ltr' id='par_1_10' title="bbox 272 1208 1545 1285">
     <span class='ocr_line' id='line_1_10' title="bbox 272 1208 1545 1285; baseline -0.012 -11"><span class='ocrx_word' id='word_1_51' title='bbox 272 1216 510 1282; x_wconf 85' lang='lat' dir='ltr'><strong>nostris,</strong></span> <span class='ocrx_word' id='word_1_52' title='bbox 545 1214 912 1285; x_wconf 76' lang='lat' dir='ltr'><strong>gentibusque</strong></span> <span class='ocrx_word' id='word_1_53' title='bbox 941 1225 1065 1281; x_wconf 65' lang='lat' dir='ltr'><strong>quae</strong></span> <span class='ocrx_word' id='word_1_54' title='bbox 1091 1208 1237 1264; x_wconf 91' lang='lat' dir='ltr'><strong>circa</strong></span> <span class='ocrx_word' id='word_1_55' title='bbox 1272 1223 1367 1263; x_wconf 91' lang='lat' dir='ltr'><strong>vos</strong></span> <span class='ocrx_word' id='word_1_56' title='bbox 1395 1214 1545 1261; x_wconf 89' lang='lat' dir='ltr'><strong>sunt.</strong></span> 
     </span>
    </p>
   </div>
   <div class='ocr_carea' id='block_1_11' title="bbox 341 1299 1853 1379">
    <p class='ocr_par' dir='ltr' id='par_1_11' title="bbox 341 1299 1853 1379">
     <span class='ocr_line' id='line_1_11' title="bbox 341 1299 1853 1379; baseline -0.007 -15"><span class='ocrx_word' id='word_1_57' title='bbox 341 1309 576 1379; x_wconf 85' lang='lat' dir='ltr'><strong>Oportet</strong></span> <span class='ocrx_word' id='word_1_58' title='bbox 605 1304 828 1369; x_wconf 77' lang='lat' dir='ltr'><strong>fratres,</strong></span> <span class='ocrx_word' id='word_1_59' title='bbox 860 1318 1054 1358; x_wconf 89' lang='lat' dir='ltr'><strong>omnes</strong></span> <span class='ocrx_word' id='word_1_60' title='bbox 1076 1301 1355 1363; x_wconf 88' lang='lat' dir='ltr'><strong>doctores,</strong></span> <span class='ocrx_word' id='word_1_61' title='bbox 1380 1300 1471 1370; x_wconf 88' lang='lat' dir='ltr'><strong>qui</strong></span> <span class='ocrx_word' id='word_1_62' title='bbox 1502 1299 1573 1354; x_wconf 89' lang='lat' dir='ltr'><strong>ad</strong></span> <span class='ocrx_word' id='word_1_63' title='bbox 1618 1300 1853 1355; x_wconf 88' lang='lat' dir='ltr'><strong>salutem</strong></span> 
     </span>
    </p>
   </div>
   <div class='ocr_carea' id='block_1_12' title="bbox 271 1392 1852 1461">
    <p class='ocr_par' dir='ltr' id='par_1_12' title="bbox 271 1392 1852 1461">
     <span class='ocr_line' id='line_1_12' title="bbox 271 1392 1852 1461; baseline -0.005 -4"><span class='ocrx_word' id='word_1_64' title='bbox 271 1404 592 1457; x_wconf 82' lang='lat' dir='ltr'><strong>animarum</strong></span> <span class='ocrx_word' id='word_1_65' title='bbox 618 1397 857 1454; x_wconf 90' lang='lat' dir='ltr'><strong>instituti</strong></span> <span class='ocrx_word' id='word_1_66' title='bbox 900 1402 1051 1461; x_wconf 90' lang='lat' dir='ltr'><strong>sunt,</strong></span> <span class='ocrx_word' id='word_1_67' title='bbox 1096 1403 1151 1450; x_wconf 89' lang='lat' dir='ltr'><strong>et</strong></span> <span class='ocrx_word' id='word_1_68' title='bbox 1199 1393 1267 1448; x_wconf 90' lang='lat' dir='ltr'><strong>ad</strong></span> <span class='ocrx_word' id='word_1_69' title='bbox 1292 1392 1589 1448; x_wconf 89' lang='lat' dir='ltr'><strong>lucrandas</strong></span> <span class='ocrx_word' id='word_1_70' title='bbox 1637 1393 1852 1449; x_wconf 88' lang='lat' dir='ltr'><strong>animas</strong></span> 
     </span>
    </p>
   </div>
   <div class='ocr_carea' id='block_1_13' title="bbox 270 1484 1855 1566">
    <p class='ocr_par' dir='ltr' id='par_1_13' title="bbox 270 1484 1855 1566">
     <span class='ocr_line' id='line_1_13' title="bbox 270 1484 1855 1566; baseline -0.008 -14"><span class='ocrx_word' id='word_1_71' title='bbox 270 1498 520 1566; x_wconf 80' lang='lat' dir='ltr'><strong>episcopi</strong></span> <span class='ocrx_word' id='word_1_72' title='bbox 552 1501 683 1551; x_wconf 88' lang='lat' dir='ltr'><strong>sunt</strong></span> <span class='ocrx_word' id='word_1_73' title='bbox 711 1490 1042 1555; x_wconf 87' lang='lat' dir='ltr'><strong>consecrati,</strong></span> <span class='ocrx_word' id='word_1_74' title='bbox 1068 1504 1168 1560; x_wconf 91' lang='lat' dir='ltr'><strong>pro</strong></span> <span class='ocrx_word' id='word_1_75' title='bbox 1184 1486 1400 1543; x_wconf 89' lang='lat' dir='ltr'><strong>cunctis</strong></span> <span class='ocrx_word' id='word_1_76' title='bbox 1426 1484 1855 1542; x_wconf 86' lang='lat' dir='ltr'><strong>sollicitudinem</strong></span> 
     </span>
    </p>
   </div>
   <div class='ocr_carea' id='block_1_14' title="bbox 272 1577 1855 1660">
    <p class='ocr_par' dir='ltr' id='par_1_14' title="bbox 272 1577 1855 1660">
     <span class='ocr_line' id='line_1_14' title="bbox 272 1577 1855 1660; baseline -0.009 -16"><span class='ocrx_word' id='word_1_77' title='bbox 272 1604 489 1660; x_wconf 90' lang='lat' dir='ltr'><strong>gerere,</strong></span> <span class='ocrx_word' id='word_1_78' title='bbox 529 1595 586 1642; x_wconf 90' lang='lat' dir='ltr'><strong>et</strong></span> <span class='ocrx_word' id='word_1_79' title='bbox 610 1594 857 1640; x_wconf 85' lang='lat' dir='ltr'><strong>errantes</strong></span> <span class='ocrx_word' id='word_1_80' title='bbox 887 1584 952 1638; x_wconf 87' lang='lat' dir='ltr'><strong>ad</strong></span> <span class='ocrx_word' id='word_1_81' title='bbox 987 1583 1129 1637; x_wconf 89' lang='lat' dir='ltr'><strong>viam</strong></span> <span class='ocrx_word' id='word_1_82' title='bbox 1174 1579 1422 1637; x_wconf 84' lang='lat' dir='ltr'><strong>veritatis</strong></span> <span class='ocrx_word' id='word_1_83' title='bbox 1448 1586 1504 1635; x_wconf 89' lang='lat' dir='ltr'><strong>et</strong></span> <span class='ocrx_word' id='word_1_84' title='bbox 1527 1577 1596 1632; x_wconf 88' lang='lat' dir='ltr'><strong>ad</strong></span> <span class='ocrx_word' id='word_1_85' title='bbox 1636 1585 1855 1648; x_wconf 90' lang='lat' dir='ltr'><strong>portum</strong></span> 
     </span>
    </p>
   </div>
   <div class='ocr_carea' id='block_1_15' title="bbox 270 1674 1854 1746">
    <p class='ocr_par' dir='ltr' id='par_1_15' title="bbox 270 1674 1854 1746">
     <span class='ocr_line' id='line_1_15' title="bbox 270 1674 1854 1746; baseline -0.006 -10"><span class='ocrx_word' id='word_1_86' title='bbox 270 1682 471 1737; x_wconf 75' lang='lat' dir='ltr'><strong>salutis</strong></span> <span class='ocrx_word' id='word_1_87' title='bbox 501 1678 784 1733; x_wconf 85' lang='lat' dir='ltr'><strong>reducere.</strong></span> <span class='ocrx_word' id='word_1_88' title='bbox 819 1674 887 1731; x_wconf 89' lang='lat' dir='ltr'><strong>Et</strong></span> <span class='ocrx_word' id='word_1_89' title='bbox 916 1677 1045 1731; x_wconf 88' lang='lat' dir='ltr'><strong>licet</strong></span> <span class='ocrx_word' id='word_1_90' title='bbox 1068 1682 1289 1746; x_wconf 85' lang='lat' dir='ltr'><strong>propter</strong></span> <span class='ocrx_word' id='word_1_91' title='bbox 1319 1684 1531 1745; x_wconf 85' lang='lat' dir='ltr'><strong>gentes,</strong></span> <span class='ocrx_word' id='word_1_92' title='bbox 1564 1689 1686 1744; x_wconf 66' lang='lat' dir='ltr'><strong>quae</strong></span> <span class='ocrx_word' id='word_1_93' title='bbox 1707 1674 1854 1728; x_wconf 90' lang='lat' dir='ltr'><strong>circa</strong></span> 
     </span>
    </p>
   </div>
   <div class='ocr_carea' id='block_1_16' title="bbox 270 1766 1855 1839">
    <p class='ocr_par' dir='ltr' id='par_1_16' title="bbox 270 1766 1855 1839">
     <span class='ocr_line' id='line_1_16' title="bbox 270 1766 1855 1839; baseline -0.005 -10"><span class='ocrx_word' id='word_1_94' title='bbox 270 1790 370 1829; x_wconf 83' lang='lat' dir='ltr'><strong>vos</strong></span> <span class='ocrx_word' id='word_1_95' title='bbox 392 1781 552 1836; x_wconf 88' lang='lat' dir='ltr'><strong>sunt,</strong></span> <span class='ocrx_word' id='word_1_96' title='bbox 579 1772 637 1825; x_wconf 91' lang='lat' dir='ltr'><strong>in</strong></span> <span class='ocrx_word' id='word_1_97' title='bbox 665 1769 883 1825; x_wconf 88' lang='lat' dir='ltr'><strong>modico</strong></span> <span class='ocrx_word' id='word_1_98' title='bbox 914 1783 1013 1824; x_wconf 92' lang='lat' dir='ltr'><strong>vos</strong></span> <span class='ocrx_word' id='word_1_99' title='bbox 1034 1783 1254 1824; x_wconf 84' lang='lat' dir='ltr'><strong>errasse</strong></span> <span class='ocrx_word' id='word_1_100' title='bbox 1286 1767 1584 1839; x_wconf 80' lang='lat' dir='ltr'><strong>contigerit</strong></span> <span class='ocrx_word' id='word_1_101' title='bbox 1608 1784 1623 1835; x_wconf 90' lang='lat'><strong>;</strong></span> <span class='ocrx_word' id='word_1_102' title='bbox 1655 1766 1855 1821; x_wconf 91' lang='lat' dir='ltr'><strong>melius</strong></span> 
     </span>
    </p>
   </div>
   <div class='ocr_carea' id='block_1_17' title="bbox 270 1860 1941 1930">
    <p class='ocr_par' dir='ltr' id='par_1_17' title="bbox 270 1860 1941 1930">
     <span class='ocr_line' id='line_1_17' title="bbox 270 1860 1941 1930; baseline -0.005 -9"><span class='ocrx_word' id='word_1_103' title='bbox 270 1873 358 1922; x_wconf 87' lang='lat' dir='ltr'><strong>est</strong></span> <span class='ocrx_word' id='word_1_104' title='bbox 398 1875 584 1919; x_wconf 85' lang='lat' dir='ltr'><strong>tamen</strong></span> <span class='ocrx_word' id='word_1_105' title='bbox 621 1862 804 1917; x_wconf 89' lang='lat' dir='ltr'><strong>redire</strong></span> <span class='ocrx_word' id='word_1_106' title='bbox 844 1860 913 1916; x_wconf 87' lang='lat' dir='ltr'><strong>ad</strong></span> <span class='ocrx_word' id='word_1_107' title='bbox 942 1860 1195 1917; x_wconf 82' lang='lat' dir='ltr'><strong>veritatis</strong></span> <span class='ocrx_word' id='word_1_108' title='bbox 1238 1860 1406 1924; x_wconf 89' lang='lat' dir='ltr'><strong>viam,</strong></span> <span class='ocrx_word' id='word_1_109' title='bbox 1438 1874 1603 1930; x_wconf 86' lang='lat' dir='ltr'><strong>quam</strong></span> <span class='ocrx_word' id='word_1_110' title='bbox 1648 1860 1855 1915; x_wconf 86' lang='lat' dir='ltr'><strong>diutius</strong></span> <span class='ocrx_word' id='word_1_111' title='bbox 1938 1920 1941 1921; x_wconf 16' lang='grc' dir='ltr'><em>γ</em></span> 
     </span>
    </p>
   </div>
   <div class='ocr_carea' id='block_1_18' title="bbox 272 1951 1857 2027">
    <p class='ocr_par' dir='ltr' id='par_1_18' title="bbox 272 1951 1857 2027">
     <span class='ocr_line' id='line_1_18' title="bbox 272 1951 1857 2027; baseline -0.003 -15"><span class='ocrx_word' id='word_1_112' title='bbox 272 1959 327 2012; x_wconf 89' lang='lat' dir='ltr'><strong>iu</strong></span> <span class='ocrx_word' id='word_1_113' title='bbox 355 1958 482 2027; x_wconf 89' lang='lat' dir='ltr'><strong>ipso</strong></span> <span class='ocrx_word' id='word_1_114' title='bbox 511 1970 701 2012; x_wconf 89' lang='lat' dir='ltr'><strong>errore</strong></span> <span class='ocrx_word' id='word_1_115' title='bbox 722 1968 1078 2024; x_wconf 83' lang='lat' dir='ltr'><strong>perseverare</strong></span> <span class='ocrx_word' id='word_1_116' title='bbox 1094 1953 1163 2007; x_wconf 80' lang='grc'><strong>⁸³.</strong></span> <span class='ocrx_word' id='word_1_117' title='bbox 1188 1951 1562 2022; x_wconf 87' lang='lat' dir='ltr'><strong>Quoscunque</strong></span> <span class='ocrx_word' id='word_1_118' title='bbox 1603 1953 1748 2007; x_wconf 89' lang='lat' dir='ltr'><strong>enim</strong></span> <span class='ocrx_word' id='word_1_119' title='bbox 1788 1952 1857 2007; x_wconf 90' lang='lat' dir='ltr'><strong>de</strong></span> 
     </span>
    </p>
   </div>
   <div class='ocr_carea' id='block_1_19' title="bbox 274 2044 1857 2119">
    <p class='ocr_par' dir='ltr' id='par_1_19' title="bbox 274 2044 1857 2119">
     <span class='ocr_line' id='line_1_19' title="bbox 274 2044 1857 2119; baseline -0.003 -15"><span class='ocrx_word' id='word_1_120' title='bbox 274 2050 385 2114; x_wconf 85' lang='lat' dir='ltr'><strong>bis,</strong></span> <span class='ocrx_word' id='word_1_121' title='bbox 409 2049 511 2119; x_wconf 74' lang='lat' dir='ltr'><strong>Qui</strong></span> <span class='ocrx_word' id='word_1_122' title='bbox 536 2063 636 2103; x_wconf 90' lang='lat' dir='ltr'><strong>vos</strong></span> <span class='ocrx_word' id='word_1_123' title='bbox 665 2062 854 2102; x_wconf 91' lang='lat' dir='ltr'><strong>errare</strong></span> <span class='ocrx_word' id='word_1_124' title='bbox 888 2045 1159 2111; x_wconf 81' lang='lat' dir='ltr'><strong>fecerunt,</strong></span> <span class='ocrx_word' id='word_1_125' title='bbox 1192 2046 1279 2100; x_wconf 90' lang='lat' dir='ltr'><strong>vel</strong></span> <span class='ocrx_word' id='word_1_126' title='bbox 1310 2045 1379 2099; x_wconf 92' lang='lat' dir='ltr'><strong>de</strong></span> <span class='ocrx_word' id='word_1_127' title='bbox 1409 2045 1518 2111; x_wconf 85' lang='lat' dir='ltr'><strong>bis,</strong></span> <span class='ocrx_word' id='word_1_128' title='bbox 1547 2044 1642 2115; x_wconf 91' lang='lat' dir='ltr'><strong>qui</strong></span> <span class='ocrx_word' id='word_1_129' title='bbox 1675 2044 1857 2099; x_wconf 88' lang='lat' dir='ltr'><strong>adhuc</strong></span> 
     </span>
    </p>
   </div>
   <div class='ocr_carea' id='block_1_20' title="bbox 271 2138 1856 2211">
    <p class='ocr_par' dir='ltr' id='par_1_20' title="bbox 271 2138 1856 2211">
     <span class='ocr_line' id='line_1_20' title="bbox 271 2138 1856 2211; baseline -0.003 -16"><span class='ocrx_word' id='word_1_130' title='bbox 271 2143 508 2198; x_wconf 77' lang='lat' dir='ltr'><strong>verbum</strong></span> <span class='ocrx_word' id='word_1_131' title='bbox 538 2139 947 2211; x_wconf 60' lang='lat' dir='ltr'><strong>praedicationis</strong></span> <span class='ocrx_word' id='word_1_132' title='bbox 977 2153 1091 2194; x_wconf 92' lang='lat' dir='ltr'><strong>non</strong></span> <span class='ocrx_word' id='word_1_133' title='bbox 1120 2138 1436 2203; x_wconf 88' lang='lat' dir='ltr'><strong>audierunt,</strong></span> <span class='ocrx_word' id='word_1_134' title='bbox 1477 2138 1732 2208; x_wconf 88' lang='lat' dir='ltr'><strong>potestis,</strong></span> <span class='ocrx_word' id='word_1_135' title='bbox 1760 2153 1856 2192; x_wconf 79' lang='lat' dir='ltr'><strong>vo-</strong></span> 
     </span>
    </p>
   </div>
   <div class='ocr_carea' id='block_1_21' title="bbox 274 2230 1858 2295">
    <p class='ocr_par' dir='ltr' id='par_1_21' title="bbox 274 2230 1858 2295">
     <span class='ocr_line' id='line_1_21' title="bbox 274 2230 1858 2295; baseline -0.001 -7"><span class='ocrx_word' id='word_1_136' title='bbox 274 2235 496 2289; x_wconf 86' lang='lat' dir='ltr'><strong>biscum</strong></span> <span class='ocrx_word' id='word_1_137' title='bbox 527 2232 814 2295; x_wconf 87' lang='lat' dir='ltr'><strong>assumite,</strong></span> <span class='ocrx_word' id='word_1_138' title='bbox 838 2239 894 2287; x_wconf 89' lang='lat' dir='ltr'><strong>et</strong></span> <span class='ocrx_word' id='word_1_139' title='bbox 918 2230 988 2286; x_wconf 88' lang='lat' dir='ltr'><strong>ad</strong></span> <span class='ocrx_word' id='word_1_140' title='bbox 1016 2231 1161 2285; x_wconf 88' lang='lat' dir='ltr'><strong>viam</strong></span> <span class='ocrx_word' id='word_1_141' title='bbox 1200 2231 1450 2287; x_wconf 82' lang='lat' dir='ltr'><strong>veritatis</strong></span> <span class='ocrx_word' id='word_1_142' title='bbox 1478 2230 1756 2293; x_wconf 87' lang='lat' dir='ltr'><strong>adducite,</strong></span> <span class='ocrx_word' id='word_1_143' title='bbox 1788 2246 1858 2286; x_wconf 87' lang='lat' dir='ltr'><strong>ne</strong></span> 
     </span>
    </p>
   </div>
   <div class='ocr_carea' id='block_1_22' title="bbox 273 2321 1857 2389">
    <p class='ocr_par' dir='ltr' id='par_1_22' title="bbox 273 2321 1857 2389">
     <span class='ocr_line' id='line_1_22' title="bbox 273 2321 1857 2389; baseline -0.001 -10"><span class='ocrx_word' id='word_1_144' title='bbox 273 2325 597 2389; x_wconf 79' lang='lat' dir='ltr'><strong>iul’ructosi,</strong></span> <span class='ocrx_word' id='word_1_145' title='bbox 628 2323 724 2379; x_wconf 90' lang='lat' dir='ltr'><strong>sed</strong></span> <span class='ocrx_word' id='word_1_146' title='bbox 752 2323 1021 2379; x_wconf 86' lang='lat' dir='ltr'><strong>l‘ructuosi</strong></span> <span class='ocrx_word' id='word_1_147' title='bbox 1045 2324 1277 2379; x_wconf 92' lang='lat' dir='ltr'><strong>Domino</strong></span> <span class='ocrx_word' id='word_1_148' title='bbox 1308 2321 1688 2378; x_wconf 88' lang='lat' dir='ltr'><strong>inveniamini.</strong></span> <span class='ocrx_word' id='word_1_149' title='bbox 1708 2321 1764 2354; x_wconf 70' lang='lat'><strong>-“</strong></span> <span class='ocrx_word' id='word_1_150' title='bbox 1791 2322 1857 2377; x_wconf 91' lang='lat' dir='ltr'><strong>Et</strong></span> 
     </span>
    </p>
   </div>
   <div class='ocr_carea' id='block_1_23' title="bbox 1956 1099 3537 1174">
    <p class='ocr_par' dir='ltr' id='par_1_23' title="bbox 1956 1099 3537 1174">
     <span class='ocr_line' id='line_1_23' title="bbox 1956 1099 3537 1174; baseline -0.003 -15"><span class='ocrx_word' id='word_1_151' title='bbox 1956 1113 2041 1159; x_wconf 91' lang='lat' dir='ltr'><strong>est</strong></span> <span class='ocrx_word' id='word_1_152' title='bbox 2068 1117 2231 1174; x_wconf 90' lang='lat' dir='ltr'><strong>super</strong></span> <span class='ocrx_word' id='word_1_153' title='bbox 2266 1100 2449 1156; x_wconf 82' lang='lat' dir='ltr'><strong>omnia</strong></span> <span class='ocrx_word' id='word_1_154' title='bbox 2489 1100 2735 1171; x_wconf 81' lang='lat' dir='ltr'><strong>gravius,</strong></span> <span class='ocrx_word' id='word_1_155' title='bbox 2771 1099 2917 1170; x_wconf 92' lang='lat' dir='ltr'><strong>quod</strong></span> <span class='ocrx_word' id='word_1_156' title='bbox 2951 1114 3047 1155; x_wconf 88' lang='lat' dir='ltr'><strong>vos</strong></span> <span class='ocrx_word' id='word_1_157' title='bbox 3098 1100 3153 1153; x_wconf 93' lang='lat' dir='ltr'><strong>in</strong></span> <span class='ocrx_word' id='word_1_158' title='bbox 3209 1099 3393 1154; x_wconf 83' lang='lat' dir='ltr'><strong>futuro</strong></span> <span class='ocrx_word' id='word_1_159' title='bbox 3431 1114 3537 1156; x_wconf 79' lang='lat' dir='ltr'><strong>sae-</strong></span> 
     </span>
    </p>
   </div>
   <div class='ocr_carea' id='block_1_24' title="bbox 1958 1190 3539 1262">
    <p class='ocr_par' dir='ltr' id='par_1_24' title="bbox 1958 1190 3539 1262">
     <span class='ocr_line' id='line_1_24' title="bbox 1958 1190 3539 1262; baseline -0.001 -11"><span class='ocrx_word' id='word_1_160' title='bbox 1958 1196 2083 1251; x_wconf 91' lang='lat' dir='ltr'><strong>culo</strong></span> <span class='ocrx_word' id='word_1_161' title='bbox 2111 1193 2334 1250; x_wconf 68' lang='lat' dir='ltr'><strong>aeternis</strong></span> <span class='ocrx_word' id='word_1_162' title='bbox 2379 1191 2558 1262; x_wconf 86' lang='lat' dir='ltr'><strong>poenis</strong></span> <span class='ocrx_word' id='word_1_163' title='bbox 2591 1192 2857 1246; x_wconf 78' lang='lat' dir='ltr'><strong>obnoxios</strong></span> <span class='ocrx_word' id='word_1_164' title='bbox 2899 1190 3049 1246; x_wconf 83' lang='lat' dir='ltr'><strong>fecit.</strong></span> <span class='ocrx_word' id='word_1_165' title='bbox 3096 1190 3288 1247; x_wconf 85' lang='lat' dir='ltr'><strong>Nonne</strong></span> <span class='ocrx_word' id='word_1_166' title='bbox 3316 1207 3414 1262; x_wconf 90' lang='lat' dir='ltr'><strong>pro</strong></span> <span class='ocrx_word' id='word_1_167' title='bbox 3452 1193 3539 1249; x_wconf 88' lang='lat' dir='ltr'><strong>bis</strong></span> 
     </span>
    </p>
   </div>
   <div class='ocr_carea' id='block_1_25' title="bbox 1959 1283 3540 1357">
    <p class='ocr_par' dir='ltr' id='par_1_25' title="bbox 1959 1283 3540 1357">
     <span class='ocr_line' id='line_1_25' title="bbox 1959 1283 3540 1357; baseline -0.001 -14"><span class='ocrx_word' id='word_1_168' title='bbox 1959 1289 2235 1351; x_wconf 90' lang='lat' dir='ltr'><strong>omnibus,</strong></span> <span class='ocrx_word' id='word_1_169' title='bbox 2287 1284 2378 1341; x_wconf 89' lang='lat' dir='ltr'><strong>ubi</strong></span> <span class='ocrx_word' id='word_1_170' title='bbox 2425 1285 2580 1340; x_wconf 85' lang='lat' dir='ltr'><strong>vobis</strong></span> <span class='ocrx_word' id='word_1_171' title='bbox 2603 1283 2849 1341; x_wconf 84' lang='lat' dir='ltr'><strong>veritatis</strong></span> <span class='ocrx_word' id='word_1_172' title='bbox 2895 1285 3080 1339; x_wconf 90' lang='lat' dir='ltr'><strong>lumen</strong></span> <span class='ocrx_word' id='word_1_173' title='bbox 3119 1284 3343 1350; x_wconf 74' lang='lat' dir='ltr'><strong>effulsit,</strong></span> <span class='ocrx_word' id='word_1_174' title='bbox 3396 1285 3540 1357; x_wconf 86' lang='lat' dir='ltr'><strong>ignis</strong></span> 
     </span>
    </p>
   </div>
   <div class='ocr_carea' id='block_1_26' title="bbox 1954 1376 3541 1451">
    <p class='ocr_par' dir='ltr' id='par_1_26' title="bbox 1954 1376 3541 1451">
     <span class='ocr_line' id='line_1_26' title="bbox 1954 1376 3541 1451; baseline -0.001 -16"><span class='ocrx_word' id='word_1_175' title='bbox 1954 1380 2281 1451; x_wconf 62' lang='lat' dir='ltr'><strong>justissima:</strong></span> <span class='ocrx_word' id='word_1_176' title='bbox 2314 1376 2712 1448; x_wconf 83' lang='lat' dir='ltr'><strong>indignationis</strong></span> <span class='ocrx_word' id='word_1_177' title='bbox 2756 1376 3103 1442; x_wconf 76' lang='lat' dir='ltr'><strong>accenditur,</strong></span> <span class='ocrx_word' id='word_1_178' title='bbox 3145 1385 3200 1432; x_wconf 89' lang='lat' dir='ltr'><strong>et</strong></span> <span class='ocrx_word' id='word_1_179' title='bbox 3241 1378 3541 1434; x_wconf 72' lang='lat' dir='ltr'><strong>iracundia:</strong></span> 
     </span>
    </p>
   </div>
   <div class='ocr_carea' id='block_1_27' title="bbox 1960 1468 3542 1543">
    <p class='ocr_par' dir='ltr' id='par_1_27' title="bbox 1960 1468 3542 1543">
     <span class='ocr_line' id='line_1_27' title="bbox 1960 1468 3542 1543; baseline 0 -16"><span class='ocrx_word' id='word_1_180' title='bbox 1960 1472 2073 1527; x_wconf 90' lang='lat' dir='ltr'><strong>Deo</strong></span> <span class='ocrx_word' id='word_1_181' title='bbox 2122 1472 2334 1543; x_wconf 63' lang='lat' dir='ltr'><strong>placita:</strong></span> <span class='ocrx_word' id='word_1_182' title='bbox 2373 1471 2519 1525; x_wconf 89' lang='lat' dir='ltr'><strong>intra</strong></span> <span class='ocrx_word' id='word_1_183' title='bbox 2558 1485 2655 1525; x_wconf 87' lang='lat' dir='ltr'><strong>vos</strong></span> <span class='ocrx_word' id='word_1_184' title='bbox 2702 1470 2986 1539; x_wconf 81' lang='lat' dir='ltr'><strong>consurgit</strong></span> <span class='ocrx_word' id='word_1_185' title='bbox 3035 1468 3376 1537; x_wconf 86' lang='lat' dir='ltr'><strong>incendium,</strong></span> <span class='ocrx_word' id='word_1_186' title='bbox 3430 1486 3542 1542; x_wconf 87' lang='lat' dir='ltr'><strong>quo</strong></span> 
     </span>
    </p>
   </div>
   <div class='ocr_carea' id='block_1_28' title="bbox 1960 1562 3541 1631">
    <p class='ocr_par' dir='ltr' id='par_1_28' title="bbox 1960 1562 3541 1631">
     <span class='ocr_line' id='line_1_28' title="bbox 1960 1562 3541 1631; baseline -0.004 -8"><span class='ocrx_word' id='word_1_187' title='bbox 1960 1573 2320 1624; x_wconf 86' lang='lat' dir='ltr'><strong>consumatur</strong></span> <span class='ocrx_word' id='word_1_188' title='bbox 2342 1572 2395 1621; x_wconf 92' lang='lat' dir='ltr'><strong>et</strong></span> <span class='ocrx_word' id='word_1_189' title='bbox 2423 1563 2689 1619; x_wconf 86' lang='lat' dir='ltr'><strong>radicitus</strong></span> <span class='ocrx_word' id='word_1_190' title='bbox 2736 1562 2971 1616; x_wconf 89' lang='lat' dir='ltr'><strong>intereat</strong></span> <span class='ocrx_word' id='word_1_191' title='bbox 3017 1576 3181 1617; x_wconf 89' lang='lat' dir='ltr'><strong>omne</strong></span> <span class='ocrx_word' id='word_1_192' title='bbox 3214 1576 3460 1631; x_wconf 85' lang='lat' dir='ltr'><strong>germen,</strong></span> <span class='ocrx_word' id='word_1_193' title='bbox 3494 1563 3541 1618; x_wconf 89' lang='lat' dir='ltr'><strong>si</strong></span> 
     </span>
    </p>
   </div>
   <div class='ocr_carea' id='block_1_29' title="bbox 1960 1652 3544 1732">
    <p class='ocr_par' dir='ltr' id='par_1_29' title="bbox 1960 1652 3544 1732">
     <span class='ocr_line' id='line_1_29' title="bbox 1960 1652 3544 1732; baseline -0.005 -17"><span class='ocrx_word' id='word_1_194' title='bbox 1960 1660 2104 1732; x_wconf 88' lang='lat' dir='ltr'><strong>quod</strong></span> <span class='ocrx_word' id='word_1_195' title='bbox 2142 1658 2284 1714; x_wconf 84' lang='lat' dir='ltr'><strong>forte</strong></span> <span class='ocrx_word' id='word_1_196' title='bbox 2314 1659 2455 1711; x_wconf 89' lang='lat' dir='ltr'><strong>intra</strong></span> <span class='ocrx_word' id='word_1_197' title='bbox 2484 1672 2583 1711; x_wconf 86' lang='lat' dir='ltr'><strong>vos</strong></span> <span class='ocrx_word' id='word_1_198' title='bbox 2613 1656 2770 1709; x_wconf 73' lang='lat' dir='ltr'><strong>mala:</strong></span> <span class='ocrx_word' id='word_1_199' title='bbox 2817 1652 3170 1709; x_wconf 80' lang='lat' dir='ltr'><strong>conscientiae</strong></span> <span class='ocrx_word' id='word_1_200' title='bbox 3217 1654 3263 1686; x_wconf 80' lang='lat'><strong>°°</strong></span> <span class='ocrx_word' id='word_1_201' title='bbox 3304 1654 3544 1724; x_wconf 88' lang='lat' dir='ltr'><strong>pullula-</strong></span> 
     </span>
    </p>
   </div>
   <div class='ocr_carea' id='block_1_30' title="bbox 1960 1747 3544 1820">
    <p class='ocr_par' dir='ltr' id='par_1_30' title="bbox 1960 1747 3544 1820">
     <span class='ocr_line' id='line_1_30' title="bbox 1960 1747 3544 1820; baseline -0.004 -14"><span class='ocrx_word' id='word_1_202' title='bbox 1960 1756 2038 1808; x_wconf 91' lang='lat' dir='ltr'><strong>vit</strong></span> <span class='ocrx_word' id='word_1_203' title='bbox 2059 1754 2142 1807; x_wconf 73' lang='lat'><strong>‘2”</strong></span> <span class='ocrx_word' id='word_1_204' title='bbox 2162 1758 2178 1775; x_wconf 82' lang='grc'><strong>“</strong></span> <span class='ocrx_word' id='word_1_205' title='bbox 2209 1750 2362 1806; x_wconf 85' lang='lat' dir='ltr'><strong>Unde</strong></span> <span class='ocrx_word' id='word_1_206' title='bbox 2383 1759 2437 1804; x_wconf 91' lang='lat' dir='ltr'><strong>et</strong></span> <span class='ocrx_word' id='word_1_207' title='bbox 2465 1749 2583 1820; x_wconf 91' lang='lat' dir='ltr'><strong>ipse</strong></span> <span class='ocrx_word' id='word_1_208' title='bbox 2610 1748 2704 1819; x_wconf 90' lang='lat' dir='ltr'><strong>qui</strong></span> <span class='ocrx_word' id='word_1_209' title='bbox 2726 1747 2876 1804; x_wconf 89' lang='lat' dir='ltr'><strong>misit</strong></span> <span class='ocrx_word' id='word_1_210' title='bbox 2904 1764 3026 1812; x_wconf 90' lang='lat' dir='ltr'><strong>nos,</strong></span> <span class='ocrx_word' id='word_1_211' title='bbox 3051 1762 3176 1802; x_wconf 90' lang='lat' dir='ltr'><strong>cum</strong></span> <span class='ocrx_word' id='word_1_212' title='bbox 3200 1747 3461 1811; x_wconf 87' lang='lat' dir='ltr'><strong>venisset,</strong></span> <span class='ocrx_word' id='word_1_213' title='bbox 3490 1754 3544 1802; x_wconf 90' lang='lat' dir='ltr'><strong>et</strong></span> 
     </span>
    </p>
   </div>
   <div class='ocr_carea' id='block_1_31' title="bbox 1960 1836 3541 1905">
    <p class='ocr_par' dir='ltr' id='par_1_31' title="bbox 1960 1836 3541 1905">
     <span class='ocr_line' id='line_1_31' title="bbox 1960 1836 3541 1905; baseline -0.005 -4"><span class='ocrx_word' id='word_1_214' title='bbox 1960 1861 2177 1901; x_wconf 81' lang='lat' dir='ltr'><strong>omnem</strong></span> <span class='ocrx_word' id='word_1_215' title='bbox 2224 1843 2488 1898; x_wconf 90' lang='lat' dir='ltr'><strong>mundum</strong></span> <span class='ocrx_word' id='word_1_216' title='bbox 2525 1841 2756 1896; x_wconf 88' lang='lat' dir='ltr'><strong>vidisset</strong></span> <span class='ocrx_word' id='word_1_217' title='bbox 2796 1839 2862 1894; x_wconf 86' lang='lat' dir='ltr'><strong>ad</strong></span> <span class='ocrx_word' id='word_1_218' title='bbox 2901 1839 3164 1894; x_wconf 89' lang='lat' dir='ltr'><strong>malitiam</strong></span> <span class='ocrx_word' id='word_1_219' title='bbox 3196 1836 3541 1905; x_wconf 87' lang='lat' dir='ltr'><strong>declinasse,</strong></span> 
     </span>
    </p>
   </div>
   <div class='ocr_carea' id='block_1_32' title="bbox 1961 1930 3544 2003">
    <p class='ocr_par' dir='ltr' id='par_1_32' title="bbox 1961 1930 3544 2003">
     <span class='ocr_line' id='line_1_32' title="bbox 1961 1930 3544 2003; baseline -0.006 -10"><span class='ocrx_word' id='word_1_220' title='bbox 1961 1954 2071 1993; x_wconf 92' lang='lat' dir='ltr'><strong>non</strong></span> <span class='ocrx_word' id='word_1_221' title='bbox 2101 1936 2363 1991; x_wconf 89' lang='lat' dir='ltr'><strong>continuo</strong></span> <span class='ocrx_word' id='word_1_222' title='bbox 2387 1934 2436 1989; x_wconf 91' lang='lat' dir='ltr'><strong>ei</strong></span> <span class='ocrx_word' id='word_1_223' title='bbox 2466 1948 2676 2003; x_wconf 86' lang='lat' dir='ltr'><strong>pacem,</strong></span> <span class='ocrx_word' id='word_1_224' title='bbox 2705 1931 2761 1987; x_wconf 92' lang='lat' dir='ltr'><strong>in</strong></span> <span class='ocrx_word' id='word_1_225' title='bbox 2792 1931 3072 1987; x_wconf 91' lang='lat' dir='ltr'><strong>erroribus</strong></span> <span class='ocrx_word' id='word_1_226' title='bbox 3119 1930 3323 2002; x_wconf 91' lang='lat' dir='ltr'><strong>posito,</strong></span> <span class='ocrx_word' id='word_1_227' title='bbox 3369 1930 3544 1997; x_wconf 88' lang='lat' dir='ltr'><strong>dedit,</strong></span> 
     </span>
    </p>
   </div>
   <div class='ocr_carea' id='block_1_33' title="bbox 1961 2022 3544 2094">
    <p class='ocr_par' dir='ltr' id='par_1_33' title="bbox 1961 2022 3544 2094">
     <span class='ocr_line' id='line_1_33' title="bbox 1961 2022 3544 2094; baseline -0.005 -7"><span class='ocrx_word' id='word_1_228' title='bbox 1961 2048 2031 2087; x_wconf 92' lang='lat' dir='ltr'><strong>ne</strong></span> <span class='ocrx_word' id='word_1_229' title='bbox 2061 2045 2189 2084; x_wconf 91' lang='lat' dir='ltr'><strong>eum</strong></span> <span class='ocrx_word' id='word_1_230' title='bbox 2228 2026 2581 2083; x_wconf 88' lang='lat' dir='ltr'><strong>conﬁrmaret</strong></span> <span class='ocrx_word' id='word_1_231' title='bbox 2623 2026 2680 2080; x_wconf 90' lang='lat' dir='ltr'><strong>in</strong></span> <span class='ocrx_word' id='word_1_232' title='bbox 2721 2024 2903 2088; x_wconf 87' lang='lat' dir='ltr'><strong>malis,</strong></span> <span class='ocrx_word' id='word_1_233' title='bbox 2936 2022 3033 2079; x_wconf 88' lang='lat' dir='ltr'><strong>sed</strong></span> <span class='ocrx_word' id='word_1_234' title='bbox 3067 2022 3393 2094; x_wconf 81' lang='lat' dir='ltr'><strong>ignorantiae</strong></span> <span class='ocrx_word' id='word_1_235' title='bbox 3420 2024 3544 2094; x_wconf 89' lang='lat' dir='ltr'><strong>ejus</strong></span> 
     </span>
    </p>
   </div>
   <div class='ocr_carea' id='block_1_34' title="bbox 1960 2115 3545 2188">
    <p class='ocr_par' dir='ltr' id='par_1_34' title="bbox 1960 2115 3545 2188">
     <span class='ocr_line' id='line_1_34' title="bbox 1960 2115 3545 2188; baseline -0.003 -10"><span class='ocrx_word' id='word_1_236' title='bbox 1960 2122 2138 2178; x_wconf 91' lang='lat' dir='ltr'><strong>ruinis</strong></span> <span class='ocrx_word' id='word_1_237' title='bbox 2176 2121 2467 2179; x_wconf 89' lang='lat' dir='ltr'><strong>scientiam</strong></span> <span class='ocrx_word' id='word_1_238' title='bbox 2492 2119 2739 2175; x_wconf 88' lang='lat' dir='ltr'><strong>veritatis</strong></span> <span class='ocrx_word' id='word_1_239' title='bbox 2764 2118 3056 2188; x_wconf 90' lang='lat' dir='ltr'><strong>opposuit;</strong></span> <span class='ocrx_word' id='word_1_240' title='bbox 3082 2126 3161 2180; x_wconf 91' lang='lat' dir='ltr'><strong>ut,</strong></span> <span class='ocrx_word' id='word_1_241' title='bbox 3204 2116 3251 2172; x_wconf 90' lang='lat' dir='ltr'><strong>si</strong></span> <span class='ocrx_word' id='word_1_242' title='bbox 3280 2116 3375 2187; x_wconf 93' lang='lat' dir='ltr'><strong>qui</strong></span> <span class='ocrx_word' id='word_1_243' title='bbox 3400 2115 3545 2173; x_wconf 78' lang='lat' dir='ltr'><strong>forte</strong></span> 
     </span>
    </p>
   </div>
   <div class='ocr_carea' id='block_1_35' title="bbox 1961 2210 3543 2287">
    <p class='ocr_par' dir='ltr' id='par_1_35' title="bbox 1961 2210 3543 2287">
     <span class='ocr_line' id='line_1_35' title="bbox 1961 2210 3543 2287; baseline -0.003 -15"><span class='ocrx_word' id='word_1_244' title='bbox 1961 2217 2369 2287; x_wconf 86' lang='lat' dir='ltr'><strong>resipiscerent,</strong></span> <span class='ocrx_word' id='word_1_245' title='bbox 2401 2214 2583 2269; x_wconf 90' lang='lat' dir='ltr'><strong>lumen</strong></span> <span class='ocrx_word' id='word_1_246' title='bbox 2614 2212 2865 2267; x_wconf 88' lang='lat' dir='ltr'><strong>veritatis</strong></span> <span class='ocrx_word' id='word_1_247' title='bbox 2913 2211 3246 2281; x_wconf 87' lang='lat' dir='ltr'><strong>aspicerent,</strong></span> <span class='ocrx_word' id='word_1_248' title='bbox 3281 2210 3543 2281; x_wconf 88' lang='lat' dir='ltr'><strong>deceptos</strong></span> 
     </span>
    </p>
   </div>
   <div class='ocr_carea' id='block_1_36' title="bbox 1964 2305 3546 2378">
    <p class='ocr_par' dir='ltr' id='par_1_36' title="bbox 1964 2305 3546 2378">
     <span class='ocr_line' id='line_1_36' title="bbox 1964 2305 3546 2378; baseline -0.003 -13"><span class='ocrx_word' id='word_1_249' title='bbox 1964 2325 2044 2374; x_wconf 89' lang='lat' dir='ltr'><strong>se,</strong></span> <span class='ocrx_word' id='word_1_250' title='bbox 2085 2317 2139 2364; x_wconf 89' lang='lat' dir='ltr'><strong>et</strong></span> <span class='ocrx_word' id='word_1_251' title='bbox 2170 2310 2225 2363; x_wconf 88' lang='lat' dir='ltr'><strong>in</strong></span> <span class='ocrx_word' id='word_1_252' title='bbox 2264 2306 2567 2378; x_wconf 64' lang='lat' dir='ltr'><strong>prmcipitia</strong></span> <span class='ocrx_word' id='word_1_253' title='bbox 2611 2305 2819 2361; x_wconf 89' lang='lat' dir='ltr'><strong>erroris</strong></span> <span class='ocrx_word' id='word_1_254' title='bbox 2867 2305 3176 2362; x_wconf 87' lang='lat' dir='ltr'><strong>abstractos</strong></span> <span class='ocrx_word' id='word_1_255' title='bbox 3206 2305 3405 2360; x_wconf 89' lang='lat' dir='ltr'><strong>merito</strong></span> <span class='ocrx_word' id='word_1_256' title='bbox 3443 2305 3546 2360; x_wconf 84' lang='lat' dir='ltr'><strong>do-</strong></span> 
     </span>
    </p>
   </div>
   <div class='ocr_carea' id='block_1_37' title="bbox 272 2380 3545 2489">
    <p class='ocr_par' dir='ltr' id='par_1_37' title="bbox 272 2380 3545 2489">
     <span class='ocr_line' id='line_1_37' title="bbox 272 2380 3545 2489; baseline -0.006 -16"><span class='ocrx_word' id='word_1_257' title='bbox 272 2420 544 2489; x_wconf 88' lang='lat' dir='ltr'><strong>quoniam</strong></span> <span class='ocrx_word' id='word_1_258' title='bbox 577 2418 817 2489; x_wconf 89' lang='lat' dir='ltr'><strong>quidem,</strong></span> <span class='ocrx_word' id='word_1_259' title='bbox 850 2417 995 2474; x_wconf 89' lang='lat' dir='ltr'><strong>sicut</strong></span> <span class='ocrx_word' id='word_1_260' title='bbox 1050 2432 1082 2472; x_wconf 91' lang='lat' dir='ltr'><strong>a</strong></span> <span class='ocrx_word' id='word_1_261' title='bbox 1131 2418 1340 2472; x_wconf 88' lang='lat' dir='ltr'><strong>cultore</strong></span> <span class='ocrx_word' id='word_1_262' title='bbox 1388 2417 1631 2488; x_wconf 87' lang='lat' dir='ltr'><strong>neglecta</strong></span> <span class='ocrx_word' id='word_1_263' title='bbox 1687 2424 1855 2481; x_wconf 88' lang='lat' dir='ltr'><strong>terra,</strong></span> <span class='ocrx_word' id='word_1_264' title='bbox 1891 2380 1936 2439; x_wconf 74' lang='lat' dir='ltr'><strong>B</strong></span> <span class='ocrx_word' id='word_1_265' title='bbox 1965 2403 2163 2467; x_wconf 88' lang='lat' dir='ltr'><strong>lerent,</strong></span> <span class='ocrx_word' id='word_1_266' title='bbox 2193 2409 2248 2458; x_wconf 93' lang='lat' dir='ltr'><strong>et</strong></span> <span class='ocrx_word' id='word_1_267' title='bbox 2274 2399 2573 2456; x_wconf 89' lang='lat' dir='ltr'><strong>iracundiae</strong></span> <span class='ocrx_word' id='word_1_268' title='bbox 2603 2398 2863 2454; x_wconf 89' lang='lat' dir='ltr'><strong>salutaris</strong></span> <span class='ocrx_word' id='word_1_269' title='bbox 2902 2400 3083 2469; x_wconf 86' lang='lat' dir='ltr'><strong>ignem</strong></span> <span class='ocrx_word' id='word_1_270' title='bbox 3130 2396 3398 2454; x_wconf 89' lang='lat' dir='ltr'><strong>adversus</strong></span> <span class='ocrx_word' id='word_1_271' title='bbox 3447 2397 3545 2454; x_wconf 83' lang='lat' dir='ltr'><strong>de-</strong></span> 
     </span>
    </p>
   </div>
   <div class='ocr_carea' id='block_1_38' title="bbox 274 2509 1861 2583">
    <p class='ocr_par' dir='ltr' id='par_1_38' title="bbox 274 2509 1861 2583">
     <span class='ocr_line' id='line_1_38' title="bbox 274 2509 1861 2583; baseline -0.001 -16"><span class='ocrx_word' id='word_1_272' title='bbox 274 2513 475 2583; x_wconf 81' lang='lat' dir='ltr'><strong>spinas</strong></span> <span class='ocrx_word' id='word_1_273' title='bbox 508 2521 562 2566; x_wconf 88' lang='lat' dir='ltr'><strong>et</strong></span> <span class='ocrx_word' id='word_1_274' title='bbox 597 2512 828 2567; x_wconf 89' lang='lat' dir='ltr'><strong>tribulos</strong></span> <span class='ocrx_word' id='word_1_275' title='bbox 862 2510 1180 2567; x_wconf 89' lang='lat' dir='ltr'><strong>necessario</strong></span> <span class='ocrx_word' id='word_1_276' title='bbox 1227 2509 1502 2580; x_wconf 88' lang='lat' dir='ltr'><strong>producit,</strong></span> <span class='ocrx_word' id='word_1_277' title='bbox 1540 2511 1618 2566; x_wconf 90' lang='lat' dir='ltr'><strong>ita</strong></span> <span class='ocrx_word' id='word_1_278' title='bbox 1663 2524 1861 2566; x_wconf 85' lang='lat' dir='ltr'><strong>sensus</strong></span> 
     </span>
    </p>
   </div>
   <div class='ocr_carea' id='block_1_39' title="bbox 275 2603 1860 2675">
    <p class='ocr_par' dir='ltr' id='par_1_39' title="bbox 275 2603 1860 2675">
     <span class='ocr_line' id='line_1_39' title="bbox 275 2603 1860 2675; baseline -0.003 -14"><span class='ocrx_word' id='word_1_279' title='bbox 275 2614 467 2661; x_wconf 87' lang='lat' dir='ltr'><strong>vester</strong></span> <span class='ocrx_word' id='word_1_280' title='bbox 496 2604 642 2675; x_wconf 90' lang='lat' dir='ltr'><strong>longi</strong></span> <span class='ocrx_word' id='word_1_281' title='bbox 666 2604 929 2673; x_wconf 90' lang='lat' dir='ltr'><strong>temporis</strong></span> <span class='ocrx_word' id='word_1_282' title='bbox 955 2604 1169 2659; x_wconf 88' lang='lat' dir='ltr'><strong>incuria</strong></span> <span class='ocrx_word' id='word_1_283' title='bbox 1200 2604 1403 2658; x_wconf 87' lang='lat' dir='ltr'><strong>multas</strong></span> <span class='ocrx_word' id='word_1_284' title='bbox 1425 2612 1476 2658; x_wconf 91' lang='lat' dir='ltr'><strong>et</strong></span> <span class='ocrx_word' id='word_1_285' title='bbox 1501 2603 1699 2659; x_wconf 81' lang='lat' dir='ltr'><strong>noxias</strong></span> <span class='ocrx_word' id='word_1_286' title='bbox 1739 2604 1860 2674; x_wconf 87' lang='lat' dir='ltr'><strong>opi-</strong></span> 
     </span>
    </p>
   </div>
   <div class='ocr_carea' id='block_1_40' title="bbox 276 2694 1862 2767">
    <p class='ocr_par' dir='ltr' id='par_1_40' title="bbox 276 2694 1862 2767">
     <span class='ocr_line' id='line_1_40' title="bbox 276 2694 1862 2767; baseline -0.001 -14"><span class='ocrx_word' id='word_1_287' title='bbox 276 2700 483 2754; x_wconf 87' lang='lat' dir='ltr'><strong>niones</strong></span> <span class='ocrx_word' id='word_1_288' title='bbox 520 2712 707 2751; x_wconf 90' lang='lat' dir='ltr'><strong>rerum</strong></span> <span class='ocrx_word' id='word_1_289' title='bbox 743 2704 797 2750; x_wconf 91' lang='lat' dir='ltr'><strong>et</strong></span> <span class='ocrx_word' id='word_1_290' title='bbox 844 2696 1239 2767; x_wconf 88' lang='lat' dir='ltr'><strong>intelligentias</strong></span> <span class='ocrx_word' id='word_1_291' title='bbox 1269 2694 1422 2750; x_wconf 82' lang='lat' dir='ltr'><strong>falsae</strong></span> <span class='ocrx_word' id='word_1_292' title='bbox 1460 2696 1709 2751; x_wconf 60' lang='lat' dir='ltr'><strong>scientiae</strong></span> <span class='ocrx_word' id='word_1_293' title='bbox 1740 2710 1862 2766; x_wconf 87' lang='lat' dir='ltr'><strong>ger-</strong></span> 
     </span>
    </p>
   </div>
   <div class='ocr_carea' id='block_1_41' title="bbox 276 2786 1862 2858">
    <p class='ocr_par' dir='ltr' id='par_1_41' title="bbox 276 2786 1862 2858">
     <span class='ocr_line' id='line_1_41' title="bbox 276 2786 1862 2858; baseline -0.001 -14"><span class='ocrx_word' id='word_1_294' title='bbox 276 2790 549 2856; x_wconf 90' lang='lat' dir='ltr'><strong>minavit;</strong></span> <span class='ocrx_word' id='word_1_295' title='bbox 570 2804 711 2858; x_wconf 89' lang='lat' dir='ltr'><strong>opus</strong></span> <span class='ocrx_word' id='word_1_296' title='bbox 730 2795 816 2843; x_wconf 91' lang='lat' dir='ltr'><strong>est</strong></span> <span class='ocrx_word' id='word_1_297' title='bbox 835 2804 982 2843; x_wconf 85' lang='lat' dir='ltr'><strong>nunc</strong></span> <span class='ocrx_word' id='word_1_298' title='bbox 1009 2789 1180 2842; x_wconf 91' lang='lat' dir='ltr'><strong>multa</strong></span> <span class='ocrx_word' id='word_1_299' title='bbox 1202 2787 1484 2858; x_wconf 88' lang='lat' dir='ltr'><strong>diligentia</strong></span> <span class='ocrx_word' id='word_1_300' title='bbox 1511 2786 1580 2842; x_wconf 89' lang='lat' dir='ltr'><strong>ad</strong></span> <span class='ocrx_word' id='word_1_301' title='bbox 1604 2788 1862 2843; x_wconf 80' lang='lat' dir='ltr'><strong>excolen-</strong></span> 
     </span>
    </p>
   </div>
   <div class='ocr_carea' id='block_1_42' title="bbox 276 2881 1862 2948">
    <p class='ocr_par' dir='ltr' id='par_1_42' title="bbox 276 2881 1862 2948">
     <span class='ocr_line' id='line_1_42' title="bbox 276 2881 1862 2948; baseline -0.002 -9"><span class='ocrx_word' id='word_1_302' title='bbox 276 2883 412 2939; x_wconf 91' lang='lat' dir='ltr'><strong>dum</strong></span> <span class='ocrx_word' id='word_1_303' title='bbox 462 2897 561 2939; x_wconf 91' lang='lat' dir='ltr'><strong>rus</strong></span> <span class='ocrx_word' id='word_1_304' title='bbox 598 2881 799 2938; x_wconf 91' lang='lat' dir='ltr'><strong>mentis</strong></span> <span class='ocrx_word' id='word_1_305' title='bbox 847 2889 1067 2948; x_wconf 67' lang='lat' dir='ltr'><strong>vestrae,</strong></span> <span class='ocrx_word' id='word_1_306' title='bbox 1118 2890 1179 2936; x_wconf 93' lang='lat' dir='ltr'><strong>ut</strong></span> <span class='ocrx_word' id='word_1_307' title='bbox 1235 2881 1340 2937; x_wconf 89' lang='lat' dir='ltr'><strong>hoc</strong></span> <span class='ocrx_word' id='word_1_308' title='bbox 1379 2896 1563 2938; x_wconf 88' lang='lat' dir='ltr'><strong>sermo</strong></span> <span class='ocrx_word' id='word_1_309' title='bbox 1615 2881 1862 2937; x_wconf 87' lang='lat' dir='ltr'><strong>veritatis</strong></span> 
     </span>
    </p>
   </div>
   <div class='ocr_carea' id='block_1_43' title="bbox 279 2974 1861 3047">
    <p class='ocr_par' dir='ltr' id='par_1_43' title="bbox 279 2974 1861 3047">
     <span class='ocr_line' id='line_1_43' title="bbox 279 2974 1861 3047; baseline -0.001 -17"><span class='ocrx_word' id='word_1_310' title='bbox 279 2976 401 3047; x_wconf 90' lang='lat' dir='ltr'><strong>(qui</strong></span> <span class='ocrx_word' id='word_1_311' title='bbox 430 2982 519 3030; x_wconf 90' lang='lat' dir='ltr'><strong>est</strong></span> <span class='ocrx_word' id='word_1_312' title='bbox 545 2991 712 3031; x_wconf 86' lang='lat' dir='ltr'><strong>verus</strong></span> <span class='ocrx_word' id='word_1_313' title='bbox 742 2983 797 3031; x_wconf 88' lang='lat' dir='ltr'><strong>et</strong></span> <span class='ocrx_word' id='word_1_314' title='bbox 839 2974 1077 3046; x_wconf 86' lang='lat' dir='ltr'><strong>diligens</strong></span> <span class='ocrx_word' id='word_1_315' title='bbox 1106 2975 1290 3030; x_wconf 85' lang='lat' dir='ltr'><strong>cordis</strong></span> <span class='ocrx_word' id='word_1_316' title='bbox 1333 2974 1586 3045; x_wconf 90' lang='lat' dir='ltr'><strong>colonus)</strong></span> <span class='ocrx_word' id='word_1_317' title='bbox 1619 2974 1861 3030; x_wconf 89' lang='lat' dir='ltr'><strong>assiduis</strong></span> 
     </span>
    </p>
   </div>
   <div class='ocr_carea' id='block_1_44' title="bbox 275 3067 1862 3140">
    <p class='ocr_par' dir='ltr' id='par_1_44' title="bbox 275 3067 1862 3140">
     <span class='ocr_line' id='line_1_44' title="bbox 275 3067 1862 3140; baseline -0.001 -17"><span class='ocrx_word' id='word_1_318' title='bbox 275 3070 505 3123; x_wconf 78' lang='lat' dir='ltr'><strong>excolat</strong></span> <span class='ocrx_word' id='word_1_319' title='bbox 527 3068 863 3140; x_wconf 86' lang='lat' dir='ltr'><strong>disciplinis.</strong></span> <span class='ocrx_word' id='word_1_320' title='bbox 894 3068 1154 3125; x_wconf 83' lang='lat' dir='ltr'><strong>Vestrum</strong></span> <span class='ocrx_word' id='word_1_321' title='bbox 1183 3083 1317 3140; x_wconf 86' lang='lat' dir='ltr'><strong>ergo</strong></span> <span class='ocrx_word' id='word_1_322' title='bbox 1344 3074 1432 3122; x_wconf 90' lang='lat' dir='ltr'><strong>est</strong></span> <span class='ocrx_word' id='word_1_323' title='bbox 1455 3068 1697 3137; x_wconf 67' lang='lat' dir='ltr'><strong>praebere</strong></span> <span class='ocrx_word' id='word_1_324' title='bbox 1724 3067 1862 3122; x_wconf 84' lang='lat' dir='ltr'><strong>obe-</strong></span> 
     </span>
    </p>
   </div>
   <div class='ocr_carea' id='block_1_45' title="bbox 279 3160 1867 3232">
    <p class='ocr_par' dir='ltr' id='par_1_45' title="bbox 279 3160 1867 3232">
     <span class='ocr_line' id='line_1_45' title="bbox 279 3160 1867 3232; baseline 0.001 -17"><span class='ocrx_word' id='word_1_325' title='bbox 279 3163 571 3227; x_wconf 80' lang='lat' dir='ltr'><strong>dientiam,</strong></span> <span class='ocrx_word' id='word_1_326' title='bbox 610 3170 666 3218; x_wconf 91' lang='lat' dir='ltr'><strong>et</strong></span> <span class='ocrx_word' id='word_1_327' title='bbox 693 3161 1089 3232; x_wconf 86' lang='lat' dir='ltr'><strong>occupationes</strong></span> <span class='ocrx_word' id='word_1_328' title='bbox 1127 3175 1193 3216; x_wconf 90' lang='lat' dir='ltr'><strong>ac</strong></span> <span class='ocrx_word' id='word_1_329' title='bbox 1236 3160 1638 3218; x_wconf 90' lang='lat' dir='ltr'><strong>sollicitudines</strong></span> <span class='ocrx_word' id='word_1_330' title='bbox 1671 3176 1867 3232; x_wconf 86' lang='lat' dir='ltr'><strong>super-</strong></span> 
     </span>
    </p>
   </div>
   <div class='ocr_carea' id='block_1_46' title="bbox 279 3255 1865 3328">
    <p class='ocr_par' dir='ltr' id='par_1_46' title="bbox 279 3255 1865 3328">
     <span class='ocr_line' id='line_1_46' title="bbox 279 3255 1865 3328; baseline -0.003 -18"><span class='ocrx_word' id='word_1_331' title='bbox 279 3256 427 3311; x_wconf 77' lang='lat' dir='ltr'><strong>ﬂuas</strong></span> <span class='ocrx_word' id='word_1_332' title='bbox 484 3264 773 3328; x_wconf 87' lang='lat' dir='ltr'><strong>amputare</strong></span> <span class='ocrx_word' id='word_1_333' title='bbox 801 3295 817 3321; x_wconf 92' lang='lat'><strong>,</strong></span> <span class='ocrx_word' id='word_1_334' title='bbox 877 3271 944 3311; x_wconf 92' lang='lat' dir='ltr'><strong>ne</strong></span> <span class='ocrx_word' id='word_1_335' title='bbox 988 3257 1195 3312; x_wconf 89' lang='lat' dir='ltr'><strong>bonum</strong></span> <span class='ocrx_word' id='word_1_336' title='bbox 1253 3255 1408 3311; x_wconf 89' lang='lat' dir='ltr'><strong>verbi</strong></span> <span class='ocrx_word' id='word_1_337' title='bbox 1447 3271 1632 3310; x_wconf 91' lang='lat' dir='ltr'><strong>semen</strong></span> <span class='ocrx_word' id='word_1_338' title='bbox 1673 3259 1865 3310; x_wconf 89' lang='lat' dir='ltr'><strong>enecet</strong></span> 
     </span>
    </p>
   </div>
   <div class='ocr_carea' id='block_1_47' title="bbox 279 3347 1866 3420">
    <p class='ocr_par' dir='ltr' id='par_1_47' title="bbox 279 3347 1866 3420">
     <span class='ocr_line' id='line_1_47' title="bbox 279 3347 1866 3420; baseline -0.003 -15"><span class='ocrx_word' id='word_1_339' title='bbox 279 3349 511 3405; x_wconf 80' lang='lat' dir='ltr'><strong>noxium</strong></span> <span class='ocrx_word' id='word_1_340' title='bbox 538 3364 784 3420; x_wconf 80' lang='lat' dir='ltr'><strong>germen.</strong></span> <span class='ocrx_word' id='word_1_341' title='bbox 817 3347 1002 3403; x_wconf 81' lang='lat' dir='ltr'><strong>Potest</strong></span> <span class='ocrx_word' id='word_1_342' title='bbox 1031 3348 1177 3403; x_wconf 85' lang='lat' dir='ltr'><strong>enim</strong></span> <span class='ocrx_word' id='word_1_343' title='bbox 1211 3348 1349 3413; x_wconf 88' lang='lat' dir='ltr'><strong>ﬁeri,</strong></span> <span class='ocrx_word' id='word_1_344' title='bbox 1390 3356 1451 3402; x_wconf 91' lang='lat' dir='ltr'><strong>ut</strong></span> <span class='ocrx_word' id='word_1_345' title='bbox 1474 3347 1631 3401; x_wconf 92' lang='lat' dir='ltr'><strong>multi</strong></span> <span class='ocrx_word' id='word_1_346' title='bbox 1661 3355 1866 3416; x_wconf 90' lang='lat' dir='ltr'><strong>tempo-</strong></span> 
     </span>
    </p>
   </div>
   <div class='ocr_carea' id='block_1_48' title="bbox 280 3438 1864 3511">
    <p class='ocr_par' dir='ltr' id='par_1_48' title="bbox 280 3438 1864 3511">
     <span class='ocr_line' id='line_1_48' title="bbox 280 3438 1864 3511; baseline -0.003 -14"><span class='ocrx_word' id='word_1_347' title='bbox 280 3441 364 3497; x_wconf 87' lang='lat' dir='ltr'><strong>ris</strong></span> <span class='ocrx_word' id='word_1_348' title='bbox 396 3440 789 3511; x_wconf 85' lang='lat' dir='ltr'><strong>negligentiam</strong></span> <span class='ocrx_word' id='word_1_349' title='bbox 827 3439 1012 3495; x_wconf 81' lang='lat' dir='ltr'><strong>brevis</strong></span> <span class='ocrx_word' id='word_1_350' title='bbox 1041 3446 1097 3494; x_wconf 90' lang='lat' dir='ltr'><strong>et</strong></span> <span class='ocrx_word' id='word_1_351' title='bbox 1128 3438 1355 3495; x_wconf 87' lang='lat' dir='ltr'><strong>assidua</strong></span> <span class='ocrx_word' id='word_1_352' title='bbox 1384 3449 1603 3509; x_wconf 86' lang='lat' dir='ltr'><strong>reparet</strong></span> <span class='ocrx_word' id='word_1_353' title='bbox 1629 3438 1864 3509; x_wconf 83' lang='lat' dir='ltr'><strong>diligen-</strong></span> 
     </span>
    </p>
   </div>
   <div class='ocr_carea' id='block_1_49' title="bbox 280 3532 1865 3602">
    <p class='ocr_par' dir='ltr' id='par_1_49' title="bbox 280 3532 1865 3602">
     <span class='ocr_line' id='line_1_49' title="bbox 280 3532 1865 3602; baseline -0.003 -13"><span class='ocrx_word' id='word_1_354' title='bbox 280 3536 383 3589; x_wconf 81' lang='lat' dir='ltr'><strong>tia.</strong></span> <span class='ocrx_word' id='word_1_355' title='bbox 427 3532 703 3588; x_wconf 87' lang='lat' dir='ltr'><strong>Incertum</strong></span> <span class='ocrx_word' id='word_1_356' title='bbox 740 3547 977 3602; x_wconf 85' lang='lat' dir='ltr'><strong>namque</strong></span> <span class='ocrx_word' id='word_1_357' title='bbox 1031 3540 1118 3588; x_wconf 90' lang='lat' dir='ltr'><strong>est</strong></span> <span class='ocrx_word' id='word_1_358' title='bbox 1165 3532 1604 3602; x_wconf 90' lang='lat' dir='ltr'><strong>uniuscujusque</strong></span> <span class='ocrx_word' id='word_1_359' title='bbox 1649 3538 1865 3600; x_wconf 77' lang='lat' dir='ltr'><strong>tempus</strong></span> 
     </span>
    </p>
   </div>
   <div class='ocr_carea' id='block_1_50' title="bbox 278 3623 1864 3691">
    <p class='ocr_par' dir='ltr' id='par_1_50' title="bbox 278 3623 1864 3691">
     <span class='ocr_line' id='line_1_50' title="bbox 278 3623 1864 3691; baseline -0.002 -8"><span class='ocrx_word' id='word_1_360' title='bbox 278 3632 431 3685; x_wconf 69' lang='lat' dir='ltr'><strong>vitae.</strong></span> <span class='ocrx_word' id='word_1_361' title='bbox 465 3628 534 3682; x_wconf 84' lang='lat' dir='ltr'><strong>Et</strong></span> <span class='ocrx_word' id='word_1_362' title='bbox 563 3628 689 3684; x_wconf 90' lang='lat' dir='ltr'><strong>ideo</strong></span> <span class='ocrx_word' id='word_1_363' title='bbox 719 3627 1092 3683; x_wconf 75' lang='lat' dir='ltr'><strong>festinandum</strong></span> <span class='ocrx_word' id='word_1_364' title='bbox 1115 3634 1199 3682; x_wconf 85' lang='lat' dir='ltr'><strong>est</strong></span> <span class='ocrx_word' id='word_1_365' title='bbox 1231 3627 1299 3680; x_wconf 90' lang='lat' dir='ltr'><strong>ad</strong></span> <span class='ocrx_word' id='word_1_366' title='bbox 1331 3627 1584 3691; x_wconf 88' lang='lat' dir='ltr'><strong>salutem,</strong></span> <span class='ocrx_word' id='word_1_367' title='bbox 1615 3640 1684 3679; x_wconf 90' lang='lat' dir='ltr'><strong>ne</strong></span> <span class='ocrx_word' id='word_1_368' title='bbox 1720 3623 1864 3680; x_wconf 83' lang='lat' dir='ltr'><strong>forte</strong></span> 
     </span>
    </p>
   </div>
   <div class='ocr_carea' id='block_1_51' title="bbox 279 3716 1935 3794">
    <p class='ocr_par' dir='ltr' id='par_1_51' title="bbox 279 3716 1935 3794">
     <span class='ocr_line' id='line_1_51' title="bbox 279 3716 1935 3794; baseline -0.005 -16"><span class='ocrx_word' id='word_1_369' title='bbox 279 3730 638 3778; x_wconf 86' lang='lat' dir='ltr'><strong>cunctantem</strong></span> <span class='ocrx_word' id='word_1_370' title='bbox 657 3736 809 3776; x_wconf 89' lang='lat' dir='ltr'><strong>mors</strong></span> <span class='ocrx_word' id='word_1_371' title='bbox 832 3720 1117 3791; x_wconf 89' lang='lat' dir='ltr'><strong>repentina</strong></span> <span class='ocrx_word' id='word_1_372' title='bbox 1142 3718 1456 3788; x_wconf 85' lang='lat' dir='ltr'><strong>praeveniat.</strong></span> <span class='ocrx_word' id='word_1_373' title='bbox 1472 3716 1519 3751; x_wconf 80' lang='grc'><strong>⁸⁸</strong></span> <span class='ocrx_word' id='word_1_374' title='bbox 1568 3716 1636 3771; x_wconf 88' lang='lat' dir='ltr'><strong>Et</strong></span> <span class='ocrx_word' id='word_1_375' title='bbox 1663 3716 1734 3771; x_wconf 92' lang='lat' dir='ltr'><strong>ob</strong></span> <span class='ocrx_word' id='word_1_376' title='bbox 1761 3716 1866 3770; x_wconf 92' lang='lat' dir='ltr'><strong>hoc</strong></span> <span class='ocrx_word' id='word_1_377' title='bbox 1893 3736 1935 3794; x_wconf 70' lang='grc' dir='ltr'>ο</span> 
     </span>
    </p>
   </div>
   <div class='ocr_carea' id='block_1_52' title="bbox 280 3808 1864 3880">
    <p class='ocr_par' dir='ltr' id='par_1_52' title="bbox 280 3808 1864 3880">
     <span class='ocr_line' id='line_1_52' title="bbox 280 3808 1864 3880; baseline -0.005 -11"><span class='ocrx_word' id='word_1_378' title='bbox 280 3816 473 3870; x_wconf 82' lang='lat' dir='ltr'><strong>aerius</strong></span> <span class='ocrx_word' id='word_1_379' title='bbox 519 3813 875 3869; x_wconf 84' lang='lat' dir='ltr'><strong>adnitendum</strong></span> <span class='ocrx_word' id='word_1_380' title='bbox 907 3813 955 3845; x_wconf 81' lang='grc'><strong>⁸⁸</strong></span> <span class='ocrx_word' id='word_1_381' title='bbox 983 3819 1090 3876; x_wconf 89' lang='lat' dir='ltr'><strong>est,</strong></span> <span class='ocrx_word' id='word_1_382' title='bbox 1140 3820 1221 3872; x_wconf 85' lang='lat' dir='ltr'><strong>ut.</strong></span> <span class='ocrx_word' id='word_1_383' title='bbox 1274 3810 1404 3865; x_wconf 89' lang='lat' dir='ltr'><strong>dum</strong></span> <span class='ocrx_word' id='word_1_384' title='bbox 1461 3817 1548 3864; x_wconf 92' lang='lat' dir='ltr'><strong>est</strong></span> <span class='ocrx_word' id='word_1_385' title='bbox 1602 3808 1864 3880; x_wconf 86' lang='lat' dir='ltr'><strong>temporis</strong></span> 
     </span>
    </p>
   </div>
   <div class='ocr_carea' id='block_1_53' title="bbox 281 3902 1867 3981">
    <p class='ocr_par' dir='ltr' id='par_1_53' title="bbox 281 3902 1867 3981">
     <span class='ocr_line' id='line_1_53' title="bbox 281 3902 1867 3981; baseline -0.008 -14"><span class='ocrx_word' id='word_1_386' title='bbox 281 3909 549 3981; x_wconf 74' lang='lat' dir='ltr'><strong>spatium,</strong></span> <span class='ocrx_word' id='word_1_387' title='bbox 582 3908 811 3963; x_wconf 88' lang='lat' dir='ltr'><strong>collecta</strong></span> <span class='ocrx_word' id='word_1_388' title='bbox 842 3906 996 3961; x_wconf 87' lang='lat' dir='ltr'><strong>malae</strong></span> <span class='ocrx_word' id='word_1_389' title='bbox 1019 3903 1437 3961; x_wconf 88' lang='lat' dir='ltr'><strong>consuetudinis</strong></span> <span class='ocrx_word' id='word_1_390' title='bbox 1456 3902 1587 3957; x_wconf 89' lang='lat' dir='ltr'><strong>vitia</strong></span> <span class='ocrx_word' id='word_1_391' title='bbox 1616 3916 1867 3957; x_wconf 90' lang='lat' dir='ltr'><strong>resecen-</strong></span> 
     </span>
    </p>
   </div>
   <div class='ocr_carea' id='block_1_54' title="bbox 279 3994 1866 4068">
    <p class='ocr_par' dir='ltr' id='par_1_54' title="bbox 279 3994 1866 4068">
     <span class='ocr_line' id='line_1_54' title="bbox 279 3994 1866 4068; baseline -0.008 -10"><span class='ocrx_word' id='word_1_392' title='bbox 279 4011 398 4059; x_wconf 82' lang='lat' dir='ltr'><strong>tur.</strong></span> <span class='ocrx_word' id='word_1_393' title='bbox 430 4001 589 4068; x_wconf 86' lang='lat' dir='ltr'><strong>Quod</strong></span> <span class='ocrx_word' id='word_1_394' title='bbox 618 4016 730 4056; x_wconf 92' lang='lat' dir='ltr'><strong>non</strong></span> <span class='ocrx_word' id='word_1_395' title='bbox 784 3999 944 4054; x_wconf 86' lang='lat' dir='ltr'><strong>aliter</strong></span> <span class='ocrx_word' id='word_1_396' title='bbox 975 3997 1157 4053; x_wconf 78' lang='lat' dir='ltr'><strong>facere</strong></span> <span class='ocrx_word' id='word_1_397' title='bbox 1199 3996 1470 4066; x_wconf 88' lang='lat' dir='ltr'><strong>poteritis,</strong></span> <span class='ocrx_word' id='word_1_398' title='bbox 1515 3994 1620 4048; x_wconf 91' lang='lat' dir='ltr'><strong>nisi</strong></span> <span class='ocrx_word' id='word_1_399' title='bbox 1652 4001 1711 4048; x_wconf 90' lang='lat' dir='ltr'><strong>ut</strong></span> <span class='ocrx_word' id='word_1_400' title='bbox 1756 3994 1866 4047; x_wconf 90' lang='lat' dir='ltr'><strong>ira-</strong></span> 
     </span>
    </p>
   </div>
   <div class='ocr_carea' id='block_1_55' title="bbox 276 4089 1867 4166">
    <p class='ocr_par' dir='ltr' id='par_1_55' title="bbox 276 4089 1867 4166">
     <span class='ocr_line' id='line_1_55' title="bbox 276 4089 1867 4166; baseline -0.009 -12"><span class='ocrx_word' id='word_1_401' title='bbox 276 4096 521 4154; x_wconf 75' lang='lat' dir='ltr'><strong>scamini</strong></span> <span class='ocrx_word' id='word_1_402' title='bbox 555 4093 959 4166; x_wconf 87' lang='lat' dir='ltr'><strong>quodammodo</strong></span> <span class='ocrx_word' id='word_1_403' title='bbox 1014 4091 1302 4147; x_wconf 88' lang='lat' dir='ltr'><strong>adversum</strong></span> <span class='ocrx_word' id='word_1_404' title='bbox 1351 4089 1716 4157; x_wconf 88' lang='lat' dir='ltr'><strong>vosmetipsos</strong></span> <span class='ocrx_word' id='word_1_405' title='bbox 1769 4101 1867 4157; x_wconf 89' lang='lat' dir='ltr'><strong>pro</strong></span> 
     </span>
    </p>
   </div>
   <div class='ocr_carea' id='block_1_56' title="bbox 280 4178 1863 4260">
    <p class='ocr_par' dir='ltr' id='par_1_56' title="bbox 280 4178 1863 4260">
     <span class='ocr_line' id='line_1_56' title="bbox 280 4178 1863 4260; baseline -0.008 -14"><span class='ocrx_word' id='word_1_406' title='bbox 280 4192 375 4246; x_wconf 86' lang='lat' dir='ltr'><strong>bis</strong></span> <span class='ocrx_word' id='word_1_407' title='bbox 401 4204 528 4260; x_wconf 59' lang='lat' dir='ltr'><strong>qua</strong></span> <span class='ocrx_word' id='word_1_408' title='bbox 555 4187 823 4243; x_wconf 87' lang='lat' dir='ltr'><strong>inutiliter</strong></span> <span class='ocrx_word' id='word_1_409' title='bbox 876 4184 1128 4256; x_wconf 83' lang='lat' dir='ltr'><strong>gessistis</strong></span> <span class='ocrx_word' id='word_1_410' title='bbox 1156 4198 1222 4237; x_wconf 88' lang='lat' dir='ltr'><strong>ac</strong></span> <span class='ocrx_word' id='word_1_411' title='bbox 1261 4182 1515 4250; x_wconf 88' lang='lat' dir='ltr'><strong>turpiter.</strong></span> <span class='ocrx_word' id='word_1_412' title='bbox 1552 4178 1677 4234; x_wconf 68' lang='lat' dir='ltr'><strong>limo</strong></span> <span class='ocrx_word' id='word_1_413' title='bbox 1716 4178 1863 4235; x_wconf 89' lang='lat' dir='ltr'><strong>enim</strong></span> 
     </span>
    </p>
   </div>
   <div class='ocr_carea' id='block_1_57' title="bbox 279 4273 1863 4349">
    <p class='ocr_par' dir='ltr' id='par_1_57' title="bbox 279 4273 1863 4349">
     <span class='ocr_line' id='line_1_57' title="bbox 279 4273 1863 4349; baseline -0.009 -9"><span class='ocrx_word' id='word_1_414' title='bbox 279 4291 370 4340; x_wconf 88' lang='lat' dir='ltr'><strong>est</strong></span> <span class='ocrx_word' id='word_1_415' title='bbox 402 4276 556 4337; x_wconf 82' lang='lat' dir='ltr'><strong>utilis</strong></span> <span class='ocrx_word' id='word_1_416' title='bbox 582 4281 629 4315; x_wconf 85' lang='grc'>⁸⁷</span> <span class='ocrx_word' id='word_1_417' title='bbox 654 4283 764 4337; x_wconf 87' lang='lat' dir='ltr'><strong>vita</strong></span> <span class='ocrx_word' id='word_1_418' title='bbox 791 4280 861 4344; x_wconf 82' lang='grc'><strong>⁸⁸,</strong></span> <span class='ocrx_word' id='word_1_419' title='bbox 886 4279 1107 4349; x_wconf 88' lang='lat' dir='ltr'><strong>etjusta</strong></span> <span class='ocrx_word' id='word_1_420' title='bbox 1128 4285 1183 4333; x_wconf 90' lang='lat' dir='ltr'><strong>et</strong></span> <span class='ocrx_word' id='word_1_421' title='bbox 1213 4275 1527 4330; x_wconf 86' lang='lat' dir='ltr'><strong>necessaria</strong></span> <span class='ocrx_word' id='word_1_422' title='bbox 1557 4273 1863 4336; x_wconf 87' lang='lat' dir='ltr'><strong>iracundia,</strong></span> 
     </span>
    </p>
   </div>
   <div class='ocr_carea' id='block_1_58' title="bbox 281 4370 1864 4445">
    <p class='ocr_par' dir='ltr' id='par_1_58' title="bbox 281 4370 1864 4445">
     <span class='ocr_line' id='line_1_58' title="bbox 281 4370 1864 4445; baseline -0.008 -14"><span class='ocrx_word' id='word_1_423' title='bbox 281 4384 344 4432; x_wconf 85' lang='lat' dir='ltr'><strong>ut</strong></span> <span class='ocrx_word' id='word_1_424' title='bbox 375 4375 781 4445; x_wconf 87' lang='lat' dir='ltr'><strong>unusquisque,</strong></span> <span class='ocrx_word' id='word_1_425' title='bbox 836 4371 893 4426; x_wconf 90' lang='lat' dir='ltr'><strong>in</strong></span> <span class='ocrx_word' id='word_1_426' title='bbox 945 4371 1147 4441; x_wconf 89' lang='lat' dir='ltr'><strong>quibus</strong></span> <span class='ocrx_word' id='word_1_427' title='bbox 1196 4370 1423 4434; x_wconf 87' lang='lat' dir='ltr'><strong>erravit,</strong></span> <span class='ocrx_word' id='word_1_428' title='bbox 1475 4375 1531 4423; x_wconf 89' lang='lat' dir='ltr'><strong>et</strong></span> <span class='ocrx_word' id='word_1_429' title='bbox 1578 4380 1864 4436; x_wconf 88' lang='lat' dir='ltr'><strong>perperam</strong></span> 
     </span>
    </p>
   </div>
   <div class='ocr_carea' id='block_1_59' title="bbox 280 4458 1863 4541">
    <p class='ocr_par' dir='ltr' id='par_1_59' title="bbox 280 4458 1863 4541">
     <span class='ocr_line' id='line_1_59' title="bbox 280 4458 1863 4541; baseline -0.009 -15"><span class='ocrx_word' id='word_1_430' title='bbox 280 4470 478 4541; x_wconf 85' lang='lat' dir='ltr'><strong>gessit,</strong></span> <span class='ocrx_word' id='word_1_431' title='bbox 508 4468 845 4538; x_wconf 85' lang='lat' dir='ltr'><strong>indignetur,</strong></span> <span class='ocrx_word' id='word_1_432' title='bbox 884 4472 939 4521; x_wconf 88' lang='lat' dir='ltr'><strong>et</strong></span> <span class='ocrx_word' id='word_1_433' title='bbox 983 4464 1339 4533; x_wconf 87' lang='lat' dir='ltr'><strong>semetipsum</strong></span> <span class='ocrx_word' id='word_1_434' title='bbox 1369 4468 1611 4516; x_wconf 88' lang='lat' dir='ltr'><strong>accuset.</strong></span> <span class='ocrx_word' id='word_1_435' title='bbox 1648 4458 1725 4512; x_wconf 87' lang='lat' dir='ltr'><strong>Ex</strong></span> <span class='ocrx_word' id='word_1_436' title='bbox 1756 4474 1863 4529; x_wconf 91' lang='lat' dir='ltr'><strong>qua</strong></span> 
     </span>
    </p>
   </div>
   <div class='ocr_carea' id='block_1_60' title="bbox 280 4552 1863 4633">
    <p class='ocr_par' dir='ltr' id='par_1_60' title="bbox 280 4552 1863 4633">
     <span class='ocr_line' id='line_1_60' title="bbox 280 4552 1863 4633; baseline -0.008 -16"><span class='ocrx_word' id='word_1_437' title='bbox 280 4561 668 4633; x_wconf 88' lang='lat' dir='ltr'><strong>indignatione</strong></span> <span class='ocrx_word' id='word_1_438' title='bbox 702 4558 1022 4613; x_wconf 89' lang='lat' dir='ltr'><strong>accenditur</strong></span> <span class='ocrx_word' id='word_1_439' title='bbox 1050 4557 1107 4611; x_wconf 91' lang='lat' dir='ltr'><strong>in</strong></span> <span class='ocrx_word' id='word_1_440' title='bbox 1138 4557 1300 4611; x_wconf 90' lang='lat' dir='ltr'><strong>nobis</strong></span> <span class='ocrx_word' id='word_1_441' title='bbox 1329 4554 1473 4625; x_wconf 90' lang='lat' dir='ltr'><strong>ignis</strong></span> <span class='ocrx_word' id='word_1_442' title='bbox 1500 4552 1742 4623; x_wconf 91' lang='lat' dir='ltr'><strong>quidam,</strong></span> <span class='ocrx_word' id='word_1_443' title='bbox 1771 4553 1863 4621; x_wconf 90' lang='lat' dir='ltr'><strong>qui</strong></span> 
     </span>
    </p>
   </div>
   <div class='ocr_carea' id='block_1_61' title="bbox 278 4644 1866 4723">
    <p class='ocr_par' dir='ltr' id='par_1_61' title="bbox 278 4644 1866 4723">
     <span class='ocr_line' id='line_1_61' title="bbox 278 4644 1866 4723; baseline -0.008 -14"><span class='ocrx_word' id='word_1_444' title='bbox 278 4656 439 4711; x_wconf 85' lang='lat' dir='ltr'><strong>velut</strong></span> <span class='ocrx_word' id='word_1_445' title='bbox 472 4667 607 4723; x_wconf 84' lang='lat' dir='ltr'><strong>agro</strong></span> <span class='ocrx_word' id='word_1_446' title='bbox 635 4651 812 4708; x_wconf 88' lang='lat' dir='ltr'><strong>sterili</strong></span> <span class='ocrx_word' id='word_1_447' title='bbox 834 4650 1137 4711; x_wconf 89' lang='lat' dir='ltr'><strong>immissus,</strong></span> <span class='ocrx_word' id='word_1_448' title='bbox 1170 4647 1516 4717; x_wconf 83' lang='lat' dir='ltr'><strong>consumptis</strong></span> <span class='ocrx_word' id='word_1_449' title='bbox 1538 4652 1594 4700; x_wconf 92' lang='lat' dir='ltr'><strong>et</strong></span> <span class='ocrx_word' id='word_1_450' title='bbox 1620 4644 1866 4699; x_wconf 83' lang='lat' dir='ltr'><strong>excoctis</strong></span> 
     </span>
    </p>
   </div>
   <div class='ocr_carea' id='block_1_62' title="bbox 281 4736 1868 4814">
    <p class='ocr_par' dir='ltr' id='par_1_62' title="bbox 281 4736 1868 4814">
     <span class='ocr_line' id='line_1_62' title="bbox 281 4736 1868 4814; baseline -0.009 -9"><span class='ocrx_word' id='word_1_451' title='bbox 281 4745 571 4805; x_wconf 80' lang='lat' dir='ltr'><strong>radicibus</strong></span> <span class='ocrx_word' id='word_1_452' title='bbox 594 4744 847 4814; x_wconf 70' lang='lat' dir='ltr'><strong>pessima:</strong></span> <span class='ocrx_word' id='word_1_453' title='bbox 874 4741 1173 4798; x_wconf 87' lang='lat' dir='ltr'><strong>voluntatis</strong></span> <span class='ocrx_word' id='word_1_454' title='bbox 1203 4741 1272 4804; x_wconf 77' lang='grc'><strong>⁸⁸,</strong></span> <span class='ocrx_word' id='word_1_455' title='bbox 1301 4740 1446 4795; x_wconf 88' lang='lat' dir='ltr'><strong>bono</strong></span> <span class='ocrx_word' id='word_1_456' title='bbox 1478 4736 1674 4794; x_wconf 87' lang='lat' dir='ltr'><strong>semini</strong></span> <span class='ocrx_word' id='word_1_457' title='bbox 1703 4736 1868 4790; x_wconf 87' lang='lat' dir='ltr'><strong>verbo</strong></span> 
     </span>
    </p>
   </div>
   <div class='ocr_carea' id='block_1_63' title="bbox 282 4830 1868 4905">
    <p class='ocr_par' dir='ltr' id='par_1_63' title="bbox 282 4830 1868 4905">
     <span class='ocr_line' id='line_1_63' title="bbox 282 4830 1868 4905; baseline -0.008 -11"><span class='ocrx_word' id='word_1_458' title='bbox 282 4838 386 4894; x_wconf 85' lang='lat' dir='ltr'><strong>Dei</strong></span> <span class='ocrx_word' id='word_1_459' title='bbox 409 4836 789 4893; x_wconf 86' lang='lat' dir='ltr'><strong>fecundiorem</strong></span> <span class='ocrx_word' id='word_1_460' title='bbox 820 4836 1004 4891; x_wconf 86' lang='lat' dir='ltr'><strong>cordis</strong></span> <span class='ocrx_word' id='word_1_461' title='bbox 1034 4843 1303 4905; x_wconf 65' lang='lat' dir='ltr'><strong>praeparet</strong></span> <span class='ocrx_word' id='word_1_462' title='bbox 1338 4833 1571 4904; x_wconf 84' lang='lat' dir='ltr'><strong>glebam.</strong></span> <span class='ocrx_word' id='word_1_463' title='bbox 1612 4830 1752 4885; x_wconf 88' lang='lat' dir='ltr'><strong>Puto</strong></span> <span class='ocrx_word' id='word_1_464' title='bbox 1776 4844 1868 4882; x_wconf 89' lang='lat' dir='ltr'><strong>au-</strong></span> 
     </span>
    </p>
   </div>
   <div class='ocr_carea' id='block_1_64' title="bbox 279 4920 1863 5002">
    <p class='ocr_par' dir='ltr' id='par_1_64' title="bbox 279 4920 1863 5002">
     <span class='ocr_line' id='line_1_64' title="bbox 279 4920 1863 5002; baseline -0.009 -13"><span class='ocrx_word' id='word_1_465' title='bbox 279 4944 421 4996; x_wconf 69' lang='lat' dir='ltr'><strong>tem,</strong></span> <span class='ocrx_word' id='word_1_466' title='bbox 451 4931 601 5002; x_wconf 90' lang='lat' dir='ltr'><strong>quod</strong></span> <span class='ocrx_word' id='word_1_467' title='bbox 630 4930 767 4986; x_wconf 88' lang='lat' dir='ltr'><strong>satis</strong></span> <span class='ocrx_word' id='word_1_468' title='bbox 798 4930 994 5000; x_wconf 90' lang='lat' dir='ltr'><strong>dignas</strong></span> <span class='ocrx_word' id='word_1_469' title='bbox 1019 4927 1265 4983; x_wconf 87' lang='lat' dir='ltr'><strong>habeatis</strong></span> <span class='ocrx_word' id='word_1_470' title='bbox 1310 4939 1510 4980; x_wconf 88' lang='lat' dir='ltr'><strong>causas</strong></span> <span class='ocrx_word' id='word_1_471' title='bbox 1545 4920 1863 4984; x_wconf 68' lang='lat' dir='ltr'><strong>iracundiae,</strong></span> 
     </span>
    </p>
   </div>
   <div class='ocr_carea' id='block_1_65' title="bbox 278 5013 1865 5095">
    <p class='ocr_par' dir='ltr' id='par_1_65' title="bbox 278 5013 1865 5095">
     <span class='ocr_line' id='line_1_65' title="bbox 278 5013 1865 5095; baseline -0.01 -12"><span class='ocrx_word' id='word_1_472' title='bbox 278 5040 352 5083; x_wconf 73' lang='lat' dir='ltr'><strong>ex</strong></span> <span class='ocrx_word' id='word_1_473' title='bbox 401 5024 606 5095; x_wconf 86' lang='lat' dir='ltr'><strong>quibus</strong></span> <span class='ocrx_word' id='word_1_474' title='bbox 648 5021 993 5094; x_wconf 75' lang='lat' dir='ltr'><strong>iustissimus</strong></span> <span class='ocrx_word' id='word_1_475' title='bbox 1038 5021 1182 5091; x_wconf 87' lang='lat' dir='ltr'><strong>ignis</strong></span> <span class='ocrx_word' id='word_1_476' title='bbox 1234 5020 1341 5075; x_wconf 88' lang='lat' dir='ltr'><strong>iste</strong></span> <span class='ocrx_word' id='word_1_477' title='bbox 1367 5018 1643 5072; x_wconf 86' lang='lat' dir='ltr'><strong>coalescat</strong></span> <span class='ocrx_word' id='word_1_478' title='bbox 1683 5014 1773 5078; x_wconf 76' lang='lat'><strong>”&#39;,</strong></span> <span class='ocrx_word' id='word_1_479' title='bbox 1817 5013 1865 5068; x_wconf 90' lang='lat' dir='ltr'><strong>si</strong></span> 
     </span>
    </p>
   </div>
   <div class='ocr_carea' id='block_1_66' title="bbox 1963 2487 3546 2566">
    <p class='ocr_par' dir='ltr' id='par_1_66' title="bbox 1963 2487 3546 2566">
     <span class='ocr_line' id='line_1_66' title="bbox 1963 2487 3546 2566; baseline -0.004 -15"><span class='ocrx_word' id='word_1_480' title='bbox 1963 2495 2259 2566; x_wconf 84' lang='lat' dir='ltr'><strong>ceptricem</strong></span> <span class='ocrx_word' id='word_1_481' title='bbox 2301 2508 2457 2549; x_wconf 86' lang='lat' dir='ltr'><strong>suam</strong></span> <span class='ocrx_word' id='word_1_482' title='bbox 2496 2491 2851 2561; x_wconf 87' lang='lat' dir='ltr'><strong>conciperent</strong></span> <span class='ocrx_word' id='word_1_483' title='bbox 2886 2489 3274 2561; x_wconf 84' lang='lat' dir='ltr'><strong>ignorantiam.</strong></span> <span class='ocrx_word' id='word_1_484' title='bbox 3312 2487 3396 2545; x_wconf 93' lang='lat' dir='ltr'><strong>0b</strong></span> <span class='ocrx_word' id='word_1_485' title='bbox 3439 2490 3546 2545; x_wconf 90' lang='lat' dir='ltr'><strong>hoc</strong></span> 
     </span>
    </p>
   </div>
   <div class='ocr_carea' id='block_1_67' title="bbox 1962 2582 3545 2658">
    <p class='ocr_par' dir='ltr' id='par_1_67' title="bbox 1962 2582 3545 2658">
     <span class='ocr_line' id='line_1_67' title="bbox 1962 2582 3545 2658; baseline -0.004 -16"><span class='ocrx_word' id='word_1_486' title='bbox 1962 2586 2147 2658; x_wconf 86' lang='lat' dir='ltr'><strong>itaque</strong></span> <span class='ocrx_word' id='word_1_487' title='bbox 2169 2585 2383 2642; x_wconf 88' lang='lat' dir='ltr'><strong>dicebat</strong></span> <span class='ocrx_word' id='word_1_488' title='bbox 2415 2604 2428 2640; x_wconf 90' lang='lat'><strong>:</strong></span> <span class='ocrx_word' id='word_1_489' title='bbox 2462 2582 2645 2654; x_wconf 85' lang='lat' dir='ltr'><strong>Ignem</strong></span> <span class='ocrx_word' id='word_1_490' title='bbox 2674 2583 2789 2637; x_wconf 80' lang='lat' dir='ltr'><strong>veni</strong></span> <span class='ocrx_word' id='word_1_491' title='bbox 2820 2583 3027 2637; x_wconf 83' lang='lat' dir='ltr'><strong>mittere</strong></span> <span class='ocrx_word' id='word_1_492' title='bbox 3054 2583 3112 2636; x_wconf 78' lang='lat' dir='ltr'><strong>in</strong></span> <span class='ocrx_word' id='word_1_493' title='bbox 3142 2590 3361 2644; x_wconf 89' lang='lat' dir='ltr'><strong>terram,</strong></span> <span class='ocrx_word' id='word_1_494' title='bbox 3392 2596 3545 2652; x_wconf 82' lang='lat' dir='ltr'><strong>quem</strong></span> 
     </span>
    </p>
   </div>
   <div class='ocr_carea' id='block_1_68' title="bbox 1960 2674 3549 2748">
    <p class='ocr_par' dir='ltr' id='par_1_68' title="bbox 1960 2674 3549 2748">
     <span class='ocr_line' id='line_1_68' title="bbox 1960 2674 3549 2748; baseline -0.004 -11"><span class='ocrx_word' id='word_1_495' title='bbox 1960 2681 2075 2737; x_wconf 75' lang='lat' dir='ltr'><strong>volo</strong></span> <span class='ocrx_word' id='word_1_496' title='bbox 2106 2690 2165 2733; x_wconf 91' lang='lat' dir='ltr'><strong>ut</strong></span> <span class='ocrx_word' id='word_1_497' title='bbox 2193 2678 2597 2733; x_wconf 78' lang='lat' dir='ltr'><strong>accendatur“.</strong></span> <span class='ocrx_word' id='word_1_498' title='bbox 2629 2675 2725 2730; x_wconf 90' lang='lat' dir='ltr'><strong>Est</strong></span> <span class='ocrx_word' id='word_1_499' title='bbox 2761 2691 2892 2748; x_wconf 90' lang='lat' dir='ltr'><strong>ergo</strong></span> <span class='ocrx_word' id='word_1_500' title='bbox 2920 2690 3102 2747; x_wconf 88' lang='lat' dir='ltr'><strong>pugna</strong></span> <span class='ocrx_word' id='word_1_501' title='bbox 3130 2674 3399 2745; x_wconf 67' lang='lat' dir='ltr'><strong>quaedam,</strong></span> <span class='ocrx_word' id='word_1_502' title='bbox 3423 2689 3549 2745; x_wconf 72' lang='lat' dir='ltr'><strong>quae</strong></span> 
     </span>
    </p>
   </div>
   <div class='ocr_carea' id='block_1_69' title="bbox 1961 2758 3547 2845">
    <p class='ocr_par' dir='ltr' id='par_1_69' title="bbox 1961 2758 3547 2845">
     <span class='ocr_line' id='line_1_69' title="bbox 1961 2758 3547 2845; baseline -0.003 -16"><span class='ocrx_word' id='word_1_503' title='bbox 1961 2771 2200 2845; x_wconf 89' lang='lat' dir='ltr'><strong>gerenda</strong></span> <span class='ocrx_word' id='word_1_504' title='bbox 2222 2772 2383 2826; x_wconf 88' lang='lat' dir='ltr'><strong>nobis</strong></span> <span class='ocrx_word' id='word_1_505' title='bbox 2412 2779 2496 2825; x_wconf 86' lang='lat' dir='ltr'><strong>est</strong></span> <span class='ocrx_word' id='word_1_506' title='bbox 2520 2771 2574 2824; x_wconf 90' lang='lat' dir='ltr'><strong>in</strong></span> <span class='ocrx_word' id='word_1_507' title='bbox 2604 2770 2708 2824; x_wconf 85' lang='lat' dir='ltr'><strong>hac</strong></span> <span class='ocrx_word' id='word_1_508' title='bbox 2736 2770 2869 2824; x_wconf 91' lang='lat' dir='ltr'><strong>vita.</strong></span> <span class='ocrx_word' id='word_1_509' title='bbox 2902 2758 3095 2823; x_wconf 88' lang='lat' dir='ltr'><strong>Sermo</strong></span> <span class='ocrx_word' id='word_1_510' title='bbox 3124 2767 3271 2824; x_wconf 89' lang='lat' dir='ltr'><strong>enim</strong></span> <span class='ocrx_word' id='word_1_511' title='bbox 3296 2766 3547 2824; x_wconf 87' lang='lat' dir='ltr'><strong>veritatis</strong></span> 
     </span>
    </p>
   </div>
   <div class='ocr_carea' id='block_1_70' title="bbox 1964 2860 3548 2932">
    <p class='ocr_par' dir='ltr' id='par_1_70' title="bbox 1964 2860 3548 2932">
     <span class='ocr_line' id='line_1_70' title="bbox 1964 2860 3548 2932; baseline -0.003 -12"><span class='ocrx_word' id='word_1_512' title='bbox 1964 2872 2019 2920; x_wconf 87' lang='lat' dir='ltr'><strong>et</strong></span> <span class='ocrx_word' id='word_1_513' title='bbox 2048 2863 2291 2920; x_wconf 86' lang='lat' dir='ltr'><strong>scientiae</strong></span> <span class='ocrx_word' id='word_1_514' title='bbox 2321 2862 2637 2919; x_wconf 90' lang='lat' dir='ltr'><strong>necessario</strong></span> <span class='ocrx_word' id='word_1_515' title='bbox 2660 2870 2877 2932; x_wconf 89' lang='lat' dir='ltr'><strong>separet</strong></span> <span class='ocrx_word' id='word_1_516' title='bbox 2900 2860 3154 2916; x_wconf 89' lang='lat' dir='ltr'><strong>homines</strong></span> <span class='ocrx_word' id='word_1_517' title='bbox 3183 2860 3252 2915; x_wconf 92' lang='lat' dir='ltr'><strong>ab</strong></span> <span class='ocrx_word' id='word_1_518' title='bbox 3280 2874 3470 2915; x_wconf 90' lang='lat' dir='ltr'><strong>errore</strong></span> <span class='ocrx_word' id='word_1_519' title='bbox 3492 2868 3548 2915; x_wconf 86' lang='lat' dir='ltr'><strong>et</strong></span> 
     </span>
    </p>
   </div>
   <div class='ocr_carea' id='block_1_71' title="bbox 1965 2952 3546 3029">
    <p class='ocr_par' dir='ltr' id='par_1_71' title="bbox 1965 2952 3546 3029">
     <span class='ocr_line' id='line_1_71' title="bbox 1965 2952 3546 3029; baseline -0.003 -18"><span class='ocrx_word' id='word_1_520' title='bbox 1965 2958 2309 3029; x_wconf 84' lang='lat' dir='ltr'><strong>ignorantia;</strong></span> <span class='ocrx_word' id='word_1_521' title='bbox 2371 2957 2516 3013; x_wconf 91' lang='lat' dir='ltr'><strong>sicut</strong></span> <span class='ocrx_word' id='word_1_522' title='bbox 2569 2970 2714 3027; x_wconf 81' lang='lat' dir='ltr'><strong>saepe</strong></span> <span class='ocrx_word' id='word_1_523' title='bbox 2761 2954 3054 3019; x_wconf 89' lang='lat' dir='ltr'><strong>videmus,</strong></span> <span class='ocrx_word' id='word_1_524' title='bbox 3112 2952 3448 3024; x_wconf 81' lang='lat' dir='ltr'><strong>putrefactas</strong></span> <span class='ocrx_word' id='word_1_525' title='bbox 3490 2960 3546 3009; x_wconf 89' lang='lat' dir='ltr'><strong>et</strong></span> 
     </span>
    </p>
   </div>
   <div class='ocr_carea' id='block_1_72' title="bbox 1964 3046 3546 3119">
    <p class='ocr_par' dir='ltr' id='par_1_72' title="bbox 1964 3046 3546 3119">
     <span class='ocr_line' id='line_1_72' title="bbox 1964 3046 3546 3119; baseline -0.005 -11"><span class='ocrx_word' id='word_1_526' title='bbox 1964 3061 2241 3108; x_wconf 88' lang='lat' dir='ltr'><strong>emortuas</strong></span> <span class='ocrx_word' id='word_1_527' title='bbox 2273 3065 2468 3105; x_wconf 89' lang='lat' dir='ltr'><strong>carnes</strong></span> <span class='ocrx_word' id='word_1_528' title='bbox 2509 3048 2757 3119; x_wconf 88' lang='lat' dir='ltr'><strong>corporis</strong></span> <span class='ocrx_word' id='word_1_529' title='bbox 2796 3064 2828 3103; x_wconf 89' lang='lat' dir='ltr'><strong>a</strong></span> <span class='ocrx_word' id='word_1_530' title='bbox 2859 3047 3204 3103; x_wconf 81' lang='lat' dir='ltr'><strong>connexione</strong></span> <span class='ocrx_word' id='word_1_531' title='bbox 3240 3046 3546 3101; x_wconf 89' lang='lat' dir='ltr'><strong>viventium</strong></span> 
     </span>
    </p>
   </div>
   <div class='ocr_carea' id='block_1_73' title="bbox 1964 3137 3555 3210">
    <p class='ocr_par' dir='ltr' id='par_1_73' title="bbox 1964 3137 3555 3210">
     <span class='ocr_line' id='line_1_73' title="bbox 1964 3137 3555 3210; baseline -0.004 -12"><span class='ocrx_word' id='word_1_532' title='bbox 1964 3144 2365 3207; x_wconf 87' lang='lat' dir='ltr'><strong>membrorum,</strong></span> <span class='ocrx_word' id='word_1_533' title='bbox 2400 3142 2548 3199; x_wconf 79' lang='lat' dir='ltr'><strong>ferro</strong></span> <span class='ocrx_word' id='word_1_534' title='bbox 2579 3148 2802 3198; x_wconf 87' lang='lat' dir='ltr'><strong>secante</strong></span> <span class='ocrx_word' id='word_1_535' title='bbox 2830 3140 2898 3207; x_wconf 85' lang='grc'><strong>⁹¹,</strong></span> <span class='ocrx_word' id='word_1_536' title='bbox 2934 3139 3205 3210; x_wconf 84' lang='lat' dir='ltr'><strong>separari.</strong></span> <span class='ocrx_word' id='word_1_537' title='bbox 3253 3137 3387 3195; x_wconf 85' lang='lat' dir='ltr'><strong>Tale</strong></span> <span class='ocrx_word' id='word_1_538' title='bbox 3415 3154 3555 3210; x_wconf 87' lang='lat' dir='ltr'><strong>ergo</strong></span> 
     </span>
    </p>
   </div>
   <div class='ocr_carea' id='block_1_74' title="bbox 1967 3228 3550 3306">
    <p class='ocr_par' dir='ltr' id='par_1_74' title="bbox 1967 3228 3550 3306">
     <span class='ocr_line' id='line_1_74' title="bbox 1967 3228 3550 3306; baseline -0.001 -17"><span class='ocrx_word' id='word_1_539' title='bbox 1967 3235 2177 3306; x_wconf 88' lang='lat' dir='ltr'><strong>aliquid</strong></span> <span class='ocrx_word' id='word_1_540' title='bbox 2221 3244 2329 3298; x_wconf 83' lang='lat' dir='ltr'><strong>est,</strong></span> <span class='ocrx_word' id='word_1_541' title='bbox 2383 3235 2528 3305; x_wconf 88' lang='lat' dir='ltr'><strong>quod</strong></span> <span class='ocrx_word' id='word_1_542' title='bbox 2568 3233 2680 3305; x_wconf 89' lang='lat' dir='ltr'><strong>agit</strong></span> <span class='ocrx_word' id='word_1_543' title='bbox 2739 3232 2989 3288; x_wconf 87' lang='lat' dir='ltr'><strong>veritatis</strong></span> <span class='ocrx_word' id='word_1_544' title='bbox 3038 3231 3269 3301; x_wconf 89' lang='lat' dir='ltr'><strong>agnitio.</strong></span> <span class='ocrx_word' id='word_1_545' title='bbox 3310 3228 3550 3287; x_wconf 87' lang='lat' dir='ltr'><strong>Necesse</strong></span> 
     </span>
    </p>
   </div>
   <div class='ocr_carea' id='block_1_75' title="bbox 1972 3322 3550 3394">
    <p class='ocr_par' dir='ltr' id='par_1_75' title="bbox 1972 3322 3550 3394">
     <span class='ocr_line' id='line_1_75' title="bbox 1972 3322 3550 3394; baseline -0.006 -10"><span class='ocrx_word' id='word_1_546' title='bbox 1972 3330 2140 3392; x_wconf 85' lang='lat' dir='ltr'><strong>enim,</strong></span> <span class='ocrx_word' id='word_1_547' title='bbox 2171 3335 2233 3383; x_wconf 88' lang='lat' dir='ltr'><strong>ut</strong></span> <span class='ocrx_word' id='word_1_548' title='bbox 2264 3328 2459 3384; x_wconf 83' lang='lat' dir='ltr'><strong>salutis</strong></span> <span class='ocrx_word' id='word_1_549' title='bbox 2493 3341 2659 3381; x_wconf 89' lang='lat' dir='ltr'><strong>causa</strong></span> <span class='ocrx_word' id='word_1_550' title='bbox 2691 3324 2860 3391; x_wconf 90' lang='lat' dir='ltr'><strong>ﬁlius,</strong></span> <span class='ocrx_word' id='word_1_551' title='bbox 2896 3324 3044 3379; x_wconf 87' lang='lat' dir='ltr'><strong>verbi</strong></span> <span class='ocrx_word' id='word_1_552' title='bbox 3070 3323 3269 3394; x_wconf 85' lang='lat' dir='ltr'><strong>gratia,</strong></span> <span class='ocrx_word' id='word_1_553' title='bbox 3307 3322 3403 3393; x_wconf 91' lang='lat' dir='ltr'><strong>qui</strong></span> <span class='ocrx_word' id='word_1_554' title='bbox 3430 3337 3550 3377; x_wconf 89' lang='lat' dir='ltr'><strong>ser-</strong></span> 
     </span>
    </p>
   </div>
   <div class='ocr_carea' id='block_1_76' title="bbox 1967 3417 3550 3490">
    <p class='ocr_par' dir='ltr' id='par_1_76' title="bbox 1967 3417 3550 3490">
     <span class='ocr_line' id='line_1_76' title="bbox 1967 3417 3550 3490; baseline -0.004 -14"><span class='ocrx_word' id='word_1_555' title='bbox 1967 3438 2184 3477; x_wconf 86' lang='lat' dir='ltr'><strong>monem</strong></span> <span class='ocrx_word' id='word_1_556' title='bbox 2218 3421 2489 3490; x_wconf 80' lang='lat' dir='ltr'><strong>receperit</strong></span> <span class='ocrx_word' id='word_1_557' title='bbox 2518 3419 2791 3485; x_wconf 89' lang='lat' dir='ltr'><strong>veritatis,</strong></span> <span class='ocrx_word' id='word_1_558' title='bbox 2824 3433 2856 3472; x_wconf 89' lang='lat' dir='ltr'><strong>a</strong></span> <span class='ocrx_word' id='word_1_559' title='bbox 2900 3417 3224 3489; x_wconf 87' lang='lat' dir='ltr'><strong>parentibus</strong></span> <span class='ocrx_word' id='word_1_560' title='bbox 3262 3424 3550 3486; x_wconf 88' lang='lat' dir='ltr'><strong>separetur</strong></span> 
     </span>
    </p>
   </div>
   <div class='ocr_carea' id='block_1_77' title="bbox 1966 3508 3549 3582">
    <p class='ocr_par' dir='ltr' id='par_1_77' title="bbox 1966 3508 3549 3582">
     <span class='ocr_line' id='line_1_77' title="bbox 1966 3508 3549 3582; baseline -0.004 -12"><span class='ocrx_word' id='word_1_561' title='bbox 1966 3514 2288 3580; x_wconf 87' lang='lat' dir='ltr'><strong>incredulis,</strong></span> <span class='ocrx_word' id='word_1_562' title='bbox 2322 3522 2417 3568; x_wconf 89' lang='lat' dir='ltr'><strong>aut</strong></span> <span class='ocrx_word' id='word_1_563' title='bbox 2450 3528 2667 3568; x_wconf 86' lang='lat' dir='ltr'><strong>rursum</strong></span> <span class='ocrx_word' id='word_1_564' title='bbox 2698 3521 2853 3582; x_wconf 90' lang='lat' dir='ltr'><strong>pater</strong></span> <span class='ocrx_word' id='word_1_565' title='bbox 2901 3517 3192 3581; x_wconf 87' lang='lat' dir='ltr'><strong>separetur</strong></span> <span class='ocrx_word' id='word_1_566' title='bbox 3221 3524 3252 3562; x_wconf 90' lang='lat' dir='ltr'><strong>a</strong></span> <span class='ocrx_word' id='word_1_567' title='bbox 3288 3508 3422 3575; x_wconf 86' lang='lat' dir='ltr'><strong>tilio,</strong></span> <span class='ocrx_word' id='word_1_568' title='bbox 3452 3517 3549 3565; x_wconf 90' lang='lat' dir='ltr'><strong>aut</strong></span> 
     </span>
    </p>
   </div>
   <div class='ocr_carea' id='block_1_78' title="bbox 1968 3603 3549 3675">
    <p class='ocr_par' dir='ltr' id='par_1_78' title="bbox 1968 3603 3549 3675">
     <span class='ocr_line' id='line_1_78' title="bbox 1968 3603 3549 3675; baseline -0.005 -10"><span class='ocrx_word' id='word_1_569' title='bbox 1968 3610 2078 3665; x_wconf 89' lang='lat' dir='ltr'><strong>ﬁlia</strong></span> <span class='ocrx_word' id='word_1_570' title='bbox 2108 3626 2138 3664; x_wconf 92' lang='lat' dir='ltr'><strong>a</strong></span> <span class='ocrx_word' id='word_1_571' title='bbox 2168 3617 2363 3665; x_wconf 86' lang='lat' dir='ltr'><strong>matre.</strong></span> <span class='ocrx_word' id='word_1_572' title='bbox 2401 3607 2468 3662; x_wconf 87' lang='lat' dir='ltr'><strong>Et</strong></span> <span class='ocrx_word' id='word_1_573' title='bbox 2509 3608 2612 3663; x_wconf 82' lang='lat' dir='ltr'><strong>hoc</strong></span> <span class='ocrx_word' id='word_1_574' title='bbox 2641 3605 2804 3661; x_wconf 84' lang='lat' dir='ltr'><strong>modo</strong></span> <span class='ocrx_word' id='word_1_575' title='bbox 2835 3607 2979 3660; x_wconf 86' lang='lat' dir='ltr'><strong>inter</strong></span> <span class='ocrx_word' id='word_1_576' title='bbox 3008 3603 3347 3675; x_wconf 90' lang='lat' dir='ltr'><strong>propinquos</strong></span> <span class='ocrx_word' id='word_1_577' title='bbox 3379 3608 3549 3673; x_wconf 87' lang='lat' dir='ltr'><strong>atque</strong></span> 
     </span>
    </p>
   </div>
   <div class='ocr_carea' id='block_1_79' title="bbox 1967 3694 3549 3774">
    <p class='ocr_par' dir='ltr' id='par_1_79' title="bbox 1967 3694 3549 3774">
     <span class='ocr_line' id='line_1_79' title="bbox 1967 3694 3549 3774; baseline -0.007 -15"><span class='ocrx_word' id='word_1_578' title='bbox 1967 3704 2429 3774; x_wconf 88' lang='lat' dir='ltr'><strong>consanguineos,</strong></span> <span class='ocrx_word' id='word_1_579' title='bbox 2463 3698 2751 3755; x_wconf 89' lang='lat' dir='ltr'><strong>credentes</strong></span> <span class='ocrx_word' id='word_1_580' title='bbox 2783 3705 2949 3768; x_wconf 89' lang='lat' dir='ltr'><strong>atque</strong></span> <span class='ocrx_word' id='word_1_581' title='bbox 2992 3694 3331 3759; x_wconf 90' lang='lat' dir='ltr'><strong>incredulos,</strong></span> <span class='ocrx_word' id='word_1_582' title='bbox 3365 3697 3549 3750; x_wconf 58' lang='lat' dir='ltr'><strong>scicna</strong></span> 
     </span>
    </p>
   </div>
   <div class='ocr_carea' id='block_1_80' title="bbox 1970 3787 3549 3865">
    <p class='ocr_par' dir='ltr' id='par_1_80' title="bbox 1970 3787 3549 3865">
     <span class='ocr_line' id='line_1_80' title="bbox 1970 3787 3549 3865; baseline -0.005 -15"><span class='ocrx_word' id='word_1_583' title='bbox 1970 3798 2057 3851; x_wconf 68' lang='lat' dir='ltr'><strong>tiae</strong></span> <span class='ocrx_word' id='word_1_584' title='bbox 2089 3804 2253 3865; x_wconf 88' lang='lat' dir='ltr'><strong>atque</strong></span> <span class='ocrx_word' id='word_1_585' title='bbox 2285 3792 2628 3865; x_wconf 82' lang='lat' dir='ltr'><strong>ignorantiae,</strong></span> <span class='ocrx_word' id='word_1_586' title='bbox 2661 3789 3026 3859; x_wconf 82' lang='lat' dir='ltr'><strong>veritatisque</strong></span> <span class='ocrx_word' id='word_1_587' title='bbox 3050 3794 3106 3843; x_wconf 92' lang='lat' dir='ltr'><strong>et</strong></span> <span class='ocrx_word' id='word_1_588' title='bbox 3130 3787 3341 3843; x_wconf 90' lang='lat' dir='ltr'><strong>erroris</strong></span> <span class='ocrx_word' id='word_1_589' title='bbox 3364 3803 3549 3858; x_wconf 88' lang='lat' dir='ltr'><strong>pugna</strong></span> 
     </span>
    </p>
   </div>
   <div class='ocr_carea' id='block_1_81' title="bbox 1967 3881 3548 3952">
    <p class='ocr_par' dir='ltr' id='par_1_81' title="bbox 1967 3881 3548 3952">
     <span class='ocr_line' id='line_1_81' title="bbox 1967 3881 3548 3952; baseline -0.006 -7"><span class='ocrx_word' id='word_1_590' title='bbox 1967 3890 2216 3945; x_wconf 89' lang='lat' dir='ltr'><strong>consistit</strong></span> <span class='ocrx_word' id='word_1_591' title='bbox 2254 3888 2321 3943; x_wconf 78' lang='lat'><strong>&quot;.</strong></span> <span class='ocrx_word' id='word_1_592' title='bbox 2356 3886 2422 3940; x_wconf 90' lang='lat' dir='ltr'><strong>Et</strong></span> <span class='ocrx_word' id='word_1_593' title='bbox 2452 3887 2524 3942; x_wconf 93' lang='lat' dir='ltr'><strong>ob</strong></span> <span class='ocrx_word' id='word_1_594' title='bbox 2554 3885 2661 3940; x_wconf 87' lang='lat' dir='ltr'><strong>hoc</strong></span> <span class='ocrx_word' id='word_1_595' title='bbox 2693 3884 2892 3939; x_wconf 88' lang='lat' dir='ltr'><strong>iterum</strong></span> <span class='ocrx_word' id='word_1_596' title='bbox 2923 3882 3157 3945; x_wconf 86' lang='lat' dir='ltr'><strong>dicebat,</strong></span> <span class='ocrx_word' id='word_1_597' title='bbox 3186 3881 3280 3952; x_wconf 90' lang='lat' dir='ltr'><strong>qui</strong></span> <span class='ocrx_word' id='word_1_598' title='bbox 3310 3895 3414 3936; x_wconf 91' lang='lat' dir='ltr'><strong>nos</strong></span> <span class='ocrx_word' id='word_1_599' title='bbox 3442 3881 3548 3936; x_wconf 85' lang='lat' dir='ltr'><strong>mi-</strong></span> 
     </span>
    </p>
   </div>
   <div class='ocr_carea' id='block_1_82' title="bbox 1967 3973 3549 4047">
    <p class='ocr_par' dir='ltr' id='par_1_82' title="bbox 1967 3973 3549 4047">
     <span class='ocr_line' id='line_1_82' title="bbox 1967 3973 3549 4047; baseline -0.008 -8"><span class='ocrx_word' id='word_1_600' title='bbox 1967 3983 2039 4039; x_wconf 83' lang='lat' dir='ltr'><strong>sit</strong></span> <span class='ocrx_word' id='word_1_601' title='bbox 2069 4001 2081 4037; x_wconf 92' lang='lat'>:</span> <span class='ocrx_word' id='word_1_602' title='bbox 2110 3978 2234 4035; x_wconf 77' lang='lat' dir='ltr'><strong>Non</strong></span> <span class='ocrx_word' id='word_1_603' title='bbox 2282 3979 2396 4034; x_wconf 83' lang='lat' dir='ltr'><strong>veni</strong></span> <span class='ocrx_word' id='word_1_604' title='bbox 2439 3993 2621 4047; x_wconf 83' lang='lat' dir='ltr'><strong>pacem</strong></span> <span class='ocrx_word' id='word_1_605' title='bbox 2665 3977 2871 4031; x_wconf 82' lang='lat' dir='ltr'><strong>mittere</strong></span> <span class='ocrx_word' id='word_1_606' title='bbox 2920 3975 2974 4029; x_wconf 80' lang='lat' dir='ltr'><strong>in</strong></span> <span class='ocrx_word' id='word_1_607' title='bbox 3018 3983 3235 4039; x_wconf 81' lang='lat' dir='ltr'><strong>terram,</strong></span> <span class='ocrx_word' id='word_1_608' title='bbox 3288 3973 3549 4045; x_wconf 69' lang='grc' dir='ltr'><strong>θεά-αισι-</strong></span> 
     </span>
    </p>
   </div>
   <div class='ocr_carea' id='block_1_83' title="bbox 1967 4070 3550 4143">
    <p class='ocr_par' dir='ltr' id='par_1_83' title="bbox 1967 4070 3550 4143">
     <span class='ocr_line' id='line_1_83' title="bbox 1967 4070 3550 4143; baseline -0.001 -13"><span class='ocrx_word' id='word_1_609' title='bbox 1967 4075 2115 4130; x_wconf 76' lang='lat' dir='ltr'><strong>dium</strong></span> <span class='ocrx_word' id='word_1_610' title='bbox 2146 4077 2214 4131; x_wconf 63' lang='grc' dir='ltr'><strong>νδ.</strong></span> <span class='ocrx_word' id='word_1_611' title='bbox 2238 4076 2283 4108; x_wconf 75' lang='grc'><strong>⁸³</strong></span> <span class='ocrx_word' id='word_1_612' title='bbox 2313 4074 2470 4140; x_wconf 84' lang='lat' dir='ltr'><strong>Quod</strong></span> <span class='ocrx_word' id='word_1_613' title='bbox 2500 4074 2549 4129; x_wconf 91' lang='lat' dir='ltr'><strong>si</strong></span> <span class='ocrx_word' id='word_1_614' title='bbox 2583 4073 2733 4128; x_wconf 91' lang='lat' dir='ltr'><strong>dicat</strong></span> <span class='ocrx_word' id='word_1_615' title='bbox 2773 4072 2973 4143; x_wconf 89' lang='lat' dir='ltr'><strong>aliquis</strong></span> <span class='ocrx_word' id='word_1_616' title='bbox 3010 4090 3023 4126; x_wconf 90' lang='lat'><strong>:</strong></span> <span class='ocrx_word' id='word_1_617' title='bbox 3062 4070 3126 4124; x_wconf 85' lang='lat' dir='ltr'><strong>Et</strong></span> <span class='ocrx_word' id='word_1_618' title='bbox 3156 4072 3431 4141; x_wconf 90' lang='lat' dir='ltr'><strong>quomodo</strong></span> <span class='ocrx_word' id='word_1_619' title='bbox 3464 4072 3550 4142; x_wconf 89' lang='lat' dir='ltr'><strong>ju-</strong></span> 
     </span>
    </p>
   </div>
   <div class='ocr_carea' id='block_1_84' title="bbox 1968 4164 3547 4237">
    <p class='ocr_par' dir='ltr' id='par_1_84' title="bbox 1968 4164 3547 4237">
     <span class='ocr_line' id='line_1_84' title="bbox 1968 4164 3547 4237; baseline -0.004 -12"><span class='ocrx_word' id='word_1_620' title='bbox 1968 4177 2115 4225; x_wconf 89' lang='lat' dir='ltr'><strong>stum</strong></span> <span class='ocrx_word' id='word_1_621' title='bbox 2164 4169 2383 4223; x_wconf 84' lang='lat' dir='ltr'><strong>videtur</strong></span> <span class='ocrx_word' id='word_1_622' title='bbox 2420 4165 2668 4237; x_wconf 86' lang='lat' dir='ltr'><strong>separari</strong></span> <span class='ocrx_word' id='word_1_623' title='bbox 2721 4164 2865 4220; x_wconf 92' lang='lat' dir='ltr'><strong>ﬁlios</strong></span> <span class='ocrx_word' id='word_1_624' title='bbox 2918 4178 2949 4217; x_wconf 90' lang='lat' dir='ltr'><strong>a</strong></span> <span class='ocrx_word' id='word_1_625' title='bbox 3002 4164 3363 4233; x_wconf 87' lang='lat' dir='ltr'><strong>parentibus?</strong></span> <span class='ocrx_word' id='word_1_626' title='bbox 3404 4164 3547 4219; x_wconf 83' lang='lat' dir='ltr'><strong>Audi</strong></span> 
     </span>
    </p>
   </div>
   <div class='ocr_carea' id='block_1_85' title="bbox 1967 4257 3543 4333">
    <p class='ocr_par' dir='ltr' id='par_1_85' title="bbox 1967 4257 3543 4333">
     <span class='ocr_line' id='line_1_85' title="bbox 1967 4257 3543 4333; baseline -0.004 -17"><span class='ocrx_word' id='word_1_627' title='bbox 1967 4262 2273 4333; x_wconf 90' lang='lat' dir='ltr'><strong>quomodo:</strong></span> <span class='ocrx_word' id='word_1_628' title='bbox 2300 4260 2438 4327; x_wconf 87' lang='lat' dir='ltr'><strong>Quia</strong></span> <span class='ocrx_word' id='word_1_629' title='bbox 2467 4274 2590 4313; x_wconf 92' lang='lat' dir='ltr'><strong>cum</strong></span> <span class='ocrx_word' id='word_1_630' title='bbox 2623 4257 2760 4329; x_wconf 89' lang='lat' dir='ltr'><strong>ipsis</strong></span> <span class='ocrx_word' id='word_1_631' title='bbox 2793 4257 2843 4313; x_wconf 86' lang='lat' dir='ltr'><strong>si</strong></span> <span class='ocrx_word' id='word_1_632' title='bbox 2873 4257 2926 4310; x_wconf 85' lang='lat' dir='ltr'><strong>in</strong></span> <span class='ocrx_word' id='word_1_633' title='bbox 2959 4270 3146 4311; x_wconf 89' lang='lat' dir='ltr'><strong>errore</strong></span> <span class='ocrx_word' id='word_1_634' title='bbox 3168 4265 3543 4325; x_wconf 88' lang='lat' dir='ltr'><strong>permaneant,</strong></span> 
     </span>
    </p>
   </div>
   <div class='ocr_carea' id='block_1_86' title="bbox 1968 4346 3547 4424">
    <p class='ocr_par' dir='ltr' id='par_1_86' title="bbox 1968 4346 3547 4424">
     <span class='ocr_line' id='line_1_86' title="bbox 1968 4346 3547 4424; baseline -0.005 -15"><span class='ocrx_word' id='word_1_635' title='bbox 1968 4369 2149 4424; x_wconf 90' lang='lat' dir='ltr'><strong>neque</strong></span> <span class='ocrx_word' id='word_1_636' title='bbox 2174 4354 2282 4407; x_wconf 90' lang='lat' dir='ltr'><strong>illis</strong></span> <span class='ocrx_word' id='word_1_637' title='bbox 2319 4352 2658 4423; x_wconf 87' lang='lat' dir='ltr'><strong>proderunt;</strong></span> <span class='ocrx_word' id='word_1_638' title='bbox 2688 4356 2743 4405; x_wconf 91' lang='lat' dir='ltr'><strong>et</strong></span> <span class='ocrx_word' id='word_1_639' title='bbox 2774 4348 2877 4418; x_wconf 85' lang='lat' dir='ltr'><strong>ipsi</strong></span> <span class='ocrx_word' id='word_1_640' title='bbox 2916 4362 3041 4400; x_wconf 90' lang='lat' dir='ltr'><strong>cum</strong></span> <span class='ocrx_word' id='word_1_641' title='bbox 3068 4346 3180 4401; x_wconf 91' lang='lat' dir='ltr'><strong>illis</strong></span> <span class='ocrx_word' id='word_1_642' title='bbox 3212 4348 3419 4417; x_wconf 87' lang='lat' dir='ltr'><strong>pariter</strong></span> <span class='ocrx_word' id='word_1_643' title='bbox 3458 4347 3547 4401; x_wconf 86' lang='lat' dir='ltr'><strong>in-</strong></span> 
     </span>
    </p>
   </div>
   <div class='ocr_carea' id='block_1_87' title="bbox 1969 4439 3546 4512">
    <p class='ocr_par' dir='ltr' id='par_1_87' title="bbox 1969 4439 3546 4512">
     <span class='ocr_line' id='line_1_87' title="bbox 1969 4439 3546 4512; baseline -0.005 -11"><span class='ocrx_word' id='word_1_644' title='bbox 1969 4448 2233 4503; x_wconf 88' lang='lat' dir='ltr'><strong>teribunt.</strong></span> <span class='ocrx_word' id='word_1_645' title='bbox 2265 4445 2485 4501; x_wconf 76' lang='lat' dir='ltr'><strong>Justum</strong></span> <span class='ocrx_word' id='word_1_646' title='bbox 2512 4443 2680 4512; x_wconf 89' lang='lat' dir='ltr'><strong>igitur</strong></span> <span class='ocrx_word' id='word_1_647' title='bbox 2713 4448 2769 4496; x_wconf 90' lang='lat' dir='ltr'><strong>et</strong></span> <span class='ocrx_word' id='word_1_648' title='bbox 2808 4439 2966 4495; x_wconf 88' lang='lat' dir='ltr'><strong>valde</strong></span> <span class='ocrx_word' id='word_1_649' title='bbox 2999 4440 3214 4510; x_wconf 92' lang='lat' dir='ltr'><strong>justum</strong></span> <span class='ocrx_word' id='word_1_650' title='bbox 3253 4445 3361 4504; x_wconf 91' lang='lat' dir='ltr'><strong>est,</strong></span> <span class='ocrx_word' id='word_1_651' title='bbox 3386 4455 3546 4509; x_wconf 90' lang='lat' dir='ltr'><strong>sepa-</strong></span> 
     </span>
    </p>
   </div>
   <div class='ocr_carea' id='block_1_88' title="bbox 1967 4530 3546 4609">
    <p class='ocr_par' dir='ltr' id='par_1_88' title="bbox 1967 4530 3546 4609">
     <span class='ocr_line' id='line_1_88' title="bbox 1967 4530 3546 4609; baseline -0.006 -13"><span class='ocrx_word' id='word_1_652' title='bbox 1967 4541 2079 4596; x_wconf 89' lang='lat' dir='ltr'><strong>rari</strong></span> <span class='ocrx_word' id='word_1_653' title='bbox 2110 4556 2235 4595; x_wconf 85' lang='lat' dir='ltr'><strong>eum</strong></span> <span class='ocrx_word' id='word_1_654' title='bbox 2268 4539 2361 4609; x_wconf 89' lang='lat' dir='ltr'><strong>qui</strong></span> <span class='ocrx_word' id='word_1_655' title='bbox 2400 4536 2601 4592; x_wconf 87' lang='lat' dir='ltr'><strong>salvari</strong></span> <span class='ocrx_word' id='word_1_656' title='bbox 2631 4535 2765 4596; x_wconf 89' lang='lat' dir='ltr'><strong>vult,</strong></span> <span class='ocrx_word' id='word_1_657' title='bbox 2805 4534 2874 4586; x_wconf 84' lang='lat' dir='ltr'><strong>ab</strong></span> <span class='ocrx_word' id='word_1_658' title='bbox 2905 4547 2972 4587; x_wconf 92' lang='lat' dir='ltr'><strong>eo</strong></span> <span class='ocrx_word' id='word_1_659' title='bbox 3000 4532 3093 4603; x_wconf 91' lang='lat' dir='ltr'><strong>qui</strong></span> <span class='ocrx_word' id='word_1_660' title='bbox 3124 4546 3234 4586; x_wconf 93' lang='lat' dir='ltr'><strong>non</strong></span> <span class='ocrx_word' id='word_1_661' title='bbox 3265 4532 3401 4587; x_wconf 89' lang='lat' dir='ltr'><strong>vult.</strong></span> <span class='ocrx_word' id='word_1_662' title='bbox 3436 4530 3546 4587; x_wconf 89' lang='lat' dir='ltr'><strong>Sed</strong></span> 
     </span>
    </p>
   </div>
   <div class='ocr_carea' id='block_1_89' title="bbox 1968 4624 3547 4699">
    <p class='ocr_par' dir='ltr' id='par_1_89' title="bbox 1968 4624 3547 4699">
     <span class='ocr_line' id='line_1_89' title="bbox 1968 4624 3547 4699; baseline -0.006 -11"><span class='ocrx_word' id='word_1_663' title='bbox 1968 4641 2024 4688; x_wconf 90' lang='lat' dir='ltr'><strong>et</strong></span> <span class='ocrx_word' id='word_1_664' title='bbox 2047 4632 2183 4688; x_wconf 87' lang='lat' dir='ltr'><strong>illud</strong></span> <span class='ocrx_word' id='word_1_665' title='bbox 2214 4630 2459 4691; x_wconf 86' lang='lat' dir='ltr'><strong>adverte,</strong></span> <span class='ocrx_word' id='word_1_666' title='bbox 2485 4628 2617 4699; x_wconf 88' lang='lat' dir='ltr'><strong>quia</strong></span> <span class='ocrx_word' id='word_1_667' title='bbox 2646 4642 2757 4681; x_wconf 90' lang='lat' dir='ltr'><strong>non</strong></span> <span class='ocrx_word' id='word_1_668' title='bbox 2797 4642 2865 4680; x_wconf 73' lang='lat' dir='ltr'><strong>ex</strong></span> <span class='ocrx_word' id='word_1_669' title='bbox 2890 4625 3001 4680; x_wconf 90' lang='lat' dir='ltr'><strong>illis</strong></span> <span class='ocrx_word' id='word_1_670' title='bbox 3028 4624 3123 4694; x_wconf 90' lang='lat' dir='ltr'><strong>qui</strong></span> <span class='ocrx_word' id='word_1_671' title='bbox 3149 4624 3354 4679; x_wconf 89' lang='lat' dir='ltr'><strong>rectius</strong></span> <span class='ocrx_word' id='word_1_672' title='bbox 3379 4624 3547 4680; x_wconf 82' lang='lat' dir='ltr'><strong>intel-</strong></span> 
     </span>
    </p>
   </div>
   <div class='ocr_carea' id='block_1_90' title="bbox 1967 4715 3546 4798">
    <p class='ocr_par' dir='ltr' id='par_1_90' title="bbox 1967 4715 3546 4798">
     <span class='ocr_line' id='line_1_90' title="bbox 1967 4715 3546 4798; baseline -0.005 -18"><span class='ocrx_word' id='word_1_673' title='bbox 1967 4726 2145 4798; x_wconf 87' lang='lat' dir='ltr'><strong>ligunt</strong></span> <span class='ocrx_word' id='word_1_674' title='bbox 2176 4724 2323 4778; x_wconf 90' lang='lat' dir='ltr'><strong>venit</strong></span> <span class='ocrx_word' id='word_1_675' title='bbox 2348 4724 2453 4778; x_wconf 87' lang='lat' dir='ltr'><strong>ista</strong></span> <span class='ocrx_word' id='word_1_676' title='bbox 2484 4720 2777 4790; x_wconf 85' lang='lat' dir='ltr'><strong>separatio.</strong></span> <span class='ocrx_word' id='word_1_677' title='bbox 2796 4715 2877 4770; x_wconf 84' lang='lat' dir='ltr'><strong>illi</strong></span> <span class='ocrx_word' id='word_1_678' title='bbox 2902 4715 3047 4772; x_wconf 89' lang='lat' dir='ltr'><strong>enim</strong></span> <span class='ocrx_word' id='word_1_679' title='bbox 3062 4718 3254 4771; x_wconf 92' lang='lat' dir='ltr'><strong>volunt</strong></span> <span class='ocrx_word' id='word_1_680' title='bbox 3276 4718 3546 4772; x_wconf 87' lang='lat' dir='ltr'><strong>interesse</strong></span> 
     </span>
    </p>
   </div>
   <div class='ocr_carea' id='block_1_91' title="bbox 1967 4806 3543 4889">
    <p class='ocr_par' dir='ltr' id='par_1_91' title="bbox 1967 4806 3543 4889">
     <span class='ocr_line' id='line_1_91' title="bbox 1967 4806 3543 4889; baseline -0.006 -17"><span class='ocrx_word' id='word_1_681' title='bbox 1967 4820 2195 4889; x_wconf 89' lang='lat' dir='ltr'><strong>pariter,</strong></span> <span class='ocrx_word' id='word_1_682' title='bbox 2230 4827 2284 4872; x_wconf 92' lang='lat' dir='ltr'><strong>et</strong></span> <span class='ocrx_word' id='word_1_683' title='bbox 2311 4816 2574 4887; x_wconf 86' lang='lat' dir='ltr'><strong>prodesse</strong></span> <span class='ocrx_word' id='word_1_684' title='bbox 2611 4812 2721 4876; x_wconf 89' lang='lat' dir='ltr'><strong>bis,</strong></span> <span class='ocrx_word' id='word_1_685' title='bbox 2755 4819 2809 4867; x_wconf 91' lang='lat' dir='ltr'><strong>et</strong></span> <span class='ocrx_word' id='word_1_686' title='bbox 2837 4810 3033 4866; x_wconf 87' lang='lat' dir='ltr'><strong>docere</strong></span> <span class='ocrx_word' id='word_1_687' title='bbox 3063 4809 3311 4866; x_wconf 89' lang='lat' dir='ltr'><strong>meliora.</strong></span> <span class='ocrx_word' id='word_1_688' title='bbox 3353 4806 3461 4865; x_wconf 86' lang='lat' dir='ltr'><strong>Sed</strong></span> <span class='ocrx_word' id='word_1_689' title='bbox 3488 4817 3543 4865; x_wconf 89' lang='lat' dir='ltr'><strong>et</strong></span> 
     </span>
    </p>
   </div>
   <div class='ocr_carea' id='block_1_92' title="bbox 1969 4900 3545 4981">
    <p class='ocr_par' dir='ltr' id='par_1_92' title="bbox 1969 4900 3545 4981">
     <span class='ocr_line' id='line_1_92' title="bbox 1969 4900 3545 4981; baseline -0.009 -13"><span class='ocrx_word' id='word_1_690' title='bbox 1969 4911 2114 4968; x_wconf 88' lang='lat' dir='ltr'><strong>istud</strong></span> <span class='ocrx_word' id='word_1_691' title='bbox 2141 4910 2421 4981; x_wconf 90' lang='lat' dir='ltr'><strong>proprium</strong></span> <span class='ocrx_word' id='word_1_692' title='bbox 2451 4915 2536 4962; x_wconf 90' lang='lat' dir='ltr'><strong>est</strong></span> <span class='ocrx_word' id='word_1_693' title='bbox 2567 4902 2887 4975; x_wconf 89' lang='lat' dir='ltr'><strong>ignorantiae</strong></span> <span class='ocrx_word' id='word_1_694' title='bbox 2912 4902 3125 4967; x_wconf 90' lang='lat' dir='ltr'><strong>vitium,</strong></span> <span class='ocrx_word' id='word_1_695' title='bbox 3152 4908 3213 4955; x_wconf 90' lang='lat' dir='ltr'><strong>ut</strong></span> <span class='ocrx_word' id='word_1_696' title='bbox 3250 4900 3545 4956; x_wconf 83' lang='lat' dir='ltr'><strong>confutan-</strong></span> 
     </span>
    </p>
   </div>
   <div class='ocr_carea' id='block_1_93' title="bbox 1969 4982 3573 5066">
    <p class='ocr_par' dir='ltr' id='par_1_93' title="bbox 1969 4982 3573 5066">
     <span class='ocr_line' id='line_1_93' title="bbox 1969 4982 3573 5066; baseline -0.007 -7"><span class='ocrx_word' id='word_1_697' title='bbox 1969 5014 2076 5062; x_wconf 91' lang='lat' dir='ltr'><strong>tem</strong></span> <span class='ocrx_word' id='word_1_698' title='bbox 2102 5021 2161 5061; x_wconf 88' lang='lat' dir='ltr'><strong>se</strong></span> <span class='ocrx_word' id='word_1_699' title='bbox 2189 5002 2434 5059; x_wconf 90' lang='lat' dir='ltr'><strong>veritatis</strong></span> <span class='ocrx_word' id='word_1_700' title='bbox 2452 5001 2627 5055; x_wconf 89' lang='lat' dir='ltr'><strong>lucem</strong></span> <span class='ocrx_word' id='word_1_701' title='bbox 2656 5012 2766 5052; x_wconf 90' lang='lat' dir='ltr'><strong>non</strong></span> <span class='ocrx_word' id='word_1_702' title='bbox 2787 4996 2925 5052; x_wconf 81' lang='lat' dir='ltr'><strong>terat</strong></span> <span class='ocrx_word' id='word_1_703' title='bbox 2948 4994 3149 5050; x_wconf 86' lang='lat' dir='ltr'><strong>habere</strong></span> <span class='ocrx_word' id='word_1_704' title='bbox 3177 4993 3246 5051; x_wconf 91' lang='lat' dir='ltr'><strong>de</strong></span> <span class='ocrx_word' id='word_1_705' title='bbox 3267 4994 3540 5066; x_wconf 83' lang='lat' dir='ltr'><strong>proximo.</strong></span> <span class='ocrx_word' id='word_1_706' title='bbox 3568 4982 3573 4995; x_wconf 81' lang='grc'><em>’</em></span> 
     </span>
    </p>
   </div>
   <div class='ocr_carea' id='block_1_94' title="bbox 280 5075 3541 5185">
    <p class='ocr_par' dir='ltr' id='par_1_94' title="bbox 280 5075 3541 5185">
     <span class='ocr_line' id='line_1_94' title="bbox 280 5075 3541 5185; baseline -0.011 -12"><span class='ocrx_word' id='word_1_707' title='bbox 280 5075 671 5183; x_wconf 56' lang='lat' dir='ltr'><strong>consideretis:</strong></span> <span class='ocrx_word' id='word_1_708' title='bbox 704 5117 762 5169; x_wconf 89' lang='lat' dir='ltr'><strong>in</strong></span> <span class='ocrx_word' id='word_1_709' title='bbox 786 5120 1021 5185; x_wconf 87' lang='lat' dir='ltr'><strong>quantos</strong></span> <span class='ocrx_word' id='word_1_710' title='bbox 1045 5075 1144 5168; x_wconf 49' lang='lat' dir='ltr'><strong>vos</strong></span> <span class='ocrx_word' id='word_1_711' title='bbox 1163 5125 1382 5167; x_wconf 89' lang='lat' dir='ltr'><strong>errores</strong></span> <span class='ocrx_word' id='word_1_712' title='bbox 1402 5108 1687 5164; x_wconf 80' lang='lat' dir='ltr'><strong>deduxerit</strong></span> <span class='ocrx_word' id='word_1_713' title='bbox 1710 5105 1868 5177; x_wconf 84' lang='lat' dir='ltr'><strong>igno-</strong></span> <span class='ocrx_word' id='word_1_714' title='bbox 1897 5075 1943 5132; x_wconf 79' lang='grc' dir='ltr'><strong>Ῑ)</strong></span> <span class='ocrx_word' id='word_1_715' title='bbox 1968 5097 2037 5152; x_wconf 88' lang='grc' dir='ltr'><strong>Ει</strong></span> <span class='ocrx_word' id='word_1_716' title='bbox 2074 5097 2195 5151; x_wconf 89' lang='lat' dir='ltr'><strong>ideo</strong></span> <span class='ocrx_word' id='word_1_717' title='bbox 2235 5110 2299 5150; x_wconf 85' lang='lat' dir='ltr'><strong>ex</strong></span> <span class='ocrx_word' id='word_1_718' title='bbox 2350 5093 2460 5148; x_wconf 89' lang='lat' dir='ltr'><strong>illis</strong></span> <span class='ocrx_word' id='word_1_719' title='bbox 2504 5092 2610 5147; x_wconf 83' lang='lat' dir='ltr'><strong>ista</strong></span> <span class='ocrx_word' id='word_1_720' title='bbox 2638 5090 2886 5145; x_wconf 87' lang='lat' dir='ltr'><strong>nascitur</strong></span> <span class='ocrx_word' id='word_1_721' title='bbox 2916 5086 3212 5157; x_wconf 88' lang='lat' dir='ltr'><strong>separatio.</strong></span> <span class='ocrx_word' id='word_1_722' title='bbox 3257 5085 3396 5140; x_wconf 87' lang='lat' dir='ltr'><strong>Nam</strong></span> <span class='ocrx_word' id='word_1_723' title='bbox 3446 5086 3541 5155; x_wconf 88' lang='lat' dir='ltr'><strong>qui</strong></span> 
     </span>
    </p>
   </div>
   <div class='ocr_carea' id='block_1_95' title="bbox 282 5194 1866 5279">
    <p class='ocr_par' dir='ltr' id='par_1_95' title="bbox 282 5194 1866 5279">
     <span class='ocr_line' id='line_1_95' title="bbox 282 5194 1866 5279; baseline -0.01 -12"><span class='ocrx_word' id='word_1_724' title='bbox 282 5210 485 5267; x_wconf 69' lang='lat' dir='ltr'><strong>rantiae</strong></span> <span class='ocrx_word' id='word_1_725' title='bbox 505 5208 734 5273; x_wconf 88' lang='lat' dir='ltr'><strong>malum,</strong></span> <span class='ocrx_word' id='word_1_726' title='bbox 762 5213 1111 5279; x_wconf 87' lang='lat' dir='ltr'><strong>quantosque</strong></span> <span class='ocrx_word' id='word_1_727' title='bbox 1136 5206 1325 5274; x_wconf 87' lang='lat' dir='ltr'><strong>lapsus</strong></span> <span class='ocrx_word' id='word_1_728' title='bbox 1348 5209 1402 5257; x_wconf 91' lang='lat' dir='ltr'><strong>et</strong></span> <span class='ocrx_word' id='word_1_729' title='bbox 1425 5206 1630 5271; x_wconf 89' lang='lat' dir='ltr'><strong>quanta</strong></span> <span class='ocrx_word' id='word_1_730' title='bbox 1669 5194 1866 5268; x_wconf 85' lang='lat' dir='ltr'><strong>praeci-</strong></span> 
     </span>
    </p>
   </div>
   <div class='ocr_carea' id='block_1_96' title="bbox 283 5288 1866 5374">
    <p class='ocr_par' dir='ltr' id='par_1_96' title="bbox 283 5288 1866 5374">
     <span class='ocr_line' id='line_1_96' title="bbox 283 5288 1866 5374; baseline -0.009 -17"><span class='ocrx_word' id='word_1_731' title='bbox 283 5304 425 5374; x_wconf 85' lang='lat' dir='ltr'><strong>pitia</strong></span> <span class='ocrx_word' id='word_1_732' title='bbox 477 5302 547 5357; x_wconf 91' lang='lat' dir='ltr'><strong>ad</strong></span> <span class='ocrx_word' id='word_1_733' title='bbox 598 5300 939 5372; x_wconf 87' lang='lat' dir='ltr'><strong>peccandum</strong></span> <span class='ocrx_word' id='word_1_734' title='bbox 970 5297 1216 5354; x_wconf 88' lang='lat' dir='ltr'><strong>dederit:</strong></span> <span class='ocrx_word' id='word_1_735' title='bbox 1250 5310 1282 5350; x_wconf 90' lang='lat' dir='ltr'><strong>a</strong></span> <span class='ocrx_word' id='word_1_736' title='bbox 1310 5293 1531 5365; x_wconf 90' lang='lat' dir='ltr'><strong>quantis</strong></span> <span class='ocrx_word' id='word_1_737' title='bbox 1555 5306 1655 5347; x_wconf 87' lang='lat' dir='ltr'><strong>vos</strong></span> <span class='ocrx_word' id='word_1_738' title='bbox 1703 5288 1866 5345; x_wconf 86' lang='lat' dir='ltr'><strong>bonis</strong></span> 
     </span>
    </p>
   </div>
   <div class='ocr_carea' id='block_1_97' title="bbox 341 5441 725 5509">
    <p class='ocr_par' dir='ltr' id='par_1_97' title="bbox 341 5441 725 5509">
     <span class='ocr_line' id='line_1_97' title="bbox 341 5441 725 5509; baseline 0.005 -15"><span class='ocrx_word' id='word_1_739' title='bbox 341 5441 391 5473; x_wconf 83' lang='grc'><strong>⁸³</strong></span> <span class='ocrx_word' id='word_1_740' title='bbox 416 5442 725 5509; x_wconf 82' lang='lat' dir='ltr'><strong>perdurare.</strong></span> 
     </span>
    </p>
   </div>
   <div class='ocr_carea' id='block_1_98' title="bbox 266 5511 1055 5616">
    <p class='ocr_par' dir='ltr' id='par_1_98' title="bbox 266 5511 1055 5616">
     <span class='ocr_line' id='line_1_98' title="bbox 266 5511 1055 5616; baseline 0 0"><span class='ocrx_word' id='word_1_741' title='bbox 266 5511 662 5616; x_wconf 58' lang='lat' dir='ltr'><strong>li”:‘.‘.‘.‘.“.‘.;.-..-i’</strong></span> <span class='ocrx_word' id='word_1_742' title='bbox 710 5511 1055 5616; x_wconf 55' lang='lat'><strong>“£38,333:</strong></span> 
     </span>
    </p>
   </div>
   <div class='ocr_carea' id='block_1_99' title="bbox 351 5582 1228 5651">
    <p class='ocr_par' dir='ltr' id='par_1_99' title="bbox 351 5582 1228 5651">
     <span class='ocr_line' id='line_1_99' title="bbox 351 5582 1228 5651; baseline 0 -15"><span class='ocrx_word' id='word_1_743' title='bbox 351 5583 667 5651; x_wconf 77' lang='lat' dir='ltr'><strong>voluptatis.</strong></span> <span class='ocrx_word' id='word_1_744' title='bbox 779 5585 846 5617; x_wconf 73' lang='grc'><strong>⁸⁸·</strong></span> <span class='ocrx_word' id='word_1_745' title='bbox 882 5582 1228 5639; x_wconf 75' lang='lat' dir='ltr'><strong>concalescat.</strong></span> 
     </span>
    </p>
   </div>
   <div class='ocr_carea' id='block_1_100' title="bbox 800 5418 1861 5513">
    <p class='ocr_par' dir='ltr' id='par_1_100' title="bbox 800 5434 1861 5513">
     <span class='ocr_line' id='line_1_100' title="bbox 800 5434 1861 5513; baseline -0.012 -16"><span class='ocrx_word' id='word_1_746' title='bbox 800 5442 848 5474; x_wconf 68' lang='grc'><strong>⁸⁸</strong></span> <span class='ocrx_word' id='word_1_747' title='bbox 874 5441 1145 5513; x_wconf 77' lang='lat' dir='ltr'><strong>Recognit.</strong></span> <span class='ocrx_word' id='word_1_748' title='bbox 1167 5456 1255 5513; x_wconf 55' lang='lat' dir='ltr'><strong>vt,</strong></span> <span class='ocrx_word' id='word_1_749' title='bbox 1275 5454 1327 5495; x_wconf 92' lang='lat' dir='ltr'><strong>c.</strong></span> <span class='ocrx_word' id='word_1_750' title='bbox 1357 5438 1443 5513; x_wconf 23' lang='lat'><strong>23</strong></span> <span class='ocrx_word' id='word_1_751' title='bbox 1479 5437 1539 5513; x_wconf 75' lang='lat'><strong>_”</strong></span> <span class='ocrx_word' id='word_1_752' title='bbox 1571 5434 1861 5513; x_wconf 58' lang='lat' dir='ltr'><strong>ﬁecogn_i_t.,</strong></span> 
     </span>
    </p>
   </div>
   <div class='ocr_carea' id='block_1_101' title="bbox 1964 5418 3104 5513">
    <p class='ocr_par' dir='ltr' id='par_1_101' title="bbox 1964 5418 3104 5513">
     <span class='ocr_line' id='line_1_101' title="bbox 1964 5418 3104 5513; baseline -0.017 -29"><span class='ocrx_word' id='word_1_753' title='bbox 1964 5429 2055 5493; x_wconf 86' lang='lat' dir='ltr'><strong>id.,</strong></span> <span class='ocrx_word' id='word_1_754' title='bbox 2084 5443 2134 5481; x_wconf 86' lang='lat' dir='ltr'><strong>c.</strong></span> <span class='ocrx_word' id='word_1_755' title='bbox 2177 5427 2233 5480; x_wconf 82' lang='lat'><strong>&#39;5.</strong></span> <span class='ocrx_word' id='word_1_756' title='bbox 2282 5424 2356 5505; x_wconf 35' lang='grc'><strong>⁸⁸⁸</strong></span> <span class='ocrx_word' id='word_1_757' title='bbox 2390 5418 2743 5513; x_wconf 53' lang='grc' dir='ltr'><strong>ἱηηὶιεηρξμηι.</strong></span> <span class='ocrx_word' id='word_1_758' title='bbox 2793 5418 2864 5513; x_wconf 53' lang='grc' dir='ltr'><strong>ιξτ</strong></span> <span class='ocrx_word' id='word_1_759' title='bbox 2894 5418 3027 5494; x_wconf 38' lang='lat' dir='ltr'><strong>Haec.</strong></span> <span class='ocrx_word' id='word_1_760' title='bbox 3060 5428 3104 5491; x_wconf 62' lang='lat' dir='ltr'><strong>vt</strong></span> 
     </span>
    </p>
   </div>
   <div class='ocr_carea' id='block_1_102' title="bbox 1108 5475 3554 5580">
    <p class='ocr_par' dir='ltr' id='par_1_102' title="bbox 1108 5475 3554 5580">
     <span class='ocr_line' id='line_1_102' title="bbox 1108 5475 3554 5580; baseline -0.015 -15"><span class='ocrx_word' id='word_1_761' title='bbox 1108 5475 2232 5580; x_wconf 48' lang='lat' dir='ltr'><strong>ih&quot;itgéogiazionfiilvi&#39;ﬁ&#39;a’c“alia”cii</strong></span> <span class='ocrx_word' id='word_1_762' title='bbox 2264 5494 2441 5580; x_wconf 55' lang='grc' dir='ltr'><strong>ριιεειιξζ</strong></span> <span class='ocrx_word' id='word_1_763' title='bbox 2485 5489 2712 5544; x_wconf 87' lang='lat' dir='ltr'><strong>vocibus</strong></span> <span class='ocrx_word' id='word_1_764' title='bbox 2760 5475 3554 5580; x_wconf 32' lang='lat' dir='ltr'><strong>aliigsmognissis.”Hﬁpoqtnuie</strong></span> 
     </span>
    </p>
   </div>
   <div class='ocr_carea' id='block_1_103' title="bbox 1340 5562 2731 5645">
    <p class='ocr_par' dir='ltr' id='par_1_103' title="bbox 1340 5562 2731 5645">
     <span class='ocr_line' id='line_1_103' title="bbox 1340 5562 2731 5645; baseline -0.018 -9"><span class='ocrx_word' id='word_1_765' title='bbox 1340 5562 1488 5634; x_wconf 37' lang='lat' dir='ltr'><strong>9&quot;lin</strong></span> <span class='ocrx_word' id='word_1_766' title='bbox 1535 5578 1835 5645; x_wconf 84' lang='lat' dir='ltr'><strong>Recognit.,</strong></span> <span class='ocrx_word' id='word_1_767' title='bbox 1874 5562 2341 5645; x_wconf 54' lang='lat' dir='ltr'><strong>concupiscentjag:</strong></span> <span class='ocrx_word' id='word_1_768' title='bbox 2398 5562 2731 5645; x_wconf 65' lang='lat' dir='ltr'><strong>thpumus.</strong></span> 
     </span>
    </p>
   </div>
   <div class='ocr_carea' id='block_1_104' title="bbox 1972 5176 3542 5252">
    <p class='ocr_par' dir='ltr' id='par_1_104' title="bbox 1972 5176 3542 5252">
     <span class='ocr_line' id='line_1_104' title="bbox 1972 5176 3542 5252; baseline -0.013 -4"><span class='ocrx_word' id='word_1_769' title='bbox 1972 5191 2259 5248; x_wconf 88' lang='lat' dir='ltr'><strong>scientiam</strong></span> <span class='ocrx_word' id='word_1_770' title='bbox 2288 5184 2532 5242; x_wconf 85' lang='lat' dir='ltr'><strong>veritatis</strong></span> <span class='ocrx_word' id='word_1_771' title='bbox 2561 5182 2859 5252; x_wconf 88' lang='lat' dir='ltr'><strong>accipiunt,</strong></span> <span class='ocrx_word' id='word_1_772' title='bbox 2891 5180 3022 5251; x_wconf 89' lang='lat' dir='ltr'><strong>quia</strong></span> <span class='ocrx_word' id='word_1_773' title='bbox 3068 5179 3332 5236; x_wconf 89' lang='lat' dir='ltr'><strong>bonitatis</strong></span> <span class='ocrx_word' id='word_1_774' title='bbox 3380 5176 3542 5247; x_wconf 89' lang='lat' dir='ltr'><strong>plena</strong></span> 
     </span>
    </p>
   </div>
   <div class='ocr_carea' id='block_1_105' title="bbox 1972 5270 3540 5352">
    <p class='ocr_par' dir='ltr' id='par_1_105' title="bbox 1972 5270 3540 5352">
     <span class='ocr_line' id='line_1_105' title="bbox 1972 5270 3540 5352; baseline -0.013 -11"><span class='ocrx_word' id='word_1_775' title='bbox 1972 5292 2079 5351; x_wconf 88' lang='lat' dir='ltr'><strong>est,</strong></span> <span class='ocrx_word' id='word_1_776' title='bbox 2111 5290 2373 5352; x_wconf 88' lang='lat' dir='ltr'><strong>tanquam</strong></span> <span class='ocrx_word' id='word_1_777' title='bbox 2415 5292 2447 5331; x_wconf 84' lang='lat' dir='ltr'><strong>a</strong></span> <span class='ocrx_word' id='word_1_778' title='bbox 2476 5277 2621 5332; x_wconf 90' lang='lat' dir='ltr'><strong>bono</strong></span> <span class='ocrx_word' id='word_1_779' title='bbox 2664 5273 2775 5329; x_wconf 90' lang='lat' dir='ltr'><strong>Deo</strong></span> <span class='ocrx_word' id='word_1_780' title='bbox 2818 5273 3001 5328; x_wconf 84' lang='lat' dir='ltr'><strong>datam</strong></span> <span class='ocrx_word' id='word_1_781' title='bbox 3028 5272 3097 5339; x_wconf 82' lang='lat'><strong>”,</strong></span> <span class='ocrx_word' id='word_1_782' title='bbox 3125 5270 3355 5340; x_wconf 93' lang='lat' dir='ltr'><strong>cupiunt</strong></span> <span class='ocrx_word' id='word_1_783' title='bbox 3394 5282 3540 5332; x_wconf 89' lang='lat' dir='ltr'><strong>eam,</strong></span> 
     </span>
    </p>
   </div>
   <div class='ocr_carea' id='block_1_106' title="bbox 2819 5405 3552 5469">
    <p class='ocr_par' dir='ltr' id='par_1_106' title="bbox 2819 5405 3552 5469">
     <span class='ocr_line' id='line_1_106' title="bbox 2819 5405 3552 5469; baseline -0.012 -1"><span class='ocrx_word' id='word_1_784' title='bbox 2819 5414 2864 5446; x_wconf 84' lang='grc'><strong>⁸⁷</strong></span> <span class='ocrx_word' id='word_1_785' title='bbox 2894 5412 3021 5469; x_wconf 71' lang='lat' dir='ltr'><strong>Haec</strong></span> <span class='ocrx_word' id='word_1_786' title='bbox 3060 5424 3163 5466; x_wconf 81' lang='lat' dir='ltr'><strong>vox</strong></span> <span class='ocrx_word' id='word_1_787' title='bbox 3197 5405 3410 5461; x_wconf 87' lang='lat' dir='ltr'><strong>videtur</strong></span> <span class='ocrx_word' id='word_1_788' title='bbox 3457 5419 3552 5460; x_wconf 90' lang='lat' dir='ltr'><strong>su-</strong></span> 
     </span>
    </p>
   </div>
   <div class='ocr_carea' id='block_1_107' title="bbox 2843 5545 3553 5622">
    <p class='ocr_par' dir='ltr' id='par_1_107' title="bbox 2843 5545 3553 5622">
     <span class='ocr_line' id='line_1_107' title="bbox 2843 5545 3553 5622; baseline -0.015 -13"><span class='ocrx_word' id='word_1_789' title='bbox 2843 5557 2909 5588; x_wconf 73' lang='grc' dir='ltr'><strong>’θ’</strong></span> <span class='ocrx_word' id='word_1_790' title='bbox 2942 5550 3217 5622; x_wconf 80' lang='lat' dir='ltr'><strong>Recognt‘t.</strong></span> <span class='ocrx_word' id='word_1_791' title='bbox 3260 5562 3336 5622; x_wconf 75' lang='lat' dir='ltr'><strong>vi,</strong></span> <span class='ocrx_word' id='word_1_792' title='bbox 3384 5560 3435 5622; x_wconf 87' lang='lat' dir='ltr'><strong>c_.</strong></span> <span class='ocrx_word' id='word_1_793' title='bbox 3491 5545 3553 5599; x_wconf 64' lang='grc' dir='ltr'><strong>ιε</strong></span> 
     </span>
    </p>
   </div>
   <div class='ocr_carea' id='block_1_108' title="bbox 269 5614 1861 5721">
    <p class='ocr_par' dir='ltr' id='par_1_108' title="bbox 269 5614 1861 5721">
     <span class='ocr_line' id='line_1_108' title="bbox 272 5614 1835 5651; baseline -0.006 -14"><span class='ocrx_word' id='word_1_794' title='bbox 272 5614 305 5616; x_wconf 52' lang='grc'><strong>’⁷</strong></span> <span class='ocrx_word' id='word_1_795' title='bbox 355 5614 667 5651; x_wconf 71' lang='grc' dir='ltr'><strong>υυιιιμιαιιο.</strong></span> <span class='ocrx_word' id='word_1_796' title='bbox 784 5614 818 5617; x_wconf 36' lang='lat' dir='ltr'>ﬁ</span> <span class='ocrx_word' id='word_1_797' title='bbox 882 5614 1228 5639; x_wconf 69' lang='grc' dir='ltr'><strong>ιυιιιιαιῦοωιι.</strong></span> <span class='ocrx_word' id='word_1_798' title='bbox 1432 5614 1488 5634; x_wconf 87' lang='grc' dir='ltr'>ιιι</span> <span class='ocrx_word' id='word_1_799' title='bbox 1535 5614 1835 5645; x_wconf 66' lang='grc' dir='ltr'><strong>Ιιυυυυιισνο’</strong></span> 
     </span>
     <span class='ocr_line' id='line_1_109' title="bbox 269 5645 1861 5721; baseline -0.008 -8"><span class='ocrx_word' id='word_1_800' title='bbox 269 5655 317 5686; x_wconf 79' lang='grc'><strong>’⁸</strong></span> <span class='ocrx_word' id='word_1_801' title='bbox 350 5652 487 5707; x_wconf 79' lang='lat' dir='ltr'><strong>Luc.</strong></span> <span class='ocrx_word' id='word_1_802' title='bbox 524 5668 621 5714; x_wconf 79' lang='lat' dir='ltr'><strong>XII,</strong></span> <span class='ocrx_word' id='word_1_803' title='bbox 647 5655 737 5711; x_wconf 74' lang='lat'><strong>49.</strong></span> <span class='ocrx_word' id='word_1_804' title='bbox 813 5656 859 5689; x_wconf 80' lang='grc'><strong>⁹²</strong></span> <span class='ocrx_word' id='word_1_805' title='bbox 894 5656 1137 5711; x_wconf 83' lang='lat' dir='ltr'><strong>secantis.</strong></span> <span class='ocrx_word' id='word_1_806' title='bbox 1217 5653 1266 5686; x_wconf 72' lang='grc'><strong>⁸³</strong></span> <span class='ocrx_word' id='word_1_807' title='bbox 1294 5650 1584 5721; x_wconf 80' lang='lat' dir='ltr'><strong>consurgit.</strong></span> <span class='ocrx_word' id='word_1_808' title='bbox 1660 5650 1707 5681; x_wconf 55' lang='grc' dir='ltr'><strong>ν</strong></span> <span class='ocrx_word' id='word_1_809' title='bbox 1737 5645 1861 5702; x_wconf 84' lang='lat' dir='ltr'><strong>Matt</strong></span> 
     </span>
    </p>
   </div>
   <div class='ocr_carea' id='block_1_109' title="bbox 1964 5614 3547 5721">
    <p class='ocr_par' dir='ltr' id='par_1_109' title="bbox 1965 5614 3547 5709">
     <span class='ocr_line' id='line_1_110' title="bbox 1965 5614 3547 5709; baseline -0.018 -13"><span class='ocrx_word' id='word_1_810' title='bbox 1965 5614 2568 5709; x_wconf 40' lang='lat' dir='ltr'><strong>ibi???&quot;necata.</strong></span> <span class='ocrx_word' id='word_1_811' title='bbox 2591 5645 2665 5696; x_wconf 76' lang='lat' dir='ltr'><strong>v1,</strong></span> <span class='ocrx_word' id='word_1_812' title='bbox 2698 5645 2745 5685; x_wconf 91' lang='lat' dir='ltr'><strong>c.</strong></span> <span class='ocrx_word' id='word_1_813' title='bbox 2773 5627 2824 5684; x_wconf 83' lang='lat'><strong>5.</strong></span> <span class='ocrx_word' id='word_1_814' title='bbox 2900 5626 2947 5660; x_wconf 71' lang='grc' dir='ltr'><strong>’θ</strong></span> <span class='ocrx_word' id='word_1_815' title='bbox 2981 5624 3039 5680; x_wconf 87' lang='lat' dir='ltr'><strong>lu</strong></span> <span class='ocrx_word' id='word_1_816' title='bbox 3066 5614 3361 5690; x_wconf 79' lang='lat' dir='ltr'><strong>Recognit.,</strong></span> <span class='ocrx_word' id='word_1_817' title='bbox 3391 5614 3547 5670; x_wconf 81' lang='lat' dir='ltr'><strong>data.</strong></span> 
     </span>
    </p>
   </div>
   <div class='ocr_carea' id='block_1_110' title="bbox 272 5722 619 5781">
    <p class='ocr_par' dir='ltr' id='par_1_110' title="bbox 272 5722 619 5781">
     <span class='ocr_line' id='line_1_111' title="bbox 272 5722 619 5781; baseline -0.009 0"><span class='ocrx_word' id='word_1_818' title='bbox 272 5722 619 5781; x_wconf 67' lang='lat' dir='ltr'><strong>ﬂammans.</strong></span> 
     </span>
    </p>
   </div>
  </div>
