3896 6174
408 278 521 336 503

1273 275 1334 335 8.
1368 275 1761 334 CLEMENTIS
1790 279 1813 335 Ι
1844 274 2013 334 ROM.
2050 273 2255 336 PONT.
2291 277 2520 335 OPERA
2551 279 2779 337 DUBlA.

3546 278 3650 338 5οι

395 398 441 451 si
475 392 589 448 fieri
619 397 819 463 potest,
851 405 975 445 cum
1034 388 1290 446 omnibus
1347 390 1551 447 habere
1605 407 1974 459 communem,
2009 396 2057 452 A
2083 401 2137 449 et
2168 395 2391 459 occidit,
2419 397 2751 451 mutationes
2782 396 2909 451 luna
2939 395 3278 467 perpetitur?
3302 395 3532 469 Propter
3554 411 3651 457 vim

394 490 559 543 etiam
605 500 731 539 cum
779 484 866 539 his
905 484 998 554 qui
1027 484 1265 539 oderunt
1304 499 1400 539 eos
1441 493 1496 540 et
1544 495 1971 557 persequuntur.

398 578 594 633 Sciunt
621 576 768 632 enim
798 576 925 647 quia
967 586 1278 645 peccatum,
1328 577 1574 647 ipsorum
1622 594 1787 635 causa
1822 579 1976 651 igno-

394 671 592 726 rantis:
619 676 704 725 est
748 668 817 723 ".
879 667 1177 739 Pr0pterea
1231 669 1468 740 denique
1516 672 1634 741 ipse
1691 673 1973 743 magister,

395 778 521 817 cum
546 762 614 816 ab
638 761 725 816 his
756 761 848 831 qui
882 762 1206 832 ignorabant
1254 778 1379 817 eum
1425 762 1721 819 duceretur
1752 765 1818 819 ad
1849 781 1977 820 cru-

395 870 539 920 cem,
566 854 759 910 orabat
787 853 1005 910 Patrem
1039 871 1137 925 pro
1173 854 1621 914 interfectoribus
1658 858 1797 924 suis,
1822 868 1876 915 et
1894 860 1977 915 di-

396 945 555 1002 cebat
587 965 602 1001 ε
640 946 826 1013 Pater,
860 946 1068 1003 dimitte
1115 948 1189 1002 eis
1229 958 1521 1020 peccatum,
1569 951 1693 1022 quia
1741 954 1978 1007 nesciunt

395 1042 523 1114 quid
547 1041 751 1115 faciunt
782 1042 849 1097 ".
894 1040 1178 1097 lmitantes
1231 1056 1451 1112 quoque
1493 1041 1752 1114 discipuli
1798 1044 1977 1114 magi-

400 1139 606 1199 strum,
632 1132 939 1204 etiamipsi,
959 1149 1084 1189 cum
1118 1141 1454 1204 paterentur,
1485 1134 1737 1190 similiter
1766 1150 1864 1206 pro
1894 1137 1981 1190 in-

396 1224 785 1282 terfectoribus
814 1227 930 1283 suis
960 1226 1215 1281 orabant.
1245 1224 1402 1293 Quod
1435 1225 1481 1281 si
1506 1225 1796 1297 disciplina
1822 1227 1979 1283 nobis

396 1326 502 1382 est,
535 1333 695 1373 orare
724 1317 888 1373 etiam
922 1333 1022 1389 pro
1054 1317 1498 1373 interfectoribus
1526 1324 1579 1372 et
1612 1319 1980 1388 persecutori-

397 1408 501 1463 bus
532 1410 757 1475 nostris,
791 1410 1066 1479 quomodo
1095 1425 1203 1465 non
1234 1410 1399 1465 etiam
1430 1418 1715 1481 parentum
1764 1420 1817 1465 et
1853 1426 1981 1481 pro-

397 1502 731 1575 pinquorum
764 1503 1181 1576 persecutiones
1211 1502 1376 1567 ferre,
1407 1512 1463 1557 et
1492 1518 1593 1573 pro
1623 1504 1981 1560 conversione

396 1612 589 1652 eorum
643 1611 808 1652 orare
862 1596 1190 1652 credimur?
1215 1596 1261 1628 ⁹⁹
1293 1594 1432 1651 Tum
1476 1596 1676 1651 deinde
1713 1597 1876 1652 etiam
1909 1598 1980 1630 ¹⁹⁹

396 1688 716 1762 diligentius
743 1688 1186 1755 consideremus,
1218 1704 1340 1760 quae
1382 1688 1455 1745 sit
1498 1689 1659 1745 nobis
1686 1703 1854 1745 causa
1883 1704 1982 1762 pa.

395 1789 581 1838 rentes
610 1782 894 1853 diligendi.
928 1782 947 1813 ¹
979 1781 1087 1838 Pro
1116 1798 1201 1846 eo,
1233 1782 1507 1853 inquiunt,
1533 1782 1662 1853 quia
1706 1784 1833 1838 vita:
1879 1798 1979 1837 no-

395 1886 527 1935 stra:
549 1876 808 1932 videntur
833 1885 1108 1932 auctores.
1161 1874 1429 1930 Auctores
1474 1873 1693 1945 quidem
1725 1874 1849 1930 vita:
1888 1890 1982 1931 no-

398 1977 529 2028 strae
561 1976 817 2041 parentes
848 1984 958 2023 non
991 1975 1142 2033 sunt,
1174 1966 1267 2023 sed
1301 1967 1559 2023 ministri.
1590 1964 1707 2020 Non
1733 1968 1875 2022 enim
1899 1968 1981 2023 vi-

395 2068 508 2116 tam
539 2062 805 2134 praebent,
830 2061 928 2117 sed
958 2060 1299 2132 ingrediendi
1332 2060 1492 2116 nobis
1525 2061 1594 2116 ad
1625 2061 1769 2115 hanc
1811 2063 1979 2116 vitam

396 2153 658 2210 exhibent
700 2153 1106 2219 ministerium;
1151 2161 1344 2209 auctor
1369 2159 1552 2207 autem
1593 2153 1717 2207 vitae
1749 2170 1891 2209 unus
1927 2162 1981 2208 et

398 2248 551 2305 solus
581 2256 665 2302 est
709 2246 876 2303 Deus.
924 2245 984 2301 Si
1026 2254 1206 2301 autem
1257 2253 1539 2301 auctorem
1588 2246 1713 2301 vitae
1754 2247 1981 2318 diligere

395 2341 675 2401 volumus,
724 2339 879 2393 illum
939 2338 1099 2393 nobis
1158 2353 1281 2393 esse
1331 2337 1669 2409 diligendum
1708 2341 1974 2395 sciamus.

398 2429 509 2485 Sed
560 2431 737 2497 illum,
795 2430 1074 2501 inquiunt,
1120 2446 1451 2502 cognoscere
1512 2446 1624 2485 non
1670 2432 1975 2501 potuimus,

398 2523 541 2578 istos
567 2530 749 2577 autem
771 2530 827 2578 et
850 2523 1192 2586 novimus,et
1217 2526 1271 2577 in
1296 2523 1490 2578 all‘eetu
1523 2524 1807 2581 habemus.
1825 2526 1976 2592 Esto,

396 2631 510 2671 non
566 2616 829 2687 potuistis
862 2631 1199 2686 cognoscere
1237 2617 1361 2687 quis
1385 2619 1405 2648 ’
1450 2618 1521 2672 sit
1570 2616 1715 2673 Deus
1750 2638 1763 2674 :
1796 2621 1927 2690 quid
1959 2622 1981 2653 ³

397 2718 577 2764 tamen
609 2724 720 2763 non
749 2710 822 2763 sit
852 2708 998 2765 Deus
1043 2710 1306 2780 perfacile
1355 2710 1499 2767 scire
1532 2711 1808 2782 potuislis.
1844 2712 1979 2767 Nam

396 2802 674 2872 quomodo
703 2802 874 2857 latere
904 2803 1082 2874 potuit
1116 2803 1416 2868 hominem,
1449 2805 1593 2873 quod
1626 2806 1854 2875 lignum,
1889 2815 1981 2861 aut

396 2896 562 2966 lapis,
596 2903 690 2950 aut
718 2911 815 2963 aes,
842 2896 925 2951 vel
950 2896 1056 2950 alia
1082 2896 1397 2967 hujusmodi
1426 2899 1674 2963 materia,
1706 2898 1850 2955 Deus
1872 2916 1981 2956 non

396 2989 501 3044 sit?
523 2988 680 3055 Quod
703 2989 818 3044 siin
844 2988 930 3045 his
952 3004 1073 3062 quae
1099 2987 1260 3045 facile
1287 2990 1693 3061 deprehendere
1705 2994 1979 3066 potuistis,

2078 502 2230 544 mare
2266 489 2486 545 exhibet
2538 489 2857 543 famulatum
2912 504 3093 553 suum,
3130 498 3192 544 ut
3218 490 3373 546 vobis
3420 492 3651 563 ingratis

2078 587 2277 635 cuncta
2307 581 2649 651 subjaceant.
2684 580 2876 639 Nonne
2918 597 3017 653 pro
3066 582 3153 637 his
3198 584 3454 639 omnibus
3503 584 3653 653 justa

2078 674 2185 730 erit
2218 675 2442 730 ultionis
2461 690 2643 746 paena,
2677 676 2805 745 quia
2836 676 3029 729 horum
3056 676 3299 730 omnium
3317 676 3651 747 largitoran,

2078 781 2241 835 quem
2296 774 2423 821 ante
2466 767 2649 821 omnia
2704 774 2761 823 et
2820 781 3117 835 agnoscere
3161 772 3215 821 et
3252 768 3505 821 venerari
3555 768 3655 823 de-

2079 858 2321 923 buistis,
2385 858 2563 913 solum
2631 873 2744 928 prae
2808 858 3026 913 eazteris
3090 858 3418 928 ignoratis?
3469 858 3491 889 ‘
3547 857 3657 913 Sed

2079 955 2135 1003 et
2204 964 2353 1003 nunc
2416 965 2515 1021 per
2586 949 2729 1003 idem
2797 964 2897 1007 vos
2965 950 3146 1005 adhuc
3220 950 3276 1003 in
3347 949 3657 1021 intelligen-

2080 1040 2214 1095 tiam
2260 1040 2381 1111 ejus
2425 1042 2587 1096 duco.
2626 1039 2838 1097 Videtis
2878 1042 3101 1105 etenim,
3153 1040 3297 1111 quod
3346 1040 3529 1095 omnia
3572 1041 3659 1110 gi-

2081 1144 2321 1208 gnuntur
2342 1151 2406 1192 ex
2432 1136 2609 1206 aquis,
2630 1150 2770 1205 aqua
2791 1148 2919 1190 vero
2935 1149 3033 1205 per
3048 1132 3389 1203 unigenitum
3410 1146 3476 1185 ex
3493 1133 3657 1187 initio

2081 1229 2226 1283 facta
2266 1237 2370 1294 est,
2418 1228 2685 1299 unigeniti
2719 1242 2849 1281 vero
2897 1226 3246 1295 omnipotens
3292 1224 3434 1279 Deus
3483 1230 3657 1293 caput

2079 1330 2184 1387 est,
2219 1338 2314 1392 per
2352 1337 2512 1391 quem
2548 1322 2640 1374 tali
2671 1320 2887 1384 ordine,
2933 1326 2991 1373 ut
3022 1332 3185 1388 supra
3216 1316 3483 1379 diximus,
3530 1330 3659 1384 per-

2082 1416 2302 1469 venitur
2333 1413 2398 1467 ad
2433 1413 2670 1468 Patrem.
2694 1412 2831 1467 Cum
2868 1419 3047 1465 autem
3078 1408 3458 1479 perveneritis,
3493 1420 3662 1477 agno-

2083 1510 2218 1569 scite
2249 1508 2391 1561 hanc
2416 1523 2540 1562 esse
2569 1508 2908 1561 voluntatem
2938 1504 3082 1572 ejus,
3108 1511 3168 1557 ut
3198 1516 3294 1572 per
3317 1514 3509 1570 aquas,
3533 1513 3661 1568 qua:

2082 1602 2274 1672 prima:
2329 1600 2641 1657 creaturae"
2673 1606 2833 1660 sunt,
2880 1598 3062 1653 denuo
3118 1592 3505 1651 renascamini.
3546 1590 3661 1658 Qui

2086 1693 2230 1748 enim
2263 1699 2618 1763 regeneratus
2640 1690 2803 1746 fuerit
2834 1705 2931 1759 per
2960 1704 3181 1759 aquam,
3211 1687 3369 1742 bonis
3397 1685 3660 1756 operibus

2086 1785 2349 1856 repletus,
2398 1784 2574 1839 haeres
2630 1784 2863 1839 edicitur
2895 1783 3017 1851 ejus
3060 1796 3090 1834 a
3135 1795 3247 1851 quo
3288 1780 3341 1835 in
3397 1779 3659 1831 incorru-

2081 1880 2267 1949 ptione
2299 1884 2657 1947 regeneratus
2698 1884 2801 1931 est.
2836 1873 3068 1945 Propter
3096 1872 3267 1943 quod,
3300 1872 3509 1942 paratis
3536 1869 3663 1922 ani-

2081 1971 2189 2026 mis
2219 1969 2487 2033 accedite,
2521 1968 2679 2038 quasi
2718 1968 2815 2022 filii
2857 1967 2923 2021 ad
2954 1974 3185 2036 patrem,
3219 1972 3279 2018 ut
3305 1970 3531 2033 peccata
3564 1976 3664 2016 ve-

2083 2072 2196 2117 stra
2250 2060 2552 2124 diluantur,
2607 2069 2662 2116 et
2711 2075 2877 2116 causa
2929 2074 3118 2114 eorum
3175 2058 3289 2113 sola
3349 2054 3661 2125 ignorantia

2085 2152 2257 2209 fuisse
2290 2154 2549 2224 probetur
2579 2152 2723 2223 apud
2768 2151 2959 2208 Deum.
3003 2150 3137 2204 Nam
3170 2151 3214 2204 si
3259 2156 3383 2221 post
3424 2148 3664 2218 agnitio-

2082 2262 2207 2301 nem
2238 2247 2433 2300 horum
2465 2245 2798 2315 permanetis
2830 2245 2885 2298 in
2926 2243 3329 2305 incredulitate,
3360 2240 3519 2295 vobis
3542 2238 3662 2308 jam

2083 2338 2408 2411 perditionis
2439 2350 2635 2395 vestra:
2673 2353 2865 2402 causa,
2894 2344 2948 2392 et
2972 2353 3082 2390 non
3114 2334 3461 2406 ignorantiae,
3494 2347 3665 2401 repu-

2083 2434 2308 2488 tabitur.
2340 2431 2452 2487 Nec
2487 2433 2713 2503 putetis,
2756 2430 2903 2502 quod
2946 2430 3165 2484 etiamsi
3223 2442 3438 2481 omnem
3477 2426 3661 2494 pieta-

2082 2534 2192 2581 tem
2222 2527 2440 2590 colatis,
2469 2540 2795 2595 omnemque
2824 2522 3117 2593 justitiam,
3153 2520 3484 2588 baptismum
3524 2531 3664 2571 vero

2082 2635 2195 2675 non
2236 2620 2547 2690 accipiatis,
2580 2634 2731 2689 spem
2772 2616 2999 2687 possitis
3043 2614 3245 2668 habere
3281 2611 3424 2681 apud
3457 2608 3660 2675 Deum;

2084 2713 2194 2768 imo
2222 2712 2431 2782 majore
2469 2727 2630 2783 pmna
2666 2710 2815 2780 digni
2846 2708 3023 2775 eritis,
3059 2708 3151 2777 qui
3182 2706 3321 2759 bona
3350 2717 3520 2771 Opera
3549 2715 3662 2754 non

2082 2801 2221 2861 bene
2270 2805 2477 2873 operati
2517 2803 2674 2862 estis.
2724 2800 3022 2857 Confertur
3052 2799 3196 2853 enim
3247 2797 3505 2851 meritum
3554 2795 3663 2848 ho-

2084 2898 2221 2954 mini
2270 2914 2337 2953 ex
2374 2898 2534 2952 bonis
2576 2897 2778 2967 gestis;
2824 2894 2920 2951 sed
2964 2894 3011 2950 si
3054 2894 3129 2947 ita
3175 2898 3458 2963 gerantur,
3513 2889 3664 2942 sicut

2086 2989 2230 3048 Deus
2255 2992 2435 3061 jubet.
2467 2991 2610 3046 Deus
2642 2996 2821 3044 autem
2847 2988 3034 3059 jussit,
3059 3000 3273 3041 omnem
3303 2984 3575 3038 colentem
3601 2997 3664 3037 se

396 3084 642 3139 animum
674 3083 740 3137 ad
772 3082 1183 3138 discutiendum
1212 3084 1480 3139 noluistis
1513 3084 1834 3155 intendere;
1866 3104 1980 3143 cer-
2005 3078 2045 3134 C
2080 3085 2356 3156 baptismo
2404 3083 2738 3153 consignari.
2765 3082 2786 3113 ⁸
2809 3079 2964 3147 Quod
3006 3081 3051 3135 si
3086 3094 3186 3133 vos
3233 3076 3551 3141 renueritis,
3599 3082 3665 3129 ut

396 3184 511 3231 tum
548 3182 653 3240 est,
686 3176 814 3246 quia
854 3176 911 3230 in
943 3176 1224 3247 agnitione
1253 3175 1346 3231 Dei
1381 3176 1627 3247 impediti
1671 3180 1826 3244 estis,
1869 3197 1980 3237 non

395 3266 882 3340 impossibilitatis,
918 3268 1014 3324 sed
1050 3269 1281 3341 ignavia:
1311 3269 1481 3337 vitio;
1520 3285 1645 3324 nam
1685 3272 1731 3327 si
1773 3272 1981 3330 voluis-

397 3361 552 3425 setis,
576 3376 641 3416 ex
675 3360 763 3416 his
793 3360 930 3433 ipsis
954 3361 1245 3416 inutilibus
1279 3361 1591 3416 simulacris
1621 3362 1866 3437 profecto
1890 3381 1981 3421 ac—

397 3452 685 3525 cepissetis
737 3452 1112 3527 intelligentia:
1157 3453 1323 3509 viam.
1366 3453 1389 3484 ‘
1431 3452 1651 3509 Certum
1695 3464 1802 3519 est,
1853 3457 1979 3527 quia

400 3561 500 3619 per
530 3545 739 3601 ferrum
767 3545 908 3600 facta
941 3554 1071 3604 sunt
1098 3547 1426 3613 simulacra;
1460 3546 1663 3603 ferrum
1708 3564 1839 3603 vero
1886 3565 1980 3621 per

399 3639 579 3709 ignem
602 3638 918 3695 confectum
952 3646 1059 3703 est,
1092 3639 1185 3711 qui
1224 3638 1367 3709 ignis
1397 3654 1538 3709 aqua
1570 3641 1977 3715 exstinguitur;

400 3745 541 3800 aqua
573 3738 755 3785 autem
785 3744 883 3800 per
918 3730 1176 3803 spiritum
1210 3740 1483 3795 movetur,
1523 3732 1756 3801 spiritus
1797 3740 1975 3787 autem

400 3839 431 3878 a
470 3823 581 3879 Deo
628 3822 849 3877 initium
903 3822 1085 3880 habet.
1138 3821 1230 3878 Sic
1277 3822 1422 3877 enim
1458 3821 1600 3879 dixit
1627 3821 1805 3878 Moses
1842 3839 1976 3899 pro-

402 3917 612 3987 pheta:
647 3914 715 3970 In
756 3916 1014 3984 principio
1066 3914 1188 3987 fecit
1224 3914 1365 3969 Deus
1417 3916 1604 3969 emtum
1654 3926 1704 3970 et
1758 3926 1973 3972 terram.

402 4009 568 4065 Terra
594 4016 770 4062 autem
796 4016 910 4064 erat
939 4007 1217 4061 invisibilis
1259 4016 1307 4061 et
1340 4007 1708 4076 incomposita,
1738 4018 1789 4061 et
1839 4018 1978 4067 tene-

400 4101 509 4157 brat
541 4109 693 4156 erant
723 4114 878 4169 super
908 4099 1098 4169 faciem
1128 4098 1329 4168 abyssi.
1372 4109 1423 4155 et
1457 4100 1680 4168 spiritus
1729 4100 1828 4154 Dei
1856 4110 1974 4154 erat

398 4209 555 4265 super
583 4208 751 4264 aquas
782 4193 827 4246 ⁸.
873 4190 977 4261 Qui
1037 4191 1264 4263 spiritus
1306 4189 1399 4245 Dei
1443 4191 1625 4260 jussu,
1670 4193 1826 4261 quasi
1860 4193 1977 4264 ipsa

398 4303 597 4342 manus
644 4284 972 4349 conditoris,
1020 4284 1195 4339 lucem
1248 4285 1527 4355 separavit
1560 4300 1589 4338 a
1621 4286 1882 4349 tenebris,
1921 4294 1976 4341 et

2082 3184 2281 3232 vestra:
2315 3176 2586 3231 voluntati
2620 3174 2815 3245 magis,
2860 3188 3023 3243 quam
3056 3170 3185 3235 Dei,
3230 3168 3660 3239 obtemperetis;

2082 3270 2347 3324 contrarii
2377 3270 2495 3325 sine
2526 3268 2694 3323 dubio
2725 3274 2778 3322 et
2808 3265 3017 3319 inimici
3046 3264 3182 3319 estis
3212 3264 3482 3319 voluntati
3514 3264 3659 3333 ejus.

2084 3362 2191 3418 Sed
2221 3362 2404 3418 dicitis
2434 3358 2871 3425 fortasse-.Quod
2904 3357 3118 3413 confert
3158 3372 3314 3428 aqua:
3346 3356 3662 3427 baptismus

2082 3456 2150 3510 ad
2192 3454 2289 3510 Dei
2342 3454 2585 3509 cultum?
2633 3452 2819 3506 Primo
2868 3450 3125 3522 quidem,
3172 3451 3301 3521 quia
3360 3449 3506 3519 quod
3547 3448 3661 3504 Deo

2080 3548 2318 3620 placuit,
2373 3547 2651 3616 impletur.
2709 3542 2986 3609 Secundo,
3034 3542 3165 3613 quia
3218 3549 3544 3613 regenerato
3588 3556 3660 3596 ex

2082 3641 2261 3709 aquis,
2287 3650 2341 3694 et
2369 3637 2481 3693 Deo
2514 3644 2725 3699 renato,
2789 3635 3058 3706 fragilitas
3087 3634 3290 3704 prioris
3331 3633 3658 3699 nativitatis,

2078 3748 2201 3804 quae
2238 3732 2397 3786 vobis
2427 3746 2524 3801 per
2565 3728 2840 3783 hominem
2886 3727 3031 3781 facta
3075 3734 3181 3790 est,
3228 3733 3570 3796 amputatur,
3601 3734 3660 3781 et

2082 3826 2157 3878 ita
2198 3824 2419 3878 demum
2464 3821 2751 3891 pervenire
2792 3819 3043 3890 poteritis
3080 3818 3146 3873 ad
3187 3818 3464 3873 salutem:
3499 3818 3660 3872 aliter

2079 3915 2417 3987 impossibile
2446 3921 2550 3969 est.
2585 3912 2676 3967 Sic
2720 3912 2865 3967 enim
2915 3911 3074 3966 nobis
3127 3925 3251 3965 cum
3308 3916 3658 3966 sacramento

2078 4024 2242 4065 verus
2288 4006 2551 4079 propheta
2584 4012 2820 4060 testatus
2861 4011 2965 4069 est,
2997 4004 3186 4058 dicens
3213 4022 3226 4058 :
3255 4002 3443 4067 Amen,
3477 4018 3653 4067 amen,

2078 4100 2195 4154 dico
2232 4099 2394 4164 vobis,
2431 4099 2534 4153 nisi
2578 4099 2697 4169 quis
2736 4097 2905 4151 denuo
2956 4106 3170 4151 renatus
3215 4096 3373 4165 fuerit
3407 4110 3473 4150 ea:
3514 4112 3657 4168 aqua

2076 4195 2213 4257 viva,
2239 4210 2341 4246 non
2377 4190 2612 4245 introibit
2643 4196 2697 4243 in
2730 4206 2942 4260 regnum
2971 4189 3277 4244 caelorum’.
3314 4188 3378 4242 Et
3408 4189 3532 4245 ideo
3568 4204 3657 4245 ac-

2078 4288 2351 4343 celerate:
2385 4292 2471 4340 est
2501 4284 2645 4339 enim
2678 4284 2730 4336 in
2762 4283 2919 4352 aquis
2962 4283 3084 4337 istis
3120 4282 3498 4337 misericordia
3530 4283 3655 4351 ejus

401 4388 525 4451 post
555 4378 688 4433 illud
718 4377 994 4432 invisibile
1028 4377 1228 4431 coelum
1270 4375 1415 4431 istud
1451 4376 1662 4430 visibile
1693 4376 1971 4446 produxit,
2006 4413 2051 4470 Β
2077 4378 2325 4451 quaedam
2349 4416 2364 4441 ,
2414 4391 2536 4447 quae
2583 4391 2648 4430 ex
2699 4375 2852 4428 initio
2912 4373 3177 4442 ferebatur
3218 4390 3371 4443 super
3423 4391 3550 4440 eas;
3600 4386 3656 4430 et

400 4481 461 4527 ut
507 4472 792 4544 superiora
830 4470 1049 4541 quidem
1096 4469 1468 4523 habitaculum
1513 4469 1715 4525 faceret
1741 4471 1972 4540 angelis,

403 4567 663 4623 inferiora
694 4579 825 4619 vero
859 4560 1198 4616 hominibus.
1240 4559 1476 4635 Propter
1514 4576 1612 4616 vos
1641 4576 1772 4631 ergo
1811 4560 1975 4630 jussu

403 4659 523 4725 Dei,
554 4673 718 4729 aqua,
762 4671 883 4727 quae
919 4662 1040 4710 erat
1072 4668 1238 4723 super
1267 4652 1461 4708 faciem
1495 4660 1679 4718 terra},
1725 4656 1974 4722 secessit,

405 4761 468 4808 ut
493 4761 642 4808 terra
670 4750 828 4805 vobis
857 4747 1184 4818 produceret
1212 4745 1445 4801 fructus.
1474 4743 1575 4800 Cui
1595 4746 1757 4800 etiam
1782 4747 1978 4801 humo-

406 4861 527 4907 rum
549 4858 718 4899 venas
739 4842 974 4896 latenter
999 4837 1252 4903 inseruit,
1280 4844 1340 4895 ut
1364 4838 1519 4891 vobis
1548 4852 1615 4891 ex
1642 4852 1707 4892 ea
1740 4838 1977 4909 proﬂua-

406 4946 530 4995 rent
560 4936 739 4990 fontes
765 4940 820 4988 et
848 4930 1092 4985 flumina.
1116 4928 1348 5005 Propter
1378 4945 1476 4983 vus
1510 4929 1807 5003 producere
1823 4931 1979 5000 jussa

406 5039 494 5091 est
520 5025 841 5091 animantia,
871 5032 926 5079 et
957 5022 1140 5079 omnia
1178 5037 1300 5092 qua:
1319 5029 1502 5077 vestro
1534 5023 1657 5076 usui
1687 5023 1980 5076 voluntati-

407 5140 515 5196 que
542 5119 831 5177 servirent.
855 5117 1052 5170 Annon
1082 5125 1303 5186 propter
1330 5130 1426 5169 vos
1465 5116 1611 5169 venti
1644 5116 1874 5186 spirant,
1920 5126 1980 5171 u:

409 5233 474 5272 ex
506 5213 643 5286 ipsis
672 5208 992 5281 concipiens
1025 5207 1237 5262 fructus
1274 5207 1434 5261 vobis
1486 5215 1632 5260 terra
1676 5209 1982 5278 parturiat?

409 5309 601 5364 Nonne
644 5311 868 5375 propter
898 5317 995 5355 vos
1044 5300 1247 5355 imbres
1288 5298 1587 5368 profluunt,
1631 5308 1686 5353 et
1736 5309 1981 5371 tempora

408 5397 820 5456 vicissitudines
845 5392 1107 5448 mutant?
1136 5390 1277 5447 Num
1299 5400 1522 5462 propter
1550 5406 1644 5447 vos
1672 5392 1754 5448 sol
1780 5393 1977 5461 oritur,

2077 4470 2327 4541 agnoscit
2354 4483 2449 4523 eos
2491 4468 2583 4536 qui
2622 4467 2972 4536 baptizantur
3005 4467 3109 4520 sub
3140 4467 3505 4536 appellatione
3553 4468 3656 4520 tri-

2075 4562 2235 4634 plicis
2278 4559 2639 4622 sacramenti,
2685 4566 2740 4612 et
2786 4559 2947 4628 eripit
2997 4574 3093 4612 eos
3133 4558 3201 4612 de
3243 4560 3530 4629 suppliciis
3564 4560 3655 4613 fu-

2075 4654 2239 4719 turis,
2269 4651 2425 4723 quasi
2460 4650 2664 4707 donum
2701 4651 2973 4720 quoddam
3007 4648 3240 4705 offerens
3285 4649 3397 4706 Deo
3442 4652 3655 4707 animas

2078 4760 2177 4816 per
2231 4743 2561 4814 baptismum
2630 4750 3007 4797 consecratas.
3062 4740 3357 4812 Coufugite
3409 4758 3541 4813 ergo
3584 4742 3657 4797 ad

2081 4851 2253 4906 aquas
2284 4836 2457 4889 istas:
2491 4834 2622 4889 sola:
2654 4841 2783 4891 sunt
2809 4834 2978 4895 enim,
3009 4849 3132 4903 qua:
3176 4835 3391 4903 possint
3424 4836 3531 4888 vim
3571 4836 3657 4889 fu-

2080 4930 2188 4982 turi
2221 4928 2362 4999 ignis
2392 4926 2742 4996 exstinguere
2770 4946 2783 4980 :
2818 4927 2884 4979 ad
2914 4942 3050 4995 quas
3081 4927 3175 4995 qui
3216 4935 3464 4980 moratur
3494 4942 3657 4981 acce-

2079 5022 2231 5085 dere,
2261 5027 2477 5074 constat
2506 5020 2561 5072 in
2595 5035 2660 5073 eo
2694 5018 2875 5072 adhuc
2917 5018 3257 5078 infidelitatis
3286 5018 3494 5073 idolum
3528 5034 3657 5088 per-

2081 5128 2325 5176 manere,
2356 5118 2410 5165 et
2450 5112 2518 5165 ab
2557 5111 2676 5179 ipso
2722 5110 2997 5180 prohiberi
3030 5110 3098 5164 ad
3134 5126 3309 5181 aquas
3355 5127 3656 5182 properare

2080 5219 2202 5273 quae
2238 5204 2472 5257 salutem
2511 5201 2825 5256 conferunt.
2862 5201 2988 5256 Sive
3016 5202 3161 5257 enim
3198 5204 3405 5273 justus.
3439 5206 3556 5259 sive
3582 5206 3654 5259 sit

2085 5295 2348 5364 injustus,
2390 5294 2695 5363 baptismus
2734 5294 2785 5347 ei
2816 5307 2915 5362 per
2956 5294 3137 5347 omnia
3167 5298 3513 5351 necessarius
3546 5305 3650 5353 est.

2084 5386 2243 5446 Justo
2274 5385 2515 5457 quidem,
2548 5392 2608 5439 ut
2650 5384 3012 5455 adimpleatur
3059 5386 3117 5449 in
3153 5402 3221 5441 eo
3266 5387 3550 5457 perfectio,
3598 5397 3652 5445 et

463 5602 511 5679 τί
538 5596 970 5679 Recoqnitionum
1002 5609 1215 5679 auctor,
1244 5602 1447 5658 rectius
1484 5620 1507 5679 εΔ
1522 5602 1745 5679 ferrati
1776 5606 2006 5679 ipsorum
2039 5624 2199 5662 causa
2243 5610 2549 5679 ignorantia
2580 5620 2677 5664 est.
2724 5608 3054 5671 HARDIMVUS.
3130 5610 3175 5641 ’⁸
3205 5609 3339 5667 Luc.
3377 5626 3540 5678 χχιιι,
3569 5610 3664 5666 54.

396 5665 442 5737 ξ’
461 5665 753 5737 _Recogn'it.
785 5669 1051 5723 debemus.
1082 5669 1416 5727 HARDUINUS.
1496 5675 1565 5705 ³⁸⁸
1593 5675 1750 5728 illud.

397 5734 422 5769 ⁵
449 5734 589 5794 Gen.
625 5734 666 5805 ἱ,
710 5740 761 5794 1.

1831 5678 2149 5750 ‘Jiecoguit.
2186 5678 2277 5743 Vt,
2310 5696 2359 5735 c.
2394 5681 2448 5735 6.
2525 5683 2545 5712 ²
2574 5682 2722 5750 quid.

838 5739 861 5773 '
883 5739 1154 5811 Recognit.
1184 5757 1260 5807 v1,
1294 5760 1343 5799 c.
1380 5746 1432 5797 8.
1511 5744 1530 5778 ⁷
1559 5757 1770 5805 creatur.
1845 5749 1867 5781 ⁸
1903 5749 1993 5805 Ret

2080 5752 2173 5805 nit.
2210 5739 2354 5821 vl,c.
2380 5752 2433 5807 9.
2510 5753 2531 5787 ’
2561 5739 2717 5809 J'uan.
2752 5767 2835 5819 ιιι,

2802 5684 2821 5712 ³
2863 5685 2972 5765 qui.
3051 5682 3072 5714 ⁸
3101 5680 3373 5751 Recognit.
3410 5697 3487 5749 Vt,
3521 5698 3571 5739 c.
3607 5683 3664 5738 6.
