3896 6174
236 270 346 327 505

1441 260 1802 319 EPISTOLAE
1835 260 2309 318 DECRETALES.

3385 254 3491 311 506

237 394 594 458 regeneretur
632 383 770 450 Deo;
799 382 1011 453 injuste
1038 395 1189 444 vero,
1216 386 1276 433 ut
1314 386 1666 449 peccatorum
1695 394 1817 448 qua:
1844 384 1892 440 Α
1918 377 2074 440 illud,
2123 377 2178 430 in
2216 390 2324 445 quo
2355 387 2507 428 mens
2543 370 2882 441 puriﬁcatur,
2916 368 3011 423 sed
3073 360 3217 437 quod
3273 368 3492 436 sequela

229 480 423 552 gessit,
454 477 711 532 remissio
744 474 1100 530 concedatur.
1131 472 1173 503 '°
1204 470 1473 527 Omnibus
1501 485 1632 540 ergo
1662 469 1817 525 festi-

230 572 480 628 nandum
503 577 608 632 est,
633 569 753 624 sine
778 582 933 621 mora
957 564 1172 620 renasci
1202 562 1336 623 Deo.
1358 570 1415 617 et
1440 562 1659 617 demum
1689 576 1818 615 con-

232 665 445 735 signari
496 664 565 717 ab
604 662 897 732 episcOpo,
944 658 1000 712 id
1037 666 1123 713 est
1172 654 1546 726 septiformem
1588 654 1817 723 gratiam

234 756 479 827 Spiritus
508 755 685 809 sancti
715 751 996 823 percipere
1020 748 1229 819 (50-31)
1247 788 1262 811 ,
1302 748 1432 819 quia
1459 748 1705 800 incertus
1733 753 1820 801 est

232 848 678 917 uniuscujusque
724 845 908 899 exitus
936 844 1080 899 vitae.
1112 842 1154 874 “
1186 840 1323 897 Cum
1364 847 1549 897 autem
1594 854 1820 908 regene-

231 952 391 998 ratus
423 941 593 996 fuerit
625 955 726 1009 per
775 953 999 1008 aquam,
1025 944 1080 993 et
1112 934 1462 1007 postmodum
1512 932 1819 1003 septiformi

235 1033 482 1104 Spiritus
528 1032 707 1103 gratia
739 1031 809 1085 ab
856 1030 1119 1099 episcopo
1166 1028 1251 1099 (ut
1299 1031 1665 1081 memoratum
1714 1023 1819 1093 est)

234 1128 625 1187 conﬁrmatus,
654 1124 784 1194 quia
826 1123 986 1177 aliter
1018 1120 1295 1192 perfectus
1318 1134 1442 1174 esse
1472 1116 1821 1173 Christianus

238 1232 596 1288 nequaquam
636 1215 861 1287 poterit,
893 1229 996 1269 nec
1040 1213 1225 1269 sedem
1267 1212 1469 1266 habere
1519 1211 1663 1265 inter
1692 1224 1819 1279 per-

234 1310 437 1372 fectos,
467 1308 517 1364 si
549 1323 665 1363 non
698 1308 1054 1370 necessitate,
1099 1303 1195 1361 sed
1249 1302 1463 1357 incuria
1502 1309 1593 1355 aut
1628 1302 1823 1356 volun-

232 1410 346 1457 tate
388 1402 723 1456 remanserit
767 1400 851 1471 (ut
899 1414 928 1452 a
973 1399 1135 1453 beato
1173 1395 1335 1451 Petro
1383 1396 1726 1465 accepimus,
1770 1401 1825 1449 et

232 1496 417 1550 caeteri
461 1495 641 1549 sancti
688 1492 958 1563 apostoli,
1010 1490 1364 1562 praecipiente
1412 1487 1667 1552 Domino,
1720 1487 1824 1541 do-

230 1587 517 1654 cuerunt),
544 1595 599 1639 et
626 1585 844 1639 demum
868 1600 935 1638 ex
966 1583 1226 1652 operibus
1260 1580 1418 1635 bonis
1468 1578 1724 1633 ostendat
1768 1579 1826 1632 in

234 1695 295 1734 se
321 1678 744 1733 similitudinem
772 1678 914 1746 ejus,
943 1676 1038 1747 qui
1076 1691 1199 1730 eum
1230 1674 1440 1745 genuit,
1466 1671 1666 1727 Patris.
1696 1671 1827 1727 Post

234 1770 355 1825 hac
392 1784 529 1825 vero
565 1777 832 1839 agnoscat
878 1768 1048 1823 Deum
1096 1768 1389 1821 honorare.
1428 1764 1615 1819 Honor
1646 1773 1827 1820 autem

232 1862 362 1931 ejus
395 1868 507 1924 est,
542 1868 605 1913 ut
643 1861 721 1915 ita
774 1860 946 1924 vivat,
993 1859 1138 1914 sicut
1185 1858 1302 1927 ipse
1347 1858 1492 1924 vult;
1521 1859 1637 1911 vult
1685 1858 1832 1911 enim

232 1967 695 2022 unumquemque
730 1951 807 2005 ita
837 1952 1042 2015 vivere,
1075 1960 1134 2004 ut
1159 1950 1514 2004 homicidium
1538 1956 1591 2003 et
1628 1949 1835 2004 adulte-

236 2046 389 2100 rium
420 2044 658 2107 nesciat,
685 2043 873 2098 odium
906 2052 961 2098 et
992 2044 1280 2097 avaritiam
1324 2042 1519 2113 fugiat,
1552 2041 1712 2109 iram,
1746 2058 1836 2097 su-

233 2136 522 2208 perbiam,
551 2136 878 2204 jactantiam
925 2142 1150 2205 respuat
1194 2142 1249 2190 et
1299 2142 1640 2201 exsecretur,
1691 2134 1835 2188 invi-

233 2229 390 2285 diam
439 2244 684 2299 quoque,
725 2236 780 2283 et
828 2235 1027 2283 caetera
1075 2228 1161 2283 his
1198 2227 1429 2291 similia,
1463 2227 1681 2298 penitus
1713 2243 1742 2280 a
1775 2242 1835 2283 se

220 2308 413 2375 ducat
446 2321 649 2375 aliena.
675 2320 772 2375 Est
805 2336 936 2376 sane
971 2320 1193 2391 propria
1230 2319 1478 2390 quaedam
1507 2326 1713 2373 nostra:
1747 2334 1835 2374 re-

236 2413 469 2484 ligionis
497 2412 868 2477 observantia,
893 2427 1015 2482 quae
1048 2426 1159 2465 non
1190 2422 1298 2465 tam
1330 2410 1628 2480 imponitur
1657 2411 1831 2465 homi-

236 2504 432 2569 nibus,
462 2518 630 2573 quam
662 2505 883 2573 proprie
913 2503 984 2557 ab
1028 2518 1359 2573 unoquoque
1394 2501 1564 2556 Deum
1596 2503 1831 2568 colente,

234 2610 418 2651 causa
447 2594 707 2665 puritatis
737 2595 1044 2666 expetitur;
1076 2594 1144 2649 de
1176 2593 1520 2649 castimoniae
1549 2592 1676 2647 dico
1703 2610 1836 2648 cau-

237 2689 376 2753 tela,
414 2688 576 2757 cujus
604 2688 817 2758 species
850 2689 1035 2742 multa:
1062 2694 1211 2742 sunt.
1246 2686 1353 2741 Sed
1402 2686 1603 2755 primo,
1648 2696 1707 2739 ut
1736 2685 1834 2740 ob-

240 2789 431 2836 servet
479 2780 889 2849 unusquisque,
936 2796 1007 2834 ne
1058 2786 1413 2833 menstruatae
1468 2779 1686 2834 mulieri
1730 2779 1833 2832 mi-

238 2881 508 2939 sceatur;
557 2876 663 2928 hoc
710 2873 858 2928 enim
904 2872 1242 2928 exsecrabile
1290 2870 1443 2924 ducit
1492 2871 1579 2925 lex
1632 2870 1724 2926 Dei
1766 2873 1830 2927 ".

240 2964 407 3031 Quod
431 2965 589 3019 silex
618 2964 685 3019 de
707 2965 796 3021 his
826 2980 935 3019 non
956 2965 1332 3019 admonuisset
1361 2979 1484 3028 nos,
1504 2971 1572 3025 aut
1599 2964 1766 3019 catuli
1788 2965 1832 2997 ³⁸

1916 470 1989 524 sit
2016 468 2164 523 illius
2191 468 2323 521 boni
2366 466 2489 529 hoc,
2520 465 2716 533 inquo
2750 478 2879 517 caro
2908 460 3153 513 diluitur.
3187 456 3280 512 Sic
3323 458 3493 522 enim,

1916 570 1971 615 et
2002 560 2264 630 magister
2295 567 2482 612 noster
2516 554 2784 625 quosdam
2828 552 3233 606 Pharismorum
3272 560 3325 605 et
3355 550 3494 604 scri-

1918 652 2135 715 barum,
2168 652 2263 721 qui
2294 650 2622 705 videbantur
2651 663 2774 703 esse
2814 646 3029 701 czeteris
3062 644 3338 707 meliores,
3373 651 3427 698 et
3462 657 3494 696 a

1917 745 2081 813 vulgo
2121 746 2380 815 separati,
2420 742 2754 814 increpabat,
2784 741 2973 794 dicens
3014 754 3111 793 eos
3147 737 3495 808 bypocritas;

1918 837 2049 905 quia
2098 852 2161 890 ea
2211 836 2554 891 solummodo
2607 849 2727 904 qum
2770 832 3085 891 hominibus
3145 828 3493 893 Videbantur,

1918 928 2312 997 puriﬁcabant;
2348 928 2517 983 corda
2562 944 2713 987 vero.
2746 942 2865 998 qua:
2911 927 3061 981 solus
3096 923 3238 978 Deus
3276 922 3494 991 aspicit,

1921 1021 2206 1090 inquinata
2262 1022 2647 1091 relinquebant
2694 1030 2749 1075 et
2800 1019 3041 1074 sordida.
3088 1015 3170 1069 Ad
3223 1012 3496 1085 quosdam

1920 1127 2050 1183 ergo
2080 1128 2146 1168 ex
2192 1114 2351 1183 ipsis,
2398 1128 2507 1167 non
2541 1111 2609 1165 ad
2650 1128 2862 1175 omnes,
2916 1109 3175 1165 dicebat:
3217 1107 3307 1161 Va:
3356 1105 3498 1160 vobis

1925 1206 2113 1261 scribae
2138 1217 2191 1261 et
2228 1207 2493 1260 Pharisazi
2527 1206 2837 1277 hypocritw,
2878 1206 3002 1276 quia
3046 1201 3316 1256 mundatis
3358 1198 3497 1269 quod

1922 1299 2119 1368 deforis
2160 1308 2237 1354 est
2268 1300 2450 1353 calicis
2486 1308 2534 1352 et
2581 1297 2900 1366 paropsidis,
2947 1298 3088 1350 intus
3127 1302 3299 1348 autem
3345 1294 3501 1361 plena

1923 1402 2046 1445 sunt
2085 1392 2352 1448 sordibus.
2398 1391 2669 1445 Phariswe
2712 1407 2876 1453 σακε,
2918 1387 3117 1441 munda
3164 1386 3312 1455 prius
3362 1383 3499 1455 quod

1924 1483 2065 1538 intus
2090 1493 2167 1539 est
2190 1500 2207 1538 :
2238 1494 2287 1539 et
2316 1484 2457 1555 quod
2482 1483 2679 1552 deforis
2709 1491 2808 1546 est,
2836 1483 2934 1536 erit
2964 1479 3216 1534 mundum
3244 1477 3285 1507 ¹⁶
3311 1479 3323 1530 ι
3360 1475 3501 1531 Vere

1925 1577 2094 1641 enim,
2128 1577 2175 1633 si
2222 1592 2375 1631 mens
2414 1576 2708 1630 mundetur
2750 1576 2871 1629 luce
2916 1572 3178 1636 scicntia),
3220 1586 3345 1623 cum
3382 1570 3501 1638 ipsa

1930 1665 2095 1721 fuerit
2146 1669 2349 1722 munda
2392 1683 2457 1721 ac
2494 1666 2801 1736 splendida,
2849 1674 2982 1719 tunc
3020 1667 3183 1720 etiam
3233 1664 3374 1733 ejus,
3408 1659 3503 1730 qui

1937 1760 2143 1815 deforis
2172 1768 2287 1825 est,
2330 1760 2567 1815 hominis
2608 1761 2725 1829 ipsa
2772 1759 3083 1815 necessario
3114 1771 3299 1811 curam
3340 1752 3501 1823 gerit,

1935 1851 1989 1905 id
2018 1860 2102 1907 est
2138 1852 2320 1906 carnis
2352 1867 2485 1915 suae,
2515 1859 2574 1904 ut
2601 1861 2653 1906 et
2680 1854 2796 1921 ipsa
2828 1850 3171 1922 puriﬁcetur.
3200 1848 3240 1878 ⁸⁷
3270 1846 3371 1900 Ubi
3405 1859 3505 1897 au—

1936 1953 2043 2000 tem
2088 1946 2215 2010 ista,
2258 1962 2378 2015 quae
2405 1946 2610 2001 deforis
2640 1953 2746 2011 est,
2781 1944 3090 2015 purificatio
3118 1941 3302 1995 carnis
3334 1938 3506 2008 negli-

1934 2035 2100 2110 gitur,
2127 2046 2337 2093 certum
2365 2044 2450 2092 est
2473 2052 2650 2107 neque
2674 2037 2740 2091 de
2770 2036 3009 2106 puritate
3039 2033 3240 2088 mentis
3266 2048 3327 2085 ac
3352 2045 3509 2085 mun-

1934 2135 2069 2190 ditia
2098 2132 2282 2189 cordis
2309 2147 2496 2186 curam
2542 2132 2678 2202 geri.
2718 2129 2795 2183 lta
2860 2144 2992 2199 ergo
3054 2128 3133 2192 ﬁt,
3186 2136 3247 2182 ut
3310 2127 3356 2182 is
3411 2126 3506 2198 qui

1934 2227 2269 2282 intrinsecus
2292 2226 2526 2279 mundus
2557 2234 2662 2290 est,
2690 2224 2987 2278 mundetur
3002 2223 3118 2278 sine
3146 2222 3312 2277 dubio
3341 2230 3393 2277 et
3412 2236 3508 2276 ex-

1934 2321 2228 2374 trinsecus.
2257 2316 2376 2372 Non
2415 2332 2628 2387 semper
2660 2327 2839 2372 autem
2875 2316 2942 2380 is,
2973 2316 3066 2385 qui
3096 2315 3393 2370 mundatur
3416 2329 3507 2369 ex.

1934 2414 2231 2476 trinsecus.
2270 2412 2435 2466 etiam
2468 2410 2800 2464 intrinsecus
2829 2408 3068 2462 mundus
3094 2417 3209 2471 est,
3252 2406 3509 2462 videlicet

1934 2522 2061 2561 cum
2102 2504 2213 2575 agit
2249 2503 2385 2567 huic,
2423 2510 2484 2557 ut
2514 2501 2828 2556 hominibus
2859 2500 3091 2569 placeat.
3118 2500 3162 2532 ¹⁸
3193 2498 3296 2554 Sed
3333 2506 3387 2554 et
3418 2498 3509 2551 illa

1934 2597 2146 2669 Species
2174 2595 2514 2651 castimoniae
2548 2593 2887 2649 observanda
2929 2602 3037 2656 est,
3076 2592 3155 2646 uti
3193 2608 3262 2647 ne
3304 2592 3509 2661 passim

1932 2698 1986 2744 et
2025 2688 2268 2743 libidinis
2299 2688 2471 2745 solius
2518 2702 2708 2751 causa,
2755 2701 2879 2740 cum
2923 2684 3139 2739 feminis
3180 2692 3332 2740 coeat
3364 2684 3509 2753 quis,

1933 2783 2028 2839 sed
2055 2782 2391 2852 posteritatis
2418 2780 2732 2850 reparandae
2761 2779 2965 2850 gratia;
3004 2794 3124 2848 quae
3165 2778 3512 2833 observantia

1933 2892 2058 2931 cum
2088 2876 2251 2931 etiam
2292 2877 2348 2928 in
2380 2874 2657 2928 nonnullis
2708 2873 3009 2942 pecudibus
3055 2874 3384 2936 inveniatur,
3419 2888 3514 2943 pu-

1933 2969 2084 3023 dorls
2132 2976 2252 3031 est,
2299 2966 2345 3021 si
2397 2981 2506 3020 non
2560 2966 2629 3020 ab
2686 2966 2998 3020 hominibus
3050 2966 3412 3021 rationalibus
3456 2974 3512 3021 et

242 3057 487 3114 libenter
533 3058 881 3114 volveremur
928 3058 983 3111 in
1034 3064 1277 3112 stercore
1314 3057 1376 3110 “.
1414 3055 1685 3113 Debemus
1724 3058 1821 3112 ali.
1854 3070 1897 3128 (ς
1930 3061 2100 3117 Deum
2133 3060 2437 3115 colentibus
2486 3059 2830 3116 observetur.
2880 3057 3021 3128 Ergo
3071 3074 3264 3114 omnes
3318 3074 3514 3129 pecca-

241 3150 382 3219 quid
414 3150 651 3219 amplius
682 3150 885 3205 habere
916 3149 1266 3213 animalibus,
1301 3157 1489 3219 utpote
1533 3150 1830 3206 rationales

246 3241 530 3305 homines,
570 3250 626 3297 et
666 3242 973 3299 cmlestium
1027 3258 1289 3298 sensuum
1341 3258 1594 3311 capaces,
1629 3243 1830 3314 quibus

248 3347 531 3389 summum
583 3333 827 3389 studium
877 3348 1001 3389 esse
1047 3333 1228 3396 debet,
1272 3334 1341 3387 ab
1373 3335 1523 3387 omni
1576 3335 1833 3405 inquina-

247 3432 440 3480 mento
463 3424 651 3480 cordis
681 3426 1078 3491 conscientiam
1110 3426 1412 3481 custodire.
1441 3426 1484 3457 “’
1510 3426 1719 3481 Bonum
1749 3434 1832 3482 est

250 3528 459 3585 autem,
498 3524 553 3572 et
585 3517 808 3586 puritati
840 3517 1197 3578 conveniens,
1230 3516 1395 3569 etiam
1441 3532 1641 3587 corpus
1691 3533 1835 3588 aqua

248 3607 487 3664 diluere.
530 3608 743 3663 Bonum
795 3624 925 3663 vero
975 3608 1121 3669 dico,
1168 3622 1279 3660 non
1331 3609 1488 3677 quasi
1531 3608 1836 3679 principale

253 3760 2479 3790 mm

1937 3162 2133 3208 verunt
2165 3161 2219 3207 et
2249 3158 2409 3221 egent
2438 3150 2642 3204 auxilio
2663 3148 2755 3204 Dei
2782 3149 2914 3221 (52).
2940 3149 3168 3221 Propter
3191 3152 3358 3224 quod,
3384 3151 3515 3207 cha-

1936 3244 2140 3300 rissimi
2162 3286 2176 3310 ,
2217 3243 2503 3299 sectamini
2559 3258 2773 3312 semper
2822 3243 3141 3297 charitatem
3163 3283 3176 3304 ,
3206 3252 3260 3297 et
3291 3243 3517 3299 aemula-

1939 3337 2074 3391 mini
2122 3337 2349 3391 meliora
2387 3343 2439 3390 et
2486 3335 2812 3404 spiritualia,
2850 3342 2905 3389 et
2936 3334 3190 3403 adjuvate
3233 3351 3333 3389 vos
3369 3334 3512 3388 invi-

1939 3444 2078 3493 cem,
2105 3437 2164 3482 ut
2189 3428 2299 3483 Deo
2329 3444 2542 3498 semper
2584 3428 2637 3481 in
2669 3427 2923 3481 omnibus
2952 3426 3167 3497 placere
3197 3428 3421 3482 valeatis
3446 3428 3509 3481 ¹⁹.

1942 3518 2137 3576 Amen.

1502 3885 2087 3979 EPISTOLA
2161 3892 2277 3982 V.

257 4151 334 4205 De
377 4146 643 4203 communi
685 4144 791 4197 vita
818 4152 867 4196 et
911 4145 1126 4209 reliquis
1174 4144 1372 4205 causis,
1407 4144 1519 4197 suis
1565 4143 1840 4212 discipulis

426 4218 649 4286 scripta,
682 4213 1284 4287 Hierosolymitanisque
1305 4216 1509 4267 directa
1536 4215 1671 4284 (55).

326 4329 715 4387 Dilectissimis
748 4327 1014 4383 fratribus
1047 4337 1100 4384 et
1130 4330 1548 4400 condiscipulis,
1582 4329 1841 4384 Hieroso-

253 4426 423 4499 lymis
463 4439 590 4479 cum
625 4420 953 4475 charissimo
980 4421 1145 4475 fratre
1165 4421 1369 4478 Iacobo
1393 4424 1719 4495 coepiscopo
1748 4425 1842 4481 ha-

254 4516 589 4577 bitantibus,
614 4512 867 4568 CLEMENS
894 4513 1206 4584 episcopus.

2018 4148 2339 4204 Communis
2357 4151 2401 4183 ὀ
2433 4151 2565 4213 vita,
2592 4150 2809 4211 fratres,
2829 4148 3082 4203 omnibus
3102 4148 3409 4203 necessaria
3428 4156 3512 4204 est

1946 4248 2001 4297 et
2030 4243 2267 4296 maxime
2299 4242 2384 4297 his
2424 4244 2517 4313 qui
2549 4242 2659 4297 Deo
2691 4239 3247 4309 irreprehensibiliter
3276 4240 3513 4297 militare

1870 4364 1920 4423 D
1946 4333 2194 4403 cupiunt,
2222 4340 2277 4387 et
2304 4334 2471 4387 vitam
2515 4334 2910 4405 apostolorum,
2942 4347 3239 4401 eorumque
3270 4332 3516 4403 discipu-

1951 4425 2127 4479 lorum
2164 4426 2366 4480 imitari
2398 4427 2608 4481 volunt.
2635 4426 2675 4455 "
2706 4423 3025 4479 Communis
3054 4424 3199 4477 enim
3236 4440 3367 4478 usus
3396 4440 3516 4478 om—

1950 4517 2126 4584 nium,
2157 4534 2279 4589 qua:
2313 4527 2441 4573 sunt
2472 4520 2526 4570 in
2570 4518 2672 4571 hoc
2709 4515 2936 4579 mundo,
2968 4514 3221 4568 omnibus
3265 4527 3388 4569 esse
3416 4515 3516 4571 ho-

332 4635 378 4665 "
406 4629 572 4684 Siric.
602 4643 689 4698 ep.
710 4625 974 4699 l,__i_nitio.
1017 4628 1055 4657 “
1074 4626 1391 4699 Recogn.v11
1408 4643 1457 4681 c.
1483 4626 1571 4699 10.
1615 4626 1657 4657 ¹²
1684 4625 1857 4685 Levit.
1896 4645 2054 4685 xvm.
2090 4631 2133 4662 ¹³
2164 4632 2521 4697 cantharides,
2542 4632 2650 4699 imo
2678 4630 2943 4694 cant/rari,
2972 4636 3032 4682 ut
3059 4629 3195 4683 bene
3211 4626 3516 4699 Inrrianus

255 4722 325 4760 ex
349 4701 542 4757 Graeco
564 4696 867 4767 codicelib.
894 4712 947 4757 v,
980 4712 1101 4767 cap.
1124 4699 1213 4751 2M.

302 4886 317 4899 .
348 4842 405 4904 1,
430 4839 699 4893 Dilectiss.
739 4834 1021 4906 fratribus.

307 4916 540 4968 lemens.

335 5006 354 5069 ι
360 5003 555 5069 30-51)
597 5000 673 5057 De
700 4996 1113 5055 conﬁrmatione
1142 4994 1404 5068 loquitur.

334 5068 450 5148 (39.)
490 5061 628 5143 Ergo
649 5087 825 5148 omnes
861 5061 1232 5148 peccaverunt,—
1261 5061 1525 5148 θεοί.ιῆωο
1562 5062 1842 5148 conclusio

260 5132 608 5203 caiuniniose
650 5132 1067 5210 reprehenditur
1102 5135 1191 5210 ab_
1214 5134 1482 5210 hazretieis
1518 5151 1530 5186 :
1574 5132 1649 5185 ita
1695 5132 1839 5210 enim

262 5202 495 5274 sanctus
523 5202 776 5267 Clemens
809 5211 928 5279 (aut
972 5205 1065 5279 qui
1109 5205 1212 5279 sub
1258 5205 1379 5273 ejus
1428 5216 1663 5279 persona
1705 5202 1846 5256 deli-

264 5285 456 5353 tescit)
489 5274 904 5354 argumentatur
929 5296 951 5354 :_
980 5274 1039 5330 Si
1068 5276 1209 5354 ratio
1238 5276 1505 5354 naturalis
1535 5282 1589 5354 et
1621 5274 1705 5327 lex
1746 5286 1843 5325 co-

262 5342 416 5413 lendi
440 5342 614 5408 'Deuin
640 5367 752 5405 non
785 5349 982 5406 snlIicit
1018 5345 1084 5400 ad
1115 5344 1508 5401 observandam
1543 5342 1684 5395 hanc
1717 5358 1842 5411 spe-

263 5430 408 5483 ciem
433 5422 728 5484 castitatis,
763 5435 926 5491 quam
955 5416 1213 5491 pecudes,
1245 5416 1363 5471 sine
1400 5415 1609 5491 ratione
1643 5421 1696 5466 et
1726 5413 1842 5491 lege

262 5504 483 5554 natura:
510 5483 1039 5550 instinctu-servant,
1067 5496 1120 5541 et
1150 5487 1226 5540 ita
1254 5485 1548 5539 mutabiles
1586 5494 1711 5537 sunt
1743 5483 1845 5554 ho-

264 5552 480 5631 mines;
509 5565 759 5632 sequitur
786 5574 981 5632 omnes
1003 5572 1127 5632 esse
1174 5561 1595 5632 peceatorestet
1640 5552 1845 5632 auxilio

266 5636 372 5691 Dei
418 5624 607 5705 egere,
625 5632 717 5705 ad
764 5632 905 5686 bene
936 5624 1245 5705 vivendum.
1294 5627 1414 5692 Quo
1456 5624 1608 5705 nihil.
1638 5624 1843 5705 verius,

268 5706 411 5763 nihil
450 5693 740 5768 subtilius,
785 5716 887 5755 nec
936 5697 1003 5754 ad
1056 5712 1171 5755 rem
1215 5695 1685 5757 accommodatius
1734 5693 1847 5748 dici

268 5777 472 5847 potuit.
503 5774 628 5833 Sev.
657 5772 862 5832 Βιιιιυε.

1294 4698 1337 4727 ίδ
1370 4696 1525 4751 Deest
1556 4697 1669 4751 hac
1693 4701 2032 4767 comparatio
2063 4700 2117 4753 in
2148 4716 2197 4755 c.
2221 4702 2364 4757 Just.

254 4775 350 4829 25.
430 4772 473 4802 ’⁷
508 4768 631 4823 Haec
660 4769 727 4821 ab
756 4765 1255 4839 flemerobaptistis
1279 4767 1546 4839 Ebionitis
1575 4768 1776 4839 inserta
1806 4765 1897 4839 qq.
1919 4770 2191 4823 videntur.
2271 4774 2314 4803 ¹⁸
2337 4768 2565 4838 Recogn.
2594 4784 2670 4833 VI,
2689 4786 2741 4823 c.
2765 4770 2853 4825 12.

2442 4695 2841 4764 ισ“1ἰεεοθη.ιί,
2879 4715 2929 4755 c.
2977 4698 3062 4753 Η.
3143 4698 3515 4765 ¹⁶Μειιιιι.25;

2445 4783 2565 4824 oan.
2594 4770 2853 4824 vr.c.i2.
2931 4768 3287 4824 "lComuv.
3366 4772 3511 4824 ³⁸12.

3081 4784 3161 4823 or.
3178 4785 3287 4825 xuv.
3366 4784 3511 4835 "1'2,

1131 4841 1173 4869 ²¹
1216 4836 1607 4892 Faustinianus
1656 4838 1770 4891 haec
1814 4836 1949 4893 dicit
1999 4840 2093 4894 lib.
2138 4857 2190 4894 ιιι
2236 4836 2524 4913 Βεεοςηί,
2587 4856 2642 4910 p.
2682 4840 2820 4905 138,
2868 4855 2990 4910 quae
3041 4839 3239 4894 refellit
3289 4841 3516 4910 ipsemet

2019 4998 2132 5079 (δῇ)
2172 4998 2297 5079 Περίο
2324 5003 2555 5079 epistola
2603 5003 2878 5079 encyclica
2907 5010 3018 5068 est;
3050 5002 3130 5055 sic
3173 5000 3337 5067 dicta,
3371 5003 3515 5072 quod

1947 5070 2203 5149 omnibus
2232 5070 2494 5149 Ecclesiis
2525 5070 2834 5149 communis
2880 5081 3056 5149 esset,
3081 5079 3153 5149 _et
3189 5087 3284 5142 per
3318 5070 3514 5149 manus

1946 5141 2177 5208 singulis
2233 5142 2463 5207 tradita,
2518 5143 2836 5198 universum
2889 5141 3261 5197 Christianum
3325 5144 3513 5195 urbem

1945 5211 2279 5267 circumiret.
2310 5211 2532 5268 Diversa
2564 5223 2742 5267 tamen
2770 5220 2854 5269 est
2885 5213 2953 5267 ab
2990 5212 3081 5265 illa
3109 5211 3405 5282 encyclica,
3452 5210 3513 5282 in

1942 5296 2051 5350 qua
2089 5282 2393 5353 virginitas,
2431 5290 2569 5339 teste
2608 5282 2874 5353 Epiphan.
2904 5282 3095 5336 haeresi
3128 5280 3225 5345 30,
3250 5280 3516 5353 deprazdi-

1943 5359 2063 5424 cata
2080 5351 2202 5415 fuit,
2222 5370 2449 5424 quaeque
2476 5370 2576 5410 suo
2593 5351 2979 5424 tempore,quo
3006 5353 3214 5424 integra
3240 5352 3512 5424 exstabat,

1947 5423 2001 5477 in
2032 5420 2543 5487 sanctis-Ecclesiis,
2578 5431 2637 5477 ut
2667 5420 2761 5488 ait,
2795 5420 3072 5492 legebatur
3102 5420 3290 5475 {sicut
3332 5420 3511 5492 etAilla

1948 5510 2069 5563 qua:
2110 5495 2176 5549 ad
2222 5494 2534 5549 Corinthios
2562 5494 2765 5563 scripta
2809 5488 2929 5547 fuit.
2974 5492 3144 5563 Cujus
3173 5498 3351 5563 autem
3388 5488 3515 5543 ﬁdei

1948 5560 2013 5619 ac
2045 5567 2316 5620 firmitatis
2348 5567 2457 5621 sint
2489 5566 2570 5619 lue
2630 5560 2871 5634 quinque
2899 5560 3065 5616 titulo
3084 5560 3510 5634 Clementis‘no-

1950 5637 2238 5697 tatre,vidc
2262 5636 2593 5690 Turrianum
2642 5628 2735 5691 ιιι).
2782 5628 2852 5701 it,
2902 5633 3151 5689 aduersus
3186 5628 3510 5702 Magdebur-

1948 5724 2148 5779 genses.
2184 5706 2307 5765 ch.
2335 5707 2520 5765 Βιιιιυε
