3896 6174
385 163 487 223 5οἹ

1231 160 1289 218 S.
1324 162 1721 222 CLEMENTIS
1753 168 1773 223 Ι
1810 166 1977 224 ROM.
2013 167 2220 224 PONT.
2258 165 2488 223 OPERA
2546 165 2778 226 DUBIA.

3532 165 3650 224 508

388 280 632 337 minibus
684 278 915 348 debuit;
962 279 1057 337 sed
1109 295 1207 351 per
1258 280 1606 351 iniquitatem
1660 284 1804 341 alius
1862 285 1965 340 hoc
1998 294 2040 347 Α
2075 293 2379 340 vestrarum
2405 284 2664 354 partium,
2692 282 2992 338 secundum
3020 282 3297 353 ingenium
3337 279 3661 349 hominum,

389 389 549 446 suum
581 388 704 430 esse
732 371 887 439 dixit,
920 381 974 429 et
1004 372 1145 429 alius
1167 372 1322 437 illud,
1344 381 1399 428 et
1430 373 1512 428 sic
1537 375 1681 429 inter
1708 377 1970 432 mortales

392 465 536 521 facta
576 465 775 521 divisio
820 472 926 521 est.
972 464 1215 536 Denique
1264 463 1579 521 Grmcorum
1614 467 1838 537 quidam
1882 482 1973 524 sa-

391 560 769 633 pientissimus
790 561 857 626 ",
888 559 1003 614 haec
1035 559 1109 613 ita
1134 558 1316 613 sciens
1347 572 1495 623 esse,
1525 558 1601 611 ait
1624 557 1971 613 :Communia

390 650 575 707 debere
604 667 715 706 esse
753 652 1045 705 amicorum
1087 651 1267 704 omnia
1288 649 1359 716 ’³,
1391 658 1440 703 et
1481 652 1619 703 sicut
1666 667 1769 704 non
1798 662 1969 721 potest

394 744 615 816 (inquit)
644 744 809 799 dividi
836 760 950 809 aer,
988 761 1150 815 neque
1178 742 1425 813 splendor
1467 744 1621 807 solis,
1655 744 1733 798 ita
1765 762 1857 799 nec
1888 762 1970 800 re-

395 839 541 910 liqua
580 855 697 910 qua!
726 838 1072 893 communiter
1104 838 1159 891 in
1193 837 1290 892 hoc
1326 838 1523 891 mundo
1566 838 1805 893 omnibus
1842 836 1973 891 data

394 941 517 985 sunt
562 930 631 985 ad
672 929 991 994 habendum,
1020 928 1186 984 diuidi
1231 928 1438 995 debere,
1474 929 1563 983 sed
1594 928 1837 984 habenda
1863 945 1974 983 esse

396 1024 715 1077 communia.
748 1020 903 1081 Unde
934 1030 988 1077 et
1022 1022 1284 1078 Dominus
1314 1037 1411 1093 per
1440 1022 1762 1093 prophetam
1796 1021 1974 1093 loqui-

397 1124 507 1178 tur,
541 1115 769 1170 dicens:
803 1114 937 1170 Ecce
966 1132 1125 1185 quam
1169 1114 1360 1168 bonum
1400 1123 1449 1169 et
1486 1131 1645 1185 quam
1675 1114 1974 1183 jucundum

395 1206 636 1262 habitare
665 1207 861 1277 fratres
894 1207 947 1260 in
979 1222 1148 1260 unum
1171 1207 1239 1263 “.
1282 1205 1447 1263 Istius
1481 1207 1627 1265 enim
1677 1217 1975 1265 consuetu-

396 1299 541 1356 dinis
570 1316 719 1355 more
748 1306 982 1366 retento,
1009 1299 1172 1354 etiam
1203 1300 1459 1371 apostoli,
1484 1316 1785 1373 eorumque
1812 1299 1975 1357 disci-

396 1393 533 1462 puli,
559 1400 619 1447 ut
648 1391 964 1463 praedictum
1022 1399 1128 1455 est,
1154 1408 1263 1446 una
1295 1393 1582 1449 nobiscum
1604 1404 1655 1449 et
1689 1393 1974 1449 vobiscum

395 1500 741 1540 communem
789 1484 951 1538 vitam
1002 1483 1229 1540 duxere.
1280 1483 1434 1541 Unde
1473 1484 1555 1557 (ut
1604 1486 1741 1541 bane
1777 1486 1972 1559 nostis)

394 1586 510 1629 erat
550 1576 905 1630 multitudinis
950 1592 1133 1630 eorum
1180 1593 1271 1630 cor
1316 1594 1479 1631 unum
1506 1586 1555 1632 et
1604 1579 1786 1633 anima
1823 1594 1974 1633 una:

396 1684 489 1721 nec
523 1668 801 1738 quisquam
833 1683 1013 1721 eorum
1044 1677 1136 1721 aut
1164 1677 1426 1733 nostrum,
1452 1668 1515 1723 de
1544 1669 1624 1724 his
1653 1688 1771 1741 quae
1804 1671 1977 1741 possi—

395 1759 571 1824 debat,
616 1759 818 1831 aliquid
848 1777 1003 1815 suum
1031 1778 1143 1815 esse
1174 1761 1403 1828 dicebat,
1446 1761 1536 1818 sed
1574 1765 1752 1818 omnia
1780 1763 1892 1820 illis
1927 1774 1977 1820 at

395 1852 544 1909 nobis
575 1862 727 1907 erant
755 1853 1075 1914 communia,
1100 1870 1191 1906 nec
1218 1854 1496 1925 quisquam
1518 1871 1671 1925 egens
1702 1865 1817 1911 erat
1844 1856 1980 1911 inter

394 1962 511 2001 nos.
549 1943 740 2000 Omnes
775 1954 971 2009 autem,
999 1944 1090 2015 qui
1116 1944 1299 1999 domos
1331 1947 1408 2000 vel
1426 1963 1583 2017 agros
1605 1949 1970 2018 possidebant,

396 2036 683 2091 vendebant
713 2052 821 2100 eos,
856 2045 905 2089 et
932 2037 1103 2105 pretia
1131 2053 1335 2102 eorum,
1363 2048 1412 2091 et
1459 2039 1690 2109 reliquas
1733 2058 1815 2097 res
1845 2060 1978 2113 quas

395 2128 688 2194 habebant,
719 2128 1040 2199 afferebaut,
1077 2140 1324 2198 ponentes
1359 2140 1481 2186 ante
1512 2132 1665 2202 pedes
1711 2135 1980 2204 apostolo-

395 2237 514 2274 rum
534 2221 598 2288 ",
614 2220 757 2276 sicut
782 2222 1068 2278 nobiscum
1085 2223 1307 2293 quidam
1323 2233 1568 2280 vestrum
1601 2234 1978 2297 cognoverunt

396 2323 450 2370 et
476 2313 729 2369 viderunt
754 2333 766 2370 :
799 2322 847 2369 et
870 2314 1173 2370 dividebant
1204 2316 1455 2387 singulis,
1473 2330 1630 2387 prout
1648 2320 1977 2391 cuiqueopus

394 2416 530 2463 erat.
561 2405 803 2463 Ananias
835 2414 1038 2473 autem,
1085 2408 1169 2463 vir
1203 2417 1488 2472 austerus,
1526 2418 1581 2466 et
1634 2407 1905 2482 Sapphira
1933 2413 1979 2446 “

396 2515 537 2557 uxor
567 2499 689 2569 ejus
712 2499 779 2565 '7,
811 2498 907 2571 qui
956 2499 1169 2554 mentiti
1218 2507 1348 2557 sunt
1379 2501 1647 2571 apostolis
1695 2502 1762 2559 de
1800 2504 1979 2575 pretio

397 2608 655 2664 agrorum
686 2607 935 2660 suorum,
958 2607 1098 2662 quos
1126 2580 1508 2661 vendiderant,
1542 2595 1702 2651 nobis
1734 2612 1980 2667 prmscn-

397 2684 544 2741 tibus
572 2683 649 2752 ",
682 2683 738 2738 in
785 2692 1087 2755 conspectu
1133 2684 1383 2741 omnium
1418 2687 1918 2755 circumstantium,
1949 2705 1981 2745 a

396 2782 697 2846 conSpectu
734 2782 1142 2847 apostotorum,
1195 2786 1419 2849 propter
1452 2788 1738 2849 peccatum
1789 2798 1979 2837 eorum

396 2877 453 2925 et
481 2867 830 2925 mendacium
870 2868 1017 2940 quod
1072 2870 1349 2937 fecerunt,
1394 2874 1598 2927 mortui
1636 2873 1803 2929 delati
1851 2886 1981 2931 sunt

2072 392 2137 432 ex
2171 377 2259 433 bis
2304 391 2426 446 qua:
2471 376 2691 446 legunt,
2732 374 3242 431 verisimilitudines
3287 372 3517 443 capiunt
3548 392 3562 427 :
3592 381 3656 427 et

2073 469 2196 525 ideo
2234 468 2525 540 diligenter
2567 468 2968 524 observandum
3011 477 3115 530 est,
3158 476 3219 521 ut
3248 467 3335 523 lex
3369 465 3489 531 Dei,
3525 480 3657 520 cum

2072 561 2292 633 legitur,
2344 576 2457 616 non
2504 560 2807 616 secundum
2855 561 3133 633 propriam
3190 560 3396 631 ingenii
3448 558 3659 614 intelli-

2074 654 2310 723 gentiam
2365 653 2579 723 legatur
2628 653 2714 708 vel
2769 652 3054 707 doceatur.
3103 651 3243 707 Sunt
3283 651 3431 707 enim
3479 649 3657 704 multa

2073 746 2239 801 verba
2282 744 2339 799 in
2379 742 2681 816 Scripturis
2711 744 2945 809 divinis,
2986 759 3109 815 qua:
3140 750 3371 814 possunt
3398 742 3547 797 trahi
3584 741 3659 795 ad

2073 852 2200 893 eum
2232 837 2277 870 ³⁸
2335 853 2599 902 sensum,
2643 853 2808 908 quem
2878 836 2982 893 sibi
3029 836 3408 906 unusquisque
3456 840 3660 904 sponte

2075 930 2448 1001 praesumpsit,
2491 930 2585 986 sed
2620 930 2737 985 ﬁeri
2767 946 2879 984 non
2922 936 3159 1001 Oportet.
3186 927 3306 983 Non
3347 928 3494 984 enim
3525 941 3660 982 sen-

2076 1038 2195 1078 sum
2222 1038 2383 1093 quem
2407 1023 2751 1078 extrinsecus
2771 1021 3106 1086 adulterctis,
3133 1020 3371 1075 alienum
3394 1024 3449 1074 et
3475 1025 3660 1073 extra.

2075 1130 2237 1170 neum
2261 1113 2472 1169 debetis
2496 1129 2764 1184 quaerere,
2795 1121 2889 1168 aut
2917 1111 3195 1184 quomodo
3215 1112 3261 1144 "'
3292 1112 3474 1182 ipsum
3501 1108 3661 1164 Scri-

2076 1215 2364 1278 pturarum
2420 1206 2749 1261 auctoritate
2808 1206 3181 1272 conﬁrmetis;
3237 1204 3333 1259 sed
3382 1218 3449 1257 ex
3515 1202 3660 1272 ipsis

2079 1298 2383 1370 Scripturis
2414 1314 2636 1354 sensum
2667 1312 2865 1367 capere
2891 1298 3162 1353 veritatis.
3195 1294 3260 1349 Et
3284 1294 3407 1350 ideo
3436 1300 3662 1364 oportet

2076 1393 2146 1449 ab
2175 1407 2241 1448 eo
2272 1392 2686 1463 intelligentiam
2713 1390 2927 1446 discere
2956 1388 3386 1460 Scripturarum,
3411 1387 3504 1456 qui
3534 1400 3661 1439 eam

2077 1500 2109 1539 a
2155 1484 2496 1554 majoribus,
2545 1482 2845 1538 secundum
2899 1484 3180 1538 veritatem
3235 1478 3338 1536 sibi
3398 1477 3664 1532 traditam

2077 1578 2318 1634 servavit
2360 1584 2422 1633 ut
2464 1585 2519 1633 ct
2551 1577 2670 1648 ipse
2718 1577 2895 1648 possit
2920 1589 3005 1641 ea,
3046 1590 3169 1648 qua:
3205 1583 3354 1632 recte
3389 1571 3664 1640 suscepit,

2080 1676 2459 1741 competenter
2490 1682 2762 1724 asserere.
2807 1666 2943 1724 Cum
2987 1668 3133 1723 enim
3162 1682 3231 1722 ex
3268 1666 3470 1722 divinis
3506 1661 3668 1717 Scri-

2080 1768 2258 1834 pturis
2305 1762 2573 1833 integram
2605 1760 2732 1831 quis
2773 1767 2830 1816 et
2876 1759 3087 1813 ﬁrmam
3117 1759 3362 1831 regulam
3407 1756 3668 1812 veritatis

2055 1847 2406 1924 susceperit,
2450 1851 2750 1909 absurdum
2789 1866 2901 1908 non
2930 1851 3058 1917 erit,
3082 1852 3130 1906 si
3160 1849 3366 1921 aliquid
3394 1850 3559 1903 etiam
3592 1863 3667 1902 ex

2080 1947 2391 2004 eruditione
2440 1946 2719 2002 communi
2768 1960 2835 2000 ac
2882 1945 3201 2000 liberalibus
3251 1941 3491 2008 studiis,
3534 1956 3669 2013 qua:

2080 2042 2222 2097 forte
2271 2042 2326 2095 in
2375 2040 2611 2113 pueritia
2662 2039 2876 2110 attigit,
2909 2038 2978 2093 ad
3028 2038 3387 2094 assertionem
3415 2034 3530 2089 veri
3558 2035 3671 2088 do-

2080 2134 2279 2207 gmatis
2306 2133 2583 2199 conferat;
2631 2131 2708 2186 ita
2754 2138 2961 2197 tamen,
2990 2138 3051 2186 ut
3101 2131 3197 2186 ubi
3246 2144 3376 2185 vera
3429 2126 3667 2190 didicit,

2081 2226 2218 2282 falsa
2253 2235 2307 2281 et
2354 2224 2612 2279 simulata
2672 2222 2931 2279 declinet.
2972 2224 3017 2254 ³⁵
3061 2220 3334 2277 Incertum
3383 2228 3470 2275 est
3514 2218 3670 2274 enim

2079 2322 2243 2374 etiam
2269 2317 2565 2388 juvenibus
2596 2316 2723 2372 vitae
2772 2324 3009 2387 tempus,
3058 2315 3284 2371 senibus
3332 2319 3517 2367 autem
3544 2310 3670 2381 jam

2080 2428 2183 2469 nec
2213 2413 2484 2467 incertum
2515 2418 2634 2476 est;
2666 2423 2779 2463 non
2801 2407 2949 2463 enim
2982 2406 3287 2471 dubitatur,
3318 2406 3450 2476 quin
3483 2418 3675 2475 quan-

2082 2516 2421 2575 tumcunque
2454 2510 2541 2559 est
2583 2502 2731 2574 quod
2761 2508 2987 2571 putatur
3017 2514 3336 2571 superesse,
3369 2499 3536 2553 breve
3565 2498 3668 2552 sit.

2081 2598 2148 2653 Et
2192 2598 2316 2655 ideo
2345 2605 2455 2653 tam
2489 2596 2725 2666 juvenes
2766 2609 2930 2668 quam
2961 2610 3122 2650 senes
3153 2601 3369 2665 oportet
3413 2592 3483 2647 de
3526 2605 3673 2645 con-

2081 2690 2335 2750 versione
2360 2697 2415 2745 et
2444 2688 2761 2762 pmnitentia
2796 2688 2951 2744 valde
2987 2702 3109 2743 esse
3140 2686 3426 2751 sollicitos,
3456 2689 3512 2739 et
3542 2689 3638 2738 sat
3656 2711 3673 2723 -

2082 2801 2243 2858 agere
2264 2784 2330 2849 ³⁸,
2376 2791 2435 2837 ιιι
2463 2783 2531 2839 de
2575 2782 2785 2853 reliquo
2828 2788 3026 2836 ornent
3054 2781 3289 2834 animam
3321 2791 3477 2834 suam
3504 2791 3674 2830 orna-

2081 2877 2286 2935 mentis
2316 2876 2676 2947 dignissimis,
2706 2874 2760 2930 id
2787 2884 2870 2930 est
2896 2874 3245 2946 dogmatibus
3274 2870 3546 2932 veritatis,
3575 2868 3681 2925 de-

398 2960 582 3018 ambo.
617 2960 936 3032 Czeteraque
977 2977 1100 3033 qua:
1127 2961 1196 3018 de
1226 2963 1431 3020 talibus
1454 2965 1499 2996 ”
1533 2966 1899 3036 cognovimus
1927 2975 1981 3022 et
2011 2998 2053 3054 ε
2085 2984 2214 3025 core
2241 2968 2535 3040 pudicitiae,
2567 2967 2857 3038 splendore
2881 2966 3129 3037 justitia,
3154 2964 3395 3020 candore
3418 2962 3674 3033 pietatis,

396 3051 669 3119 vidimus,
723 3068 825 3109 nec
879 3054 1298 3120 recordatione,
1349 3071 1451 3111 nec
1509 3055 1979 3114 demonstratione

399 3142 565 3216 digna
613 3152 761 3201 sunt.
794 3143 1140 3216 Quapropter
1182 3147 1302 3203 hac
1332 3149 1491 3204 vobis
1534 3150 1778 3205 cavenda
1825 3166 1983 3205 man-

2089 3062 2326 3132 aliisque
2354 3061 2633 3125 omnibus,
2665 3060 2866 3130 quibus
2908 3068 3183 3131 comptam
3212 3057 3368 3112 decet
3414 3070 3540 3111 esse
3575 3068 3675 3109 ra-

2087 3154 2345 3210 tionalem
2396 3164 2657 3210 mentem.
2684 3154 2726 3185 ³⁷
2757 3152 2941 3218 Unde,
2985 3150 3278 3207 consilium
3322 3149 3538 3211 dantes,
3570 3162 3672 3202 ve-

399 3234 617 3301 damus,
648 3243 702 3289 et
730 3236 997 3293 doctrinis
1029 3245 1083 3292 et
1111 3240 1379 3310 exemplis
1428 3242 1803 3311 apostolorum
1849 3244 1986 3299 obe~
2086 3256 2254 3302 stram
2286 3246 2632 3317 prudentiam
2666 3246 2973 3308 hortamur,
3016 3250 3076 3298 ut
3115 3243 3184 3297 ab
3224 3239 3547 3311 apostolicis
3577 3254 3675 3294 re—

400 3327 520 3383 dire
550 3328 930 3399 prmeipimus;
965 3330 1093 3400 quia
1129 3330 1183 3384 hi
1213 3332 1309 3401 qui
1332 3333 1589 3387 mandata
1619 3348 1809 3389 eorum
1838 3342 1987 3405 post-

400 3425 633 3489 ponunt,
658 3435 767 3473 non
793 3420 969 3475 solum
1000 3420 1099 3485 rei,
1128 3422 1223 3477 sed
1253 3429 1503 3479 extorres
1535 3423 1689 3479 ﬁunt.
1716 3425 1849 3492 Qua:
1872 3442 1982 3483 non

403 3510 580 3566 solum
616 3512 773 3567 vobis
802 3512 1067 3579 cavenda,
1111 3513 1207 3570 sed
1251 3523 1305 3570 et
1347 3516 1602 3572 omnibus
1636 3518 1981 3588 praedicanda

402 3610 554 3659 Iunt.
581 3601 625 3634 ³⁰
654 3600 904 3658 Relatum
942 3611 1028 3661 est
1066 3604 1231 3660 etiam
1264 3606 1444 3672 nobis,
1477 3609 1624 3678 quod
1671 3610 1894 3679 quidam
1926 3612 1982 3666 in

402 3694 605 3750 vestris
654 3696 904 3764 partibus
947 3704 1386 3764 commorantes,
1429 3699 1791 3757 adversantur
1831 3704 1983 3761 sanis

405 3784 692 3851 doctrinis,
717 3797 772 3842 et
803 3786 989 3859 (prout
1018 3789 1099 3845 eis
1126 3788 1365 3862 videtur)
1397 3807 1508 3846 non
1536 3794 1841 3849 secundum
1869 3802 1984 3850 tra-

406 3878 671 3933 ditionem
701 3877 882 3935 Patris
907 3880 974 3945 “,
1013 3882 1109 3937 sed
1133 3883 1289 3953 juxta
1322 3900 1546 3941 sensum
1578 3902 1741 3942 suum
1783 3889 1983 3945 docere

407 3971 683 4029 videntur.
711 3972 754 4004 “
802 3972 1000 4031 Multas
1045 3976 1192 4031 enim
1245 3976 1469 4048 quidam
1511 3978 1605 4051 (ut
1651 3980 1983 4038 audivimusl

494 4162 540 4192 “
585 4161 865 4236 Platonem
934 4163 1210 4236 intelligit.

412 4303 463 4365 1.
540 4303 585 4336 ’³
616 4303 736 4356 Act.
780 4318 853 4367 tv,
891 4304 980 4358 54.
1048 4306 1093 4336 ³⁸

1259 4305 1533 4378 ΖαρΙιίνα.
1628 4311 1672 4343 ’⁷
1724 4311 1847 4368 Act.
1892 4329 1945 4369 ν.

2083 3340 2227 3411 gulis
2256 3353 2366 3393 non
2410 3337 2703 3403 recedatis,
2748 3336 2844 3394 sed
2882 3351 3228 3392 communem
3256 3335 3426 3389 vitam
3457 3334 3673 3388 ducen-

2087 3440 2190 3496 tes,
2218 3440 2273 3487 et
2302 3430 2622 3502 Scripturas
2663 3445 2855 3487 sacras
2907 3436 3055 3485 recte
3102 3428 3495 3499 intelligentes,
3545 3441 3672 3497 quae

2086 3523 2320 3579 Domino
2349 3524 2599 3587 vovistis,
2643 3523 2944 3593 adimplere
2973 3524 3258 3594 satagatis.
3291 3521 3357 3576 Et
3384 3538 3511 3577 cum
3544 3536 3672 3575 ora.

2086 3616 2237 3671 tione
2274 3617 2496 3671 assidua
2555 3615 2647 3671 Dei
2704 3618 2937 3687 gratiam
3000 3616 3251 3670 obtinere
3315 3615 3668 3677 merueritis,

2086 3716 2242 3773 tunc,
2269 3708 2388 3765 sine
2418 3709 2734 3779 suspicione
2767 3709 2895 3762 mali
2920 3709 3177 3765 interitus
3200 3709 3266 3774 ³⁸,
3298 3716 3424 3764 vota
3449 3708 3673 3779 possint

2088 3801 2354 3857 celebrari
2396 3800 2608 3857 festiva.
2655 3800 2797 3857 Deus
2843 3807 3025 3855 autem
3064 3802 3218 3872 pacis
3262 3802 3335 3856 sit
3371 3815 3501 3855 cum
3547 3815 3673 3854 om-

2090 3894 2251 3950 nibus
2279 3895 2452 3951 vobis.
2481 3894 2675 3950 Amen.

410 4233 424 4245 O
494 4167 540 4192 “
572 4167 865 4247 Δξηειῑριιειῃ
933 4167 1210 4247 intelligit.
1254 4242 1266 4247 Δ
1315 4167 1361 4200 ⁸⁸
1396 4167 1455 4225 In
1495 4185 1611 4247 ins.
1676 4178 1843 4241 atque
1898 4169 2064 4227 editis
2124 4172 2335 4229 Merlini
2376 4184 2435 4247 et
2476 4172 2675 4229 Crabbi
2702 4187 2921 4247 _pauca_
2951 4175 3303 4247 inseruntur,
3342 4175 3411 4232 de
3459 4176 3673 4246 quibus

410 4233 467 4297 in
498 4234 662 4287 notis.
700 4232 772 4286 Ea
820 4232 1017 4289 Surius
1056 4232 1272 4359 et'lpost
1303 4253 1427 4292 eum
1460 4240 1553 4295 alii
1597 4232 1975 4308 resecuerunt,
2029 4258 2154 4297 cum
2200 4252 2383 4298 tamen
2425 4246 2675 4314 legantur
2702 4232 2738 4299 Ιῖ
2784 4260 2818 4298 x
2867 4242 3103 4312 'Recogn.

412 4303 463 4362 1.
540 4303 585 4336 ⁸³
616 4303 736 4356 Act.
780 4318 853 4362 Iv,
891 4304 980 4358 54.
1048 4306 1093 4336 ³⁸
1179 4322 1225 4362 s.
1276 4305 1533 4362 Zaahira.
1628 4311 1672 4343 ‘7
1724 4311 1847 4362 Act.
1892 4329 1945 4362 ν.
2051 4314 2097 4345 ³⁸
2145 4313 2263 4362 Non
2315 4314 2529 4362 videtur
2576 4323 2710 4362 tunc
2778 4313 3103 4362 Hiernsnlvn

2051 4314 2097 4397 ξ⁸
2144 4313 2265 4369 Non
2315 4313 2534 4397 videtur,
2576 4323 2723 4397 tunc.
2778 4313 3169 4397 Hierosolymis
3217 4317 3500 4397 exstitisse
3540 4319 3669 4375 Cle-

3199 4245 3248 4276 ”
3273 4245 3419 4301 Psal.
3448 4245 3668 4313 ckxxn,

411 4388 596 4454 ruens,
642 4374 866 4454 natione
915 4372 1227 4454 Romanus,
1254 4372 1595 4454 plures
1636 4390 1762 4454 post
1792 4397 1969 4439 annos
1998 4382 2158 4439 ﬁdem
2198 4383 2672 4454 suscepiuVerba
2700 4383 2901 4440 Latmii
2931 4372 3075 4454 notis
3114 4372 3323 4443 nostris
3350 4372 3670 4447 inseremus

413 4443 459 4513 ξ’
488 4442 587 4513 Ms.
616 4452 828 4513 cratera,
862 4459 980 4513 quae
1023 4446 1177 4501 talia.
1214 4442 1221 4445 ⁷
1252 4442 1303 4479 δσ
1340 4442 1470 4504 Dist.
1519 4452 1608 4513 57.
1639 4442 1896 4506 ’Πειαιιιηι
1934 4464 2036 4510 est.

2139 4452 2517 4511 ιιιναάίῐίοηεε
2564 4455 2814 4509 Patrum.
2890 4456 2935 4488 "
2996 4452 3271 4523 Recognit.
3327 4470 3403 4522 x,
3462 4474 3513 4513 c.
3566 4462 3663 4516 42.

414 4509 769 4578 "Recognit.,
809 4509 884 4594 ad
907 4530 1082 4571 suum.
1121 4515 1247 4571 Ilaec
1276 4534 1493 4643 quoque
1525 4509 1617 4604 ἐκ
1673 4522 1952 4577 llarduino
1997 4524 2281 4607 desumpta
2315 4509 2509 4582 sunt.‘
2540 4526 2584 4558 “
2623 4535 2680 4579 ut
2706 4528 3089 4598 quoquomodo.
3134 4509 3213 4558 ”³⁸
3258 4509 3536 4598 Βρὲοξμῖἱ.
3578 4509 3666 4590 IL

414 4596 466 4639 ο.
510 4583 600 4641 45.
674 4583 721 4616 ³⁸
745 4592 1054 4643 δαιιεααθνι.
1133 4586 1177 4621 ³⁷
1209 4586 1273 4643 2.
1305 4604 1359 4643 tl.
1436 4591 1733 4643 .Dilectiss.
1762 4593 2040 4643 fratribus-
2116 4595 2163 4628 ³⁸
2193 4606 2329 4643 mter
2357 4614 2465 4643 nos-

412 4596 466 4639 c.
510 4583 600 4641 43.
674 4583 1054 4655 “satisagere.
1133 4586 1177 4621 ³⁷
1209 4583 1359 4661 2,”σι.

1468 4591 1733 4649 Dilectiss.
1760 4593 2040 4664 fratribus.
2116 4595 2163 4628 ³⁸
2193 4591 2329 4651 inter
2357 4614 2465 4652 vos.
