3896 6174
1061 247 1660 312 CONSTITUTIONES
1689 244 2165 303 APOSTOLICE.
2205 276 2274 286 -—
2310 242 2674 300 ΡΒΟἝΜΙΛ.

3372 243 3476 299 διο

330 415 3470 463 _—___—.—_______——————————————r—‘-b—-———-—-———

1366 592 2401 728 FRAGMENTA.

667 1085 736 1125 EX
772 1086 1021 1126 DECRETO
1056 1084 1336 1129 ϐιιΑτιΔιη.

319 1164 419 1237 (De
450 1179 729 1229 consecr.,
764 1163 897 1220 dist.
924 1162 1274 1219 Sacerdotum
1304 1161 1687 1231 aliorumque.)

206 1300 442 1369 Quando
486 1299 781 1355 celebratur
823 1301 1011 1371 missa,
1052 1300 1436 1371 presbyterium
1486 1299 1657 1353 laicus
1709 1299 1796 1352 in-

710 1370 857 1441 gredi
886 1387 992 1423 non
1018 1370 1331 1440 praesumat.

280 1462 685 1529 Sacerdotum,
738 1464 1085 1533 aliorumque
1141 1462 1473 1519 clericorum
1534 1460 1798 1518 Ecclesiae

205 1555 572 1610 servientium
602 1555 863 1623 honores,
902 1571 934 1609 a
965 1556 1232 1610 laicorum
1278 1555 1400 1609 loco
1429 1555 1666 1610 discrete
1700 1571 1795 1626 ap-

202 1662 407 1716 parere
450 1647 730 1704 convenit.
757 1646 1128 1714 Quamobrem
1158 1647 1293 1701 nulli
1325 1647 1593 1702 laicorum
1640 1648 1800 1701 liceat

213 1738 271 1792 in
301 1754 376 1794 eo
407 1740 552 1803 loco,
581 1740 675 1795 ubi
722 1739 1041 1796 sacerdotes
1081 1747 1137 1796 et
1175 1740 1371 1810 reliqui
1402 1740 1588 1795 clerici
1616 1739 1800 1795 consi-

201 1838 366 1887 stunt
419 1830 593 1902 (quod
650 1833 1054 1902 presbyterium
1120 1832 1530 1903 nuncupatur),
1579 1831 1803 1902 quando

202 1922 381 1978 missa
421 1924 735 1979 celebratur
771 1925 1094 1987 consistere.
1120 1931 1182 1979 ut
1219 1924 1387 1980 libere
1416 1939 1478 1978 ac
1504 1922 1801 1979 honoriﬁce

202 2013 425 2084 possint
452 2029 614 2070 sacra
638 2013 814 2070 ollicia
841 2030 1103 2071 exercere
1128 2015 1466 2087 Lcelebrari].

974 2149 1040 2213 li.

203 2258 291 2314 Ea:
341 2263 706 2319 vetustissimo
762 2264 941 2322 codice
1005 2264 1227 2321 Lucensi
1274 2282 1535 2320 annorum
1591 2266 1801 2321 circiter

340 2332 497 2385 mille
526 2348 593 2385 ea:
620 2336 843 2401 epistola
878 2336 941 2390 Β.
972 2335 1256 2391 Clementis
1286 2338 1355 2390 ad
1383 2335 1665 2392 Iacobum.

278 2422 304 2475 1
320 2464 334 2476 .
366 2421 677 2495 Episcopus
706 2424 1201 2496 irreprehensibilis
1224 2428 1440 2487 sit.non
1460 2428 1795 2498 ﬁdeijussor,

1823 958 1871 1016 Α
1896 965 1999 1007 nec
2028 947 2326 1004 advocatus
2366 946 2567 1011 litium,
2617 962 2720 1003 nec
2762 946 2887 1002 aliis
2935 946 3085 1002 curis
3133 948 3476 1018 negOtiorum

1898 1041 2260 1097 mundialium
2294 1040 2607 1111 perplexus.
2632 1038 2925 1109 Presbyter
2951 1040 3204 1110 pudicus,
3227 1055 3480 1096 carceres

1902 1134 2121 1197 visitet,
2155 1140 2209 1187 et
2242 1134 2561 1204 peregrinos
2613 1131 2913 1202 suscipiat,
2957 1138 3192 1188 stateras
3242 1133 3480 1204 mquales

1897 1226 2117 1281 habeat.

1968 1316 2023 1375 2.
2066 1316 2295 1371 Diaconi
2328 1326 2589 1388 tanquam
2618 1315 2763 1371 oculi
2788 1324 2840 1372 et
2870 1332 3034 1377 aures
3068 1315 3313 1388 episcopi
3346 1315 3475 1372 sint.

1898 1409 2295 1467 Catechumeni
2328 1411 2696 1468 instruantur.

2264 1505 2343 1560 De
2369 1504 2713 1575 perceptione,
2747 1502 2898 1573 cujus
2926 1519 3109 1573 supra.

1971 1603 2024 1659 3.
2072 1600 2493 1656 Sacramentum
2524 1611 2649 1650 cum
2682 1596 2831 1649 omni
2862 1595 3059 1649 timore
3103 1592 3198 1649 Dei
3231 1602 3481 1650 servetur

1899 1709 1930 1749 a
1966 1692 2324 1764 presbyteris,
2348 1688 2673 1743 diaconibus
2699 1693 2753 1742 et
2782 1686 3071 1741 ministris.

1970 1787 2024 1839 4.
2067 1782 2400 1839 Communio
2450 1782 2506 1835 in
2556 1780 2859 1835 crastinum
2914 1794 3025 1833 non
3075 1790 3343 1847 servetur,
3384 1781 3478 1835 sed

1901 1891 2025 1931 cum
2058 1875 2256 1929 timore
2287 1872 2382 1928 Dei
2415 1881 2694 1939 sumatur;
2724 1886 2789 1925 ac
2820 1871 3055 1928 clericus
3098 1887 3201 1927 nec
3230 1872 3483 1926 celeriter

1901 1968 2056 2022 cibos
2087 1966 2343 2037 accipiat.

1971 2060 2024 2115 5.
2064 2058 2207 2115 Vasa
2238 2058 2487 2122 sacrarii,
2526 2058 2610 2112 vel
2649 2059 2766 2112 vela
2800 2064 3013 2113 vetusta
3066 2056 3396 2122 ustulentur,
3427 2063 3483 2112 ct

1902 2152 1958 2206 in
1991 2167 2152 2207 sacro
2183 2152 2331 2206 fonte
2361 2151 2540 2222 pulvis
2569 2151 2852 2206 obruatur.

1974 2243 2027 2298 6.
2073 2243 2147 2299 De
2179 2245 2322 2315 palla
2370 2244 2555 2298 nullus
2604 2252 2855 2297 mortuus
2904 2241 3191 2307 obruatur,
3223 2258 3325 2298 nec
3362 2242 3483 2297 dia~

1829 2304 1875 2365 Β
1905 2351 2079 2391 conus
2112 2337 2376 2408 imponat,
2408 2336 2528 2391 vela
2588 2343 2641 2389 et
2671 2335 2842 2406 pallas
2872 2333 3247 2390 subdiaconus
3290 2336 3343 2389 in
3390 2350 3482 2390 sa-

1905 2430 2086 2483 crario
2113 2430 2276 2485 lavet.

234 2592 3474 2630 Μ

510 2745 1907 2984 CONS’I‘I’I‘U’I‘IONES
2079 2752 3185 2988 APOS’I‘0LICZE.

1329 3276 2459 3459 PBO€EMIA.

805 3755 927 3883 J.
993 3758 1133 3882 B.
1218 3756 2065 3886 COTELERII
2122 3760 2872 3890 JUDICIUM

650 4056 797 4145 DE
875 4053 2074 4148 CONSTITUTIONIBUS
2147 4057 2924 4152 APOSTOLICIS

1146 4243 1359 4317 (Patres
1393 4247 1700 4317 apostolici,
1729 4253 1770 4301 t.
1799 4246 1843 4313 1,
1869 4246 1961 4304 ed.
1994 4247 2313 4307 Amstalod.
2344 4248 2545 4321 172‘.)

292 4538 377 4593 Ex
405 4533 620 4597 multis,
664 4546 789 4603 quae
832 4530 903 4587 de
940 4532 1443 4590 Constitutionibus
1491 4536 1846 4606 apostolicisl

1927 4539 2142 4596 stolicas
2164 4553 2294 4593 vero
2314 4537 2595 4606 διαταγὰς,
2613 4536 2913 4593 Clementis
2936 4536 3176 4609 quidem,
3191 4538 3287 4595 sed
3300 4550 3493 4610 postea

220 4634 384 4689 vario
431 4629 723 4684 doctorum
763 4640 1016 4682 sermone
1054 4626 1355 4695 iactantur,
1387 4643 1513 4684 vera
1562 4632 1811 4700 quaedam

221 4732 382 4787 sunt,
416 4722 526 4776 alia
560 4719 720 4783 falsa,
760 4725 958 4773 cmtera
991 4717 1293 4787 ejusmodi,
1328 4727 1390 4773 ut
1427 4720 1710 4776 veritatem
1743 4735 1815 4777 an

223 4814 530 4870 lalsitatem
555 4812 897 4876 contineant,
920 4818 1069 4865 certa
1089 4818 1324 4879 nequeat
1344 4812 1815 4880 argumentatione

224 4905 464 4976 percipi.
495 4902 573 4957 Ea
603 4905 650 4959 si
690 4904 749 4958 in
792 4902 1067 4973 principio
1110 4901 1537 4956 Adnotationum
1578 4903 1813 4959 istarum

226 4997 660 5064 secreverimus,
690 5010 871 5065 opera:
908 4994 1143 5065 pretium
1166 5007 1270 5050 nos
1299 4992 1544 5052 facturos
1564 5010 1676 5051 non
1710 5011 1812 5052 ne-

228 5088 471 5144 scimus.

300 5178 498 5249 Itaque
524 5194 717 5235 verum
746 5186 857 5245 est,
881 5177 1354 5235 Constitutionum
1386 5177 1814 5248 apostolicarum

227 5273 577 5340 ὀκτάϐιϐλον,
609 5289 749 5345 opus
774 5288 901 5331 esse
936 5274 1310 5344 apocrypbum
1338 5280 1393 5328 et
1423 5272 1816 5343 pseudepigra-

230 5369 430 5439 phum,
456 5369 527 5424 ab
556 5368 823 5441 apostolis
848 5383 959 5423 non
982 5366 1295 5438 proiectum
1316 5407 1333 5433 ,
1363 5380 1467 5421 nec
1494 5365 1564 5421 ab
1586 5371 1813 5434 aposto-

232 5461 345 5516 lico
406 5460 709 5517 Clemente.
770 5459 1019 5524 Scilicet,
1067 5459 1321 5530 quamvis
1355 5465 1548 5513 auctor
1584 5455 1814 5512 canonis

233 5553 416 5607 ultimi
442 5552 754 5623 apostolici,
785 5553 833 5608 si
874 5552 1129 5608 diversus
1155 5558 1240 5606 est
1269 5550 1340 5605 ab
1368 5563 1434 5604 eo
1459 5548 1527 5605 de
1555 5562 1665 5619 quo
1697 5548 1815 5618 agi-

232 5662 383 5711 mus,
414 5646 577 5702 aliter
604 5651 841 5712 statuat;
874 5644 1129 5715 quamvis
1154 5644 1283 5699 illos
1310 5642 1691 5713 apostolorum
1715 5655 1811 5697 ca-

233 5751 412 5797 nones
433 5754 594 5796 veros
618 5753 844 5801 censere
867 5737 1269 5812 soleantﬁraeci
1295 5735 1651 5809 posteriores,
1672 5748 1807 5813 apo-

1915 4630 2283 4697 adulteratas;
2316 4631 2567 4699 quamvis
2614 4628 2903 4699 ElhiOpes
2948 4645 2980 4684 a
3031 4628 3233 4685 Graecis
3282 4633 3469 4691 edocti.

1915 4724 2272 4794 apostolicam
2302 4720 2652 4778 Octabiblum
2680 4729 2739 4777 ut
2780 4736 2996 4777 sacram
3035 4729 3091 4777 et
3123 4722 3363 4779 divinam
3394 4741 3467 4780 ve.

1914 4824 2214 4883 uerentur;
2238 4814 2490 4885 quamvis
2516 4812 2573 4870 S.
2599 4812 2940 4884 Epiphanius
2962 4814 3157 4870 haeresi
3190 4814 3280 4882 80,
3302 4817 3471 4887 cap.7'

1914 4916 1971 4963 et
1992 4905 2278 4963 Cedrenus
2306 4905 2523 4961 duobus
2562 4906 2619 4960 in
2665 4906 2826 4974 locis,
2866 4906 3007 4962 inter
3036 4904 3293 4962 Veterum
3334 4908 3491 4963 testi-

1915 5000 2102 5055 monia
2147 4999 2370 5062 relatis,
2428 4998 2574 5055 Θετον
2620 4998 2779 5068 λόγον
2832 4998 3155 5055 Diataxibus
3213 4999 3495 5073 tribuant;

1908 5095 2157 5144 attamen
2187 5088 2398 5158 liquido
2411 5095 2651 5157 constat,
2673 5088 2740 5144 ad
2769 5090 3049 5159 apostolos
3070 5097 3125 5145 et
3152 5089 3487 5146 Clementem

1917 5195 2026 5235 non
2062 5180 2337 5250 pertinere
2365 5178 2671 5253 σύνταγμα,
2698 5183 2843 5252 quod
2872 5183 3048 5253 prima
3073 5182 3329 5240 Ecclesiae
3350 5190 3489 5239 tem-

1915 5290 2053 5347 pora
2078 5274 2258 5340 latuit,
2289 5271 2437 5345 quod
2470 5288 2501 5327 a
2534 5282 2615 5330 tot
2640 5275 2852 5331 sanctis
2880 5261 3134 5330 Patribus‘
3176 5275 3486 5345 ignoratum

1918 5365 2048 5432 fuit,
2102 5373 2198 5421 aut
2248 5366 2586 5437 neglectum,
2635 5368 2781 5438 quod
2824 5367 3076 5438 plurimis
3117 5367 3493 5437 suspicionem

1922 5460 2093 5515 movit
2143 5459 2574 5531 suppositionis,
2619 5460 2869 5531 plurimis
2909 5460 3289 5516 certitudinem
3338 5459 3491 5518 dedit

1922 5550 2216 5617 falsitatis;
2244 5551 2390 5621 quod
2422 5552 2693 5606 catholica
2724 5550 2971 5607 Ecclesia
3003 5566 3036 5606 a
3079 5565 3296 5606 canone
3333 5549 3488 5604 Scri-

1920 5650 2207 5714 pturarum
2237 5642 2546 5698 divinarum
2576 5642 2853 5710 excludit;
2896 5641 3043 5712 quod
3085 5642 3322 5713 denique
3363 5656 3489 5697 sex-

1919 5743 2078 5795 centa
2108 5736 2489 5807 complectitur
2526 5752 2651 5793 cum
2681 5737 2927 5796 veritate.
2967 5750 3092 5793 cum
3112 5733 3489 5797 verisimilitu-n
