3896 6174
455 223 559 280 5H

1315 221 1376 281 8.
1409 225 1804 283 CLEMENTIS
1839 227 1859 281 1
1896 226 2063 283 ROM.
2101 226 2303 285 ΡΟΝΤ.
2340 231 2570 290 OPERA
2604 237 2827 293 DUBIA.

3572 282 3573 287 η
3609 256 3718 314 512

450 342 581 399 dine
610 342 937 413 pugnantia,
986 342 1292 397 recentiora
1326 345 1668 415 temporibus
1698 347 2038 415 apostolicis,
2071 356 2115 407 Α
2149 364 2256 401 non
2290 360 2397 405 tam
2433 369 2585 406 suam
2608 395 2622 419 ,
2653 372 2814 425 quam
2843 356 3061 415 Eusebii
3100 364 3352 433 proponit
3375 369 3714 430 opinionem.

448 442 618 505 atque
648 434 719 488 ab
750 433 1059 503 apostolico
1087 435 1412 489 charactere
1434 437 1825 491 remotissima.

519 526 633 583 Nec
672 527 855 580 minus
908 541 1096 581 verum
1146 533 1252 589 est,
1306 528 1561 597 antiquas
1609 530 2032 587 constitutiones

448 621 625 677 dictas
647 620 1039 688 apostolorum,
1060 627 1180 689 post
1202 622 1651 689 compositionem
1682 638 1835 677 suam
1865 624 2031 677 inter-

446 715 811 787 polalricibus
837 712 1090 767 manibus
1134 712 1501 779 subjacuisse.
1534 712 1589 767 Id
1629 715 1774 769 clare
1801 715 2029 769 demon-

449 816 629 865 strant
666 808 786 861 loca
812 806 980 859 citata
1028 820 1058 857 a
1109 804 1171 858 B.
1231 803 1559 875 Epiphanio,
1608 812 1660 859 et
1718 821 1748 859 a
1804 815 2027 876 parente

447 895 634 964 Operi:
676 897 968 967 imperfecti
1012 900 1066 954 in
1111 900 1455 959 Matthwum;
1500 910 1735 965 quorum
1766 898 2025 967 pleraque

444 1001 594 1040 nunc
624 986 823 1055 partim
855 1000 968 1039 non
1010 992 1271 1050 exstant,
1304 986 1501 1056 partim
1532 1002 1657 1041 cum
1687 1004 1881 1059 magna
1912 990 2013 1045 dif-

444 1078 674 1133 ferentia
706 1078 999 1133 verborum
1025 1084 1080 1131 et
1112 1092 1371 1131 sensuum
1401 1078 1673 1147 leguntur.
1725 1079 1902 1150 Atque
1952 1082 2021 1135 ob

440 1187 562 1227 eam
596 1170 1031 1241 interpolationis
1064 1170 1264 1224 famam
1294 1169 1463 1224 Graeci
1484 1172 1538 1225 in
1568 1171 1757 1226 Trullo
1791 1188 2021 1242 congre-

440 1265 551 1334 gati
582 1262 931 1332 proﬁtentur,
968 1261 1765 1325 canonei,Constitutionibus
1797 1274 2018 1334 aposto-

438 1358 613 1413 lorum
637 1356 1347 1427 Cletnentinisjamolimab
1378 1358 1651 1415 hazreticis
1678 1360 1785 1413 vim
1816 1360 2012 1413 factam

437 1466 536 1520 per
554 1449 815 1504 nonnulla
843 1449 1093 1517 malaque
1112 1448 1501 1506 additamenta.
1521 1449 1625 1505 Sed
1644 1452 1788 1520 quod
1817 1453 2014 1507 merito

435 1540 918 1607 mirere,Photius,
944 1540 1398 1609 diligentissimus
1422 1542 1798 1610 hujuscemodi
1829 1560 2010 1598 rerum

436 1634 820 1704 investigator,
882 1648 1061 1701 neque
1120 1634 1549 1704 depravationis,
1595 1650 1771 1704 neque
1816 1634 2007 1705 judicii

434 1724 683 1779 Trullani
710 1725 1041 1779 mentionem
1093 1723 1244 1789 facit,
1278 1726 1484 1780 nostris
1519 1726 1801 1794 διαταγαϊς
1853 1727 2015 1781 beni-

430 1818 609 1887 gnior,
634 1816 1093 1886 quemadmodum
1131 1824 1186 1871 et
1228 1818 1445 1872 Nicetas
1483 1816 1804 1873 Peetoratus
1847 1827 2013 1889 atque

432 1906 700 1979 Georgius
725 1907 1028 1962 Cedrenus.
1057 1907 1267 1979 Quippe
1297 1910 1389 1980 qui
1412 1920 1618 1964 sextam
1660 1926 1814 1965 suam
1843 1927 2010 1981 syno-

430 1999 561 2055 dum
627 1999 918 2055 videantur
958 2000 1235 2069 sprevisse
1262 2041 1275 2065 ,
1318 2011 1372 2056 et
1421 2002 1475 2056 in
1523 2002 2010 2059 constitutionibus

324 2074 331 2081 ’
429 2092 637 2145 nullam
668 2091 956 2161 agnovisse
989 2093 1418 2163 corruptionem.

499 2181 656 2251 Quod
679 2193 857 2238 autem
869 2186 1162 2252 Διαταγαῖς
1181 2184 1286 2237 τῶν
1308 2183 1619 2237 ἀποστόλων
1646 2183 1733 2240 διὰ
1761 2184 1875 2257 Κλή
1886 2204 2010 2256 μεν-

427 2289 521 2336 τος
553 2273 697 2328 favet
719 2273 973 2339 Photius,
1002 2290 1168 2331 causa
1199 2292 1307 2331 non
1335 2284 1421 2332 est
1448 2278 1633 2333 odium
1664 2280 1719 2332 in
1751 2278 2004 2346 Latinos;

428 2365 631 2435 quibus
659 2365 883 2435 iniquus
920 2367 974 2421 in
997 2368 1365 2438 Μυριοόίόλῳ
1385 2384 1492 2423 non
1523 2379 1750 2440 apparet
1775 2411 1788 2431 ,
1819 2379 2007 2441 utpote

426 2463 563 2512 tunc
586 2458 926 2514 orthodoxus
948 2466 1002 2513 et
1026 2460 1364 2527 catholicus;
1389 2476 1515 2515 cum
1542 2471 1735 2516 contra
1759 2462 2005 2518 Trullani

425 2550 697 2620 episcopi,
722 2549 929 2606 Latinae
958 2550 1214 2607 Ecclesia:
1237 2552 1424 2607 hostes
1452 2553 1596 2607 haud
1610 2554 1782 2617 dubii,
1812 2555 2005 2609 iisdem

425 2642 934 2713 διατάξεσιηὶενυιῐι
982 2631 1135 2699 theta
1167 2644 1517 2715 prmﬁxerint.
1544 2646 1721 2701 Causa
1751 2653 1856 2708 est,
1880 2648 2003 2702 libri

423 2735 764 2805 praestantia,
795 2743 849 2789 et
880 2734 1019 2789 forte
1044 2734 1333 2806 Epiphanii
1371 2740 1699 2793 encomium.
1731 2738 1891 2793 Certe
1932 2740 2001 2804 si,

424 2826 888 2897 quemadmodum
919 2828 1217 2883 verisimile
1259 2828 1337 2896 ﬁt,
1378 2830 1710 2883 existimavit
1749 2828 1999 2892 Photius,

420 2919 864 2975 Constitutiones
927 2919 1067 2989 o'pus
1112 2936 1236 2975 esse
1286 2928 1445 2981 vetus
1482 2936 1545 2975 ac
1590 2922 1844 2990 probum,
1899 2923 2001 2977 sub

422 3010 645 3065 nomine
674 3012 1047 3081 apostolorum
1071 3022 1125 3067 et
1146 3012 1444 3067 Clementis
1469 3014 1786 3077 conlictum,
1821 3015 1998 3071 tribus
2027 3020 2071 3081 C

420 3104 942 3173 reprehensionibus
957 3106 1130 3175 iisque
1144 3122 1251 3161 non
1266 3107 1653 3162 insolubilibus
1673 3108 1993 3174 obnoxium,

419 3196 851 3261 κακοπλαστὶας,
885 3199 1341 3253 contumeliarum
1374 3198 1801 3254 Deuteronomio
1826 3199 2000 3253 facta-

419 3304 567 3354 rum,
598 3296 654 3344 et
676 3290 1006 3357 Arianismi;
1036 3307 1144 3344 non
1177 3291 1418 3361 intelligo
1445 3307 1544 3345 cur
1569 3292 1705 3345 adeo
1727 3292 1997 3362 culpanda

418 3388 645 3450 putetur
675 3381 825 3436 illius
852 3383 1068 3437 critica.
1105 3380 1181 3436 Ita
1221 3382 1377 3447 fateri
1412 3383 1500 3436 ille
1533 3383 1731 3452 poterit
1757 3383 1902 3451 quod
1940 3384 1994 3437 in

416 3488 478 3528 re
499 3482 604 3539 est,
635 3474 704 3528 ab
743 3476 971 3545 antiquo
1004 3476 1223 3529 homine
1254 3491 1359 3529 non
1392 3476 1634 3538 indocto,
1676 3485 1730 3528 at
1762 3476 1994 3545 ﬁngendi

416 3565 552 3619 satis
584 3564 859 3634 imperito,
894 3582 995 3621 nec
1018 3582 1232 3637 semper
1274 3567 1478 3631 veraci,
1509 3568 1565 3621 in
1597 3568 1772 3621 lucem
1807 3569 1992 3637 prola-

414 3665 500 3711 tos
540 3656 713 3711 fuisse
745 3667 868 3727 post
899 3659 1260 3727 apostolicum
1293 3658 1553 3713 saaculum
1594 3658 1765 3712 libros
1813 3658 1991 3727 pluri-

413 3748 519 3802 mis
570 3747 1041 3818 inconsequentiis
1071 3765 1134 3805 ac
1180 3751 1682 3815 inconsiderantiis,
1710 3752 1991 3808 nonnullis

414 3842 700 3897 erroribus
728 3858 1035 3912 respersos,
1067 3844 1135 3898 de
1166 3843 1589 3899 Deuteronomio
1633 3846 1870 3910 incaute,
1922 3848 1990 3904 de

412 3941 605 3987 sancta
636 3940 689 3988 et
716 3934 999 3988 individua
1033 3934 1305 3990 Trinitate
1346 3936 1651 4005 periculose
1678 3936 1986 4007 loquentes.

412 4023 486 4080 Ut
514 4041 643 4081 vero
676 4028 927 4096 suspicer
942 4024 1382 4082 Constitutiones
1416 4044 1445 4081 a
1486 4028 1681 4083 Photio
1710 4046 1817 4082 non
1864 4044 1987 4111 esse

411 4119 704 4173 attributas
736 4117 985 4173 Romano
1014 4119 1280 4174 Clementi
1308 4160 1322 4185 ,
1361 4121 1489 4175 facit
1514 4130 1623 4174 tum
1658 4124 1835 4192 magni
1872 4124 1985 4178 Ma-

412 4211 571 4281 gistri
606 4211 961 4274 existimatio,
986 4218 1100 4265 tum
1132 4212 1276 4282 quod
1310 4214 1498 4272 eodem
1529 4216 1632 4270 loci
1670 4233 1776 4272 non
1811 4225 1983 4293 magis

318 4286 335 4301 ’
409 4302 689 4372 abjudicat
729 4303 1030 4371 apostolico
1092 4302 1521 4377 Recognitiones,
1571 4326 1709 4379 quas
1751 4286 1981 4370 refertas

406 4396 567 4450 docet
600 4395 877 4460 absurdis,
902 4404 955 4450 et
976 4394 1306 4461 Arianismo,
1332 4414 1493 4467 quam
1508 4401 1936 4462 Constitutioncs
1963 4426 1975 4461 :

406 4489 532 4559 quis
564 4496 744 4543 autem
776 4489 965 4543 credat
999 4489 1074 4543 ita
1124 4492 1330 4546 sentire
1378 4494 1554 4547 virum
1599 4495 1978 4553 doctissimum

405 4589 461 4638 et
487 4580 997 4651 prudentissimum,
1026 4591 1083 4637 ut
1110 4583 1218 4637 tale
1242 4585 1505 4655 scriptum
1526 4602 1636 4642 non
1669 4598 1815 4659 putet
1840 4591 1979 4647 falso

404 4674 650 4728 auctoris
687 4673 846 4728 titulo
878 4672 1048 4729 fuisse
1077 4676 1369 4730 donatum?
1414 4687 1528 4731 tum
1574 4681 1806 4751 denique
1852 4684 1977 4753 quia

404 4764 549 4820 idem
575 4765 630 4819 in
659 4763 986 4822 Prazfatione
1016 4767 1083 4821 ad
1114 4766 1554 4824 Nomocanonem
1606 4774 1859 4844 ambigue
1910 4777 1977 4833 de

404 4858 782 4926 apostolorum
833 4858 1137 4914 canonibus
1165 4859 1408 4927 disserit,
1442 4870 1501 4916 ut
1543 4872 1597 4919 et
1644 4866 1698 4920 in
1726 4868 1813 4923 his
1842 4869 1976 4939 ipsis

401 4946 756 5003 Bibliotheca:
785 4949 1068 5005 codicibus
1109 4966 1244 5019 cxu,
1270 4967 1423 5009 exul.
1452 4955 1719 5020 Quocirca
1775 4976 1975 5015 secun-

402 5040 531 5094 dum
585 5047 829 5095 nostram
884 5042 1253 5111 suspicionem
1280 5083 1297 5106 ,
1346 5044 1639 5103 Clementis
1667 5050 1813 5105 dicta
1844 5065 1974 5109 sunt

398 5128 596 5186 Photio
617 5148 680 5187 ea
704 5132 812 5187 duo
837 5133 1073 5204 Scripta,
1096 5136 1354 5206 quoniam
1384 5138 1726 5198 Clementino
1753 5147 1973 5203 nomine

399 5222 662 5294 inscripta
693 5224 1024 5280 ferebantur.
1055 5225 1401 5299 Quanquam,
1426 5237 1483 5284 ut
1511 5231 1687 5289 dicam
1714 5236 1967 5307 ingenue,

397 5322 689 5371 contextus
747 5317 1032 5383 orationis,
1089 5325 1143 5372 et
1188 5334 1429 5381 censura
1469 5339 1592 5377 cum
1648 5330 1968 5395 posterioris

396 5406 641 5475 epistolae
690 5408 1011 5475 Clementis,
1070 5420 1186 5464 tum
1228 5412 1612 5483 disputationis
1654 5418 1800 5475 Petri
1841 5438 1966 5478 cum

395 5499 626 5569 Apione,
656 5518 763 5556 non
797 5504 1128 5558 mediocrem
1175 5507 1395 5573 pariunt
1421 5508 1821 5568 difﬁcultatem.
1853 5515 1967 5570 Cur

400 5590 544 5643 cnim
577 5607 682 5645 non
717 5596 831 5663 pari
857 5596 1019 5650 modo
1051 5598 1375 5667 proscripsit
1405 5599 1872 5659 Constitutionum
1903 5622 1967 5661 ac

401 5672 835 5751 Iit’roguitionum
872 5688 1065 5762 libros,
1093 5690 1193 5755 nisi
1213 5690 1353 5748 forte
1367 5694 1492 5765 quia
1512 5694 1566 5751 in
1580 5698 1952 5777 censurisillis

2140 436 2245 493 Sed
2264 442 2329 496 de
2350 441 2544 499 Photio
2575 445 2857 503 hactenus.
2890 448 3000 504 Suo
3020 456 3250 524 quisque
3265 464 3453 512 utatur
3465 462 3721 520 arbitrio?

2209 572 2453 633 Veritate
2484 580 2671 647 etiam,
2702 583 2847 637 sicut
2882 594 2935 640 et
2960 590 3305 655 auctoritate,
3330 593 3587 650 nituntur
3614 616 3718 653 va-

2130 664 2228 719 ria:
2252 667 2419 737 hujus
2440 674 2736 743 apocryphi
2764 678 3171 746 appellationes.
3197 682 3541 756 διατάγματα
3578 690 3719 744 ἀπο-

2131 761 2329 814 στόλων
2360 778 2454 816 seu
2475 765 2827 831 ἁποστολικά,
2845 769 2951 823 τῶν
2976 772 3284 829 ἀποστόλων
3308 794 3404 833 seu
3427 780 3719 837 ἀποστολι-

2128 852 2221 905 καὶ
2232 852 2499 918 διατάξεις
2511 857 2863 927 θυιδιαταγαί
2871 902 2884 925 ,
2906 861 3158 932 διαταγαὶ
3180 868 3541 935 voloni-aiat;
3562 874 3717 947 Κλή-

2128 961 2319 1013 μεντος
2330 946 2445 1001 sive
2454 948 2539 1000 διὰ
2552 950 2886 1020 Κλήμεντος,
2900 955 3006 1008 τῶν
3027 957 3333 1012 ἀποστόλων
3344 962 3429 1014 διὰ
3453 964 3569 1034 KH}
3580 983 3717 1034 μεν-

2121 1051 2213 1098 τος
2241 1036 2507 1101 διατάξεις
2521 1048 2615 1093 aut
2633 1041 2906 1111 διαταγαί,
2929 1053 2983 1099 et
3002 1046 3319 1114 ὀκτάϐιὸλος
3340 1053 3664 1123 Κλήμεντος
3695 1077 3707 1110 :

2121 1125 2249 1179 item
2287 1126 2544 1192 διάταξις,
2583 1130 2923 1199 διδασκαλία,
2954 1138 3212 1212 καθολικὴ
3248 1142 3560 1198 διδασκαλία
3585 1186 3601 1209 ,
3657 1158 3716 1203 et

2121 1217 2342 1281 κανόνες
2366 1219 2480 1273 sive
2511 1221 2634 1277 libri
2666 1221 2941 1279 Canonum
2967 1229 3346 1297 apostolorum.
3372 1235 3545 1307 Cujus
3570 1255 3707 1309 pos-

2118 1308 2528 1367 treminominis
2558 1317 2761 1369 mentio
2785 1334 3022 1389 quoque,
3041 1324 3183 1391 apud
3197 1308 3615 1391 (Ecumenium,
3639 1334 3710 1386 ad

2113 1401 2374 1456 Actorum
2398 1406 2569 1469 IxJO,
2587 1407 2688 1461 hoc
2712 1410 2892 1475 modo,
2924 1415 3016 1466 καὶ
3042 1409 3198 1477 οὗτος
3216 1418 3244 1467 ὁ
3262 1420 3504 1483 Ἀνανίας
3529 1422 3714 1477 διάκο-

2114 1510 2203 1555 νος
2226 1490 2292 1565 ἦν
2324 1495 2398 1557 ὡς
2418 1497 2580 1559 αὐτὸς
2603 1500 2812 1564 Παῦλος
2844 1510 3110 1575 μαρτυρεῖ
3137 1509 3193 1558 ὲν
3221 1513 3332 1572 τοῖς
3358 1513 3565 1567 κανόσι.
3595 1515 3707 1569 Sed

2113 1600 2237 1638 cum
2263 1586 2427 1656 hujus
2448 1589 2704 1645 editionis
2722 1595 2863 1662 typis
2886 1605 3126 1651 veterum
3148 1601 3455 1655 testimonia
3474 1607 3707 1660 manda-

2046 1689 2087 1743 Β
2119 1688 2335 1745 rentur,
2372 1682 2617 1736 nondum
2641 1697 2957 1742 occurrerat
2988 1690 3169 1758 locus;
3194 1692 3261 1747 de
3290 1711 3398 1763 quo
3426 1698 3547 1752 vide
3576 1716 3705 1768 quae

2116 1770 2389 1827 adnotabo
2411 1774 2477 1827 ad
2502 1776 2623 1829 libri
2642 1794 2714 1830 vn
2760 1788 2923 1849 caput
2949 1782 3037 1836 46.
3066 1783 3332 1841 Craterum
3356 1803 3425 1841 an
3454 1788 3701 1848 Joannes

2114 1858 2484 1920 Damascenus
2512 1866 3183 1938 0rthodoxaz/ideilib.1v.
3216 1893 3336 1948 cap.
3366 1880 3454 1943 18,
3474 1885 3703 1950 quando

2113 1967 2356 2009 canones
2404 1960 2778 2025 apostolorum
2833 1980 2928 2033 per
2976 1966 3309 2024 Clementem
3354 1973 3531 2029 editos
3565 1991 3698 2029 cum

2111 2041 2311 2100 divinis
2352 2047 2724 2106 voluminibus
2758 2066 3105 2123 annumerat,
3129 2062 3575 2129 constitutiones,
3610 2069 3699 2123 vel

2110 2133 2379 2190 duntaxat
2408 2155 2650 2198 canones
2693 2147 3181 2206 constitutionibus
3223 2155 3501 2211 subnexos
3531 2158 3699 2214 intel-

2109 2224 2265 2297 ligat,
2299 2232 2471 2299 quaeri
2505 2245 2701 2302 potest.
2737 2235 2918 2292 Malim
2952 2242 3201 2312 accipere
3243 2244 3310 2300 de
3353 2247 3488 2303 solis
3520 2265 3697 2304 cano-

2109 2320 2273 2377 nibus
2297 2341 2311 2389 ;
2333 2339 2441 2392 quo
2471 2326 2663 2397 majori
2695 2339 2848 2399 parte
2877 2334 3082 2389 erroris
3108 2336 3190 2389 vir
3220 2348 3445 2393 sanctus
3475 2350 3531 2393 et
3589 2343 3696 2396 do—

2108 2422 2231 2469 ctus
2265 2418 2608 2489 sublevetur;
2662 2432 2715 2476 et
2753 2426 2879 2493 quia
2911 2427 3088 2481 rarior
3118 2430 3289 2497 prima
3320 2434 3607 2501 acceptio;
3637 2444 3694 2490 et

2110 2519 2333 2577 propter
2349 2510 2642 2569 Trullanos
2654 2514 2864 2582 Patres,
2879 2534 3109 2588 quorum
3132 2524 3454 2578 sententiam
3470 2526 3689 2583 videtur

2108 2610 2351 2654 secutus.
2389 2603 2541 2659 Adde
2568 2607 2714 2675 quod
2743 2610 2986 2678 ejusdem
3018 2612 3141 2666 libri
3180 2629 3300 2684 cap.
3338 2616 3427 2679 15,
3475 2633 3686 2674 morem

2106 2690 2372 2747 adorandi
2401 2695 2467 2749 ad
2498 2695 2773 2753 Orientem
2800 2701 2967 2757 refert
2991 2704 3059 2758 ad
3080 2706 3429 2761 traditionem
3458 2720 3683 2779 aposto-

2106 2782 2284 2837 lorum
2316 2803 2424 2841 non
2466 2791 2762 2859 scriptam;
2813 2808 2937 2847 cum
2967 2804 3149 2851 tamen
3190 2800 3236 2855 is
3273 2815 3392 2855 mos
3438 2804 3687 2873 scriptus

2106 2880 2408 2945 reperiatur
2435 2882 2489 2935 in
2513 2882 3031 2943 Constitutionibus.

2173 2988 2292 3043 Jam
2324 3009 2453 3047 vero
2476 3002 2673 3063 praeter
2702 3013 2867 3068 supra
2907 3000 3070 3055 dictis
3104 3001 3245 3055 veris
3275 3002 3551 3072 opposita,
3579 3006 3684 3061 fal-

2102 3096 2222 3136 sum
2246 3086 2408 3139 etiam
2437 3096 2541 3155 est,
2576 3099 2854 3147 auctorem
2878 3092 3351 3150 Constitutionum
3381 3104 3547 3166 atque
3578 3099 3683 3154 Re-

2097 3173 2452 3241 cognitionum
2499 3181 2750 3235 eumdem
2802 3200 2949 3239 esse.
2996 3184 3270 3241 Habemus
3300 3185 3478 3242 Photii
3522 3188 3680 3257 judi-

2098 3261 2267 3327 cium,
2293 3266 2385 3334 qui
2410 3273 2829 3340 praerogativam
2873 3275 3090 3345 quidem
3142 3278 3377 3337 sanioris
3408 3278 3681 3337 doctrin;

2096 3353 2289 3407 tribuit
2322 3360 2496 3426 primo
2524 3364 2709 3431 operi;
2737 3374 2792 3418 at
2821 3366 3168 3435 eloquentize,
3213 3383 3273 3422 ac
3320 3369 3678 3441 polymathic

2094 3447 2407 3511 posteriori.
2436 3449 2499 3503 Et
2524 3454 2648 3521 quis
2696 3470 2803 3509 non
2838 3458 2983 3512 videt
3030 3459 3179 3513 illius
3234 3460 3560 3529 scriptorem
3592 3464 3677 3518 vi-

2094 3549 2213 3588 rum
2244 3538 2416 3595 fuisse
2448 3552 2764 3599 sanctarum
2792 3549 3211 3619 ‘Scripturarum
3239 3551 3555 3621 rituumque
3581 3570 3670 3610 ec-

2091 3627 2527 3688 clesiasticorum
2586 3638 3053 3707 scientissimum;
3117 3642 3281 3712 hujus
3317 3683 3332 3707 ,
3389 3645 3674 3704 hominem

2090 3719 2145 3774 in
2185 3722 2252 3778 iis
2305 3726 2626 3783 rudiorem?
2682 3730 2798 3786 Huc
2838 3734 3050 3787 accedit
3095 3736 3239 3804 quod
3293 3754 3402 3792 non
3451 3755 3674 3809 semper

2089 3819 2424 3873 conveniunt
2464 3821 2721 3891 dogmata
2771 3827 3077 3899 utriusque.
3124 3830 3286 3886 Verbi
3318 3832 3496 3902 gratia
3526 3832 3673 3888 Con-

2088 3906 2289 3968 stitut.,
2324 3911 2418 3965 lib.
2452 3928 2571 3979 vm,
2602 3930 2721 3984 cap.
2763 3916 2869 3983 46,
2907 3921 3052 3978 inter
3088 3926 3329 3979 inanima
3372 3940 3672 3982 recensen-

2088 4003 2177 4050 tur
2205 4002 2310 4063 sol,
2347 4003 2493 4069 luna,
2520 4006 2710 4071 stella};
2728 4017 2921 4065 contra
2955 4015 3224 4089 Recognit.
3244 4018 3339 4073 lib.
3366 4033 3419 4079 ν.
3443 4020 3667 4089 capJﬁ.

2089 4088 2182 4145 Sic
2216 4092 2344 4163 (alia
2367 4101 2652 4171 praetereo)
2678 4102 2994 4159 Ebioniticaa
3034 4088 3474 4179 'Avavapwpoii
3507 4088 3670 4168 lotio-

2085 4196 2205 4248 nes,
2247 4185 2301 4238 in
2331 4187 2590 4262 καθολικῇ
2609 4191 2925 4265 διδασκαλίᾳ
2945 4197 3401 4256 condemnantur.

2160 4316 2453 4387 Perperam
2510 4340 2729 4395 quoque
2783 4328 3197 4387 confunduntur
3231 4333 3671 4395 Constitutiones

2085 4422 2209 4460 cmn
2249 4410 2610 4474 Clementiuis.
2637 4417 2834 4488 Aperte
2848 4421 3114 4491 siquidem
3139 4440 3203 4479 ac
3232 4435 3449 4483 exserte
3470 4430 3669 4485 distin-

2081 4501 2198 4569 guit
2264 4501 2609 4574 Nicephorus
2673 4509 2929 4566 Historia:
2983 4515 3353 4575 ecclesiastica:
3415 4520 3509 4575 lib.
3572 4538 3658 4589 ιιι,

2082 4607 2206 4661 cap.
2242 4595 2331 4649 l8.
2364 4594 2474 4652 Nec
2521 4599 2653 4654 sinit
2712 4602 2966 4661 haesitare
3016 4624 3259 4678 prazscns
3306 4614 3495 4681 editio,
3538 4634 3663 4687 quae

2079 4696 2374 4757 utrumque
2410 4690 2767 4764 σύγγραμμα,
2814 4712 2878 4751 ac
2913 4702 3188 4769 posterius
3236 4721 3381 4760 nunc
3420 4709 3662 4778 primum

2078 4780 2482 4848 complectitur.
2516 4782 2675 4838 Errat
2722 4788 2905 4843 itidem
2954 4789 3291 4851 llumbertus
3325 4796 3659 4869 Cardinalis,

2077 4869 2204 4924 dum
2223 4872 2606 4930 Ordinationes
2623 4894 2715 4932 seu
2737 4878 3193 4951 Constitutiones,
3210 4904 3240 4941 a
3256 4886 3443 4943 Niceta
3462 4890 3662 4948 Pecto~

2077 4971 2198 5017 rato
2226 4964 2495 5031 laudatas,
2531 4967 2599 5021 ad
2638 4967 2984 5028 ltinerarium
3011 4974 3156 5031 Petri
3206 4982 3441 5051 apostoli
3472 4991 3660 5040 trans-

2076 5056 2202 5120 fert,
2235 5072 2360 5111 cum
2393 5076 2502 5129 quo
2525 5061 2660 5116 nihil
2691 5078 2979 5123 commune
3001 5069 3221 5136 habent,
3246 5073 3404 5145 longe
3435 5074 3503 5131 de
3530 5078 3658 5134 aliis

2075 5150 2239 5204 rebus
2259 5167 2420 5221 quam
2451 5152 2521 5208 de
2550 5152 2694 5208 Petri
2728 5158 3258 5228 peregrinationibus
3292 5164 3653 5225 disserentes.

2072 5240 2276 5296 Ansam
2300 5245 2506 5299 erroris
2543 5244 2842 5302 Humberto
2871 5251 3021 5306 dedit
3056 5253 3329 5323 ignoratio
3363 5258 3655 5329 utriusque

2072 5336 2395 5405 apocryphi,
2436 5338 2661 5407 solaque
2692 5342 2889 5395 notitia
2922 5343 3087 5413 hujus
3119 5345 3393 5403 Gelasiaui
3418 5349 3650 5415 decreti,

2073 5424 2418 5481 ltinerarium
2447 5431 2651 5485 nomine
2681 5430 2829 5486 Petri
2867 5437 3115 5506 apostoli,
3160 5440 3299 5509 quod
3353 5442 3655 5508 appellatur

2069 5520 2242 5572 sancti
2269 5518 2551 5575 Clementis
2590 5522 2711 5575 libri
2741 5523 2917 5580 decem
2949 5526 3048 5597 (ita
3087 5531 3293 5587 rectius
3321 5532 3490 5586 dubio
3521 5549 3652 5603 pro-

2069 5611 2156 5664 cul
2188 5612 2426 5681 antiquae
2446 5614 2737 5679 editiones,
2757 5632 2921 5686 quam
2947 5622 3283 5680 recentiores
3310 5635 3428 5679 octo
3451 5627 3533 5681 vel
3560 5644 3653 5681 no-

2066 5702 2193 5776 rem)
2217 5703 2589 5776 apocryphum.
2622 5705 2903 5768 Creditum
2932 5704 3232 5783 Cardinali,
3257 5714 3481 5775 Graecos
3508 5718 3649 5783 nihil
