3896 6174
196 317 300 372 513

977 320 1576 378 CONSTITUTIONES
1609 322 2089 383 APOSTOLICE.
2124 360 2191 368 —-
2226 329 2592 396 ΡΒΟΟΕΜΙΛ.

3338 345 3447 403 5η

193 432 395 489 habere
423 432 651 489 nomine
680 435 977 494 Clementis
1002 446 1405 507 pramotatum,‘
1429 445 1585 493 extra
1610 436 1777 494 Itine-
1803 446 1850 503 Α
1878 442 1935 496 in
1960 444 2081 499 loco
2122 450 2387 517 praeponit
2426 450 2939 520 pseudo-Clemens,
2998 456 3054 511 in
3088 458 3231 514 aliis
3260 463 3450 519 multis

191 526 397 580 rarium
426 525 577 581 Petri
605 533 660 581 et
683 524 923 582 Conone:
950 528 1352 596 apostolorum.-

259 616 374 673 Sed
415 624 473 671 et
513 617 732 672 veritati
772 618 1116 683 adversatur,
1147 618 1612 676 Constitutionum
1648 635 1781 693 apo—

188 711 517 768 Stolicarum
542 711 966 780 compositorem
998 727 1193 767 nomen
1215 712 1511 768 Clementis
1546 712 1776 770 Romani

187 801 294 855 sibi
350 818 465 857 non
518 806 910 875 assumpsisse.
954 804 1113 871 Quod
1157 821 1357 861 nomen
1401 815 1455 862 et
1503 807 1557 861 in
1598 806 1778 865 fronte

188 895 491 951 voluminis
520 895 802 966 praeﬁxum
818 897 1146 962 cernitur,et
1158 906 1461 953 assertores
1479 899 1638 953 habet
1650 915 1776 954 cum

187 988 522 1054 canonibus,
557 989 932 1058 apostolorum
956 989 1171 1053 ultimo,
1194 998 1250 1043 et
1273 988 1535 1045 Tru‘llano
1556 990 1612 1054 2,
1642 990 1781 1047 Pho-

188 1077 347 1142 tium,
383 1078 633 1134 Nicetam
662 1079 1033 1146 Pectoratum,
1065 1080 1356 1147 Zonaram,
1378 1082 1629 1137 Alexium
1654 1084 1778 1139 Ari-

186 1172 421 1237 stinum,
456 1172 862 1239 Balsamonem,
910 1173 1223 1231 Mattbazum
1254 1175 1580 1244 Blastarem,
1617 1176 1779 1235 Nice-

185 1264 427 1331 phorum
456 1264 694 1329 Callisti,
720 1264 971 1320 Nicetam
1000 1265 1347 1333 Serronium,
1378 1277 1510 1335 etc.,
1535 1269 1779 1342 refraga-

186 1362 368 1411 torem
398 1365 581 1412 autem
626 1373 692 1412 ex
745 1358 991 1428 antiquis
1030 1360 1332 1416 neminem.
1364 1359 1475 1415 Nec
1498 1361 1697 1415 mirum
1729 1362 1779 1417 si

184 1450 278 1519 qui
309 1450 690 1520 apostolorum
727 1450 983 1507 Diataxes
1032 1451 1348 1520 scribebat,
1404 1454 1777 1522 apostolorum

183 1558 489 1613 personam
525 1544 798 1611 induerit;
845 1542 1183 1599 Clementem
1218 1560 1373 1610 vero,
1413 1544 1517 1600 hoc
1554 1551 1661 1610 est,
1716 1553 1777 1599 ut

184 1637 339 1692 credi
366 1638 608 1703 volebat,
637 1652 717 1703 se,
760 1638 1037 1707 putaverit
1078 1638 1136 1692 in
1170 1637 1299 1693 libri
1325 1652 1558 1708 corpore
1589 1639 1776 1694 occul-

182 1730 438 1784 tandum.
504 1754 509 1759 -

256 1821 328 1876 At
371 1823 479 1878 ista
502 1822 641 1877 mihi
670 1824 924 1895 ambigua
952 1832 1102 1889 sunt,
1136 1840 1248 1895 quo
1274 1825 1510 1895 primum
1533 1834 1777 1897 tempore

183 1915 314 1971 libri
372 1915 840 1970 Constitutionum
905 1916 1542 1988 pseudoapostolicarum
1597 1920 1771 1975 lucem

182 2008 605 2078 conspexerint,
638 2010 859 2080 quando
885 2011 1198 2080 interpolati
1228 2012 1359 2076 sint,
1384 2027 1545 2082 quem
1570 2012 1775 2067 habue-

181 2103 298 2156 rint
326 2111 643 2171 parentem,
678 2118 838 2173 quem
871 2111 1271 2174 corruptorem,
1299 2112 1353 2160 et
1383 2106 1583 2175 quibus
1607 2105 1661 2159 in
1698 2107 1778 2159 lo-

182 2198 266 2251 cis
289 2196 504 2250 fuerint
531 2194 835 2265 depravati.
862 2194 1027 2251 Certo
1050 2196 1201 2259 novi,
1225 2196 1372 2265 quod
1404 2196 1615 2266 primus
1640 2197 1778 2252 scri-

181 2298 312 2360 ptor
337 2296 469 2359 post
498 2294 744 2358 tempora
778 2288 1084 2357 apostolica
1123 2296 1179 2343 et
1234 2295 1360 2343 ante
1410 2287 1776 2360 Epiphanium

180 2381 425 2447 vixerit;
466 2379 564 2435 sed
597 2394 668 2433 an
698 2380 923 2451 propior
945 2379 1056 2435 illis
1078 2380 1164 2435 vel
1190 2380 1342 2448 huic,
1374 2382 1536 2451 plane
1563 2382 1777 2438 nescio.

180 2473 396 2543 Nempe
420 2470 648 2526 Patrum
693 2472 920 2527 secundi
970 2486 1034 2526 ac
1066 2473 1211 2527 tertii
1262 2474 1448 2529 saeculi
1500 2473 1777 2529 silentium

181 2583 296 2621 non
327 2572 419 2621 est
453 2573 585 2619 nota
615 2565 862 2629 indubia,
913 2580 1025 2621 non
1070 2566 1348 2622 exstitisse
1377 2582 1567 2621 eorum
1616 2576 1778 2623 aetate

182 2657 451 2713 Diataxes
479 2675 492 2711 :
514 2655 952 2727 quandoquidem
972 2659 1281 2729 apocrypha
1312 2659 1404 2713 diu
1431 2659 1773 2729 ignorantur,

183 2751 403 2805 diutius
441 2756 905 2816 contemnuntur;
939 2750 1084 2805 unde
1114 2751 1326 2805 incerta
1368 2751 1544 2805 solent
1574 2751 1778 2808 habere

185 2840 487 2913 principia.
523 2839 717 2895 Utrum
752 2842 915 2896 etiam
945 2842 992 2896 is
1024 2842 1077 2895 in
1108 2842 1297 2897 eodem
1329 2858 1392 2895 ac
1416 2842 1581 2898 Arius
1605 2847 1779 2900 haere-

186 2949 313 2989 seos
372 2934 493 2987 luto
542 2932 764 2988 haeserit
795 2973 810 2997 ,
856 2948 1053 2998 necne,
1115 2935 1301 2989 dicere
1358 2950 1469 2989 non
1524 2950 1773 3005 possum.

186 3025 247 3079 S.
268 3024 615 3095 Epiphanius
635 3024 848 3078 laudem
879 3025 1221 3080 orthodoxizn
1247 3026 1297 3079 ei
1320 3026 1512 3080 tribuit
1536 3045 1549 3094 ;
1576 3035 1631 3081 et
1656 3042 1777 3097 quae

1879 540 2177 606 postponit.
2221 540 2589 598 Phocnicenne
2626 547 2860 614 patriam
2890 549 3197 605 habuerunt
3219 554 3452 622 quicun-

1880 642 1986 697 que
2031 630 2226 685 iisdem
2267 634 2536 689 mensium
2575 637 2892 694 nominibus
2919 641 3005 696 usi
3074 642 3447 715 inveniuntur,

1878 720 2079 789 quibus
2114 722 2386 793 διαταγείς
2406 729 2620 783 nostri?

1946 814 2031 869 Ad
2072 816 2214 883 haec,
2257 818 2449 875 dubito
2483 820 2752 878 afﬁrmare
2794 839 2920 879 cum
2946 825 3082 880 viris
3114 826 3311 894 doctis,
3340 831 3451 886 τῶν

1878 909 2188 964 ἀποστόλων
2242 911 2458 985 διδαχὰς
2514 931 2610 971 seu
2662 917 2903 989 διδαχήν,
2949 920 3092 989 apud
3154 921 3448 978 Eusebium

1880 1001 2027 1057 Hist.
2059 1004 2157 1060 lib.
2188 1021 2273 1069 ut,
2302 1020 2422 1076 cap.
2450 1007 2541 1072 25,
2573 1007 2933 1064 Athanasium
2976 1012 3030 1065 in
3057 1012 3296 1084 Epistola
3340 1015 3451 1072 fes-

1880 1091 1971 1146 tin
2001 1091 2091 1160 59,
2116 1101 2171 1149 et
2198 1094 2253 1148 in
2286 1091 2516 1166 Synopsi
2548 1114 2716 1152 sacra:
2741 1097 3049 1169 Scriptum,
3082 1104 3127 1156 si
3158 1104 3305 1160 illius
3338 1116 3444 1168 est,

1877 1178 2240 1252 Nicephorum
2267 1184 2924 1257 Constantinopolitanum
2958 1190 3011 1243 in
3037 1194 3442 1262 Στιχομετρίᾳ,

1879 1272 1994 1342 (ubi
2023 1273 2187 1345 vulgo
2230 1276 2425 1346 legitur
2462 1278 2674 1350 διδαχή,
2704 1296 2827 1336 cum
2865 1297 2970 1337 ms.
2996 1285 3187 1351 codex,
3224 1286 3269 1340 si
3310 1286 3445 1342 ﬁdes

1880 1362 2075 1420 Joauni
2123 1363 2321 1432 Croio,
2376 1384 2495 1439 cap.
2548 1372 2574 1424 1
2632 1372 3069 1427 Observationum
3125 1377 3182 1429 in
3236 1376 3445 1433 Novum

1884 1452 2305 1526 Testamentum,
2356 1463 2611 1518 exhibeat
2655 1464 2926 1533 διαδοχαί,
2972 1468 3260 1522 manifesto
3295 1472 3444 1523 arhi-

1879 1562 2015 1617 tror,
2040 1553 2172 1608 vitio
2200 1568 2301 1623 pro
2322 1554 2554 1625 διδαχαί)
2571 1560 2624 1609 et
2640 1553 3003 1624 Nicephorum
3015 1552 3224 1608 Callisti
3244 1553 3449 1613 Eccles.

1879 1643 2051 1710 Hist.,
2081 1644 2177 1699 lib.
2208 1661 2270 1707 ιι,
2295 1660 2416 1715 cap.
2443 1644 2535 1709 46,
2558 1646 2832 1700 diversum
2890 1660 3013 1700 esse
3055 1661 3192 1715 opus
3234 1660 3264 1699 a
3303 1646 3451 1700 Con-

1878 1738 2258 1795 stitutionibus
2278 1740 2617 1808 apostolicis,
2633 1738 3037 1797 siveCatholica
3061 1739 3328 1793 doctrina.
3356 1738 3454 1793 Zo-

1879 1846 2043 1887 naras
2071 1832 2218 1886 enim
2264 1830 2332 1884 ad
2362 1847 2487 1885 mox
2545 1832 2747 1886 dictam
2794 1832 3079 1887 Athanasii
3126 1831 3451 1902 Epistolam,

1878 1922 2135 1978 laudatus
2162 1922 2231 1977 ab
2250 1922 2623 1978 eruditissimo
2654 1938 2718 1977 ac
2753 1923 3174 1993 diligentissimo
3198 1922 3447 1988 Usserio,

1880 2014 1937 2068 in
1970 2013 2377 2085 Prolegomenis
2407 2015 2761 2085 epistolarum
2792 2014 3219 2085 lgnatianarum,
3252 2031 3373 2086 cap.
3399 2016 3453 2082 7,

1879 2106 2082 2176 quique
2103 2114 2281 2161 exstat
2302 2106 2465 2161 etiam
2491 2107 2544 2159 in
2570 2122 2704 2162 mss.
2729 2107 2856 2170 277,
2881 2106 3005 2161 507.
3030 2105 3165 2176 Reg.
3193 2107 3452 2164 Biblioth.

1878 2200 2123 2270 loquitur
2145 2200 2210 2255 ad
2247 2201 2394 2253 hunc
2428 2200 2651 2253 modum
2685 2219 2697 2253 :
2722 2198 2832 2270 Τὴν
2858 2200 2913 2253 δὲ
2941 2199 3159 2271 διδαχὴν
3185 2200 3293 2252 τῶν
3323 2202 3460 2253 ἀπο-

1881 2293 2102 2359 στόλων,
2131 2294 2274 2355 τινὲς
2302 2292 2549 2360 λέγουσιν
2585 2287 2723 2345 εἶναι
2762 2292 2862 2352 τάς
2898 2291 2984 2345 διὰ
3018 2291 3113 2345 τοῦ
3143 2292 3459 2363 Κλήμεντος

1878 2386 2182 2457 γραφείσας
2207 2385 2315 2439 τῶν
2349 2383 2659 2437 ἀποστόλων
2690 2382 2978 2448 διατάξεις,
3017 2382 3082 2446 ἃς
3116 2386 3148 2455 ή
3190 2382 3457 2454 λεγομένη

1877 2477 2011 2549 ἕκτη
2040 2477 2253 2541 σύνοδος
2278 2474 2740 2545 ἀναγινώσκεσθαι
2769 2476 2831 2527 οὐ
2861 2478 3148 2546 συγχωρεῖ,
3178 2474 3252 2537 ὡς
3278 2473 3461 2528 νοθευο

1880 2570 2064 2633 θείσας
2083 2572 2176 2624 καὶ
2198 2568 2649 2641 παραφθαρείσας
2662 2568 2783 2609 ³⁹·⁸⁸
2814 2566 2918 2621 ὑπὸ
2936 2566 3241 2639 αἱρετικῶν.
3255 2565 3456 2621 Conci-

1878 2665 2069 2735 nitque
2097 2664 2382 2719 Mattlneus
2411 2662 2710 2726 Blastares,
2742 2662 3002 2717 collector
3024 2660 3308 2715 Canonum
3336 2660 3457 2714 ine-

1878 2757 2048 2820 ditus,
2100 2757 2157 2811 in
2205 2756 2499 2810 multorum
2549 2754 2895 2809 bibliothecis
2948 2755 3145 2817 latens,
3190 2752 3369 2807 littera
3403 2751 3455 2821 β,

1878 2865 1999 2920 cap.
2031 2851 2115 2913 11,
2147 2849 2236 2904 ubi
2268 2848 2336 2904 de
2360 2848 2419 2902 ὃ.
2444 2848 2729 2903 Athanasii
2758 2848 2899 2909 loco,
2924 2846 3010 2900 his
3041 2846 3220 2901 verbis
3248 2865 3260 2899 :
3292 2844 3460 2909 ’Ἐξω-

1879 2942 1969 2997 θεν
2007 2944 2065 2996 δὲ
2112 2942 2221 2996 τῶν
2257 2941 2686 3011 κανονιζομένων
2733 2934 2871 2991 εἷναί
2920 2954 3074 3008 φησι,
3116 2937 3214 3009 τὴν
3261 2938 3459 3007 Σοφίαν

1878 3035 2242 3107 Σολομῶντος,
2270 3042 2402 3098 etc.,
2420 3034 2510 3087 τὸν
2539 3032 2800 3102 Ποιμένα,
2833 3031 2927 3084 καὶ
2973 3030 3070 3101 τὴν
3108 3029 3324 3099 διδαχὴν
3351 3028 3459 3081 τῶν

186 3117 245 3171 in
287 3131 459 3186 opere
488 3114 694 3169 Ariana
725 3115 1003 3183 videntur,
1028 3116 1170 3172 forte
1202 3118 1581 3189 interpolatori
1610 3122 1773 3175 tribui

1887 3129 2048 3197 ἁγίων
2076 3126 2405 3181 ἀποστόλωψ
2428 3124 2629 3194 ταύτην
2656 3124 2713 3176 δὲ
2737 3126 2770 3193 ἡ
2792 3122 2924 3192 ἕκτη
2946 3121 3156 3183 σύνοδος
3177 3120 3454 3190 ὴθέτησεν.

185 3210 417 3274 delnnt,
451 3216 514 3263 ut
537 3222 566 3261 a
589 3206 866 3264 Trullanis
891 3218 1179 3279 censetur;
1201 3212 1340 3267 forte
1363 3213 1604 3285 ἀρχαῖκὰ
1626 3224 1775 3281 sunt,

187 3300 451 3358 haeretica
484 3314 598 3369 non
628 3313 777 3365 sunt,
817 3301 1141 3373 depelliquc,
1176 3304 1302 3359 licet
1339 3319 1481 3376 agre
1505 3346 1519 3367 ,
1547 3316 1777 3375 possunt

1946 3219 2053 3274 Sed
2080 3228 2272 3273 contra
2319 3219 2400 3273 sic
2436 3225 2907 3286 argumentantur.
2956 3212 3163 3278 Primo,
3211 3211 3460 3266 Athana-

1882 3308 2238 3385 εἰυέςΔιδαχὴν
2277 3310 2384 3363 τῶν
2432 3307 2743 3362 ἀποστόλων
2767 3307 2911 3361 inter
2936 3320 3031 3361 eos
3065 3304 3232 3359 libros
3263 3319 3460 3358 nume.

188 3400 355 3470 iuxta
389 3402 627 3452 mer-19"!
671 3391 875 3451 Ριὶοῑίίο
926 3393 1069 3460 ρυῖά
1112 3404 1296 3451 tamen
1333 3398 1380 3452 Si
1412 3397 1778 3468 Epiphanium
1878 3412 1965 3460 rat
1985 3404 2077 3475 qui
2098 3402 2508 3458 catechumenis
2528 3400 2739 3471 legendi
2769 3405 2982 3464 essent;
3025 3413 3147 3451 cum
3171 3397 3295 3452 libri
3322 3396 3463 3451 Con-

190 3490 479 3562 deceperit
533 3489 767 3545 titulus?
822 3486 870 3545 si
920 3488 1251 3545 catholicum
1292 3492 1583 3560 putaverit,
1636 3493 1782 3563 quod
1881 3497 2230 3554 stitutionum
2266 3493 2543 3565 episcopis
2571 3493 2683 3547 sint
2713 3490 2902 3551 dicati.
2938 3504 3136 3559 resque
3168 3488 3231 3541 ad
3275 3487 3463 3544 Eccle-

193 3583 927 3656 apostolicumautumabat,
955 3598 1060 3639 nec
1083 3582 1455 3640 inexcusabile
1475 3585 1785 3641 videbatur?
1882 3589 1978 3646 sia:
2003 3590 2245 3659 regimen
2296 3591 2606 3655 spectantes
2656 3589 2918 3645 tractent,
2961 3588 3015 3636 et
3065 3580 3169 3634 alia
3214 3580 3462 3650 qumdam

193 3676 316 3730 lam
363 3674 807 3745 interpolationis
856 3684 1119 3730 centones
1160 3676 1333 3744 ignoti
1392 3676 1614 3731 fuerunt
1656 3676 1784 3747 Epi-

198 3766 430 3831 phanio,
456 3772 513 3817 et
541 3763 793 3833 scriptori
821 3761 1007 3832 Operis
1029 3764 1322 3832 imperfecti
1352 3767 1405 3818 in
1432 3765 1777 3833 Matt/imum;

203 3857 320 3911 noti
365 3854 660 3910 Anastasio
699 3853 1040 3908 Antiocheno
1065 3854 1428 3920 Quwstionum
1448 3875 1511 3910 ac
1540 3858 1774 3929 Respon-

202 3951 417 4002 siomtm
463 3945 715 4000 auctori:
761 3961 871 4013 quo
919 3954 1098 4000 autem
1146 3954 1387 4016 tempore
1431 3952 1665 4017 primum
1712 3967 1779 4006 ex

198 4042 369 4096 otiosi
392 4040 633 4096 hominis
663 4039 883 4096 ofﬁcina
907 4040 1272 4103 manaverint,
1296 4041 1552 4097 similiter
1580 4059 1689 4097 non
1718 4046 1785 4098 li—

199 4143 355 4205 quet.
381 4132 691 4189 Obscurum
721 4140 982 4204 prmterea
1015 4134 1161 4204 quod
1185 4133 1359 4196 aiunt,
1385 4134 1475 4187 alii
1506 4134 1574 4188 ab
1596 4137 1782 4190 eadem

201 4244 374 4282 manu
400 4227 735 4283 mutationes
759 4228 813 4281 in
857 4225 1066 4297 lgnatio
1094 4235 1148 4281 et
1186 4225 1243 4279 in
1285 4224 1785 4283 Constitutionibus

205 4320 502 4392 prodiisse,
549 4320 640 4373 alii
665 4334 695 4373 a
733 4317 1033 4373 Diataxeon
1071 4317 1518 4373 consarcinatore
1548 4320 1786 4388 pseudo-

202 4414 478 4485 lgnatium
512 4413 689 4468 solere
723 4412 1009 4482 compilari
1064 4410 1221 4480 quasi
1272 4412 1357 4465 vel
1395 4427 1503 4465 non
1551 4413 1788 4481 potuerit

1885 3678 2263 3753 μυστικώτερα
2293 3718 2308 3744 ,
2340 3694 2462 3748 quae
2495 3676 2703 3731 idcirco
2736 3690 2949 3729 canone
2981 3673 3352 3744 apostolorum
3386 3672 3466 3727 ul-

1884 3774 2018 3828 timo
2069 3774 2125 3826 in
2160 3772 2357 3841 vulgus
2400 3768 2579 3825 eﬂerri
2634 3775 2909 3823 vetantur.
2959 3765 3229 3831 Secundo,
3253 3764 3460 3837 διδαχή,

1880 3866 2026 3936 apud
2070 3864 2434 3934 Nicephorum
2481 3859 3188 3930 Constantinopolitanum,
3236 3858 3464 3928 ejusque

1885 3956 2269 4027 στιχομετρίας
2309 3957 2667 4023 interpretem
2706 3951 3057 4008 Anastasium
3100 3950 3463 4004 Bibliotheca-

1884 4050 2049 4111 rium,
2082 4047 2371 4104 versiculis
2424 4046 2553 4111 200,
2605 4043 2950 4100 solummodo
2999 4049 3254 4109 constat;
3305 4043 3465 4111 longe

1884 4150 2064 4196 autem
2116 4139 2442 4211 prolixiores
2500 4144 2629 4192 sunt
2658 4136 3113 4195 Constitutiones.
3153 4131 3357 4195 Tertio,
3407 4133 3461 4185 in

1886 4230 2291 4301 Scripturarum
2332 4229 2594 4292 indiculo,
2617 4228 2888 4282 Anastasii
2918 4224 3121 4279 Nicaeni
3147 4216 3464 4282 Quintiani-

1891 4330 1986 4384 bus
2017 4324 2288 4393 subjecto,
2332 4323 2389 4377 in
2416 4321 2635 4391 publica
2667 4315 2996 4374 Oxoniensis
3021 4308 3329 4365 Academia:
3374 4306 3463 4359 Bi-

1886 4412 2526 4483 διίοῐὶιθω,ςΔιδαχα“ιτῶν
2554 4409 2861 4465 ἀποστόλων
2890 4412 2944 4460 et
2962 4400 3288 4457 Διδασκαλία
3318 4397 3465 4467 Κλή-

204 4506 480 4580 B.lgnatii
507 4506 833 4576 depravator
854 4519 918 4557 ex
939 4502 1475 4557 Catholicadoctrina
1504 4504 1788 4573 complura
1820 4487 1867 4546 D
1901 4526 2110 4579 μεντος,
2157 4513 2220 4561 ιιι
2264 4506 2526 4561 distincta
2568 4515 2754 4571 opera,
2797 4497 3109 4568 pariterque
3154 4488 3464 4580 θροοΐᾶξρῆδ

204 4601 487 4667 mutuari;
518 4599 603 4655 vel
639 4615 749 4653 non
791 4596 1109 4653 credibilius
1142 4596 1253 4661 ﬁat,
1295 4611 1392 4651 sua
1438 4610 1505 4649 ex
1556 4593 1791 4664 pseudo-

201 4693 571 4750 Clementinis
622 4691 941 4746 Diataxibus
990 4688 1212 4744 auxisse
1253 4685 1789 4758 pseudo-lgnatium;

206 4790 375 4859 cujus
394 4785 842 4857 interpolationes
866 4799 1025 4838 verus
1044 4780 1285 4853 lgnatius
1314 4779 1790 4835 manifestissimas

207 4881 381 4945 facit;
414 4893 542 4933 cum
571 4876 1037 4933 Constitutionum
1075 4873 1400 4942 corruptelae
1430 4878 1628 4941 pra-ter
1655 4887 1793 4940 pau-

209 4972 474 5027 cissimas
495 4969 885 5024 occultissima:
914 4967 1060 5023 sint?
1087 4965 1242 5020 Mitto
1269 4965 1371 5019 viri
1399 4964 1546 5018 docti
1568 4962 1792 5017 Davidis

208 5062 487 5119 Blondelli
511 5060 568 5115 in
592 5076 827 5117 censura
850 5060 1094 5131 epistola:
1123 5059 1311 5129 primae
1332 5057 1628 5112 decretalis
1673 5056 1796 5110 Cle-

211 5155 392 5214 menti
422 5155 676 5225 ascripta:
704 5154 1096 5208 divinationem
1133 5171 1145 5207 :
1180 5150 1337 5217 Quod
1386 5150 1480 5221 qui
1535 5149 1797 5216 διαταγὰς

212 5250 466 5321 scripsit,
497 5248 720 5303 natione
754 5246 919 5301 fuerit
949 5244 1271 5299 Palaestiuus
1301 5252 1395 5297 aut
1420 5242 1671 5304 Pluenix,
1706 5249 1797 5295 ut-

214 5356 347 5417 pote
378 5343 472 5416 qui
496 5342 754 5396 thronum
804 5336 1357 5408 Hierosolymitanum
1391 5334 1619 5404 reliquis
1658 5347 1800 5402 prae-

214 5438 385 5502 t‘erat,
414 5437 513 5491 lib.
540 5450 663 5496 vm,
685 5448 806 5503 cap.
833 5431 922 5494 10,
952 5437 1006 5485 et
1023 5430 1247 5484 nomina
1269 5427 1552 5483 mensibus
1577 5426 1800 5479 inventa

216 5546 249 5584 a
278 5529 470 5601 Tyriis
500 5527 762 5597 imponat.
788 5522 908 5578 Non
936 5523 1116 5593 agitur
1146 5523 1214 5578 de
1235 5522 1529 5577 eminentia
1558 5519 1793 5582 sedium,

216 5621 315 5677 ubi
340 5620 634 5691 episcopus
655 5614 1059 5672 Alexandrinus
1085 5614 1416 5686 praeteritur.
1445 5610 1710 5668 Iacobum
1731 5625 1797 5666 eo

296 5777 429 5817 ⁸⁸-η
459 5776 545 5834 Al.
578 5773 1052 5844 παραγραφείσας.

1896 4578 2252 4655 recensentur
2277 4615 2293 4665 ;
2323 4604 2378 4650 at
2400 4592 2742 4654 διδασκαλίας
2773 4589 2987 4643 titulum
3014 4582 3306 4655 praeferunt
3340 4578 3468 4631 Dia-

1896 4700 2052 4747 taxes
2076 4708 2090 4757 ;
2124 4690 2310 4759 itaque
2323 4687 2545 4756 Διδαχαὶ
2567 4701 2595 4739 a
2619 4677 3120 4738 Constitutionibus
3148 4671 3359 4728 secerni
3377 4668 3466 4722 de-

1894 4784 2045 4839 bent.
2090 4782 2317 4848 Quarto,
2367 4794 2399 4832 a
2438 4777 2664 4849 Synopsi
2708 4769 3077 4827 Athanasiana
3095 4761 3291 4832 Διδαχὴ
3330 4761 3468 4813 ἀπο-

1900 4877 2101 4930 στόλων
2142 4882 2196 4929 et
2239 4871 2551 4943 Κλημέντια
2577 4867 2724 4923 velut
2752 4864 2862 4919 duo
2898 4860 3023 4917 libri
3054 4860 3463 4917 memorantur;

1899 4968 1958 5022 in
1985 4964 2343 5022 Clementinis
2380 4969 2562 5016 autem
2608 4958 2960 5013 continentur
3013 4946 3462 5005 Constitutiones,

1895 5060 2096 5129 quippe
2124 5071 2245 5126 quae
2289 5053 2585 5109 Clementis
2628 5064 2827 5105 nomen
2878 5045 3193 5117 praeferunt.
3238 5040 3463 5106 Quinto,

1897 5166 2065 5221 agens
2094 5148 2160 5203 de
2186 5146 2483 5202 Clementis
2527 5143 2785 5214 operibus
2842 5137 3112 5193 Eusebius
3132 5173 3147 5199 ,
3178 5129 3468 5187 Doctrinas

1898 5244 2272 5316 apostolorum
2298 5238 2522 5293 omittit.
2549 5235 2738 5299 Sexto,
2769 5232 3013 5287 codicem
3038 5224 3465 5297 apostolicarum

1897 5334 2365 5390 Constitutionum
2395 5330 2567 5384 multa
2608 5327 2812 5381 Ariana
2852 5322 3321 5390 complectentem,
3365 5324 3467 5365 nec

1897 5427 2090 5481 Ariani
2129 5440 2229 5495 pro
2274 5404 2685 5478 conﬁrmatione
2733 5417 2818 5471 sui
2849 5412 3053 5469 erroris
3100 5407 3498 5464 adduxerunt,.

1901 5533 2006 5573 nec
2058 5518 2351 5572 adductum
2394 5511 2729 5568 Athanasius
2776 5503 3032 5576 expendit
3061 5520 3076 5556 :
3109 5513 3217 5569 quo
3263 5495 3320 5549 tit
3383 5499 3463 5555 ut,

1903 5617 2154 5668 exstante
2181 5605 2574 5665 Athanasianis
2598 5598 2939 5672 temporibus
2968 5589 3337 5664 Apostolorum
3359 5583 3470 5638 Do-
