3896 6174
180 343 291 399 517

1003 335 1606 410 CONSTITUTIONES
1644 331 2121 392 APOS'I'OLICA‘I.
2156 367 2223 377 —
2245 331 2609 391 PROGSMIA.

178 459 381 516 ctrina.
406 458 501 521 2'5,
527 457 814 531 Poiyearpi
846 458 945 514 Do-
1017 458 1124 521 κδ’,
1160 457 1412 527 ’ῐγνατίου
1431 455 1765 509 διδασκαλία.

1875 452 1991 527 ὥρᾳ
2044 452 2243 525 δεκάτῃ
2309 453 2410 524 τῆς
2453 448 2645 515 νυκτὸς

181 562 352 611 m'na.
434 554 537 620 24,
606 553 949 627 Evangelium
1020 559 1127 622 κγ’,
1170 553 1527 624 Πολυκάρπου
1554 551 1795 605 διδασκα-

177 650 471 705 scentulum
500 650 824 706 Barnabam.
854 650 946 718 25,
1023 647 1235 713 λία.κδ’,
1267 647 1598 717 Εὐαγγέλιω
1636 644 1778 699 κατὰ

185 739 537 811 anngelium
658 740 944 796 secundum
1020 744 1296 816 Βαρνάϐα.
1326 751 1422 807 κε’,
1446 742 1777 814 Εὐαγγέλιον

175 833 521 891 lattlueum.
1020 840 1159 893 κατὰ
1185 840 1477 895 Ματθαϊον.

250 947 359 1004 Ubi
403 948 637 1020 Διδαχὰς
676 950 785 1004 τῶν
820 952 1132 1007 ἀποστόλων
1168 961 1225 1011 et
1242 954 1600 1012 Διδασκαλίαν
1628 956 1774 1027 KH;-

180 1058 381 1112 μεντος
407 1041 676 1113 distingui
702 1041 888 1111 video,
917 1060 1029 1100 non
1066 1045 1226 1101 video
1265 1063 1375 1117 qua
1415 1047 1626 1102 ratione
1655 1047 1774 1102 diso

175 1135 527 1204 tinguantur.
572 1134 772 1203 Quidni
803 1144 863 1191 ut
897 1135 1081 1203 Liber,
1114 1138 1145 1193 ὲ
1173 1137 1323 1196 Libri
1350 1139 1633 1211 Epitome?
1691 1139 1772 1195 Ad

176 1229 297 1284 haec
317 1231 508 1285 multae
532 1231 753 1288 fuerunt
779 1232 1121 1289 διδασκαλίαι
1169 1242 1226 1291 et
1253 1235 1545 1293 Doctrina.
1579 1234 1771 1308 lgnatii

174 1330 234 1377 et
260 1322 555 1396 Polycarpi
578 1325 689 1380 hic.
722 1325 982 1381 Doctrina
1012 1326 1181 1395 Petri,
1219 1329 1362 1399 apud
1391 1328 1679 1400 Origenem
1715 1336 1771 1383 ct

175 1416 610 1473 Damascenum.
645 1418 994 1474 Διδασκαλίαι
1047 1420 1156 1474 τῶν
1210 1422 1381 1490 ἁγίων
1434 1421 1767 1487 ἀποστόλων,

174 1510 275 1564 lib.
327 1525 385 1575 ν,
424 1510 569 1579 juris
620 1508 1078 1568 Graeco-Romani
1132 1514 1188 1569 in
1254 1514 1684 1586 lnterrogatione
1733 1512 1768 1567 2

172 1596 350 1651 Marci
380 1597 734 1654 Alexandrini
770 1611 824 1656 et
852 1600 1231 1672 Responsione
1276 1601 1550 1659 Theodori
1579 1603 1769 1659 Balsa-

171 1690 367 1745 monis
398 1690 468 1744 ad
506 1691 677 1758 illam,
716 1707 927 1747 necnon
962 1693 1269 1750 Didascalia
1299 1697 1616 1766 apostolica,
1646 1711 1767 1767 quae

174 1782 326 1852 apud
359 1782 647 1853 Ethiopes
671 1784 1075 1841 circumfertur.
1104 1785 1216 1843 Cur
1245 1790 1429 1858 itaque
1456 1805 1566 1845 non
1589 1790 1763 1845 exsti-
1795 1809 1839 1869 Β

172 1875 309 1927 terit
352 1874 519 1928 etiam
554 1874 884 1931 Διδασκαλία
929 1878 1266 1951 Κλήμεντος,
1298 1881 1513 1937 diversa
1542 1893 1572 1936 a
1593 1880 1766 1938 Καθο-

171 1963 300 2035 λικῇ
333 1963 687 2036 διδασκαλίᾳῖ
714 1965 794 2021 Ad
836 1966 888 2020 4.
921 1966 1065 2023 Bene
1094 1969 1203 2025 duo
1230 1969 1354 2024 libri
1387 1969 1525 2024 ﬁunt
1547 1970 1606 2025 in
1637 1969 1770 2042 Syn-

180 2053 301 2119 opsi
359 2052 647 2110 Athanasii
692 2058 1170 2131 vocitata,At6axiq
1199 2060 1307 2113 τῶν
1336 2061 1669 2127 ἀποστόλων,
1712 2070 1765 2117 et

173 2141 526 2213 Κλημέντια,
578 2162 688 2217 quo
734 2156 895 2217 pacto
938 2150 1080 2218 apud
1127 2149 1419 2221 Nicephori
1468 2151 1765 2208 Historiam

172 2231 274 2287 lib.
313 2247 401 2296 lu,
430 2250 552 2305 cap.
595 2237 684 2300 18,
707 2238 989 2304 Διατάξεις
1028 2240 1382 2295 ἀποστολικαί
1426 2251 1482 2297 et
1511 2242 1583 2297 τὰ
1620 2242 1766 2315 Κληα

177 2324 402 2410 μέντια.
433 2326 517 2380 Ad
541 2327 593 2381 5.
613 2328 692 2382 Ad
726 2330 975 2386 eumdem
1014 2332 1203 2387 forsan
1249 2334 1473 2388 modum
1502 2336 1767 2390 omittun-

173 2426 272 2475 tur
301 2420 376 2475 ab
405 2418 644 2475 Eusebio
669 2421 1024 2481 Clementinae
1052 2424 1330 2492 Diataxes,
1371 2443 1603 2497 quarum
1634 2431 1763 2486 alibi

174 2510 435 2564 meminit
476 2510 581 2565 sub
629 2512 853 2568 nomine
887 2513 1271 2571 Doctrinarum
1315 2519 1761 2587 apostolicarum,

172 2616 289 2673 quo
334 2600 596 2656 videntur
637 2604 905 2673 praeteriri
943 2606 1296 2665 Clementia-ae
1328 2608 1567 2676 Periodi,
1624 2627 1764 2683 quas

173 2689 288 2743 alio
324 2689 382 2742 in
436 2689 561 2744 loco
610 2703 1026 2761 commemorat,
1076 2696 1357 2766 appellans
1383 2696 1529 2753 Petri
1574 2697 1762 2756 Actus.

172 2778 263 2832 Ad
309 2778 370 2832 6.
398 2778 548 2845 Quot
594 2779 703 2833 alia
749 2780 1004 2838 Veterum
1039 2785 1209 2840 citare
1245 2786 1401 2840 licuit
1441 2788 1681 2855 Arianis,
1710 2798 1766 2845 et

173 2868 534 2924 dissolvenda
561 2869 863 2928 Athanasio
904 2874 1245 2947 relinquere?
1274 2876 1441 2933 Verbi
1476 2879 1670 2951 gratia,
1706 2888 1767 2935 ut

175 2975 207 3014 a
260 2961 549 3017 Clemente
592 2976 705 3015 non
750 2963 1051 3031 discedam,
1089 2967 1525 3042 Recognitionum
1572 2971 1764 3039 libros,

172 3056 378 3127 plenos
405 3056 727 3111 Arianismi.
760 3056 892 3123 Quae
919 3065 1100 3113 tamen
1131 3060 1200 3114 ab
1236 3062 1304 3115 iis
1340 3062 1516 3119 fuisse
1553 3064 1766 3135 prolata

1881 545 1942 617 (f-
1970 543 2167 618 έδδόμη
2187 546 2288 618 τῆς
2307 542 2564 618 ἡμέρας),
2585 546 2644 599 ἐν

1876 643 1956 715 τῷ
1996 643 2230 716 Ἰορδάνῃ
2263 643 2515 714 ποταμῷ.
2549 643 2645 696 Ἔ-

1880 752 2059 806 μεινεν
2085 736 2140 790 δὲ
2174 735 2271 789 σὺν
2297 735 2429 808 ἡμῖν
2464 735 2523 789 ὲν
2563 734 2643 809 τῷ

1876 832 2087 903 κόσμῳ,
2122 831 2415 905 κηρύσσων
2459 830 2521 883 τὸ
2553 831 2642 884 εὐ-

1848 944 1853 953 '
1875 926 2127 995 αγγέλιον
2196 927 2298 997 τῆς
2364 925 2642 997 βασιλείας

1873 1021 1981 1075 τῶν
2021 1021 2287 1093 οὐρανῶν,
2336 1018 2436 1074 καὶ
2479 1019 2641 1091 θεραρ-

1874 1114 2054 1170 πεύων
2102 1116 2283 1169 πᾶσαν
2335 1115 2490 1168 νόσον
2546 1116 2641 1169 καὶ

1872 1209 2054 1261 πᾶσαν
2117 1206 2387 1278 μαλακίαν
2448 1208 2507 1259 ὲν
2561 1205 2641 1277 τῷ

1871 1297 1985 1369 λαῷ
2005 1337 2019 1361 ,
2073 1297 2179 1361 ἓως
2233 1297 2447 1366 ἐγένετο
2504 1297 2639 1349 ἐτῶν

1870 1388 1969 1452 λ6’,
1999 1390 2095 1443 καὶ
2140 1389 2325 1460 μηνῶν
2364 1389 2551 1461 τριῶν,
2582 1388 2639 1443 ὲν

1868 1477 1924 1532 δὲ
1975 1479 2054 1550 τῷ
2109 1479 2417 1551 τριακοστῷ
2473 1480 2640 1551 τρίτῳ

1868 1566 1976 1620 ἔτει
2032 1563 2201 1621 αὐτοϋ
2276 1566 2637 1639 ἐσταυρώθη,

1866 1657 2127 1730 Φαμενὼθ
2177 1657 2257 1711 κθ¹
2315 1655 2420 1730 [ἱη
2466 1672 2635 1727 marg.

1865 1751 2117 1822 Μαρτίῳ,
2146 1748 2280 1821 κγἺ,
2324 1746 2509 1821 ἡμέρᾳ
2548 1750 2640 1802 ἕκ-

1866 1860 1955 1915 τῃ,
1986 1838 2105 1916 ὥρᾳ
2131 1842 2263 1914 ἕκτῃ
2284 1839 2385 1913 τῆς
2404 1842 2638 1915 ἡμέραςι

1866 1936 1962 1989 καὶ
2003 1935 2105 2006 τῆς
2163 1934 2393 2007 σελήνης
2425 1933 2502 1987 t5"
2543 1934 2639 1988 ἀν-

1867 2026 1998 2099 έστη
2048 2027 2106 2081 δὲ
2170 2028 2229 2080 ὲν
2311 2025 2630 2098 τριημέρῳ,

1864 2118 2165 2192 Ηαρμουθή
2204 2117 2297 2188 (al.
2329 2118 2627 2191 Φαρμουθί)

1867 2212 1928 2287 (f.
1962 2212 2134 2268 deest.
2182 2212 2252 2283 a')
2324 2212 2405 2283 [in
2456 2229 2631 2283 marg.

1881 2302 2195 2375 Ἀπριλλίῳ]
2248 2304 2432 2375 ἡμέρᾳ
2482 2303 2631 2375 πρώ-

1865 2421 1955 2475 τῃ,
1987 2403 2106 2475 ὥρᾳ
2136 2404 2269 2475 ἕκτῃ
2300 2403 2400 2473 τῆς
2419 2403 2628 2468 νυκτός·

1866 2498 1960 2550 καὶ
1990 2495 2144 2568 ὤφθη
2178 2498 2341 2549 πᾶσιν
2368 2498 2501 2567 ἡμῖν
2521 2500 2634 2560 τοῖς

3360 336 3471 395 818

2713 463 2916 503 omnem
2936 450 3173 502 morbum
3195 456 3244 503 et
3266 466 3470 505 omnem

2711 544 3074 615 aegritudinem
3096 546 3151 598 in
3186 545 3377 614 populo
3401 545 3468 611 θ’,

2709 639 2872 693 donec
2925 647 3082 693 natus
3144 639 3244 708 fuit
3303 656 3470 694 annos

2710 745 2884 796 xxxn,
2924 740 2975 785 et
3011 745 3209 784 menses
3236 738 3361 785 tres.
3404 729 3470 785 In

2711 827 2974 881 tricesimo
3058 828 3212 881 tertio
3296 834 3471 880 autem

2708 925 2883 980 aetatis
2922 939 3034 979 sua:
3077 940 3216 978 anno
3257 922 3472 992 cruciﬁ—

2707 1036 2806 1075 xus
2844 1030 2943 1085 est,
2989 1018 3336 1074 Phamenoth.
3373 1017 3468 1084 25,

2708 1110 2919 1183 (Martii
2951 1108 3044 1181 25)
3068 1110 3134 1175 ⁸⁸,
3178 1108 3262 1164 die
3302 1118 3469 1177 sexto,

2707 1203 2838 1258 hora
2889 1201 2993 1256 diei
3036 1210 3207 1268 sexta,
3255 1210 3305 1255 et
3356 1215 3468 1265 xlv,

2706 1293 2879 1347 Luna.
2928 1291 3237 1346 Resurrexit
3296 1302 3472 1345 autem

2705 1387 2762 1440 in
2814 1384 3013 1450 triduo,
3060 1385 3253 1439 mensis
3295 1384 3472 1438 Phar-

2707 1476 2875 1530 muthi
2905 1478 2955 1541 l,
2997 1475 3210 1548 (Martii
3246 1474 3337 1546 27)
3385 1474 3472 1530 die

2704 1569 2898 1641 primo,
2927 1570 3059 1623 hora
3092 1583 3243 1623 sexta
3267 1569 3467 1634 noctis;

2704 1674 2755 1718 et
2797 1668 2937 1719 visus
2975 1673 3053 1718 est
3108 1664 3171 1717 ab
3224 1663 3467 1717 omnibus

2707 1760 2855 1814 nobis
2897 1758 3171 1827 discipulis
3208 1758 3322 1827 ejus
3362 1759 3406 1791 ⁶⁹
3448 1774 3468 1823 ;

2707 1868 2770 1906 ac
2822 1850 3182 1920 manifestavit
3240 1850 3469 1921 gloriam

2706 1960 2861 1997 suam
2888 1958 2980 2011 per
2994 1941 3107 1995 dies
3137 1940 3467 2011 quadragin-

2709 2044 2784 2096 ta,
2828 2031 3018 2087 docens
3062 2049 3155 2086 nos
3178 2030 3470 2101 praedicare

2703 2124 2756 2179 in
2775 2125 2981 2177 nomine
2996 2140 3092 2177 suo
3110 2124 3467 2191 paenitentiam

2706 2227 2755 2272 et
2809 2218 3173 2272 remissionem
3226 2227 3468 2287 peccato—

2702 2330 2822 2379 rum
2841 2314 2910 2369 7°.
2933 2313 3250 2383 Assumptus
3267 2323 3346 2367 est
3368 2329 3467 2367 au-

2706 2414 2807 2459 tem
2841 2403 3055 2458 Pachon
3089 2403 3289 2458 decimo
3307 2402 3467 2475 (Maii

2707 2497 2761 2567 5)
2791 2498 2861 2562 ⁷⁸,
2886 2498 3018 2551 Itora
3041 2496 3147 2551 diei
3185 2513 3345 2552 nona.

1870 2588 2139 2661 μαθηταῖς
2191 2588 2394 2642 αὐτοῦ’
2466 2590 2562 2643 καὶ
2636 2590 2981 2661 ἐφανέρωσεν
3037 2589 3134 2661 τὴν
3182 2588 3339 2653 δόξαν
3378 2588 3469 2644 αὖ·

1865 2678 1960 2734 τοῦ
2000 2680 2064 2733 δι’
2095 2680 2320 2752 ἡμερῶν
2351 2680 2792 2753 τεσσαράκοντα,
2836 2681 3101 2735 διδάσκων
3149 2681 3300 2753 ἡμᾶς
3364 2698 3466 2754 κη-

1868 2773 2087 2846 ρύσσειν
2139 2774 2232 2827 ἐπὶ
2288 2772 2366 2845 τῷ
2410 2774 2635 2845 ὀνόματι
2671 2774 2836 2829 αὐτοῦ
2882 2774 3169 2846 μετάνοιαν
3208 2772 3303 2828 καὶ
3326 2774 3464 2844 ἄφε-

1869 2884 1952 2921 σιν
1999 2867 2298 2938 ἁμαρτιῶν.
2344 2866 2639 2940 Ἀνελήφθη

2703 2868 2759 2923 δὲ
2809 2866 3009 2937 Παγὼν
3050 2874 3098 2937 γ’
3149 2866 3220 2939 (f.
3270 2865 3331 2939 ι’)
3381 2865 3466 2939 [in

1867 2973 2041 3030 marg.
2071 2960 2232 3030 Μαΐῳ
2251 2958 2347 3031 γ’],
2399 2959 2518 3033 ὥρᾳ
2566 2961 2610 3014 θ’
2641 2961 2742 3033 τῆς
2770 2962 3005 3035 ἡμέρας.

173 3114 291 3201 non
323 3146 564 3217 legimus
598 3146 655 3201 in
702 3114 1085 3201 SiAthanasii
1117 3114 1511 3220 ScriptisiAd'
1793 3170 1795 3191 ι

1875 3115 2123 3188 Idemque
2178 3117 2540 3188 fragmentum
2588 3118 2652 3172 ὲκ
2696 3118 2805 3173 τῶν
2852 3117 3227 3174 ἀποστολικῶν
3264 3114 3463 3172 Διατά-

173 3238 621 3293 conclusioneni.
656 3236 838 3293 Locus
868 3238 1143 3294 Anastasii
1185 3256 1292 3296 non
1330 3251 1511 3298 exstat
1544 3246 1769 3315 quidem

172 3329 233 3384 in
259 3328 674 3395 Quaestionibus
698 3330 861 3384 editis
891 3346 985 3401 per
1006 3329 1272 3386 Jacobum
1297 3332 1639 3404 Gretserum;
1674 3338 1771 3393 sed

173 3421 234 3474 in
270 3420 527 3477 Editione
554 3419 810 3476 Gentiani
851 3420 1067 3477 Herveti
1100 3421 1395 3493 profertur.
1431 3426 1596 3482 Liber
1638 3444 1771 3484 vero

172 3525 282 3566 ms.
344 3524 502 3564 num.
564 3509 728 3575 1789,
790 3507 1056 3564 Thesauri
1114 3512 1272 3583 regii,
1326 3520 1450 3583 post
1494 3513 1772 3570 Anastasii

174 3607 527 3675 Qmestiones
558 3615 800 3673 centum,
832 3608 995 3664 habet
1025 3610 1290 3680 scriptum
1320 3628 1332 3664 :

176 3742 257 3797 De
302 3745 639 3812 apparitione
690 3744 906 3813 Domini
926 3761 945 3810 ἱ

281 3829 352 3869 ea:
369 3814 843 3871 Constitutionibus

400 3886 731 3954 apostolicis.

250 3991 401 4045 Nam
440 4000 600 4047 natus
628 3992 835 4062 quidem
868 4004 946 4047 est

177 4082 442 4139 Dominus
530 4094 707 4138 noster
790 4083 947 4138 Iesus

178 4180 431 4237 Christus
484 4196 550 4234 ea:
599 4190 787 4236 saneta
826 4180 947 4235 Vir-

176 4275 294 4345 gine
318 4274 526 4341 Maria,
548 4274 603 4329 in
626 4274 943 4340 Bethlehem,

178 4372 470 4427 secundum
493 4370 774 4443 Egyptios
796 4372 946 4428 Chae-

177 4486 243 4523 ae
268 4470 342 4525 29
366 4468 435 4534 ⁸⁸,
461 4468 593 4522 hora
619 4469 823 4523 decima
852 4486 947 4523 no-

176 4570 307 4632 clis;
343 4568 487 4631 quod
514 4579 592 4623 est
618 4584 717 4625 vm
744 4568 794 4622 Κ
799 4570 947 4623 alen-

178 4668 276 4721 das
298 4666 583 4722 Januarii.
626 4667 944 4737 Baptizatus

178 4775 358 4819 autem
393 4774 473 4819 est
504 4766 766 4821 tricesimo
809 4774 944 4821 ceta-

1020 3745 1213 3829 ⁶ξῌερςι
1227 3745 1328 3829 τῆς
1342 3747 1661 3829 ἐπιφανείας
1678 3748 1774 3803 τοῦ

1055 3817 1260 3887 Κυρίου
1280 3833 1291 3845 ·
1312 3817 1375 3870 ὲκ
1394 3817 1499 3871 τῶν
1518 3820 1744 3872 ἀποστο-

1087 3885 1253 3939 λικῶν
1283 3887 1487 3957 Διαταγ
1493 3888 1696 3959 μάτων.

1098 4008 1319 4083 Ἐτέχθη
1355 4012 1452 4083 μὲν
1482 4011 1591 4083 γὰρ
1617 4012 1647 4063 ὁ
1673 4008 1780 4064 Κύ-

1016 4122 1131 4177 ριος
1183 4108 1339 4179 ἡμῶν
1399 4108 1603 4204 Ἰησοῦς
1644 4110 1779 4181 Χρι-

1016 4200 1140 4265 στὸς
1184 4203 1249 4257 ὲκ
1291 4203 1391 4275 τῆς
1430 4200 1591 4273 ἁγίας
1638 4221 1779 4277 παρ-

1015 4296 1167 4352 θένου
1196 4301 1416 4373 Μαρίας
1432 4303 1492 4355 ὲν
1511 4301 1776 4374 Βηθλεὲμ,

1013 4393 1073 4447 ὲν
1104 4397 1233 4466 μηνὶ
1277 4396 1417 4450 κατὰ
1450 4398 1782 4466 Αἰγυπτίους

1871 3210 2004 3276 ξεων
2033 3212 2253 3267 exhibet
2274 3211 2442 3267 codex
2473 3211 2631 3275 1067,
2662 3228 2785 3266 cum
2813 3212 3141 3282 quibusdam
3181 3212 3461 3267 varietati-

1871 3301 2011 3362 bus;
2044 3312 2103 3356 ut
2142 3301 2287 3372 quod
2330 3303 2696 3371 praatermittit
2718 3319 2840 3373 quae
2883 3303 2939 3357 in
2974 3302 3219 3373 margine
3254 3302 3462 3373 prioris

1872 3393 2147 3464 leguntur,
2176 3402 2231 3447 et;
2260 3394 2405 3465 quod
2439 3409 2549 3447 non
2590 3395 2743 3463 ponit
2780 3395 2899 3451 dies
2928 3395 3196 3450 mensium
3230 3394 3458 3467 Chaeac,

1874 3479 2010 3552 Tybi
2038 3488 2093 3536 et
2138 3480 2497 3537 Phamenoth.
2543 3481 2743 3536 Verum
2797 3482 2903 3537 dici
2955 3489 3135 3552 potest
3177 3483 3457 3552 pertinere

1873 3571 2322 3644 ἁποσπαςμάτιον
2337 3573 2405 3628 ad
2420 3572 2779 3637 Διδασκαλίας
2822 3581 2876 3629 et
2908 3572 3146 3638 Διδάξεις
3183 3574 3291 3629 τῶν
3328 3576 3464 3629 ἀπο·-

1877 3663 2110 3730 στόλων,
2142 3672 2233 3718 aut
2258 3664 2326 3718 ad
2363 3663 2620 3720 Diataxes
2652 3666 2877 3735 primas,
2902 3666 2985 3721 vel
3010 3668 3247 3737 aliquam
3273 3683 3460 3722 earum

1874 3754 2346 3824 interpolationem
2394 3754 2550 3810 nobis
2594 3755 2962 3825 incognitam;
3016 3758 3195 3827 qualis
3243 3756 3461 3813 [Ethio—

1876 3846 2207 3917 pica;quam
2233 3856 2430 3901 nostrae
2446 3847 2638 3916 partim
2670 3848 2901 3902 similem
2930 3863 3076 3915 esse,
3112 3850 3312 3920 partim
3341 3849 3460 3906 dis-

1878 3939 2133 4003 similem,
2169 3939 2447 4010 colligitur
2479 3940 2645 3995 exiis
2694 3955 2815 4009 quae
2858 3941 3000 4010 apud
3051 3941 3372 3996 Damianum
3428 3955 3459 3996 ει

1877 4028 2023 4086 Goes
2051 4029 2119 4085 de
2177 4028 2495 4100 Ethiopum
2541 4030 2802 4101 religione
2849 4030 3185 4087 referuntur.
3233 4029 3375 4087 Sane
3404 4033 3457 4087 in

1883 4121 2267 4189 Quwstionibus
2312 4120 2610 4188 Anastasii,
2643 4129 2834 4191 quaest.
2868 4122 2957 4185 60,
2988 4138 3043 4193 p.
3066 4123 3192 4187 598,
3221 4124 3326 4177 ista
3359 4124 3457 4177 ha-

1877 4215 2098 4279 bentur,
2135 4228 2201 4269 ex
2232 4212 2731 4271 Constitutionibus
2789 4214 3129 4286 apostolicis,
3175 4215 3303 4268 ὅταν
3346 4213 3456 4286 γὰρ

1880 4305 2102 4379 καθίσῃ,
2132 4316 2261 4370 etc.,
2294 4320 2395 4359 nec
2418 4306 2770 4360 inveniuntur
2791 4306 2848 4358 in
2878 4305 3103 4360 nostris.
3129 4305 3455 4374 Apostolicre

1878 4399 2042 4452 etiam
2079 4398 2267 4451 nescio
2300 4397 2459 4465 cujus
2495 4396 2920 4451 Constitutionis
2969 4393 3159 4450 Jacobi
3205 4396 3454 4449 meminit

1013 4486 1187 4541 Χοιὰκ
1269 4487 1375 4558 (al.
1442 4488 1631 4560 Χυὰκ)
1699 4496 1776 4542 κε’

1876 4487 2115 4545 Joannes
2144 4487 2397 4543 Nicmnus
2424 4490 2492 4543 de
2513 4488 2799 4542 nativitate
2830 4485 3041 4540 Domini
3069 4495 3202 4541 tom.
3232 4484 3277 4538 ll
3338 4486 3452 4537 Au-

1014 4585 1077 4657 (Γ.
1107 4585 1210 4656 κθ’)
1256 4585 1338 4658 [in
1366 4601 1539 4657 marg.
1574 4588 1772 4657 Δεκεμ-

1013 4678 1151 4753 ϐρίῳ
1183 4679 1243 4751 (f.
1291 4680 1416 4735 add.
1457 4680 1555 4751 κε’)
1576 4679 1619 4752 ],
1653 4678 1773 4753 ὥρᾳ

1012 4778 1211 4849 ἑϐδόμῃ
1280 4777 1381 4847 τῆς
1437 4778 1651 4849 ἡμέρας
1710 4775 1772 4847 (f-

178 4861 247 4914 tis
269 4876 387 4914 sua:
426 4875 587 4923 anno,
637 4876 671 4913 a
713 4858 941 4924 Joanne,
1009 4869 1207 4939 δεκάτῃ
1237 4868 1337 4938 τῆς
1380 4864 1614 4936 νυκτός),
1660 4868 1688 4920 ὃ
1720 4868 1777 4919 ὲ-

180 4956 239 5010 M
284 4957 484 5010 mensis
536 4955 580 5009 Τ
583 4954 693 5026 ybi,
733 4954 945 5010 Janua-

179 5054 245 5106 rii
275 5054 333 5115 6,
379 5053 510 5106 hora
551 5053 775 5123 septima
814 5053 943 5117 diei,

178 5150 231 5203 in
262 5150 428 5218 ﬂuvio
453 5147 708 5203 Iordane.
746 5148 947 5205 Mansit

180 5257 354 5300 autem
376 5244 645 5299 nobiscum
660 5245 714 5299 in
730 5245 945 5311 mundo,

178 5338 481 5404 mendicans
507 5336 833 5407 evangelium
864 5354 947 5392 re-

179 5434 267 5500 gni
307 5432 583 5495 caelorum,
629 5441 683 5485 et
749 5446 943 5486 curans

246 5647 296 5680 ⁸³
354 5643 495 5699 Vide
551 5644 695 5698 intra
762 5645 828 5700 ad
874 5645 968 5701 lib.
1021 5662 1075 5713 ν,
1122 5658 1245 5771 θερί
1314 5641 1381 5697 15
1436 5650 1491 5699 et
1551 5642 1636 5700 ﬂ.

248 5716 438 5771 Matth.
500 5730 576 5771 Iv.
640 5716 748 5771 ‘15:
829 5717 1029 5771 Ix.’55.
1107 5715 1152 5749 ⁸⁸
1243 5714 1368 5769 artii
1450 5715 1540 5771 23.

182 5717 222 5784 ξ’
248 5716 438 5771 Matth.
500 5730 576 5781 Iv,
640 5716 748 5784 ’ὥς
829 5717 1029 5782 Ix,'55.
1107 5715 1152 5749 ⁸⁸
1189 5715 1303 5771 Mar

184 5782 224 5816 ’¹
248 5788 371 5842 Maii
402 5789 456 5844 5.

1012 4975 1124 5010 στιν
1156 4958 1260 5029 πρὸ
1302 4956 1445 5011 ὀκτὼ
1484 4956 1773 5010 Καλάνδων

1024 5050 1365 5121 Ἰανουαρίων
1380 5056 1393 5077 δ
1464 5048 1767 5119 ἐϐαπτίσθη

1011 5147 1066 5200 δὲ
1109 5147 1166 5200 ὲν
1212 5145 1291 5218 τῷ
1331 5145 1634 5218 τριακοστῴ
1673 5146 1773 5199 αὐ-

1012 5238 1106 5291 τοῦ
1123 5238 1250 5303 ἔτει,
1274 5238 1379 5292 ὑπὸ
1394 5236 1655 5301 Ἰωάννου,
1675 5236 1769 5292 τοῦ

1015 5331 1161 5403 Τυϐὴ
1214 5330 1307 5403 (al.
1350 5330 1506 5400 Τυϐὶ)
1555 5337 1643 5394 ια’,
1690 5328 1772 5401 [in

1014 5444 1185 5501 marg.
1251 5427 1609 5499 Ἰαννουαρίῳ,
1669 5426 1770 5499 gn]

1306 5714 1368 5769 tii
1450 5715 1540 5772 23.

1745 5645 1792 5677 ⁸⁸
1828 5644 2144 5702 Decembris
2194 5644 2305 5709 25,
2375 5646 2412 5701 l.
2470 5644 2665 5701 Chron.
2728 5644 2881 5700 Alex.
2919 5682 2933 5705 ,

1648 5715 1693 5749 θ’
1719 5715 1890 5788 Aprili
1926 5719 2158 5773 maxima
2190 5732 2257 5772 ex
2294 5704 2456 5787 parte
2488 5715 2799 5788 respondet.
2884 5715 2930 5747 7°
2968 5704 3102 5769 Huc.
3171 5726 3318 5775 xxiv,
3350 5704 3442 5765 47.

1878 4580 2032 4635 clarii
2059 4579 2465 4635 Combelisiani.
2493 4578 2672 4649 Atque
2700 4577 3052 4649 apostolicam
3091 4575 3450 4630 Constitutio-

1872 4688 1996 4729 nem
2026 4671 2270 4727 ﬁctitiam
2299 4688 2401 4727 nec
2422 4679 2724 4727 exstantem
2745 4679 2935 4724 contra
2967 4682 3153 4723 sacras
3182 4666 3449 4736 imagines

1873 4763 2174 4819 Catholicis
2207 4764 2472 4833 objiciunt
2511 4762 2857 4818 lconomachi
2895 4761 3036 4830 apud
3079 4758 3447 4829 Nicephorum

1875 4856 1982 4913 ΟΡ.
2006 4857 2061 4911 in
2089 4856 2460 4910 Antirrhetico
2486 4854 2542 4919 2,
2581 4854 2703 4910 cod.
2723 4852 2855 4925 Reg.
2891 4854 3012 4908 78L
3054 4851 3192 4907 Vide
3229 4865 3448 4923 quoque

1876 4948 2020 5004 infra
2048 4949 2115 5003 ad
2148 4948 2243 5003 lib.
2276 4963 2361 5013 ιιι,
2396 4963 2521 5018 cap.
2558 4946 2643 5002 14.

1934 5062 2016 5117 Ad
2048 5062 2085 5117 2
2129 5061 2559 5117 conclusionem.
2599 5059 2827 5113 Etiamsi
2865 5058 3199 5114 concedatur
3236 5056 3447 5112 Doctri-

1864 5170 1990 5208 nam
2027 5153 2388 5223 apostolorum
2427 5159 2482 5206 et
2513 5150 2931 5205 Constitutiones
2975 5148 3213 5211 diﬂ‘erre,
3267 5148 3449 5201 incer-

1863 5251 1980 5301 tum
2012 5246 2190 5300 adhuc
2228 5249 2492 5307 remanet,
2531 5257 2598 5295 an
2635 5242 2935 5313 primarum
2977 5238 3443 5295 Constitutionum

1864 5345 2158 5410 corruptor
2183 5337 2328 5391 illam
2359 5334 2672 5388 Doctrinam
2694 5333 3033 5403 compilarit;
3066 5333 3208 5386 sicut
3232 5329 3448 5399 Epistoo

1866 5430 1977 5485 lam
2004 5429 2267 5484 Barnabae
2287 5428 2503 5483 videtur
2530 5426 2909 5497 exscripsisse.
2941 5421 3221 5478 Concludo
3250 5434 3350 5490 ego
3378 5433 3446 5473 ex

2996 5657 3051 5713 p.
3109 5641 3215 5697 552
3235 5678 3250 5703 ,
3313 5635 3440 5713 55f.
