3896 6174
445 316 551 372 519

1314 316 1372 374 S.
1410 318 1813 375 CLEMENTIS
1848 319 1869 374 l
1902 319 2070 377 BOM.
2106 320 2305 377 PONT.
2346 320 2571 379 OPERA
2604 319 2830 377 DUBIA.

3616 324 3735 380 ἐξΞο

444 441 573 488 ante
601 429 788 496 dictis,
820 430 1161 501 probabilius
1200 436 1415 490 censeri
1445 436 1665 507 διδαχὴν
1694 437 1835 493 inter
1863 445 1917 492 et
1957 436 2033 490 δι-
2063 445 2110 501 Α
2139 440 2328 494 limine
2352 440 2983 513 Conciliorum_ponere;
3032 456 3141 511 quo
3180 437 3248 496 de
3290 440 3486 496 ultimo
3525 451 3735 499 auctor

443 524 740 578 δασκαλίαν
770 538 835 579 ac
860 523 1101 587 διάταξιν
1132 525 1268 578 nihil
1307 526 1643 582 intercedere
1668 528 2024 583 discriminis.

516 615 746 686 Reliqua
771 616 838 670 ad
860 614 1298 672 Constitutiones
1329 621 1659 689 apostolicas
1680 622 2027 690 pertinentia,

445 709 533 764 vel
562 709 680 765 visa
712 716 842 763 sunt
882 710 1086 764 leviora
1118 725 1181 765 ac
1217 711 1455 774 tritiora,
1493 713 1576 767 vel
1633 712 1774 766 infra
1804 712 1861 767 in
1892 713 2027 769 locis

447 803 841 867 controversis,
880 802 1301 873 explicabuntur
1333 804 1695 860 commodius.
1734 804 1850 860 Non
1890 820 2031 875 pras-

446 896 623 952 teribo
644 903 825 951 tamen
848 910 969 965 qua:
990 895 1133 952 inter
1153 896 1441 951 scribenda
1464 897 1577 951 haec
1603 896 1789 952 didici.
1820 895 1863 955 1.
1886 896 2030 951 Non-

446 988 600 1043 nulla
664 988 855 1041 harum
898 986 1371 1043 Constitutionum
1429 988 1670 1059 capitula
1721 989 1911 1043 referri
1972 989 2027 1042 in

450 1079 719 1150 principio
750 1081 914 1134 trium
940 1079 1334 1135 Collectionum
1366 1094 1636 1134 canonum
1654 1096 1819 1135 manu
1840 1095 2033 1135 exara-

449 1170 766 1240 tarumReg.
790 1170 1047 1226 Biblioth.
1071 1172 1233 1227 unius
1265 1173 1529 1237 Arabica,
1558 1172 1867 1226 Graecarum
1897 1173 2032 1226 alia-

449 1277 593 1318 rum.
624 1261 684 1317 ll.
710 1262 962 1320 Solemne
988 1281 1110 1322 esse
1139 1264 1531 1331 Orientalibus,
1556 1265 1743 1321 eadem
1774 1265 1953 1335 capita
1976 1265 2032 1319 in

2136 530 2272 584 mihi
2305 531 2579 585 Abraham
2612 532 2979 588 Eechellensis
3010 533 3064 588 in
3095 533 3250 588 Notis
3292 535 3359 588 ad
3395 535 3731 604 Catalogum

2138 622 2445 692 Hebedjesu
2477 639 2530 692 p.
2565 624 2689 688 167,
2737 634 2845 679 etc.
2893 624 3025 678 Nam
3061 625 3128 680 de
3169 631 3337 681 totius
3371 629 3550 696 operis
3582 627 3735 680 Ara-

2134 716 2257 770 bica
2288 716 2538 772 versione
2562 718 2899 786 exploratum
2926 718 3216 782 habebam,
3247 734 3366 773 eam
3396 720 3450 773 in
3473 734 3585 773 non
3612 735 3733 773 una

2137 805 2473 861 Bibliotheca
2522 808 2749 862 servari.
2798 805 2885 873 lli,
2930 808 3165 878 denique
3213 824 3363 878 spem
3402 808 3543 875 dari,
3594 808 3734 863 Cie-

2136 899 2409 954 mentinas
2433 899 2851 955 constitutiones
2880 915 3003 953 cum
3030 900 3198 957 variis
3227 901 3599 970 apostolorum
3628 916 3731 953 ca-

2132 990 2371 1045 nonibus
2397 990 2628 1059 aliisque
2650 986 2977 1060 Ethiopicis
3004 992 3226 1061 scriptis
3260 991 3411 1045 brevi
3453 992 3509 1045 in
3536 992 3730 1046 lucem

2133 1079 2472 1150 prodituras.
2499 1096 2633 1136 cura
2659 1088 2713 1137 et
2733 1081 2916 1136 studio
2943 1079 3222 1137 Vanslehii
3252 1081 3540 1136 clarissimi
3566 1081 3729 1136 illius

2153 1173 2353 1244 lingua:
2382 1174 2598 1245 peritia,
2628 1176 2685 1230 in
2706 1174 3130 1230 Praedicatorum
3160 1173 3362 1229 familia
3394 1173 3658 1246 theologi.

1242 1450 3696 1477 ______________._—______.——_————————

1549 1602 2166 1691 FRANCISCI
2248 1600 2517 1689 PAGI

974 1802 1063 1859 DE
1096 1797 1781 1859 CONSTITUTIONIBUS
1816 1794 1905 1851 ET
1938 1792 2340 1852 CANONIBUS
2372 1790 2822 1849 APOSTOLICIS
2854 1791 3197 1849 JUDICIUM.

883 1959 993 2029 (Ex
1029 1962 1532 2019 breviarioCestorio
1563 1959 1881 2027 Pontiﬁcum
1915 1956 2295 2019 Romanorum,
2327 1955 2383 2007 in
2420 1953 2541 2007 Vita
2566 1951 2869 2016 Clementis,
2906 1949 3003 2023 ῆν
3032 1961 3080 2005 et
3102 1953 3267 2023 seqq.)

522 2262 619 2316 llic
648 2259 839 2332 paucis
870 2257 1135 2328 agendum
1162 2255 1228 2310 de
1247 2252 1744 2310 Coustitutionibus
1774 2258 1825 2304 et
1850 2248 2030 2303 Cano-

2130 2264 2303 2318 videri
2329 2262 2540 2317 scribit.
2575 2260 2734 2315 Ratio
2773 2261 2974 2332 prioris
3009 2267 3112 2319 est.
3152 2260 3280 2330 quia
3311 2258 3714 2315 Constantinus

448 2354 612 2410 nibus
641 2352 1009 2423 apostolorum
1039 2348 1258 2403 nomine
1289 2345 1604 2414 inscriptis;
1636 2358 1866 2413 quarum
1895 2340 2031 2393 dua-

448 2460 571 2500 rum
595 2444 973 2499 collectionum
1022 2439 1179 2493 multi
1220 2446 1499 2490 auctorem
1547 2435 1751 2487 faciunt
1796 2431 1853 2485 S.
1904 2428 2028 2483 Cle-

449 2546 719 2603 mentem;
756 2535 884 2605 quia
916 2532 1045 2587 Iicct
1078 2530 1249 2587 amba:
1294 2530 1436 2583 inter
1481 2526 1792 2597 apocrypha
1836 2538 2029 2577 recen-

448 2634 693 2691 seantur,
713 2624 950 2680 Canones
972 2630 1150 2675 tamen
1178 2617 1539 2687 apostolorum
1567 2615 1724 2681 vulgo
1751 2610 1882 2664 dicti
1913 2609 2029 2662 sin-

447 2719 624 2789 gulari
662 2718 894 2787 quadam
927 2713 1183 2768 Ecclesiae
1226 2710 1519 2764 Primitiva:
1553 2705 1800 2758 doctrina
1840 2699 2026 2755 referti

448 2818 599 2865 sunt.
627 2808 1059 2864 Constitutiones
1090 2804 1309 2876 quidem
1343 2817 1443 2855 vttt
1482 2799 1636 2853 libris
1676 2793 2027 2863 comprehen-

448 2916 541 2957 sas
586 2900 815 2955 Carolus
861 2898 1081 2961 Bavius,
1138 2893 1466 2950 Ostunensis
1513 2890 1822 2959 episcopus,
1881 2897 2025 2938 anno

449 2995 591 3051 1575
619 2995 673 3047 iu
700 2995 872 3047 lucem
904 2991 1104 3053 emisit,
1137 2998 1191 3043 et
1216 3003 1247 3042 e
1287 2986 1477 3039 Graeco
1523 2984 1576 3036 in
1613 2980 1865 3033 Latinum
1908 2991 2025 3030 ser-

446 3102 661 3141 monem
693 3085 992 3139 transtulit.
1018 3082 1123 3135 Eas
1146 3088 1334 3151 postea
1365 3076 1694 3131 Franciscus
1718 3070 2022 3125 Turrianus

446 3176 637 3233 Latine
669 3178 1053 3245 interpretatus
1075 3182 1179 3235 est,
1206 3180 1259 3226 et
1278 3167 1686 3225 coumtentariis
1707 3160 2019 3219 illustravit.

447 3266 647 3322 Verum
681 3268 871 3319 harum
904 3264 1367 3318 Constitutionum
1400 3268 1587 3313 auctor
1632 3272 1738 3311 non
1777 3262 1862 3310 est
1901 3253 2022 3306 Cle-

446 3376 601 3416 mens
649 3357 950 3419 Romauus,
992 3356 1121 3425 quia
1174 3352 1465 3415 Eusebius,
1513 3350 1608 3405 lib.
1641 3364 1724 3413 ιιι,
1762 3363 1811 3403 c.
1845 3347 1933 3408 15,
1965 3352 2022 3400 et

448 3452 812 3521 Hieronymus
851 3448 922 3503 De
957 3441 1301 3516 scriptoribus
1330 3439 1697 3496 ecclesiasticis
1720 3484 1734 3507 ,
1778 3452 1903 3490 cum
1953 3436 2021 3491 de

447 3543 670 3613 scriptis
702 3540 761 3596 ὃ.
799 3537 1095 3593 Clementis
1134 3542 1321 3606 agunt,
1355 3547 1519 3587 unam
1566 3531 1831 3585 duntaxat
1871 3528 2019 3582 illius

447 3634 516 3689 ad
546 3630 860 3689 Corinthios
890 3628 1185 3698 Epistolam
1210 3630 1515 3680 recensent.
1549 3619 1818 3675 Praaterea
1856 3617 2017 3671 lium-

446 3730 636 3785 bertus
669 3725 999 3790 Cardinalis,
1022 3723 1310 3791 episcopus
1357 3717 1518 3772 Silva:
1558 3714 1834 3776 Caudidse,
1880 3712 2018 3765 Leo-

446 3820 535 3875 nis
556 3819 646 3882 IX,
672 3820 815 3888 apud
845 3812 1355 3882 Constantinopolin
1401 3810 1631 3880 legatus,
1674 3806 1876 3860 Nicetae
1916 3804 2019 3859 Pe-

447 3921 680 3976 ctorato,
697 3909 1160 3963 Constitutionum
1184 3902 1607 3974 apostolicarum
1630 3900 1750 3952 loca
1770 3896 2017 3967 quaedam

447 4013 638 4061 contra
670 4002 894 4057 Sabbati
921 3999 1210 4069 jejunium,
1242 3992 1543 4064 objicieuti,
1593 3991 1680 4045 his
1718 3990 1899 4044 verbis
1932 4004 2017 4043 re-

448 4098 719 4171 spondet:
756 4095 870 4149 Hoc
907 4108 1138 4148 asserere
1169 4090 1377 4144 conaris
1416 4102 1479 4141 ex
1509 4083 1832 4155 Apocryphis
1868 4082 2016 4135 libris

445 4202 495 4246 et
524 4188 834 4251 canonibus,
865 4185 985 4254 pari
1018 4183 1275 4237 sententia
1308 4179 1409 4235 SS.
1438 4178 1661 4232 Patrum
1693 4173 2017 4244 repudiatis;

445 4296 500 4343 et
545 4284 704 4355 paulo
735 4288 855 4351 post
894 4300 905 4334 :
943 4277 1087 4332 Unde
1123 4292 1217 4329 nos
1244 4289 1442 4343 quoque
1474 4286 1623 4324 omne
1648 4265 2017 4337 Apocrgpltum

448 4374 752 4442 abjicientes
780 4369 1126 4437 dedignamur
1160 4363 1345 4417 audire
1382 4377 1562 4416 eorum
1597 4358 1867 4428 fabulosas
1903 4365 2017 4407 tra~

445 4467 691 4527 ditiones,
737 4463 862 4535 quia
919 4477 1023 4514 non
1072 4466 1196 4522 sunt
1239 4464 1297 4508 ut
1339 4454 1422 4508 lea:
1470 4452 1703 4506 Domini.
1745 4449 2021 4503 Citaverat

445 4561 621 4606 autem
647 4550 862 4604 Nicetas
898 4549 1149 4618 quintum
1179 4551 1233 4600 et
1254 4543 1542 4612 septimum
1567 4540 1765 4595 librum
1790 4537 2021 4593 Ordina-

442 4645 676 4707 tionum,
709 4657 807 4697 seu
832 4637 1297 4696 Constitutionum
1322 4634 1767 4705 apostolicarum.
1801 4629 1880 4683 Ex
1913 4644 2021 4699 qua

447 4735 732 4790 Humberti
754 4732 1112 4801 responsione
1138 4726 1489 4783 Christianus
1527 4725 1731 4795 Lupus,
1763 4742 1817 4794 p.
1851 4739 1912 4787 ιι,
1951 4722 2019 4776 ad

443 4828 720 4882 Canonem
748 4841 786 4879 ιι
814 4823 1160 4886 Trullanum,
1198 4818 1409 4889 colligit
1445 4814 1855 4872 Constitutiones
1898 4814 2019 4868 illas

445 4920 785 4989 apocryphas
804 4932 947 4980 esse,
980 4915 1149 4970 fuisse
1169 4910 1493 4968 sententiam
1519 4908 1664 4963 sedis
1684 4904 2014 4975 apostolicae,

443 5013 605 5081 cujus
635 5011 957 5081 legationem
1011 5008 1339 5061 Humbertus
1374 5002 1615 5073 gerebat.
1660 4998 1863 5053 Prazter
1908 4994 2017 5051 Lu-
2048 5021 2091 5076 ι)

445 5118 595 5173 pum,
622 5099 832 5170 legendi
865 5099 1025 5154 etiam
1067 5095 1454 5151 Sclielstratius
1492 5094 1544 5145 in
1579 5108 1631 5161 p.
1673 5104 1715 5143 ιι
1750 5089 2010 5159 Antiquit.

458 5193 762 5255 illustratce,
790 5190 1009 5245 dissert.
1035 5189 1091 5251 2,
1117 5203 1166 5243 c.
1191 5185 1477 5253 2;Natalis
1500 5182 1804 5238 Alexander
1822 5197 1934 5236 sec.
1959 5182 2012 5246 i,

446 5287 664 5356 aliique,
691 5284 783 5354 qui
807 5283 960 5352 plura
988 5281 1054 5336 de
1089 5281 1241 5335 hisce
1277 5277 1764 5334 constitutionibus
1788 5275 2009 5329 habent.

513 5375 669 5439 Quod
705 5375 901 5429 attinet
930 5372 998 5426 ad
1028 5372 1427 5433 collectionem,
1465 5384 1585 5439 quae
1620 5368 1722 5422 sub
1769 5366 2013 5436 ejusdem

445 5469 740 5524 Clementis
784 5466 1004 5520 nomine
1044 5462 1462 5525 circumfertur,
1513 5461 1607 5530 qui
1643 5459 2014 5528 apostolorum

447 5573 686 5613 canones
708 5571 936 5611 numero
956 5556 1044 5618 85,
1078 5555 1132 5608 in
1162 5569 1329 5608 unum
1362 5568 1559 5622 corpus
1590 5553 1847 5607 collectos
1883 5551 2014 5606 fide-

449 5651 593 5705 libus
615 5650 964 5719 proposuisse
993 5646 1331 5717 perhibetur,
1361 5660 1480 5700 eatn
1501 5644 1694 5700 Petrus
1732 5644 1799 5698 de
1830 5644 2010 5699 Marca

448 5741 706 5796 Concord.
726 5740 1005 5794 sacerdotii
1026 5751 1073 5792 et
1095 5738 1321 5807 imperii,
1346 5738 1439 5794 lib.
1472 5752 1553 5801 ιιι,
1577 5754 1608 5792 c
1650 5737 1705 5803 2,
1742 5753 1797 5792 ιι.
1829 5738 1883 5801 5,
1909 5752 2006 5791 an-

446 5840 701 5890 teriorem
726 5833 933 5903 synodo
956 5831 1195 5898 Nicmna,
1217 5830 1311 5889 sed
1337 5830 1692 5903 posteriorem
1730 5845 1872 5887 anno
1898 5830 2003 5887 958

2130 2356 2260 2425 imp.
2294 2370 2377 2424 ep.
2412 2353 2447 2406 2
2474 2352 2537 2406 ad
2563 2352 2854 2407 Eusebium
2883 2363 2935 2405 et
2964 2350 3335 2403 Antiochenos
3365 2351 3497 2402 citat
3540 2366 3717 2405 cano-

2129 2462 2251 2501 nem
2286 2446 2369 2507 t3,
2402 2460 2467 2499 ex
2495 2458 2603 2513 quo
2626 2443 2858 2505 eruitur,
2889 2456 2983 2496 eos
3009 2456 3245 2495 canones
3277 2448 3403 2493 ante
3430 2438 3709 2494 Nicaznam

2130 2538 2399 2608 synodum
2448 2537 2699 2604 cognitos
2751 2534 2938 2587 fuisse.
2989 2531 3095 2586 Eos
3132 2546 3262 2586 vero
3317 2530 3487 2586 fuisse
3525 2526 3715 2601 poste-

2129 2630 2302 2683 riores
2348 2644 2489 2681 anno
2529 2627 2657 2693 258,
2689 2642 2756 2681 ex
2799 2640 2864 2680 eo
2895 2624 3135 2689 deducit,
3171 2625 3313 2693 quod
3358 2622 3714 2678 Firmilianus

2128 2720 2391 2776 Caesareae
2414 2721 2705 2789 episcopus
2735 2717 2803 2772 iis
2833 2732 2965 2772 usus
2988 2725 3070 2771 est
3096 2716 3161 2768 ad
3199 2715 3532 2785 probandam
3576 2729 3717 2767 con-

2130 2813 2498 2875 suetudinem,
2551 2826 2672 2881 quce
2722 2810 2941 2880 vigebat
2989 2809 3044 2862 in
3092 2806 3337 2870 Oriente,
3382 2806 3712 2876 repudiandi

2127 2902 2509 2957 luercticorum
2538 2900 2815 2970 baptismi,
2850 2914 2971 2952 cum
3007 2908 3188 2952 tamen
3242 2897 3346 2966 ipsi
3385 2905 3570 2967 aperte
3620 2896 3709 2950 fa-

2126 3000 2334 3049 verent.
2369 2992 2557 3047 Canon
2592 2992 2735 3044 enim
2768 2991 2838 3044 45
2868 2991 2947 3045 sic
2984 2997 3280 3059 conceptus
3303 2998 3385 3044 est
3430 3009 3442 3039 :
3478 2988 3708 3056 Episco-

2122 3103 2246 3156 pum
2286 3086 2363 3139 rel
2407 3085 2786 3155 presbyterum,
2835 3084 2923 3152 qui
2957 3083 3319 3136 lucreticorum
3365 3081 3709 3149 baptismum,

2125 3180 2202 3232 vel
2229 3178 2556 3245 sacriﬁcium
2590 3176 2885 3235 admiserit,
2922 3174 3108 3242 deponi
3146 3173 3412 3241 jubemus.
3461 3173 3594 3238 Qua:
3633 3184 3714 3227 est

2121 3274 2261 3325 enim
2290 3268 2558 3323 conventio
2596 3266 2795 3322 Christi
2842 3283 2959 3319 cum
2996 3265 3210 3319 Belial?
3276 3264 3367 3317 γει
3417 3281 3531 3335 qua!
3581 3282 3710 3331 pars

2119 3373 2197 3417 est
2224 3360 2369 3431 ﬁdeli
2397 3377 2514 3412 cum
2547 3359 2790 3429 inﬁdeli?
2848 3357 2911 3411 Et
2940 3372 3115 3411 canon
3136 3356 3205 3409 46
3251 3376 3261 3409 :
3298 3354 3586 3424 Episcopus
3632 3358 3711 3410 vel

2120 3451 2388 3523 presbyter
2408 3468 2547 3513 eum,
2587 3451 2678 3521 qui
2708 3465 2822 3503 vere
2849 3448 2999 3502 habet
3037 3448 3375 3515 baptismum,
3408 3448 3454 3500 si
3484 3448 3548 3500 de
3573 3448 3708 3501 inte—

2119 3560 2214 3615 gro
2251 3542 2630 3612 baptizauerit;
2665 3540 2740 3594 rel
2784 3542 2830 3593 si
2868 3557 3005 3601 eum,
3038 3540 3127 3609 qui
3158 3539 3221 3591 ab
3267 3539 3441 3606 impiis
3469 3539 3706 3606 pollutus

2118 3647 2219 3701 est,
2251 3653 2354 3690 non
2378 3635 2740 3696 baptizaverit,
2766 3632 3080 3700 deponatur,
3114 3640 3169 3683 ut
3202 3631 3292 3700 qui
3321 3630 3541 3684 irrideat
3562 3649 3707 3683 mor-

2123 3736 2226 3781 tem
2257 3737 2307 3781 et
2330 3742 2537 3779 crucem
2566 3724 2801 3788 Domini,
2836 3733 2883 3776 et
2916 3740 3017 3776 non
3047 3722 3313 3776 discernat
3345 3722 3642 3776 sacerdotes
3671 3741 3705 3775 a

2121 3817 2274 3886 falsis
2302 3814 2689 3870 sacerdotibus.
2717 3813 2852 3868 Cum
2881 3813 3064 3882 itaque
3083 3810 3434 3865 Firmilianus
3458 3811 3514 3864 in
3536 3812 3700 3881 epist.

2120 3910 2186 3963 ad
2226 3909 2562 3979 Cyprianum
2598 3914 2789 3960 contra
2833 3905 3216 3959 haereticorum
3284 3904 3557 3974 baptisma
3596 3905 3702 3957 mi-

2118 4000 2308 4063 litans,
2339 4001 2791 4055 consuetudinem
2822 4015 2851 4052 a
2894 3998 3169 4069 Stephano
3198 3997 3347 4068 Papa
3394 4000 3695 4063 laudatam,

2119 4092 2261 4161 stylo
2292 4092 2523 4155 acriore,
2551 4108 2713 4162 quam
2748 4093 3035 4162 Oportebat
3068 4091 3439 4148 Christianum
3484 4094 3701 4161 episco-

2118 4196 2269 4250 pum,
2302 4180 2580 4250 excipiens
2610 4196 2753 4235 anno
2781 4181 2887 4235 256
2918 4188 3010 4234 aut
3032 4180 3139 4235 257
3165 4197 3274 4251 quo
3303 4197 3421 4236 eam
3454 4184 3698 4253 scripsit,

2133 4286 2373 4325 canones
2426 4271 2715 4341 praedictos
2759 4288 2867 4325 non
2914 4272 3183 4341 allegarit,
3216 4288 3282 4326 ex
3313 4273 3433 4342 ejus
3477 4274 3701 4328 silentio

2119 4366 2374 4432 colligere
2422 4374 2529 4432 est,
2574 4365 2879 4435 ineoguitos
2922 4380 2987 4420 ea
3027 4373 3184 4420 actate
3234 4365 3405 4421 fuisse
3458 4381 3700 4422 canones

2120 4455 2471 4525 apostolicos.

2190 4615 2298 4671 Eos
2324 4630 2585 4679 canones,
2620 4622 2743 4684 post
2769 4614 2989 4669 concilii
3016 4613 3224 4668 Νιρεεηί
3286 4622 3552 4685 tempora,
3588 4627 3695 4669 tam

2122 4710 2179 4764 in
2209 4708 2431 4764 Oriente
2454 4724 2621 4779 quam
2671 4709 2726 4761 in
2783 4706 3099 4772 Occidente,
3132 4707 3274 4777 apud
3306 4708 3569 4777 quosdam
3589 4709 3695 4764 Ca-

2120 4803 2381 4867 tholicos,
2423 4801 2777 4871 praavaluisse
2813 4798 2986 4871 (varia
3039 4806 3223 4853 tamen
3277 4798 3345 4853 de
3373 4814 3561 4853 eorum
3591 4814 3694 4851 nu-

2120 4912 2273 4951 mero
2304 4894 2544 4965 fortuna)
2568 4895 2696 4949 licet
2726 4894 2984 4964 colligere
3012 4908 3078 4947 ex
3110 4891 3496 4961 antiquissima
3526 4905 3694 4945 cano-

2122 5005 2252 5043 num
2274 4989 2616 5055 collectione,
2645 5002 2767 5057 quae
2794 4987 3033 5056 primum
3060 4984 3116 5037 in
3162 4981 3385 5039 Oriente
3427 4998 3458 5036 a
3488 4982 3693 5040 Graecis

2122 5078 2224 5132 fuit
2264 5077 2545 5142 confecta,
2600 5085 2655 5132 et
2714 5085 2841 5131 ante
2886 5083 3131 5144 tempora
3161 5072 3428 5145 jDionysii
3497 5072 3690 5145 Exigui

2119 5170 2348 5227 exstitit.
2387 5168 2543 5224 Unde
2587 5169 2736 5240 quod
2773 5166 3021 5225 Gelasius
3048 5180 3185 5237 papa
3215 5167 3272 5220 in
3304 5165 3547 5221 Romana
3586 5182 3689 5222 Lxx

2120 5264 2498 5333 episcoporum
2532 5262 2741 5334 synodo
2761 5260 3140 5331 posuitzLiber
3177 5276 3439 5312 canonum
3479 5268 3690 5328 aposto-

2124 5354 2347 5407 licorum
2381 5353 2740 5423 apocryphus,
2796 5351 3083 5406 commodo
3111 5365 3278 5405 sensu
3311 5350 3460 5405 venit
3488 5349 3687 5403 intelli-

2122 5440 2378 5511 gendum.
2423 5440 2791 5509 Prwterquam
2848 5438 2992 5494 enim
3040 5438 3185 5508 quod
3234 5438 3350 5493 haec
3381 5439 3550 5493 verba
3578 5454 3685 5494 non

2118 5532 2389 5586 habentur
2418 5532 2472 5586 in
2496 5533 2618 5587 cod.
2649 5529 2862 5586 Iustelli
2881 5571 2896 5595 ,
2928 5531 3033 5585 dici
3059 5537 3238 5601 potest
3270 5529 3324 5583 id
3354 5545 3384 5583 a
3404 5530 3551 5601 Papa
3582 5531 3685 5587 Ge-

2117 5624 2253 5679 lasio
2285 5623 2510 5689 dictum,
2540 5624 2667 5695 quia
2705 5623 2759 5677 bi
2782 5638 3022 5678 canones
3050 5630 3320 5677 non/sunt
3350 5623 3421 5677 ab
3468 5630 3685 5693 aposto-

2120 5717 2209 5782 lis,
2239 5716 2336 5772 sed
2367 5716 2436 5771 ab
2461 5716 2585 5771 aliis
2642 5714 2879 5780 collecti,
2915 5713 3059 5769 unde
3105 5723 3253 5769 recte
3285 5712 3466 5767 Marca
3498 5714 3685 5768 lauda—

2116 5817 2207 5868 tus
2230 5825 2382 5865 num.
2416 5809 2447 5861 7
2480 5828 2492 5864 :
2532 5808 2703 5863 Variis
2752 5816 2874 5863 sunt
2930 5807 3125 5862 classes
3164 5805 3579 5877 apocrypltorum
3631 5809 3683 5861 in
