3896 6174
1039 289 1636 349 CONSTiTUTIONES
1670 293 2147 354 APOSTOLICE.
2179 331 2249 340 —
2286 300 2650 361 ΡιιουΕΜιΑ.

3338 313 3444 368 59.2

200 396 417 451 Notitia
456 394 685 467 Gelasii,
737 411 796 457 ut
844 403 1187 462 observarunt
1231 411 1330 464 viri
1370 409 1601 477 eruditi,
1651 429 1771 468 cum
1801 418 1846 474 A
1877 417 2116 484 synodos
2175 420 2530 490 approbante,
2577 430 2633 476 et
2675 422 2878 492 ubique
2940 421 3058 478 fere
3119 423 3442 494 recipiente.

195 506 305 544 non
340 501 548 545 tantum
594 495 846 565 ﬁgmenta
894 498 1263 554 hazreticorum
1308 504 1514 556 veniant
1561 505 1615 558 in
1638 504 1774 559 hunc

190 595 433 647 censum,
463 582 559 636 sed
589 586 749 638 etiam
804 585 1075 652 Opuscula
1107 599 1476 656 tractatorum,
1509 594 1563 647 in
1585 594 1772 664 quibus

190 681 319 724 sunt
369 675 505 727 meri
550 677 789 745 quidam.
843 679 955 735 Nec
1003 683 1112 736 alio
1163 685 1415 753 exemplo
1466 685 1772 755 indigemus

189 778 358 832 quam
389 765 612 822 Eusebii
640 768 902 836 Historia,
934 788 1096 842 quam
1135 776 1465 846 apocryphis
1517 784 1772 832 accensct

186 855 469 921 Gelasius,
518 874 643 913 cum
691 867 873 916 tamen
901 865 1064 933 paulo
1099 873 1259 920 antea
1314 882 1433 920 eam
1465 869 1770 938 suscipien-

184 951 317 1006 dam
348 955 671 1023 statuisset;
703 961 870 1027 quod,
901 960 1181 1023 nimirum,
1207 961 1337 1015 velit
1368 962 1468 1017 hos
1500 961 1770 1019 Historia-

183 1060 310 1098 rum
342 1046 514 1100 libros
545 1049 714 1105 nzevis
762 1051 1089 1119 quibusdam
1121 1053 1435 1122 permistos,
1496 1053 1638 1120 licet,
1684 1057 1769 1111 iu-

181 1137 328 1204 quit,
361 1146 576 1204 propter
628 1156 806 1193 rerum
854 1142 1100 1194 notitiam
1152 1143 1496 1213 singularem,
1544 1163 1659 1213 qum
1697 1147 1766 1200 ad

180 1227 591 1281 instructionem
630 1231 924 1298 pertinent,
985 1248 1350 1303 usquequaque
1391 1251 1495 1287 non
1542 1234 1765 1292 dicimus

180 1317 500 1372 renuendos.
533 1319 703 1384 Idem,
737 1321 914 1391 inquit
940 1321 1336 1378 Schelstratius
1368 1325 1620 1380 laudatus
1640 1341 1760 1395 cap.

183 1408 236 1472 I,
259 1408 559 1464 dicendum
599 1411 669 1465 de
703 1413 1022 1470 Canoni’bus
1067 1415 1464 1484 apostolorum,
1499 1417 1764 1486 singulari

178 1500 424 1568 quadam
458 1500 721 1557 Ecclesia:
772 1504 1064 1573 primitiva:
1094 1505 1343 1559 doctrina
1374 1504 1611 1570 refertis,
1637 1508 1764 1562 licet

175 1592 430 1657 aliunde,
453 1594 523 1649 ob
538 1603 720 1652 certos
748 1612 954 1662 naevos,
981 1596 1122 1652 inter
1146 1598 1455 1669 apocrypha
1483 1612 1515 1651 a
1546 1597 1763 1658 Gelasio

175 1685 493 1742 recensitis.

239 1773 436 1845 Neque
467 1776 538 1831 ab
592 1779 858 1848 antiquis,
913 1786 1026 1834 tam
1075 1778 1282 1836 Graecis
1340 1795 1506 1850 quam
1539 1779 1754 1837 Latinis

168 1867 569 1936 scriptoribus,
599 1870 786 1925 subdit
809 1870 953 1926 idem
983 1870 1400 1936 Schelstratius,
1426 1871 1483 1925 hi
1518 1887 1758 1929 canones

171 1958 335 2014 fuere
365 1961 579 2030 rejecti,
613 1969 674 2016 ut
713 1970 866 2033 patet
898 1977 967 2019 ex
995 1980 1028 2018 ι.
1056 1965 1365 2019 canonibus
1393 1963 1598 2034 ubique
1625 1965 1756 2024 olim

168 2054 438 2124 receptis,
469 2062 524 2108 et
551 2056 842 2110 conﬁrmat
871 2064 995 2126 post
1043 2056 1319 2112 Gelasium
1350 2056 1601 2111 collectio
1625 2055 1756 2110 Dio-

166 2143 315 2213 nysii
364 2143 582 2214 Exigui.
612 2144 742 2200 Post
797 2144 1118 2218 Dionysium
1167 2145 1522 2211 Cresconius,
1569 2149 1757 2204 nescio

165 2236 336 2304 cujus
367 2237 607 2292 civitatis
649 2238 708 2291 in
729 2237 912 2292 Africa
945 2239 1258 2308 episcopus,
1303 2239 1397 2309 qui
1439 2238 1494 2294 in
1521 2255 1619 2296 sua
1642 2241 1758 2294 col-

165 2328 430 2393 lectione,
463 2345 637 2400 usque
666 2331 734 2385 ad
765 2346 795 2384 ι,
832 2341 1072 2387 canones
1104 2334 1472 2402 apostolorum
1531 2349 1758 2390 enume-

165 2429 254 2475 rat
284 2428 344 2475 et
376 2422 444 2476 ad
466 2422 658 2477 titulos
712 2437 844 2478 suos
892 2424 1331 2492 comprobandos
1360 2425 1602 2481 adducit.
1639 2425 1756 2480 Me-

167 2513 338 2566 minit
361 2521 415 2567 et
451 2513 777 2569 Anastasius
806 2513 1264 2571 Bibliothecarius
1297 2516 1564 2588 Stephani
1601 2530 1757 2586 papa:

165 2605 263 2670 IV,
301 2623 402 2662 seu
427 2608 611 2677 potius
639 2606 727 2673 Ill,
756 2608 850 2678 qui
878 2607 934 2662 in
955 2607 1151 2679 synod.
1200 2607 1582 2673 Lateranensi,
1610 2624 1755 2664 anno

169 2699 298 2763 769,
334 2699 529 2754 statuit
587 2699 795 2756 action.
826 2698 896 2755 IV
925 2717 940 2755 :
974 2698 1100 2754 Non
1129 2702 1360 2767 amplius
1394 2703 1756 2770 suscipiantur

170 2791 556 2859 Apostolorum
584 2792 818 2861 prolata,
849 2807 941 2861 per
969 2791 1028 2847 S.
1069 2790 1417 2857 Clementem,
1460 2795 1565 2848 nisi
1597 2807 1631 2849 ι.
1661 2810 1754 2848 ca-

163 2886 300 2951 pira,
335 2901 454 2954 quce
483 2886 715 2954 suscepit
741 2896 928 2939 sancta
958 2884 1058 2939 Dei
1103 2885 1364 2939 catholica
1394 2882 1633 2939 Romana
1650 2884 1754 2940 Ec-

165 2978 354 3032 clesia.
384 2976 696 3032 Publicavit
727 2977 832 3032 hoc
871 2979 1168 3033 concilium
1204 2979 1518 3034 Holstenius
1544 2985 1598 3033 et
1629 2979 1753 3033 lau-

1945 509 2015 562 At
2046 510 2211 566 latius
2251 528 2372 568 sese
2397 514 2641 569 extendit
2689 513 2928 570 Orientis
2977 515 3246 581 Ecclesia,
3271 518 3329 572 in
3356 533 3447 574 re-

1873 599 2143 670 cipiendis
2181 606 2560 674 apostolorum
2582 607 2910 670 canonibus,
2930 621 3070 676 quos
3105 621 3304 675 Lxxxv,
3331 623 3446 662 ont—

1872 695 2023 748 nium
2056 696 2266 765 primus
2302 713 2416 753 suae
2444 713 2477 753 ι.
2531 700 2824 754 titulorum
2854 699 3179 770 collectioni
3211 700 3444 754 inseruit

1869 783 2108 842 Joannes
2133 786 2526 858 Scholasticus,
2559 797 2617 846 ut
2658 798 2811 846 notat
2838 789 3102 846 Justellus
3134 790 3189 844 in
3220 789 3440 847 Praefat.

1870 876 1939 931 ad
1969 885 2102 933 tom.
2138 879 2182 934 Il
2228 880 2480 936 Biblioth.
2518 880 2670 938 Iuris
2709 879 2977 943 canonici,
3025 888 3082 936 et
3109 881 3251 938 idem
3273 881 3444 938 Joau~

1869 984 1968 1023 nes
2025 968 2379 1024 Antiochenaa
2437 969 2697 1024 Ecclesia:
2742 971 3066 1041 presbyter,
3123 985 3190 1025 ex
3250 971 3444 1027 ordine

1870 1055 2334 1116 Scholasticorum
2367 1061 2460 1131 qui
2493 1063 2548 1115 in
2583 1061 2895 1131 praefatione
2926 1063 3044 1118 ait:
3098 1061 3200 1118 SS.
3227 1062 3445 1117 Domini

1866 1153 2113 1220 discipuli
2152 1163 2201 1208 et
2235 1154 2463 1222 apostoli
2491 1170 2667 1208 Lxxxv
2699 1171 2944 1220 canones,
2977 1155 3256 1210 Clementis
3285 1173 3444 1226 opera

1865 1245 2162 1299 ediderunt.
2195 1245 2324 1308 Eos,
2370 1255 2496 1317 post
2523 1248 2664 1302 haue
2693 1247 2922 1303 Joannis
2954 1248 3330 1303 collectionem
3356 1265 3444 1306 re-

1866 1338 2010 1405 cepit
2042 1344 2096 1390 et
2124 1338 2374 1408 probavit
2402 1340 2646 1411 synodus
2678 1339 2958 1403 Trullana,
2990 1354 3116 1393 can.
3146 1339 3203 1402 Ξ,
3235 1349 3288 1394 et
3317 1354 3443 1410 post

1863 1442 1984 1482 eam
2019 1429 2264 1498 synodus
2290 1431 2564 1500 generalis
2593 1430 2646 1494 7,
2675 1446 2795 1501 quae
2823 1432 3038 1486 actione
3067 1430 3120 1494 l,
3161 1432 3442 1486 consensit

1861 1533 1894 1573 e
1938 1517 2273 1580 Bibliotheca
2333 1521 2656 1590 patriarchii
2718 1522 3275 1592 Constantinopoleos
3327 1529 3440 1576 tam

1861 1623 2132 1664 canonum
2165 1609 2266 1667 SS.
2303 1614 2712 1682 apostolorum,
2755 1631 2917 1686 quam
2966 1613 3067 1668 SS.
3104 1614 3439 1684 synodorum

1862 1698 2036 1754 libros
2066 1701 2120 1754 in
2154 1700 2395 1755 medium
2451 1701 2671 1757 aﬂ‘erri:
2708 1704 2774 1757 Et
2841 1706 3081 1760 notarius
3129 1706 3437 1760 venerabilis

1873 1792 2189 1862 patriarchii
2216 1791 2369 1864 legit:
2393 1791 2576 1849 Canon
2608 1793 2712 1850 SS.
2732 1795 3106 1866 Apostolorum
3135 1814 3233 1852 LIII
3266 1801 3283 1869 (
3290 1815 3436 1854 nunc

1857 1881 1980 1952 LII).
2007 1880 2070 1938 Si
2097 1884 2212 1953 quis
2259 1883 2530 1954 presbyter
2581 1901 2720 1948 eum,
2759 1889 2849 1956 qui
2895 1890 3215 1942 convertitur
3240 1905 3272 1942 a
3317 1905 3436 1958 pec-

1856 1984 1995 2042 cato,
2019 1993 2124 2029 non
2154 1978 2467 2046 susceperit,
2514 1977 2604 2031 sed
2654 1977 2923 2046 abjecerit,
2978 1979 3290 2048 deponatur,
3324 1990 3411 2035 etc

1857 2064 2043 2137 Usque
2076 2068 2142 2122 ad
2171 2083 2379 2131 Lxxvu,
2416 2077 2664 2125 recenset
2715 2070 2944 2126 Alexius
2978 2071 3294 2136 Aristenus,
3331 2072 3434 2127 Ec-

1855 2157 2037 2213 clesiae
2076 2157 2692 2229 ConstantinOpolitanzn
2738 2160 3000 2216 diaconus
3026 2203 3041 2228 ,
3082 2162 3143 2217 in
3199 2161 3430 2233 Synopsi

1856 2264 2136 2314 canonum,
2172 2265 2293 2318 qua:
2331 2250 2567 2320 primum
2610 2251 2887 2320 publicata
2929 2261 3013 2306 est
3061 2261 3197 2309 tom.
3243 2253 3284 2307 ll
3326 2252 3423 2307 Bi-

1857 2337 2041 2394 blioth.
2072 2339 2222 2394 luris
2254 2340 2528 2406 Canonici,
2559 2340 2654 2396 ubi
2701 2349 2825 2411 post
2862 2342 3178 2397 Aristenum
3227 2345 3426 2398 subne-

1856 2430 2022 2486 ctitur
2053 2429 2292 2501 Epitome
2335 2447 2592 2486 canonum
2642 2430 2914 2489 Simeonis
2945 2434 3187 2506 Magistri
3220 2449 3274 2491 et
3320 2435 3425 2490 Lo-

1855 2519 2106 2589 gothetaz,
2143 2519 2199 2574 in
2247 2536 2353 2590 qua
2398 2521 2722 2577 exhibentur
2760 2538 2998 2579 canones
3051 2527 3422 2595 apostolorum

1855 2622 2061 2663 Lxxxn.
2112 2608 2465 2663 Subnectitur
2510 2618 2564 2664 et
2605 2608 2861 2681 Synopsis
2905 2629 3167 2667 canonum
3218 2614 3424 2669 Arlenii

1855 2699 2142 2765 monachi,
2169 2699 2264 2770 qui
2304 2700 2373 2755 ad
2417 2716 2538 2770 cap.
2573 2702 2628 2767 4,
2667 2704 2852 2758 subdit
2885 2723 2896 2759 :
2936 2703 3037 2760 SS.
3065 2707 3424 2775 apostolorum

1854 2807 2078 2846 canones
2117 2808 2316 2859 Lxxxv,
2355 2801 2410 2848 et
2457 2795 2596 2849 alios
2627 2798 2998 2865 apostolorum
3035 2813 3272 2855 canones
3301 2816 3428 2870 pas-

1854 2884 1961 2940 sim
2013 2885 2234 2941 exhibet
2293 2894 2350 2940 ut
2401 2903 2580 2941 Lxxxv
2619 2903 2857 2944 canones
2909 2891 2978 2944 ab
3033 2905 3099 2946 eo
3157 2892 3426 2948 admissos

1853 2982 2100 3040 constet;
2132 2989 2272 3044 quos
2301 2983 2355 3029 et
2378 2975 2494 3042 diu,
2525 2985 2652 3031 ante
2685 2978 2806 3032 illos
2838 2978 3176 3045 collectores,
3207 2981 3430 3037 admisit

164 3070 353 3124 datam
386 3085 455 3125 ex
485 3086 551 3126 eo
578 3069 912 3126 decisionem
939 3069 1229 3124 conﬁrmat
1253 3069 1588 3124 Humbertus
1615 3069 1753 3124 Leo—
1776 3082 1821 3139 α
1854 3059 2114 3127 Pholius,
2152 3064 2209 3118 in
2266 3062 2671 3133 Nomocanone,
2723 3069 2788 3123 ad
2841 3084 3001 3141 quem
3037 3071 3180 3125 edita
3230 3071 3427 3140 praefa-

165 3163 252 3217 nis
279 3162 354 3215 IX
386 3163 624 3231 legatus,
676 3162 732 3216 in
764 3163 1120 3232 responsione
1174 3160 1242 3215 ad
1275 3161 1475 3216 librum
1521 3159 1748 3225 Nicetae,

166 3253 476 3324 presbyteri
536 3261 591 3308 et
637 3253 913 3317 monachi,
971 3260 1164 3306 contra
1218 3250 1445 3308 Latinos
1490 3252 1748 3310 editum:

165 3342 455 3398 Clementis
481 3343 696 3408 librum,
729 3343 782 3396 id
805 3351 883 3398 est
936 3340 1087 3396 Petri
1117 3339 1349 3412 apostoli
1407 3338 1753 3397 Itinerarium

160 3440 212 3483 et
235 3431 633 3504 Apostolorum
655 3444 899 3485 canones
935 3440 1210 3485 numerant
1242 3429 1433 3484 Patres
1456 3430 1591 3484 inter
1617 3448 1750 3500 apo-

159 3521 396 3590 crypha,
476 3521 705 3588 exceptis
765 3534 798 3573 ι.
865 3521 1152 3590 capitulis,
1231 3538 1348 3590 qua:
1409 3521 1746 3576 decreverant

160 3612 475 3667 orthodoxa:
550 3611 676 3680 ﬁdei
753 3610 1106 3682 adjungenda.
1169 3613 1236 3666 Et
1317 3612 1434 3667 haec
1524 3614 1743 3683 quidem

158 3704 226 3758 de
274 3703 526 3757 Ecclesia
577 3701 914 3759 Occidentali
969 3718 1000 3756 ι.
1063 3704 1434 3773 apostolorum
1503 3719 1744 3760 canones

158 3813 269 3851 non
330 3798 697 3867 improbante,
763 3795 859 3852 sed
915 3796 1136 3852 demum
1190 3810 1287 3866 per
1352 3794 1646 3865 pontiﬁces
1686 3807 1742 3853 et

1853 3151 2023 3216 tione,
2053 3155 2244 3208 scribit
2271 3173 2284 3209 :
2316 3155 2574 3224 Canones,
2606 3161 2695 3229 qui
2726 3159 2826 3216 SS.
2856 3162 3216 3231 apostolorum
3242 3161 3430 3216 dicun-

1857 3252 1966 3308 tur,
1997 3242 2280 3302 Clementis
2322 3265 2478 3316 opera
2511 3251 2716 3306 collecti
2758 3270 2955 3309 Lxxxv.
3004 3255 3069 3310 Et
3116 3253 3320 3327 quibus
3349 3257 3433 3309 vi-

1847 3340 1979 3397 dere
2007 3341 2136 3397 licet
2162 3339 2468 3397 Orientales
2493 3343 2696 3412 passim
2719 3354 2914 3395 omnes
2953 3355 3132 3397 Lxxxv
3179 3354 3420 3394 canones

1847 3431 2160 3498 admisisse,
2222 3434 2315 3502 qui
2347 3433 2414 3488 de
2466 3434 2633 3497 facto,
2663 3441 2789 3504 post
2815 3433 3096 3488 decretum
3150 3433 3423 3498 Gratiani,

1846 3521 2006 3590 jussu
2067 3523 2313 3592 Gregorii
2369 3522 2487 3577 Xlll
2545 3524 2774 3587 editum,
2828 3524 3199 3594 reperiuntur,
3260 3521 3338 3574 uti
3373 3530 3428 3575 et

1849 3614 2054 3682 passim
2084 3613 2138 3667 in
2171 3613 2429 3669 omnibus
2465 3611 2841 3669 Conciliorum
2872 3613 3231 3669 editionibus.
3265 3611 3427 3664 Plura

1850 3703 2243 3763 Schelstratius
2274 3707 2529 3762 laudatus
2581 3714 2637 3763 et
2686 3706 2896 3762 Natalis
2925 3704 3236 3760 Alexander
3285 3702 3423 3758 diss.

1849 3799 1937 3863 l7,
1979 3799 2164 3855 saeculi
2199 3818 2217 3859 ι
2272 3799 2548 3857 Ecclesiae.

724 4247 850 4335 IN
927 4245 1986 4342 CONSTITUTIONES
2054 4245 2865 4346 APOSTOLICAS

988 4438 1469 4500 ADNOTATIO
1509 4440 1829 4503 CRITICA
1860 4442 1963 4502 ET
2011 4439 2679 4506 CHRONOLOGICA.

935 4599 1151 4672 (MANSI,
1212 4599 1446 4666 Concil.,
1498 4601 1542 4666 Ι,
1598 4601 1748 4668 254;
1809 4600 2117 4670 Florentiae,
2155 4602 2314 4670 I759,
2368 4602 2424 4658 in
2494 4602 2673 4668 folio.)

210 4764 688 4830 Constitutiones,
729 4779 868 4834 quas
914 4771 1112 4819 vocant
1162 4765 1495 4835 apostolicas
1517 4807 1534 4832 ,
1582 4781 1724 4835 opus
1762 4772 1807 4826 D
1836 4766 2023 4837 populi
2060 4765 2342 4836 pratmissa
2366 4763 2768 4825 tantummodo,
2800 4768 2855 4815 et
2884 4766 3077 4830 sponte
3105 4757 3412 4824 offerenda,

140 4876 269 4916 esse
299 4857 575 4927 spurium,
599 4856 669 4910 ab
696 4856 782 4920 iis,
810 4856 1009 4926 quibus
1037 4857 1410 4922 ascribuntur,
1440 4859 1727 4927 apostolis,

140 4962 256 5005 tum
291 4960 351 5005 et
380 4950 451 5002 ab
487 4949 604 5018 ipsa
634 4950 1007 5018 apostolorum
1037 4957 1196 5003 aetate
1220 4951 1438 5018 penitus
1461 4950 1724 5015 alienum,

141 5059 305 5098 nemo
334 5040 624 5110 theologus
653 5040 816 5094 modo
846 5041 1058 5109 ignorat
1091 5041 1176 5095 vel
1212 5041 1490 5097 diﬂitetur.
1516 5042 1728 5108 Quibus

139 5136 226 5190 vel
271 5133 573 5189 silentibus
603 5133 686 5187 vel
721 5133 1219 5196 dissimulantibus,
1255 5148 1343 5188 res
1384 5144 1564 5190 tamen
1609 5134 1726 5204 ipsa

138 5245 238 5300 per
270 5244 333 5282 se
364 5228 701 5296 loqueretur,
734 5242 858 5281 cum
889 5227 1072 5296 operis
1103 5227 1250 5282 illius
1279 5235 1471 5282 auctor
1505 5227 1724 5297 ineptus

139 5324 210 5374 sit
248 5322 393 5375 adeo
432 5320 729 5384 interdum,
779 5327 838 5373 ut
882 5320 950 5373 ab
994 5319 1388 5388 apostolorum,
1431 5334 1594 5388 quam
1640 5317 1723 5372 af-

139 5415 345 5473 iectat,
397 5413 671 5482 gravitate
715 5427 774 5466 se
819 5411 1037 5481 penitus
1081 5410 1401 5479 degenerem
1443 5410 1716 5465 ostendat.

138 5505 394 5560 Celebris
418 5515 506 5560 est
529 5506 855 5568 similitudo,
883 5521 992 5576 qua
1013 5504 1122 5558 Deo
1144 5502 1316 5567 Patri,
1343 5501 1502 5566 Filio,
1528 5512 1582 5557 et
1605 5503 1723 5572 Spi-

138 5597 266 5649 ritui
305 5604 503 5652 sancto
541 5599 881 5667 episcopum,
927 5597 1306 5668 presbyterum
1337 5603 1392 5650 et
1429 5594 1719 5649 diaconum

138 5701 428 5759 comparat
479 5691 574 5743 lib.
613 5707 677 5755 ιι,
709 5706 828 5761 cap.
862 5691 954 5747 26.
993 5690 1101 5746 Nec
1146 5691 1328 5745 minus
1368 5689 1561 5758 ineptit
1593 5703 1718 5743 cum

140 5781 238 5836 lib:
266 5799 347 5846 vi,
382 5799 505 5851 cap.
549 5783 641 5848 20,
675 5796 857 5839 vetera
889 5785 1157 5841 sacriﬁcia
1202 5794 1328 5840 ante
1355 5783 1717 5840 idololatriam

328 5877 609 5937 Ρηιιοι.
657 5878 773 5938 Gtt.
807 5878 831 5937 I

1835 4860 1928 4917 sed
1959 4861 2158 4931 populo
2187 4859 2404 4913 demum
2463 4859 2520 4912 in
2565 4856 2774 4911 crimen
2818 4855 3073 4927 prolapso
3098 4893 3112 4916 ,
3157 4859 3216 4906 ut
3239 4852 3415 4908 sacri-

1836 4950 1974 5006 ﬁciis
2034 4965 2235 5005 numen
2298 4955 2617 5019 agnosceret
2677 4947 2794 5016 lege
2861 4945 3169 5014 injunctum
3240 4942 3412 4998 fuisse

1833 5046 2046 5098 statuit.
2082 5041 2356 5097 Privatam
2407 5041 2667 5094 ultionem
2715 5054 2813 5108 per
2854 5053 2912 5093 se
2943 5037 3163 5107 quidem
3199 5037 3406 5107 justam

1833 5138 2101 5210 agnoscit,
2135 5152 2297 5207 quam
2333 5135 2454 5189 ideo
2485 5135 2656 5189 vetuit
2681 5132 2845 5196 Deus,
2879 5131 2974 5195 ait,
3010 5146 3074 5185 eo
3101 5132 3246 5200 quod
3277 5129 3408 5182 tole-

1833 5234 2066 5286 rantiam
2154 5229 2362 5283 ultione
2396 5226 2820 5295 prwstantiorem
2863 5225 3145 5294 agnoverit
3188 5222 3283 5276 lib.
3312 5237 3400 5286 γι,

1827 5336 1947 5390 cap.
1978 5322 2068 5375 23.
2100 5318 2156 5374 Si
2181 5320 2500 5389 scriptorem
2536 5321 2681 5373 hunc
2711 5317 2902 5371 audias
2923 5359 2938 5383 ,
2973 5315 3228 5368 Afrorum
3268 5327 3401 5365 con-

1826 5413 2060 5468 suetudo
2108 5411 2175 5466 de
2223 5411 2627 5480 rebaptizandis
2681 5409 2971 5470 haereticis,
3025 5407 3395 5460 Romanorum

1827 5504 2135 5573 disciplina,
2191 5518 2312 5573 qum
2355 5512 2758 5558 sacramentum
2804 5501 2938 5556 illud
2990 5514 3018 5550 a
3067 5511 3398 5567 quocunque

1825 5597 2045 5651 tandem
2087 5596 2342 5651 collatum
2398 5597 2633 5651 admittit
2667 5603 2720 5651 et
2761 5593 3008 5664 suscipit,
3053 5594 3204 5642 tanto
3259 5601 3396 5656 prae-

1826 5691 2059 5744 stantior
2087 5696 2192 5756 est,
2217 5698 2423 5759 quanto
2454 5692 2656 5744 veritas
2687 5701 2930 5742 errorem
2961 5681 3237 5754 praecedit.
3259 5679 3396 5733 Vide

1825 5783 1920 5840 lib.
1952 5800 2028 5852 vt,
2055 5800 2174 5856 cap.
2204 5784 2290 5840 15.
2317 5782 2554 5840 Ᾱίιιιιεηι
2579 5785 2741 5841 etiam
2769 5782 2940 5837 multo
2964 5793 3072 5850 prae
3095 5774 3395 5846 apostolica

3019 5872 3091 5931 17
