3896 6174
462 254 566 311 ωδ

1350 255 1405 309 S.
1441 253 1836 311 CLEMENTIS
1870 254 1886 307 I
1922 252 2089 310 ROM.
2128 253 2330 310 PONT.
2367 253 2591 309 OPERA
2633 253 2871 309 DUBlAr

3609 255 3715 311 524

459 369 822 425 recentiorem
854 369 1035 440 prodit
1065 370 1412 427 consuetudo
1444 370 1537 424 illa
1563 368 1894 439 templorum
1927 368 2035 422 ritu
2066 375 2113 431 Α
2143 367 2244 432 dit,
2283 384 2343 424 se
2388 367 2616 423 deﬁnire
2664 368 2801 422 nihil
2853 380 3135 430 ausurum.
3191 380 3316 421 cum
3366 364 3602 423 Romani
3646 371 3715 425 ad

454 462 788 519 Christianis
837 464 1100 534 peculiari
1138 465 1528 531 excitatorum,
1579 462 1740 531 cujus
1790 462 2037 517 meminit

454 561 648 608 auctor
676 554 768 609 lib.
809 570 872 619 ιι,
904 570 1027 626 cap.
1067 556 1155 611 57.
1202 555 1430 627 Templa
1465 557 1610 610 enim
1644 571 1674 609 a
1704 556 2036 612 Christianis

452 646 657 711 saculo
677 646 898 701 demum
920 647 1165 702 secundo
1197 648 1433 719 primum
1464 649 1599 720 erigi
1632 648 1875 719 coepisse
1899 649 2034 702 mihi

450 738 746 792 admodum
779 739 1065 809 probatur.
1095 738 1231 795 Cum
1258 741 1553 811 episcopos
1587 742 1653 796 ad
1682 742 1866 797 varias
1884 742 2035 798 orbis

450 833 715 888 ecclesias
743 831 1048 888 destinatos
1080 842 1349 897 recenset,
1379 848 1475 888 eos
1501 843 1912 897 commemorat,
1937 833 2033 902 qui

450 924 546 979 diu
580 934 704 995 post
727 926 1007 996 apostolos
1038 926 1315 981 vixerunt.
1350 924 1487 979 Vide
1521 926 1617 982 lib.
1652 942 1753 993 vn,
1791 942 1913 997 cap.
1940 927 2030 983 47.

450 1015 595 1082 Quin
643 1026 697 1072 et
728 1018 1019 1089 scriptoris
1050 1018 1198 1073 illius
1232 1026 1392 1074 atate
1438 1016 1685 1074 Ecclesia
1714 1018 1919 1074 Christi
1950 1029 2035 1075 to—

449 1116 564 1163 tum
592 1124 686 1180 per
716 1111 902 1165 orbem
930 1110 1153 1177 diffusa,
1179 1111 1463 1165 catholica
1489 1126 1688 1165 nomen
1712 1110 1819 1166 sibi
1837 1111 2032 1166 merito

448 1201 784 1265 vindicabat,
811 1217 922 1272 quo
952 1202 1100 1257 illam
1129 1202 1311 1273 elogio
1337 1202 1479 1257 idem
1512 1211 1707 1256 auctor
1728 1217 1836 1256 non
1861 1202 2031 1257 semel

448 1301 672 1349 mactat.
703 1293 762 1348 Id
802 1310 934 1349 vero
964 1309 1129 1364 quam
1160 1294 1435 1349 immerito
1464 1293 1816 1359 deEcclcsia,
1851 1294 2030 1364 qualis

447 1395 564 1440 erat
589 1387 963 1457 apostolorum
994 1394 1152 1441 atate
1183 1384 1567 1451 aﬁirmaretur,
1602 1400 1764 1441 nemo
1802 1400 1913 1440 non
1946 1386 2032 1441 in-

446 1479 663 1549 telligit.
709 1478 789 1533 Ex
836 1480 924 1534 his
964 1478 1222 1534 omnibus
1264 1479 1553 1549 probatum
1598 1478 1839 1533 arbitror
1872 1479 2029 1533 lucu-

444 1568 750 1627 brationem
797 1572 937 1627 hanc
982 1573 1356 1643 apostolorum
1393 1578 1607 1627 atatem
1656 1586 1759 1627 nec
1801 1585 2025 1642 sapere,

446 1679 548 1719 nec
577 1664 852 1735 praferre.

520 1757 584 1809 At
621 1757 781 1825 cujus
811 1757 1029 1811 demum
1067 1756 1245 1812 atatis
1271 1771 1409 1827 opus
1448 1755 1582 1811 illud
1610 1756 2025 1827 iudicaremus?

442 1848 548 1902 Alii
601 1849 759 1904 aliter
787 1849 1029 1919 sapiunt.
1081 1848 1194 1920 Ego
1222 1864 1355 1904 vero
1400 1863 1526 1903 cum
1578 1850 1631 1903 in
1677 1849 1773 1905 lib.
1811 1864 1850 1913 ι,
1896 1864 2019 1920 cap.

442 1940 536 2003 23,
568 1948 702 2004 etc.,
748 1940 884 1997 adeo
928 1942 1118 1997 multis
1168 1942 1609 1997 commendatam
1654 1942 1876 2012 legerim
1906 1944 2025 2014 epi-

445 2034 630 2103 scopis
670 2049 803 2104 erga
842 2034 1234 2104 resipiscentes
1280 2034 1466 2090 ﬁdeles
1513 2034 1927 2105 benignitatem,
1968 2043 2024 2091 et

444 2126 818 2192 clementiam;
851 2141 975 2180 cum
1006 2141 1199 2183 omnes
1229 2127 1613 2199 cujuscunque
1657 2128 1878 2183 tandem
1913 2129 2022 2183 cri-

444 2217 610 2273 minis
640 2233 789 2283 reos,
821 2217 1131 2273 idololatria
1172 2220 1393 2290 quidem
1431 2229 1681 2292 excepta,
1732 2221 1799 2275 ad
1843 2222 2023 2291 paeni-

445 2308 673 2362 tentiam
707 2319 762 2364 et
807 2326 997 2380 pacem
1020 2352 1032 2373 ,
1070 2312 1340 2381 siquidem
1370 2313 1585 2367 veniam
1636 2314 2019 2384 poposcerint,

444 2400 657 2455 admitti
686 2420 698 2456 :
730 2402 968 2471 scriptor
995 2404 1086 2458 ille
1116 2404 1370 2472 mandet;
1404 2405 1457 2460 id
1498 2420 1601 2477 ego
1638 2406 1857 2476 quidem
1889 2422 2023 2463 con-

441 2502 525 2547 tra
572 2492 932 2551 Montanistas
973 2495 1179 2551 dictum
1215 2498 1489 2567 suspicor,
1524 2514 1758 2569 quorum
1797 2499 2021 2556 haresis

442 2586 646 2641 saculo
693 2586 913 2642 labente
962 2588 1205 2644 secundo
1250 2592 1496 2647 emersit.
1544 2590 1623 2645 Ex
1672 2606 1780 2661 quo
1824 2591 2019 2647 conﬁci

442 2693 605 2746 posse
658 2693 860 2734 censeo
902 2679 1335 2737 lucubrationem
1398 2683 1542 2737 hanc
1608 2684 1807 2739 saculo
1862 2685 2021 2740 tertio

440 2768 671 2838 procudi
706 2771 866 2826 facile
894 2774 1162 2841 potuisse.
1202 2772 1316 2829 Sed
1352 2784 1406 2829 et
1451 2774 1630 2831 medio
1656 2776 1878 2831 circiter
1920 2791 2022 2831 sa-

438 2862 568 2916 culo
596 2862 690 2916 illo
720 2864 885 2918 tertio
923 2866 1143 2920 evoluto
1177 2864 1235 2921 S.
1283 2865 1579 2938 Dionysius
1614 2867 2020 2924 Alexandrinus

338 2946 341 2949 ’
442 2968 474 3007 a
506 2952 747 3009 Basilide
772 2955 1035 3026 episcopo
1068 2958 1359 3013 consultus
1385 2969 1552 3029 quota
1583 2959 1763 3015 noctis
1793 2960 1926 3015 hora
1944 2961 2024 3030 je-

2143 461 2270 532 galli
2301 468 2525 514 cantum
2559 460 2693 514 illud
2727 475 3024 531 prorogare
3064 462 3469 527 consueverint,
3506 462 3600 516 alii
3636 464 3720 517 ci-

2137 558 2250 611 tius
2280 555 2564 610 solverint.
2602 552 2658 608 Id
2688 552 2933 623 profecto
2962 552 3305 607 demonstrat
3334 553 3618 623 ignoratas
3650 555 3722 609 ab

2136 648 2232 703 illo
2265 647 2438 704 fuisse
2480 648 2812 718 apostolicas
2841 645 3290 709 constitutiones,
3337 660 3460 699 cum
3514 645 3569 699 in
3604 646 3720 702 illis

2137 741 2233 795 lib.
2269 757 2322 803 v,
2360 754 2483 808 cap.
2522 739 2610 802 l8,
2645 737 2712 792 ad
2744 738 3082 809 gallicinium
3127 736 3535 808 prorogandam
3569 736 3721 793 Sabo

2134 832 2249 888 bati
2280 832 2444 902 hujus
2471 832 2740 901 jejunium
2772 830 3041 886 edicatur.
3066 828 3203 883 Cum
3234 837 3438 893 tamen,
3461 836 3522 883 ut
3546 846 3721 899 supra

2135 927 2347 990 monui,
2375 933 2533 981 atate
2556 926 2648 979 illa
2676 925 2872 979 vixerit
2894 930 3104 985 auctor,
3133 935 3241 991 qua
3271 920 3516 976 Ecclesia
3537 930 3719 977 totum

2135 1018 2244 1073 late
2286 1034 2384 1089 per
2428 1018 2617 1073 orbem
2672 1015 2892 1070 tandem
2946 1014 3327 1085 promulgata,
3374 1021 3429 1068 et
3480 1013 3721 1071 dilatata

2134 1118 2285 1178 erat;
2334 1110 2499 1180 idque
2528 1109 2745 1163 demum
2792 1116 2951 1162 atate
2981 1105 3327 1162 Constantini
3368 1105 3675 1162 obtinuerit
3699 1127 3717 1164 :

2133 1203 2257 1258 ideo
2285 1201 2637 1259 Constantini
2673 1207 2835 1256 atate
2866 1199 3233 1270 antiquiorem
3266 1212 3378 1252 non
3426 1199 3723 1254 existima-

2133 1295 2319 1350 verim.
2350 1293 2563 1349 Rursus
2586 1301 2769 1348 autem
2804 1292 3008 1348 saculo
3036 1296 3238 1361 quarto
3267 1292 3508 1355 ineunte,
3540 1306 3719 1358 anno,

2130 1396 2395 1457 quantum
2427 1386 2665 1441 arbitror
2692 1384 2823 1449 509,
2858 1384 3151 1439 concilium
3183 1382 3576 1438 Eliberitanum
3624 1400 3720 1440 ce-

2132 1479 2400 1533 chratum
2428 1488 2531 1542 est,
2566 1477 2727 1547 cujus
2766 1478 2977 1548 primus
3004 1492 3184 1532 canon
3216 1476 3427 1531 admitti
3453 1484 3605 1533 vetat
3646 1478 3719 1533 ad

2130 1572 2569 1627 communionem
2601 1572 2745 1635 illos,
2778 1572 2872 1642 qui
2902 1587 2933 1624 a
2966 1570 3071 1626 ﬁde
3093 1570 3159 1625 ad
3185 1570 3551 1626 idololatriam
3577 1586 3719 1642 apo-

2132 1666 2476 1729 stataverint,
2508 1675 2995 1735 quantumcunque
3022 1664 3091 1720 de
3124 1664 3357 1719 crimine
3378 1665 3504 1720 dein
3532 1668 3719 1735 poeni-

2126 1759 2353 1822 tuerint,
2387 1757 2550 1828 idque
2579 1757 2796 1813 demum
2820 1772 3127 1828 repugnare
3151 1757 3367 1812 videtur
3394 1758 3718 1827 apostolica

2126 1850 2205 1904 illi
2233 1850 2637 1915 constitutioni,
2682 1850 2843 1919 cujus
2875 1864 3043 1919 supra
3072 1849 3280 1904 mentio
3312 1848 3457 1903 facta
3486 1857 3612 1917 est;
3645 1867 3717 1906 ex

2125 1959 2231 2014 qua
2262 1943 2578 2013 conjectura
2605 1943 2870 1998 docemur
2892 1942 3342 1998 constitutionem
3374 1942 3521 1997 illam
3562 1959 3717 1998 non-

2125 2036 2254 2091 dum
2280 2052 2424 2091 anno
2455 2036 2550 2091 illo
2588 2035 2924 2090 innotuisse.
2962 2033 3221 2089 Vicissim
3253 2050 3387 2089 vero
3416 2042 3617 2089 auctor
3643 2036 3719 2091 de

2124 2127 2263 2183 Filio
2294 2128 2387 2184 Dei
2433 2128 2507 2183 ita
2540 2128 2745 2199 passim
2789 2136 2845 2183 et
2875 2127 3188 2198 frequenter
3217 2127 3480 2197 loquitur,
3513 2142 3718 2197 quem-

2124 2222 2416 2278 admodum
2464 2221 2800 2277 Antenicani
2856 2218 3051 2275 Patres
3103 2219 3347 2275 scribere
3401 2234 3716 2275 consueveo

2124 2323 2273 2379 runt,
2304 2322 2359 2370 et
2386 2329 2522 2369 voce
2552 2314 2848 2381 omousion,
2889 2326 3205 2383 quanquam
3234 2326 3379 2381 sape
3409 2326 3498 2365 res
3528 2318 3587 2365 et
3615 2327 3717 2366 oc-

2123 2408 2276 2463 casio
2301 2407 2681 2477 postulaverit,
2714 2420 2995 2475 nunquam
3026 2405 3219 2467 utitur,
3243 2420 3354 2474 quo
3384 2415 3716 2475 argumento

2122 2500 2343 2571 probari
2366 2514 2527 2570 posse
2555 2498 2794 2553 arbitror
2819 2496 3019 2552 Nicani
3038 2497 3264 2565 concilii.
3274 2496 3713 2552 celebrationem

2123 2606 2263 2661 opus
2279 2591 2420 2646 idem
2438 2590 2808 2661 pracessisse.
2835 2589 2967 2657 Qua
2990 2590 3036 2645 si
3060 2590 3396 2659 conjectura
3417 2590 3717 2645 admittan-

2122 2692 2235 2748 tur,
2257 2684 2398 2737 intra
2416 2686 2653 2754 spatium
2683 2684 2838 2745 illud,
2854 2684 3000 2754 quod
3020 2698 3163 2737 anno
3179 2682 3284 2737 309
3303 2689 3357 2738 et
3369 2682 3474 2738 525
3484 2683 3716 2738 conclu—

2122 2775 2293 2841 ditur,
2308 2776 2651 2847 vulgatarum
2678 2776 3135 2831 constitutionum
3162 2774 3322 2831 sedes
3351 2775 3562 2847 ﬁgenda
3598 2786 3709 2832 est.

2192 2867 2483 2939 Utcunque
2529 2884 2619 2925 res
2669 2868 2872 2924 habeat
2934 2884 3075 2936 sese,
3131 2869 3268 2922 utile
3317 2876 3403 2923 est
3448 2884 3592 2938 opus
3639 2871 3709 2925 ad

2122 2962 2313 3025 multa,
2338 2969 2401 3015 et.
2426 2963 2739 3033 dogmatum
2758 2969 3071 3017 nostrorum
3106 2961 3365 3017 vetustati
3392 2962 3711 3018 astruenda

436 3045 657 3118 junium
692 3048 831 3103 solvi
862 3049 1049 3105 liceret
1082 3048 1325 3107 Sabbato
1355 3053 1753 3124 antepaschali,
1784 3069 2016 3126 respono
2046 3066 2096 3131 α
2124 3052 2368 3124 apprime
2400 3055 2796 3109 necessarium.

486 3204 3681 3231 .___.__.___________________________________________.___

959 3337 1102 3486 DE
1210 3336 2299 3497 (illNS’l‘lTll’l‘WNIBUS
2410 3341 3145 3500 APOSTMJGIS

1985 3576 2165 3617 EDITIS

1313 3677 1415 3735 AB
1451 3674 1914 3736 HIPPOLYTO
1955 3674 2340 3737 EPISCOPO
2382 3676 2857 3753 PORTUENSI,

441 3795 567 3867 (ωε
598 3794 944 3867 ΜΑοιςίι-ειιελ
976 3801 1112 3874 Acta
1142 3795 1450 3874 Martyrum
1480 3798 1549 3851 ad
1608 3796 1762 3874 Qstia
1792 3794 2047 3874 Tiberina.
2067 3795 2169 3874 sub_
2204 3797 2433 3874 Claudio
2464 3799 2684 3874 Gotfrico
2709 3798 2941 3871 (Roma,
2981 3801 3143 3869 i795,
3186 3802 3241 3858 in
3272 3802 3449 3874 folio),
3485 3803 3537 3857 in
3569 3802 3700 3861 Dis-

928 3865 1224 3923 sertatione
1276 3865 1351 3921 De
1393 3868 1512 3922 Vita
1541 3877 1592 3924 et
1620 3866 1845 3939 Scriptis
1888 3865 1946 3920 S.
1974 3865 2249 3938 Hippolyti
2282 3870 2512 3940 episcopi
2548 3865 2883 3940 Parmensis,
3019 3865 3172 3945 154ζ)

944 4090 1173 4147 CAPUT
1208 4090 1505 4149 PRIMUM.

439 4229 648 4286 Titulus
667 4232 721 4284 in
749 4227 1252 4302 Constitutionibus
1284 4232 1603 4302 apostolicis
1630 4241 1907 4301 corruptus
1932 4248 2015 4302 re-

506 4303 765 4356 stituitur.
805 4299 1044 4357 Clemens
1088 4299 1355 4355 Romanus
1404 4312 1453 4355 et
1481 4299 1798 4371 Hippolytus
1843 4304 1895 4356 in
1932 4301 2014 4355 his

505 4372 814 4441 colligendis
853 4371 1167 4441 edendisquc
1217 4372 1626 4428 adlaborarunt.
1677 4371 1884 4427 Paulus
1910 4371 2015 4427 Sa-

506 4453 809 4498 mosatenus
838 4442 1308 4498 Constitutionum
1335 4452 1632 4511 corruptor.

507 4555 551 4614 l.
588 4557 734 4614 Inter
754 4559 1052 4614 vetustiora
1076 4575 1246 4614 sacra
1270 4559 1609 4629 antiquitatis
1636 4567 2009 4626 monumenta,

436 4666 598 4720 quem
628 4651 807 4705 locum
838 4650 944 4705 sibi
974 4650 1255 4706 vindicent
1285 4650 1698 4705 Constitutiones
1734 4651 2008 4720 apostolo-

437 4758 579 4806 rum,
636 4758 796 4799 nemo
846 4744 1084 4815 ignorat,
1138 4743 1388 4813 quamvis
1441 4750 1653 4805 auctor,
1711 4758 2011 4813 earumque

435 4835 613 4891 editor
659 4836 971 4905 ignoretur;
1008 4835 1466 4906 quemadmodum
1502 4846 1554 4892 et
1583 4844 1870 4906 corruptor
1914 4836 2005 4906 qui

435 4942 532 4982 eas
566 4926 911 4997 interpolavit
956 4927 1222 4983 hactenus
1264 4927 1499 4982 delituit.
1550 4926 1737 4997 Neque
1782 4928 1926 4982 enim
1958 4927 2006 4982 si

357 5063 360 5067 .
437 5032 635 5072 nomen
664 5016 963 5072 Clementis
996 5016 1224 5071 Romani
1260 5016 1647 5086 praseferunt,
1696 5016 1799 5086 ipsi
1838 5016 2006 5071 tribui

439 5116 689 5179 possunt,
716 5109 811 5179 qui
845 5116 971 5163 ante
1000 5109 1156 5173 vixit,
1188 5125 1349 5178 quam
1378 5110 1533 5179 plura
1561 5108 1618 5161 in
1652 5108 2005 5163 Constitutio-

446 5202 862 5257 nibusenarrata
882 5199 1060 5251 locum
1115 5198 1397 5252 haberent.
1457 5195 1516 5251 In
1565 5196 1830 5251 editorem
1874 5211 2007 5251 vero

433 5287 749 5344 earumdem
807 5287 1295 5351 Constitutionum,
1352 5288 1446 5359 qui
1504 5288 1790 5343 nrsaculo
1844 5289 2001 5354 vixit,

435 5381 752 5448 hujusmodi
776 5396 1010 5437 censura
1038 5396 1147 5436 non
1170 5380 1336 5446 cadit,
1368 5379 1587 5451 quando
1620 5380 1750 5435 huic
1776 5380 2004 5451 tempori

432 5473 617 5527 omnia
662 5473 777 5529 fere
825 5474 1190 5539 conveniunt,
1233 5488 1352 5544 qua
1397 5474 1483 5529 his
1527 5472 2004 5527 Constitutionibus

433 5564 806 5619 continentur.
880 5563 1039 5620 Hunc
1109 5565 1370 5620 editorem
1437 5564 1625 5623 fuisse,
1660 5564 2005 5636 Hippolytum

434 5654 614 5722 palam
661 5654 947 5721 faciemus,
996 5657 1090 5727 qui
1138 5672 1249 5712 non
1300 5658 1473 5713 levem
1523 5658 1593 5712 ob
1628 5666 1877 5724 causam,
1910 5657 2007 5713 sed

437 5745 840 5813 gravissimam,
877 5746 1129 5803 Ecclesia:
1164 5747 1441 5804 Cavionum
1482 5748 1709 5805 editioni
1762 5748 2005 5805 omnium

2042 4093 2087 4149 D
2116 4093 2325 4163 primus
2377 4110 2598 4150 manum
2650 4095 2916 4163 admovit,
2958 4097 3281 4170 caterisque
3312 4099 3457 4155 viam
3499 4103 3704 4158 stravit

2119 4184 2188 4239 ad
2216 4186 2477 4241 eximium
2520 4202 2660 4257 opus
2699 4188 2856 4245 novis
2900 4189 3309 4246 accessionibus
3350 4192 3701 4263 locupletan-

2116 4277 2274 4346 dum;
2305 4295 2412 4349 quo
2453 4280 2507 4334 in
2548 4296 2734 4351 opere,
2778 4282 2980 4352 quibus
3034 4282 3301 4339 institutis
3341 4300 3407 4340 ac
3445 4288 3703 4343 moribus

2115 4372 2185 4422 ab
2226 4370 2383 4423 initio
2428 4368 2673 4426 Ecclesia
2732 4387 2833 4427 usa
2889 4372 3073 4439 fuerit,
3127 4382 3439 4445 appareret.
3499 4376 3703 4433 Adhuc

2114 4460 2306 4514 titulus
2329 4461 2641 4516 earumdem
2659 4460 3105 4519 Constitutionum
3133 4466 3216 4520 sui
3239 4467 3468 4522 editoris
3491 4483 3699 4525 nomen

2114 4548 2316 4617 prodit,
2357 4556 2442 4603 est
2485 4550 2631 4604 enim
2672 4550 2983 4620 hujusmodi
3024 4570 3037 4605 :
3079 4556 3341 4623 Διαταγαὶ
3382 4557 3490 4610 τῶν
3521 4559 3701 4626 ἁγίων

2114 4636 2428 4691 ἀποστόλων
2454 4638 2541 4692 διὰ
2572 4640 2887 4711 Κλήμεντος
2931 4643 3025 4696 τοῦ
3068 4645 3352 4714 Ῥωμαίων
3390 4646 3697 4703 ἐπισκόπου

2110 4745 2171 4782 τε
2199 4730 2294 4783 καὶ
2323 4729 2559 4794 πολίτου,
2583 4732 2615 4803 ἢ
2636 4733 2894 4805 καθολικὴ
2913 4734 3227 4789 διδασκαλία
3243 4753 3256 4787 :
3274 4735 3697 4794 Constitution:

2111 4831 2416 4875 sanctorum
2474 4824 2834 4891 apostolorum
2888 4842 2978 4894 per
3014 4826 3330 4881 Clementem
3387 4830 3700 4899 episcopum

2112 4922 2163 4967 et
2199 4914 2358 4968 civem
2393 4913 2710 4981 Romanum,
2743 4934 2833 4970 seu
2865 4916 3141 4971 Catholica
3173 4919 3452 4976 Doctrina.
3501 4920 3694 4977 Mirari

2110 5006 2237 5075 quis
2268 5007 2443 5077 possit
2470 5008 2619 5063 viros
2657 5010 3028 5075 acutissimos,
3071 5012 3306 5066 maxime
3332 5012 3695 5078 Cotelerium,

2110 5095 2485 5167 Beveregium,
2518 5095 2803 5164 Grabium,
2839 5098 3137 5164 Clericum,
3180 5101 3275 5170 qui
3318 5103 3698 5159 minutissima

2109 5205 2338 5259 quaque
2364 5193 2594 5245 scrutati
2624 5198 2773 5255 sunt,
2805 5208 2915 5246 non
2945 5193 3404 5250 animadvertisse
3435 5194 3696 5252 Clemen-

2109 5290 2217 5338 tem
2249 5284 2357 5338 dici
2386 5298 2497 5338 non
2526 5284 2688 5339 modo
2716 5286 3058 5355 episcopum,
3089 5287 3186 5341 sed
3223 5289 3467 5353 etcivem
3489 5286 3699 5343 Roma-

2110 5386 2235 5428 num
2275 5391 2294 5429 :
2327 5376 2491 5447 idque
2536 5377 2845 5447 importune
2893 5376 3185 5432 admodum
3232 5387 3431 5448 prater
3479 5394 3696 5436 morem

2106 5467 2276 5524 totius
2329 5469 2691 5539 antiquitatis.
2758 5471 2837 5524 Ac
2885 5470 3071 5540 plures
3119 5472 3342 5541 quidem
3386 5472 3695 5529 Clementis

2106 5558 2337 5615 Romani
2367 5577 2491 5616 cum
2519 5562 2678 5618 laude
2706 5563 3094 5629 meminerunt,
3128 5580 3289 5620 nemo
3322 5581 3465 5620 unus
3504 5572 3693 5622 tamen

2106 5656 2268 5710 civem
2312 5653 2619 5710 Romanum
2672 5657 2929 5727 appellat.
2980 5656 3261 5712 Accedunt
3321 5659 3529 5727 scripta
3564 5657 3694 5714 Cle-

2106 5752 2328 5820 mentis,
2373 5752 2571 5822 partim
2605 5766 2755 5818 vera,
2788 5752 2985 5823 partim
3026 5750 3167 5809 falso
3204 5752 3309 5826 ipsi
3358 5754 3593 5825 tributa,
3631 5753 3694 5813 in
