3896 6174
236 283 345 341 525

1077 293 1677 359 CONSTITUTIONES
1708 303 2187 368 APOSTOLICJE.
2219 345 2287 354 -—
2313 312 2678 374 PROG‘JMIA.

3387 330 3493 387 5‘26

232 402 437 513 quibus
468 402 789 513 bujusm‘odi
818 408 1113 478 appellatio
1145 428 1418 483 nusquam
1445 419 1692 473 occurrit
1722 422 1829 475 nisi
1859 428 1904 482 Α
1931 427 2103 480 ctrina
2160 444 2250 496 per
2283 429 2657 502 Hippolytum,
2712 434 2769 488 in
2816 450 2924 505 qua
2973 438 3277 509 colligenda
3331 448 3496 513 atque

232 494 291 547 in
314 494 570 549 Homiliis
588 504 643 552 et
667 497 1167 568 Constitutionibus,
1194 505 1359 575 idque
1382 517 1491 562 tam
1520 512 1668 565 nulla
1695 512 1819 579 ﬁde,

232 594 294 641 ut
323 587 629 644 etiamnum
655 591 723 646 de
750 591 1046 649 Clementis
1078 598 1256 666 patria
1280 599 1563 669 disputent
1597 605 1820 661 eruditi.

230 676 707 736 Constitutionum
736 682 921 754 itaque
960 686 1152 743 titulus
1176 689 1279 745 boc
1309 693 1473 748 modo
1504 709 1563 749 se
1593 695 1818 750 habuit:

230 770 500 839 Διαταγαὶ
542 773 651 827 τῶν
695 774 864 843 ἁγίων
906 777 1219 835 ἀποστόλων
1258 783 1344 837 διὰ
1372 785 1686 857 Κλήμεντος
1726 787 1821 840 τοῦ

240 862 535 934 Ῥωμαίων
581 866 901 932 ἐπισκόπου,
952 870 1047 924 καὶ⁹
1106 874 1439 941 Ἱππολύτου,
1485 880 1518 950 ἡ
1564 879 1820 952 καθολικὴ

229 951 590 1013 διδασκαλίας
629 958 1045 1019 Constitutiones
1099 977 1404 1022 sanctorum
1460 951 1819 1040 apostolorum

230 1058 325 1111 per
354 1045 679 1100 Clementem
701 1047 1064 1106 Romanorum
1107 1056 1429 1125 episcopum,
1465 1068 1517 1112 et
1540 1059 1819 1131 Hippolyti

233 1132 515 1191 Catholica
555 1138 822 1196 doctrina.
853 1141 1027 1209 Quam
1072 1144 1232 1202 facile
1269 1163 1471 1205 nomen
1507 1150 1817 1208 Ἱππολύτου

231 1226 288 1280 in
318 1227 473 1281 aliud
502 1229 596 1282 τοῦ
626 1230 863 1295 πολίτου,
904 1233 1175 1306 Hippolyti
1203 1236 1259 1292 in
1298 1239 1426 1293 civis
1470 1240 1817 1297 immutatum

229 1318 324 1383 sit,
360 1320 598 1390 quisque
631 1322 801 1387 videt,
838 1340 1057 1395 unaque
1102 1338 1329 1399 apparet
1356 1333 1549 1400 quanti
1593 1334 1666 1388 sit
1702 1335 1818 1389 haec

225 1410 566 1467 emendatio.
627 1411 767 1467 Nam
816 1415 1020 1472 diserte
1071 1420 1204 1488 quid
1256 1419 1559 1488 Clementi,
1615 1425 1817 1496 quidve

226 1500 532 1574 Hippolyto
587 1506 941 1561 tribuendum
1000 1510 1056 1563 in
1111 1508 1636 1577 Constitutionibus,
1695 1515 1816 1585 ipso

222 1596 394 1649 titulo
438 1596 826 1668 distinguitur;
866 1609 922 1657 et
960 1598 1227 1658 Clementi
1276 1605 1497 1675 quidem
1541 1604 1815 1663 Constitu-

226 1685 399 1738 tiones
425 1685 793 1753 apostolorum
813 1728 828 1752 ,
856 1688 973 1745 sive
994 1706 1180 1746 earum
1206 1694 1462 1752 collectio
1488 1697 1809 1754 ascribitur:

222 1773 527 1847 Hippolyto
564 1786 747 1834 autem
782 1778 1065 1834 Catholica
1096 1781 1376 1847 Doctrina,
1414 1784 1683 1842 haereticis
1711 1802 1810 1858 op-

221 1867 433 1936 posita.
492 1866 659 1924 Recte
705 1878 887 1924 autem
936 1870 1209 1928 Baronius
1255 1875 1457 1945 aliique
1503 1876 1810 1933 doctissimi

220 1960 331 2014 viri
407 1968 742 2015 censuerunt
800 1978 911 2017 uno
961 1964 1265 2035 eodemque
1318 1980 1483 2036 opere
1536 1969 1805 2024 contineri

219 2052 593 2120 apostolorum
637 2052 1076 2122 Constitutiones,
1116 2066 1171 2113 et
1201 2057 1509 2124 Doctrinas,
1549 2057 1809 2129 διαταγὰς

219 2146 319 2198 καὶ
347 2144 711 2210 διδασκαλίας,
744 2148 891 2218 quod
919 2163 1058 2220 opus
1100 2150 1279 2205 critici
1314 2151 1518 2222 alioqui
1562 2153 1809 2209 solertis-

218 2235 352 2290 simi
397 2236 454 2289 in
486 2234 595 2290 duo
622 2236 970 2293 dissecarunt
993 2240 1127 2310 (54).
1176 2239 1362 2311 Neque
1390 2244 1535 2297 enim
1565 2244 1635 2298 ab
1671 2244 1807 2314 ipsis

217 2325 667 2383 animadversum
695 2337 799 2395 est,
831 2345 895 2384 ex
929 2330 1083 2386 hisce
1109 2329 1587 2389 Constitutionibus
1616 2351 1808 2392 excer—

216 2426 316 2489 pta
365 2419 613 2488 quaedam
671 2429 886 2477 exstare
934 2422 1185 2478 breviora
1232 2425 1318 2479 vel
1368 2426 1685 2496 prolixiora,
1744 2437 1808 2483 ut

213 2506 426 2576 cuique
471 2506 819 2562 commodum
853 2509 989 2577 fuit;
1027 2524 1089 2566 ea
1129 2526 1259 2567 vero
1291 2522 1549 2584 excerpta
1593 2514 1806 2573 criticis

218 2599 629 2669 imposuerunt,
654 2602 812 2671 quasi
853 2602 921 2657 ad
952 2618 1092 2673 Opus
1129 2605 1276 2660 aliud
1304 2608 1662 2676 pertinerent.

294 2692 365 2747 Il.
405 2692 516 2748 Cur
544 2710 729 2748 nomen
762 2692 1038 2767 Hippolyti
1065 2707 1329 2752 servatum
1350 2701 1421 2754 sit
1450 2699 1505 2754 in
1537 2716 1634 2756 vm
1665 2700 1806 2757 Con-

216 2783 337 2838 stit.
366 2781 804 2839 libro—Mansit
832 2801 963 2841 vero
995 2787 1374 2858 incorruptum
1405 2788 1682 2863 Hippolyti
1706 2808 1805 2847 no-

216 2886 354 2927 men
403 2881 599 2928 octavo
639 2874 782 2929 libro
825 2877 1141 2933 earumdem
1174 2877 1644 2948 Constitutionum,
1693 2887 1807 2940 sive

214 2962 354 3031 quia
384 2961 431 3017 is
448 2961 587 3018 liber
617 2963 914 3034 aliquando
943 2966 1155 3037 primus
1184 2969 1320 3037 fuit;
1347 2972 1461 3027 sive
1481 2973 1609 3043 quia
1641 2988 1671 3028 a
1700 2990 1807 3030 cae-

214 3052 360 3107 teris
393 3054 619 3109 avulsus
635 3054 905 3127 Hippolyti
930 3072 1127 3114 nomen
1150 3063 1527 3119 tantummodo
1554 3066 1801 3123 retinnit.

216 3141 316 3198 Est
348 3152 530 3199 autem
556 3144 843 3217 inscriptio
870 3148 1042 3218 hujus
1071 3152 1249 3206 octavi
1276 3153 1590 3226 librizllepl.
1623 3174 1805 3229 χειρο-

210 3236 411 3289 τονιῶν
430 3236 519 3289 διὰ
544 3238 857 3293 Ἱππολύτου
875 3258 889 3295 :
906 3241 984 3295 De
1008 3240 1429 3300 ordinationibus
1448 3261 1539 3316 per
1558 3248 1811 3320 Hippoly-

214 3338 333 3381 tum
352 3329 490 3398 (55),
532 3337 627 3383 aut
675 3331 841 3385 etiam
895 3333 1211 3388 Ἱππολύτου
1253 3338 1476 3402 κανόνες
1516 3340 1809 3413 ἐκκλησια-

214 3420 395 3473 στικοὶ
426 3421 555 3491 περὶ
583 3422 875 3493 ἁπαρχῶνε
912 3424 1184 3495 Hippolyti
1213 3442 1437 3483 canones
1463 3431 1807 3488 ecclesiastici

209 3511 280 3566 de
318 3513 573 3581 primitiis
610 3514 747 3587 ('56),
778 3524 941 3586 prout
991 3518 1247 3573 nimirum
1292 3520 1399 3577 sibi
1441 3522 1678 3592 quisque
1704 3525 1804 3580 de-

211 3607 523 3675 scripserat
546 3607 630 3661 vel
655 3616 819 3678 caput
842 3617 1095 3679 quartum
1132 3612 1279 3682 quod
1308 3621 1393 3669 est
1419 3610 1483 3668 de
1507 3614 1806 3669 ordinatio.-

211 3694 397 3758 nibus,
426 3696 512 3750 vel
544 3696 883 3753 tricesimum
925 3699 988 3754 de
1008 3700 1261 3769 primitiis
1301 3718 1369 3758 ex
1397 3704 1551 3759 hisce
1587 3702 1801 3759 Consti-

214 3785 533 3841 tutionibus.
564 3785 617 3841 Is
646 3794 794 3843 certe
823 3788 965 3844 liber
992 3804 1094 3845 vttt
1125 3792 1181 3845 in
1205 3793 1390 3848 varias
1412 3793 1650 3849 iacinias
1679 3793 1799 3849 dis—

209 3884 441 3946 cerptus
488 3885 593 3941 est,
630 3877 865 3948 indeque
906 3881 1001 3934 alii
1033 3882 1271 3938 confecti
1312 3883 1503 3948 libelli,
1535 3885 1802 3955 quemad-

210 3970 439 4023 modum
485 3971 694 4042 Πέτρου
737 3973 831 4026 καὶ
859 3973 1073 4028 Παύλου
1116 3976 1225 4029 τῶν
1254 3974 1424 4045 ἁγίων
1463 3976 1800 4033 Ἀποστόλων

206 4058 508 4125 διατάξεις,
537 4062 622 4115 vel
657 4063 880 4126 κανόνες
917 4064 1199 4138 διάφοροιε
1236 4066 1382 4121 Petri
1410 4078 1459 4122 et
1498 4069 1660 4123 Pauli
1692 4068 1795 4126 SS.

208 4147 581 4215 apostolorum
616 4151 1015 4207 constitutiones
1054 4155 1138 4208 vel
1179 4170 1404 4211 canones
1436 4156 1629 4213 diversi
1659 4157 1794 4231 (57).

206 4235 402 4308 Neque
446 4245 650 4295 temere
690 4248 887 4297 octavo
926 4243 1057 4298 huic
1094 4245 1236 4301 libro
1276 4247 1550 4320 Hippolyti
1596 4266 1795 4305 nomen

204 4330 474 4401 praemitti
516 4336 823 4397 consuevit,
858 4337 1078 4406 quando
1108 4337 1324 4391 initium
1353 4341 1523 4395 sumit
1548 4356 1615 4395 ex
1657 4357 1796 4411 opu-

204 4424 371 4478 sculo
422 4423 560 4495 Περὶ
603 4425 978 4497 χαρισμάτων,
1030 4428 1108 4483 De
1163 4429 1605 4497 charismatibus,
1646 4434 1791 4504 quod
1825 4446 1868 4502 ί)

203 4517 523 4572 certissime
565 4515 859 4590 Hippolyto
899 4520 1144 4575 vindicat
1192 4522 1482 4595 inscriptio
1524 4526 1798 4582 cathedra:

204 4623 569 4670 marmoreae,
623 4609 680 4663 in
727 4626 833 4681 qua
886 4611 1082 4683 legitur
1134 4615 1295 4669 IIEPI
1345 4617 1798 4673 XAPICMATQN

203 4714 271 4753 ac
317 4699 521 4755 deinde
579 4702 832 4772 sequitur
884 4705 1335 4761 AIIOCTOAIKH
1389 4710 1792 4765 IIAPAAOCIC.

202 4792 367 4859 Quod
400 4808 535 4849 sane
578 4801 901 4864 argumento
941 4804 1045 4862 est,
1074 4806 1329 4853 octavum
1373 4800 1572 4854 librum
1625 4802 1796 4859 fuisse

202 4886 430 4940 initium
462 4884 784 4954 Apostolicte
826 4886 1133 4943 traditionis
1164 4898 1330 4960 atque
1359 4891 1495 4947 adeo
1522 4890 1786 4948 Constitu-

205 4975 438 5040 tionum,
488 4990 627 5044 quas
662 4974 917 5032 Clemens
956 4980 1273 5050 collegerat,
1308 4979 1632 5053 Hippolytus
1661 4998 1792 5040 vero

201 5064 258 5119 in
288 5066 488 5134 vulgus
510 5065 717 5122 emisit.
748 5064 884 5122 Aliis
906 5076 1087 5123 autem
1114 5069 1271 5124 libris
1300 5086 1374 5125 vn
1408 5072 1791 5128 continebatur

200 5152 544 5228 ήΚαθολικὴ
557 5156 869 5231 ᾷιὸασκαλῐα
896 5158 960 5212 δι’
1003 5160 1317 5216 Ἱππολύτου
1340 5179 1353 5214 :
1380 5161 1657 5219 Catholica
1680 5164 1791 5219 Do-

275 5392 394 5472 (3?)
421 5390 611 5472 Hsser.
631 5394 840 5472 Ifroleg.
866 5397 921 5450 in
940 5395 1038 5467 Ep.
1061 5396 1265 5468 Ignat.,
1286 5416 1406 5472 cap.
1430 5403 1480 5471 7;
1497 5401 1782 5472 Pearson.,

213 5463 376 5519 γίηά.
432 5464 611 5533 ιρηαι.
649 5464 692 5530 ι,
722 5463 807 5521 t.‘
972 5517 977 5521 .

300 5534 393 5602 35)
434 5533 602 5589 Grab.
639 5552 704 5591 ex
734 5536 857 5591 cod.
893 5534 1116 5592 Barocc.
1160 5553 1329 5593 xxvni
1376 5550 1433 5593 et
1470 5541 1706 5601 Vindob.

298 5606 394 5685 56)
433 5604 662 5685 ξίζιογὰε
680 5608 741 5685 in
754 5606 951 5661 Collat.
976 5607 1225 5677 Synadic.
1252 5612 1490 5683 Bevereg.
1515 5614 1776 5685 ap.Wolf.

202 5674 404 5730 Astecd.
438 5675 529 5741 1V,
561 5674 614 5741 ἰ).
641 5676 763 5733 116.

279 5692 404 5815 3%
434 5692 938 5818 ’(ﬁ'abffbpiril.
974 5747 1017 5817 ἰ,
1044 5766 1096 5822 p.
1125 5749 1214 5808 85.

1790 5536 1793 5549 ’
1884 5536 2197 5609 Β.“Οζῖόιῆζ
2225 5536 2264 5612 ἱ.

1924 518 2228 575 ordinanda
2259 524 2445 578 nescio
2501 540 2569 579 an
2609 527 2732 595 plus
2769 542 2948 598 operte
2989 539 3181 587 auctor
3224 536 3491 603 posuerit,

1924 623 2087 681 quam
2132 611 2187 664 in
2231 614 2443 669 caeteris
2481 617 2765 686 operibus,
2802 635 2924 690 qua:
2952 620 3093 677 bene
3126 624 3296 677 multa
3326 634 3381 679 et
3411 625 3494 693 la-

1922 700 2145 757 boriosa
2173 703 2432 761 confecit.

1994 791 2084 850 III.
2128 793 2194 848 In
2234 795 2449 851 Oriente
2496 799 2606 869 fere
2650 800 2841 874 ubique
2888 808 3178 873 permansit
3220 805 3495 878 Hippolyti

1921 886 2570 952 nomen.—Quamobrem
2626 892 2683 946 in
2721 892 2942 950 Oriente
2994 897 3084 952 ubi
3140 898 3318 952 locum
3379 915 3492 954 non

1921 974 2112 1029 habuit
2159 976 2251 1031 illa
2282 977 2598 1048 depravatio
2650 984 2892 1041 nominis
2923 985 3223 1058 Hippolyti,
3265 996 3489 1044 contra-

1921 1065 2062 1120 rium
2099 1069 2362 1139 contigit;
2395 1075 2596 1126 extrito
2634 1074 2891 1130 nimirum
2919 1077 3215 1135 Clementis
3244 1079 3488 1145 nomine,

1920 1156 2051 1213 illud
2088 1157 2364 1233 Hippolyti
2404 1164 2545 1233 apud
2575 1162 2882 1223 Orientales
2929 1166 3043 1223 fere
3073 1170 3395 1238 permansit,
3433 1170 3490 1224 in

1919 1265 2078 1320 quem
2103 1254 2269 1308 veluti
2314 1254 2569 1311 Ecclesia:
2615 1257 2793 1327 legum
2849 1260 3189 1315 conditorem
3248 1262 3491 1319 universi

1917 1343 2240 1412 respiciunt.
2286 1343 2537 1416 Namque
2573 1348 2629 1401 in
2660 1346 2925 1420 Syrorum
2953 1353 3348 1409 vetustissimis
3393 1368 3490 1409 co-

1916 1434 2131 1491 dicibus
2158 1444 2283 1491 ante
2312 1438 2569 1493 saeculum
2600 1455 2701 1494 vtu
2729 1442 2967 1497 exaratis
2993 1450 3292 1497 occurrunt

2010 1558 2534 1699 εφοεέολεδι
2587 1603 2734 1682 με
2772 1557 3108 1699 μὲν
3146 1561 3492 1699 ιουαὲ

1916 1691 2328 1748 Constitutiones
2381 1698 2745 1765 apostolorum
2800 1713 2891 1765 per
2953 1696 3298 1769 Hippolytum
3349 1691 3487 1772 (58)..

1842 1763 1885 1819 Β
1912 1782 2091 1852 Atque
2140 1783 2196 1837 in
2232 1763 2674 1841 sacrisArabum
2705 1763 3095 1853 voluminibus,
3126 1763 3213 1844 v'el
3239 1763 3486 1860 Coptita-

1910 1887 2031 1927 rum
2068 1874 2253 1942 potius
2292 1874 2551 1931 Ecclesiae
2599 1876 3001 1943 Alexandrinae,
3053 1893 3249 1934 eorum
3300 1882 3489 1953 lingua

1909 1967 2177 2019 utentium

1910 2272 2013 2329 Isti
2053 2284 2175 2330 sunt
2227 2294 2448 2333 canones
2498 2278 2766 2345 Ecclesia,
2810 2282 3064 2335 mandata
3109 2298 3225 2352 qua:
3277 2282 3487 2349 scripsit

1910 2364 2229 2437 Hippolytus
2258 2408 2273 2432 ,
2330 2385 2422 2437 per
2461 2387 2610 2441 quem
2667 2372 2899 2443 loquitur
2951 2371 3293 2447 [Ecclesia]
3348 2373 3484 2445 (59).

1906 2456 2199 2530 IEthiopes
2241 2470 2423 2517 autem
2469 2478 2498 2516 a
2533 2463 2730 2534 priscis
2778 2467 3111 2536 temporibus
3151 2474 3274 2537 post
3312 2465 3489 2522 Cano-

1908 2565 1996 2605 nes
2043 2554 2401 2620 apostolorum
2435 2573 2562 2625 quos
2607 2572 2786 2612 cxxvn
2817 2568 3112 2626 numerant,
3142 2568 3404 2613 recensent

1908 2641 2184 2727 ἡτίῗιρή
2224 2684 2247 2727 s
2300 2648 2730 2740 HZH'MKI
2787 2690 2809 2732 :
2863 2648 3011 2742 ἀφ
3060 2691 3081 2731 :
3141 2637 3400 2735 22ἠῷ
3457 2689 3482 2731 ε

1906 2763 2128 2852 ΗΕθΒ
2147 2804 2169 2847 ε
2197 2770 2363 2842 ιηπ

1906 2906 2043 2982 (40).
2071 2908 2311 2967 Canones
2338 2912 2611 2985 Hippolyti
2630 2915 2861 2970 doctoris
2881 2931 3032 2986 papa;-
3053 2915 3231 2971 Roma:
3254 2932 3484 2973 xxxvut.

1907 3001 2165 3069 Quinimo
2217 3003 2494 3077 Hippolyti
2526 3022 2722 3061 nomen
2752 3009 2894 3078 apud
2921 3007 3209 3079 JEthiopes
3240 3008 3376 3064 adeo
3398 3009 3486 3064 in-

1832 3099 1873 3156 C
1906 3096 2099 3160 valuit,
2130 3104 2193 3151 ut
2227 3112 2328 3166 pro
2356 3112 2491 3153 voce
2514 3096 2747 3153 Canonis
2787 3109 3073 3171 acceptum
3126 3101 3199 3154 sit
3246 3118 3260 3154 :
3306 3116 3485 3171 neque

1911 3186 2058 3241 enim
2104 3188 2326 3244 aliunde
2368 3200 2615 3259 repetere
2660 3192 2788 3246 licet
2822 3192 3093 3248 dictiones
3118 3191 3343 3256 Abtelis,
3372 3193 3485 3246 Ab-

1908 3279 2079 3343 seltis,
2122 3285 2177 3335 et
2202 3279 2436 3334 Betelsat
2493 3281 2693 3352 quibus
2751 3283 3047 3339 secundam
3106 3284 3483 3340 collectionem

1908 3371 2201 3442 appellant,
2224 3386 2385 3442 quam
2404 3374 2472 3427 ab
2504 3373 2622 3443 ipso
2651 3372 2927 3439 Abulides,
2962 3376 3183 3434 nomine
3214 3392 3321 3446 quo
3350 3375 3485 3447 Hip-

1907 3464 2151 3533 polytum
2195 3461 2409 3527 dicunt,
2457 3464 2605 3519 varie
2655 3464 2854 3521 inﬂexo
2908 3472 2961 3521 et
2999 3476 3279 3537 corrupto.
3338 3466 3480 3522 Cum

1905 3556 2052 3611 enim
2080 3555 2135 3609 in
2165 3570 2264 3610 sua
2294 3555 2478 3625 lingua
2511 3572 2619 3610 non
2646 3556 2883 3613 habeant
2914 3558 3130 3613 illarum
3155 3558 3478 3626 dictionum,

1904 3648 2105 3718 quibus
2155 3662 2255 3717 pro
2304 3646 2480 3703 titulis
2524 3656 2778 3716 utuntur,
2832 3650 3130 3720 originem;
3182 3651 3337 3705 aiunt
3378 3651 3479 3706 bos

1901 3739 2091 3795 titulos
2116 3738 2317 3793 Abtelis
2356 3754 2452 3794 seu
2475 3737 2707 3793 Betelsat
2736 3746 2789 3793 et
2807 3737 3036 3794 Abseltis
3080 3740 3262 3811 lingua
3294 3739 3481 3796 Gratca

1903 3830 2212 3901 signiﬁcare
2241 3828 2505 3886 Cononem
2535 3829 2670 3902 (41),
2695 3831 2841 3901 quod
2869 3829 3068 3888 falsum
3098 3847 3223 3889 esse
3251 3848 3315 3888 ac
3343 3835 3478 3888 alie-

1901 3941 2032 3979 num
2063 3940 2225 3979 nemo
2254 3939 2362 3983 non
2394 3923 2559 3980 videt.
2590 3923 2908 3994 Ludolphus
2941 3925 3256 3995 hujusmodi
3286 3943 3480 3983 corru-

1901 4014 2119 4084 ptiones
2166 4013 2333 4068 tribui
2400 4013 2610 4068 mavult
2670 4012 2946 4084 Coptitis;
3010 4015 3122 4070 imo
3168 4030 3299 4071 vero
3350 4033 3478 4073 cum

1898 4120 2116 4160 omnem
2170 4104 2477 4159 doctrinam
2529 4105 2597 4160 ab
2650 4105 2785 4175 ipsis
2834 4107 3146 4177 acceperint
3169 4107 3473 4180 Ethiopes,

1898 4210 2126 4252 necesse
2156 4211 2266 4267 non
2289 4204 2373 4252 est
2405 4197 2601 4252 menda
2626 4197 2791 4251 etiam
2828 4199 3128 4269 accepisse.
3164 4215 3229 4255 ac
3260 4201 3475 4258 facilius

1899 4289 1968 4344 ab
2000 4289 2225 4353 ultimis,
2263 4290 2370 4344 nisi
2400 4291 2470 4345 ab
2496 4282 2762 4360 utrisque,
2786 4290 2838 4345 id
2870 4306 3067 4347 nomen
3089 4293 3337 4350 vitiatum
3367 4305 3471 4352 est.

1901 4381 2026 4439 Haec
2055 4392 2237 4441 autem
2288 4384 2363 4438 ita
2414 4401 2473 4441 se
2513 4385 2716 4441 habere
2775 4385 2972 4442 titulus
3018 4387 3134 4457 ipse
3185 4391 3473 4457 conﬁrmat

1902 4476 2067 4537 huius
2097 4476 2324 4531 alterius
2356 4476 2709 4533 Collectiouis
2756 4474 2777 4491 ‘

1904 4569 2177 4648 σπι-ωε
2245 4609 2264 4650 ε
2346 4559 2764 4655 ιυιωεοθι-
2835 4609 2856 4653 :
2937 4570 3371 4655 h'ﬂt‘tA’Pt‘t
3447 4614 3469 4655 :

1905 4687 2101 4769 (Ριῗιῖ
2156 4729 2178 4770 =
2226 4687 2610 4772 Ηλσηϋιι
2661 4729 2681 4769 :

1898 4805 2310 4877 Reprazsentatio
2338 4818 2387 4863 et
2413 4809 2682 4862 ordinatio
2698 4808 2933 4864 Absattis
2966 4809 3240 4866 Canonum
3258 4811 3473 4867 Domini

1897 4900 2086 4955 nostri.
2119 4898 2223 4956 Ubi
2268 4910 2494 4970 apparet
2534 4916 2636 4956 suo
2658 4900 2934 4967 Canones,
2970 4917 3033 4957 ac
3071 4919 3173 4959 suo
3201 4904 3471 4960 Collectn-

1895 5002 2009 5043 rem
2042 4990 2301 5059 appellari
2328 4991 2551 5060 proprio
2588 4992 2830 5054 nomine,
2865 4992 3010 5061 quod
3054 4993 3203 5048 aliud
3245 5010 3353 5049 non
3383 5004 3468 5050 est

1894 5078 1964 5133 ab
1994 5079 2088 5133 illo
2116 5078 2412 5150 Hippolyti.
2446 5078 2582 5134 Cum
2607 5096 2736 5136 vero
2766 5083 3003 5151 plurium
3040 5099 3271 5140 numero
3300 5086 3463 5139 etiam
3518 5114 3521 5119 -

1892 5179 2115 5226 utantur
2144 5173 2211 5227 ad
2242 5161 2769 5229 eam‘collectionem
2802 5176 3239 5246 signiﬁcandam,
3273 5191 3468 5247 nempe

1961 5413 2075 5483 (38)
2117 5413 2249 5469 Mss.
2289 5416 2413 5471 cod.
2443 5414 2595 5480 Vat.,
2630 5434 2687 5473 η.
2722 5416 2847 5473 107.

1962 5483 2075 5558 (ξ9)
2116 5483 2195 5538 Ex
2225 5485 2348 5558 cod.
2380 5501 2514 5558 mss.
2544 5487 2767 5558 Macarii
2797 5488 2981 5558 presb.
3011 5485 3138 5541 Vid.
3169 5485 3458 5545 Asseman.

1977 5555 2197 5609 0.tom.
2225 5555 2264 5612 l.
2297 5572 2349 5625 p.
2376 5555 2480 5610 619
2510 5566 2563 5612 et
2586 5557 2677 5621 lll,
2709 5574 2764 5627 p.
2798 5555 2843 5619 ἰ.
2876 5557 3043 5627 p.15.

1956 5623 2068 5765 (4οζ
2104 5626 2206 5694 Ap.
2247 5625 2511 5695 Ludolph.
2556 5628 2697 5682 Hist.
2721 5626 2985 5698 Ethiop.,
3005 5626 3069 5691 Il,
3096 5646 3150 5700 p.
3176 5627 3298 5684 304.

1956 5695 2038 5765 (41
2106 5694 2400 5765 Ludolph.,
2432 5696 2474 5752 l.
2508 5713 2583 5765 c.,
2618 5714 2670 5765 ι).
2699 5699 2821 5754 530.

1953 5694 2065 5765 (li)
2106 5694 2400 5767 Ludolph.,
2425 5694 2474 5752 il.
2508 5713 2583 5765 c.,
2618 5714 2670 5769 p.
2699 5699 2821 5754 330.
