  <div class='ocr_page' id='page_1' title='image "/cluster/home/n/w/nwhite01/storage/ocr_20150623/1/nnc1.0022106693/279.png"; bbox 0 0 3896 6174; ppageno 0'>
   <div class='ocr_carea' id='block_1_1' title="bbox 396 312 503 367">
    <p class='ocr_par' dir='ltr' id='par_1_1' title="bbox 396 312 503 367">
     <span class='ocr_line' id='line_1_1' title="bbox 396 312 503 367; baseline -0.009 0"><span class='ocrx_word' id='word_1_1' title='bbox 396 312 503 367; x_wconf 68' lang='lat'><strong>59.7</strong></span> 
     </span>
    </p>
   </div>
   <div class='ocr_carea' id='block_1_2' title="bbox 1256 297 2771 364">
    <p class='ocr_par' dir='ltr' id='par_1_2' title="bbox 1256 297 2771 364">
     <span class='ocr_line' id='line_1_2' title="bbox 1256 297 2771 364; baseline -0.006 -2"><span class='ocrx_word' id='word_1_2' title='bbox 1256 307 1313 362; x_wconf 90' lang='lat' dir='ltr'><strong>S.</strong></span> <span class='ocrx_word' id='word_1_3' title='bbox 1348 304 1747 364; x_wconf 80' lang='lat' dir='ltr'><strong>CLEMENTIS</strong></span> <span class='ocrx_word' id='word_1_4' title='bbox 1779 306 1797 361; x_wconf 94' lang='grc'><strong>1</strong></span> <span class='ocrx_word' id='word_1_5' title='bbox 1834 303 2001 360; x_wconf 81' lang='lat' dir='ltr'><strong>ROM.</strong></span> <span class='ocrx_word' id='word_1_6' title='bbox 2039 302 2241 359; x_wconf 81' lang='lat' dir='ltr'><strong>PONT.</strong></span> <span class='ocrx_word' id='word_1_7' title='bbox 2278 299 2508 357; x_wconf 80' lang='lat' dir='ltr'><strong>OPERA</strong></span> <span class='ocrx_word' id='word_1_8' title='bbox 2543 297 2771 354; x_wconf 75' lang='lat' dir='ltr'><strong>DUBIA.</strong></span> 
     </span>
    </p>
   </div>
   <div class='ocr_carea' id='block_1_3' title="bbox 3550 294 3656 349">
    <p class='ocr_par' dir='ltr' id='par_1_3' title="bbox 3550 294 3656 349">
     <span class='ocr_line' id='line_1_3' title="bbox 3550 294 3656 349; baseline 0 0"><span class='ocrx_word' id='word_1_9' title='bbox 3550 294 3656 349; x_wconf 73' lang='lat'><strong>5‘28</strong></span> 
     </span>
    </p>
   </div>
   <div class='ocr_carea' id='block_1_4' title="bbox 400 405 3655 513">
    <p class='ocr_par' dir='ltr' id='par_1_4' title="bbox 400 405 3655 513">
     <span class='ocr_line' id='line_1_4' title="bbox 400 405 3655 513; baseline -0.005 -36"><span class='ocrx_word' id='word_1_10' title='bbox 883 458 907 503; x_wconf 56' lang='grc' dir='ltr'>ε</span> <span class='ocrx_word' id='word_1_11' title='bbox 935 431 1216 496; x_wconf 64' lang='grc' dir='ltr'><strong>Αδεειξιαι,</strong></span> <span class='ocrx_word' id='word_1_12' title='bbox 1249 432 1584 487; x_wconf 57' lang='lat' dir='ltr'><strong>collectanea</strong></span> <span class='ocrx_word' id='word_1_13' title='bbox 1610 430 1694 485; x_wconf 66' lang='grc' dir='ltr'><strong>νει</strong></span> <span class='ocrx_word' id='word_1_14' title='bbox 1722 428 1977 484; x_wconf 52' lang='lat' dir='ltr'><strong>mandata</strong></span> <span class='ocrx_word' id='word_1_15' title='bbox 2007 421 2051 474; x_wconf 83' lang='grc' dir='ltr'>Α</span> <span class='ocrx_word' id='word_1_16' title='bbox 2079 412 2343 468; x_wconf 90' lang='lat' dir='ltr'><strong>Clementi</strong></span> <span class='ocrx_word' id='word_1_17' title='bbox 2391 411 2749 472; x_wconf 88' lang='lat' dir='ltr'><strong>vindicemus,</strong></span> <span class='ocrx_word' id='word_1_18' title='bbox 2790 407 3098 513; x_wconf 62' lang='lat' dir='ltr'><strong>communis</strong></span> <span class='ocrx_word' id='word_1_19' title='bbox 3146 411 3330 461; x_wconf 83' lang='lat' dir='ltr'><strong>tamen</strong></span> <span class='ocrx_word' id='word_1_20' title='bbox 3373 405 3560 477; x_wconf 86' lang='lat' dir='ltr'><strong>aliqua</strong></span> <span class='ocrx_word' id='word_1_21' title='bbox 3589 423 3655 460; x_wconf 78' lang='lat' dir='ltr'><strong>ex</strong></span> 
     </span>
    </p>
   </div>
   <div class='ocr_carea' id='block_1_5' title="bbox 405 543 1980 615">
    <p class='ocr_par' dir='ltr' id='par_1_5' title="bbox 405 543 1980 615">
     <span class='ocr_line' id='line_1_5' title="bbox 405 543 1980 615; baseline -0.004 -16"><span class='ocrx_word' id='word_1_22' title='bbox 405 547 718 615; x_wconf 81' lang='lat' dir='ltr'><strong>Ilippolytea</strong></span> <span class='ocrx_word' id='word_1_23' title='bbox 748 545 1079 615; x_wconf 89' lang='lat' dir='ltr'><strong>intelligunt.</strong></span> <span class='ocrx_word' id='word_1_24' title='bbox 1114 543 1164 598; x_wconf 92' lang='lat' dir='ltr'><strong>Is</strong></span> <span class='ocrx_word' id='word_1_25' title='bbox 1198 543 1336 598; x_wconf 92' lang='lat' dir='ltr'><strong>liber</strong></span> <span class='ocrx_word' id='word_1_26' title='bbox 1362 557 1605 597; x_wconf 85' lang='lat' dir='ltr'><strong>canones</strong></span> <span class='ocrx_word' id='word_1_27' title='bbox 1637 555 1799 595; x_wconf 79' lang='lat' dir='ltr'><strong>um</strong></span> <span class='ocrx_word' id='word_1_28' title='bbox 1831 555 1980 594; x_wconf 88' lang='lat' dir='ltr'><strong>com-</strong></span> 
     </span>
    </p>
   </div>
   <div class='ocr_carea' id='block_1_6' title="bbox 400 634 1609 708">
    <p class='ocr_par' dir='ltr' id='par_1_6' title="bbox 400 634 1609 708">
     <span class='ocr_line' id='line_1_6' title="bbox 400 634 1609 708; baseline -0.004 -17"><span class='ocrx_word' id='word_1_29' title='bbox 400 636 707 708; x_wconf 88' lang='lat' dir='ltr'><strong>prehendit,</strong></span> <span class='ocrx_word' id='word_1_30' title='bbox 740 651 881 706; x_wconf 90' lang='lat' dir='ltr'><strong>quos</strong></span> <span class='ocrx_word' id='word_1_31' title='bbox 909 643 963 691; x_wconf 92' lang='lat' dir='ltr'><strong>et</strong></span> <span class='ocrx_word' id='word_1_32' title='bbox 990 634 1369 705; x_wconf 71' lang='lat' dir='ltr'><strong>Apostolorum</strong></span> <span class='ocrx_word' id='word_1_33' title='bbox 1400 634 1609 689; x_wconf 88' lang='lat' dir='ltr'><strong>dicunt.</strong></span> 
     </span>
    </p>
   </div>
   <div class='ocr_carea' id='block_1_7' title="bbox 471 746 1982 819">
    <p class='ocr_par' dir='ltr' id='par_1_7' title="bbox 471 746 1982 819">
     <span class='ocr_line' id='line_1_7' title="bbox 471 746 1982 819; baseline -0.004 -14"><span class='ocrx_word' id='word_1_34' title='bbox 471 751 559 808; x_wconf 74' lang='lat' dir='ltr'><strong>IV.</strong></span> <span class='ocrx_word' id='word_1_35' title='bbox 616 752 699 805; x_wconf 86' lang='lat' dir='ltr'><strong>An</strong></span> <span class='ocrx_word' id='word_1_36' title='bbox 751 759 887 805; x_wconf 89' lang='lat' dir='ltr'><strong>recte</strong></span> <span class='ocrx_word' id='word_1_37' title='bbox 923 748 1337 805; x_wconf 85' lang='lat' dir='ltr'><strong>Constitutiones</strong></span> <span class='ocrx_word' id='word_1_38' title='bbox 1400 746 1747 819; x_wconf 75' lang='lat' dir='ltr'><strong>prwseferant</strong></span> <span class='ocrx_word' id='word_1_39' title='bbox 1796 762 1982 801; x_wconf 84' lang='lat' dir='ltr'><strong><em>nomen</em></strong></span> 
     </span>
    </p>
   </div>
   <div class='ocr_carea' id='block_1_8' title="bbox 402 836 1981 899">
    <p class='ocr_par' dir='ltr' id='par_1_8' title="bbox 402 836 1981 899">
     <span class='ocr_line' id='line_1_8' title="bbox 402 836 1981 899; baseline -0.004 -1"><span class='ocrx_word' id='word_1_40' title='bbox 402 843 685 899; x_wconf 79' lang='lat' dir='ltr'><strong>Clementis</strong></span> <span class='ocrx_word' id='word_1_41' title='bbox 698 840 1314 896; x_wconf 68' lang='lat' dir='ltr'><strong>Rom—Verumtamen</strong></span> <span class='ocrx_word' id='word_1_42' title='bbox 1327 840 1658 895; x_wconf 77' lang='lat' dir='ltr'><strong>Clementem</strong></span> <span class='ocrx_word' id='word_1_43' title='bbox 1676 836 1981 893; x_wconf 85' lang='lat' dir='ltr'><strong>Romanum</strong></span> 
     </span>
    </p>
   </div>
   <div class='ocr_carea' id='block_1_9' title="bbox 402 931 1983 1005">
    <p class='ocr_par' dir='ltr' id='par_1_9' title="bbox 402 931 1983 1005">
     <span class='ocr_line' id='line_1_9' title="bbox 402 931 1983 1005; baseline -0.003 -15"><span class='ocrx_word' id='word_1_44' title='bbox 402 936 648 990; x_wconf 88' lang='lat' dir='ltr'><strong>omnium</strong></span> <span class='ocrx_word' id='word_1_45' title='bbox 707 936 943 1005; x_wconf 89' lang='lat' dir='ltr'><strong>primum</strong></span> <span class='ocrx_word' id='word_1_46' title='bbox 996 933 1127 988; x_wconf 87' lang='lat' dir='ltr'><strong>huic</strong></span> <span class='ocrx_word' id='word_1_47' title='bbox 1169 934 1323 1002; x_wconf 87' lang='lat' dir='ltr'><strong>operi</strong></span> <span class='ocrx_word' id='word_1_48' title='bbox 1372 948 1594 987; x_wconf 91' lang='lat' dir='ltr'><strong>manum</strong></span> <span class='ocrx_word' id='word_1_49' title='bbox 1652 931 1983 994; x_wconf 79' lang='lat' dir='ltr'><strong>admovisse.</strong></span> 
     </span>
    </p>
   </div>
   <div class='ocr_carea' id='block_1_10' title="bbox 401 1020 1983 1098">
    <p class='ocr_par' dir='ltr' id='par_1_10' title="bbox 401 1020 1983 1098">
     <span class='ocr_line' id='line_1_10' title="bbox 401 1020 1983 1098; baseline -0.004 -17"><span class='ocrx_word' id='word_1_50' title='bbox 401 1044 510 1081; x_wconf 92' lang='lat' dir='ltr'><strong>non</strong></span> <span class='ocrx_word' id='word_1_51' title='bbox 536 1028 695 1082; x_wconf 89' lang='lat' dir='ltr'><strong>video</strong></span> <span class='ocrx_word' id='word_1_52' title='bbox 722 1041 829 1098; x_wconf 86' lang='lat' dir='ltr'><strong>qua</strong></span> <span class='ocrx_word' id='word_1_53' title='bbox 860 1026 1075 1081; x_wconf 91' lang='lat' dir='ltr'><strong>ratione</strong></span> <span class='ocrx_word' id='word_1_54' title='bbox 1107 1024 1343 1079; x_wconf 88' lang='lat' dir='ltr'><strong>inliciari</strong></span> <span class='ocrx_word' id='word_1_55' title='bbox 1374 1024 1499 1095; x_wconf 89' lang='lat' dir='ltr'><strong>quis</strong></span> <span class='ocrx_word' id='word_1_56' title='bbox 1534 1024 1730 1093; x_wconf 90' lang='lat' dir='ltr'><strong>possit.</strong></span> <span class='ocrx_word' id='word_1_57' title='bbox 1777 1020 1983 1093; x_wconf 89' lang='lat' dir='ltr'><strong>Super-</strong></span> 
     </span>
    </p>
   </div>
   <div class='ocr_carea' id='block_1_11' title="bbox 404 1114 1987 1185">
    <p class='ocr_par' dir='ltr' id='par_1_11' title="bbox 404 1114 1987 1185">
     <span class='ocr_line' id='line_1_11' title="bbox 404 1114 1987 1185; baseline -0.003 -11"><span class='ocrx_word' id='word_1_58' title='bbox 404 1128 533 1174; x_wconf 83' lang='lat' dir='ltr'><strong>sunt</strong></span> <span class='ocrx_word' id='word_1_59' title='bbox 572 1119 751 1174; x_wconf 88' lang='lat' dir='ltr'><strong>adhuc</strong></span> <span class='ocrx_word' id='word_1_60' title='bbox 798 1118 853 1173; x_wconf 90' lang='lat' dir='ltr'><strong>in</strong></span> <span class='ocrx_word' id='word_1_61' title='bbox 880 1115 1360 1173; x_wconf 86' lang='lat' dir='ltr'><strong>Constitutionibus</strong></span> <span class='ocrx_word' id='word_1_62' title='bbox 1396 1124 1675 1185; x_wconf 89' lang='lat' dir='ltr'><strong>utcunque</strong></span> <span class='ocrx_word' id='word_1_63' title='bbox 1711 1114 1987 1184; x_wconf 86' lang='lat' dir='ltr'><strong>corruptis</strong></span> 
     </span>
    </p>
   </div>
   <div class='ocr_carea' id='block_1_12' title="bbox 406 1202 1990 1280">
    <p class='ocr_par' dir='ltr' id='par_1_12' title="bbox 406 1202 1990 1280">
     <span class='ocr_line' id='line_1_12' title="bbox 406 1202 1990 1280; baseline -0.004 -15"><span class='ocrx_word' id='word_1_64' title='bbox 406 1210 632 1280; x_wconf 89' lang='lat' dir='ltr'><strong>vestigia</strong></span> <span class='ocrx_word' id='word_1_65' title='bbox 662 1210 761 1264; x_wconf 66' lang='lat' dir='ltr'><strong>aevi</strong></span> <span class='ocrx_word' id='word_1_66' title='bbox 794 1224 905 1280; x_wconf 92' lang='lat' dir='ltr'><strong>quo</strong></span> <span class='ocrx_word' id='word_1_67' title='bbox 933 1207 1240 1277; x_wconf 68' lang='lat' dir='ltr'><strong>compilata:</strong></span> <span class='ocrx_word' id='word_1_68' title='bbox 1269 1206 1506 1277; x_wconf 84' lang='lat' dir='ltr'><strong>primum</strong></span> <span class='ocrx_word' id='word_1_69' title='bbox 1547 1204 1788 1260; x_wconf 82' lang='lat' dir='ltr'><strong>fuerunt.</strong></span> <span class='ocrx_word' id='word_1_70' title='bbox 1823 1202 1990 1258; x_wconf 87' lang='lat' dir='ltr'><strong>Nam-</strong></span> 
     </span>
    </p>
   </div>
   <div class='ocr_carea' id='block_1_13' title="bbox 404 1296 1989 1374">
    <p class='ocr_par' dir='ltr' id='par_1_13' title="bbox 404 1296 1989 1374">
     <span class='ocr_line' id='line_1_13' title="bbox 404 1296 1989 1374; baseline -0.006 -17"><span class='ocrx_word' id='word_1_71' title='bbox 404 1319 512 1374; x_wconf 87' lang='lat' dir='ltr'><strong>que</strong></span> <span class='ocrx_word' id='word_1_72' title='bbox 554 1302 644 1358; x_wconf 91' lang='lat' dir='ltr'><strong>ubi</strong></span> <span class='ocrx_word' id='word_1_73' title='bbox 688 1302 927 1373; x_wconf 92' lang='lat' dir='ltr'><strong>plurium</strong></span> <span class='ocrx_word' id='word_1_74' title='bbox 959 1299 1331 1355; x_wconf 90' lang='lat' dir='ltr'><strong>Ecclesiarum</strong></span> <span class='ocrx_word' id='word_1_75' title='bbox 1383 1297 1441 1351; x_wconf 85' lang='lat' dir='ltr'><strong>lit</strong></span> <span class='ocrx_word' id='word_1_76' title='bbox 1485 1297 1713 1362; x_wconf 88' lang='lat' dir='ltr'><strong>mentio,</strong></span> <span class='ocrx_word' id='word_1_77' title='bbox 1755 1311 1877 1367; x_wconf 75' lang='lat' dir='ltr'><strong>qua:</strong></span> <span class='ocrx_word' id='word_1_78' title='bbox 1920 1296 1989 1349; x_wconf 89' lang='lat' dir='ltr'><strong>ab</strong></span> 
     </span>
    </p>
   </div>
   <div class='ocr_carea' id='block_1_14' title="bbox 406 1388 1985 1467">
    <p class='ocr_par' dir='ltr' id='par_1_14' title="bbox 406 1388 1985 1467">
     <span class='ocr_line' id='line_1_14' title="bbox 406 1388 1985 1467; baseline -0.006 -18"><span class='ocrx_word' id='word_1_79' title='bbox 406 1395 673 1465; x_wconf 83' lang='lat' dir='ltr'><strong>apostolis</strong></span> <span class='ocrx_word' id='word_1_80' title='bbox 718 1394 969 1467; x_wconf 83' lang='lat' dir='ltr'><strong>preprios</strong></span> <span class='ocrx_word' id='word_1_81' title='bbox 1009 1392 1296 1463; x_wconf 89' lang='lat' dir='ltr'><strong>episcopos</strong></span> <span class='ocrx_word' id='word_1_82' title='bbox 1349 1389 1634 1444; x_wconf 89' lang='lat' dir='ltr'><strong>ordinatos</strong></span> <span class='ocrx_word' id='word_1_83' title='bbox 1682 1388 1985 1451; x_wconf 86' lang='lat' dir='ltr'><strong>habebant,</strong></span> 
     </span>
    </p>
   </div>
   <div class='ocr_carea' id='block_1_15' title="bbox 408 1480 1986 1552">
    <p class='ocr_par' dir='ltr' id='par_1_15' title="bbox 408 1480 1986 1552">
     <span class='ocr_line' id='line_1_15' title="bbox 408 1480 1986 1552; baseline -0.005 -10"><span class='ocrx_word' id='word_1_84' title='bbox 408 1503 520 1542; x_wconf 90' lang='lat' dir='ltr'><strong>non</strong></span> <span class='ocrx_word' id='word_1_85' title='bbox 570 1488 718 1541; x_wconf 88' lang='lat' dir='ltr'><strong>ultra</strong></span> <span class='ocrx_word' id='word_1_86' title='bbox 773 1487 992 1541; x_wconf 88' lang='lat' dir='ltr'><strong>tertiam</strong></span> <span class='ocrx_word' id='word_1_87' title='bbox 1052 1483 1459 1539; x_wconf 87' lang='lat' dir='ltr'><strong>successionem</strong></span> <span class='ocrx_word' id='word_1_88' title='bbox 1525 1480 1986 1552; x_wconf 89' lang='lat' dir='ltr'><strong>progrediuntur;</strong></span> 
     </span>
    </p>
   </div>
   <div class='ocr_carea' id='block_1_16' title="bbox 406 1574 1993 1649">
    <p class='ocr_par' dir='ltr' id='par_1_16' title="bbox 406 1574 1993 1649">
     <span class='ocr_line' id='line_1_16' title="bbox 406 1574 1993 1649; baseline -0.006 -13"><span class='ocrx_word' id='word_1_89' title='bbox 406 1582 576 1638; x_wconf 91' lang='lat' dir='ltr'><strong>veluti</strong></span> <span class='ocrx_word' id='word_1_90' title='bbox 608 1596 733 1635; x_wconf 91' lang='lat' dir='ltr'><strong>cum</strong></span> <span class='ocrx_word' id='word_1_91' title='bbox 762 1580 967 1635; x_wconf 85' lang='lat' dir='ltr'><strong>dicitur</strong></span> <span class='ocrx_word' id='word_1_92' title='bbox 994 1577 1063 1634; x_wconf 92' lang='lat' dir='ltr'><strong>de</strong></span> <span class='ocrx_word' id='word_1_93' title='bbox 1090 1576 1431 1649; x_wconf 85' lang='lat' dir='ltr'><strong>Smyrnensi.</strong></span> <span class='ocrx_word' id='word_1_94' title='bbox 1473 1574 1725 1648; x_wconf 82' lang='grc' dir='ltr'><strong>Σμύρνης</strong></span> <span class='ocrx_word' id='word_1_95' title='bbox 1752 1574 1809 1628; x_wconf 84' lang='grc' dir='ltr'><strong>δὲ</strong></span> <span class='ocrx_word' id='word_1_96' title='bbox 1849 1574 1993 1645; x_wconf 83' lang='grc' dir='ltr'><strong>Ἀρί-</strong></span> 
     </span>
    </p>
   </div>
   <div class='ocr_carea' id='block_1_17' title="bbox 410 1667 1994 1747">
    <p class='ocr_par' dir='ltr' id='par_1_17' title="bbox 410 1667 1994 1747">
     <span class='ocr_line' id='line_1_17' title="bbox 410 1667 1994 1747; baseline -0.006 -19"><span class='ocrx_word' id='word_1_97' title='bbox 410 1691 549 1730; x_wconf 84' lang='grc' dir='ltr'>στων</span> <span class='ocrx_word' id='word_1_98' title='bbox 572 1674 810 1747; x_wconf 83' lang='grc' dir='ltr'>πρῶτος,</span> <span class='ocrx_word' id='word_1_99' title='bbox 838 1672 957 1744; x_wconf 81' lang='grc' dir='ltr'>μεθ’</span> <span class='ocrx_word' id='word_1_100' title='bbox 986 1672 1044 1725; x_wconf 86' lang='grc' dir='ltr'>ὃν</span> <span class='ocrx_word' id='word_1_101' title='bbox 1068 1671 1369 1742; x_wconf 82' lang='grc' dir='ltr'>Στραταίας</span> <span class='ocrx_word' id='word_1_102' title='bbox 1392 1672 1419 1725; x_wconf 87' lang='grc' dir='ltr'><strong>ό</strong></span> <span class='ocrx_word' id='word_1_103' title='bbox 1446 1668 1669 1734; x_wconf 83' lang='grc' dir='ltr'>Λὼῖδος,</span> <span class='ocrx_word' id='word_1_104' title='bbox 1698 1669 1791 1722; x_wconf 76' lang='grc' dir='ltr'>καὶ</span> <span class='ocrx_word' id='word_1_105' title='bbox 1813 1667 1994 1740; x_wconf 80' lang='grc' dir='ltr'><strong>τρίτος</strong></span> 
     </span>
    </p>
   </div>
   <div class='ocr_carea' id='block_1_18' title="bbox 2081 498 3659 577">
    <p class='ocr_par' dir='ltr' id='par_1_18' title="bbox 2081 498 3659 577">
     <span class='ocr_line' id='line_1_18' title="bbox 2081 498 3659 577; baseline -0.003 -18"><span class='ocrx_word' id='word_1_106' title='bbox 2081 515 2234 577; x_wconf 86' lang='lat' dir='ltr'><strong>parte</strong></span> <span class='ocrx_word' id='word_1_107' title='bbox 2275 512 2361 561; x_wconf 90' lang='lat' dir='ltr'><strong>est</strong></span> <span class='ocrx_word' id='word_1_108' title='bbox 2398 518 2567 559; x_wconf 86' lang='lat' dir='ltr'><strong>causa</strong></span> <span class='ocrx_word' id='word_1_109' title='bbox 2610 503 2787 574; x_wconf 88' lang='lat' dir='ltr'><strong>ipsius</strong></span> <span class='ocrx_word' id='word_1_110' title='bbox 2845 507 2901 555; x_wconf 91' lang='lat' dir='ltr'><strong>et</strong></span> <span class='ocrx_word' id='word_1_111' title='bbox 2950 498 3247 571; x_wconf 78' lang='lat' dir='ltr'><strong>Hippolyti,</strong></span> <span class='ocrx_word' id='word_1_112' title='bbox 3293 513 3419 553; x_wconf 91' lang='lat' dir='ltr'><strong>cum</strong></span> <span class='ocrx_word' id='word_1_113' title='bbox 3471 499 3659 568; x_wconf 85' lang='lat' dir='ltr'><strong>operis</strong></span> 
     </span>
    </p>
   </div>
   <div class='ocr_carea' id='block_1_19' title="bbox 2081 587 3662 659">
    <p class='ocr_par' dir='ltr' id='par_1_19' title="bbox 2081 587 3662 659">
     <span class='ocr_line' id='line_1_19' title="bbox 2081 587 3662 659; baseline -0.006 -8"><span class='ocrx_word' id='word_1_114' title='bbox 2081 596 2266 652; x_wconf 80' lang='lat' dir='ltr'><strong>eximii</strong></span> <span class='ocrx_word' id='word_1_115' title='bbox 2297 595 2764 650; x_wconf 87' lang='lat' dir='ltr'><strong>constructionem</strong></span> <span class='ocrx_word' id='word_1_116' title='bbox 2803 591 2894 646; x_wconf 89' lang='lat' dir='ltr'><strong>ille</strong></span> <span class='ocrx_word' id='word_1_117' title='bbox 2922 590 3304 655; x_wconf 84' lang='lat' dir='ltr'><strong>delineaverit,</strong></span> <span class='ocrx_word' id='word_1_118' title='bbox 3337 590 3442 644; x_wconf 81' lang='lat' dir='ltr'><strong>iste</strong></span> <span class='ocrx_word' id='word_1_119' title='bbox 3475 587 3662 659; x_wconf 80' lang='lat' dir='ltr'><strong>perle—</strong></span> 
     </span>
    </p>
   </div>
   <div class='ocr_carea' id='block_1_20' title="bbox 2083 681 3665 757">
    <p class='ocr_par' dir='ltr' id='par_1_20' title="bbox 2083 681 3665 757">
     <span class='ocr_line' id='line_1_20' title="bbox 2083 681 3665 757; baseline -0.007 -13"><span class='ocrx_word' id='word_1_120' title='bbox 2083 690 2241 744; x_wconf 90' lang='lat' dir='ltr'><strong>cerit.</strong></span> <span class='ocrx_word' id='word_1_121' title='bbox 2276 686 2516 757; x_wconf 87' lang='lat' dir='ltr'><strong>Uterque</strong></span> <span class='ocrx_word' id='word_1_122' title='bbox 2547 693 2729 742; x_wconf 84' lang='lat' dir='ltr'><strong>autem</strong></span> <span class='ocrx_word' id='word_1_123' title='bbox 2764 682 2951 740; x_wconf 66' lang='lat' dir='ltr'><strong>Graece</strong></span> <span class='ocrx_word' id='word_1_124' title='bbox 2993 682 3236 750; x_wconf 88' lang='lat' dir='ltr'><strong>scripsit,</strong></span> <span class='ocrx_word' id='word_1_125' title='bbox 3269 681 3364 736; x_wconf 89' lang='lat' dir='ltr'><strong>sed</strong></span> <span class='ocrx_word' id='word_1_126' title='bbox 3396 682 3665 734; x_wconf 87' lang='lat' dir='ltr'><strong>alteruter</strong></span> 
     </span>
    </p>
   </div>
   <div class='ocr_carea' id='block_1_21' title="bbox 2083 773 3669 849">
    <p class='ocr_par' dir='ltr' id='par_1_21' title="bbox 2083 773 3669 849">
     <span class='ocr_line' id='line_1_21' title="bbox 2083 773 3669 849; baseline -0.008 -12"><span class='ocrx_word' id='word_1_127' title='bbox 2083 780 2334 839; x_wconf 87' lang='lat' dir='ltr'><strong>Latinam</strong></span> <span class='ocrx_word' id='word_1_128' title='bbox 2379 780 2619 849; x_wconf 80' lang='lat' dir='ltr'><strong>aliquam</strong></span> <span class='ocrx_word' id='word_1_129' title='bbox 2663 777 2960 832; x_wconf 86' lang='lat' dir='ltr'><strong>dictionem</strong></span> <span class='ocrx_word' id='word_1_130' title='bbox 3006 774 3254 827; x_wconf 86' lang='lat' dir='ltr'><strong>adhibuit</strong></span> <span class='ocrx_word' id='word_1_131' title='bbox 3294 773 3459 843; x_wconf 80' lang='lat' dir='ltr'><strong>vulgo</strong></span> <span class='ocrx_word' id='word_1_132' title='bbox 3498 789 3669 827; x_wconf 84' lang='lat' dir='ltr'><strong>usur-</strong></span> 
     </span>
    </p>
   </div>
   <div class='ocr_carea' id='block_1_22' title="bbox 2086 863 3667 946">
    <p class='ocr_par' dir='ltr' id='par_1_22' title="bbox 2086 863 3667 946">
     <span class='ocr_line' id='line_1_22' title="bbox 2086 863 3667 946; baseline -0.009 -18"><span class='ocrx_word' id='word_1_133' title='bbox 2086 884 2289 946; x_wconf 86' lang='lat' dir='ltr'><strong>patam,</strong></span> <span class='ocrx_word' id='word_1_134' title='bbox 2315 870 2771 942; x_wconf 86' lang='lat' dir='ltr'><strong>quemadmodum</strong></span> <span class='ocrx_word' id='word_1_135' title='bbox 2802 869 2895 923; x_wconf 87' lang='lat' dir='ltr'><strong>ubi</strong></span> <span class='ocrx_word' id='word_1_136' title='bbox 2923 867 2998 921; x_wconf 88' lang='lat' dir='ltr'><strong>ait</strong></span> <span class='ocrx_word' id='word_1_137' title='bbox 3026 886 3039 920; x_wconf 91' lang='lat'>:</span> <span class='ocrx_word' id='word_1_138' title='bbox 3071 866 3249 917; x_wconf 85' lang='grc' dir='ltr'><strong>Ἔστω</strong></span> <span class='ocrx_word' id='word_1_139' title='bbox 3269 864 3325 916; x_wconf 86' lang='grc' dir='ltr'><strong>δὲ</strong></span> <span class='ocrx_word' id='word_1_140' title='bbox 3346 863 3455 916; x_wconf 81' lang='grc' dir='ltr'>τῶν</span> <span class='ocrx_word' id='word_1_141' title='bbox 3481 864 3667 915; x_wconf 83' lang='grc' dir='ltr'>τόπων</span> 
     </span>
    </p>
   </div>
   <div class='ocr_carea' id='block_1_23' title="bbox 2085 956 3673 1038">
    <p class='ocr_par' dir='ltr' id='par_1_23' title="bbox 2085 956 3673 1038">
     <span class='ocr_line' id='line_1_23' title="bbox 2085 956 3673 1038; baseline -0.008 -18"><span class='ocrx_word' id='word_1_142' title='bbox 2085 965 2329 1038; x_wconf 75' lang='grc' dir='ltr'><strong>προνοῶν</strong></span> <span class='ocrx_word' id='word_1_143' title='bbox 2375 966 2405 1018; x_wconf 87' lang='grc' dir='ltr'>ὁ</span> <span class='ocrx_word' id='word_1_144' title='bbox 2442 963 2708 1026; x_wconf 85' lang='grc' dir='ltr'>διάκονος,</span> <span class='ocrx_word' id='word_1_145' title='bbox 2758 962 2823 1015; x_wconf 78' lang='grc' dir='ltr'><strong>ἵν’</strong></span> <span class='ocrx_word' id='word_1_146' title='bbox 2865 960 3094 1023; x_wconf 71' lang='grc' dir='ltr'>ἕκαστος</span> <span class='ocrx_word' id='word_1_147' title='bbox 3134 958 3240 1012; x_wconf 86' lang='grc' dir='ltr'><strong>τῶν</strong></span> <span class='ocrx_word' id='word_1_148' title='bbox 3268 956 3673 1027; x_wconf 74' lang='grc' dir='ltr'>εἰσερχομένοιν</span> 
     </span>
    </p>
   </div>
   <div class='ocr_carea' id='block_1_24' title="bbox 2087 1047 3672 1124">
    <p class='ocr_par' dir='ltr' id='par_1_24' title="bbox 2087 1047 3672 1124">
     <span class='ocr_line' id='line_1_24' title="bbox 2087 1047 3672 1124; baseline -0.008 -13"><span class='ocrx_word' id='word_1_149' title='bbox 2087 1060 2166 1121; x_wconf 76' lang='grc' dir='ltr'>εἰς</span> <span class='ocrx_word' id='word_1_150' title='bbox 2194 1057 2283 1109; x_wconf 84' lang='grc' dir='ltr'>τὸν</span> <span class='ocrx_word' id='word_1_151' title='bbox 2326 1055 2457 1108; x_wconf 76' lang='grc' dir='ltr'>ἴδιον</span> <span class='ocrx_word' id='word_1_152' title='bbox 2482 1053 2647 1107; x_wconf 85' lang='grc' dir='ltr'>τόπον</span> <span class='ocrx_word' id='word_1_153' title='bbox 2674 1051 2840 1124; x_wconf 77' lang='grc' dir='ltr'>ὁρμᾷ,</span> <span class='ocrx_word' id='word_1_154' title='bbox 2876 1050 2970 1105; x_wconf 81' lang='grc' dir='ltr'>καὶ</span> <span class='ocrx_word' id='word_1_155' title='bbox 2999 1050 3076 1123; x_wconf 80' lang='grc' dir='ltr'><strong>μὴ</strong></span> <span class='ocrx_word' id='word_1_156' title='bbox 3104 1047 3257 1121; x_wconf 79' lang='grc' dir='ltr'>παρὰ</span> <span class='ocrx_word' id='word_1_157' title='bbox 3283 1048 3672 1115; x_wconf 72' lang='grc' dir='ltr'><strong>τὸἸττρόττον</strong></span> 
     </span>
    </p>
   </div>
   <div class='ocr_carea' id='block_1_25' title="bbox 2088 1139 3670 1210">
    <p class='ocr_par' dir='ltr' id='par_1_25' title="bbox 2088 1139 3670 1210">
     <span class='ocr_line' id='line_1_25' title="bbox 2088 1139 3670 1210; baseline -0.008 -7"><span class='ocrx_word' id='word_1_158' title='bbox 2088 1146 2453 1210; x_wconf 75' lang='grc' dir='ltr'>καθέζωνται.</span> <span class='ocrx_word' id='word_1_159' title='bbox 2490 1144 2763 1199; x_wconf 86' lang='lat' dir='ltr'><strong>Diaconus</strong></span> <span class='ocrx_word' id='word_1_160' title='bbox 2796 1151 2970 1197; x_wconf 86' lang='lat' dir='ltr'><strong>autem</strong></span> <span class='ocrx_word' id='word_1_161' title='bbox 3010 1141 3138 1196; x_wconf 89' lang='lat' dir='ltr'><strong>locis</strong></span> <span class='ocrx_word' id='word_1_162' title='bbox 3167 1139 3456 1210; x_wconf 77' lang='lat' dir='ltr'><strong>provideat,</strong></span> <span class='ocrx_word' id='word_1_163' title='bbox 3488 1148 3548 1191; x_wconf 83' lang='lat' dir='ltr'><strong>ut</strong></span> <span class='ocrx_word' id='word_1_164' title='bbox 3580 1139 3670 1192; x_wconf 76' lang='lat' dir='ltr'><strong>iu-</strong></span> 
     </span>
    </p>
   </div>
   <div class='ocr_carea' id='block_1_26' title="bbox 2089 1230 3674 1310">
    <p class='ocr_par' dir='ltr' id='par_1_26' title="bbox 2089 1230 3674 1310">
     <span class='ocr_line' id='line_1_26' title="bbox 2089 1230 3674 1310; baseline -0.007 -17"><span class='ocrx_word' id='word_1_165' title='bbox 2089 1237 2440 1310; x_wconf 84' lang='lat' dir='ltr'><strong>gredientium</strong></span> <span class='ocrx_word' id='word_1_166' title='bbox 2467 1237 2685 1307; x_wconf 86' lang='lat' dir='ltr'><strong>quisque</strong></span> <span class='ocrx_word' id='word_1_167' title='bbox 2730 1235 2900 1289; x_wconf 81' lang='lat' dir='ltr'><strong>locum</strong></span> <span class='ocrx_word' id='word_1_168' title='bbox 2944 1250 3099 1288; x_wconf 78' lang='lat' dir='ltr'><strong>suum</strong></span> <span class='ocrx_word' id='word_1_169' title='bbox 3129 1241 3294 1302; x_wconf 80' lang='lat' dir='ltr'><strong>petat,</strong></span> <span class='ocrx_word' id='word_1_170' title='bbox 3340 1240 3392 1285; x_wconf 91' lang='lat' dir='ltr'><strong>et</strong></span> <span class='ocrx_word' id='word_1_171' title='bbox 3434 1247 3590 1285; x_wconf 87' lang='lat' dir='ltr'><strong>nemo</strong></span> <span class='ocrx_word' id='word_1_172' title='bbox 3616 1230 3674 1282; x_wconf 83' lang='lat' dir='ltr'><strong>in</strong></span> 
     </span>
    </p>
   </div>
   <div class='ocr_carea' id='block_1_27' title="bbox 2091 1324 3679 1387">
    <p class='ocr_par' dir='ltr' id='par_1_27' title="bbox 2091 1324 3679 1387">
     <span class='ocr_line' id='line_1_27' title="bbox 2091 1324 3679 1387; baseline -0.006 -4"><span class='ocrx_word' id='word_1_173' title='bbox 2091 1328 2320 1383; x_wconf 85' lang='lat' dir='ltr'><strong>lntroitu</strong></span> <span class='ocrx_word' id='word_1_174' title='bbox 2348 1326 2596 1382; x_wconf 78' lang='lat' dir='ltr'><strong>resideat.</strong></span> <span class='ocrx_word' id='word_1_175' title='bbox 2628 1324 2817 1381; x_wconf 88' lang='lat' dir='ltr'><strong>Prodit</strong></span> <span class='ocrx_word' id='word_1_176' title='bbox 2837 1324 3035 1380; x_wconf 89' lang='lat' dir='ltr'><strong>ibidem</strong></span> <span class='ocrx_word' id='word_1_177' title='bbox 3064 1339 3123 1378; x_wconf 92' lang='lat' dir='ltr'><strong>se</strong></span> <span class='ocrx_word' id='word_1_178' title='bbox 3145 1330 3354 1387; x_wconf 87' lang='lat' dir='ltr'><strong>auctor,</strong></span> <span class='ocrx_word' id='word_1_179' title='bbox 3382 1328 3679 1374; x_wconf 85' lang='lat' dir='ltr'><strong>mutuatus</strong></span> 
     </span>
    </p>
   </div>
   <div class='ocr_carea' id='block_1_28' title="bbox 2090 1412 3670 1489">
    <p class='ocr_par' dir='ltr' id='par_1_28' title="bbox 2090 1412 3670 1489">
     <span class='ocr_line' id='line_1_28' title="bbox 2090 1412 3670 1489; baseline -0.007 -15"><span class='ocrx_word' id='word_1_180' title='bbox 2090 1420 2152 1474; x_wconf 82' lang='grc' dir='ltr'>τὸ</span> <span class='ocrx_word' id='word_1_181' title='bbox 2182 1421 2475 1489; x_wconf 79' lang='grc' dir='ltr'>ὶντρόττον</span> <span class='ocrx_word' id='word_1_182' title='bbox 2503 1418 2571 1474; x_wconf 86' lang='lat' dir='ltr'><strong>ab</strong></span> <span class='ocrx_word' id='word_1_183' title='bbox 2595 1417 2827 1479; x_wconf 88' lang='lat' dir='ltr'><strong>Latinis,</strong></span> <span class='ocrx_word' id='word_1_184' title='bbox 2860 1432 3001 1487; x_wconf 88' lang='lat' dir='ltr'><strong>quos</strong></span> <span class='ocrx_word' id='word_1_185' title='bbox 3043 1416 3187 1469; x_wconf 90' lang='lat' dir='ltr'><strong>inter</strong></span> <span class='ocrx_word' id='word_1_186' title='bbox 3228 1413 3467 1475; x_wconf 89' lang='lat' dir='ltr'><strong>vivebat,</strong></span> <span class='ocrx_word' id='word_1_187' title='bbox 3519 1412 3670 1465; x_wconf 85' lang='lat' dir='ltr'><strong>alio—</strong></span> 
     </span>
    </p>
   </div>
   <div class='ocr_carea' id='block_1_29' title="bbox 2094 1507 3677 1585">
    <p class='ocr_par' dir='ltr' id='par_1_29' title="bbox 2094 1507 3677 1585">
     <span class='ocr_line' id='line_1_29' title="bbox 2094 1507 3677 1585; baseline -0.006 -16"><span class='ocrx_word' id='word_1_188' title='bbox 2094 1516 2187 1585; x_wconf 88' lang='lat' dir='ltr'><strong>qui</strong></span> <span class='ocrx_word' id='word_1_189' title='bbox 2229 1515 2297 1569; x_wconf 90' lang='lat' dir='ltr'><strong>ab</strong></span> <span class='ocrx_word' id='word_1_190' title='bbox 2336 1513 2557 1568; x_wconf 89' lang='lat' dir='ltr'><strong>usitatis</strong></span> <span class='ocrx_word' id='word_1_191' title='bbox 2600 1510 2745 1582; x_wconf 90' lang='lat' dir='ltr'><strong>apud</strong></span> <span class='ocrx_word' id='word_1_192' title='bbox 2770 1511 2992 1565; x_wconf 56' lang='lat' dir='ltr'><strong>Graecos</strong></span> <span class='ocrx_word' id='word_1_193' title='bbox 3039 1507 3377 1563; x_wconf 86' lang='lat' dir='ltr'><strong>dictionibus</strong></span> <span class='ocrx_word' id='word_1_194' title='bbox 3420 1520 3531 1559; x_wconf 91' lang='lat' dir='ltr'><strong>non</strong></span> <span class='ocrx_word' id='word_1_195' title='bbox 3579 1520 3677 1559; x_wconf 86' lang='lat' dir='ltr'><strong>re-</strong></span> 
     </span>
    </p>
   </div>
   <div class='ocr_carea' id='block_1_30' title="bbox 2096 1595 3681 1675">
    <p class='ocr_par' dir='ltr' id='par_1_30' title="bbox 2096 1595 3681 1675">
     <span class='ocr_line' id='line_1_30' title="bbox 2096 1595 3681 1675; baseline -0.008 -14"><span class='ocrx_word' id='word_1_196' title='bbox 2096 1608 2375 1665; x_wconf 88' lang='lat' dir='ltr'><strong>cessisset.</strong></span> <span class='ocrx_word' id='word_1_197' title='bbox 2408 1603 2732 1675; x_wconf 80' lang='lat' dir='ltr'><strong>Hujusmodi</strong></span> <span class='ocrx_word' id='word_1_198' title='bbox 2774 1611 2859 1659; x_wconf 91' lang='lat' dir='ltr'><strong>est</strong></span> <span class='ocrx_word' id='word_1_199' title='bbox 2889 1603 3051 1658; x_wconf 89' lang='lat' dir='ltr'><strong>etiam</strong></span> <span class='ocrx_word' id='word_1_200' title='bbox 3093 1599 3430 1671; x_wconf 80' lang='grc' dir='ltr'><strong>πρόσρησις,</strong></span> <span class='ocrx_word' id='word_1_201' title='bbox 3459 1595 3681 1649; x_wconf 84' lang='lat' dir='ltr'><strong>Latinis</strong></span> 
     </span>
    </p>
   </div>
   <div class='ocr_carea' id='block_1_31' title="bbox 2100 1687 3679 1768">
    <p class='ocr_par' dir='ltr' id='par_1_31' title="bbox 2100 1687 3679 1768">
     <span class='ocr_line' id='line_1_31' title="bbox 2100 1687 3679 1768; baseline -0.011 -13"><span class='ocrx_word' id='word_1_202' title='bbox 2100 1700 2390 1762; x_wconf 71' lang='lat' dir='ltr'><strong>adlocutio,</strong></span> <span class='ocrx_word' id='word_1_203' title='bbox 2455 1706 2509 1753; x_wconf 85' lang='lat' dir='ltr'><strong>et</strong></span> <span class='ocrx_word' id='word_1_204' title='bbox 2564 1694 2919 1768; x_wconf 81' lang='grc' dir='ltr'><strong>προσλαλεῖν,</strong></span> <span class='ocrx_word' id='word_1_205' title='bbox 2982 1692 3202 1762; x_wconf 79' lang='lat' dir='ltr'><strong>alloqui,</strong></span> <span class='ocrx_word' id='word_1_206' title='bbox 3258 1698 3317 1743; x_wconf 91' lang='lat' dir='ltr'><strong>ut</strong></span> <span class='ocrx_word' id='word_1_207' title='bbox 3368 1687 3679 1742; x_wconf 80' lang='lat' dir='ltr'><strong>Romanam</strong></span> 
     </span>
    </p>
   </div>
   <div class='ocr_carea' id='block_1_32' title="bbox 420 1756 3685 1857">
    <p class='ocr_par' dir='ltr' id='par_1_32' title="bbox 420 1756 3685 1857">
     <span class='ocr_line' id='line_1_32' title="bbox 420 1756 3685 1857; baseline -0.009 2"><span class='ocrx_word' id='word_1_208' title='bbox 420 1762 679 1857; x_wconf 49' lang='grc' dir='ltr'><strong>Ἀρίσῗων</strong></span> <span class='ocrx_word' id='word_1_209' title='bbox 700 1761 984 1857; x_wconf 57' lang='grc' dir='ltr'><strong>³8⁷⁷Ψτηω</strong></span> <span class='ocrx_word' id='word_1_210' title='bbox 1014 1761 1207 1857; x_wconf 31' lang='lat' dir='ltr'><strong>Arist?</strong></span> <span class='ocrx_word' id='word_1_211' title='bbox 1229 1760 1455 1857; x_wconf 36' lang='grc' dir='ltr'><strong>’πέφν’</strong></span> <span class='ocrx_word' id='word_1_212' title='bbox 1657 1756 1996 1857; x_wconf 45' lang='lat' dir='ltr'><strong>S’T-</strong></span> <span class='ocrx_word' id='word_1_213' title='bbox 2030 1764 2070 1819; x_wconf 74' lang='grc' dir='ltr'>Β</span> <span class='ocrx_word' id='word_1_214' title='bbox 2100 1756 2550 1847; x_wconf 82' lang='lat' dir='ltr'><strong>consuetudinem</strong></span> <span class='ocrx_word' id='word_1_215' title='bbox 2577 1756 2769 1843; x_wconf 76' lang='lat' dir='ltr'><strong>auctor</strong></span> <span class='ocrx_word' id='word_1_216' title='bbox 2784 1756 3115 1857; x_wconf 74' lang='lat' dir='ltr'><strong>exprimeret</strong></span> <span class='ocrx_word' id='word_1_217' title='bbox 3142 1781 3321 1853; x_wconf 80' lang='lat' dir='ltr'><strong>petius</strong></span> <span class='ocrx_word' id='word_1_218' title='bbox 3336 1794 3500 1850; x_wconf 88' lang='lat' dir='ltr'><strong>quam</strong></span> <span class='ocrx_word' id='word_1_219' title='bbox 3528 1778 3685 1832; x_wconf 66' lang='lat' dir='ltr'><strong>Gra-</strong></span> 
     </span>
    </p>
   </div>
   <div class='ocr_carea' id='block_1_33' title="bbox 411 1848 2000 1925">
    <p class='ocr_par' dir='ltr' id='par_1_33' title="bbox 411 1848 2000 1925">
     <span class='ocr_line' id='line_1_33' title="bbox 411 1848 2000 1925; baseline -0.003 -17"><span class='ocrx_word' id='word_1_220' title='bbox 411 1867 538 1911; x_wconf 72' lang='grc' dir='ltr'>ηεαδ</span> <span class='ocrx_word' id='word_1_221' title='bbox 579 1854 759 1909; x_wconf 80' lang='lat' dir='ltr'><strong>Loidis</strong></span> <span class='ocrx_word' id='word_1_222' title='bbox 795 1854 963 1925; x_wconf 80' lang='lat' dir='ltr'><strong>ﬁlius,</strong></span> <span class='ocrx_word' id='word_1_223' title='bbox 996 1870 1056 1908; x_wconf 90' lang='lat' dir='ltr'><strong>ac</strong></span> <span class='ocrx_word' id='word_1_224' title='bbox 1088 1854 1274 1907; x_wconf 86' lang='lat' dir='ltr'><strong>tertius</strong></span> <span class='ocrx_word' id='word_1_225' title='bbox 1306 1853 1486 1905; x_wconf 83' lang='lat' dir='ltr'><strong>Aristo</strong></span> <span class='ocrx_word' id='word_1_226' title='bbox 1518 1850 1651 1921; x_wconf 71' lang='grc'><strong>(42).</strong></span> <span class='ocrx_word' id='word_1_227' title='bbox 1704 1849 1862 1904; x_wconf 88' lang='lat' dir='ltr'><strong>Nulla</strong></span> <span class='ocrx_word' id='word_1_228' title='bbox 1908 1848 2000 1903; x_wconf 85' lang='lat' dir='ltr'><strong>hic</strong></span> 
     </span>
    </p>
   </div>
   <div class='ocr_carea' id='block_1_34' title="bbox 408 1940 1997 2019">
    <p class='ocr_par' dir='ltr' id='par_1_34' title="bbox 408 1940 1997 2019">
     <span class='ocr_line' id='line_1_34' title="bbox 408 1940 1997 2019; baseline -0.005 -18"><span class='ocrx_word' id='word_1_229' title='bbox 408 1946 723 2019; x_wconf 86' lang='lat' dir='ltr'><strong>Polycarpi,</strong></span> <span class='ocrx_word' id='word_1_230' title='bbox 760 1946 1000 2016; x_wconf 89' lang='lat' dir='ltr'><strong>ejusque</strong></span> <span class='ocrx_word' id='word_1_231' title='bbox 1043 1944 1356 2000; x_wconf 90' lang='lat' dir='ltr'><strong>decessoris</strong></span> <span class='ocrx_word' id='word_1_232' title='bbox 1405 1942 1629 2005; x_wconf 89' lang='lat' dir='ltr'><strong>Bucoli,</strong></span> <span class='ocrx_word' id='word_1_233' title='bbox 1667 1940 1727 1995; x_wconf 82' lang='lat' dir='ltr'><strong>ﬁt</strong></span> <span class='ocrx_word' id='word_1_234' title='bbox 1771 1940 1997 2005; x_wconf 90' lang='lat' dir='ltr'><strong>mentio,</strong></span> 
     </span>
    </p>
   </div>
   <div class='ocr_carea' id='block_1_35' title="bbox 409 2032 2003 2109">
    <p class='ocr_par' dir='ltr' id='par_1_35' title="bbox 409 2032 2003 2109">
     <span class='ocr_line' id='line_1_35' title="bbox 409 2032 2003 2109; baseline -0.005 -16"><span class='ocrx_word' id='word_1_235' title='bbox 409 2038 652 2109; x_wconf 87' lang='lat' dir='ltr'><strong>adeoque</strong></span> <span class='ocrx_word' id='word_1_236' title='bbox 678 2036 984 2093; x_wconf 90' lang='lat' dir='ltr'><strong>Cotelerius</strong></span> <span class='ocrx_word' id='word_1_237' title='bbox 1017 2036 1297 2090; x_wconf 78' lang='lat' dir='ltr'><strong>adnotavit</strong></span> <span class='ocrx_word' id='word_1_238' title='bbox 1332 2051 1345 2087; x_wconf 86' lang='lat'><strong>:</strong></span> <span class='ocrx_word' id='word_1_239' title='bbox 1386 2033 1517 2089; x_wconf 84' lang='lat' dir='ltr'><strong>Post</strong></span> <span class='ocrx_word' id='word_1_240' title='bbox 1553 2032 1840 2088; x_wconf 87' lang='lat' dir='ltr'><strong>secundum</strong></span> <span class='ocrx_word' id='word_1_241' title='bbox 1877 2032 2003 2085; x_wconf 84' lang='lat' dir='ltr'><strong>Ari-</strong></span> 
     </span>
    </p>
   </div>
   <div class='ocr_carea' id='block_1_36' title="bbox 410 2124 2003 2196">
    <p class='ocr_par' dir='ltr' id='par_1_36' title="bbox 410 2124 2003 2196">
     <span class='ocr_line' id='line_1_36' title="bbox 410 2124 2003 2196; baseline -0.005 -11"><span class='ocrx_word' id='word_1_242' title='bbox 410 2143 611 2186; x_wconf 82' lang='lat' dir='ltr'><strong>stonem</strong></span> <span class='ocrx_word' id='word_1_243' title='bbox 644 2147 921 2185; x_wconf 88' lang='lat' dir='ltr'><strong>numerare</strong></span> <span class='ocrx_word' id='word_1_244' title='bbox 950 2130 1067 2184; x_wconf 90' lang='lat' dir='ltr'><strong>licet</strong></span> <span class='ocrx_word' id='word_1_245' title='bbox 1098 2128 1375 2195; x_wconf 89' lang='lat' dir='ltr'><strong>Bucolum,</strong></span> <span class='ocrx_word' id='word_1_246' title='bbox 1407 2126 1624 2196; x_wconf 85' lang='lat' dir='ltr'><strong>indeque</strong></span> <span class='ocrx_word' id='word_1_247' title='bbox 1653 2124 2003 2196; x_wconf 71' lang='lat' dir='ltr'><strong>Polycarpum</strong></span> 
     </span>
    </p>
   </div>
   <div class='ocr_carea' id='block_1_37' title="bbox 412 2216 2001 2292">
    <p class='ocr_par' dir='ltr' id='par_1_37' title="bbox 412 2216 2001 2292">
     <span class='ocr_line' id='line_1_37' title="bbox 412 2216 2001 2292; baseline -0.004 -17"><span class='ocrx_word' id='word_1_248' title='bbox 412 2222 477 2275; x_wconf 87' lang='lat' dir='ltr'><strong>ab</strong></span> <span class='ocrx_word' id='word_1_249' title='bbox 522 2220 761 2292; x_wconf 86' lang='lat' dir='ltr'><strong>apostolo</strong></span> <span class='ocrx_word' id='word_1_250' title='bbox 788 2218 996 2274; x_wconf 80' lang='lat' dir='ltr'><strong>Joanne</strong></span> <span class='ocrx_word' id='word_1_251' title='bbox 1020 2218 1311 2288; x_wconf 64' lang='lat' dir='ltr'><strong>Smyrnaeis</strong></span> <span class='ocrx_word' id='word_1_252' title='bbox 1351 2217 1717 2287; x_wconf 65' lang='lat' dir='ltr'><strong>prwpositum,</strong></span> <span class='ocrx_word' id='word_1_253' title='bbox 1756 2216 2001 2286; x_wconf 84' lang='lat' dir='ltr'><strong>inquiunt</strong></span> 
     </span>
    </p>
   </div>
   <div class='ocr_carea' id='block_1_38' title="bbox 412 2309 2002 2384">
    <p class='ocr_par' dir='ltr' id='par_1_38' title="bbox 412 2309 2002 2384">
     <span class='ocr_line' id='line_1_38' title="bbox 412 2309 2002 2384; baseline -0.004 -17"><span class='ocrx_word' id='word_1_254' title='bbox 412 2323 625 2378; x_wconf 78' lang='lat' dir='ltr'><strong>veteres,</strong></span> <span class='ocrx_word' id='word_1_255' title='bbox 658 2313 844 2384; x_wconf 83' lang='lat' dir='ltr'><strong>quique</strong></span> <span class='ocrx_word' id='word_1_256' title='bbox 879 2312 996 2367; x_wconf 86' lang='lat' dir='ltr'><strong>ideo</strong></span> <span class='ocrx_word' id='word_1_257' title='bbox 1024 2319 1232 2380; x_wconf 85' lang='lat' dir='ltr'><strong>poterat</strong></span> <span class='ocrx_word' id='word_1_258' title='bbox 1260 2309 1356 2364; x_wconf 86' lang='lat' dir='ltr'><strong>hoc</strong></span> <span class='ocrx_word' id='word_1_259' title='bbox 1393 2310 1507 2364; x_wconf 90' lang='lat' dir='ltr'><strong>loco</strong></span> <span class='ocrx_word' id='word_1_260' title='bbox 1551 2309 1836 2363; x_wconf 89' lang='lat' dir='ltr'><strong>memorari</strong></span> <span class='ocrx_word' id='word_1_261' title='bbox 1849 2323 1866 2370; x_wconf 86' lang='lat'><strong><em>;</em></strong></span> <span class='ocrx_word' id='word_1_262' title='bbox 1902 2324 2002 2379; x_wconf 77' lang='lat' dir='ltr'><strong>po-</strong></span> 
     </span>
    </p>
   </div>
   <div class='ocr_carea' id='block_1_39' title="bbox 413 2402 2006 2479">
    <p class='ocr_par' dir='ltr' id='par_1_39' title="bbox 413 2402 2006 2479">
     <span class='ocr_line' id='line_1_39' title="bbox 413 2402 2006 2479; baseline -0.004 -17"><span class='ocrx_word' id='word_1_263' title='bbox 413 2417 557 2465; x_wconf 87' lang='lat' dir='ltr'><strong>terat</strong></span> <span class='ocrx_word' id='word_1_264' title='bbox 584 2408 805 2479; x_wconf 83' lang='lat' dir='ltr'><strong>quidem</strong></span> <span class='ocrx_word' id='word_1_265' title='bbox 835 2408 903 2463; x_wconf 87' lang='lat' dir='ltr'><strong>ab</strong></span> <span class='ocrx_word' id='word_1_266' title='bbox 943 2406 1053 2462; x_wconf 89' lang='lat' dir='ltr'><strong>alio</strong></span> <span class='ocrx_word' id='word_1_267' title='bbox 1076 2421 1241 2476; x_wconf 89' lang='lat' dir='ltr'><strong>quam</strong></span> <span class='ocrx_word' id='word_1_268' title='bbox 1265 2405 1545 2459; x_wconf 89' lang='lat' dir='ltr'><strong>Clemente</strong></span> <span class='ocrx_word' id='word_1_269' title='bbox 1582 2402 1896 2461; x_wconf 88' lang='lat' dir='ltr'><strong>memorari.</strong></span> <span class='ocrx_word' id='word_1_270' title='bbox 1928 2403 2006 2457; x_wconf 85' lang='lat' dir='ltr'><strong>si-</strong></span> 
     </span>
    </p>
   </div>
   <div class='ocr_carea' id='block_1_40' title="bbox 415 2493 2000 2569">
    <p class='ocr_par' dir='ltr' id='par_1_40' title="bbox 415 2493 2000 2569">
     <span class='ocr_line' id='line_1_40' title="bbox 415 2493 2000 2569; baseline -0.003 -16"><span class='ocrx_word' id='word_1_271' title='bbox 415 2498 637 2569; x_wconf 87' lang='lat' dir='ltr'><strong>quidem</strong></span> <span class='ocrx_word' id='word_1_272' title='bbox 663 2513 784 2569; x_wconf 68' lang='lat' dir='ltr'><strong>quae</strong></span> <span class='ocrx_word' id='word_1_273' title='bbox 817 2496 1041 2567; x_wconf 90' lang='lat' dir='ltr'><strong>scripsit</strong></span> <span class='ocrx_word' id='word_1_274' title='bbox 1069 2495 1377 2551; x_wconf 90' lang='lat' dir='ltr'><strong>Cotelerius</strong></span> <span class='ocrx_word' id='word_1_275' title='bbox 1408 2494 1665 2565; x_wconf 81' lang='lat' dir='ltr'><strong>expedita</strong></span> <span class='ocrx_word' id='word_1_276' title='bbox 1710 2500 1839 2549; x_wconf 90' lang='lat' dir='ltr'><strong>sunt</strong></span> <span class='ocrx_word' id='word_1_277' title='bbox 1867 2493 2000 2565; x_wconf 75' lang='grc'><strong>(45).</strong></span> 
     </span>
    </p>
   </div>
   <div class='ocr_carea' id='block_1_41' title="bbox 415 2585 2007 2659">
    <p class='ocr_par' dir='ltr' id='par_1_41' title="bbox 415 2585 2007 2659">
     <span class='ocr_line' id='line_1_41' title="bbox 415 2585 2007 2659; baseline -0.003 -14"><span class='ocrx_word' id='word_1_278' title='bbox 415 2591 670 2645; x_wconf 86' lang='lat' dir='ltr'><strong>Clemens</strong></span> <span class='ocrx_word' id='word_1_279' title='bbox 711 2590 898 2659; x_wconf 91' lang='lat' dir='ltr'><strong>itaque</strong></span> <span class='ocrx_word' id='word_1_280' title='bbox 932 2602 1044 2643; x_wconf 90' lang='lat' dir='ltr'><strong>non</strong></span> <span class='ocrx_word' id='word_1_281' title='bbox 1081 2587 1224 2641; x_wconf 89' lang='lat' dir='ltr'><strong>ultra</strong></span> <span class='ocrx_word' id='word_1_282' title='bbox 1255 2602 1376 2643; x_wconf 81' lang='lat' dir='ltr'><strong>eam</strong></span> <span class='ocrx_word' id='word_1_283' title='bbox 1409 2585 1814 2641; x_wconf 90' lang='lat' dir='ltr'><strong>successionem</strong></span> <span class='ocrx_word' id='word_1_284' title='bbox 1844 2592 2007 2655; x_wconf 88' lang='lat' dir='ltr'><strong>atque</strong></span> 
     </span>
    </p>
   </div>
   <div class='ocr_carea' id='block_1_42' title="bbox 416 2677 2006 2752">
    <p class='ocr_par' dir='ltr' id='par_1_42' title="bbox 416 2677 2006 2752">
     <span class='ocr_line' id='line_1_42' title="bbox 416 2677 2006 2752; baseline -0.004 -17"><span class='ocrx_word' id='word_1_285' title='bbox 416 2680 767 2736; x_wconf 89' lang='lat' dir='ltr'><strong>traditionem</strong></span> <span class='ocrx_word' id='word_1_286' title='bbox 796 2679 1052 2752; x_wconf 78' lang='lat' dir='ltr'><strong>progredi</strong></span> <span class='ocrx_word' id='word_1_287' title='bbox 1095 2679 1291 2749; x_wconf 91' lang='lat' dir='ltr'><strong>potuit,</strong></span> <span class='ocrx_word' id='word_1_288' title='bbox 1316 2696 1476 2750; x_wconf 89' lang='lat' dir='ltr'><strong>quam</strong></span> <span class='ocrx_word' id='word_1_289' title='bbox 1520 2688 1641 2732; x_wconf 87' lang='lat' dir='ltr'><strong>ante</strong></span> <span class='ocrx_word' id='word_1_290' title='bbox 1686 2678 1865 2732; x_wconf 90' lang='lat' dir='ltr'><strong>oculos</strong></span> <span class='ocrx_word' id='word_1_291' title='bbox 1907 2677 2006 2730; x_wconf 85' lang='lat' dir='ltr'><strong>ha-</strong></span> 
     </span>
    </p>
   </div>
   <div class='ocr_carea' id='block_1_43' title="bbox 418 2768 2004 2837">
    <p class='ocr_par' dir='ltr' id='par_1_43' title="bbox 418 2768 2004 2837">
     <span class='ocr_line' id='line_1_43' title="bbox 418 2768 2004 2837; baseline -0.003 -9"><span class='ocrx_word' id='word_1_292' title='bbox 418 2776 553 2837; x_wconf 85' lang='lat' dir='ltr'><strong>buit,</strong></span> <span class='ocrx_word' id='word_1_293' title='bbox 608 2783 668 2829; x_wconf 91' lang='lat' dir='ltr'><strong>ut</strong></span> <span class='ocrx_word' id='word_1_294' title='bbox 716 2773 899 2829; x_wconf 85' lang='lat' dir='ltr'><strong>verbis</strong></span> <span class='ocrx_word' id='word_1_295' title='bbox 946 2780 1073 2826; x_wconf 88' lang='lat' dir='ltr'><strong>utar</strong></span> <span class='ocrx_word' id='word_1_296' title='bbox 1114 2770 1323 2826; x_wconf 66' lang='lat' dir='ltr'><strong>Irenaei.</strong></span> <span class='ocrx_word' id='word_1_297' title='bbox 1380 2769 1515 2824; x_wconf 87' lang='lat' dir='ltr'><strong>Nam</strong></span> <span class='ocrx_word' id='word_1_298' title='bbox 1566 2768 1624 2825; x_wconf 92' lang='lat' dir='ltr'><strong>S.</strong></span> <span class='ocrx_word' id='word_1_299' title='bbox 1657 2770 1851 2824; x_wconf 90' lang='lat' dir='ltr'><strong>doctor</strong></span> <span class='ocrx_word' id='word_1_300' title='bbox 1877 2784 2004 2823; x_wconf 82' lang='lat' dir='ltr'><strong>cum</strong></span> 
     </span>
    </p>
   </div>
   <div class='ocr_carea' id='block_1_44' title="bbox 419 2861 2005 2935">
    <p class='ocr_par' dir='ltr' id='par_1_44' title="bbox 419 2861 2005 2935">
     <span class='ocr_line' id='line_1_44' title="bbox 419 2861 2005 2935; baseline -0.001 -16"><span class='ocrx_word' id='word_1_301' title='bbox 419 2864 759 2935; x_wconf 79' lang='lat' dir='ltr'><strong>argumentis</strong></span> <span class='ocrx_word' id='word_1_302' title='bbox 802 2878 833 2917; x_wconf 91' lang='lat' dir='ltr'><strong>a</strong></span> <span class='ocrx_word' id='word_1_303' title='bbox 861 2863 1157 2919; x_wconf 89' lang='lat' dir='ltr'><strong>traditione</strong></span> <span class='ocrx_word' id='word_1_304' title='bbox 1208 2862 1394 2933; x_wconf 89' lang='lat' dir='ltr'><strong>petitis</strong></span> <span class='ocrx_word' id='word_1_305' title='bbox 1449 2868 1695 2916; x_wconf 88' lang='lat' dir='ltr'><strong>uteretur</strong></span> <span class='ocrx_word' id='word_1_306' title='bbox 1742 2861 2005 2917; x_wconf 85' lang='lat' dir='ltr'><strong>adversus</strong></span> 
     </span>
    </p>
   </div>
   <div class='ocr_carea' id='block_1_45' title="bbox 419 2952 2001 3025">
    <p class='ocr_par' dir='ltr' id='par_1_45' title="bbox 419 2952 2001 3025">
     <span class='ocr_line' id='line_1_45' title="bbox 419 2952 2001 3025; baseline -0.001 -16"><span class='ocrx_word' id='word_1_307' title='bbox 419 2956 709 3011; x_wconf 57' lang='lat' dir='ltr'><strong>haereticos</strong></span> <span class='ocrx_word' id='word_1_308' title='bbox 738 2995 753 3018; x_wconf 85' lang='lat'><strong>,</strong></span> <span class='ocrx_word' id='word_1_309' title='bbox 822 2956 1095 3025; x_wconf 63' lang='lat' dir='ltr'><strong>praecipue</strong></span> <span class='ocrx_word' id='word_1_310' title='bbox 1159 2952 1225 3009; x_wconf 86' lang='lat' dir='ltr'><strong>ad</strong></span> <span class='ocrx_word' id='word_1_311' title='bbox 1282 2953 1617 3007; x_wconf 87' lang='lat' dir='ltr'><strong>Clementem</strong></span> <span class='ocrx_word' id='word_1_312' title='bbox 1693 2960 2001 3022; x_wconf 85' lang='lat' dir='ltr'><strong>provocat:</strong></span> 
     </span>
    </p>
   </div>
   <div class='ocr_carea' id='block_1_46' title="bbox 418 3043 2005 3118">
    <p class='ocr_par' dir='ltr' id='par_1_46' title="bbox 418 3043 2005 3118">
     <span class='ocr_line' id='line_1_46' title="bbox 418 3043 2005 3118; baseline -0.003 -18"><span class='ocrx_word' id='word_1_313' title='bbox 418 3047 601 3118; x_wconf 77' lang='grc' dir='ltr'>Τρίτῳ</span> <span class='ocrx_word' id='word_1_314' title='bbox 646 3045 797 3117; x_wconf 83' lang='grc' dir='ltr'>τόπῳ</span> <span class='ocrx_word' id='word_1_315' title='bbox 849 3045 957 3100; x_wconf 82' lang='grc' dir='ltr'><strong>ἀπὸ</strong></span> <span class='ocrx_word' id='word_1_316' title='bbox 1012 3045 1121 3098; x_wconf 83' lang='grc' dir='ltr'><strong>τῶν</strong></span> <span class='ocrx_word' id='word_1_317' title='bbox 1172 3044 1488 3099; x_wconf 82' lang='grc' dir='ltr'><strong>ἀποστόλων</strong></span> <span class='ocrx_word' id='word_1_318' title='bbox 1559 3044 1659 3116; x_wconf 74' lang='grc' dir='ltr'>τὴν</span> <span class='ocrx_word' id='word_1_319' title='bbox 1702 3043 2005 3115; x_wconf 76' lang='grc' dir='ltr'>ἐπισκοπὴν</span> 
     </span>
    </p>
   </div>
   <div class='ocr_carea' id='block_1_47' title="bbox 418 3104 2079 3209">
    <p class='ocr_par' dir='ltr' id='par_1_47' title="bbox 418 3104 2079 3209">
     <span class='ocr_line' id='line_1_47' title="bbox 418 3104 2079 3209; baseline -0.002 -18"><span class='ocrx_word' id='word_1_320' title='bbox 418 3104 716 3209; x_wconf 74' lang='grc' dir='ltr'>κληροῦται</span> <span class='ocrx_word' id='word_1_321' title='bbox 752 3104 1013 3209; x_wconf 52' lang='grc' dir='ltr'>Κλήμης,</span> <span class='ocrx_word' id='word_1_322' title='bbox 1049 3138 1078 3190; x_wconf 87' lang='grc' dir='ltr'>ὁ</span> <span class='ocrx_word' id='word_1_323' title='bbox 1104 3136 1198 3190; x_wconf 66' lang='grc' dir='ltr'>καὶ</span> <span class='ocrx_word' id='word_1_324' title='bbox 1246 3134 1506 3208; x_wconf 80' lang='grc' dir='ltr'>ἑωρακὼς</span> <span class='ocrx_word' id='word_1_325' title='bbox 1544 3104 1672 3199; x_wconf 59' lang='lat' dir='ltr'><strong>“coit;</strong></span> <span class='ocrx_word' id='word_1_326' title='bbox 1707 3104 2010 3207; x_wconf 77' lang='grc' dir='ltr'>μακαρίους</span> <span class='ocrx_word' id='word_1_327' title='bbox 2036 3104 2079 3163; x_wconf 76' lang='lat' dir='ltr'><strong>c</strong></span> 
     </span>
    </p>
   </div>
   <div class='ocr_carea' id='block_1_48' title="bbox 419 3226 2011 3300">
    <p class='ocr_par' dir='ltr' id='par_1_48' title="bbox 419 3226 2011 3300">
     <span class='ocr_line' id='line_1_48' title="bbox 419 3226 2011 3300; baseline -0.003 -16"><span class='ocrx_word' id='word_1_328' title='bbox 419 3230 781 3296; x_wconf 82' lang='grc' dir='ltr'><strong>ἀποστόλους,</strong></span> <span class='ocrx_word' id='word_1_329' title='bbox 812 3229 908 3284; x_wconf 77' lang='grc' dir='ltr'>καὶ</span> <span class='ocrx_word' id='word_1_330' title='bbox 941 3226 1338 3300; x_wconf 82' lang='grc' dir='ltr'>συμϐεϐληκὼς</span> <span class='ocrx_word' id='word_1_331' title='bbox 1376 3228 1591 3291; x_wconf 76' lang='grc' dir='ltr'>αὐτοῖς,</span> <span class='ocrx_word' id='word_1_332' title='bbox 1622 3227 1717 3281; x_wconf 80' lang='grc' dir='ltr'>καὶ</span> <span class='ocrx_word' id='word_1_333' title='bbox 1745 3226 1823 3280; x_wconf 77' lang='grc' dir='ltr'>ἔτι</span> <span class='ocrx_word' id='word_1_334' title='bbox 1854 3226 2011 3280; x_wconf 77' lang='grc' dir='ltr'>ἐναυ-</span> 
     </span>
    </p>
   </div>
   <div class='ocr_carea' id='block_1_49' title="bbox 420 3320 2012 3395">
    <p class='ocr_par' dir='ltr' id='par_1_49' title="bbox 420 3320 2012 3395">
     <span class='ocr_line' id='line_1_49' title="bbox 420 3320 2012 3395; baseline -0.003 -19"><span class='ocrx_word' id='word_1_335' title='bbox 420 3324 511 3377; x_wconf 91' lang='grc' dir='ltr'><strong>λον</strong></span> <span class='ocrx_word' id='word_1_336' title='bbox 538 3323 599 3377; x_wconf 82' lang='grc' dir='ltr'>τὸ</span> <span class='ocrx_word' id='word_1_337' title='bbox 628 3324 891 3395; x_wconf 87' lang='grc' dir='ltr'>κήρυγμα</span> <span class='ocrx_word' id='word_1_338' title='bbox 929 3321 1038 3376; x_wconf 83' lang='grc' dir='ltr'><strong>τῶν</strong></span> <span class='ocrx_word' id='word_1_339' title='bbox 1068 3321 1402 3384; x_wconf 81' lang='grc' dir='ltr'>ἀποστόλων,</span> <span class='ocrx_word' id='word_1_340' title='bbox 1433 3320 1527 3374; x_wconf 74' lang='grc' dir='ltr'>καὶ</span> <span class='ocrx_word' id='word_1_341' title='bbox 1569 3320 1669 3393; x_wconf 82' lang='grc' dir='ltr'>τὴν</span> <span class='ocrx_word' id='word_1_342' title='bbox 1713 3320 2012 3391; x_wconf 78' lang='grc' dir='ltr'>παράδοσιν</span> 
     </span>
    </p>
   </div>
   <div class='ocr_carea' id='block_1_50' title="bbox 423 3411 2011 3488">
    <p class='ocr_par' dir='ltr' id='par_1_50' title="bbox 423 3411 2011 3488">
     <span class='ocr_line' id='line_1_50' title="bbox 423 3411 2011 3488; baseline -0.004 -18"><span class='ocrx_word' id='word_1_343' title='bbox 423 3416 531 3488; x_wconf 82' lang='grc' dir='ltr'>πρὸ</span> <span class='ocrx_word' id='word_1_344' title='bbox 557 3415 850 3487; x_wconf 81' lang='grc' dir='ltr'><strong>ὀφθαλμῶν</strong></span> <span class='ocrx_word' id='word_1_345' title='bbox 879 3415 1040 3487; x_wconf 76' lang='grc' dir='ltr'>ἔχων,</span> <span class='ocrx_word' id='word_1_346' title='bbox 1070 3432 1124 3469; x_wconf 88' lang='grc' dir='ltr'>κ.</span> <span class='ocrx_word' id='word_1_347' title='bbox 1147 3432 1197 3469; x_wconf 88' lang='grc' dir='ltr'>τ.</span> <span class='ocrx_word' id='word_1_348' title='bbox 1221 3413 1271 3469; x_wconf 92' lang='grc' dir='ltr'>λ.</span> <span class='ocrx_word' id='word_1_349' title='bbox 1308 3413 1486 3468; x_wconf 87' lang='lat' dir='ltr'><strong>Tertio</strong></span> <span class='ocrx_word' id='word_1_350' title='bbox 1514 3412 1629 3467; x_wconf 89' lang='lat' dir='ltr'><strong>loco</strong></span> <span class='ocrx_word' id='word_1_351' title='bbox 1659 3412 1723 3465; x_wconf 88' lang='lat' dir='ltr'><strong>ab</strong></span> <span class='ocrx_word' id='word_1_352' title='bbox 1754 3411 2011 3482; x_wconf 81' lang='lat' dir='ltr'><strong>apostolis</strong></span> 
     </span>
    </p>
   </div>
   <div class='ocr_carea' id='block_1_51' title="bbox 422 3504 2011 3577">
    <p class='ocr_par' dir='ltr' id='par_1_51' title="bbox 422 3504 2011 3577">
     <span class='ocr_line' id='line_1_51' title="bbox 422 3504 2011 3577; baseline -0.003 -16"><span class='ocrx_word' id='word_1_353' title='bbox 422 3509 785 3577; x_wconf 81' lang='lat' dir='ltr'><strong>episcopatum</strong></span> <span class='ocrx_word' id='word_1_354' title='bbox 815 3508 1041 3561; x_wconf 86' lang='lat' dir='ltr'><strong>sortitur</strong></span> <span class='ocrx_word' id='word_1_355' title='bbox 1070 3504 1334 3570; x_wconf 85' lang='lat' dir='ltr'><strong>Clemens,</strong></span> <span class='ocrx_word' id='word_1_356' title='bbox 1356 3505 1447 3576; x_wconf 88' lang='lat' dir='ltr'><strong>qui</strong></span> <span class='ocrx_word' id='word_1_357' title='bbox 1480 3514 1529 3558; x_wconf 90' lang='lat' dir='ltr'><strong>et</strong></span> <span class='ocrx_word' id='word_1_358' title='bbox 1552 3505 1679 3558; x_wconf 85' lang='lat' dir='ltr'><strong>vidit</strong></span> <span class='ocrx_word' id='word_1_359' title='bbox 1719 3504 1861 3574; x_wconf 88' lang='lat' dir='ltr'><strong>ipsos</strong></span> <span class='ocrx_word' id='word_1_360' title='bbox 1885 3518 2011 3572; x_wconf 88' lang='lat' dir='ltr'><strong>apo-</strong></span> 
     </span>
    </p>
   </div>
   <div class='ocr_carea' id='block_1_52' title="bbox 425 3593 2011 3662">
    <p class='ocr_par' dir='ltr' id='par_1_52' title="bbox 425 3593 2011 3662">
     <span class='ocr_line' id='line_1_52' title="bbox 425 3593 2011 3662; baseline -0.005 -9"><span class='ocrx_word' id='word_1_361' title='bbox 425 3598 613 3662; x_wconf 84' lang='lat' dir='ltr'><strong>stolas,</strong></span> <span class='ocrx_word' id='word_1_362' title='bbox 646 3607 696 3653; x_wconf 91' lang='lat' dir='ltr'><strong>et</strong></span> <span class='ocrx_word' id='word_1_363' title='bbox 724 3597 949 3652; x_wconf 85' lang='lat' dir='ltr'><strong>contulit</strong></span> <span class='ocrx_word' id='word_1_364' title='bbox 978 3612 1097 3649; x_wconf 88' lang='lat' dir='ltr'><strong>cum</strong></span> <span class='ocrx_word' id='word_1_365' title='bbox 1126 3597 1224 3661; x_wconf 90' lang='lat' dir='ltr'><strong>eis,</strong></span> <span class='ocrx_word' id='word_1_366' title='bbox 1248 3605 1298 3649; x_wconf 90' lang='lat' dir='ltr'><strong>et</strong></span> <span class='ocrx_word' id='word_1_367' title='bbox 1329 3611 1447 3649; x_wconf 88' lang='lat' dir='ltr'><strong>cum</strong></span> <span class='ocrx_word' id='word_1_368' title='bbox 1476 3593 1651 3647; x_wconf 88' lang='lat' dir='ltr'><strong>adhuc</strong></span> <span class='ocrx_word' id='word_1_369' title='bbox 1679 3593 2011 3647; x_wconf 83' lang='lat' dir='ltr'><strong>insonantem</strong></span> 
     </span>
    </p>
   </div>
   <div class='ocr_carea' id='block_1_53' title="bbox 426 3689 2015 3760">
    <p class='ocr_par' dir='ltr' id='par_1_53' title="bbox 426 3689 2015 3760">
     <span class='ocr_line' id='line_1_53' title="bbox 426 3689 2015 3760; baseline -0.001 -17"><span class='ocrx_word' id='word_1_370' title='bbox 426 3690 859 3760; x_wconf 68' lang='lat' dir='ltr'><strong>pradicationem</strong></span> <span class='ocrx_word' id='word_1_371' title='bbox 929 3691 1327 3759; x_wconf 85' lang='lat' dir='ltr'><strong>apostolorum,</strong></span> <span class='ocrx_word' id='word_1_372' title='bbox 1386 3698 1435 3744; x_wconf 90' lang='lat' dir='ltr'><strong>et</strong></span> <span class='ocrx_word' id='word_1_373' title='bbox 1486 3689 1825 3743; x_wconf 87' lang='lat' dir='ltr'><strong>traditionem</strong></span> <span class='ocrx_word' id='word_1_374' title='bbox 1894 3700 2015 3742; x_wconf 89' lang='lat' dir='ltr'><strong>ante</strong></span> 
     </span>
    </p>
   </div>
   <div class='ocr_carea' id='block_1_54' title="bbox 429 3777 2015 3851">
    <p class='ocr_par' dir='ltr' id='par_1_54' title="bbox 429 3777 2015 3851">
     <span class='ocr_line' id='line_1_54' title="bbox 429 3777 2015 3851; baseline -0.003 -16"><span class='ocrx_word' id='word_1_375' title='bbox 429 3781 613 3835; x_wconf 89' lang='lat' dir='ltr'><strong>oculos</strong></span> <span class='ocrx_word' id='word_1_376' title='bbox 639 3780 918 3836; x_wconf 85' lang='lat' dir='ltr'><strong>haberet...</strong></span> <span class='ocrx_word' id='word_1_377' title='bbox 943 3782 1268 3835; x_wconf 87' lang='lat' dir='ltr'><strong>annuntians</strong></span> <span class='ocrx_word' id='word_1_378' title='bbox 1295 3796 1454 3851; x_wconf 88' lang='lat' dir='ltr'><strong>quam</strong></span> <span class='ocrx_word' id='word_1_379' title='bbox 1485 3779 1539 3833; x_wconf 88' lang='lat' dir='ltr'><strong>in</strong></span> <span class='ocrx_word' id='word_1_380' title='bbox 1564 3779 1759 3833; x_wconf 88' lang='lat' dir='ltr'><strong>recenti</strong></span> <span class='ocrx_word' id='word_1_381' title='bbox 1788 3777 1853 3831; x_wconf 84' lang='lat' dir='ltr'><strong>ab</strong></span> <span class='ocrx_word' id='word_1_382' title='bbox 1884 3795 2015 3847; x_wconf 85' lang='lat' dir='ltr'><strong>apo-</strong></span> 
     </span>
    </p>
   </div>
   <div class='ocr_carea' id='block_1_55' title="bbox 430 3870 2015 3941">
    <p class='ocr_par' dir='ltr' id='par_1_55' title="bbox 430 3870 2015 3941">
     <span class='ocr_line' id='line_1_55' title="bbox 430 3870 2015 3941; baseline 0.001 -18"><span class='ocrx_word' id='word_1_383' title='bbox 430 3870 582 3924; x_wconf 83' lang='lat' dir='ltr'><strong>stolis</strong></span> <span class='ocrx_word' id='word_1_384' title='bbox 626 3880 894 3938; x_wconf 80' lang='lat' dir='ltr'><strong>acceperat</strong></span> <span class='ocrx_word' id='word_1_385' title='bbox 934 3870 1296 3925; x_wconf 85' lang='lat' dir='ltr'><strong>traditionem.</strong></span> <span class='ocrx_word' id='word_1_386' title='bbox 1349 3870 1654 3925; x_wconf 87' lang='lat' dir='ltr'><strong>Traditione</strong></span> <span class='ocrx_word' id='word_1_387' title='bbox 1698 3872 1861 3941; x_wconf 87' lang='lat' dir='ltr'><strong>igitur</strong></span> <span class='ocrx_word' id='word_1_388' title='bbox 1900 3888 2015 3941; x_wconf 71' lang='lat' dir='ltr'><strong>qua:</strong></span> 
     </span>
    </p>
   </div>
   <div class='ocr_carea' id='block_1_56' title="bbox 428 3962 2017 4032">
    <p class='ocr_par' dir='ltr' id='par_1_56' title="bbox 428 3962 2017 4032">
     <span class='ocr_line' id='line_1_56' title="bbox 428 3962 2017 4032; baseline -0.002 -14"><span class='ocrx_word' id='word_1_389' title='bbox 428 3970 508 4018; x_wconf 85' lang='lat' dir='ltr'><strong>est</strong></span> <span class='ocrx_word' id='word_1_390' title='bbox 549 3962 616 4015; x_wconf 86' lang='lat' dir='ltr'><strong>ab</strong></span> <span class='ocrx_word' id='word_1_391' title='bbox 661 3962 913 4030; x_wconf 80' lang='lat' dir='ltr'><strong>apostolis</strong></span> <span class='ocrx_word' id='word_1_392' title='bbox 948 3962 1025 4016; x_wconf 80' lang='lat' dir='ltr'><strong>sic</strong></span> <span class='ocrx_word' id='word_1_393' title='bbox 1053 3979 1108 4017; x_wconf 86' lang='lat' dir='ltr'><strong>se</strong></span> <span class='ocrx_word' id='word_1_394' title='bbox 1143 3963 1363 4018; x_wconf 79' lang='lat' dir='ltr'><strong>habente</strong></span> <span class='ocrx_word' id='word_1_395' title='bbox 1411 3964 1465 4017; x_wconf 89' lang='lat' dir='ltr'><strong>in</strong></span> <span class='ocrx_word' id='word_1_396' title='bbox 1489 3962 1750 4029; x_wconf 87' lang='lat' dir='ltr'><strong>Ecclesia,</strong></span> <span class='ocrx_word' id='word_1_397' title='bbox 1800 3972 1852 4017; x_wconf 89' lang='lat' dir='ltr'><strong>et</strong></span> <span class='ocrx_word' id='word_1_398' title='bbox 1897 3978 2017 4032; x_wconf 90' lang='lat' dir='ltr'><strong>per-</strong></span> 
     </span>
    </p>
   </div>
   <div class='ocr_carea' id='block_1_57' title="bbox 432 4053 2017 4124">
    <p class='ocr_par' dir='ltr' id='par_1_57' title="bbox 432 4053 2017 4124">
     <span class='ocr_line' id='line_1_57' title="bbox 432 4053 2017 4124; baseline 0 -18"><span class='ocrx_word' id='word_1_399' title='bbox 432 4062 675 4108; x_wconf 87' lang='lat' dir='ltr'><strong>manente</strong></span> <span class='ocrx_word' id='word_1_400' title='bbox 708 4053 849 4122; x_wconf 82' lang='lat' dir='ltr'><strong>apud</strong></span> <span class='ocrx_word' id='word_1_401' title='bbox 890 4070 1008 4117; x_wconf 79' lang='lat' dir='ltr'><strong>nos,</strong></span> <span class='ocrx_word' id='word_1_402' title='bbox 1055 4062 1380 4107; x_wconf 87' lang='lat' dir='ltr'><strong>revertamur</strong></span> <span class='ocrx_word' id='word_1_403' title='bbox 1424 4054 1494 4107; x_wconf 90' lang='lat' dir='ltr'><strong>ad</strong></span> <span class='ocrx_word' id='word_1_404' title='bbox 1532 4071 1649 4108; x_wconf 85' lang='lat' dir='ltr'><strong>eam</strong></span> <span class='ocrx_word' id='word_1_405' title='bbox 1683 4070 1800 4124; x_wconf 71' lang='lat' dir='ltr'><strong>qua:</strong></span> <span class='ocrx_word' id='word_1_406' title='bbox 1846 4064 1925 4108; x_wconf 90' lang='lat' dir='ltr'><strong>est</strong></span> <span class='ocrx_word' id='word_1_407' title='bbox 1953 4069 2017 4107; x_wconf 71' lang='lat' dir='ltr'><strong>ea:</strong></span> 
     </span>
    </p>
   </div>
   <div class='ocr_carea' id='block_1_58' title="bbox 433 4143 2014 4217">
    <p class='ocr_par' dir='ltr' id='par_1_58' title="bbox 433 4143 2014 4217">
     <span class='ocr_line' id='line_1_58' title="bbox 433 4143 2014 4217; baseline -0.002 -16"><span class='ocrx_word' id='word_1_408' title='bbox 433 4146 723 4215; x_wconf 85' lang='lat' dir='ltr'><strong>Scripturis</strong></span> <span class='ocrx_word' id='word_1_409' title='bbox 763 4147 1109 4200; x_wconf 88' lang='lat' dir='ltr'><strong>ostensionem</strong></span> <span class='ocrx_word' id='word_1_410' title='bbox 1135 4145 1269 4217; x_wconf 71' lang='grc'><strong>(44).</strong></span> <span class='ocrx_word' id='word_1_411' title='bbox 1302 4143 1418 4199; x_wconf 86' lang='lat' dir='ltr'><strong>lloc</strong></span> <span class='ocrx_word' id='word_1_412' title='bbox 1458 4144 1601 4200; x_wconf 91' lang='lat' dir='ltr'><strong>idem</strong></span> <span class='ocrx_word' id='word_1_413' title='bbox 1637 4154 2014 4215; x_wconf 85' lang='lat' dir='ltr'><strong>argumentum</strong></span> 
     </span>
    </p>
   </div>
   <div class='ocr_carea' id='block_1_59' title="bbox 433 4232 2014 4290">
    <p class='ocr_par' dir='ltr' id='par_1_59' title="bbox 433 4232 2014 4290">
     <span class='ocr_line' id='line_1_59' title="bbox 433 4232 2014 4290; baseline 0 -3"><span class='ocrx_word' id='word_1_414' title='bbox 433 4248 465 4287; x_wconf 90' lang='lat' dir='ltr'><strong>a</strong></span> <span class='ocrx_word' id='word_1_415' title='bbox 506 4234 806 4290; x_wconf 88' lang='lat' dir='ltr'><strong>traditione</strong></span> <span class='ocrx_word' id='word_1_416' title='bbox 868 4236 1175 4290; x_wconf 90' lang='lat' dir='ltr'><strong>derivatum</strong></span> <span class='ocrx_word' id='word_1_417' title='bbox 1237 4234 1584 4290; x_wconf 91' lang='lat' dir='ltr'><strong>commendat</strong></span> <span class='ocrx_word' id='word_1_418' title='bbox 1660 4232 1900 4289; x_wconf 67' lang='lat' dir='ltr'><strong>lrenaaus</strong></span> <span class='ocrx_word' id='word_1_419' title='bbox 1962 4235 2014 4288; x_wconf 92' lang='lat' dir='ltr'><strong>in</strong></span> 
     </span>
    </p>
   </div>
   <div class='ocr_carea' id='block_1_60' title="bbox 433 4325 2017 4395">
    <p class='ocr_par' dir='ltr' id='par_1_60' title="bbox 433 4325 2017 4395">
     <span class='ocr_line' id='line_1_60' title="bbox 433 4325 2017 4395; baseline 0 -16"><span class='ocrx_word' id='word_1_420' title='bbox 433 4326 758 4395; x_wconf 73' lang='lat' dir='ltr'><strong>praefatione</strong></span> <span class='ocrx_word' id='word_1_421' title='bbox 797 4327 921 4380; x_wconf 88' lang='lat' dir='ltr'><strong>libri</strong></span> <span class='ocrx_word' id='word_1_422' title='bbox 955 4326 1103 4385; x_wconf 83' lang='lat' dir='ltr'><strong>tertii</strong></span> <span class='ocrx_word' id='word_1_423' title='bbox 1151 4325 1220 4380; x_wconf 92' lang='lat' dir='ltr'><strong>ad</strong></span> <span class='ocrx_word' id='word_1_424' title='bbox 1265 4326 1525 4388; x_wconf 90' lang='lat' dir='ltr'><strong>amicum,</strong></span> <span class='ocrx_word' id='word_1_425' title='bbox 1567 4340 1729 4395; x_wconf 87' lang='lat' dir='ltr'><strong>quem</strong></span> <span class='ocrx_word' id='word_1_426' title='bbox 1761 4325 2017 4394; x_wconf 87' lang='lat' dir='ltr'><strong>superius</strong></span> 
     </span>
    </p>
   </div>
   <div class='ocr_carea' id='block_1_61' title="bbox 2101 1874 3683 1951">
    <p class='ocr_par' dir='ltr' id='par_1_61' title="bbox 2101 1874 3683 1951">
     <span class='ocr_line' id='line_1_61' title="bbox 2101 1874 3683 1951; baseline -0.01 -12"><span class='ocrx_word' id='word_1_427' title='bbox 2101 1900 2223 1939; x_wconf 89' lang='lat' dir='ltr'><strong>cam</strong></span> <span class='ocrx_word' id='word_1_428' title='bbox 2249 1884 2383 1951; x_wconf 73' lang='grc'><strong>(45).</strong></span> <span class='ocrx_word' id='word_1_429' title='bbox 2418 1882 2528 1938; x_wconf 89' lang='lat' dir='ltr'><strong>Sed</strong></span> <span class='ocrx_word' id='word_1_430' title='bbox 2566 1888 2622 1935; x_wconf 82' lang='lat' dir='ltr'><strong>et</strong></span> <span class='ocrx_word' id='word_1_431' title='bbox 2657 1895 2765 1935; x_wconf 91' lang='lat' dir='ltr'><strong>non</strong></span> <span class='ocrx_word' id='word_1_432' title='bbox 2788 1892 2961 1948; x_wconf 90' lang='lat' dir='ltr'><strong>pauca</strong></span> <span class='ocrx_word' id='word_1_433' title='bbox 3001 1874 3247 1931; x_wconf 88' lang='lat' dir='ltr'><strong>invenire</strong></span> <span class='ocrx_word' id='word_1_434' title='bbox 3285 1874 3433 1933; x_wconf 83' lang='lat' dir='ltr'><strong>licet.</strong></span> <span class='ocrx_word' id='word_1_435' title='bbox 3465 1886 3591 1941; x_wconf 71' lang='lat' dir='ltr'><strong>quae</strong></span> <span class='ocrx_word' id='word_1_436' title='bbox 3619 1876 3683 1923; x_wconf 82' lang='lat' dir='ltr'><strong>ut</strong></span> 
     </span>
    </p>
   </div>
   <div class='ocr_carea' id='block_1_62' title="bbox 2101 1967 3682 2034">
    <p class='ocr_par' dir='ltr' id='par_1_62' title="bbox 2101 1967 3682 2034">
     <span class='ocr_line' id='line_1_62' title="bbox 2101 1967 3682 2034; baseline -0.012 -2"><span class='ocrx_word' id='word_1_437' title='bbox 2101 1976 2365 2032; x_wconf 62' lang='lat' dir='ltr'><strong>Romanae</strong></span> <span class='ocrx_word' id='word_1_438' title='bbox 2411 1973 2746 2030; x_wconf 90' lang='lat' dir='ltr'><strong>conveniunt</strong></span> <span class='ocrx_word' id='word_1_439' title='bbox 2778 1969 3054 2034; x_wconf 66' lang='lat' dir='ltr'><strong>Ecclesiae,</strong></span> <span class='ocrx_word' id='word_1_440' title='bbox 3083 1967 3157 2021; x_wconf 91' lang='lat' dir='ltr'><strong>ita</strong></span> <span class='ocrx_word' id='word_1_441' title='bbox 3188 1969 3458 2021; x_wconf 89' lang='lat' dir='ltr'><strong>incertum</strong></span> <span class='ocrx_word' id='word_1_442' title='bbox 3490 1971 3577 2016; x_wconf 87' lang='lat' dir='ltr'><strong>est</strong></span> <span class='ocrx_word' id='word_1_443' title='bbox 3607 1975 3682 2014; x_wconf 85' lang='lat' dir='ltr'><strong>an</strong></span> 
     </span>
    </p>
   </div>
   <div class='ocr_carea' id='block_1_63' title="bbox 2103 2052 3688 2128">
    <p class='ocr_par' dir='ltr' id='par_1_63' title="bbox 2103 2052 3688 2128">
     <span class='ocr_line' id='line_1_63' title="bbox 2103 2052 3688 2128; baseline -0.009 -7"><span class='ocrx_word' id='word_1_444' title='bbox 2103 2068 2227 2122; x_wconf 87' lang='lat' dir='ltr'><strong>aliis</strong></span> <span class='ocrx_word' id='word_1_445' title='bbox 2257 2069 2605 2128; x_wconf 83' lang='lat' dir='ltr'><strong>conveniant,</strong></span> <span class='ocrx_word' id='word_1_446' title='bbox 2633 2062 2738 2119; x_wconf 90' lang='lat' dir='ltr'><strong>sub</strong></span> <span class='ocrx_word' id='word_1_447' title='bbox 2767 2061 2983 2116; x_wconf 90' lang='lat' dir='ltr'><strong>initium</strong></span> <span class='ocrx_word' id='word_1_448' title='bbox 3014 2075 3075 2113; x_wconf 93' lang='grc' dir='ltr'>ιιι</span> <span class='ocrx_word' id='word_1_449' title='bbox 3104 2057 3288 2113; x_wconf 67' lang='lat' dir='ltr'><strong>saeculi</strong></span> <span class='ocrx_word' id='word_1_450' title='bbox 3322 2055 3457 2126; x_wconf 73' lang='grc'><strong>(46).</strong></span> <span class='ocrx_word' id='word_1_451' title='bbox 3496 2052 3688 2123; x_wconf 81' lang='lat' dir='ltr'><strong>Atque</strong></span> 
     </span>
    </p>
   </div>
   <div class='ocr_carea' id='block_1_64' title="bbox 2103 2145 3687 2226">
    <p class='ocr_par' dir='ltr' id='par_1_64' title="bbox 2103 2145 3687 2226">
     <span class='ocr_line' id='line_1_64' title="bbox 2103 2145 3687 2226; baseline -0.01 -13"><span class='ocrx_word' id='word_1_452' title='bbox 2103 2159 2220 2213; x_wconf 64' lang='lat' dir='ltr'><strong>haec</strong></span> <span class='ocrx_word' id='word_1_453' title='bbox 2274 2158 2447 2212; x_wconf 86' lang='lat' dir='ltr'><strong>invito</strong></span> <span class='ocrx_word' id='word_1_454' title='bbox 2496 2155 2739 2226; x_wconf 89' lang='lat' dir='ltr'><strong>pessimo</strong></span> <span class='ocrx_word' id='word_1_455' title='bbox 2789 2150 3071 2217; x_wconf 66' lang='lat' dir='ltr'><strong>haeretico,</strong></span> <span class='ocrx_word' id='word_1_456' title='bbox 3122 2148 3216 2219; x_wconf 91' lang='lat' dir='ltr'><strong>qui</strong></span> <span class='ocrx_word' id='word_1_457' title='bbox 3260 2145 3687 2201; x_wconf 80' lang='lat' dir='ltr'><strong>Constitutiones</strong></span> 
     </span>
    </p>
   </div>
   <div class='ocr_carea' id='block_1_65' title="bbox 2104 2235 3689 2313">
    <p class='ocr_par' dir='ltr' id='par_1_65' title="bbox 2104 2235 3689 2313">
     <span class='ocr_line' id='line_1_65' title="bbox 2104 2235 3689 2313; baseline -0.009 -9"><span class='ocrx_word' id='word_1_458' title='bbox 2104 2249 2456 2313; x_wconf 86' lang='lat' dir='ltr'><strong>adulteravit,</strong></span> <span class='ocrx_word' id='word_1_459' title='bbox 2488 2254 2891 2313; x_wconf 74' lang='lat' dir='ltr'><strong>remanserunt,</strong></span> <span class='ocrx_word' id='word_1_460' title='bbox 2922 2244 2991 2299; x_wconf 90' lang='lat' dir='ltr'><strong>de</strong></span> <span class='ocrx_word' id='word_1_461' title='bbox 3037 2256 3147 2313; x_wconf 89' lang='lat' dir='ltr'><strong>quo</strong></span> <span class='ocrx_word' id='word_1_462' title='bbox 3189 2241 3371 2310; x_wconf 89' lang='lat' dir='ltr'><strong>aliqua</strong></span> <span class='ocrx_word' id='word_1_463' title='bbox 3409 2245 3539 2294; x_wconf 92' lang='lat' dir='ltr'><strong>sunt</strong></span> <span class='ocrx_word' id='word_1_464' title='bbox 3596 2235 3689 2291; x_wconf 85' lang='lat' dir='ltr'><strong>di-</strong></span> 
     </span>
    </p>
   </div>
   <div class='ocr_carea' id='block_1_66' title="bbox 2105 2343 2298 2399">
    <p class='ocr_par' dir='ltr' id='par_1_66' title="bbox 2105 2343 2298 2399">
     <span class='ocr_line' id='line_1_66' title="bbox 2105 2343 2298 2399; baseline -0.016 0"><span class='ocrx_word' id='word_1_465' title='bbox 2105 2343 2298 2399; x_wconf 83' lang='lat' dir='ltr'><strong>ccnda.</strong></span> 
     </span>
    </p>
   </div>
   <div class='ocr_carea' id='block_1_67' title="bbox 2721 2469 3057 2529">
    <p class='ocr_par' dir='ltr' id='par_1_67' title="bbox 2721 2469 3057 2529">
     <span class='ocr_line' id='line_1_67' title="bbox 2721 2469 3057 2529; baseline -0.012 0"><span class='ocrx_word' id='word_1_466' title='bbox 2721 2470 2952 2529; x_wconf 83' lang='lat' dir='ltr'><strong>CAPUT</strong></span> <span class='ocrx_word' id='word_1_467' title='bbox 2990 2469 3057 2525; x_wconf 91' lang='grc'><strong>11.</strong></span> 
     </span>
    </p>
   </div>
   <div class='ocr_carea' id='block_1_68' title="bbox 2314 2629 3475 2701">
    <p class='ocr_par' dir='ltr' id='par_1_68' title="bbox 2314 2629 3475 2701">
     <span class='ocr_line' id='line_1_68' title="bbox 2314 2629 3475 2701; baseline -0.006 -15"><span class='ocrx_word' id='word_1_468' title='bbox 2314 2634 2446 2701; x_wconf 79' lang='lat' dir='ltr'><strong>Quis</strong></span> <span class='ocrx_word' id='word_1_469' title='bbox 2473 2633 2675 2701; x_wconf 86' lang='lat' dir='ltr'><strong>primus</strong></span> <span class='ocrx_word' id='word_1_470' title='bbox 2698 2629 3147 2685; x_wconf 81' lang='lat' dir='ltr'><strong>Constitutionum</strong></span> <span class='ocrx_word' id='word_1_471' title='bbox 3178 2633 3475 2694; x_wconf 83' lang='lat' dir='ltr'><strong>corruptor.</strong></span> 
     </span>
    </p>
   </div>
   <div class='ocr_carea' id='block_1_69' title="bbox 2176 2742 3692 2827">
    <p class='ocr_par' dir='ltr' id='par_1_69' title="bbox 2176 2742 3692 2827">
     <span class='ocr_line' id='line_1_69' title="bbox 2176 2742 3692 2827; baseline -0.01 -1"><span class='ocrx_word' id='word_1_472' title='bbox 2176 2770 2217 2827; x_wconf 92' lang='grc'><strong>1.</strong></span> <span class='ocrx_word' id='word_1_473' title='bbox 2260 2742 2741 2827; x_wconf 51' lang='grc' dir='ltr'><strong>Ηιιιιίὶιοιιιῑιιθιιι</strong></span> <span class='ocrx_word' id='word_1_474' title='bbox 2796 2768 2855 2821; x_wconf 89' lang='lat' dir='ltr'><strong>in</strong></span> <span class='ocrx_word' id='word_1_475' title='bbox 2899 2764 3123 2821; x_wconf 89' lang='lat' dir='ltr'><strong>Oriente</strong></span> <span class='ocrx_word' id='word_1_476' title='bbox 3173 2763 3376 2818; x_wconf 82' lang='lat' dir='ltr'><strong>vixisse</strong></span> <span class='ocrx_word' id='word_1_477' title='bbox 3432 2757 3692 2815; x_wconf 85' lang='lat' dir='ltr'><strong>indicant</strong></span> 
     </span>
    </p>
   </div>
   <div class='ocr_carea' id='block_1_70' title="bbox 2107 2850 3695 2930">
    <p class='ocr_par' dir='ltr' id='par_1_70' title="bbox 2107 2850 3695 2930">
     <span class='ocr_line' id='line_1_70' title="bbox 2107 2850 3695 2930; baseline -0.009 -10"><span class='ocrx_word' id='word_1_478' title='bbox 2107 2865 2377 2921; x_wconf 90' lang='lat' dir='ltr'><strong>mensium</strong></span> <span class='ocrx_word' id='word_1_479' title='bbox 2405 2863 2647 2925; x_wconf 89' lang='lat' dir='ltr'><strong>nomina,</strong></span> <span class='ocrx_word' id='word_1_480' title='bbox 2679 2874 2801 2930; x_wconf 66' lang='lat' dir='ltr'><strong>qua:</strong></span> <span class='ocrx_word' id='word_1_481' title='bbox 2822 2858 3039 2928; x_wconf 91' lang='lat' dir='ltr'><strong>propria</strong></span> <span class='ocrx_word' id='word_1_482' title='bbox 3072 2856 3225 2910; x_wconf 82' lang='lat' dir='ltr'><strong>fuere</strong></span> <span class='ocrx_word' id='word_1_483' title='bbox 3262 2850 3695 2925; x_wconf 74' lang='lat' dir='ltr'><strong>Syro-Macedo—</strong></span> 
     </span>
    </p>
   </div>
   <div class='ocr_carea' id='block_1_71' title="bbox 2107 2944 3696 3022">
    <p class='ocr_par' dir='ltr' id='par_1_71' title="bbox 2107 2944 3696 3022">
     <span class='ocr_line' id='line_1_71' title="bbox 2107 2944 3696 3022; baseline -0.009 -10"><span class='ocrx_word' id='word_1_484' title='bbox 2107 2971 2261 3021; x_wconf 89' lang='lat' dir='ltr'><strong>num,</strong></span> <span class='ocrx_word' id='word_1_485' title='bbox 2292 2953 2545 3009; x_wconf 86' lang='lat' dir='ltr'><strong>Xanthici</strong></span> <span class='ocrx_word' id='word_1_486' title='bbox 2577 2967 2792 3022; x_wconf 90' lang='lat' dir='ltr'><strong>nempe,</strong></span> <span class='ocrx_word' id='word_1_487' title='bbox 2828 2949 3031 3020; x_wconf 84' lang='lat' dir='ltr'><strong>Dystri,</strong></span> <span class='ocrx_word' id='word_1_488' title='bbox 3060 2948 3310 3016; x_wconf 80' lang='lat' dir='ltr'><strong>Gorpiwi,</strong></span> <span class='ocrx_word' id='word_1_489' title='bbox 3351 2944 3696 3015; x_wconf 76' lang='lat' dir='ltr'><strong>llyperbere-</strong></span> 
     </span>
    </p>
   </div>
   <div class='ocr_carea' id='block_1_72' title="bbox 2112 3034 3698 3117">
    <p class='ocr_par' dir='ltr' id='par_1_72' title="bbox 2112 3034 3698 3117">
     <span class='ocr_line' id='line_1_72' title="bbox 2112 3034 3698 3117; baseline -0.009 -15"><span class='ocrx_word' id='word_1_490' title='bbox 2112 3049 2201 3102; x_wconf 73' lang='lat' dir='ltr'><strong>twi</strong></span> <span class='ocrx_word' id='word_1_491' title='bbox 2229 3063 2245 3100; x_wconf 93' lang='lat'><em>:</em></span> <span class='ocrx_word' id='word_1_492' title='bbox 2278 3055 2393 3102; x_wconf 91' lang='lat' dir='ltr'><strong>tum</strong></span> <span class='ocrx_word' id='word_1_493' title='bbox 2421 3060 2638 3117; x_wconf 88' lang='lat' dir='ltr'><strong>quoque</strong></span> <span class='ocrx_word' id='word_1_494' title='bbox 2680 3041 2984 3098; x_wconf 68' lang='lat' dir='ltr'><strong>Antiochia:</strong></span> <span class='ocrx_word' id='word_1_495' title='bbox 3028 3040 3110 3096; x_wconf 88' lang='lat' dir='ltr'><strong>vel</strong></span> <span class='ocrx_word' id='word_1_496' title='bbox 3162 3039 3217 3094; x_wconf 91' lang='lat' dir='ltr'><strong>in</strong></span> <span class='ocrx_word' id='word_1_497' title='bbox 3260 3052 3326 3093; x_wconf 93' lang='lat' dir='ltr'><strong>eo</strong></span> <span class='ocrx_word' id='word_1_498' title='bbox 3376 3045 3552 3092; x_wconf 90' lang='lat' dir='ltr'><strong>tractu</strong></span> <span class='ocrx_word' id='word_1_499' title='bbox 3601 3034 3698 3089; x_wconf 81' lang='lat' dir='ltr'><strong>di-</strong></span> 
     </span>
    </p>
   </div>
   <div class='ocr_carea' id='block_1_73' title="bbox 2113 3131 3700 3200">
    <p class='ocr_par' dir='ltr' id='par_1_73' title="bbox 2113 3131 3700 3200">
     <span class='ocr_line' id='line_1_73' title="bbox 2113 3131 3700 3200; baseline -0.009 -2"><span class='ocrx_word' id='word_1_500' title='bbox 2113 3151 2387 3199; x_wconf 84' lang='lat' dir='ltr'><strong>versatum</strong></span> <span class='ocrx_word' id='word_1_501' title='bbox 2430 3156 2553 3196; x_wconf 90' lang='lat' dir='ltr'><strong>esse</strong></span> <span class='ocrx_word' id='word_1_502' title='bbox 2594 3137 2801 3193; x_wconf 82' lang='lat' dir='ltr'><strong>indicat</strong></span> <span class='ocrx_word' id='word_1_503' title='bbox 2848 3133 3108 3191; x_wconf 86' lang='lat' dir='ltr'><strong>solemnis</strong></span> <span class='ocrx_word' id='word_1_504' title='bbox 3164 3131 3398 3187; x_wconf 81' lang='lat' dir='ltr'><strong>formula</strong></span> <span class='ocrx_word' id='word_1_505' title='bbox 3456 3131 3700 3200; x_wconf 63' lang='lat' dir='ltr'><strong>publica:</strong></span> 
     </span>
    </p>
   </div>
   <div class='ocr_carea' id='block_1_74' title="bbox 2110 3222 3700 3307">
    <p class='ocr_par' dir='ltr' id='par_1_74' title="bbox 2110 3222 3700 3307">
     <span class='ocr_line' id='line_1_74' title="bbox 2110 3222 3700 3307; baseline -0.009 -17"><span class='ocrx_word' id='word_1_506' title='bbox 2110 3231 2445 3307; x_wconf 89' lang='lat' dir='ltr'><strong>precationis</strong></span> <span class='ocrx_word' id='word_1_507' title='bbox 2489 3231 2546 3285; x_wconf 90' lang='lat' dir='ltr'><strong>in</strong></span> <span class='ocrx_word' id='word_1_508' title='bbox 2573 3244 2681 3300; x_wconf 86' lang='lat' dir='ltr'><strong>qua</strong></span> <span class='ocrx_word' id='word_1_509' title='bbox 2711 3228 3001 3299; x_wconf 88' lang='lat' dir='ltr'><strong>episcopus</strong></span> <span class='ocrx_word' id='word_1_510' title='bbox 3028 3222 3430 3278; x_wconf 77' lang='lat' dir='ltr'><strong>Alexandrinus</strong></span> <span class='ocrx_word' id='word_1_511' title='bbox 3462 3230 3700 3292; x_wconf 59' lang='lat' dir='ltr'><strong>praeter-</strong></span> 
     </span>
    </p>
   </div>
   <div class='ocr_carea' id='block_1_75' title="bbox 2110 3314 3699 3394">
    <p class='ocr_par' dir='ltr' id='par_1_75' title="bbox 2110 3314 3699 3394">
     <span class='ocr_line' id='line_1_75' title="bbox 2110 3314 3699 3394; baseline -0.008 -13"><span class='ocrx_word' id='word_1_512' title='bbox 2110 3326 2387 3381; x_wconf 88' lang='lat' dir='ltr'><strong>mittitur:</strong></span> <span class='ocrx_word' id='word_1_513' title='bbox 2433 3322 2603 3394; x_wconf 84' lang='grc' dir='ltr'>’Υπὲρ</span> <span class='ocrx_word' id='word_1_514' title='bbox 2640 3320 2735 3374; x_wconf 76' lang='grc' dir='ltr'>τοῦ</span> <span class='ocrx_word' id='word_1_515' title='bbox 2766 3318 3064 3373; x_wconf 76' lang='grc' dir='ltr'>ἐπισκόπου</span> <span class='ocrx_word' id='word_1_516' title='bbox 3111 3316 3267 3388; x_wconf 81' lang='grc' dir='ltr'>ἡμῶν</span> <span class='ocrx_word' id='word_1_517' title='bbox 3307 3314 3567 3369; x_wconf 82' lang='grc' dir='ltr'>Ἰακώϐου</span> <span class='ocrx_word' id='word_1_518' title='bbox 3600 3314 3699 3368; x_wconf 78' lang='grc' dir='ltr'>καὶ</span> 
     </span>
    </p>
   </div>
   <div class='ocr_carea' id='block_1_76' title="bbox 2110 3398 3691 3484">
    <p class='ocr_par' dir='ltr' id='par_1_76' title="bbox 2110 3398 3691 3484">
     <span class='ocr_line' id='line_1_76' title="bbox 2110 3398 3691 3484; baseline -0.011 -15"><span class='ocrx_word' id='word_1_519' title='bbox 2110 3414 2218 3469; x_wconf 87' lang='grc' dir='ltr'><strong>τῶν</strong></span> <span class='ocrx_word' id='word_1_520' title='bbox 2246 3410 2548 3484; x_wconf 88' lang='grc' dir='ltr'>παροικιῶν</span> <span class='ocrx_word' id='word_1_521' title='bbox 2590 3408 2755 3464; x_wconf 78' lang='grc' dir='ltr'>αὐτοῦ</span> <span class='ocrx_word' id='word_1_522' title='bbox 2797 3405 3094 3478; x_wconf 78' lang='grc' dir='ltr'>δεηϐὦμεν.</span> <span class='ocrx_word' id='word_1_523' title='bbox 3138 3402 3307 3474; x_wconf 78' lang='grc' dir='ltr'>’Υπὲρ</span> <span class='ocrx_word' id='word_1_524' title='bbox 3336 3400 3430 3454; x_wconf 79' lang='grc' dir='ltr'><strong>τοῦ</strong></span> <span class='ocrx_word' id='word_1_525' title='bbox 3469 3398 3691 3453; x_wconf 73' lang='grc' dir='ltr'><strong>ὲτιεισκό⁴</strong></span> 
     </span>
    </p>
   </div>
   <div class='ocr_carea' id='block_1_77' title="bbox 2111 3489 3699 3573">
    <p class='ocr_par' dir='ltr' id='par_1_77' title="bbox 2111 3489 3699 3573">
     <span class='ocr_line' id='line_1_77' title="bbox 2111 3489 3699 3573; baseline -0.011 -16"><span class='ocrx_word' id='word_1_526' title='bbox 2111 3520 2216 3557; x_wconf 89' lang='grc' dir='ltr'><strong>που</strong></span> <span class='ocrx_word' id='word_1_527' title='bbox 2240 3502 2397 3573; x_wconf 80' lang='grc' dir='ltr'>ἡμῶν</span> <span class='ocrx_word' id='word_1_528' title='bbox 2425 3500 2742 3572; x_wconf 81' lang='grc' dir='ltr'>Κλήμεντος</span> <span class='ocrx_word' id='word_1_529' title='bbox 2768 3496 2863 3551; x_wconf 64' lang='grc' dir='ltr'><strong>καὶ</strong></span> <span class='ocrx_word' id='word_1_530' title='bbox 2890 3496 2998 3548; x_wconf 84' lang='grc' dir='ltr'>τῶν</span> <span class='ocrx_word' id='word_1_531' title='bbox 3030 3492 3331 3565; x_wconf 64' lang='grc' dir='ltr'>παροικῶν</span> <span class='ocrx_word' id='word_1_532' title='bbox 3372 3489 3540 3544; x_wconf 75' lang='grc' dir='ltr'>αὐτοῦ</span> <span class='ocrx_word' id='word_1_533' title='bbox 3570 3490 3699 3560; x_wconf 80' lang='grc' dir='ltr'>δεη-</span> 
     </span>
    </p>
   </div>
   <div class='ocr_carea' id='block_1_78' title="bbox 2113 3581 3698 3667">
    <p class='ocr_par' dir='ltr' id='par_1_78' title="bbox 2113 3581 3698 3667">
     <span class='ocr_line' id='line_1_78' title="bbox 2113 3581 3698 3667; baseline -0.01 -18"><span class='ocrx_word' id='word_1_534' title='bbox 2113 3595 2313 3667; x_wconf 85' lang='grc' dir='ltr'>θῶμεν.</span> <span class='ocrx_word' id='word_1_535' title='bbox 2357 3593 2527 3664; x_wconf 82' lang='grc' dir='ltr'>’Υπὲρ</span> <span class='ocrx_word' id='word_1_536' title='bbox 2553 3591 2650 3645; x_wconf 82' lang='grc' dir='ltr'><strong>τοῦ</strong></span> <span class='ocrx_word' id='word_1_537' title='bbox 2680 3588 2981 3643; x_wconf 77' lang='grc' dir='ltr'>ἐπισκόπου</span> <span class='ocrx_word' id='word_1_538' title='bbox 3021 3585 3176 3657; x_wconf 83' lang='grc' dir='ltr'>ἡμῶν</span> <span class='ocrx_word' id='word_1_539' title='bbox 3205 3583 3424 3638; x_wconf 61' lang='grc' dir='ltr'>Εὐίππου</span> <span class='ocrx_word' id='word_1_540' title='bbox 3462 3583 3559 3636; x_wconf 70' lang='grc' dir='ltr'>καὶ</span> <span class='ocrx_word' id='word_1_541' title='bbox 3587 3581 3698 3634; x_wconf 83' lang='grc' dir='ltr'><strong>τῶν</strong></span> 
     </span>
    </p>
   </div>
   <div class='ocr_carea' id='block_1_79' title="bbox 2114 3670 3698 3757">
    <p class='ocr_par' dir='ltr' id='par_1_79' title="bbox 2114 3670 3698 3757">
     <span class='ocr_line' id='line_1_79' title="bbox 2114 3670 3698 3757; baseline -0.009 -17"><span class='ocrx_word' id='word_1_542' title='bbox 2114 3682 2419 3757; x_wconf 88' lang='grc' dir='ltr'>παροικιῶν</span> <span class='ocrx_word' id='word_1_543' title='bbox 2448 3680 2612 3735; x_wconf 81' lang='grc' dir='ltr'>αὐτοῦ</span> <span class='ocrx_word' id='word_1_544' title='bbox 2640 3678 2939 3751; x_wconf 84' lang='grc' dir='ltr'>δεηθῶμεν.</span> <span class='ocrx_word' id='word_1_545' title='bbox 2976 3676 3083 3731; x_wconf 90' lang='lat' dir='ltr'><strong>Pro</strong></span> <span class='ocrx_word' id='word_1_546' title='bbox 3118 3676 3354 3743; x_wconf 85' lang='lat' dir='ltr'><strong>episcopo</strong></span> <span class='ocrx_word' id='word_1_547' title='bbox 3385 3683 3570 3726; x_wconf 89' lang='lat' dir='ltr'><strong>nostro</strong></span> <span class='ocrx_word' id='word_1_548' title='bbox 3594 3670 3698 3726; x_wconf 81' lang='lat' dir='ltr'><strong>Ja-</strong></span> 
     </span>
    </p>
   </div>
   <div class='ocr_carea' id='block_1_80' title="bbox 2114 3764 3697 3844">
    <p class='ocr_par' dir='ltr' id='par_1_80' title="bbox 2114 3764 3697 3844">
     <span class='ocr_line' id='line_1_80' title="bbox 2114 3764 3697 3844; baseline -0.011 -11"><span class='ocrx_word' id='word_1_549' title='bbox 2114 3778 2242 3833; x_wconf 85' lang='lat' dir='ltr'><strong>cobo</strong></span> <span class='ocrx_word' id='word_1_550' title='bbox 2274 3785 2323 3830; x_wconf 91' lang='lat' dir='ltr'><strong>et</strong></span> <span class='ocrx_word' id='word_1_551' title='bbox 2353 3772 2595 3844; x_wconf 77' lang='lat' dir='ltr'><strong>paraeciis</strong></span> <span class='ocrx_word' id='word_1_552' title='bbox 2634 3769 2749 3841; x_wconf 85' lang='lat' dir='ltr'><strong>ejus</strong></span> <span class='ocrx_word' id='word_1_553' title='bbox 2792 3783 3021 3823; x_wconf 85' lang='lat' dir='ltr'><strong>oremus.</strong></span> <span class='ocrx_word' id='word_1_554' title='bbox 3069 3764 3178 3819; x_wconf 88' lang='lat' dir='ltr'><strong>Pro</strong></span> <span class='ocrx_word' id='word_1_555' title='bbox 3226 3764 3465 3832; x_wconf 88' lang='lat' dir='ltr'><strong>episcopo</strong></span> <span class='ocrx_word' id='word_1_556' title='bbox 3510 3771 3697 3815; x_wconf 83' lang='lat' dir='ltr'><strong>nostro</strong></span> 
     </span>
    </p>
   </div>
   <div class='ocr_carea' id='block_1_81' title="bbox 2115 3852 3698 3933">
    <p class='ocr_par' dir='ltr' id='par_1_81' title="bbox 2115 3852 3698 3933">
     <span class='ocr_line' id='line_1_81' title="bbox 2115 3852 3698 3933; baseline -0.013 -9"><span class='ocrx_word' id='word_1_557' title='bbox 2115 3868 2379 3924; x_wconf 86' lang='lat' dir='ltr'><strong>Clemente</strong></span> <span class='ocrx_word' id='word_1_558' title='bbox 2400 3881 2461 3918; x_wconf 89' lang='lat' dir='ltr'><strong>ac</strong></span> <span class='ocrx_word' id='word_1_559' title='bbox 2475 3862 2718 3933; x_wconf 76' lang='lat' dir='ltr'><strong>paraeciis</strong></span> <span class='ocrx_word' id='word_1_560' title='bbox 2739 3858 2851 3929; x_wconf 82' lang='lat' dir='ltr'><strong>ejus</strong></span> <span class='ocrx_word' id='word_1_561' title='bbox 2876 3872 3103 3911; x_wconf 74' lang='lat' dir='ltr'><strong>oremus.</strong></span> <span class='ocrx_word' id='word_1_562' title='bbox 3120 3852 3227 3909; x_wconf 91' lang='lat' dir='ltr'><strong>Pro</strong></span> <span class='ocrx_word' id='word_1_563' title='bbox 3250 3854 3488 3922; x_wconf 86' lang='lat' dir='ltr'><strong>episcopo</strong></span> <span class='ocrx_word' id='word_1_564' title='bbox 3514 3862 3698 3905; x_wconf 87' lang='lat' dir='ltr'><strong>nostra</strong></span> 
     </span>
    </p>
   </div>
   <div class='ocr_carea' id='block_1_82' title="bbox 2119 3942 3699 4025">
    <p class='ocr_par' dir='ltr' id='par_1_82' title="bbox 2119 3942 3699 4025">
     <span class='ocr_line' id='line_1_82' title="bbox 2119 3942 3699 4025; baseline -0.013 -10"><span class='ocrx_word' id='word_1_565' title='bbox 2119 3959 2343 4024; x_wconf 85' lang='lat' dir='ltr'><strong>Evodio,</strong></span> <span class='ocrx_word' id='word_1_566' title='bbox 2388 3966 2435 4010; x_wconf 90' lang='lat' dir='ltr'><strong>et</strong></span> <span class='ocrx_word' id='word_1_567' title='bbox 2468 3952 2708 4025; x_wconf 79' lang='lat' dir='ltr'><strong>parwciis</strong></span> <span class='ocrx_word' id='word_1_568' title='bbox 2744 3950 2857 4019; x_wconf 87' lang='lat' dir='ltr'><strong>ejus</strong></span> <span class='ocrx_word' id='word_1_569' title='bbox 2897 3963 3109 4001; x_wconf 85' lang='lat' dir='ltr'><strong>oremus</strong></span> <span class='ocrx_word' id='word_1_570' title='bbox 3140 3944 3275 4015; x_wconf 70' lang='lat'><strong>(47).</strong></span> <span class='ocrx_word' id='word_1_571' title='bbox 3306 3942 3439 4009; x_wconf 65' lang='lat' dir='ltr'><strong>Quae</strong></span> <span class='ocrx_word' id='word_1_572' title='bbox 3468 3950 3699 4013; x_wconf 68' lang='lat' dir='ltr'><strong>przeter-</strong></span> 
     </span>
    </p>
   </div>
   <div class='ocr_carea' id='block_1_83' title="bbox 2117 4032 3701 4103">
    <p class='ocr_par' dir='ltr' id='par_1_83' title="bbox 2117 4032 3701 4103">
     <span class='ocr_line' id='line_1_83' title="bbox 2117 4032 3701 4103; baseline -0.01 -1"><span class='ocrx_word' id='word_1_573' title='bbox 2117 4046 2311 4103; x_wconf 89' lang='lat' dir='ltr'><strong>missio</strong></span> <span class='ocrx_word' id='word_1_574' title='bbox 2341 4044 2409 4099; x_wconf 90' lang='lat' dir='ltr'><strong>ad</strong></span> <span class='ocrx_word' id='word_1_575' title='bbox 2434 4051 2675 4098; x_wconf 86' lang='lat' dir='ltr'><strong>veterem</strong></span> <span class='ocrx_word' id='word_1_576' title='bbox 2706 4038 3041 4095; x_wconf 87' lang='lat' dir='ltr'><strong>simultatem</strong></span> <span class='ocrx_word' id='word_1_577' title='bbox 3065 4034 3323 4089; x_wconf 69' lang='lat' dir='ltr'><strong>Ecclesia:</strong></span> <span class='ocrx_word' id='word_1_578' title='bbox 3338 4032 3701 4086; x_wconf 78' lang='lat' dir='ltr'><strong>Antiochenze</strong></span> 
     </span>
    </p>
   </div>
   <div class='ocr_carea' id='block_1_84' title="bbox 2118 4123 3698 4195">
    <p class='ocr_par' dir='ltr' id='par_1_84' title="bbox 2118 4123 3698 4195">
     <span class='ocr_line' id='line_1_84' title="bbox 2118 4123 3698 4195; baseline -0.009 -4"><span class='ocrx_word' id='word_1_579' title='bbox 2118 4152 2243 4191; x_wconf 90' lang='lat' dir='ltr'><strong>cum</strong></span> <span class='ocrx_word' id='word_1_580' title='bbox 2284 4132 2649 4189; x_wconf 79' lang='lat' dir='ltr'><strong>Alexandrina</strong></span> <span class='ocrx_word' id='word_1_581' title='bbox 2694 4125 2981 4184; x_wconf 78' lang='lat' dir='ltr'><strong>referenda</strong></span> <span class='ocrx_word' id='word_1_582' title='bbox 3021 4132 3106 4181; x_wconf 92' lang='lat' dir='ltr'><strong>est</strong></span> <span class='ocrx_word' id='word_1_583' title='bbox 3149 4123 3286 4195; x_wconf 73' lang='grc'><strong>(48),</strong></span> <span class='ocrx_word' id='word_1_584' title='bbox 3329 4128 3548 4175; x_wconf 88' lang='lat' dir='ltr'><strong>auctam</strong></span> <span class='ocrx_word' id='word_1_585' title='bbox 3602 4137 3698 4176; x_wconf 90' lang='lat' dir='ltr'><strong>re-</strong></span> 
     </span>
    </p>
   </div>
   <div class='ocr_carea' id='block_1_85' title="bbox 2116 4214 3701 4291">
    <p class='ocr_par' dir='ltr' id='par_1_85' title="bbox 2116 4214 3701 4291">
     <span class='ocr_line' id='line_1_85' title="bbox 2116 4214 3701 4291; baseline -0.011 -7"><span class='ocrx_word' id='word_1_586' title='bbox 2116 4229 2261 4284; x_wconf 90' lang='lat' dir='ltr'><strong>centi</strong></span> <span class='ocrx_word' id='word_1_587' title='bbox 2293 4226 2419 4283; x_wconf 92' lang='lat' dir='ltr'><strong>odio</strong></span> <span class='ocrx_word' id='word_1_588' title='bbox 2448 4226 2713 4280; x_wconf 83' lang='lat' dir='ltr'><strong>adversus</strong></span> <span class='ocrx_word' id='word_1_589' title='bbox 2744 4220 3063 4291; x_wconf 86' lang='lat' dir='ltr'><strong>Dionysium</strong></span> <span class='ocrx_word' id='word_1_590' title='bbox 3098 4216 3168 4271; x_wconf 86' lang='lat' dir='ltr'><strong>M.</strong></span> <span class='ocrx_word' id='word_1_591' title='bbox 3194 4214 3540 4271; x_wconf 71' lang='lat' dir='ltr'><strong>Alexandria:</strong></span> <span class='ocrx_word' id='word_1_592' title='bbox 3581 4214 3701 4284; x_wconf 86' lang='lat' dir='ltr'><strong>epi-</strong></span> 
     </span>
    </p>
   </div>
   <div class='ocr_carea' id='block_1_86' title="bbox 2119 4304 3699 4391">
    <p class='ocr_par' dir='ltr' id='par_1_86' title="bbox 2119 4304 3699 4391">
     <span class='ocr_line' id='line_1_86' title="bbox 2119 4304 3699 4391; baseline -0.015 -13"><span class='ocrx_word' id='word_1_593' title='bbox 2119 4337 2364 4391; x_wconf 89' lang='lat' dir='ltr'><strong>scopum.</strong></span> <span class='ocrx_word' id='word_1_594' title='bbox 2394 4317 2541 4373; x_wconf 87' lang='lat' dir='ltr'><strong>Nihil</strong></span> <span class='ocrx_word' id='word_1_595' title='bbox 2571 4314 2717 4370; x_wconf 90' lang='lat' dir='ltr'><strong>enim</strong></span> <span class='ocrx_word' id='word_1_596' title='bbox 2738 4319 2904 4377; x_wconf 87' lang='lat' dir='ltr'><strong>vetat,</strong></span> <span class='ocrx_word' id='word_1_597' title='bbox 2955 4311 3063 4364; x_wconf 85' lang='lat' dir='ltr'><strong>imo</strong></span> <span class='ocrx_word' id='word_1_598' title='bbox 3106 4308 3265 4377; x_wconf 89' lang='lat' dir='ltr'><strong>plura</strong></span> <span class='ocrx_word' id='word_1_599' title='bbox 3298 4304 3538 4360; x_wconf 87' lang='lat' dir='ltr'><strong>suadent</strong></span> <span class='ocrx_word' id='word_1_600' title='bbox 3567 4318 3699 4357; x_wconf 90' lang='lat' dir='ltr'><strong>cor-</strong></span> 
     </span>
    </p>
   </div>
   <div class='ocr_carea' id='block_1_87' title="bbox 434 4394 3698 4504">
    <p class='ocr_par' dir='ltr' id='par_1_87' title="bbox 434 4394 3698 4504">
     <span class='ocr_line' id='line_1_87' title="bbox 434 4394 3698 4504; baseline -0.006 -32"><span class='ocrx_word' id='word_1_601' title='bbox 434 4394 546 4472; x_wconf 78' lang='lat' dir='ltr'><strong>non</strong></span> <span class='ocrx_word' id='word_1_602' title='bbox 573 4418 739 4472; x_wconf 88' lang='lat' dir='ltr'><strong>alium</strong></span> <span class='ocrx_word' id='word_1_603' title='bbox 770 4415 939 4472; x_wconf 82' lang='lat' dir='ltr'><strong>fuisse</strong></span> <span class='ocrx_word' id='word_1_604' title='bbox 972 4417 1040 4471; x_wconf 86' lang='lat' dir='ltr'><strong>ab</strong></span> <span class='ocrx_word' id='word_1_605' title='bbox 1070 4416 1362 4487; x_wconf 80' lang='lat' dir='ltr'><strong>Hippolyto</strong></span> <span class='ocrx_word' id='word_1_606' title='bbox 1393 4394 1793 4472; x_wconf 83' lang='lat' dir='ltr'><strong>indicavimus:</strong></span> <span class='ocrx_word' id='word_1_607' title='bbox 1822 4415 2013 4469; x_wconf 81' lang='lat' dir='ltr'><strong>Evenit</strong></span> <span class='ocrx_word' id='word_1_608' title='bbox 2052 4450 2094 4504; x_wconf 66' lang='grc' dir='ltr'>υ</span> <span class='ocrx_word' id='word_1_609' title='bbox 2119 4423 2398 4484; x_wconf 89' lang='lat' dir='ltr'><strong>ruptorem</strong></span> <span class='ocrx_word' id='word_1_610' title='bbox 2427 4406 2879 4464; x_wconf 81' lang='lat' dir='ltr'><strong>Constitutionum</strong></span> <span class='ocrx_word' id='word_1_611' title='bbox 2919 4402 3090 4456; x_wconf 83' lang='lat' dir='ltr'><strong>fuisse</strong></span> <span class='ocrx_word' id='word_1_612' title='bbox 3112 4398 3340 4452; x_wconf 85' lang='lat' dir='ltr'><strong>Paulum</strong></span> <span class='ocrx_word' id='word_1_613' title='bbox 3381 4394 3698 4451; x_wconf 73' lang='lat' dir='ltr'><strong>Samosata-</strong></span> 
     </span>
    </p>
   </div>
   <div class='ocr_carea' id='block_1_88' title="bbox 436 4508 2013 4583">
    <p class='ocr_par' dir='ltr' id='par_1_88' title="bbox 436 4508 2013 4583">
     <span class='ocr_line' id='line_1_88' title="bbox 436 4508 2013 4583; baseline -0.003 -17"><span class='ocrx_word' id='word_1_614' title='bbox 436 4515 613 4583; x_wconf 83' lang='lat' dir='ltr'><strong>itaque</strong></span> <span class='ocrx_word' id='word_1_615' title='bbox 645 4528 808 4582; x_wconf 84' lang='lat' dir='ltr'><strong>neque</strong></span> <span class='ocrx_word' id='word_1_616' title='bbox 838 4510 1128 4580; x_wconf 86' lang='lat' dir='ltr'><strong>Scripturis</strong></span> <span class='ocrx_word' id='word_1_617' title='bbox 1157 4510 1299 4580; x_wconf 87' lang='lat' dir='ltr'><strong>jam,</strong></span> <span class='ocrx_word' id='word_1_618' title='bbox 1346 4525 1509 4580; x_wconf 88' lang='lat' dir='ltr'><strong>neque</strong></span> <span class='ocrx_word' id='word_1_619' title='bbox 1559 4508 1837 4562; x_wconf 86' lang='lat' dir='ltr'><strong>traditioni</strong></span> <span class='ocrx_word' id='word_1_620' title='bbox 1884 4525 2013 4561; x_wconf 89' lang='lat' dir='ltr'><strong>con-</strong></span> 
     </span>
    </p>
   </div>
   <div class='ocr_carea' id='block_1_89' title="bbox 436 4600 2017 4664">
    <p class='ocr_par' dir='ltr' id='par_1_89' title="bbox 436 4600 2017 4664">
     <span class='ocr_line' id='line_1_89' title="bbox 436 4600 2017 4664; baseline -0.004 -5"><span class='ocrx_word' id='word_1_621' title='bbox 436 4607 631 4659; x_wconf 84' lang='lat' dir='ltr'><strong>sentire</strong></span> <span class='ocrx_word' id='word_1_622' title='bbox 660 4621 769 4658; x_wconf 90' lang='lat' dir='ltr'><strong>eos.</strong></span> <span class='ocrx_word' id='word_1_623' title='bbox 797 4603 1061 4658; x_wconf 83' lang='lat' dir='ltr'><strong>Adversus</strong></span> <span class='ocrx_word' id='word_1_624' title='bbox 1095 4601 1225 4655; x_wconf 86' lang='lat' dir='ltr'><strong>tales</strong></span> <span class='ocrx_word' id='word_1_625' title='bbox 1265 4611 1529 4655; x_wconf 87' lang='lat' dir='ltr'><strong>certamen</strong></span> <span class='ocrx_word' id='word_1_626' title='bbox 1558 4600 1707 4654; x_wconf 77' lang='lat' dir='ltr'><strong>nobis</strong></span> <span class='ocrx_word' id='word_1_627' title='bbox 1733 4610 1832 4664; x_wconf 88' lang='lat' dir='ltr'><strong>est,</strong></span> <span class='ocrx_word' id='word_1_628' title='bbox 1874 4618 1902 4655; x_wconf 94' lang='grc' dir='ltr'><strong>ο</strong></span> <span class='ocrx_word' id='word_1_629' title='bbox 1933 4600 2017 4653; x_wconf 88' lang='lat' dir='ltr'><strong>di-</strong></span> 
     </span>
    </p>
   </div>
   <div class='ocr_carea' id='block_1_90' title="bbox 438 4688 2017 4763">
    <p class='ocr_par' dir='ltr' id='par_1_90' title="bbox 438 4688 2017 4763">
     <span class='ocr_line' id='line_1_90' title="bbox 438 4688 2017 4763; baseline -0.004 -15"><span class='ocrx_word' id='word_1_630' title='bbox 438 4696 737 4749; x_wconf 87' lang='lat' dir='ltr'><strong>lectissime.</strong></span> <span class='ocrx_word' id='word_1_631' title='bbox 756 4694 945 4749; x_wconf 68' lang='lat' dir='ltr'><strong>lrenaai</strong></span> <span class='ocrx_word' id='word_1_632' title='bbox 965 4708 1094 4763; x_wconf 88' lang='lat' dir='ltr'><strong>ergo</strong></span> <span class='ocrx_word' id='word_1_633' title='bbox 1124 4700 1369 4762; x_wconf 86' lang='lat' dir='ltr'><strong>tempore</strong></span> <span class='ocrx_word' id='word_1_634' title='bbox 1400 4696 1522 4761; x_wconf 91' lang='lat' dir='ltr'><strong>post</strong></span> <span class='ocrx_word' id='word_1_635' title='bbox 1552 4688 1867 4761; x_wconf 86' lang='lat' dir='ltr'><strong>Scripturas</strong></span> <span class='ocrx_word' id='word_1_636' title='bbox 1900 4697 2017 4745; x_wconf 88' lang='lat' dir='ltr'><strong>erat</strong></span> 
     </span>
    </p>
   </div>
   <div class='ocr_carea' id='block_1_91' title="bbox 437 4778 2019 4851">
    <p class='ocr_par' dir='ltr' id='par_1_91' title="bbox 437 4778 2019 4851">
     <span class='ocr_line' id='line_1_91' title="bbox 437 4778 2019 4851; baseline -0.006 -9"><span class='ocrx_word' id='word_1_637' title='bbox 437 4788 497 4842; x_wconf 90' lang='lat' dir='ltr'><strong>in</strong></span> <span class='ocrx_word' id='word_1_638' title='bbox 533 4786 781 4841; x_wconf 89' lang='lat' dir='ltr'><strong>Ecclesia</strong></span> <span class='ocrx_word' id='word_1_639' title='bbox 828 4791 978 4839; x_wconf 87' lang='lat' dir='ltr'><strong>certa</strong></span> <span class='ocrx_word' id='word_1_640' title='bbox 1022 4780 1269 4851; x_wconf 77' lang='lat' dir='ltr'><strong>quaedam</strong></span> <span class='ocrx_word' id='word_1_641' title='bbox 1312 4780 1561 4843; x_wconf 86' lang='lat' dir='ltr'><strong>traditio,</strong></span> <span class='ocrx_word' id='word_1_642' title='bbox 1601 4778 1668 4833; x_wconf 94' lang='lat' dir='ltr'><strong>de</strong></span> <span class='ocrx_word' id='word_1_643' title='bbox 1712 4793 1820 4847; x_wconf 90' lang='lat' dir='ltr'><strong>qua</strong></span> <span class='ocrx_word' id='word_1_644' title='bbox 1856 4792 2019 4832; x_wconf 91' lang='lat' dir='ltr'><strong>nemo</strong></span> 
     </span>
    </p>
   </div>
   <div class='ocr_carea' id='block_1_92' title="bbox 439 4870 2017 4934">
    <p class='ocr_par' dir='ltr' id='par_1_92' title="bbox 439 4870 2017 4934">
     <span class='ocr_line' id='line_1_92' title="bbox 439 4870 2017 4934; baseline -0.008 -1"><span class='ocrx_word' id='word_1_645' title='bbox 439 4879 546 4934; x_wconf 87' lang='lat' dir='ltr'><strong>nisi</strong></span> <span class='ocrx_word' id='word_1_646' title='bbox 573 4878 863 4933; x_wconf 77' lang='lat' dir='ltr'><strong>haereticus</strong></span> <span class='ocrx_word' id='word_1_647' title='bbox 887 4876 1178 4931; x_wconf 87' lang='lat' dir='ltr'><strong>dubitaret.</strong></span> <span class='ocrx_word' id='word_1_648' title='bbox 1214 4872 1367 4928; x_wconf 78' lang='lat' dir='ltr'><strong>lianc</strong></span> <span class='ocrx_word' id='word_1_649' title='bbox 1397 4871 1643 4927; x_wconf 90' lang='lat' dir='ltr'><strong>eamdem</strong></span> <span class='ocrx_word' id='word_1_650' title='bbox 1666 4870 2017 4924; x_wconf 78' lang='lat' dir='ltr'><strong>traditionem</strong></span> 
     </span>
    </p>
   </div>
   <div class='ocr_carea' id='block_1_93' title="bbox 439 4958 2017 5025">
    <p class='ocr_par' dir='ltr' id='par_1_93' title="bbox 439 4958 2017 5025">
     <span class='ocr_line' id='line_1_93' title="bbox 439 4958 2017 5025; baseline -0.008 -1"><span class='ocrx_word' id='word_1_651' title='bbox 439 4969 726 5025; x_wconf 88' lang='lat' dir='ltr'><strong>collectam</strong></span> <span class='ocrx_word' id='word_1_652' title='bbox 754 4983 878 5023; x_wconf 90' lang='lat' dir='ltr'><strong>esse</strong></span> <span class='ocrx_word' id='word_1_653' title='bbox 923 4982 955 5021; x_wconf 88' lang='lat' dir='ltr'><strong>a</strong></span> <span class='ocrx_word' id='word_1_654' title='bbox 988 4964 1266 5022; x_wconf 90' lang='lat' dir='ltr'><strong>Clemente</strong></span> <span class='ocrx_word' id='word_1_655' title='bbox 1315 4963 1453 5017; x_wconf 88' lang='lat' dir='ltr'><strong>satis</strong></span> <span class='ocrx_word' id='word_1_656' title='bbox 1499 4960 1707 5016; x_wconf 90' lang='lat' dir='ltr'><strong>indicat</strong></span> <span class='ocrx_word' id='word_1_657' title='bbox 1759 4958 2017 5022; x_wconf 66' lang='lat' dir='ltr'><strong>lrenmus,</strong></span> 
     </span>
    </p>
   </div>
   <div class='ocr_carea' id='block_1_94' title="bbox 440 5050 2021 5131">
    <p class='ocr_par' dir='ltr' id='par_1_94' title="bbox 440 5050 2021 5131">
     <span class='ocr_line' id='line_1_94' title="bbox 440 5050 2021 5131; baseline -0.008 -16"><span class='ocrx_word' id='word_1_658' title='bbox 440 5075 607 5131; x_wconf 90' lang='lat' dir='ltr'><strong>quam</strong></span> <span class='ocrx_word' id='word_1_659' title='bbox 639 5058 696 5113; x_wconf 90' lang='lat' dir='ltr'><strong>in</strong></span> <span class='ocrx_word' id='word_1_660' title='bbox 724 5056 961 5113; x_wconf 82' lang='lat' dir='ltr'><strong>Archivo</strong></span> <span class='ocrx_word' id='word_1_661' title='bbox 991 5053 1252 5110; x_wconf 61' lang='lat' dir='ltr'><strong>Ecclesiae</strong></span> <span class='ocrx_word' id='word_1_662' title='bbox 1281 5050 1542 5107; x_wconf 77' lang='lat' dir='ltr'><strong>Romanae</strong></span> <span class='ocrx_word' id='word_1_663' title='bbox 1571 5050 1896 5121; x_wconf 89' lang='lat' dir='ltr'><strong>depositam,</strong></span> <span class='ocrx_word' id='word_1_664' title='bbox 1927 5057 2021 5104; x_wconf 91' lang='lat' dir='ltr'><strong>aut</strong></span> 
     </span>
    </p>
   </div>
   <div class='ocr_carea' id='block_1_95' title="bbox 441 5142 2018 5217">
    <p class='ocr_par' dir='ltr' id='par_1_95' title="bbox 441 5142 2018 5217">
     <span class='ocr_line' id='line_1_95' title="bbox 441 5142 2018 5217; baseline -0.01 -8"><span class='ocrx_word' id='word_1_665' title='bbox 441 5162 591 5210; x_wconf 91' lang='lat' dir='ltr'><strong>certe</strong></span> <span class='ocrx_word' id='word_1_666' title='bbox 626 5150 828 5206; x_wconf 88' lang='lat' dir='ltr'><strong>alicubi</strong></span> <span class='ocrx_word' id='word_1_667' title='bbox 859 5155 1132 5205; x_wconf 87' lang='lat' dir='ltr'><strong>servatam</strong></span> <span class='ocrx_word' id='word_1_668' title='bbox 1163 5146 1406 5217; x_wconf 87' lang='lat' dir='ltr'><strong>vulgavit</strong></span> <span class='ocrx_word' id='word_1_669' title='bbox 1435 5143 1785 5215; x_wconf 81' lang='lat' dir='ltr'><strong>Hippolytus.</strong></span> <span class='ocrx_word' id='word_1_670' title='bbox 1813 5142 2018 5209; x_wconf 84' lang='lat' dir='ltr'><strong>Quam-</strong></span> 
     </span>
    </p>
   </div>
   <div class='ocr_carea' id='block_1_96' title="bbox 442 5233 2019 5308">
    <p class='ocr_par' dir='ltr' id='par_1_96' title="bbox 442 5233 2019 5308">
     <span class='ocr_line' id='line_1_96' title="bbox 442 5233 2019 5308; baseline -0.01 -7"><span class='ocrx_word' id='word_1_671' title='bbox 442 5247 525 5302; x_wconf 90' lang='lat' dir='ltr'><strong>vis</strong></span> <span class='ocrx_word' id='word_1_672' title='bbox 571 5244 718 5299; x_wconf 89' lang='lat' dir='ltr'><strong>enim</strong></span> <span class='ocrx_word' id='word_1_673' title='bbox 766 5257 877 5297; x_wconf 90' lang='lat' dir='ltr'><strong>non</strong></span> <span class='ocrx_word' id='word_1_674' title='bbox 926 5240 979 5295; x_wconf 92' lang='lat' dir='ltr'><strong>id</strong></span> <span class='ocrx_word' id='word_1_675' title='bbox 1030 5239 1195 5295; x_wconf 90' lang='lat' dir='ltr'><strong>modo</strong></span> <span class='ocrx_word' id='word_1_676' title='bbox 1233 5251 1456 5308; x_wconf 88' lang='lat' dir='ltr'><strong>agamus</strong></span> <span class='ocrx_word' id='word_1_677' title='bbox 1507 5244 1565 5290; x_wconf 93' lang='lat' dir='ltr'><strong>ut</strong></span> <span class='ocrx_word' id='word_1_678' title='bbox 1606 5233 2019 5290; x_wconf 79' lang='lat' dir='ltr'><strong>Constitutiones</strong></span> 
     </span>
    </p>
   </div>
   <div class='ocr_carea' id='block_1_97' title="bbox 515 5442 1115 5518">
    <p class='ocr_par' dir='ltr' id='par_1_97' title="bbox 515 5442 1115 5518">
     <span class='ocr_line' id='line_1_97' title="bbox 515 5442 1115 5518; baseline -0.005 -18"><span class='ocrx_word' id='word_1_679' title='bbox 515 5447 629 5518; x_wconf 66' lang='lat' dir='ltr'><strong>(i2)</strong></span> <span class='ocrx_word' id='word_1_680' title='bbox 668 5445 903 5518; x_wconf 58' lang='lat' dir='ltr'><strong>_C_on_stitL</strong></span> <span class='ocrx_word' id='word_1_681' title='bbox 922 5459 1021 5518; x_wconf 69' lang='lat' dir='ltr'><strong>vit,</strong></span> <span class='ocrx_word' id='word_1_682' title='bbox 1046 5442 1115 5498; x_wconf 74' lang='grc'><strong>46</strong></span> 
     </span>
    </p>
   </div>
   <div class='ocr_carea' id='block_1_98' title="bbox 516 5508 1588 5584">
    <p class='ocr_par' dir='ltr' id='par_1_98' title="bbox 516 5508 1588 5584">
     <span class='ocr_line' id='line_1_98' title="bbox 516 5508 1588 5584; baseline -0.007 -12"><span class='ocrx_word' id='word_1_683' title='bbox 516 5508 628 5584; x_wconf 69' lang='grc'><strong>(45)</strong></span> <span class='ocrx_word' id='word_1_684' title='bbox 668 5515 734 5571; x_wconf 79' lang='grc' dir='ltr'>ν.</span> <span class='ocrx_word' id='word_1_685' title='bbox 768 5516 842 5571; x_wconf 86' lang='lat' dir='ltr'><strong>Le</strong></span> <span class='ocrx_word' id='word_1_686' title='bbox 870 5514 1068 5584; x_wconf 78' lang='lat' dir='ltr'><strong>Quien,</strong></span> <span class='ocrx_word' id='word_1_687' title='bbox 1106 5511 1377 5584; x_wconf 22' lang='lat' dir='ltr'><strong>0r.‘CItr.,</strong></span> <span class='ocrx_word' id='word_1_688' title='bbox 1409 5508 1450 5573; x_wconf 92' lang='lat' dir='ltr'><strong>l,</strong></span> <span class='ocrx_word' id='word_1_689' title='bbox 1486 5510 1588 5565; x_wconf 67' lang='lat'><strong>740</strong></span> 
     </span>
    </p>
   </div>
   <div class='ocr_carea' id='block_1_99' title="bbox 516 5582 1270 5657">
    <p class='ocr_par' dir='ltr' id='par_1_99' title="bbox 516 5582 1270 5657">
     <span class='ocr_line' id='line_1_99' title="bbox 516 5582 1270 5657; baseline -0.003 -18"><span class='ocrx_word' id='word_1_690' title='bbox 516 5582 630 5657; x_wconf 68' lang='grc'><strong>(44)</strong></span> <span class='ocrx_word' id='word_1_691' title='bbox 673 5586 730 5657; x_wconf 80' lang='lat' dir='ltr'><strong>S.</strong></span> <span class='ocrx_word' id='word_1_692' title='bbox 761 5585 931 5652; x_wconf 88' lang='lat' dir='ltr'><strong>lren.,</strong></span> <span class='ocrx_word' id='word_1_693' title='bbox 959 5583 1046 5646; x_wconf 90' lang='grc'><strong>111,</strong></span> <span class='ocrx_word' id='word_1_694' title='bbox 1074 5585 1107 5639; x_wconf 80' lang='lat'>3</span> <span class='ocrx_word' id='word_1_695' title='bbox 1134 5582 1270 5657; x_wconf 54' lang='grc' dir='ltr'><strong>(ξι-5.</strong></span> 
     </span>
    </p>
   </div>
   <div class='ocr_carea' id='block_1_100' title="bbox 519 5647 2019 5725">
    <p class='ocr_par' dir='ltr' id='par_1_100' title="bbox 519 5647 2019 5725">
     <span class='ocr_line' id='line_1_100' title="bbox 519 5647 2019 5725; baseline -0.008 -14"><span class='ocrx_word' id='word_1_696' title='bbox 519 5647 630 5725; x_wconf 72' lang='grc'><strong>(45)</strong></span> <span class='ocrx_word' id='word_1_697' title='bbox 670 5656 896 5711; x_wconf 87' lang='lat' dir='ltr'><strong>Constit.</strong></span> <span class='ocrx_word' id='word_1_698' title='bbox 919 5647 1014 5724; x_wconf 75' lang='grc' dir='ltr'>ἀρ.</span> <span class='ocrx_word' id='word_1_699' title='bbox 1048 5671 1107 5721; x_wconf 89' lang='grc' dir='ltr'><strong>ιι,</strong></span> <span class='ocrx_word' id='word_1_700' title='bbox 1141 5654 1231 5718; x_wconf 81' lang='grc'><strong>57,</strong></span> <span class='ocrx_word' id='word_1_701' title='bbox 1263 5652 1353 5717; x_wconf 73' lang='grc'>48,</span> <span class='ocrx_word' id='word_1_702' title='bbox 1387 5660 1439 5707; x_wconf 90' lang='lat' dir='ltr'><strong>et</strong></span> <span class='ocrx_word' id='word_1_703' title='bbox 1470 5667 1593 5716; x_wconf 88' lang='lat' dir='ltr'><strong>vm,</strong></span> <span class='ocrx_word' id='word_1_704' title='bbox 1621 5652 1671 5706; x_wconf 82' lang='grc'><strong>5.</strong></span> <span class='ocrx_word' id='word_1_705' title='bbox 1710 5649 1774 5706; x_wconf 71' lang='grc' dir='ltr'>ν.</span> <span class='ocrx_word' id='word_1_706' title='bbox 1805 5647 2019 5704; x_wconf 86' lang='lat' dir='ltr'><strong>Tertul-</strong></span> 
     </span>
    </p>
   </div>
   <div class='ocr_carea' id='block_1_101' title="bbox 448 5727 1024 5792">
    <p class='ocr_par' dir='ltr' id='par_1_101' title="bbox 448 5727 1024 5792">
     <span class='ocr_line' id='line_1_101' title="bbox 448 5727 1024 5792; baseline -0.003 -10"><span class='ocrx_word' id='word_1_707' title='bbox 448 5728 580 5782; x_wconf 86' lang='lat' dir='ltr'><strong>lian.</strong></span> <span class='ocrx_word' id='word_1_708' title='bbox 615 5727 688 5781; x_wconf 89' lang='lat' dir='ltr'><strong>De</strong></span> <span class='ocrx_word' id='word_1_709' title='bbox 713 5744 781 5780; x_wconf 87' lang='lat' dir='ltr'><strong>an</strong></span> <span class='ocrx_word' id='word_1_710' title='bbox 815 5767 826 5792; x_wconf 88' lang='lat'><strong>,</strong></span> <span class='ocrx_word' id='word_1_711' title='bbox 858 5743 934 5790; x_wconf 81' lang='lat' dir='ltr'><strong>lx,</strong></span> <span class='ocrx_word' id='word_1_712' title='bbox 972 5729 1024 5781; x_wconf 81' lang='lat'><strong>9.</strong></span> 
     </span>
    </p>
   </div>
   <div class='ocr_carea' id='block_1_102' title="bbox 2119 4488 3700 4569">
    <p class='ocr_par' dir='ltr' id='par_1_102' title="bbox 2119 4488 3700 4569">
     <span class='ocr_line' id='line_1_102' title="bbox 2119 4488 3700 4569; baseline -0.013 -10"><span class='ocrx_word' id='word_1_713' title='bbox 2119 4519 2276 4569; x_wconf 87' lang='lat' dir='ltr'><strong>num,</strong></span> <span class='ocrx_word' id='word_1_714' title='bbox 2313 4502 2443 4555; x_wconf 89' lang='lat' dir='ltr'><strong>dum</strong></span> <span class='ocrx_word' id='word_1_715' title='bbox 2488 4498 2592 4555; x_wconf 89' lang='lat' dir='ltr'><strong>sibi</strong></span> <span class='ocrx_word' id='word_1_716' title='bbox 2621 4495 2934 4567; x_wconf 64' lang='lat' dir='ltr'><strong>praesidium</strong></span> <span class='ocrx_word' id='word_1_717' title='bbox 2966 4508 3031 4547; x_wconf 82' lang='lat' dir='ltr'><strong>ex</strong></span> <span class='ocrx_word' id='word_1_718' title='bbox 3064 4505 3130 4545; x_wconf 91' lang='lat' dir='ltr'><strong>eo</strong></span> <span class='ocrx_word' id='word_1_719' title='bbox 3164 4488 3355 4543; x_wconf 87' lang='lat' dir='ltr'><strong>codice</strong></span> <span class='ocrx_word' id='word_1_720' title='bbox 3403 4502 3515 4541; x_wconf 91' lang='lat' dir='ltr'><strong>non</strong></span> <span class='ocrx_word' id='word_1_721' title='bbox 3563 4501 3700 4541; x_wconf 91' lang='lat' dir='ltr'><strong>con-</strong></span> 
     </span>
    </p>
   </div>
   <div class='ocr_carea' id='block_1_103' title="bbox 2119 4580 3702 4657">
    <p class='ocr_par' dir='ltr' id='par_1_103' title="bbox 2119 4580 3702 4657">
     <span class='ocr_line' id='line_1_103' title="bbox 2119 4580 3702 4657; baseline -0.01 -8"><span class='ocrx_word' id='word_1_722' title='bbox 2119 4594 2422 4651; x_wconf 76' lang='lat' dir='ltr'><strong>temnendae</strong></span> <span class='ocrx_word' id='word_1_723' title='bbox 2455 4588 2800 4645; x_wconf 86' lang='lat' dir='ltr'><strong>auctoritatis</strong></span> <span class='ocrx_word' id='word_1_724' title='bbox 2839 4585 3210 4657; x_wconf 89' lang='lat' dir='ltr'><strong>polliceretur.</strong></span> <span class='ocrx_word' id='word_1_725' title='bbox 3255 4580 3393 4634; x_wconf 90' lang='lat' dir='ltr'><strong>llinc</strong></span> <span class='ocrx_word' id='word_1_726' title='bbox 3443 4580 3533 4633; x_wconf 87' lang='lat' dir='ltr'><strong>illa</strong></span> <span class='ocrx_word' id='word_1_727' title='bbox 3573 4594 3702 4649; x_wconf 69' lang='lat' dir='ltr'><strong>qua:</strong></span> 
     </span>
    </p>
   </div>
   <div class='ocr_carea' id='block_1_104' title="bbox 2119 4671 3806 4752">
    <p class='ocr_par' dir='ltr' id='par_1_104' title="bbox 2119 4671 3806 4752">
     <span class='ocr_line' id='line_1_104' title="bbox 2119 4671 3806 4752; baseline -0.007 -12"><span class='ocrx_word' id='word_1_728' title='bbox 2119 4687 2488 4741; x_wconf 87' lang='lat' dir='ltr'><strong>Arianismum</strong></span> <span class='ocrx_word' id='word_1_729' title='bbox 2528 4681 2769 4752; x_wconf 89' lang='lat' dir='ltr'><strong>sapiunt,</strong></span> <span class='ocrx_word' id='word_1_730' title='bbox 2812 4692 2973 4733; x_wconf 91' lang='lat' dir='ltr'><strong>nemo</strong></span> <span class='ocrx_word' id='word_1_731' title='bbox 3020 4675 3207 4744; x_wconf 89' lang='lat' dir='ltr'><strong>utique</strong></span> <span class='ocrx_word' id='word_1_732' title='bbox 3249 4672 3317 4727; x_wconf 90' lang='lat' dir='ltr'><strong>ad</strong></span> <span class='ocrx_word' id='word_1_733' title='bbox 3360 4671 3702 4726; x_wconf 83' lang='lat' dir='ltr'><strong>Clementem</strong></span> <span class='ocrx_word' id='word_1_734' title='bbox 3802 4725 3806 4728; x_wconf 13' lang='grc' dir='ltr'>ι</span> 
     </span>
    </p>
   </div>
   <div class='ocr_carea' id='block_1_105' title="bbox 2119 4763 3704 4848">
    <p class='ocr_par' dir='ltr' id='par_1_105' title="bbox 2119 4763 3704 4848">
     <span class='ocr_line' id='line_1_105' title="bbox 2119 4763 3704 4848; baseline -0.012 -14"><span class='ocrx_word' id='word_1_735' title='bbox 2119 4790 2174 4835; x_wconf 91' lang='lat' dir='ltr'><strong>et</strong></span> <span class='ocrx_word' id='word_1_736' title='bbox 2195 4778 2568 4848; x_wconf 81' lang='lat' dir='ltr'><strong>Hippolytum,</strong></span> <span class='ocrx_word' id='word_1_737' title='bbox 2602 4785 2848 4828; x_wconf 88' lang='lat' dir='ltr'><strong>summos</strong></span> <span class='ocrx_word' id='word_1_738' title='bbox 2880 4766 3186 4823; x_wconf 66' lang='lat' dir='ltr'><strong>divinitatis</strong></span> <span class='ocrx_word' id='word_1_739' title='bbox 3220 4763 3425 4820; x_wconf 89' lang='lat' dir='ltr'><strong>Christi</strong></span> <span class='ocrx_word' id='word_1_740' title='bbox 3457 4769 3704 4817; x_wconf 87' lang='lat' dir='ltr'><strong>asserto-</strong></span> 
     </span>
    </p>
   </div>
   <div class='ocr_carea' id='block_1_106' title="bbox 2120 4853 3707 4941">
    <p class='ocr_par' dir='ltr' id='par_1_106' title="bbox 2120 4853 3707 4941">
     <span class='ocr_line' id='line_1_106' title="bbox 2120 4853 3707 4941; baseline -0.014 -13"><span class='ocrx_word' id='word_1_741' title='bbox 2120 4887 2233 4936; x_wconf 90' lang='lat' dir='ltr'><strong>res,</strong></span> <span class='ocrx_word' id='word_1_742' title='bbox 2271 4870 2545 4941; x_wconf 89' lang='lat' dir='ltr'><strong>pertinere</strong></span> <span class='ocrx_word' id='word_1_743' title='bbox 2590 4862 2966 4918; x_wconf 87' lang='lat' dir='ltr'><strong>arbitrabitur.</strong></span> <span class='ocrx_word' id='word_1_744' title='bbox 3016 4857 3201 4912; x_wconf 89' lang='lat' dir='ltr'><strong>Facile</strong></span> <span class='ocrx_word' id='word_1_745' title='bbox 3240 4862 3421 4909; x_wconf 88' lang='lat' dir='ltr'><strong>autem</strong></span> <span class='ocrx_word' id='word_1_746' title='bbox 3448 4853 3707 4907; x_wconf 79' lang='lat' dir='ltr'><strong>Samosa-</strong></span> 
     </span>
    </p>
   </div>
   <div class='ocr_carea' id='block_1_107' title="bbox 2122 4943 3703 5027">
    <p class='ocr_par' dir='ltr' id='par_1_107' title="bbox 2122 4943 3703 5027">
     <span class='ocr_line' id='line_1_107' title="bbox 2122 4943 3703 5027; baseline -0.012 -11"><span class='ocrx_word' id='word_1_747' title='bbox 2122 4969 2249 5016; x_wconf 87' lang='lat' dir='ltr'><strong>teno</strong></span> <span class='ocrx_word' id='word_1_748' title='bbox 2297 4960 2488 5027; x_wconf 87' lang='lat' dir='ltr'><strong>ejusve</strong></span> <span class='ocrx_word' id='word_1_749' title='bbox 2541 4954 2768 5009; x_wconf 87' lang='lat' dir='ltr'><strong>asseclis</strong></span> <span class='ocrx_word' id='word_1_750' title='bbox 2817 4949 2986 5003; x_wconf 87' lang='lat' dir='ltr'><strong>tribui</strong></span> <span class='ocrx_word' id='word_1_751' title='bbox 3035 4952 3305 5019; x_wconf 88' lang='lat' dir='ltr'><strong>possunt;</strong></span> <span class='ocrx_word' id='word_1_752' title='bbox 3359 4943 3489 4997; x_wconf 91' lang='lat' dir='ltr'><strong>dum</strong></span> <span class='ocrx_word' id='word_1_753' title='bbox 3540 4943 3703 5012; x_wconf 82' lang='lat' dir='ltr'><strong>plura</strong></span> 
     </span>
    </p>
   </div>
   <div class='ocr_carea' id='block_1_108' title="bbox 2121 5034 3705 5109">
    <p class='ocr_par' dir='ltr' id='par_1_108' title="bbox 2121 5034 3705 5109">
     <span class='ocr_line' id='line_1_108' title="bbox 2121 5034 3705 5109; baseline -0.013 0"><span class='ocrx_word' id='word_1_754' title='bbox 2121 5054 2375 5109; x_wconf 87' lang='lat' dir='ltr'><strong>inserunt</strong></span> <span class='ocrx_word' id='word_1_755' title='bbox 2435 5062 2464 5102; x_wconf 88' lang='lat' dir='ltr'><strong>a</strong></span> <span class='ocrx_word' id='word_1_756' title='bbox 2516 5042 2997 5101; x_wconf 87' lang='lat' dir='ltr'><strong>Constitutionibus</strong></span> <span class='ocrx_word' id='word_1_757' title='bbox 3058 5039 3266 5102; x_wconf 85' lang='lat' dir='ltr'><strong>aliena,</strong></span> <span class='ocrx_word' id='word_1_758' title='bbox 3320 5043 3375 5090; x_wconf 91' lang='lat' dir='ltr'><strong>et</strong></span> <span class='ocrx_word' id='word_1_759' title='bbox 3424 5034 3705 5089; x_wconf 85' lang='lat' dir='ltr'><strong>catholico</strong></span> 
     </span>
    </p>
   </div>
   <div class='ocr_carea' id='block_1_109' title="bbox 2121 5125 3705 5215">
    <p class='ocr_par' dir='ltr' id='par_1_109' title="bbox 2121 5125 3705 5215">
     <span class='ocr_line' id='line_1_109' title="bbox 2121 5125 3705 5215; baseline -0.014 -15"><span class='ocrx_word' id='word_1_760' title='bbox 2121 5144 2360 5215; x_wconf 88' lang='lat' dir='ltr'><strong>dogmati</strong></span> <span class='ocrx_word' id='word_1_761' title='bbox 2400 5154 2629 5212; x_wconf 88' lang='lat' dir='ltr'><strong>prorsus</strong></span> <span class='ocrx_word' id='word_1_762' title='bbox 2672 5135 2929 5195; x_wconf 88' lang='lat' dir='ltr'><strong>inimica;</strong></span> <span class='ocrx_word' id='word_1_763' title='bbox 2960 5131 3027 5186; x_wconf 93' lang='lat' dir='ltr'><strong>de</strong></span> <span class='ocrx_word' id='word_1_764' title='bbox 3055 5129 3257 5200; x_wconf 90' lang='lat' dir='ltr'><strong>quibus</strong></span> <span class='ocrx_word' id='word_1_765' title='bbox 3280 5125 3511 5181; x_wconf 86' lang='lat' dir='ltr'><strong>Photius</strong></span> <span class='ocrx_word' id='word_1_766' title='bbox 3539 5145 3554 5180; x_wconf 88' lang='lat'><strong>:</strong></span> <span class='ocrx_word' id='word_1_767' title='bbox 3588 5127 3705 5179; x_wconf 68' lang='grc' dir='ltr'><strong>Καὶ</strong></span> 
     </span>
    </p>
   </div>
   <div class='ocr_carea' id='block_1_110' title="bbox 2122 5215 3706 5303">
    <p class='ocr_par' dir='ltr' id='par_1_110' title="bbox 2122 5215 3706 5303">
     <span class='ocr_line' id='line_1_110' title="bbox 2122 5215 3706 5303; baseline -0.013 -15"><span class='ocrx_word' id='word_1_768' title='bbox 2122 5234 2200 5287; x_wconf 78' lang='grc' dir='ltr'>ἔτι</span> <span class='ocrx_word' id='word_1_769' title='bbox 2265 5228 2616 5303; x_wconf 82' lang='grc' dir='ltr'>Ἀριανισμῷ,</span> <span class='ocrx_word' id='word_1_770' title='bbox 2640 5227 2775 5299; x_wconf 84' lang='grc' dir='ltr'>ὅπερ</span> <span class='ocrx_word' id='word_1_771' title='bbox 2813 5224 2879 5279; x_wconf 76' lang='grc' dir='ltr'>ἄν</span> <span class='ocrx_word' id='word_1_772' title='bbox 2933 5238 3016 5284; x_wconf 86' lang='grc' dir='ltr'><strong>τις</strong></span> <span class='ocrx_word' id='word_1_773' title='bbox 3062 5219 3156 5273; x_wconf 79' lang='grc' dir='ltr'>καὶ</span> <span class='ocrx_word' id='word_1_774' title='bbox 3208 5217 3397 5288; x_wconf 73' lang='grc' dir='ltr'>βιαίως</span> <span class='ocrx_word' id='word_1_775' title='bbox 3448 5215 3706 5286; x_wconf 79' lang='grc' dir='ltr'>διακρούο</span> 
     </span>
    </p>
   </div>
   <div class='ocr_carea' id='block_1_111' title="bbox 2195 5414 3702 5500">
    <p class='ocr_par' dir='ltr' id='par_1_111' title="bbox 2195 5414 3702 5500">
     <span class='ocr_line' id='line_1_111' title="bbox 2195 5414 3702 5500; baseline -0.013 -13"><span class='ocrx_word' id='word_1_776' title='bbox 2195 5432 2306 5499; x_wconf 71' lang='grc'><strong>(46)</strong></span> <span class='ocrx_word' id='word_1_777' title='bbox 2347 5429 2619 5500; x_wconf 78' lang='grc' dir='ltr'>Πυλωροὶ,</span> <span class='ocrx_word' id='word_1_778' title='bbox 2675 5424 3017 5500; x_wconf 64' lang='grc' dir='ltr'>ὑποδιάκονοι</span> <span class='ocrx_word' id='word_1_779' title='bbox 3042 5462 3056 5486; x_wconf 92' lang='grc'><strong>,</strong></span> <span class='ocrx_word' id='word_1_780' title='bbox 3096 5419 3451 5500; x_wconf 69' lang='grc' dir='ltr'>κοιμητήρια,</span> <span class='ocrx_word' id='word_1_781' title='bbox 3482 5432 3619 5500; x_wconf 30' lang='grc' dir='ltr'>κίε.</span> 
     </span>
    </p>
   </div>
   <div class='ocr_carea' id='block_1_112' title="bbox 2124 5485 3703 5565">
    <p class='ocr_par' dir='ltr' id='par_1_112' title="bbox 2124 5485 3703 5565">
     <span class='ocr_line' id='line_1_112' title="bbox 2124 5485 3703 5565; baseline -0.008 -10"><span class='ocrx_word' id='word_1_782' title='bbox 2124 5485 2357 5565; x_wconf 69' lang='lat' dir='ltr'><strong>ostiarii,</strong></span> <span class='ocrx_word' id='word_1_783' title='bbox 2383 5485 2714 5562; x_wconf 56' lang='lat' dir='ltr'><strong>subd&#39;iaconi,</strong></span> <span class='ocrx_word' id='word_1_784' title='bbox 2752 5485 3065 5555; x_wconf 67' lang='lat' dir='ltr'><strong>clemeteria,</strong></span> <span class='ocrx_word' id='word_1_785' title='bbox 3097 5485 3511 5546; x_wconf 39' lang='lat' dir='ltr'><strong>ubi&#39;cmiv‘entus</strong></span> <span class='ocrx_word' id='word_1_786' title='bbox 3533 5485 3703 5542; x_wconf 65' lang='grc' dir='ltr'>ςιπιυ</span> 
     </span>
    </p>
   </div>
   <div class='ocr_carea' id='block_1_113' title="bbox 2126 5576 2453 5629">
    <p class='ocr_par' dir='ltr' id='par_1_113' title="bbox 2126 5576 2453 5629">
     <span class='ocr_line' id='line_1_113' title="bbox 2126 5576 2453 5629; baseline -0.009 0"><span class='ocrx_word' id='word_1_787' title='bbox 2126 5576 2453 5629; x_wconf 84' lang='lat' dir='ltr'><strong>stianorum.</strong></span> 
     </span>
    </p>
   </div>
   <div class='ocr_carea' id='block_1_114' title="bbox 2195 5628 3415 5713">
    <p class='ocr_par' dir='ltr' id='par_1_114' title="bbox 2195 5628 3415 5713">
     <span class='ocr_line' id='line_1_114' title="bbox 2195 5628 3415 5713; baseline -0.008 -17"><span class='ocrx_word' id='word_1_788' title='bbox 2195 5643 2306 5713; x_wconf 78' lang='grc'><strong>(47)</strong></span> <span class='ocrx_word' id='word_1_789' title='bbox 2346 5640 2576 5713; x_wconf 86' lang='lat' dir='ltr'><strong>_C_on_stit.</strong></span> <span class='ocrx_word' id='word_1_790' title='bbox 2605 5636 2774 5713; x_wconf 32' lang='lat' dir='ltr'><strong>v:,_l_4,</strong></span> <span class='ocrx_word' id='word_1_791' title='bbox 2797 5635 2863 5713; x_wconf 71' lang='grc'><strong>17</strong></span> <span class='ocrx_word' id='word_1_792' title='bbox 2884 5642 2939 5713; x_wconf 81' lang='lat' dir='ltr'><strong>et</strong></span> <span class='ocrx_word' id='word_1_793' title='bbox 2964 5633 3056 5697; x_wconf 74' lang='lat'><strong>20,</strong></span> <span class='ocrx_word' id='word_1_794' title='bbox 3096 5639 3303 5713; x_wconf 67' lang='lat' dir='ltr'><strong>et_can.</strong></span> 
     </span>
    </p>
   </div>
   <div class='ocr_carea' id='block_1_115' title="bbox 2196 5699 3489 5782">
    <p class='ocr_par' dir='ltr' id='par_1_115' title="bbox 2196 5699 3489 5782">
     <span class='ocr_line' id='line_1_115' title="bbox 2196 5699 3489 5782; baseline -0.012 -13"><span class='ocrx_word' id='word_1_795' title='bbox 2196 5699 2307 5782; x_wconf 67' lang='lat' dir='ltr'><strong>(is)</strong></span> <span class='ocrx_word' id='word_1_796' title='bbox 2346 5710 2409 5765; x_wconf 94' lang='lat' dir='ltr'><strong>v.</strong></span> <span class='ocrx_word' id='word_1_797' title='bbox 2442 5699 2837 5775; x_wconf 74' lang='lat' dir='ltr'><strong>Pctav.,Tlteol.</strong></span> <span class='ocrx_word' id='word_1_798' title='bbox 2864 5704 3067 5778; x_wconf 53' lang='lat'><strong>4091...,</strong></span> <span class='ocrx_word' id='word_1_799' title='bbox 3091 5713 3131 5759; x_wconf 90' lang='lat' dir='ltr'><strong>t.</strong></span> <span class='ocrx_word' id='word_1_800' title='bbox 3160 5700 3249 5769; x_wconf 79' lang='lat' dir='ltr'><strong>tv,</strong></span> <span class='ocrx_word' id='word_1_801' title='bbox 3278 5717 3333 5774; x_wconf 84' lang='lat' dir='ltr'><strong>p.</strong></span> <span class='ocrx_word' id='word_1_802' title='bbox 3360 5699 3489 5754; x_wconf 67' lang='lat' dir='ltr'><strong>ne.</strong></span> 
     </span>
    </p>
   </div>
  </div>
