3896 6174
319 252 425 304 5‘2!)

1090 249 1692 307 CONSTITUTIONES
1730 247 2210 306 APOSTOLICJE.
2240 278 2309 289 —
2340 246 2702 304 ΡῐιοοΕΜιΑ.

3472 250 3577 305 530

314 369 494 417 εαιτό.
539 361 726 415 Adhuc
773 372 1074 432 arguuntur
1114 363 1413 421 Arianismi
1462 364 1709 428 crimine,
1756 363 1891 435 quod

1998 360 2317 432 Πνεύματος
2343 360 2656 433 τετιμήσθω
2683 362 2834 431 ὑμῖν,
2861 360 3024 431 μηδὲν
3051 361 3179 441 ἄνευ
3208 361 3302 415 τοῦ
3329 364 3579 419 διακόνου

314 452 531 508 nonnisi
559 451 808 506 violenter
828 452 944 523 quis
964 450 1158 521 poterit
1182 452 1437 523 depellere
1459 454 1596 526 (49).
1625 453 1895 520 Quoniam

312 559 448 600 vero
490 551 715 599 constat
757 543 815 598 in
843 543 1070 601 Oriente
1100 544 1308 602 vixisse
1348 553 1726 616 corruptorem
1755 544 1898 601 Con-

314 635 658 691 stitutionum
683 673 700 700 ,
749 634 918 697 alium
954 650 985 689 a
1012 633 1184 691 Paulo
1214 633 1572 692 Samosateno
1615 637 1897 707 assignare

315 739 428 783 uon
472 741 789 797 possumus.
833 726 976 783 Huic
1020 729 1203 785 omnia
1249 729 1605 793 conveniunt,
1657 728 1896 784 maxime

314 833 436 886 quae
466 818 689 888 sapiunt
711 816 1075 884 Judaismum,
1108 819 1278 875 veluti
1306 826 1390 876 est
1418 820 1724 889 exmquatio
1754 818 1894 875 Sab-

308 909 427 964 bati
474 924 603 964 cum
646 909 735 964 die
763 909 1047 967 Dominico
1087 910 1203 984 (50)
1242 927 1372 967 cum
1414 913 1533 983 ipse
1576 914 1634 966 in
1663 912 1893 983 gratiam

308 1002 518 1073 regina:
541 1001 995 1075 Palmyrenorum
1037 1001 1292 1060 Zenobiaa
1330 1005 1386 1059 in
1422 1013 1700 1075 comperto
1732 1004 1896 1059 fuerit

301 1095 620 1164 judaizans.
694 1095 888 1152 Patres
958 1105 1107 1152 certe
1158 1098 1252 1168 qui
1307 1098 1502 1153 ultimo
1554 1099 1895 1153 Antiocheno

304 1189 549 1247 concilio
579 1188 844 1245 adversus
882 1187 1303 1246 Samosatenum
1342 1191 1730 1255 interfuerunt,
1781 1206 1892 1244 non

304 1293 495 1334 mores
548 1280 949 1341 tantummodo,
979 1279 1073 1334 sed
1114 1290 1169 1335 et
1202 1281 1441 1350 spuriam
1479 1281 1741 1334 damnant
1786 1279 1893 1348 fat-

300 1383 529 1437 samque
557 1366 896 1423 doctrinam:
937 1368 1109 1423 Ὅπου
1152 1367 1210 1422 δὲ
1246 1367 1491 1432 ἀποστὰς
1534 1366 1629 1421 τοῦ
1669 1369 1894 1432 κανόνος

302 1457 402 1510 ἐπὶ
433 1457 661 1528 κίϐδηλα
689 1458 783 1513 καὶ
819 1458 949 1512 νόθα
992 1458 1293 1529 διδάγματα
1336 1457 1713 1530 μετελήλυθεν,
1742 1458 1892 1512 οὐδὲν

293 1548 386 1601 δεῖ
409 1548 508 1601 τοῦ
538 1548 643 1614 ἔξω
672 1549 823 1613 ὖντος
849 1548 949 1614 τὰς
975 1550 1203 1623 πράξεις
1230 1550 1455 1622 κρίνειν.
1505 1548 1610 1604 Sed
1640 1550 1891 1619 quoniam

298 1657 334 1694 a
359 1639 491 1710 ﬁdei
524 1641 708 1711 regula
746 1642 1018 1705 recedens,
1055 1641 1125 1697 ad
1168 1643 1409 1712 spuriam
1448 1650 1499 1696 et
1536 1641 1890 1696 adulterinum

1997 453 2348 524 πράττουσα,
2394 452 2429 524 ἢ
2475 451 2843 523 φθεγγομένη,
2882 451 2961 515 ὡς
3001 452 3122 505 οὐδὲ
3165 455 3194 506 6
3224 454 3581 526 Παράκλητος

1996 545 2087 613 ἀφ’
2115 543 2314 599 ἑαυτοῦ
2341 560 2396 598 τι
2423 544 2593 608 λαλεῖ,
2623 544 2658 615 ἢ
2697 547 2861 607 ποιεῖ,
2901 542 3036 599 ἀλλὰ
3062 543 3300 609 δοξάζων
3326 544 3580 627 τὸνιΧρι-

1996 636 2121 690 στὸν
2166 636 2452 708 περιμένει
2492 635 2553 689 τὸ
2599 634 2809 688 ἐκείνου
2856 633 3087 706 θέλημα.
3148 634 3254 701 Qui
3302 637 3577 705 episcopus

1993 738 2191 783 est.....
2225 726 2308 781 hic
2336 727 2573 797 princeps
2609 734 2661 780 et
2691 724 2999 780 dux'vester
3028 740 3046 779 :
3078 725 3161 779 hic
3200 737 3370 781 vester
3397 743 3491 781 rea:
3524 739 3576 782 et

1994 818 2392 891 dynastes:hic
2440 817 2585 872 vobis
2624 828 2742 887 post
2780 817 2949 872 Deum
3000 827 3238 873 terrenus
3275 818 3439 884 Deus,
3489 822 3577 874 cui

1994 909 2245 966 honorem
2280 919 2537 980 praestare
2565 909 2856 965 debetis....
2892 909 3067 981 Igitur
3111 912 3385 979 episcopus
3430 910 3573 966 vobis

1995 1002 2281 1071 praesideat
2356 1010 2607 1073 tanquam
2672 1001 2771 1056 Dei
2836 1001 3095 1071 dignitate
3154 1002 3530 1057 condecoratus
3554 1043 3572 1068 ,

1995 1096 2059 1151 ob
2099 1110 2260 1164 quam
2307 1092 2447 1149 clero
2490 1102 2701 1163 praeest,
2746 1101 2796 1147 et
2838 1092 2976 1161 plebi
3021 1094 3279 1149 universa:
3325 1096 3569 1164 imperat.

1996 1182 2263 1238 Diaconus
2293 1194 2469 1238 autem
2496 1185 2737 1251 episcopo
2767 1186 3007 1248 assistat,
3042 1194 3100 1237 ut
3120 1183 3366 1241 Christus
3390 1187 3569 1254 Patri,

1992 1272 2193 1343 ipsique
2228 1274 2286 1328 in
2317 1274 2557 1329 omnibus
2600 1274 2867 1343 inculpate
2906 1274 3190 1338 ministret,
3221 1276 3569 1346 quemadmo-

1991 1362 2119 1417 dum
2149 1363 2420 1432 Christus,
2460 1364 2596 1419 nihil
2633 1380 2665 1418 a
2702 1381 2757 1418 se
2789 1366 2901 1433 ipso
2943 1364 3163 1431 faciens,
3213 1383 3331 1437 qum
3374 1368 3572 1437 placita

1991 1465 2113 1510 sunt
2140 1455 2294 1511 Patri
2339 1472 2542 1527 semper
2590 1466 2856 1525 operatur.
2906 1460 2976 1513 At
3005 1458 3313 1515 diaconissa
3359 1479 3392 1515 a
3424 1464 3567 1519 vobis

1990 1546 2047 1599 in
2093 1546 2323 1617 ﬁguram
2366 1550 2539 1603 sancti
2581 1546 2812 1617 Spiritus
2863 1547 3168 1616 hortaretur,
3213 1568 3329 1621 qua:
3375 1554 3568 1625 absque

1990 1636 2213 1693 diacono
2243 1638 2375 1693 nihil
2397 1649 2542 1710 agat,
2574 1650 2666 1693 aut
2689 1639 2955 1712 loquatur,
2982 1642 3119 1695 sicut
3143 1658 3235 1696 nec
3252 1642 3565 1702 Paracletus

292 1729 613 1783 doctrinam
644 1745 700 1784 se
731 1731 1028 1795 transtulit,
1078 1730 1308 1785 hominis
1351 1730 1415 1783 ab
1438 1729 1680 1786 Ecclesia
1727 1731 1890 1785 alieni
1918 1733 1961 1789 B
1992 1747 2025 1783 a
2066 1746 2121 1783 se
2159 1729 2445 1801 quidquam
2498 1730 2732 1800 loquitur
2780 1738 2873 1784 aut
2932 1730 3105 1800 facit,
3159 1732 3249 1787 sed
3293 1731 3566 1789 Christum

292 1829 459 1875 actus
506 1821 815 1875 examinare
865 1821 1002 1876 nihil
1046 1822 1237 1877 attinet
1276 1821 1410 1891 (51).
1466 1820 1667 1877 Nostra
1719 1822 1889 1893 igitur

288 1911 612 1979 accusatio,
653 1926 777 1983 quae
830 1918 943 1966 tam
986 1913 1252 1982 praeclaro
1309 1912 1503 1967 nititur
1548 1911 1883 1977 testimonio,

292 2003 512 2074 alioqui
554 2011 667 2058 tam
716 2004 851 2060 levis
898 2012 985 2060 est
1031 2005 1079 2059 si
1138 2019 1264 2060 cum
1312 2005 1529 2061 caeteris
1568 2004 1888 2060 conferatur

290 2093 653 2150 Samosateni
698 2095 1060 2161 criminibus,
1107 2104 1168 2150 ut
1218 2096 1408 2151 haberi
1458 2111 1559 2165 pro
1605 2096 1884 2151 calumnia

292 2199 417 2238 non
446 2186 643 2253 possit.
691 2183 954 2252 Quamvis
982 2194 1168 2241 autem
1206 2201 1317 2241 non
1347 2186 1485 2242 adeo
1512 2187 1884 2258 reprehenda-

288 2281 393 2328 tur
422 2283 580 2333 vetus
606 2276 697 2331 illa
724 2277 1086 2343 consuetudo,
1120 2277 1355 2335 illustria
1378 2277 1626 2350 quadam
1660 2278 1883 2335 nomina

294 2368 665 2435 praemittendi
704 2370 862 2425 novis
901 2369 1183 2439 operibus,
1221 2385 1287 2426 ac
1323 2371 1601 2426 statuendi
1628 2378 1881 2427 auctores

291 2456 443 2508 inter
480 2471 541 2511 se
588 2457 1002 2527 colloquentes;
1054 2457 1300 2528 profecto
1342 2474 1405 2515 ea
1442 2460 1590 2516 ﬁctio
1620 2472 1879 2532 perpetua

291 2546 599 2603 inducendi
654 2550 935 2620 apostolos
985 2550 1168 2605 adhuc
1211 2551 1389 2617 vivos,
1444 2568 1609 2623 quam
1649 2552 1877 2608 Photius

292 2639 712 2694 κακοπλαστίαν
761 2642 1092 2713 appellavit,
1142 2642 1409 2715 duxitque
1461 2647 1874 2702 accusationum

288 2742 422 2784 esse
471 2729 828 2797 levissimam,
878 2730 1030 2786 illico
1076 2731 1300 2802 planum
1354 2732 1627 2789 hominem
1668 2736 1871 2805 prodit,

288 2833 361 2874 ac
406 2822 840 2889 ineptissimum,
895 2822 992 2893 qui
1043 2823 1316 2889 absurda,
1362 2824 1520 2894 plura
1570 2832 1626 2880 et
1684 2840 1871 2881 secum

288 2912 599 2982 pugnantia
649 2926 715 2967 eo
766 2913 1028 2967 narrandi
1086 2913 1253 2969 modo
1302 2929 1363 2970 se
1415 2915 1705 2974 admittere
1758 2933 1870 2973 non

289 3002 549 3072 pervidit.
584 3001 740 3070 Quod
775 3019 909 3059 sane
929 3004 1124 3059 vitium
1154 3003 1316 3061 facile
1344 3007 1532 3062 sanari
1566 3014 1767 3077 potest,
1793 3009 1864 3076 si,

286 3110 357 3151 ea
391 3096 613 3150 ﬁctione
659 3094 902 3161 sublata,
948 3112 1059 3152 non
1102 3097 1159 3155 in
1203 3105 1474 3154 conventu
1517 3100 1701 3170 aliquo
1733 3115 1866 3172 apo-

285 3187 564 3240 stolorum
594 3186 754 3256 quasi
788 3187 1091 3241 viventium
1122 3189 1321 3253 oratio,
1350 3197 1405 3243 at
1449 3189 1569 3260 ipsa
1602 3190 1869 3247 referatur

286 3274 561 3342 traditio;
620 3274 1079 3345 quemadmodum
1129 3292 1241 3331 non
1296 3277 1612 3335 dubitamus
1668 3280 1867 3338 fecisse

284 3365 630 3422 Clementem
685 3374 853 3437 atque
890 3365 1240 3440 Hippolytum
1262 3408 1276 3432 ,
1324 3372 1681 3441 gravissimos
1719 3374 1867 3430 viros

284 3460 344 3508 et
370 3454 776 3510 sanctissimos.
826 3452 913 3509 An
944 3470 1077 3511 vero
1119 3455 1356 3511 adhibito
1390 3459 1635 3513 examine
1681 3461 1866 3515 critico

286 3545 720 3609 accuratissima,
751 3546 955 3613 possint
981 3547 1322 3615 supposititia
1350 3565 1383 3601 a
1408 3550 1649 3619 genuinis
1677 3550 1867 3606 distin-

284 3640 381 3711 gui
398 3679 415 3704 ,
445 3648 499 3695 et
524 3640 604 3694 sic
636 3638 789 3694 nobis
820 3647 1114 3709 appareant
1142 3639 1315 3693 multa
1344 3642 1572 3709 genuina
1601 3640 1868 3710 apostolo-

284 3748 412 3785 rum
444 3740 804 3797 monumenta,
849 3732 999 3803 quod
1044 3732 1151 3788 sibi
1199 3733 1375 3787 suasit
1401 3732 1507 3787 hoc
1556 3736 1758 3789 saeculo
1784 3734 1868 3788 vir

285 3824 676 3894 antiquitatem
711 3821 1168 3880 Constitutionum
1218 3824 1364 3878 ultra
1406 3838 1571 3894 quam
1613 3840 1712 3894 par
1750 3833 1868 3880 erat

282 3915 583 3980 extollens,
622 3914 680 3970 id
714 3913 1029 3986 bujusmodi
1068 3914 1249 3970 critici
1279 3914 1520 3971 viderint
1570 3917 1871 3973 accuratis-

281 4006 414 4063 simi
439 4005 577 4078 (52).

358 4096 423 4154 ll.
467 4096 674 4152 Paulus
696 4096 1079 4153 Samosatenus
1109 4113 1214 4153 non
1241 4113 1348 4153 uno
1376 4096 1492 4152 loco
1519 4113 1575 4152 se
1600 4098 1779 4167 prodit
1812 4099 1868 4152 in

282 4187 866 4244 Constitutionibus.-—
881 4186 1050 4243 Nobis
1085 4184 1540 4243 Constitutionum
1572 4196 1867 4258 corrupto-

286 4295 406 4335 rem
434 4286 615 4335 satest
630 4278 924 4343 indicasse,
939 4293 1099 4347 quem
1129 4278 1293 4332 etiam
1314 4278 1625 4348 loquentem
1654 4278 1864 4346 audire,

278 4384 353 4424 ac
371 4383 543 4439 prope
571 4368 747 4423 oculis
770 4367 971 4422 intueri
989 4366 1036 4421 si
1057 4365 1183 4436 quis
1225 4367 1354 4421 velit
1388 4367 1444 4421 in
1476 4365 1591 4421 haec
1624 4368 1869 4423 animad-

281 4467 489 4516 vertat.
526 4459 584 4512 '0
616 4458 1027 4521 ὲπίσκοπος.....
1049 4449 1206 4520 οὗτος
1233 4456 1417 4529 ἄρχων
1445 4457 1541 4510 καὶ
1567 4458 1868 4529 ἡγούμενος

280 4551 464 4623 ὑμῶν.
508 4539 678 4613 Οὗτος
722 4548 876 4620 ὑμῶν
919 4547 1172 4619 βασιλεὺς
1216 4548 1312 4602 καὶ
1357 4546 1645 4621 δυνάστης.
1699 4544 1868 4616 Οὗτος

276 4642 441 4714 ὑμῶν
481 4640 724 4710 ἐπίγειος
749 4640 881 4703 Θεὸς
923 4638 1063 4711 μετὰ
1086 4638 1240 4702 Θεὸν,
1270 4638 1330 4703 ὃς
1358 4639 1560 4708 ὀφείλει
1596 4642 1696 4713 τῆς
1735 4646 1865 4715 παρ’

278 4736 440 4809 ὑμῶν
480 4736 647 4806 τιμῆς
686 4733 1091 4789 άπολαύειν.....
1121 4734 1151 4787 ό
1179 4731 1290 4805 γὰρ
1329 4732 1627 4796 ἐπίσκοπος
1652 4750 1865 4805 προκα-

278 4827 527 4893 θεζέσθω
554 4826 727 4898 ὑμῶν,
757 4827 834 4891 ὡς
858 4826 993 4880 Θεοῦ
1031 4824 1161 4897 ἀξίᾳ
1196 4825 1578 4897 τετιμημένος,
1608 4818 1645 4899 ᾗ
1674 4828 1867 4897 κρατεῖ

275 4920 379 4975 τοῦ
420 4920 647 4993 κλήρου,
677 4920 773 4974 καὶ
806 4919 901 4972 τοῦ
931 4918 1061 4973 λαοῦ
1104 4918 1307 4981 παντὸς
1327 4917 1520 4989 ἄρχει.
1564 4918 1622 4971 '0
1656 4916 1712 4971 δὲ
1749 4917 1866 4972 διά-

277 5030 444 5077 κονος
486 5012 662 5083 τούτῳ
696 5010 1056 5084 παριστάσθω
1096 5010 1173 5074 ὡς
1212 5012 1242 5064 6
1268 5009 1504 5081 Χριστὸς
1544 5007 1623 5081 τῷ
1663 5010 1859 5083 Ila-cpt,

276 5106 380 5160 καὶ
418 5083 800 5176 λειτουργείτω
842 5101 993 5174 αὐτῷ
1038 5102 1097 5156 ὲν
1143 5102 1310 5155 πᾶσιν
1356 5083 1682 5172 ἶμέμπτως,
1730 5101 1806 5165 ὼς
1832 5105 1862 5157 6

278 5194 519 5268 Χριστὸς
546 5196 642 5266 ἀφ’
668 5195 862 5249 ἑαυτοῦ
892 5193 1061 5248 ποιῶν
1088 5192 1261 5257 οὐδὲν,
1282 5191 1352 5246 τὰ
1377 5192 1585 5265 ἀρεστὰ
1611 5195 1759 5247 ποιεῖ
1782 5193 1861 5265 τῷ

278 5264 464 5360 Παῖρὶ
489 5264 740 5342 πάντοτε.
780 5288 847 5341 Ἡ
880 5286 939 5341 δὲ
971 5285 1218 5349 διάκονος
1259 5286 1341 5347 εἰς
1381 5264 1551 5338 τύπον
1577 5283 1672 5339 τοῦ
1701 5264 1858 5354 ἁγίου

378 5424 450 5478 49
510 5423 699 5486 Pbot.,
723 5424 847 5480 cod.
872 5438 1029 5478 cxm.

381 5424 475 5566 50)
514 5495 740 5566 Constit.
775 5494 1029 5566 τιυὶ-⁸55.

381 5494 475 5557 50)
514 5495 740 5551 Constit.
775 5510 897 5557 vm,
928 5494 1017 5548 33.

355 5561 472 5690 $51)
511 5565 613 5636 Ap.
648 5564 847 5620 Euseb.
887 5563 956 5617 Η.
988 5561 1053 5618 E.
1093 5582 1192 5625 vn,
1217 5564 1306 5617 50.
1407 5634 1417 5644 1

281 5634 471 5760 Ξδὲἓὶ
509 5634 800 5700 Barattcr.,
836 5633 915 5689 De
940 5628 1123 5690 Const.
1162 5642 1329 5702 apost.
1364 5632 1589 5690 dissert.
1632 5635 1688 5690 2.
1728 5647 1849 5703 pag.

2000 1821 2343 1891 gloriﬁcans,
2386 1830 2651 1890 exspectat
2681 1821 2827 1876 illius
2858 1822 3178 1877 voluntatem
3219 1824 3352 1897 (5'5).
3408 1824 3565 1882 Haud

1990 1910 2197 1968 frustra
2243 1912 2358 1967 haec
2404 1913 2570 1983 impie
2616 1913 2841 1983 scripsit
2873 1910 3288 1982 Samosatenus,
3334 1932 3457 1972 cum
3500 1933 3564 1973 ea

1984 2019 2109 2075 qua:
2162 2004 2345 2059 animo
2401 2004 2685 2060 volutabat
2730 2004 3005 2070 eﬂ‘ecerlt,
3065 2012 3230 2076 atque
3287 2006 3563 2064 Anomzcis

1982 2110 2104 2151 eam
2137 2096 2426 2165 puritatem
2474 2096 2803 2165 reliquerit:
2849 2097 3038 2168 Ἡμεῖς
3085 2096 3315 2169 λέγομεν
3345 2099 3565 2171 Πατέρα

1982 2184 2077 2237 καὶ
2104 2182 2232 2236 Υίὸν
2263 2182 2359 2237 καὶ
2385 2182 2540 2254 ἅγιον
2569 2183 2815 2255 Πνεῦμα,
2845 2184 2921 2250 ὡς
2958 2185 3278 2251 ἐπίσκοπον,
3308 2188 3402 2241 καὶ
3428 2205 3566 2260 πρε-

1983 2270 2264 2344 σϐύτερον,
2307 2273 2402 2327 καὶ
2446 2272 2692 2330 διάκονον
2725 2293 2741 2331 :
2771 2274 2886 2331 Nos
2935 2277 3164 2333 dicimus
3212 2278 3464 2349 Patrem,
3512 2292 3563 2335 et

1980 2360 2220 2430 Filium,
2267 2370 2318 2417 et
2348 2361 2609 2433 Spiritum
2666 2376 2910 2422 sanctum
2953 2386 3069 2425 esse
3118 2371 3294 2425 instar
3333 2374 3564 2443 episcopi

1976 2462 2028 2507 et
2051 2453 2343 2524 presbyteri
2370 2464 2419 2509 et
2443 2454 2653 2512 diaconi
2674 2454 2808 2530 (54).
2842 2456 2921 2513 Ac
2948 2475 3136 2516 revera
3166 2460 3561 2520 Samosatenus

1980 2562 2079 2616 pro
2118 2547 2376 2617 episcopo
2399 2547 2797 2604 Antichristum
2845 2550 2902 2605 in
2930 2554 3225 2624 semetipso
3270 2556 3542 2622 exhibuit,

1976 2636 2129 2692 homo
2171 2638 2391 2706 peccati,
2436 2640 2581 2710 ﬁlius
2627 2640 2960 2709 perditionis,
3004 2645 3095 2713 qui
3143 2644 3457 2701 adversatur
3502 2660 3554 2703 et

1972 2728 2248 2782 extollitur
2294 2744 2459 2797 supra
2508 2745 2659 2784 omne
2700 2730 2839 2801 quod
2867 2730 3063 2785 dicitur
3092 2731 3254 2800 Deus,
3288 2745 3382 2789 aut
3414 2737 3555 2807 quod

1970 2819 2199 2884 colitur,
2247 2819 2329 2873 ita
2374 2827 2433 2872 ut
2474 2820 2530 2873 in
2579 2821 2769 2889 templo
2809 2820 2907 2876 Dei
2948 2821 3126 2879 sedeat
3176 2825 3455 2881 ostendens
3501 2846 3557 2884 se

1971 2916 2224 2978 tanquam
2246 2910 2320 2963 sit
2339 2908 2480 2964 Deus
2505 2908 2638 2979 (55).
2683 2913 2843 2983 Βῆμα
2875 2913 2973 2984 μὲν
3002 2914 3097 2968 καὶ
3135 2914 3324 2987 θρόνον
3355 2917 3557 2990 ὑψηλὸν

1970 3001 2149 3073 ἑαυτῷ
2175 3001 2796 3073 κατασκευασάμενος...
2845 3006 2959 3067 τοῖς
2986 3004 3043 3058 δὲ
3070 3004 3146 3069 ὡς
3176 3006 3235 3059 ἐν
3261 3008 3394 3078 οἴκῳ
3421 3008 3557 3063 Θεοῦ

1971 3091 2364 3165 σεμνοπρεπῶς
2391 3092 2487 3147 udi.
2513 3092 2789 3157 εὐτάκτως
2814 3094 3123 3159 ἀκούουσιν,
3166 3096 3435 3168 ἐπιτιμῶν
3463 3102 3558 3154 καὶ

1967 3183 2331 3256 ἐνυϐρίζων...
2365 3185 2864 3257 μεγαλορῤημονῶν
2892 3188 3022 3259 περὶ
3067 3189 3263 3243 ἑαυτοῦ
3305 3190 3559 3266 καθάπερ

1965 3274 2066 3329 οὐκ
2091 3275 2409 3340 ἐπίσκοπος,
2440 3276 2577 3330 ἀλλὰ
2607 3278 2867 3350 σοφιστὴς
2896 3279 2991 3332 καὶ
3018 3279 3171 3351 γόης.
3201 3280 3468 3353 Ψαλμοὺς
3499 3283 3558 3338 δὲ

1965 3368 2092 3431 τοὺς
2121 3368 2220 3439 μὲν
2248 3369 2328 3432 εἰς
2353 3368 2445 3421 τὸν
2472 3368 2677 3440 Κύριον
2722 3369 2878 3440 ήμῶν
2920 3371 3126 3443 Ἰησρῦν
3153 3373 3388 3445 Χριστὸν
3416 3374 3556 3428 παύ-

1969 3474 2131 3522 σας...
2165 3460 2245 3523 είς
2273 3460 2465 3514 ἑαυτὸν
2491 3460 2548 3514 δὲ
2578 3462 2635 3513 ὲν
2667 3460 2809 3534 μέσῃ
2837 3463 2903 3533 τῇ
2934 3461 3202 3535 ἐκκλησίᾳ
3241 3467 3308 3536 τῇ
3343 3466 3555 3541 μεγάλῃ

1966 3549 2061 3603 τοῦ
2090 3548 2283 3622 Πάσχα
2322 3551 2506 3623 ἡμέρᾳ
2544 3550 2853 3622 ψαλμῳδεῖν
2895 3557 3162 3620 γυναῖκας
3204 3546 3555 3627 παρασκευά-

1969 3638 2106 3705 ζων,
2136 3634 2211 3695 ὧν
2239 3642 2335 3695 καὶ
2360 3641 2603 3705 ἀκούσας
2629 3643 2694 3696 ἄν
2721 3659 2805 3705 τις
2835 3640 3092 3714 φρίξειεν.
3126 3642 3270 3699 Nam
3295 3657 3345 3700 et
3377 3647 3551 3702 tribu-

1969 3732 2061 3786 nal
2076 3733 2414 3788 etsublimem
2444 3732 2687 3788 thronum
2704 3734 2803 3788 sibi
2822 3735 2932 3803 ipse
2945 3737 3337 3795 construxit...
3355 3755 3442 3793 eos
3459 3742 3552 3811 qui

1971 3840 2088 3877 cum
2113 3827 2368 3895 gravitate
2401 3842 2463 3880 ac
2488 3826 2746 3881 modestia
2786 3828 2921 3881 sicut
2950 3828 3005 3882 in
3048 3827 3205 3883 domo
3241 3828 3339 3884 Dei
3376 3831 3548 3899 decet,

1970 3914 2234 3983 audirent,
2266 3917 2569 3987 increpabat
2598 3927 2647 3971 et
2679 3919 3009 3973 contumeliis
3052 3920 3375 3990 afﬁciebat...
3399 3922 3464 3978 de
3495 3942 3552 3980 se

1969 4016 2145 4060 autem
2178 4007 2290 4076 ipso
2331 4009 2612 4079 magniﬁce
2648 4009 2958 4080 loquebatur
2996 4027 3102 4066 non
3150 4021 3210 4065 ut
3253 4016 3547 4083 episcopus,

1968 4100 2059 4155 sed
2086 4112 2145 4155 ut
2172 4102 2407 4172 sophista
2440 4112 2489 4158 et
2519 4105 2795 4174 impostor.
2840 4105 2980 4171 Quin
3023 4107 3182 4160 etiam
3226 4108 3459 4176 psalmos
3488 4110 3546 4163 in

1967 4196 2215 4250 honorem
2239 4195 2454 4250 Domini
2494 4198 2662 4250 nostri
2686 4195 2815 4251 Iesu
2838 4196 3042 4251 Christi
3084 4198 3401 4257 abolevit....
3428 4217 3547 4253 mu-

1970 4286 2122 4342 lieres
2162 4303 2282 4342 vero
2331 4288 2387 4341 in
2428 4287 2598 4341 medio
2651 4260 2889 4343 ecclesia:
2949 4304 3140 4358 magno
3186 4289 3410 4345 Paschw
3461 4291 3547 4347 die

1967 4378 2202 4446 psalmos
2241 4377 2503 4449 quosdam
2554 4394 2742 4433 canere
2779 4379 2848 4432 ad
2877 4380 2961 4432 sui
3001 4380 3167 4447 ipsius
3201 4381 3412 4436 laudem
3460 4385 3546 4439 in-

1968 4468 2180 4533 stituit,
2231 4468 2370 4539 quod
2414 4466 2624 4539 quidem
2668 4468 3001 4523 audientibus
3047 4468 3316 4525 horrorem
3358 4475 3545 4529 merito

1966 4559 2269 4615 incusserit.
2341 4559 2469 4616 Haec
2520 4560 2709 4618 Patres
2759 4562 2836 4617 illi
2889 4563 3202 4633 gravissimi
3255 4574 3546 4634 postremae

1964 4649 2314 4707 Antiocbeme
2351 4651 2543 4723 synodi
2573 4651 2834 4707 damnare
2862 4660 3097 4723 pergunt
3149 4654 3206 4709 in
3237 4653 3409 4710 Paulo
3440 4654 3543 4710 Sa-

1964 4741 2406 4815 mosateno;(56),
2448 4757 2571 4813 quae
2619 4743 2747 4798 licet
2779 4743 3032 4813 protrita,
3085 4758 3265 4814 operae
3298 4747 3538 4816 pretium

1963 4831 2055 4887 hic
2082 4831 2189 4887 fuit
2211 4831 2451 4900 referre;
2479 4840 2542 4887 ut
2567 4848 2633 4888 eo
2662 4833 2835 4903 magis
2870 4848 2998 4888 vera
3032 4832 3533 4905 deprehendantur,

1963 4922 2253 4993 lucemque
2326 4923 2601 4993 accipiant
2661 4939 2727 4979 ex
2772 4925 3144 4993 praemeditato
3193 4925 3540 4984 Samosateni

1962 5012 2194 5069 consilio
2210 5052 2227 5079 ,
2275 5028 2386 5084 quo
2417 5014 2471 5068 in
2494 5014 2973 5069 Constitutionibus
2995 5016 3356 5083 apostolorum
3378 5031 3536 5073 suum

1959 5104 2111 5159 virus
2169 5105 2510 5161 occuluerat.
2576 5104 2762 5176 Neque
2814 5106 2960 5161 enim
3011 5106 3312 5164 Ecclesiam
3383 5109 3535 5162 illam

1960 5193 2421 5251 ﬂorentissimam
2507 5204 2631 5267 post
2709 5195 3113 5251 Demetrianum
3184 5211 3537 5269 conrumpere

1957 5285 2094 5341 adeo
2120 5285 2413 5356 potuisset,
2455 5295 2514 5340 ut
2542 5287 2726 5357 plures
2766 5288 2994 5344 haberet
3036 5288 3201 5344 ctiam
3240 5288 3532 5359 episcopos

2027 5418 2139 5491 (55)
2178 5418 2403 5475 Constit.
2450 5437 2645 5491 apru,
2669 5420 2759 5476 26.

2027 5490 2139 5563 (ει)
2178 5491 2421 5563 Auernae.
2473 5490 2829 5563 Arian._l)ial.
2876 5490 2917 5552 Ι,
2976 5491 3047 5545 De
3075 5492 3221 5546 Trin.
3283 5494 3385 5548 int.
3434 5509 3527 5563 op.

1957 5558 2013 5613 S.
2040 5558 2365 5631 ld_a_x.__cgnf.
2411 5569 2452 5617 t.
2489 5561 2553 5623 ll',
2587 5577 2638 5631 p.
2668 5561 2794 5614 406.

2050 5628 2140 5695 55)
2180 5628 2223 5680 ll
2255 5628 2450 5695 Thess.
2474 5647 2534 5695 ιι,
2566 5628 2619 5684 ἱ.

2024 5634 2141 5769 ἓξὲξ
2179 5634 2619 5771 Ηυῗῗιῗξέέἷίῒ
2650 5698 2715 5755 E.
2751 5712 2846 5765 vn,
2874 5700 2963 5755 δυ.
