3896 6174
371 312 475 369 531

1249 309 1304 365 S.
1340 305 1737 364 CLEMENTIS
1770 308 1788 361 Ι
1823 304 1985 362 ROM.
2024 303 2221 362 PONT.
2260 304 2488 363 OPERA
2524 305 2749 361 DUBIA.

3530 305 3643 359 532

368 428 629 499 nequitiae
663 434 778 483 sua:
812 424 1079 491 fautores,
1110 424 1219 481 nisi
1252 424 1579 495 quibusdam
1612 425 1779 479 veluti
1812 438 1945 493 prae.
1978 430 2023 484 Α
2052 422 2251 477 Christi
2283 422 2379 477 Dei
2407 425 2597 485 nostri,
2640 436 2690 477 et
2712 420 2947 490 Spiritus
2990 421 3181 485 sancti,
3216 422 3272 476 in
3311 436 3478 491 quam
3528 421 3637 475 fal-

367 518 547 589 stigiis
576 531 672 573 eos
700 516 1056 588 depravasset
1090 536 1103 570 :
1136 531 1203 571 eo
1232 532 1364 572 sane
1393 532 1527 572 usus
1556 516 1811 581 artilicio,
1842 530 1952 585 quo

373 609 609 664 maxime
640 608 818 664 solent
849 609 1200 677 impostores,
1233 615 1293 662 ut
1331 623 1361 661 a
1389 607 1630 663 falsitate
1676 608 1779 663 sibi
1811 622 1953 677 prae--

368 701 565 756 sidium
626 698 931 770 acquirant,
983 714 1109 753 cum
1161 714 1192 753 a
1242 700 1470 754 veritate
1540 714 1651 753 non
1717 699 1949 768 possint.

375 790 747 856 Quamobrem
797 803 961 844 nemo
1026 804 1137 844 non
1184 789 1335 845 videt
1376 804 1540 858 quam
1610 788 1954 859 impudenter

372 883 636 947 Sandius,
667 882 1016 945 Whistonus,
1049 882 1251 952 aliique
1275 880 1401 936 novi
1433 878 1623 934 Ariani
1656 888 1954 950 provocent

369 975 438 1029 ad
462 973 882 1029 Constitutiones
942 973 1321 1043 apostolorum,
1353 973 1421 1026 ad
1462 974 1581 1027 loca
1618 972 1826 1027 scilicet
1869 972 1954 1026 in-

368 1067 663 1137 terpolata.
699 1073 759 1121 ut
784 1081 940 1122 suam
970 1073 1222 1121 asserant
1256 1065 1608 1134 impietatem.
1636 1062 1773 1117 Dum
1804 1064 1950 1119 enim

371 1159 439 1213 ad
467 1158 764 1227 pessimum
804 1169 1186 1227 corruptorem
1219 1163 1540 1226 provocant,
1570 1170 1684 1211 non
1706 1154 1952 1226 profecto

372 1247 635 1303 Ecclesia:
690 1248 1034 1315 doctrinam,
1087 1246 1184 1303 sed
1242 1245 1474 1302 Paulum
1534 1245 1951 1301 Samosatenum

368 1340 563 1395 ducem
619 1347 950 1410 sequuntur,
1006 1353 1116 1409 quo
1156 1343 1385 1391 auctore
1433 1350 1534 1391 nec
1589 1336 1694 1406 ipsi
1743 1341 1955 1390 veteres

366 1432 560 1487 Ariani
588 1432 807 1503 gloriati
848 1438 998 1486 sunt.

439 1544 531 1600 lll.
577 1545 642 1601 P.
670 1544 1054 1601 Samosatenus
1100 1561 1166 1601 ea:
1214 1544 1343 1613 ipsis
1390 1542 1541 1607 locis,
1583 1557 1701 1613 qua:
1746 1540 1951 1594 intacta

366 1638 602 1707 reliquit,
648 1638 1358 1707 refellitur.—Qu:ecunque
1388 1645 1568 1691 autem
1599 1635 1653 1689 in
1679 1633 1953 1691 Constitu-

370 1729 601 1784 tionibus
629 1730 900 1784 violentas
931 1746 1128 1785 manus
1157 1739 1472 1793 evaserunt,
1512 1727 1788 1782 contraria
1823 1733 1952 1780 sunt

369 1836 602 1892 prorsus
633 1822 743 1876 illis
773 1837 895 1891 qua:
926 1822 1288 1891 interpolator
1347 1821 1600 1877 inseruit.
1634 1819 1758 1889 Ipso
1796 1819 1953 1873 initio

371 1914 844 1977 Constitutionum,
870 1913 1075 1969 Christi
1100 1914 1380 1979 divinitas,
1406 1922 1567 1984 atque
1587 1914 1750 1968 etiam
1782 1909 1956 1983 Spiri-

368 2014 462 2061 tus
509 2006 685 2061 sancti
736 2005 1098 2077 prtedicatur;
1159 2004 1306 2075 quod
1360 2005 1577 2058 initium
1635 2004 1763 2073 quia
1820 2002 1956 2056 nulli

370 2098 548 2168 magis
614 2098 874 2152 convenit
936 2112 1103 2167 quam
1172 2096 1506 2168 Hippolyto,
1566 2095 1951 2149 ascribemus:

368 2190 504 2243 Θεοῦ
537 2188 731 2259 φυτεία
757 2190 790 2261 ἡ
821 2187 1081 2260 καθολικὴ
1111 2187 1425 2259 Ἐκκλησία,
1455 2187 1547 2240 καὶ
1574 2183 1834 2257 ἀμπελὼν
1862 2184 1957 2237 αὑ-

367 2280 463 2333 τοῦ
506 2280 761 2343 ἐκλεκτὸς
786 2320 800 2345 ,
831 2282 879 2333 οἱ
911 2279 1334 2343 πεπιστευκότες
1363 2281 1442 2342 είς
1469 2278 1568 2349 τὴν
1597 2277 1810 2349 ἀπλανῆ
1841 2275 1958 2329 θεο-

370 2373 587 2425 σέϐειαν
615 2371 779 2426 αὑτοῦ
800 2412 813 2437 ,
864 2374 914 2425 οἱ
955 2373 1054 2444 τὴν
1083 2370 1299 2425 αἰώνιον
1345 2370 1715 2443 καρπούμενοι
1751 2368 1839 2421 διὰ
1866 2368 1956 2419 πί-

370 2480 539 2527 στεως
570 2464 844 2534 βασιλείαν
874 2464 1070 2528 αὑτοῦ,
1115 2465 1164 2516 οἱ
1207 2464 1433 2535 δύναμιν
1473 2461 1637 2516 αὑτοῦ
1681 2461 1958 2532 εἰληφότες

369 2556 464 2609 καὶ
496 2556 785 2627 μετουσίαν
812 2555 906 2609 τοῦ
937 2557 1093 2625 ἁγίου
1124 2555 1441 2626 Πνεύματος
1467 2594 1481 2619 ,
1512 2553 1844 2624 ὡπλισμένοι
1872 2552 1960 2606 διὰ

382 2648 557 2718 ’1ησοῦ
579 2688 592 2711 ,
626 2650 718 2701 καὶ
746 2648 1182 2719 ὲνστερνισμένοι
1224 2647 1314 2699 τὸν
1346 2646 1507 2716 φόὸον
1546 2645 1710 2701 αὑτοῦ
1732 2685 1746 2711 ,
1780 2644 1960 2716 ῥαντί-

371 2757 579 2812 σματος
620 2741 838 2812 μέτοχοι
879 2740 977 2793 τοῦ
1020 2739 1203 2811 τιμίου
1244 2739 1339 2793 καὶ
1374 2736 1552 2791 ἀθώου
1591 2736 1821 2807 αἵματος
1864 2736 1957 2788 τοῦ

368 2832 607 2906 Χριστοῦ
628 2872 642 2896 ,
676 2834 725 2885 οἱ
757 2832 1071 2905 παρρησίαν
1109 2831 1389 2903 εἰληφότες
1425 2831 1513 2884 τὸν
1546 2828 1961 2900 παντοκράτορα

370 2908 523 2988 Θεὸν,
556 2924 777 2994 Πατέρα
803 2924 1014 2988 καλεῖν,
1048 2923 1477 2995 συγκληρονόμοι
1506 2923 1599 2977 καὶ
1631 2920 1962 2991 συμμέτοχοι

368 3015 467 3070 τοῦ
494 3018 680 3088 ὴγαπη
691 3016 1054 3087 μένουΠαιδὸς
1074 3016 1239 3070 αὑτοῦ
1258 3015 1390 3088 (57)·
1413 3013 1682 3069 ἀκούσατε
1709 3013 1962 3067 διδασκα-

2054 514 2236 569 sarius
2262 530 2373 568 non
2403 515 2627 581 invasit,
2666 530 2736 570 ne
2777 515 2960 569 statim
2997 514 3153 568 initio
3191 514 3643 583 deprehendere-

2055 619 2165 661 tur.
2195 606 2440 662 Ecclesia
2471 622 2602 661 vero
2629 606 2832 661 dicitur
2872 604 3130 676 ἁμπελὼν
3177 605 3433 669 ἐκλεκτός
3482 607 3643 659 niuea

2053 705 2221 752 electa
2251 698 2346 753 Dei
2384 714 2451 753 ex
2481 697 2621 754 Isaia
2653 698 2809 768 juxta
2836 696 3147 769 Symmachi
3186 698 3523 755 versionem.

2124 789 2214 846 IV.
2255 790 2568 861 Symmachi
2597 791 2762 845 versio
2791 790 2857 843 ab
2888 789 3173 862 Hippolyto
3199 790 3439 843 adhibita
3490 788 3641 844 Con-

2052 885 2383 939 stitutionum
2426 885 2597 939 initio.
2637 882 3153 950 Ἀπονηστίζὲσθαι
3184 900 3284 953 quo
3308 900 3462 937 sensu
3486 884 3639 935 acci—

2052 979 2252 1047 piatur.
2305 1006 2353 1017 —
2374 976 2589 1047 Reliqui
2610 978 2752 1032 enim
2778 978 3125 1046 interpretes,
3148 985 3259 1031 tam
3274 974 3639 1046 Septuaginta

2051 1086 2213 1142 quam
2227 1068 2421 1141 Aquila
2437 1086 2500 1126 ac
2514 1069 2834 1136 Theodotio,
2853 1069 3137 1125 Hebraeum
3152 1078 3284 1154 pm
3298 1069 3497 1124 litteris
3514 1078 3643 1123 tan-

2052 1168 2168 1214 tum
2192 1160 2397 1216 Graecis
2425 1167 2817 1230 expresserunt
2846 1160 3059 1230 Σωρήκ.
3094 1156 3249 1213 Solus
3278 1157 3638 1229 Symmachus

2052 1252 2281 1307 electam
2348 1254 2720 1322 interpretatus
2784 1260 2893 1315 est,
2953 1251 3031 1305 ait
3081 1249 3444 1320 Hieronymus
3490 1248 3631 1319 (58).

2052 1342 2320 1410 Quoniam
2368 1358 2499 1398 vero
2546 1352 2671 1398 ante
2714 1341 3061 1413 Hippolytum
3107 1356 3267 1397 nemo
3308 1339 3636 1412 Symmachi

2052 1436 2385 1490 mentionem
2432 1433 2583 1500 fecit,
2625 1450 2785 1491 nemo
2836 1435 3202 1504 scriptorum,
3245 1433 3341 1503 qui
3384 1440 3635 1496 exstant,

2051 1527 2226 1596 ipsius
2273 1526 2725 1596 interpretatione
2755 1534 2839 1582 est
2874 1541 3045 1590 usus,
3078 1540 3255 1595 neque
3283 1525 3462 1595 potuit
3504 1531 3637 1579 ante

2053 1616 2424 1690 Hippolytum,
2455 1618 2675 1688 quando
2702 1618 2867 1687 hujus
2896 1633 3013 1673 aevo
3035 1615 3397 1689 Symmachus
3423 1616 3631 1682 ﬂoruit;

2054 1707 2122 1761 ad
2151 1714 2376 1760 cwteras
2416 1706 2912 1762 demonstrationes
2944 1706 3059 1761 lucc
3089 1708 3255 1761 etiam
3298 1707 3532 1770 accedit,
3572 1713 3635 1760 ut

1984 1780 2025 1834 Β
2055 1798 2343 1869 Hippolyto
2405 1798 2744 1853 vindicemus
2806 1798 3223 1855 Constitutiones
3283 1800 3629 1868 apostolicus.

2054 1888 2324 1945 Praeterea
2373 1896 2490 1945 toto
2538 1891 2741 1946 sazculo
2790 1906 2885 1953 ιιι,
2936 1890 3170 1961 Origene
3219 1905 3328 1945 uno
3375 1897 3631 1959 excepto,

2055 1982 2264 2035 nullum
2305 1982 2577 2046 novimus,
2607 1983 2698 2052 qui
2728 1981 3042 2054 Symmachi
3078 1985 3387 2038 versionem
3420 1983 3639 2052 produ-

2055 2072 2222 2140 xerit;
2252 2089 2375 2142 qua:
2403 2073 2803 2130 animadversio
2834 2076 2900 2129 ad
2932 2075 3364 2146 investigandum
3413 2085 3643 2145 tempus

2054 2179 2165 2234 quo
2212 2166 2372 2220 edita:
2420 2166 2640 2220 fuerunt
2665 2166 3076 2222 Constitutiones
3106 2168 3251 2222 haud
3293 2168 3514 2223 levioris
3549 2176 3644 2224 est

2056 2258 2336 2328 ponderis.
2366 2258 2689 2331 Hippolytus
2716 2267 2897 2315 autem
2940 2262 3440 2333 interpretationem
3466 2260 3640 2331 Sym-

2058 2349 2238 2403 machi
2288 2349 2434 2403 haud
2478 2350 2645 2405 semel
2690 2350 2899 2421 profert
2944 2352 3000 2406 in
3045 2352 3235 2422 paucis
3274 2367 3392 2422 quae
3439 2366 3645 2421 super—

2058 2448 2188 2495 sunt
2220 2441 2353 2511 (59).
2405 2440 2679 2514 Hippolyti
2717 2452 2802 2500 est
2842 2445 3005 2500 etiam
3038 2445 3099 2498 τὸ
3147 2444 3640 2516 ἀπονηστίζεσθαι,

2048 2535 2314 2604 jejunium
2344 2535 2560 2598 solvere,
2588 2536 3043 2603 quemadmodum
3082 2536 3136 2589 in
3166 2535 3294 2591 sede
3323 2550 3642 2588 marmorea

2059 2626 2233 2693 ipsius
2285 2624 2560 2696 Hippolyti
2616 2627 2811 2696 legitur
2864 2626 3321 2697 ἀπονηστίζεσθαι
3361 2627 3521 2679 sese:
3571 2618 3642 2677 οὗ

2061 2715 2126 2769 ἂν
2158 2716 2373 2788 ἐμπέσῃ
2403 2717 2670 2788 Κυριακή.
2703 2717 2913 2772 Solvere
2943 2727 3116 2771 autem
3147 2727 3348 2786 oportet
3366 2717 3643 2786 jejunium

2061 2807 2149 2860 ubi
2182 2807 2454 2862 Dominica
2490 2809 2753 2865 inciderit.
2793 2811 2992 2866 Eadem
3044 2811 3439 2881 signiﬁcatione
3488 2811 3641 2867 idem

2061 2900 2286 2953 verbum
2340 2900 2540 2969 smpius
2591 2904 2833 2955 occurrit
2883 2903 2937 2955 in
2984 2901 3459 2957 Constitutionibus
3491 2903 3638 2970 (60),

2064 2992 2311 3059 quamvis
2335 2990 2606 3047 ilervetus
2630 2995 2905 3047 contrario
2938 3010 3101 3049 sensu
3125 2996 3349 3049 verterit
3361 2994 3639 3063 jejunare,

369 3108 490 3162 λίαν
519 3082 702 3181 ίεράν,
726 3110 775 3163 οἱ
806 3109 1150 3180 ἀντεχόμενοι
1179 3082 1276 3180 τῆς
1306 3082 1636 3178 ἐπαγγελίας
1681 3105 1846 3161 αὐτοῦ
1894 3107 1959 3161 ἐκ

2064 3082 2521 3151 quemadmodum
2570 3092 2624 3138 et
2675 3085 2747 3140 cl.
2772 3096 2984 3148 auctor,
3035 3086 3129 3155 qui
3179 3086 3503 3155 hospitalem
3548 3095 3643 3139 ta-

374 3175 794 3271 προστάγματος
840 3175 1254 3270 τοδίωτῆρος,
1298 3175 1613 3271 ὁμόστοιχον
1655 3201 1776 3263 ταῖς
1818 3197 1960 3251 ἐνδό-

2064 3176 2242 3229 hulam
2294 3175 2644 3232 Clunienscm
2678 3178 2968 3233 illustravit
3008 3178 3141 3250 (61).
3204 3177 3405 3249 Josepb
3451 3188 3641 3234 autem

376 3290 487 3357 ξοις
506 3291 770 3362 φθογγαῖς
791 3291 977 3345 αὐτοῦ.
995 3290 1337 3345 Φυλάσσεσθε
1366 3293 1416 3346 οἱ
1444 3290 1579 3345 Θεοῦ
1611 3291 1719 3344 υἱοὶ
1745 3290 1959 3345 ἅπαντα

376 3386 452 3447 είς
487 3385 732 3456 ὑπακοὴν
761 3383 895 3437 Θεοῦ
927 3384 1211 3456 πράσσειν.
1242 3385 1353 3438 Καὶ
1380 3382 1601 3453 γένεσθε
1640 3383 1860 3453 ὰρεστοὶ
1900 3382 1959 3435 ὲν

374 3476 510 3528 πᾶσι
537 3475 755 3553 Κρεστῷ
784 3476 861 3547 τῷ
890 3476 1008 3548 Θεῷ
1037 3476 1212 3548 ἡμῶν.
1246 3474 1487 3531 Ecclesia
1517 3474 1779 3529 catholica
1804 3474 1958 3543 plan-

379 3567 513 3619 tatio
533 3566 651 3629 Dei,
692 3584 755 3619 ac
787 3567 934 3621 vinea
971 3568 1083 3637 ejus
1128 3568 1292 3621 electa
1333 3577 1476 3633 sunt,
1512 3567 1600 3636 qui
1632 3566 1687 3618 in
1721 3563 1954 3618 certissi-

385 3677 529 3715 mam
552 3660 648 3713 Dei
678 3660 981 3729 religionem
1014 3658 1299 3722 credidere,
1329 3658 1419 3727 qui
1446 3659 1814 3725 sempiternum
1842 3656 1957 3724 ejus

376 3768 591 3823 regnum
614 3766 704 3820 per
727 3750 883 3820 ﬁdem
923 3757 1318 3818 compararunt,
1358 3749 1447 3818 qui
1485 3748 1597 3817 ejus
1632 3749 1875 3801 uirtutem
1907 3757 1956 3800 et

382 3843 622 3913 Spiritus
647 3842 817 3895 sancti
836 3841 1289 3909 participationem
1311 3847 1639 3907 acceperunt,
1663 3854 1754 3907 per
1774 3837 1957 3891 Jesum

378 3933 598 3995 armati,
623 3947 685 3983 ac
707 3932 949 3983 timorem
970 3929 1082 3999 ejus
1117 3936 1223 3982 toto
1251 3938 1455 3997 pectore
1483 3928 1709 3996 amplexi
1725 3944 1745 3989 ;
1776 3943 1958 3995 asper-

380 4026 581 4081 sionem
611 4022 831 4091 pretiosi
861 4029 910 4074 et
941 4020 1230 4072 innocentis
1276 4019 1551 4088 sanguinis
1585 4016 1783 4073 Christi
1815 4034 1957 4071 com-

378 4116 727 4177 municantes,
751 4114 839 4183 qui
870 4112 1125 4182 ﬁduciam
1159 4119 1485 4178 acceperunt,
1519 4120 1579 4163 ut
1610 4111 1817 4164 nomine
1848 4109 1957 4163 Pa-

379 4214 479 4263 tris
520 4207 686 4261 Deum
735 4206 1135 4272 omnipotentem
1181 4202 1538 4273 appellarent,
1583 4200 1875 4255 cohwredes
1905 4212 1955 4256 et

379 4311 647 4358 consortes
678 4299 859 4353 dilecti
885 4298 1017 4351 Filii
1053 4298 1166 4367 ejus
1194 4313 1213 4354 .'
1239 4294 1418 4350 audite
1463 4296 1553 4363 qui
1592 4310 1658 4349 ea:
1701 4302 1955 4363 pracepto

379 4393 677 4451 Saluatoris
722 4392 1125 4460 promissionem
1170 4390 1284 4457 ejus
1324 4388 1577 4452 retinetis,
1610 4402 1821 4440 sacram
1858 4385 1955 4439 do—

2062 3264 2303 3335 Scaliger
2332 3269 2547 3339 diverse
2571 3270 2625 3323 in
2650 3270 3123 3325 Constitutionibus
3151 3271 3529 3340 accipiendum
3550 3271 3644 3325 di-

2060 3358 2339 3426 xit,atque
2365 3359 2418 3411 in
2435 3357 2706 3430 Hippolyti
2735 3360 2865 3415 sede
2891 3360 3316 3429 interpretanda,
3348 3375 3641 3429 perperam

2053 3448 2313 3517 jejunium
2333 3449 2621 3516 transferre
2656 3450 2839 3515 vertit,
2858 3465 3017 3519 quem
3040 3451 3131 3503 alii
3156 3450 3328 3505 secuti
3356 3450 3640 3523 sunt(62).

2057 3539 2197 3593 Ante
2227 3538 2572 3611 Hippolytum
2618 3557 2780 3595 nemo
2811 3542 2862 3595 id
2894 3542 3119 3596 verbum
3149 3544 3454 3611 usurpavit,
3486 3544 3643 3597 ideo-

2058 3642 2165 3693 que
2199 3642 2228 3678 a
2264 3627 2663 3697 lexicographis
2717 3629 3003 3699 ignoratur
3053 3649 3065 3684 :
3111 3639 3233 3700 post
3280 3630 3641 3702 Hippolytum

2059 3716 2349 3788 Dionysius
2410 3720 2810 3776 Alexandrinus
2871 3722 3138 3785 adhibuit,
3191 3724 3286 3777 sed
3344 3724 3419 3777 ita
3462 3736 3522 3777 ut
3566 3725 3644 3778 ab

2059 3809 2349 3881 Hippolyto
2396 3814 2678 3881 accepisse
2719 3815 3110 3883 propemodum
3167 3815 3468 3885 signiticet;
3507 3831 3637 3869 nam

2058 3903 2224 3957 relert
2258 3902 2515 3958 Ecclesiae
2545 3904 2805 3959 Romanae
2853 3906 2907 3959 in
2948 3907 3209 3961 solvendo
3245 3908 3460 3977 jejunio
3500 3922 3640 3961 con-

2060 3994 2405 4049 suetudinem
2431 3995 2543 4065 (65)
2590 4011 2710 4065 qua?
2755 3997 2812 4050 in
2842 3996 3321 4051 Constitutionibus
3352 4002 3519 4053 etiam
3548 4014 3640 4052 re-

2058 4089 2249 4155 currit,
2283 4097 2341 4142 ut
2364 4104 2457 4143 eas
2482 4088 2666 4143 Romae
2696 4089 2981 4146 confirmet
3012 4091 3182 4147 fuisse
3207 4094 3559 4162 compositas.

2132 4200 2195 4256 V.
2242 4200 2515 4272 Hippolyti
2540 4203 2786 4256 doctrina
2814 4212 2865 4257 et
2889 4204 3153 4273 ingenium
3196 4205 3250 4258 in
3281 4205 3638 4259 Constitutio-

2060 4293 2211 4347 m'bus
2244 4293 2416 4346 adhuc
2434 4293 2850 4349 elucent.-—Non
2882 4295 3048 4349 verba
3082 4296 3265 4361 modo,
3302 4297 3395 4352 sed
3435 4306 3489 4353 et
3529 4298 3639 4353 alia

2062 4383 2337 4455 Hippolyti
2385 4385 2818 4441 animadvertere
2868 4386 2995 4441 licet
3046 4388 3101 4441 in
3132 4386 3635 4451 Constitutionibus,

381 4490 636 4552 ctrinam,
679 4485 925 4557 gloriosis
959 4483 1072 4552 ejus
1099 4480 1305 4536 vocibus
1338 4497 1642 4534 consonam.
1674 4478 1956 4539 Attendite,
1991 4472 2041 4529 D
2067 4478 2231 4529 veluti
2308 4492 2431 4530 cum
2487 4478 2722 4548 appellat
2784 4476 2971 4533 Jesum
3032 4479 3311 4535 Christum
3371 4482 3640 4553 ἀρχιερέα

381 4578 486 4648 ﬁlii
512 4576 630 4641 Dei,
668 4584 725 4629 ut
759 4576 937 4628 omnia
986 4573 1041 4625 in
1078 4570 1372 4623 obedientia
1404 4568 1501 4621 Dei
1543 4567 1794 4636 faciatis;
1835 4575 1883 4616 et
1906 4565 1960 4617 in

382 4669 624 4723 omnibus
646 4677 808 4721 estote
837 4666 1048 4720 Christo
1079 4662 1189 4715 Deo
1218 4670 1396 4714 nostra
1435 4659 1650 4726 accepti.
1678 4657 1957 4711 Sinceram

382 4760 474 4816 hic
496 4760 765 4815 habemus
798 4757 1200 4813 confessionem
1225 4753 1321 4807 Dei
1344 4752 1528 4806 Patris
1568 4749 1956 4818 omnipotentis,

456 5045 745 5119 (57)Hinc
770 5047 942 5119 sumit
974 5048 1189 5102 initium
1231 5046 1599 5119 interpolatio.
1632 5045 1961 5119 quteinepte

386 5117 662 5188 aposthlos
694 5117 901 5171 inducit
930 5120 1240 5187 loquentes;
1274 5125 1328 5169 at
1364 5118 1522 5172 facile
1565 5118 1778 5188 restitui
1828 5134 1960 5188 pos-

385 5186 514 5259 sunt
555 5202 677 5259 qua:
721 5186 1022 5259 sequuntur
1064 5190 1110 5243 si
1144 5189 1415 5259 legamus:
1449 5186 1775 5259 ἀκούσαντες
1820 5186 1959 5259 διδας

386 5256 613 5312 σκαλίαῖν
658 5256 811 5329 ἱερὰν
840 5259 889 5311 οἱ
918 5256 1260 5329 ἀντεχόμενοι
1292 5258 1391 5328 τῆς
1420 5257 1751 5329 ἐπαγγελίας
1794 5256 1959 5329 αὑτοῦ

384 5327 906 5401 εκμπροστᾴγματος
935 5329 1029 5401 τοῦ
1049 5327 1312 5401 ’ξωτῆρος
1333 5327 1355 5389 ,⁷
1381 5328 1711 5401 ὀμόστοᾼιχον
1728 5330 1846 5401 ταῖς
1874 5328 1961 5401 sv-

384 5396 554 5462 δόξοις
612 5396 879 5468 φθογγαῖς
925 5398 1111 5451 αὑτοῦ.
1150 5396 1514 5460 Φυλάσσοντες
1560 5396 1635 5459 ὡς
1678 5396 1813 5449 Θεοῦ
1858 5399 1961 5451 υἱοὶ

386 5469 599 5522 ἅπαντα
627 5467 725 5533 θείς
772 5468 1016 5540 ὑπακοὴν
1054 5467 1192 5540 Θεοξ
1231 5468 1513 5540 πρᾲσσειν,
1549 5469 1642 5540 καλε
1685 5468 1961 5540 γενόμενοι

386 5540 604 5610 ᾁρεστοὶ
635 5541 692 5592 ὲν
722 5542 855 5593 πᾶσι
884 5537 1102 5609 Χριστῷ
1128 5537 1204 5607 τῷ
1229 5537 1346 5610 Θεῷ
1372 5541 1403 5608 ή
1414 5538 1547 5610 μῶν.
1705 5537 1959 5606 ρνιεὲερῑο

389 5608 683 5662 Saluatoris
722 5608 989 5663 audientes
1022 5626 1226 5663 sacram
1258 5608 1551 5661 doctrinam
1580 5609 1823 5677 gloriosis
1846 5610 1960 5677 ejus

390 5678 598 5750 uocibus
630 5696 933 5750 consonam,
957 5682 1249 5750 quicunque
1274 5679 1438 5750 ipsius
1466 5680 1831 5746 promissionis
1864 5679 1962 5732 ad-

391 5747 609 5804 hwrent.
663 5747 990 5805 observantes
1027 5747 1273 5822 tanquam
1300 5749 1392 5804 Dei
1421 5750 1552 5818 ﬁlii,
1586 5761 1647 5802 ut
1704 5751 1880 5804 omnia
1909 5752 1959 5803 in

2063 4566 2275 4619 πάντων
2303 4567 2409 4619 τῶν
2436 4567 2667 4635 λογικῶν
2694 4569 3010 4638 ταγμάτων,
3031 4569 3341 4639 Pontiﬁcem
3363 4576 3639 4627 universo-

2061 4675 2178 4710 rum
2222 4659 2565 4711 rationalium
2610 4660 2875 4724 ordinum,
2920 4677 3081 4730 quam
3126 4665 3452 4717 sententiam
3496 4663 3633 4734 Hip-

2063 4752 2231 4821 polyti
2280 4758 2469 4806 contra
2523 4751 2773 4807 ha’resim
2821 4752 3048 4808 Beronis
3105 4757 3422 4823 repetitam,
3486 4755 3636 4809 haud

2061 5043 2405 5118 obedientiam
2438 5044 2529 5118 _Dei
2578 5046 2798 5113 faciant,
2847 5057 3003 5117 utque
3046 5065 3101 5101 in
3145 5047 3384 5102 omnibus
3434 5054 3633 5118 accepti

2062 5115 2167 5167 sint
2197 5115 2408 5170 Christo
2432 5115 2537 5167 Deo
2568 5126 2768 5171 nostra.

2133 5187 2245 5254 (58)
2284 5184 2341 5239 S.
2368 5185 2588 5240 Hieron.
2623 5184 2828 5240 Comm.
2880 5189 2937 5241 in
2979 5187 3179 5249 lsa.'v,
3211 5188 3278 5255 2;
3308 5189 3547 5247 Coteler.
3580 5195 3634 5245 in

2064 5253 2460 5330 Constitmth,
2494 5264 2609 5330 not.
2637 5257 2706 5330 2;
2733 5256 3061 5330 _Montlaiic.,
3097 5253 3328 5330 Ilqapl.
3364 5277 3429 5322 ιι,
3462 5277 3513 5330 p.
3540 5261 3628 5317 96.

2134 5326 2247 5397 (59)
2289 5326 2347 5381 S.
2380 5326 2595 5397 Hippol.
2638 5328 2693 5379 in
2720 5327 3063 5400 (ἱεη.ᾼι,γο[)ἶ
3097 5336 3139 5381 t.
3172 5326 3322 5400 ll.’p.
3354 5326 3544 5400 ἰδίει
3579 5349 3633 5383 in

2061 5399 2252 5470 psalm.
2280 5411 2485 5470 nxxvu,
2509 5414 2575 5452 ex
2606 5412 2739 5470 mss.
2770 5398 2893 5452 cod.
2928 5399 2989 5454 Β.
3018 5398 3194 5470 M.ap.
3215 5398 3447 5455 Bandin.
3478 5399 3627 5466 L56.

2134 5468 2247 5537 (60)
2282 5466 2509 5537 Constit.
2540 5484 2596 5531 v,
2625 5468 2712 5523 15.

2134 5538 2245 5610 (6i)
2285 5536 2588 5610 Dichiaraz.
2615 5537 2685 5610 Di
2708 5555 2813 5591 una
2846 5548 2947 5593 tau.
2974 5541 3156 5608 ospit.,
3184 5556 3235 5610 p.
3256 5541 3343 5597 40.

2134 5606 2245 5681 (92)
2285 5606 2350 5661 ν.
2372 5606 3112 5681 Ηεξγςίικάπονηστήσασθαι
3146 5606 3265 5666 etJ.
3286 5615 3493 5669 Albert.
3514 5630 3629 5671 n0t.

2064 5695 2125 5732 ac
2152 5676 2406 5733 Thesaur.
2440 5676 2582 5731 Eccl.
2615 5676 2824 5733 Svicer.

2135 5750 2247 5820 (65)
2285 5747 2445 5805 Dion.
2479 5748 2654 5817 Alex.,
2690 5748 2787 5820 Ep.
2822 5750 2889 5805 ad
2916 5750 3181 5820 Basilid,
3208 5753 3241 5807 l.
