3896 6174
278 317 389 372 αδ

1096 304 1694 368 CONSTITUTIONES
1726 299 2202 359 APOSTOLICA‘I-
2226 333 2290 342 -—
2318 298 2664 356 PHOGEMIA

3431 294 3534 349 53$

281 432 519 488 omnino
572 430 766 502 probat
805 427 1063 485 Petavius
1105 424 1459 498 (64);jurene
1507 438 1576 477 an
1620 419 1862 488 injuria,
1892 423 1939 480 Α
1966 414 2543 482 saltatu—Quoniam
2578 427 2709 468 vero
2725 417 3057 481 postremum
3089 407 3535 464 Constitutionum

282 540 393 582 suo
441 524 568 579 loco
617 522 1020 593 inspiciendum
1065 520 1190 575 erit.
1245 517 1391 584 Quin
1443 517 1606 571 etiam
1646 510 1865 581 liturgia

284 630 459 688 quam
512 614 779 671 exhibent
829 611 1264 674 Constitutiones,
1289 607 1534 661 Romana
1581 611 1688 668 est,
1745 616 1867 672 quae

288 710 477 764 adhuc
528 708 587 763 in
624 705 910 777 pervigilio
948 702 1236 758 Paschalis
1281 698 1551 769 praecipua
1588 695 1675 751 sui
1715 700 1869 763 parte

286 810 569 861 senatur.
603 800 739 856 Nam
784 807 841 856 et
878 798 1131 854 Justinus
1174 795 1379 865 Martyr
1419 790 1666 848 eamdem
1711 788 1866 842 litur-

284 897 439 969 giam
471 894 747 964 designat,
778 906 843 946 ac
863 890 1051 946 Romae
1098 888 1346 945 scribens
1386 898 1496 940 non
1524 883 1685 937 aliam
1724 879 1869 934 indi-

286 994 497 1044 casset.
545 984 811 1051 Quamvis
860 988 1043 1037 autem
1080 981 1136 1034 in
1166 993 1233 1035 eo
1261 976 1606 1032 consentiant
1645 970 1866 1033 eruditi,

284 1077 437 1151 quod
477 1075 681 1132 Justini
727 1084 781 1130 et
823 1072 1271 1130 Constitutionum
1313 1083 1422 1124 una
1462 1067 1537 1123 sit
1568 1064 1871 1132 eademque

284 1168 534 1239 liturgia,
585 1165 945 1220 nihilominus
986 1163 1289 1218 Romanam
1326 1158 1495 1215 fuisse
1534 1161 1755 1227 negant,
1789 1160 1872 1207 at-

288 1276 400 1332 que
428 1260 501 1314 ab
541 1256 760 1313 Oriente
805 1261 1079 1326 repetunt.
1130 1250 1287 1317 Quod
1338 1262 1565 1304 necesse
1613 1260 1721 1300 non
1762 1251 1868 1308 est,

288 1367 421 1408 cum
475 1350 531 1405 in
561 1347 859 1406 Occidente
906 1346 1091 1416 potius
1135 1344 1189 1397 in
1235 1357 1335 1398 usu
1382 1338 1580 1402 fuerit,
1630 1336 1873 1404 adeoque

286 1440 472 1497 Graeci
497 1455 617 1495 eam
644 1439 967 1509 plerumque
991 1434 1297 1491 omiserunt
1334 1432 1389 1487 in
1416 1430 1532 1486 suis
1565 1426 1869 1483 codicibus.

285 1532 520 1588 Accedit
573 1529 631 1586 S.
648 1529 828 1585 Procli
860 1522 1454 1595 Constantinopolitani
1500 1518 1873 1576 testimonium

288 1625 536 1696 insigne,
565 1622 658 1694 qui
688 1621 934 1677 omnium
963 1619 1193 1691 primam
1224 1632 1344 1673 eam
1373 1614 1648 1683 liturgiam
1684 1626 1875 1666 recen-

285 1726 376 1773 set
401 1736 415 1771 :
444 1716 513 1770 "O
542 1732 603 1768 τε
645 1712 914 1785 μακάριος
952 1710 1185 1781 Κλήμης
1205 1747 1221 1772 ,
1265 1709 1294 1761 ὁ
1320 1705 1414 1759 τοῦ
1442 1702 1741 1775 κορυφαίου
1768 1701 1875 1755 τῶν

285 1808 610 1863 ἀποστόλων
651 1805 897 1877 μαθητὴς
933 1803 1029 1858 καὶ
1083 1801 1344 1870 διάδοχος,
1377 1796 1526 1868 αὑτῷ
1562 1796 1671 1849 τῶν
1716 1793 1875 1865 ἱερῶν

283 1899 611 1954 ἁποπόλων
659 1894 1155 1969 ὑπαγορευσάντων
1185 1908 1201 1943 :
1248 1891 1443 1947 Beatus
1477 1888 1727 1943 nimirum
1756 1884 1877 1940 Cle—

288 2008 441 2045 mens
472 1991 667 2045 summi
707 1989 853 2043 illius
888 1985 1251 2057 apostolorum
1292 1982 1545 2051 principis
1584 1977 1876 2047 discipulus

287 2093 341 2138 et
372 2098 667 2147 successor,
690 2082 779 2152 qui
806 2079 975 2133 sacris
1004 2076 1259 2148 apostolis
1298 2076 1346 2131 ei
1372 2073 1697 2129 distantibus
1727 2070 1876 2125 illam

288 2174 464 2230 edidit
490 2170 629 2247 (65).
674 2173 789 2229 Hoc
813 2170 1134 2229 testimonio
1163 2183 1288 2223 cum
1319 2172 1639 2238 premantur
1668 2163 1762 2233 qui
1791 2164 1878 2219 ni—

292 2268 469 2322 mium
501 2282 563 2322 se
593 2264 784 2321 faciles
818 2264 888 2320 ad
911 2261 1234 2333 ejurandam
1280 2260 1567 2316 veritatem
1615 2256 1877 2327 praebent,

292 2366 504 2429 negant
570 2356 628 2413 S.
651 2356 833 2412 Procli
884 2370 1039 2421 esse;
1093 2353 1297 2422 quique
1344 2349 1482 2405 adeo
1536 2349 1750 2404 ratione
1798 2346 1878 2402 uti

293 2449 578 2515 nolentes,
611 2446 921 2503 dimittendi
952 2451 1103 2501 sunt.
1154 2436 1423 2508 Quoniam
1460 2453 1591 2495 vero
1631 2437 1881 2493 animad-

293 2544 591 2605 vertimus,
624 2539 980 2610 Hippolytum
1030 2532 1465 2608 παρονομασίαις
1512 2533 1594 2588 vel
1638 2531 1880 2585 annomi-

294 2634 605 2692 nationibus
627 2633 954 2688 delectatum
983 2643 1127 2691 esse,
1154 2623 1469 2697 hujusmodi
1506 2622 1786 2694 ingenim
1823 2622 1880 2676 in

295 2723 779 2785 Constitutionibus
823 2734 1043 2792 quoque
1086 2733 1146 2773 se
1187 2716 1391 2787 prodit,
1421 2715 1515 2771 ubi
1545 2727 1881 2785 paganorum

294 2815 649 2875 sacriﬁculos
681 2828 789 2868 non
818 2811 1141 2871 sacerdotes,
1171 2806 1372 2879 ἱερέας,
1405 2805 1637 2875 appellat
1664 2810 1877 2866 auctor,

294 2909 399 2967 sed
431 2906 693 2979 μηιερέας
718 2903 991 2973 profanos,
1025 2897 1422 2968 immundosque
1460 2894 1574 2966 (66)
1619 2890 1882 2963 quemad-

295 2996 526 3053 modum
564 3002 619 3050 et
653 2992 916 3063 Sibyllam
948 2989 1214 3044 Ἀὅυλλαν
1244 2986 1382 3042 dixit
1410 2984 1566 3055 quasi
1622 2982 1878 3054 ἀδούλην,

295 3088 658 3144 inconsultam
693 3100 759 3139 ac
780 3084 1089 3140 dementem.
1123 3078 1231 3136 Sed
1259 3086 1314 3134 et
1336 3074 1607 3147 Hippolyti
1632 3074 1879 3130 doctrina
1909 3094 1953 3155 ρ

297 3183 494 3241 eadem
526 3181 630 3237 fuit
672 3181 728 3235 in
755 3172 1232 3236 Constitutionibus
1264 3171 1497 3241 aliisque
1543 3170 1660 3225 suis
1699 3166 1881 3237 operi-

297 3276 430 3340 bus,
460 3274 721 3328 nimirum
755 3271 1022 3326 catholica
1053 3283 1066 3319 :
1102 3263 1441 3337 Epiphanius
1470 3267 1619 3316 certe
1646 3259 1714 3315 de
1742 3258 1883 3314 Con-

294 3368 644 3422 stitutionum
672 3363 862 3419 codice
882 3360 1048 3416 verba
1093 3356 1318 3419 faciens,
1344 3355 1400 3408 in
1422 3340 1582 3424 quem
1610 3365 1717 3405 non
1747 3350 1883 3404 adeo

301 3460 663 3529 depravatum
700 3453 990 3515 inciderat,
1019 3450 1123 3505 hoc
1151 3447 1421 3519 judicium
1444 3444 1699 3515 protulit:
1726 3443 1883 3495 Πᾶσα

299 3550 416 3623 γὰρ
444 3552 503 3603 ἐν
532 3547 682 3618 αὐτῷ
709 3544 965 3616 κανονικὴ
993 3542 1145 3606 τάξις
1172 3539 1489 3610 ἐμφέρεται,
1520 3535 1615 3590 καὶ
1642 3533 1760 3587 οὐδὲ
1786 3533 1884 3602 τῆς

302 3638 768 3712 ὲκκλησιαστικῆς
829 3635 1178 3706 διοικήσεως,
1227 3630 1321 3684 καὶ
1370 3627 1590 3690 κανόνος
1645 3625 1738 3679 καὶ
1795 3623 1886 3676 πι-

303 3750 500 3796 στεως.
533 3731 719 3787 Omnis
742 3729 926 3800 quippe
954 3725 1238 3780 canonicus
1266 3724 1397 3776 ordo
1428 3723 1483 3774 in
1509 3721 1622 3789 ipso
1653 3718 1885 3773 contine—

302 3832 415 3887 tur,
451 3831 502 3876 et
535 3819 670 3875 nihil
698 3836 732 3873 a
757 3816 859 3888 ﬁde
894 3815 1158 3877 alienum,
1210 3808 1687 3878 adulteratumque,
1726 3819 1887 3875 neque

301 3932 341 3970 a
363 3911 711 3981 confessione,
740 3923 899 3978 neque
927 3905 993 3960 ab
1020 3901 1379 3959 ecclesiastica
1402 3896 1883 3957 administratione,

300 4016 357 4062 et
382 4020 601 4068 canone,
646 4017 707 4055 ac
744 3998 867 4069 ﬁde.
906 3995 1050 4061 Quin
1098 3992 1264 4048 etiam
1296 3989 1524 4045 ulterius
1564 3998 1887 4056 progressus

302 4106 415 4161 est,
447 4094 779 4162 easdemque
805 4084 1226 4143 Constitutiones
1266 4080 1406 4133 θεῖον
1435 4078 1613 4146 λόγον,
1653 4076 1887 4128 divinum

302 4201 602 4244 sermonem
626 4179 918 4253 appellavit
939 4176 1075 4248 (67).
1100 4172 1241 4241 Quid
1265 4171 1312 4228 si
1336 4170 1397 4225 S.
1416 4167 1752 4239 Epiphanius
1777 4164 1887 4236 (68)

302 4282 688 4347 incorruptam
716 4272 946 4327 vidisset
998 4282 1061 4322 ac
1107 4268 1378 4322 sinceram
1402 4258 1676 4331 Hippolyti
1726 4257 1891 4311 colle-

304 4369 587 4427 ctionem?
621 4365 773 4420 Hauc
819 4362 965 4419 enim
1017 4363 1280 4430 perpetuo
1325 4351 1566 4417 διάταξιν
1595 4350 1679 4405 vel
1706 4347 1891 4401 διατά-

308 4465 446 4535 ξεις,
491 4457 934 4517 Constitutionem
970 4459 1025 4507 et
1056 4446 1467 4505 Constitutioncs
1522 4441 1889 4513 apostolorum
1925 4445 1966 4498 D

307 4534 471 4622 dicit,
500 4563 788 4628 prepterea
819 4549 965 4621 quod
987 4548 1098 4618 jam
1128 4543 1352 4616 proprio
1382 4542 1601 4595 nomine
1646 4537 1705 4591 in
1752 4534 1887 4605 ipsis

309 4650 528 4710 inducti
578 4654 733 4704 erant
781 4640 1054 4712 apostoli,
1131 4644 1390 4705 tauquam
1438 4630 1777 4702 legislatores
1826 4642 1889 4681 ac

309 4741 567 4815 magistri
607 4736 913 4795 doctrinam
950 4739 1003 4787 et
1031 4733 1301 4801 praecepta
1346 4721 1703 4795 proferentes.
1755 4716 1888 4787 Hip-

311 4811 538 4907 polytus
570 4838 750 4883 autem
784 4822 1006 4880 nonnisi
1048 4817 1344 4890 παράδοσιν
1366 4811 1745 4881 ἁποστολικήν,
1780 4816 1890 4860 tra-

314 4900 577 4981 ditionem
613 4915 1355 4991 apostolicam,exposuerat,
1401 4919 1523 4975 quae
1556 4902 1648 4956 illa
1678 4900 1893 4954 fictione

314 5013 661 5088 loquentium
692 5007 1063 5081 apostolorum
1082 5016 1192 5057 non
1215 4996 1508 5068 indigebat.
1534 4992 1673 5047 Hinc
1701 5004 1893 5058 suspe-

316 5082 427 5168 ctae
473 5106 710 5180 primum
759 5096 1216 5157 Constitutiones,
1275 5087 1473 5146 deinde
1535 5085 1698 5141 etiam
1756 5082 1896 5137 inter

319 5198 639 5276 apocrypha
669 5194 875 5254 relatas,
897 5186 1067 5246 veluti
1092 5186 1161 5240 ab
1184 5180 1443 5239 hcereticis
1473 5184 1752 5246 corruptae.

395 5265 611 5349 Vl."De
647 5285 953 5344 Canonibus
993 5276 1318 5350 apostolicis.
1374 5272 1454 5326 An
1498 5268 1562 5324 ab
1610 5265 1897 5336 Hippolyto

399 5406 764 5481 (64lAPetav.,
810 5399 991 5456 Theol.
1042 5396 1211 5467 Dogm
1240 5433 1255 5457 ,
1287 5387 1516 5455 111,10;
1546 5382 1773 5440 Constit.
1819 5396 1894 5442 vi,

638 5544 819 5601 Procl.
839 5581 854 5604 ,
890 5539 987 5608 Ep.
1027 5537 1091 5591 de
1124 5534 1307 5608 tradit.
1331 5531 1435 5608 div.
1468 5528 1614 5581 miss.

1966 509 2190 572 librum,
2236 508 2328 578 qui
2379 515 2610 561 octavus
2637 511 2743 568 est,
2800 501 3119 557 nominatim
3172 501 3227 555 in
3255 500 3540 556 codicibus

1969 600 2252 671 Hippolyto
2278 601 2545 655 tributum
2569 596 2808 653 Canones
2833 594 3190 664 apostolorum
3213 599 3537 662 sequuntur,

1966 690 2036 747 de
2082 691 2219 761 ipsis
2270 688 2477 759 aliquid
2514 695 2601 744 est
2642 685 3063 756 subjiciendum.
3107 682 3260 737 Hanc
3288 681 3542 751 equidem

1967 780 2342 835 collectionem
2370 785 2738 849 pervetustam
2779 791 2903 831 esse
2931 782 3057 831 ante
3090 774 3309 829 concilii
3337 770 3539 828 Nicami

1969 880 2249 942 tempora,
2300 886 2428 926 cum
2472 870 2763 943 rigidiores
2817 869 2999 925 critici
3045 867 3340 932 fateantur,
3405 866 3542 921 nihil

1969 977 2109 1019 sane,
2153 961 2209 1016 in
2255 962 2446 1017 eadem
2490 961 2731 1017 occurrit
2778 960 2921 1031 quod
2952 958 3226 1030 Hippolyti
3275 974 3391 1014 aevo
3433 973 3543 1013 non

1969 1054 2260 1109 conveniat
2292 1073 2305 1109 :
2339 1053 2512 1123 ipsius
2539 1053 2789 1122 quinimo
2849 1053 3124 1122 ingenium
3151 1051 3333 1122 prodit
3364 1066 3544 1107 canon

1971 1146 2038 1201 de
2058 1144 2349 1209 Paschate,
2382 1160 2452 1200 ne
2480 1145 2789 1203 celebretur
2832 1145 2939 1216 πρὸ
2965 1145 3062 1215 τῆς
3090 1144 3313 1215 ἐαρινῆς
3355 1146 3547 1215 ἰσημε-

1974 1236 2095 1306 ρίας
2126 1235 2264 1307 μετά
2298 1235 2590 1299 Ἰουδαίων,
2628 1245 2748 1289 ante
2783 1251 2995 1289 vernum
3015 1234 3387 1304 wquinoctium
3426 1250 3547 1289 cum

1970 1324 2212 1389 Judwis;
2242 1327 2335 1397 qui
2366 1328 2553 1396 utique
2581 1324 2809 1382 debetur
2840 1326 3065 1397 synodis
3096 1325 3198 1380 hac
3224 1326 3292 1380 de
3323 1341 3385 1380 re
3411 1340 3544 1381 coa-

1973 1417 2076 1472 ctis
2118 1416 2374 1486 pontiﬁce
2420 1414 2682 1479 Victore,
2738 1414 2883 1470 unde
2931 1422 3312 1486 argumentum
3358 1414 3549 1471 habuit

1975 1503 2301 1577 Hippolytus
2349 1504 2639 1575 evulgaudi
2687 1505 2882 1560 librum
2908 1504 2986 1558 De
3011 1504 3295 1569 Paschate,
3340 1520 3406 1560 ac
3452 1504 3548 1559 de-

1976 1596 2102 1652 inde
2133 1596 2453 1652 Paschalem
2482 1594 2778 1652 Canonem.
2828 1593 3102 1653 Plurimos
3143 1611 3212 1650 ex
3262 1594 3413 1651 hisce
3456 1611 3550 1651 ca-

1974 1686 2212 1745 nonibus
2239 1687 2309 1742 ab
2334 1686 2577 1742 Ecclesia
2602 1684 2850 1739 Romana
2890 1684 3058 1741 fuisse
3087 1692 3334 1755 receptos
3361 1685 3551 1754 explo-

1976 1784 2155 1843 ratum
2185 1785 2291 1845 est,
2334 1776 2481 1847 quod
2524 1776 2750 1831 minime
2795 1774 2997 1831 factum
3033 1785 3200 1841 esset,
3228 1776 3275 1832 si
3310 1791 3559 1832 canones

1978 1869 2115 1924 alios
2157 1867 2218 1923 E.
2244 1868 2313 1927 Β.
2347 1878 2622 1925 servasset
2671 1870 2740 1923 ab
2785 1869 2872 1926 his
2913 1868 3179 1923 diversos.
3234 1867 3390 1924 Unde
3419 1884 3552 1924 vero

1976 1955 2221 2013 Ecclesia
2242 1955 2487 2012 Romana
2517 1972 2758 2014 canones
2786 1959 3110 2029 accepisset,
3142 1958 3249 2015 nisi
3278 1971 3308 2010 a
3338 1959 3552 2030 seipsa?

1977 2047 2145 2120 quue
2185 2049 2321 2104 adeo
2351 2066 2539 2105 verum
2571 2058 2677 2115 est,
2712 2058 2770 2105 ut
2801 2050 3095 2123 Zephyrini
3136 2051 3407 2123 pontiﬁcis
3451 2068 3552 2108 ιο-

1977 2156 2101 2196 men
2150 2140 2343 2196 iisdem
2386 2142 2690 2196 canonibus
2722 2143 3105 2213 praamittatur,
3148 2144 3240 2217 qui
3288 2143 3356 2197 ab
3385 2143 3447 2198 E.
3479 2142 3546 2198 R.

1978 2233 2195 2304 probati
2228 2240 2355 2287 sunt
2385 2231 2520 2304 (69).
2570 2233 2797 2289 Temere
2839 2242 3022 2288 autem
3053 2242 3397 2305 assumptum
3428 2250 3553 2291 esse

1979 2340 2179 2380 nomen
2222 2324 2548 2396 Zephyriui,
2609 2340 2734 2379 cum
2778 2341 2968 2381 revera
3012 2327 3115 2381 sub
3162 2326 3282 2396 ipso
3330 2327 3550 2391 vixerit,

1980 2419 2369 2489 scripseritque
2430 2417 2793 2488 Hippolytus,
2867 2434 3030 2474 nemo
3100 2419 3203 2474 sibi
3278 2421 3550 2486 suaserit,

1979 2510 2230 2581 quamvis
2268 2511 2499 2580 epistola
2546 2511 2691 2565 illius
2734 2510 2953 2566 nomine
2983 2510 3217 2565 conﬁcta
3247 2513 3336 2567 sit.
3367 2511 3554 2583 Neque

1981 2618 2108 2658 vero
2125 2602 2451 2675 Hippolytus
2478 2603 2652 2659 inscio
2667 2603 2751 2658 vel
2773 2603 2992 2659 nolente
3020 2604 3277 2673 pontiﬁce
3315 2606 3371 2660 in
3394 2606 3556 2661 tabu-

1981 2696 2117 2749 laria
2147 2704 2453 2766 penetrare,
2474 2708 2537 2748 ac
2568 2694 2882 2750 reconditos
2903 2710 3142 2750 canones
3160 2696 3213 2750 in
3236 2697 3412 2751 lucem
3437 2698 3553 2767 pri-

1982 2803 2103 2842 mus
2121 2787 2281 2843 edere
2304 2787 2595 2859 potuisset;
2611 2787 2729 2843 utsi
2760 2785 3054 2857 Zephyrini
3075 2788 3373 2844 auctoritas
3394 2789 3560 2843 inter-

1981 2881 2232 2945 cesserit,
2267 2880 2441 2951 ipsius
2488 2894 2687 2934 nomen
2734 2879 2934 2934 alicubi
2984 2880 3039 2934 in
3090 2896 3189 2935 sua
3234 2881 3557 2936 collectione

1983 2971 2401 3027 commendasse
2449 2970 2841 3041 Hippolytum,
2892 2978 2987 3025 aut
3039 2978 3188 3027 certe
3238 2972 3323 3027 sui
3375 2974 3557 3043 operis

1983 3071 2199 3134 tempus
2244 3064 2561 3135 designasse
2607 3062 2819 3131 opinari
2862 3062 3041 3117 liceat.
3092 3060 3151 3117 in
3179 3061 3401 3119 Oriente
3435 3065 3561 3134 qui-

1984 3154 2105 3209 dem
2148 3170 2213 3210 ea
2257 3155 2494 3210 obtinuit
2540 3154 2844 3217 sententia,
2896 3169 3135 3210 canones
3186 3155 3560 3223 apostolorum

1984 3244 2154 3302 fuisse
2192 3246 2263 3301 ab
2292 3245 2583 3317 Hippolyto
2632 3246 2914 3308 collectos,
2957 3244 3100 3299 unde
3140 3253 3195 3301 et
3233 3246 3300 3299 ad
3333 3262 3559 3300 canones

1984 3340 2343 3406 apostolorum
2376 3355 2472 3409 per
2506 3338 2850 3408 Hippolytum
2894 3337 3163 3408 allegant,
3206 3338 3563 3407 quemadmo-

1985 3431 2115 3487 dum
2142 3430 2382 3486 Joannes
2407 3428 2664 3485 Darensis
2684 3467 2700 3493 ,
2730 3427 2824 3498 qui
2852 3443 2950 3482 vur
2982 3438 3034 3482 et
3070 3443 3129 3482 ix
3163 3431 3364 3483 saeculo
3401 3428 3562 3495 vixit,

1985 3524 2227 3580 ostendit
2264 3522 2536 3578 neminem
2581 3536 2683 3577 suo
2720 3535 2836 3575 aevo
2865 3519 3167 3582 dubitasse,
3195 3520 3328 3591 quin
3357 3518 3565 3591 Hippo-

1986 3618 2132 3690 lytus
2157 3614 2321 3670 fuerit
2357 3612 2671 3669 eorumdem
2703 3626 2974 3666 canonum
3005 3610 3183 3666 editor

1991 4055 2144 4122 Quod
2172 4054 2380 4125 quidem
2418 4061 2467 4107 et
2507 4066 2732 4105 canones
2773 4050 3159 4118 apostolorum,
3189 4049 3279 4119 qui
3305 4064 3397 4117 per
3428 4048 3567 4118 Hip-

1989 4149 2248 4218 polytum,
2308 4143 2619 4215 prwcipiunt
2673 4139 2807 4210 (70).
2852 4139 3044 4194 Sermo
3097 4147 3216 4195 erat
3270 4140 3338 4193 de
3391 4140 3567 4209 primo

1991 4238 2364 4309 apostolorum
2407 4248 2622 4289 canone
2658 4252 2670 4286 :
2715 4231 3006 4300 Episcopus
3051 4248 3084 4285 a
3113 4229 3316 4285 duobus
3345 4241 3437 4284 aut
3469 4234 3571 4285 tri-

1994 4336 2088 4390 bus
2139 4334 2396 4404 episcopis
2456 4332 2748 4385 ordinetur.
2795 4326 3039 4396 Denique
3091 4327 3209 4395 ipse
3236 4324 3570 4397 Hippolytus

1995 4430 2136 4482 hanc
2168 4426 2489 4482 sententiam
2532 4423 2822 4478 conﬁrmat
2856 4421 2963 4473 alio
3005 4422 3058 4472 in
3098 4432 3261 4487 opere
3288 4418 3434 4486 quod
3471 4433 3571 4488 pou

1992 4518 2320 4575 sterioribus
2387 4516 2547 4570 anuis
2611 4510 2952 4568 elucubravit
3006 4526 3018 4560 :
3074 4504 3235 4563 Οἶκον
3280 4508 3415 4561 Θεοῦ
3469 4511 3571 4583 τὴν

2002 4613 2346 4685 Ἐκκλησίαν,
2402 4607 2728 4663 ἐπιστέλλων
2762 4607 2791 4658 ὁ
2829 4602 3039 4666 Παῦλος
3084 4600 3333 4671 Τιμοθέῳ
3380 4600 3576 4654 uulsi;

1990 4710 2132 4761 Ἐὰν
2167 4704 2234 4758 δὲ
2257 4703 2559 4773 βραδύνω,
2579 4701 2680 4754 ἵνα
2707 4696 2872 4766 εἰδῇς
2892 4694 3018 4762 πῶς
3044 4693 3139 4749 δεῖ
3158 4694 3227 4747 ἐν
3250 4694 3393 4757 οἴκῳ
3422 4694 3570 4748 Θεοῦ

1991 4797 2497 4867 ἀναστρέφεσθαι,
2531 4794 2663 4861 ἥτις
2706 4789 2878 4845 ἐστὶν
2920 4788 3249 4855 Ἐκκλησία
3285 4786 3392 4840 τοῦ
3423 4785 3576 4840 Θεοῦ

1992 4889 2223 4956 ζῶντος.
2256 4887 2459 4941 Τούτου
2504 4884 2595 4938 τοῦ
2638 4884 2788 4937 οἴκου
2827 4879 3010 4949 ἀγαθὰ
3037 4878 3107 4932 τὰ
3132 4877 3226 4932 τοῦ
3256 4877 3572 4948 Πνεύματος

1993 4983 2323 5054 χαρίσματα,
2352 4978 2421 5032 τά
2446 4995 2507 5030 τε
2534 4976 2662 5046 περὶ
2689 4973 2935 5045 Τριὰδος,
2972 4972 3067 5025 καὶ
3093 4970 3162 5023 τὰ
3187 4968 3349 5023 λοιπὰ
3372 4968 3573 5040 δόγμα-

1994 5092 2090 5139 τα,
2121 5075 2232 5127 οἵτε
2278 5069 2665 5143 παραδοθέντες
2709 5066 2813 5120 ὑπὸ
2856 5064 2963 5118 τῶν
3027 5062 3338 5121 ἀποστόλων
3382 5060 3572 5131 θεσμοὶ

1998 5170 2090 5223 καὶ
2117 5166 2353 5228 κανόνες.
2418 5164 2503 5216 Ἐν
2534 5161 2591 5215 δὲ
2617 5160 2792 5229 τούτῳ
2834 5155 3162 5227 θαυμαστῶς
3191 5156 3227 5225 ἡ
3254 5153 3421 5225 ἀρετὴ
3452 5153 3576 5205 ὲπι-

1996 5263 2262 5324 τελεῖται,
2290 5256 2597 5327 καλουμένη
2638 5250 2970 5320 δικαιοσύνη.
3021 5248 3248 5301 Domum
3276 5246 3373 5299 Dei
3422 5255 3575 5299 vocat

2073 5374 2185 5446 (68)
2226 5372 2283 5446 ξ.
2310 5370 2604 5442 Epiphan.,
2640 5366 2781 5446 lues:
2802 5362 3130 5446 Lxxuilﬁiet
3160 5362 3289 5415 haar.
3321 5373 3489 5422 Lxxx,
3517 5359 3567 5412 7.‘

2075 5430 2188 5516 (69)
2226 5430 2477 5516 Distinet.
2509 5455 2621 5500 xvi,
2656 5437 2711 5501 2,
2745 5435 2900 5516 Oecr.
2920 5430 3083 5516 ,εἶναι

2073 5497 2187 5588 (70)
2229 5513 2558 5588 lo.‘l)arens
2607 5497 2707 5578 ap.
2744 5506 2885 5588 libr;
2920 5500 3158 5588 Ecp'hcll.
3181 5500 3277 5588 ,ρξ’
3302 5497 3447 5588 Eccl:
3480 5498 3575 5552 Al.

325 5499 394 5556 ρο

398 5498 611 5691 ζθὸὒυέ.
638 5544 819 5601 Procl.
839 5581 854 5604 ,
890 5539 987 5608 Ep.
1027 5537 1091 5591 de
1124 5534 1307 5589 tradit.
1331 5531 1435 5584 div.
1468 5528 1614 5581 miss.

426 5551 517 5689 66;
557 5619 813 5677 Mairan.,
846 5610 1012 5680 Prwf.
1045 5610 1101 5661 in
1142 5604 1447 5666 S.Justin.,
1477 5616 1527 5669 p.
1567 5614 1627 5661 ιι,
1658 5595 1743 5657 10,
1779 5593 1812 5646 2
1849 5598 1895 5646 et

2073 5498 2187 5588 (70)
2229 5516 2303 5568 lo.
2353 5513 2558 5564 Dareus
2607 5498 2706 5578 ap.
2744 5506 2875 5559 Abr.
2920 5500 3158 5555 Ecchell.
3195 5500 3271 5554 De
3302 5498 3447 5553 Eccl.
3480 5498 3571 5552 Αι.

2006 5590 2180 5691 εζγὶᾳη
2207 5580 2719 5691 ρ.³¹92;ὶν1.ἐὴεεθιη.
2749 5576 2810 5631 Β.
2840 5574 2904 5631 0.
2937 5580 2975 5626 t.
3003 5570 3066 5633 Il,
3103 5572 3299 5639 [ι.1’18,
3330 5579 3379 5623 ct
3405 5569 3571 5633 Cave,

556 5758 780 5816 Constit.
818 5769 878 5819 ιι,
912 5751 1002 5818 28,
1037 5756 1090 5806 et
1120 5765 1172 5814 v,
1206 5747 1251 5801 7.
1336 5810 1339 5811 ν

2006 5660 2077 5713 ll.
2104 5652 2167 5712 ‘L.
2208 5652 2245 5710 i.
2275 5654 2337 5716 ιι,
2380 5652 2572 5724 p.131.
