3896 6174
350 280 460 342 535

1190 280 1248 336 S.
1282 279 1682 338 CLEMENTIS
1717 278 1734 332 l
1771 279 1938 335 ROM.
1978 278 2181 337 PONT.
2221 280 2452 336 OPERA
2484 281 2714 340 DUBIA.

3508 284 3619 341 558

349 403 558 463 Paulus
585 397 904 463 Ecclesium,
936 396 1005 451 ad
1040 396 1375 452 Timotheum
1416 395 1691 450 scribens:
1721 392 1778 448 Si
1827 409 1926 448 au-

2034 411 2175 450 στων
2222 396 2654 466 συγκατάθεσιν,
2709 400 2799 454 ἵνα
2848 400 2944 467 οὒς
2984 402 3086 456 ούκ
3130 402 3346 455 ἔπεισεν
3387 402 3417 454 ὁ
3442 400 3629 468 λόγος.

348 505 458 552 tem
504 491 833 555 tardavero,
876 496 937 543 ut
976 489 1122 545 scias
1164 488 1444 558 quomodo
1486 494 1737 557 oporteat
1779 493 1833 542 te
1876 485 1935 540 in

347 587 512 641 domo
532 582 628 639 Dei
659 581 1000 643 conversari,
1026 596 1150 651 quae
1179 588 1265 636 est
1282 578 1528 635 Ecclesia
1545 577 1641 634 Dei
1670 578 1779 633 vivi
1796 576 1930 648 (71).

356 676 530 745 Hujus
565 676 756 729 domus
796 671 933 727 bona
977 682 1101 726 sunt
1127 672 1364 742 Spiritus
1403 672 1753 735 charismata,
1795 681 1843 723 et
1870 668 1935 723 de

350 770 633 831 Trinitate,
667 776 966 835 ceteraque
1001 764 1284 836 dogmata,
1333 775 1384 819 et
1420 765 1757 828 traditiones,
1792 763 1934 821 Con-

347 864 771 933 stitutionesque,
802 874 852 914 et
874 859 1115 915 Canones
1148 860 1531 929 apostolorum.
1558 846 1625 914 In
1647 860 1726 913 his
1760 868 1934 913 autem

348 952 669 1007 mirabiliter
711 952 879 1005 virtus
925 951 1222 1019 perﬁcitur,
1266 966 1385 1020 quae
1412 950 1633 1019 justitia
1672 964 1937 1018 nuncupa-

351 1054 438 1097 tur
483 1043 624 1113 (72).
669 1042 939 1098 Provocat
985 1041 1392 1112 quodammodo
1442 1042 1511 1096 ad
1568 1042 1746 1113 ipsum
1796 1057 1936 1113 opus

345 1152 457 1207 quo
489 1136 557 1192 de
587 1136 823 1208 agimus,
851 1144 905 1189 et
941 1135 1258 1205 singulatim
1304 1141 1554 1190 recenset
1597 1150 1709 1188 non
1769 1134 1935 1189 modo

346 1230 693 1293 charismata,
724 1238 774 1283 et
802 1228 1165 1299 apostolorum
1197 1227 1530 1291 traditiones,
1558 1242 1747 1281 verum
1770 1226 1936 1281 etiam

348 1322 624 1387 Canones,
671 1320 918 1391 adeoque
948 1321 1051 1375 hos
1092 1320 1299 1391 pariter
1346 1321 1403 1375 in
1448 1320 1772 1375 collectione
1803 1316 1938 1389 Hip-

346 1414 516 1485 polyti
560 1411 733 1469 fuisse
770 1411 1120 1467 manifestius
1166 1420 1416 1482 apparet.
1450 1409 1527 1466 De
1557 1425 1789 1467 numero
1831 1410 1936 1463 ita-

344 1520 453 1575 que
497 1518 773 1559 canonum
829 1518 971 1573 quos
1015 1501 1346 1573 Hippolytus
1400 1500 1682 1557 recensuit
1735 1498 1935 1555 incerti

344 1612 569 1661 sumus,
613 1595 681 1652 de
720 1596 1047 1651 collectione
1092 1610 1201 1649 non
1251 1594 1404 1651 item.
1462 1592 1935 1661 Quemadmodum

2032 487 2258 554 τούτους
2288 491 2321 560 ἡ
2349 491 2458 544 τῶν
2490 491 2733 563 σημείων
2771 492 3073 568 δυσειητήσῃ
3117 494 3362 566 δύναμις.
3405 493 3489 547 Τὰ
3512 494 3629 565 γὰρ

2035 583 2238 652 σημεῖα
2281 583 2344 637 ού
2384 586 2497 647 τοῖς
2546 587 2754 649 πιστοῖς
2807 587 2961 657 ήμῖν,
3005 586 3144 640 ἀλλά
3182 589 3296 650 τοῖς
3349 587 3629 649 ἀπίστοις,

2048 674 2314 729 Ἰουδαίων
2341 693 2401 729 τε
2429 679 2523 731 καὶ
2579 678 2864 749 Ἑλλήνων.
2922 678 3060 733 Οὔτε
3108 679 3219 751 γὰρ
3264 678 3327 732 τὸ
3364 678 3633 750 δαίμονας

2036 767 2317 822 ἐκϐάλλειν
2358 771 2624 842 ἡμέτερον
2666 772 2857 844 κέρδος
2876 812 2889 836 ,
2934 772 3070 825 ἀλλὰ
3097 773 3205 826 τῶν
3233 774 3484 845 ἐνεργείᾳ
3508 775 3634 827 Ku-

2038 861 2156 932 ρίου
2184 861 2611 934 καθαιρομένων.
2632 862 2754 919 Non
2776 864 2844 918 ad
2866 866 3150 919 utilitatem
3176 881 3238 919 ea
3264 867 3625 935 operantium,

2036 952 2127 1007 sed
2182 953 2251 1007 ad
2306 956 2604 1023 inﬁdelium
2657 959 3015 1013 assensionem
3065 958 3324 1013 concedi:
3349 969 3408 1013 ut
3432 959 3627 1028 quibus

2037 1060 2141 1098 non
2178 1048 2444 1115 persuasit
2482 1063 2684 1110 sermo,
2725 1046 2818 1102 hos
2848 1049 3015 1102 virtus
3049 1050 3321 1119 signorum
3351 1049 3530 1116 ﬂectat
3561 1063 3632 1100 ac

2036 1136 2235 1206 pudore
2299 1138 2513 1206 afficiet.
2581 1137 2748 1209 Signa
2808 1140 2953 1194 enim
3004 1156 3113 1193 non
3171 1139 3319 1193 nobis
3369 1138 3631 1194 ﬁdelibus

2035 1229 2295 1296 eduntur,
2335 1230 2431 1285 sed
2477 1230 2806 1295 infidelibus,
2832 1246 2950 1284 cum
2978 1229 3293 1286 Judworum
3338 1240 3448 1285 tum
3473 1230 3632 1286 Gree-

2036 1334 2239 1373 corum.
2274 1317 2456 1390 Neque
2483 1321 2622 1373 enim
2650 1320 2913 1375 damones
2943 1322 3152 1389 ejicere,
3195 1331 3435 1375 nostrum
3475 1337 3631 1376 emo-

2038 1410 2325 1464 lumentum
2347 1421 2446 1475 est,
2479 1412 2570 1466 sed
2593 1428 2774 1467 eorum
2796 1410 2884 1483 qui
2912 1428 3003 1483 per
3028 1413 3241 1468 Domini
3264 1415 3625 1482 operationem

2034 1512 2348 1573 purgantur.
2384 1503 2461 1557 Ac
2488 1502 2863 1559 Tertullianus
2895 1506 3115 1576 quidem
3149 1505 3362 1562 somnia
3396 1506 3630 1559 mulier-

2036 1596 2287 1650 cularum
2308 1597 2606 1653 insolenter
2629 1599 2793 1653 nimis
2814 1598 3143 1653 charismate
3159 1599 3411 1661 vocabat,
3438 1612 3635 1668 quem-

342 1704 475 1745 vero
505 1686 760 1758 superius
800 1686 1175 1742 testimonium
1206 1683 1500 1757 Hippolyto
1528 1686 1807 1748 convenit,
1838 1684 1934 1755 qui
1967 1749 2008 1761 __
2038 1686 2332 1744 admodum
2369 1690 2427 1743 in
2466 1690 2680 1745 visione
2726 1690 2818 1743 illa
2855 1690 2922 1745 de
2966 1691 3149 1744 anima
3193 1690 3467 1761 corporali
3513 1689 3628 1745 ait:

342 1779 567 1833 titulum
613 1778 794 1849 ipsum
839 1776 927 1831 sui
970 1776 1156 1845 operis
1203 1749 1479 1845 in-eoque
1536 1781 1797 1829 contenta
1848 1749 1937 1829 οι·
1967 1749 2251 1835 BEtDeus
2293 1782 2439 1836 testis
2468 1790 2517 1837 et
2542 1781 2849 1851 Apostolus,
2883 1781 3274 1835 charismatum
3294 1749 3360 1834 lin
3384 1778 3632 1834 Ecclesia

344 1871 567 1942 pressit,
616 1870 688 1924 ita
730 1883 895 1924 nemo
937 1868 1298 1936 imposterum
1352 1866 1505 1937 loqui
1534 1881 1603 1922 eo
1632 1864 1796 1921 modo
1821 1866 1937 1936 {po-

343 1965 564 2022 tuisset.
593 1962 727 2019 Nam
756 1962 921 2033 paulo
948 1968 1094 2032 post,
1124 1960 1315 2016 eodem
1344 1976 1405 2013 ιιι
1437 1960 1640 2018 saeculo
1667 1967 1932 2024 vertente,

343 2073 468 2112 cum
496 2056 773 2129 Hippolyti
797 2070 936 2126 opus
972 2061 1298 2125 corruptum
1336 2054 1836 2125 interpolatumque
1878 2054 1937 2108 in

344 2149 569 2206 Oriente
603 2148 789 2213 fuerit,
832 2156 997 2217 atque
1030 2145 1189 2213 adeo,
1231 2147 1398 2202 sicuti
1427 2160 1577 2201 nunc
1606 2153 1809 2211 exstat,
1848 2146 1936 2201 in-

343 2249 429 2297 ter
459 2240 771 2312 apocrypha
817 2240 1090 2295 relatum:
1120 2239 1381 2309 quisnam
1440 2238 1675 2295 subinde
1708 2239 1766 2293 in
1795 2254 1935 2309 prte-

344 2335 508 2406 eipua
558 2333 820 2388 Ecclesia:
869 2332 1031 2386 laude
1075 2331 1375 2401 posuisset,
1425 2346 1547 2385 eam
1599 2332 1933 2401 apocrypliis

344 2428 597 2483 dubiisve
639 2424 1147 2481 Constitutionibus
1205 2423 1627 2479 administrari?
1665 2421 1931 2493 Equidem

346 2522 413 2577 ad
443 2519 721 2591 Hippolyti
767 2517 982 2573 laudem
1010 2516 1266 2586 pertinet,
1297 2513 1447 2586 quod
1494 2514 1615 2569 alite
1642 2513 1930 2569 collectio-

344 2630 445 2671 nes
494 2619 823 2683 pervetustis
870 2610 939 2663 ab
983 2608 1261 2664 haereticis
1304 2606 1390 2661 vel
1443 2605 1583 2660 ﬁcta:
1632 2605 1719 2661 vel
1762 2606 1933 2661 inter-

344 2707 561 2779 polatae,
607 2719 671 2759 ac
709 2702 924 2769 magnis
980 2700 1206 2754 Patrum
1269 2698 1588 2754 nominibus
1634 2696 1929 2767 insignitae,

345 2814 471 2855 eum
505 2794 805 2867 repudiata:
837 2793 1077 2859 fuerint;
1110 2806 1218 2845 una
1245 2790 1420 2860 ipsius
1455 2790 1712 2845 collectio
1738 2804 1931 2859 quam-

345 2891 431 2946 vis
479 2888 807 2957 interpolata
857 2886 1087 2939 multum
1139 2883 1265 2938 aliis
1309 2888 1529 2952 praestet
1597 2879 1733 2935 Nam
1788 2880 1931 2935 sicut

344 2978 659 3035 διδασκαλία
698 2976 795 3031 τοῦ
825 2977 1089 3047 Ποιμένος
1116 2974 1425 3045 improbata
1457 2971 1579 3034 fuit,
1612 2971 1689 3025 ita
1712 2987 1934 3042 qus-quo

358 3069 622 3141 Ἰγνατίου
638 3068 977 3133 διδασκαλία,
997 3065 1356 3137 Πολυχάρπου
1370 3062 1688 3118 διδασκαλία
1703 3064 1931 3133 aliaeque

344 3162 686 3236 lmjusmodi,
723 3161 793 3217 de
826 3160 1031 3231 quibus
1074 3166 1223 3215 recte
1252 3157 1630 3229 pronuntiavit
1673 3154 1744 3211 Μ.
1769 3156 1934 3210 Atha-

345 3257 538 3313 nasius
579 3278 594 3311 :
640 3252 941 3326 Δίρετικῶν
979 3254 1128 3305 ἐστιν
1171 3251 1415 3314 ἐπίνοια,
1460 3248 1779 3320 γραφόντων
1836 3246 1934 3318 μὲν

343 3353 427 3407 ὅτι
456 3350 699 3405 θέλουσιν
729 3346 891 3411 αὐτὰ,
918 3341 1297 3416 χαριζομένων
1323 3341 1381 3395 δὲ
1407 3340 1501 3394 καὶ
1535 3338 1934 3411 προστιθέντων

344 3445 529 3507 αὐτοῖς
568 3442 815 3514 χρόνους,
860 3439 947 3492 ἶνα
985 3437 1061 3500 ὡς
1103 3434 1310 3489 παλαιά
1352 3432 1753 3506 προφέροντες,
1798 3430 1933 3502 πρό-

346 3553 508 3607 φασιν
561 3535 757 3605 ἔχωσιν
812 3532 1028 3603 ἀπατᾷν
1076 3530 1141 3583 ὲκ
1190 3528 1383 3582 τούτου
1439 3528 1565 3589 τοὺς
1619 3524 1929 3597 ἀκεραίους.

349 3627 738 3683 Ilwreticorum
797 3631 921 3677 sunt
977 3630 1368 3684 commentum,
1424 3620 1514 3689 qui
1571 3635 1635 3672 ea
1695 3618 1932 3673 scribunt

346 3716 561 3790 quando
608 3718 823 3779 volunt;
864 3714 975 3767 illis
1019 3721 1197 3766 autem
1240 3712 1560 3782 largiuntur,
1594 3718 1644 3765 et
1672 3709 1933 3779 adjiciunt

349 3822 605 3879 tempora,
650 3823 752 3877 quo
805 3816 1059 3875 tanquam
1111 3806 1331 3874 antiqua
1374 3802 1718 3872 proferentes,
1762 3818 1828 3856 ea:
1869 3818 1932 3855 ea

346 3920 404 3959 re
450 3901 781 3956 occasionem
829 3895 1055 3951 habeant
1104 3894 1397 3964 decipiendi
1435 3894 1670 3949 homines
1725 3894 1933 3963 simpli-

347 4011 431 4049 εει
453 3991 589 4065 (7s).

963 4098 1192 4155 CAPUT
1233 4098 1321 4155 Ill.

350 4219 609 4287 Quaenam
636 4232 800 4271 causa
826 4213 1168 4286 Hippolytum
1206 4212 1276 4268 ad
1295 4212 1399 4287 hoc
1443 4227 1571 4287 opus
1608 4214 1928 4287 incitaverit.

419 4288 851 4371 Constitutiones.
899 4283 1237 4355 potissimum
1291 4283 1623 4338 Tertulliano
1670 4294 1721 4339 et
1782 4284 1934 4339 Hon-

422 4366 636 4415 tanistis
669 4366 947 4427 oppositw.

2038 1873 2339 1941 futurorum
2385 1872 2603 1927 idoneus
2641 1888 2864 1943 sponsor
2909 1886 2927 1925 :
2976 1872 3178 1930 Tumec
3218 1873 3267 1926 si
3304 1888 3386 1925 res
3414 1872 3532 1941 ipsa
3562 1871 3635 1925 de

2036 1966 2258 2034 singulis
2274 1964 2798 2035 persuaserincrews
2824 1964 2960 2035 (74).
2991 1963 3334 2019 Montanistas
3348 1978 3479 2018 vero
3508 1964 3634 2020 suis

2037 2056 2272 2115 fallaciis
2314 2058 2528 2111 lucrum
2570 2057 2813 2127 undique
2854 2057 3239 2115 corradebant.
3270 2057 3372 2111 etsi
3405 2064 3635 2126 propter

2034 2151 2282 2206 caelestia
2324 2151 2470 2206 dona
2502 2165 2563 2206 se
2590 2152 2659 2205 ab
2690 2151 2931 2205 Ecclesia
2979 2151 3283 2205 descivisse
3326 2165 3629 2205 causaren-

2035 2251 2147 2301 tur.
2186 2242 2331 2309 Quid
2378 2259 2513 2315 ergo
2541 2245 2615 2298 sit
2638 2241 2910 2297 charisma
2952 2257 3049 2297 eos
3076 2242 3237 2295 docet
3263 2240 3591 2313 Hippolytus
3613 2262 3632 2298 :

2034 2336 2148 2392 Οὐχ
2174 2335 2321 2389 εστιν
2347 2335 2633 2408 ἄνθρωπος
2661 2334 2959 2398 πιστεύσας
2996 2333 3086 2387 διά
3125 2334 3366 2408 Χριστοῦ
3407 2336 3490 2397 είς
3533 2334 3634 2387 τὸν

2032 2426 2194 2494 Θεὸν,
2225 2426 2284 2492 ὸς
2310 2428 2410 2482 οὐκ
2445 2401 2635 2500 εἴληφε
2672 2428 2921 2499 χάρισμα
2961 2401 3350 2497 πνευματικόν.
3396 2426 3537 2479 Αὑτό
3568 2444 3635 2480 τε

2031 2520 2143 2595 γὰρ
2169 2522 2231 2576 τὸ
2270 2522 2651 2593 ἀπαλλαγῆναι
2706 2521 2972 2575 πολυθέου
2998 2520 3252 2583 ἀσεϐείας
3277 2520 3371 2572 καὶ
3401 2519 3635 2572 πιστεῦ-

2034 2628 2123 2668 σαι
2152 2614 2272 2687 Θεῷ
2300 2616 2478 2686 Πατρὶ
2516 2614 2604 2668 διὰ
2632 2613 2892 2690 Χριστοῦ,
2936 2613 3186 2685 χάρισμά
3209 2613 3325 2665 ἐστι
3365 2611 3503 2665 Θεοῦ
3522 2629 3535 2640 ·
3570 2613 3637 2666 τό

2031 2725 2090 2763 τε
2118 2707 2422 2781 ἀπορρίψαι
2458 2708 2520 2760 τὸ
2562 2706 2853 2761 Ἰουδαϊκὸν
2881 2706 3145 2777 κάλυμμα
3167 2745 3181 2769 ,
3212 2706 3307 2758 καὶ
3335 2703 3635 2759 πιστεῦσαι

2030 2802 2113 2858 ὅτι
2140 2800 2356 2872 εὐδοκία
2380 2801 2515 2854 Θεοῦ
2544 2803 2572 2855 ὁ
2603 2801 2711 2873 πρὸ
2738 2799 2950 2853 αἰώνων
2963 2798 3295 2868 Μονογενὴς,
3328 2800 3387 2851 ὲν
3416 2798 3636 2868 ὑστέρῳ

2031 2896 2209 2969 καιρῷ
2255 2898 2320 2950 ὲκ
2348 2896 2628 2967 Παρθένου
2670 2895 2961 2966 γεγένηται
3005 2893 3124 2965 δίχα
3160 2892 3376 2964 ὁμιλίας
3404 2892 3634 2964 ἀνδρὸς·

2034 2990 2130 3043 καὶ
2168 2990 2251 3043 ὅτι
2292 2988 2673 3041 ἐπολιτεύσατο
2712 2987 2788 3050 ὡς
2849 2986 3135 3058 ἄνθρωπος
3176 2985 3304 3058 ἄνευ
3356 2984 3640 3056 ἁμαρτίας

2033 3080 2330 3152 πληρώσας
2367 3082 2546 3134 πᾶσαν
2574 3079 2919 3149 δικαιοσύνην
2947 3079 3049 3149 τὴν
3072 3075 3168 3130 τοῦ
3197 3077 3363 3148 νόμου
3381 3094 3395 3106 ·
3427 3079 3523 3130 καὶ
3549 3078 3638 3131 ὅτι

2036 3176 2382 3247 συγχωρήσει
2411 3174 2547 3227 Θεοῦ
2577 3172 2809 3244 σταυρὸν
2840 3171 3153 3243 ὑπέμεινεν,
3170 3170 3432 3241 αἰσχύνης
3458 3187 3638 3223 κατα-

2035 3270 2311 3341 φρονήσας
2337 3269 2365 3322 ὸ
2392 3266 2525 3330 Θεὸς
2554 3266 2756 3335 Λόγος·
2789 3266 2885 3319 καὶ
2916 3266 3000 3319 ὅτι
3032 3264 3301 3328 ἀπέθανε,
3330 3266 3424 3317 καὶ
3452 3265 3635 3336 ὲτάερη

2034 3363 2129 3416 καὶ
2157 3360 2357 3431 ἀνέστη
2384 3359 2474 3413 διὰ
2498 3359 2665 3429 τριῶν
2695 3358 2938 3429 ἡμερῶν,
2970 3358 3062 3410 καὶ
3095 3356 3234 3427 μετά
3260 3357 3360 3427 τὴν
3388 3356 3637 3410 ἀνάστα-

2035 3470 2121 3507 σιν
2146 3452 2555 3524 τεσσαράκοντα
2594 3452 2810 3523 ἡμέρας
2852 3451 3203 3521 παραμείνας
3248 3453 3360 3513 τοῖς
3398 3451 3639 3504 ἀποστό-

2033 3545 2175 3612 λοις,
2226 3546 2322 3600 καὶ
2367 3544 2664 3618 πληρώσας
2707 3545 2889 3597 πᾶσαν
2930 3541 3174 3606 διάταξιν
3216 3539 3493 3614 ἀνελήφθη
3543 3545 3638 3597 ἐπ’

2033 3641 2219 3711 ὄψεσιν
2246 3639 2426 3693 αὐτῶν
2456 3638 2596 3711 πρὸς
2623 3637 2716 3691 τὸν
2763 3636 3159 3690 ἀποστείλαντα
3189 3635 3350 3688 αὐτὸν
3380 3635 3515 3687 Θεὸν
3536 3638 3639 3691 καὶ

2034 3734 2272 3805 Πατέρα.
2303 3728 2361 3786 Ὀ
2386 3731 2563 3786 ταῦτα
2587 3728 2905 3794 πιστεύσας,
2925 3731 3024 3801 οὐχ
3053 3730 3238 3793 ἀπλῶς
3257 3728 3375 3782 οὐδὲ
3395 3729 3637 3798 ἀλόγως,

2032 3828 2170 3881 ἀλλά
2221 3827 2400 3899 κρίσει
2455 3826 2547 3880 καὶ
2593 3824 2969 3896 πληροφορίᾳ,
3016 3824 3261 3895 χάρισμα
3300 3823 3524 3895 εῐληφεν
3565 3826 3636 3878 ἐκ

2034 3922 2187 3977 Θεοῦ.
2214 3920 2489 3983 Ὡσαύτως
2516 3920 2574 3973 δὲ
2589 3920 2681 3973 καὶ
2708 3922 2736 3972 ὀ
2764 3917 2949 3989 πάσης
2977 3919 3243 3990 αἱρέσεως
3266 3917 3631 3987 ἀπαλλαγείς.

2039 4015 2209 4071 Nemo
2242 4031 2333 4083 per
2354 4012 2625 4069 Christum
2659 4014 2713 4065 in
2742 4011 2909 4066 Deum
2952 4011 3187 4074 credens,
3219 4014 3309 4083 qui
3341 4030 3443 4065 non
3479 4030 3636 4067 acce-

2033 4111 2165 4179 perit
2195 4108 2463 4162 charisma
2491 4105 2791 4175 spirituale.
2826 4103 3012 4173 Ipsum
3050 4105 3242 4159 etenim
3276 4105 3393 4169 hoc,
3430 4106 3635 4159 libera—

2036 4210 2146 4254 tum
2166 4216 2280 4253 esse
2307 4198 2469 4267 impio
2496 4195 2785 4249 multorum
2829 4194 3047 4248 deorum
3074 4194 3240 4261 cultu,
3264 4205 3313 4248 et
3340 4194 3635 4248 credidisse

2035 4292 2146 4347 Deo
2178 4291 2333 4344 Patri
2382 4306 2473 4359 per
2508 4288 2817 4350 Christum,
2860 4287 3128 4340 charisma
3168 4286 3265 4341 Dei
3313 4296 3391 4341 est
3424 4304 3442 4341 :
3474 4295 3533 4339 ut
3576 4296 3631 4340 et

2036 4384 2291 4453 abjecisse
2312 4380 2600 4435 Iudaicum
2652 4380 2916 4442 velamen,
2951 4395 3013 4431 ac
3044 4376 3335 4431 credidisse
3363 4377 3503 4448 quod
3530 4375 3630 4431 Dei

418 4495 462 4551 1.
502 4493 897 4555 Tertullianus,
933 4489 1391 4546 Montanistarum
1420 4489 1713 4562 praestigiis
1764 4488 1930 4542 fasci-

2039 4473 2364 4541 beneplacito
2391 4470 2697 4542 Unigenitus
2729 4471 2819 4541 qui
2858 4479 2980 4523 ante
3020 4469 3221 4524 siccula
3258 4468 3539 4532 existebat,
3571 4468 3633 4521 in

347 4594 535 4652 natus,
567 4586 829 4657 paulatim
867 4584 925 4639 in
956 4598 1148 4639 eorum
1181 4590 1388 4638 sectam
1431 4583 1698 4637 inclinare
1737 4580 1927 4649 coepit,

349 4696 381 4735 a
403 4694 514 4751 qua
543 4679 763 4734 demum
792 4677 1052 4747 abreptus
1082 4682 1187 4731 est.
1238 4674 1395 4741 Quod
1423 4676 1515 4729 ubi
1546 4673 1932 4729 animadvertit

349 4772 696 4843 Hippolytus,
732 4771 894 4826 binos
922 4769 1180 4839 opposuit
1222 4767 1400 4822 eidem
1432 4774 1595 4822 sectae
1635 4772 1927 4827 tractatus,

349 4879 584 4933 quorum
628 4862 861 4915 alterum
893 4859 969 4912 De
1001 4858 1412 4913 charismatibus
1457 4856 1761 4925 inscripsit,
1791 4853 1933 4921 Περὶ

350 4950 773 5022 χαρισμάτων;
825 4948 983 5001 alteri
1035 4947 1254 4999 titulum
1308 4942 1613 5013 Apostolica
1676 4940 1929 5003 traditio,

362 5039 714 5110 Ἀποστολικὴ
742 5037 1036 5109 παράδοσις
1070 5036 1217 5091 fecit.
1274 5033 1638 5088 Montanistas
1668 5032 1814 5086 enim
1847 5030 1934 5083 in-

346 5134 590 5191 valuisse
633 5131 770 5185 falsa
812 5128 1077 5185 miracula
1135 5126 1398 5198 jactando
1438 5124 1782 5195 exploratum
1826 5128 1931 5188 est,

345 5240 524 5296 eaque
566 5224 794 5277 ﬁnxisse
836 5237 947 5276 non
991 5228 1051 5274 ut
1082 5234 1326 5290 paganos
1353 5216 1643 5272 Judaeusve
1671 5216 1739 5271 ad
1770 5214 1932 5270 [idem

348 5316 755 5389 pertraherent,
812 5310 909 5367 sed
938 5318 997 5365 ut
1029 5315 1403 5380 perverterent
1449 5306 1811 5362 orthodoxos.
1842 5306 1934 5361 Ait

348 5414 532 5461 autem
580 5404 910 5475 Hippolytus
954 5401 1288 5456 charismata
1331 5398 1595 5453 divinitus
1642 5398 1797 5463 dari,
1834 5400 1936 5451 ούκ

348 5499 428 5560 εἰς
452 5496 552 5569 τὴν
580 5494 944 5567 ἐνεργούντων
973 5492 1259 5562 ὠφέλειαν,
1287 5490 1399 5544 ἀλλ’
1430 5491 1510 5555 είς
1539 5489 1638 5562 τὴν
1668 5489 1776 5543 τῶν
1805 5489 1935 5543 ἀπί-

450 5672 540 5736 71)
577 5671 770 5736 ITim.
806 5688 890 5736 ιιι,
918 5672 1004 5727 15.

450 5674 507 5726 7l
577 5672 770 5727 ITim.
806 5688 890 5736 ιιι,
918 5672 1004 5727 15.

424 5672 541 5815 ἱτῖζ
581 5741 640 5798 S.
666 5729 880 5813 llippol.
915 5743 965 5797 in
992 5742 1182 5811 psolm.
1215 5757 1363 5811 Lxlv,
1390 5742 1443 5807 5,
1474 5755 1538 5797 ex
1565 5739 1681 5795 Cat.
1705 5740 1930 5796 Corder.

484 5846 498 5859 Ι

2031 4577 2267 4621 extremo
2314 4576 2543 4634 tempore
2568 4579 2632 4619 ex
2664 4564 2877 4635 Virgine
2910 4572 3069 4617 natus
3109 4571 3189 4615 est
3219 4562 3332 4615 sine
3360 4561 3462 4615 viri
3495 4577 3633 4614 con-

2032 4659 2211 4715 cubitu
2239 4675 2259 4714 :
2285 4666 2335 4712 et
2363 4657 2500 4726 quod
2540 4658 2594 4711 in
2631 4658 2740 4710 vita
2777 4665 3027 4724 tanquam
3060 4654 3214 4707 homo
3265 4662 3505 4707 versatus
3546 4663 3631 4707 est

2033 4752 2226 4821 absque
2254 4758 2489 4820 peccato,
2523 4749 2737 4816 impleta
2777 4746 2919 4800 omni
2941 4746 3159 4815 justitia
3190 4745 3359 4815 legis:
3388 4748 3633 4815 quodque

2030 4842 2375 4909 permissione
2414 4839 2514 4892 Dei
2560 4838 2699 4891 Deus
2749 4835 2975 4890 Verbum
3050 4836 3314 4891 sustinuit
3380 4852 3629 4898 crucem,

2033 4934 2360 4990 confusione
2407 4938 2723 5001 contempta
2763 4947 2778 4985 :
2816 4940 2869 4984 et
2890 4929 3028 5001 quod
3051 4939 3293 4984 mortuus
3319 4940 3419 4995 est,
3452 4947 3515 4983 ac
3550 4947 3635 4984 se—

2032 5026 2209 5097 pultus
2235 5035 2286 5080 et
2315 5024 2607 5079 resurrexit
2636 5023 2691 5075 in
2722 5021 2920 5089 triduo,
2950 5032 3104 5091 atque
3126 5032 3246 5092 post
3276 5025 3634 5077 resurrectio-

2041 5137 2159 5176 nem
2206 5134 2325 5173 cum
2373 5117 2631 5187 apostolis
2678 5115 2861 5169 diebus
2903 5114 3263 5184 quadraginta
3311 5114 3629 5183 permansit,

2034 5210 2389 5281 completoque
2432 5208 2576 5261 omni
2624 5207 3038 5269 constitutione,
3098 5216 3408 5273 assumptus
3453 5213 3533 5258 est
3572 5204 3632 5257 iss

2034 5318 2215 5358 eorum
2271 5310 2550 5369 conspectu
2605 5298 2674 5352 ad
2713 5298 2884 5353 Deum
2912 5307 2962 5351 et
3002 5295 3225 5351 Patrem
3254 5298 3347 5367 qui
3370 5312 3493 5350 eum
3522 5296 3631 5348 mi-

2035 5404 2197 5451 serat.
2237 5394 2342 5461 Qui
2375 5393 2485 5447 ha'c
2528 5391 2773 5456 credidit,
2807 5406 2913 5445 non
2954 5389 3144 5444 stolide
3186 5406 3249 5443 ac
3284 5391 3423 5443 citra
3459 5388 3635 5442 ratio-

2036 5505 2174 5554 nem,
2229 5486 2319 5541 sed
2372 5502 2493 5540 cum
2526 5484 2735 5556 judicio
2781 5498 2845 5539 ac
2885 5483 3223 5550 certitudine,
3270 5484 3317 5538 is
3358 5481 3634 5537 charisma

2110 5668 2222 5737 (73)
2260 5666 2321 5737 ξ.
2350 5665 2592 5737 Athan.,
2623 5679 2710 5734 ep.
2737 5661 3143 5737 Festal.,_t._l|,
3179 5664 3268 5721 39.

2109 5735 2222 5811 (74)
2257 5735 2517 5801 Tertull.,
2546 5736 2613 5790 Dc
2648 5752 2735 5788 an.
2777 5751 2854 5792 ix.
2891 5751 2943 5793 ιι.
2974 5735 3082 5788 εισι
