3896 6174
220 343 325 403 537

1054 333 1651 394 CONSTITUTIONES
1680 328 2153 389 APOSTOLICE.
2191 360 2261 377 —-—
2298 329 2654 387 PROCEMIA.

3375 327 3478 382 533

219 472 253 509 α
285 456 389 508 Dea
425 460 735 506 consecutus
776 459 895 506 est:
934 450 1179 506 similiter
1215 457 1266 505 et
1294 450 1384 520 qui
1424 448 1488 501 ab
1521 447 1662 501 omni
1692 445 1790 500 Ita.»
1830 448 1875 504 A
1907 444 2104 512 fabulis
2131 446 2185 498 in
2212 460 2444 499 errorem
2470 443 2659 497 abduci
2686 442 2924 512 patiatur
2953 439 3085 517 (77).
3118 439 3289 495 Lubet
3313 441 3477 494 etiam

221 547 325 601 resi
378 554 619 599 senatus
672 544 795 614 fuit.
853 541 1005 596 Dona
1061 555 1192 595 vero
1250 555 1373 610 quae
1417 539 1581 608 vulgo
1632 536 1803 607 gratis

221 642 348 695 data
386 640 673 702 dicuntur,
708 637 764 691 in
792 634 1038 690 Ecclesia
1086 632 1380 703 quaerenda
1420 646 1571 693 esse,
1604 644 1667 683 ac
1702 643 1804 684 suo

222 744 471 801 tempore
498 744 610 785 non
644 727 888 783 defuisse
917 732 1152 781 testatur
1197 722 1522 793 Hippolytus
1563 742 1576 777 :
1618 721 1804 774 Ταῦτα

222 822 277 875 δέ
304 837 488 892 φαμεν
512 859 527 883 ,
556 820 618 872 οὐ
646 818 746 882 τὰς
772 817 993 889 ἀληθεῖς
1020 815 1355 887 προφητείας
1379 812 1801 877 ὲξουθενοῦντες.

227 916 414 981 ’Ῑσμεν
443 910 557 983 γὰρ
582 909 754 973 αὑτὰς
780 910 902 963 κατ’
922 908 1205 961 ἐπίπνοιαν
1233 904 1368 960 Θεοῦ
1396 905 1453 959 ὲν
1494 907 1605 968 τοῖς
1639 905 1806 967 ὁσίοις

224 1004 589 1076 ἐνεργεῖσθαι,
619 1002 754 1057 ἀλλὰ
778 1001 840 1055 τὸ
868 999 1066 1073 θράσος
1084 998 1192 1052 τῶν
1219 996 1687 1068 ἀλαζονευομένων
1707 1012 1806 1050 κα-

222 1097 629 1159 ταστέλλοντες.
666 1092 796 1149 Haec
816 1103 994 1147 autem
1038 1090 1285 1152 dicimus,
1335 1106 1440 1143 non
1477 1087 1615 1159 quod
1656 1103 1803 1141 ueras

223 1190 528 1259 prophetias
578 1194 996 1247 contemnamus,
1034 1198 1168 1254 quas
1196 1182 1393 1236 scimus
1418 1180 1514 1234 Dei
1544 1180 1721 1250 aﬂlatu
1750 1180 1806 1233 in

226 1280 431 1335 sanctis
466 1278 607 1348 ﬁeri,
638 1276 729 1331 sed
771 1285 831 1330 ut
860 1274 1225 1344 arrogantium
1255 1272 1627 1341 conﬁdentiam
1662 1270 1807 1324 cohi-

228 1371 470 1425 beamus.
518 1367 698 1438 Atque
723 1366 831 1421 hoc
857 1364 1028 1420 veluti
1054 1363 1384 1435 prommium
1433 1360 1536 1415 luit
1580 1360 1806 1430 majoris

226 1463 459 1532 operis,
511 1459 659 1531 quod
709 1458 778 1513 ad
831 1464 1036 1513 sartam
1107 1464 1417 1525 tectamque
1483 1452 1806 1509 servandam

228 1554 493 1609 Ecclesiae
539 1550 889 1621 disciplinam
940 1547 1267 1619 Hippolytus
1315 1546 1529 1618 primus
1585 1541 1809 1613 excogi-

227 1644 387 1697 tavit.

1903 535 2068 589 unius
2098 550 2162 589 ex
2193 533 2596 589 recentioribus
2619 531 2890 601 judicium
2918 530 2987 586 de
3011 531 3115 585 hoc
3152 544 3477 599 opere‘pro-

1904 624 2066 681 ferre.
2096 623 2234 678 Sunt
2266 624 2349 677 illi
2379 638 2626 684 canones.
2674 619 3191 690 Constitutionesque
3221 621 3481 690 antiquis-

1903 716 2073 778 simae,
2104 714 2276 768 multa
2320 715 2378 768 in
2408 715 2519 768 illis
2555 712 2993 767 excellentissima
3035 721 3085 765 et
3124 713 3304 781 magni
3348 728 3481 781 pon-

1902 807 2043 861 deris
2066 809 2395 862 continentur
2427 806 2562 878 (78).

1976 898 2065 955 lll.
2125 899 2236 955 Cur
2274 900 2338 953 ab
2386 902 2612 954 avaritia
2661 898 2970 953 damnanda
3014 897 3228 950 initium
3278 897 3480 965 faciant

1905 989 2315 1045 Constitutiones
2330 991 2709 1059 apostolorum.
2727 1020 2792 1031 —
2808 989 3169 1056 Quamobrem
3187 1004 3345 1042 nemo
3359 1004 3480 1042 am-

1907 1085 2052 1155 plius
2086 1083 2375 1137 mirabitur
2399 1083 2445 1138 si
2492 1083 2559 1137 ab
2591 1083 2818 1136 avaritia
2860 1080 3169 1135 damnanda
3215 1080 3483 1150 incipiunt

1906 1175 2319 1230 Constitutiones
2379 1174 2684 1243 apostolica:
2732 1192 2751 1229 :
2810 1172 3101 1243 Ἀπέχεσθε
3151 1168 3244 1224 οὖν
3301 1171 3485 1242 πάσης

1906 1265 2236 1331 πλεονεξίας,
2277 1265 2547 1320 Abstinete
2583 1267 2746 1336 igitur
2792 1265 2857 1318 ab
2900 1264 3043 1318 omni
3088 1265 3317 1316 avaritia
3343 1262 3481 1333 (79).

1904 1358 2149 1427 Namque
2176 1359 2278 1413 hoc
2306 1358 2497 1412 vitium
2522 1358 2870 1413 vehementer
2896 1357 3193 1427 exprobrat
3227 1355 3486 1409 Montano

1907 1451 2133 1519 suisque
2160 1450 2499 1505 mulierculis
2541 1464 2755 1504 coazvus
2781 1448 3071 1520 Hippolyto
3119 1456 3310 1503 auctor
3354 1466 3366 1502 :
3428 1448 3486 1500 Ὁ

1906 1542 2232 1615 πρακτῆρας
2275 1541 2574 1614 χρημάτων
2618 1543 2967 1613 καταστήσας
2988 1581 3002 1605 ,
3050 1543 3079 1594 ὁ
3124 1542 3213 1593 ἐπ’
3261 1539 3487 1609 ὀνόματι

1906 1635 2230 1707 προσφορῶν
2253 1636 2351 1706 τὴν
2378 1634 2714 1707 δωροληψίαν
2743 1634 3192 1704 ἐπιτεχνώμενος.
3240 1632 3314 1685 Οὐ
3341 1630 3488 1683 δοκεῖ

239 1757 249 1769 ν
298 1733 369 1791 ll.
411 1734 776 1789 Tertullianus
810 1731 1158 1786 traditionum
1210 1728 1421 1795 vindex,
1460 1727 1601 1781 hisce
1641 1725 1805 1779 armis

1924 1746 1989 1783 τοι
2019 1730 2168 1782 πᾶσα
2197 1728 2386 1799 Γραφὴ
2416 1727 2643 1780 κωλύειν
2674 1728 2956 1798 προφήτην
2994 1723 3291 1795 λαμϐάνειν
3317 1722 3484 1794 δῶρα,

227 1829 297 1884 ab
324 1828 613 1899 Hippolyto
635 1834 992 1898 expugnatur.
1010 1855 1080 1866 -—
1112 1824 1246 1878 Nam
1272 1824 1319 1879 si
1349 1837 1469 1892 quas
1490 1820 1801 1890 respublica

1924 1823 2008 1875 καὶ
2033 1822 2289 1893 χρήματα
2313 1837 2327 1886 ;
2356 1820 2483 1873 ὅταν
2510 1816 2604 1873 οὖν
2634 1820 2727 1872 ῐδω
2765 1819 2864 1890 τὴν
2895 1817 3164 1888 προφῆτιν
3211 1815 3489 1885 εἰληφυῖαν

228 1936 367 1977 suas
394 1919 592 1974 habuit
638 1919 787 1989 leges
816 1918 1019 1989 quibus
1065 1922 1313 1971 uteretur
1344 1924 1508 1984 atque
1538 1912 1799 1968 consiste

227 2020 341 2077 ret,
379 2028 449 2067 ea
494 2010 743 2081 profecto
790 2008 893 2063 fuit
920 2008 1255 2071 Christiana,
1285 2021 1408 2077 quae
1442 2004 1809 2061 sanctissimis

227 2104 450 2175 legibus
480 2112 643 2173 atque
670 2101 938 2157 institutis
980 2116 1080 2155 usa
1123 2099 1193 2154 ab
1236 2099 1415 2162 initio,
1446 2097 1649 2167 ubique
1697 2105 1805 2150 ter-

227 2212 425 2251 rarum
486 2201 785 2265 propagata
837 2199 940 2249 est.
990 2190 1101 2246 Has
1145 2192 1292 2261 legos
1347 2195 1514 2260 atque
1560 2187 1812 2243 instituta

226 2302 357 2358 quae
397 2284 653 2341 Clemens
703 2284 1020 2353 collegerat,
1072 2280 1395 2351 Hippolytus
1440 2277 1630 2341 edidit,
1684 2292 1811 2333 cum

226 2380 416 2434 adhuc
448 2377 705 2447 religiose
755 2376 811 2430 in
844 2374 1087 2429 Ecclesia
1112 2378 1505 2428 servarentur:
1541 2383 1812 2439 nemoque

226 2488 295 2528 ex
341 2470 617 2526 hatreticis
666 2476 779 2523 tam
826 2475 973 2523 esset
1022 2465 1341 2535 impudens,
1396 2463 1491 2534 qui
1521 2477 1707 2517 mores
1756 2462 1814 2519 in

226 2562 489 2619 Ecclesia
530 2569 783 2631 receptos
832 2573 1032 2631 negare
1079 2564 1283 2628 posset.
1331 2554 1409 2610 Ac
1441 2554 1816 2617 Tertullianus

228 2654 491 2728 profecto
534 2668 646 2723 quo
678 2652 896 2708 doctior
936 2665 1003 2708 eo
1032 2648 1393 2721 pervicacior,
1418 2645 1578 2701 facile
1596 2659 1815 2700 omnem

229 2747 677 2805 cohortationem
708 2760 816 2816 qua
846 2744 915 2799 ad
945 2743 1236 2799 sanitatem
1281 2746 1655 2801 revocaretur,
1694 2751 1817 2791 om-

228 2856 478 2912 nemque
504 2838 937 2895 conl'utationem
961 2836 1169 2891 insanae
1190 2835 1463 2890 haereseos
1490 2846 1679 2903 quam,
1720 2844 1817 2884 ve-

227 2936 404 2992 ritate
467 2935 756 3005 abnegata,
811 2930 1244 3002 amplectebatur
1268 2966 1284 2993 ,
1371 2922 1814 2993 contempsisset.

230 3027 422 3083 Unum
446 3033 731 3095 supererat
755 3029 1133 3094 argumentum
1160 3036 1225 3075 ex
1257 3017 1551 3073 traditione
1564 3016 1816 3085 petitum;

1910 1917 2004 1970 καὶ
2052 1915 2253 1987 χρυσὸν
2300 1914 2394 1966 καὶ
2439 1914 2682 1984 ἄργυρον
2726 1911 2820 1964 καὶ
2864 1909 3175 1971 πολυτελεῖς
3223 1906 3488 1977 ἐσθῆτας,

1910 2007 2027 2071 πῶς
2054 2007 2225 2079 αὐτὴν
2255 2005 2329 2077 μὴ
2358 2006 2769 2076 παραιτήσομαι
2795 2020 2808 2069 ;
2856 2004 2962 2068 Qui
2994 2003 3335 2071 pecuniarum
3362 2014 3493 2054 exa-

1910 2109 2077 2155 ctores
2106 2099 2379 2153 constituit
2393 2115 2410 2154 :
2422 2098 2511 2168 qui
2526 2096 2797 2151 sordidam
2816 2111 3086 2149 munerum
3117 2094 3489 2163 captationem,

1912 2192 2241 2246 oblationum
2264 2191 2472 2244 nomine
2501 2188 2697 2242 callide
2714 2187 2989 2242 obvelavit.
3011 2184 3134 2238 Non
3165 2183 3260 2237 tibi
3290 2182 3495 2236 videtur

1912 2279 2196 2351 Scriptura
2240 2281 2487 2333 universa
2543 2278 2850 2347 prohibere,
2901 2291 2962 2329 ne
2989 2273 3243 2344 propheta
3272 2287 3495 2326 munera

1911 2384 1962 2427 et
1978 2374 2224 2442 pecunias
2256 2370 2665 2439 accipiat?Cum
2694 2369 2857 2438 igitur
2881 2366 3083 2420 videam
3112 2363 3497 2434 prophetissam

1916 2484 2109 2523 aurum
2157 2476 2206 2521 et
2247 2477 2550 2537 argentum,
2599 2474 2862 2531 vestesque
2910 2461 3169 2530 pretiosas
3215 2458 3495 2526 accepisse,

1913 2558 2173 2630 quomodo
2222 2574 2338 2612 eam
2387 2573 2490 2611 non
2546 2553 2877 2622 repudiabo?
2924 2550 3038 2621 (80)
3099 2548 3298 2604 Vetant
3346 2549 3499 2602 inse-

1918 2650 2111 2721 quenti
2154 2650 2332 2719 capite
2356 2647 2795 2707 Conslitutiones,
2842 2642 3151 2698 maledictis
3181 2640 3494 2711 quempiam

1917 2742 2229 2797 incessere:
2281 2739 2441 2795 Ἀλλὰ
2486 2736 2791 2810 καταρᾶταί
2836 2736 2898 2789 σέ
2935 2751 3056 2800 τις;
3090 2736 3155 2788 σὺ
3207 2733 3502 2803 εὐλόγησον

1916 2837 2120 2891 αὑτόνε
2156 2834 2261 2891 Sed
2302 2834 2495 2903 aliquis
2525 2831 2618 2885 tibi
2646 2829 2914 2884 maledicit
2938 2830 2963 2884 7
2987 2836 3044 2881 tu
3068 2825 3278 2881 benedic
3316 2827 3363 2881 ei
3387 2824 3501 2896 (8i)

1917 2935 2205 2997 propterea
2243 2925 2393 2995 quod
2445 2923 2782 2977 bacchantes
2845 2919 3230 2981 Montanistze,
3291 2918 3503 2971 nullum

1920 3020 2080 3074 linem
2130 3015 2487 3073 maledicendi
2541 3016 2783 3069 lacerent
2810 3028 2825 3068 :
2856 3012 2967 3082 Τὴν
3025 3010 3080 3064 δὲ
3129 3009 3356 3064 καθόλου
3409 3008 3506 3060 καὶ

231 3119 376 3174 illud
414 3118 596 3189 ipsum
625 3116 862 3179 scilicet,
891 3128 1001 3185 quo
1030 3112 1078 3168 is
1101 3125 1202 3182 pro
1230 3109 1474 3165 Ecclesia
1521 3105 1820 3161 fortissime

1924 3113 2103 3164 πᾶσαν
2143 3109 2243 3181 τὴν
2281 3108 2388 3162 ὑπὸ
2417 3108 2507 3161 τὸν
2548 3104 2773 3177 οὐρανὸν
2814 3103 3137 3173 Ἐκκλησίαν
3169 3100 3506 3171 βλασφημεῖν

230 3232 623 3288 dimicaverat.
672 3226 811 3281 Nam
859 3241 987 3282 vere
1036 3240 1149 3296 prae
1186 3222 1402 3278 caeteris
1433 3217 1823 3275 animadvertit

232 3324 301 3379 Ε.
331 3322 589 3378 Νοιίεἱιιε
618 3341 633 3377 :
673 3319 867 3374 Nullus
891 3326 1119 3372 veterum
1149 3324 1243 3370 aut
1273 3323 1381 3367 tam
1411 3328 1567 3382 stupe,
1599 3320 1693 3365 aut
1716 3319 1825 3363 tam

232 3415 425 3471 valide.
468 3414 802 3468 traditionem
835 3411 1138 3475 inculcavit,
1185 3419 1265 3462 uti
1300 3405 1663 3462 Tertullianus
1688 3402 1821 3475 (75).

234 3505 363 3561 Hoc
393 3506 582 3576 itaque
632 3505 741 3559 telo
784 3502 951 3557 veluti
988 3503 1056 3557 de
1102 3501 1277 3570 ipsius
1314 3498 1571 3554 manibus
1614 3505 1824 3566 erepto,

234 3597 579 3668 Hippolytus
627 3595 880 3650 furentes
924 3592 1170 3647 Montani
1206 3590 1445 3645 asseclas
1489 3586 1829 3657 compescuit

237 3705 309 3745 ac
338 3704 511 3760 prope
538 3688 759 3744 delevit.
798 3685 905 3741 Sed
951 3686 1046 3757 qui
1070 3683 1327 3739 Ecclesia:
1370 3680 1584 3751 legibus
1614 3679 1683 3733 ab
1712 3677 1828 3733 ori-

239 3784 377 3855 giae
414 3782 664 3852 repetitis
710 3794 878 3835 unam
926 3791 1127 3834 sectam
1180 3790 1479 3847 aggressus
1504 3781 1612 3837 est,
1643 3772 1828 3841 plures

239 3876 390 3932 alias
419 3876 779 3944 imposterum
818 3878 1114 3927 exorturas
1140 3869 1329 3924 eodem
1355 3868 1541 3921 labore
1568 3864 1827 3920 confecit.

241 3966 530 4038 Hippolyti
564 3972 714 4020 certe
735 3978 1006 4018 canonum
1050 3960 1304 4017 collectio
1333 3959 1470 4013 adeo
1493 3957 1721 4028 probata
1747 3964 1833 4012 est

242 4061 358 4115 sub
398 4056 591 4113 eodem
641 4055 821 4121 titulo,
879 4068 990 4124 quo
1031 4053 1087 4107 in
1118 4052 1295 4121 ipsius
1342 4062 1649 4103 marmorea
1701 4047 1832 4103 sede

244 4150 359 4205 fuit
408 4148 676 4218 inscripta
728 4144 1031 4217 Παράδοσις
1083 4141 1436 4212 ἀποστολική,
1487 4146 1548 4194 ut
1584 4138 1832 4195 eamdem

246 4241 659 4299 Constantinus
701 4236 773 4292 Μ.
796 4237 938 4292 haud
974 4236 1143 4291 semel
1172 4234 1451 4305 episcopis
1489 4229 1835 4286 commenda-

244 4334 395 4390 verit
444 4330 582 4401 (76)
633 4340 796 4400 atque
854 4342 885 4381 a
926 4325 1029 4382 PP.
1081 4326 1223 4380 inter
1261 4325 1534 4394 praecipua
1580 4321 1835 4376 Ecclesiae

244 4422 666 4498 propugnacula
714 4421 979 4475 adversus
1012 4418 1297 4473 haereticos
1330 4417 1493 4469 fuerit
1524 4413 1834 4477 recensita;

246 4520 351 4574 καὶ
410 4518 527 4587 ὅροι
576 4514 685 4587 γὰρ
728 4512 993 4584 ἐτέθησαν
1049 4511 1213 4581 ἡμῖν,
1262 4508 1356 4561 καὶ
1412 4504 1685 4576 θεμέλιοι,
1742 4502 1838 4556 καὶ

246 4610 513 4681 οἰκοδομὴ
555 4607 654 4679 τῆς
690 4606 946 4669 πίστεως,
984 4604 1076 4657 καὶ
1117 4600 1450 4655 Ἀποστόλων
1479 4595 1805 4669 παραδόσεις
1826 4634 1842 4659 ,

246 4706 353 4759 καὶ
378 4702 590 4774 γραφαὶ
625 4700 798 4769 ἂγιαι,
830 4698 925 4751 καὶ
965 4695 1208 4766 διαδοχαὶ
1246 4689 1613 4752 διδασκαλίας,
1658 4688 1754 4741 καὶ
1781 4687 1847 4739 ὲκ

249 4792 598 4864 πανταχόθεν
646 4792 681 4862 ὴ
730 4790 954 4861 ἀλήθεια
1002 4787 1097 4841 τοῦ
1147 4784 1281 4839 Θεοῦ
1332 4781 1694 4856 ήσφάλισται,
1750 4779 1846 4834 καὶ

254 4886 451 4961 μηδεὶς
490 4883 791 4939 ἀπατάσθω
832 4884 945 4945 τοῖς
987 4881 1192 4942 καινοῖς
1237 4876 1445 4948 μύθοις.
1481 4873 1625 4927 Nam
1667 4882 1717 4927 et
1747 4880 1847 4925 ter-

252 4981 392 5037 mini
440 4978 737 5049 prarscripti
785 4975 934 5029 nobis
978 4983 1120 5037 sunt,
1176 4982 1224 5024 et
1271 4968 1615 5039 fundamenta
1670 4965 1845 5035 posita

251 5086 307 5131 et
366 5072 494 5144 ﬁdei
552 5079 863 5133 structura,
922 5076 978 5123 et
1041 5066 1415 5137 apostolorum
1481 5062 1841 5125 traditiones,

252 5177 306 5222 et
339 5181 512 5220 sacra:
536 5165 743 5228 littere,
772 5170 823 5216 et
848 5160 1067 5215 caelestis
1100 5159 1363 5215 doctrina:
1394 5163 1690 5228 prOpagata
1718 5170 1845 5211 suc-

255 5259 467 5322 cessio,
496 5273 560 5310 ac
590 5255 810 5325 denique
837 5253 1014 5307 divina
1052 5252 1244 5306 veritas
1276 5265 1341 5305 ea:
1372 5250 1511 5304 omni
1544 5258 1692 5317 parte
1723 5263 1867 5299 mu-i

257 5350 377 5404 nita
419 5355 521 5403 est.
574 5354 625 5400 et
666 5346 973 5400 constituta.
1030 5339 1262 5396 Proinde
1308 5356 1457 5394 nemo
1504 5355 1557 5393 se
1598 5334 1844 5392 inanibus

362 5525 453 5593 75)
490 5522 655 5580 Noris
685 5521 863 5593 Opst.
893 5520 984 5593 Ill,
1015 5521 1124 5593 col.
1159 5518 1313 5575 1016.

363 5588 451 5664 76)
491 5595 593 5664 Ap.
627 5588 759 5648 Eus'.
785 5592 863 5647 De
900 5592 1005 5646 Vit.
1043 5590 1228 5664 Gonst.
1254 5606 1337 5655 ιιι,
1362 5588 1451 5644 67.

362 5663 454 5747 ῃ)
496 5663 779 5747 περίριι-
806 5664 940 5747 ter-
1087 5663 1141 5747 δε

362 5732 452 5804 78)
491 5732 773 5804 Albaspin.
805 5732 1033 5788 Observ.
1069 5733 1214 5798 1,15.

337 5801 458 5880 (79)
499 5801 729 5862 Constit.
767 5820 851 5873 ap.
885 5807 997 5870 1,1.

1924 3202 2261 3266 διδάσκοντος
2288 3201 2382 3255 τοῦ
2409 3198 2883 3271 ἀπηυθαδισμένου
2926 3195 3254 3264 πνεύματος.
3289 3192 3508 3247 Unirer—

1925 3314 2041 3352 sam
2071 3313 2211 3359 vero,
2240 3311 2356 3365 qua:
2377 3309 2467 3363 per
2495 3292 2670 3346 orbem
2694 3300 2956 3344 terrarum
2987 3303 3175 3356 sparsa
3203 3294 3303 3349 est,
3329 3284 3510 3337 Eccle-

1927 3392 2088 3453 siam,
2121 3388 2257 3442 idem
2301 3388 2392 3441 illc
2440 3384 2909 3453 arrogantissimus
2951 3382 3169 3450 spiritus
3209 3378 3508 3432 maledictis

1929 3492 2168 3554 appetere
2196 3497 2283 3535 eos
2307 3478 2525 3533 docebat
2551 3478 2684 3550 (82).
2718 3475 2853 3529 Illud
2903 3474 3075 3542 magis
3106 3473 3327 3534 mirum,
3362 3469 3507 3538 quod

1928 3575 2378 3631 Constitutionum
2413 3569 2739 3640 compilator
2773 3567 2876 3622 sub
2914 3565 3129 3618 initium
3158 3570 3268 3615 tam
3302 3561 3511 3615 multus

1929 3670 2003 3725 sit
2034 3669 2088 3722 in
2120 3668 2363 3721 virorum
2413 3670 2669 3718 ornatum
2712 3678 2725 3712 :
2776 3642 2935 3730 quasi
2980 3671 3111 3709 vero
3135 3656 3508 3723 apostolorum

1928 3776 2044 3817 arvo
2092 3760 2147 3817 id
2193 3757 2453 3829 probrum
2500 3753 2816 3809 inolevisset
2848 3766 2861 3802 :
2899 3749 2991 3821 Μὴ
3044 3746 3515 3815 καλλωπιζόμενος

1930 3858 2011 3919 εἰς
2036 3854 2098 3908 τὸ
2125 3847 2461 3925 ἀγρευθῆναί
2487 3864 2676 3901 τινα...
2700 3843 2886 3915 Πιστῷ
2914 3842 3025 3912 γάρ
3056 3857 3138 3892 σοι
3166 3839 3281 3892 ὄντι
3309 3837 3403 3891 καὶ
3422 3836 3519 3889 αν-

1932 3948 2136 4021 θρώπῳ
2161 3944 2255 4000 τοῦ
2278 3943 2435 4006 Θεοῦ,
2466 3943 2565 3995 οὐκ
2608 3938 2784 4004 ἔξεστι
2810 3936 3033 4008 τρέφειν
3058 3932 3159 3996 τὰς
3197 3932 3391 4003 τρίχας
3417 3929 3519 3999 τῆς

1932 4020 2208 4113 κεφαλῆς,
2249 4039 2345 4093 καὶ
2390 4037 2564 4090 ποιεῖν
2618 4034 2697 4095 εἰς
2747 4030 2828 4093 ἓν,
2881 4029 2909 4082 ὃ
2956 4030 3073 4082 ἐστι
3121 4023 3436 4078 σπατάλιον⁹
3482 4020 3518 4092 ἢ

1932 4135 2216 4206 ἀπόχυμα,
2256 4131 2290 4203 ἢ
2337 4126 2748 4202 μεμερισμένην
2787 4124 2995 4194 τηρεῖν·
3040 4119 3160 4173 οὐδὲ
3212 4118 3309 4188 μὲν
3360 4116 3522 4183 ὀγκο-

1934 4229 2129 4289 ποιεῖν,
2157 4224 2191 4296 ἢ
2221 4221 2563 4289 διαξαίνοντά
2586 4236 2646 4272 τε
2677 4217 2771 4271 καὶ
2800 4215 3107 4268 πλάσσοντα
3148 4209 3311 4280 οῦλην
3350 4206 3521 4260 διατι-

1936 4320 2079 4384 θεῖν,
2110 4318 2144 4389 ἢ
2176 4316 2509 4382 ξανθοποιεῖν
2538 4312 2725 4381 αὑτήν.
2770 4307 2853 4362 Nc
2886 4321 3037 4360 ornes
3070 4313 3138 4368 te,
3169 4310 3228 4355 ut
3255 4300 3519 4370 quippiam

1939 4407 2380 4481 capiatur...Tibi
2408 4406 2547 4460 enim
2577 4403 2665 4473 qui
2692 4400 2865 4470 ﬁdelis
2904 4406 2952 4451 et
2982 4395 3138 4449 homo
3169 4392 3266 4446 Dei
3306 4408 3381 4451 es,
3415 4406 3521 4444 non

1949 4506 2066 4562 licet
2095 4501 2296 4555 nutrire
2322 4512 2550 4559 comam,
2582 4503 2633 4549 et
2665 4495 2719 4545 iu
2747 4505 2909 4544 unum
2937 4486 3201 4555 colligere,
3235 4480 3373 4552 quod
3404 4497 3525 4549 spa-

1948 4598 2138 4652 talium
2163 4602 2241 4650 est
2268 4611 2286 4649 :
2309 4592 2387 4646 vel
2417 4587 2703 4659 effundere,
2721 4594 2811 4638 aut
2833 4579 3254 4635 discriminatam
3277 4590 3519 4629 servare.-

1946 4702 2109 4759 neque
2137 4686 2296 4740 etiam
2326 4680 2659 4750 tumefacere,
2685 4690 2845 4745 neque
2873 4668 3132 4738 carpendo
3158 4682 3218 4719 ac
3241 4661 3523 4735 formando

1946 4753 2178 4848 crispum
2226 4773 2463 4836 reddere,
2523 4784 2683 4839 neque
2731 4781 2849 4820 eam
2906 4763 3101 4832 ﬂavam
3158 4757 3331 4827 facere
3380 4753 3519 4848 (85).

1946 4846 2125 4940 Atque
2166 4868 2215 4923 is
2243 4865 2462 4937 quidem
2507 4862 2689 4916 cultus
2746 4855 2907 4911 facile
2949 4854 3005 4907 in
3030 4849 3407 4920 Cataphrygas
3436 4846 3522 4901 vel

1947 4937 2310 5015 Montanistas
2338 4954 2580 5010 Asiatico
2611 4952 2741 5005 luxu
2767 4947 3076 5003 dillluentes
3104 4942 3307 4998 invasit
3340 4957 3352 4992 :
3379 4937 3525 5010 quod

1944 5060 2001 5108 et
2030 5051 2352 5121 Apollonius
2394 5047 2529 5117 ipsis
2577 5042 2805 5113 objicit:
2854 5037 3185 5111 Προφήτης,
3235 5031 3357 5087 sine
3410 5048 3523 5101 μοι,

1930 5138 2250 5215 ’βάπτεται;
2296 5139 2580 5212 προφήτης
2629 5132 2964 5196 στιϐίζεται;
2996 5128 3281 5200 προφήτης
3310 5123 3526 5191 φιλοκο-

1947 5239 2112 5309 σμεῖ;
2161 5235 2258 5288 Dic
2298 5232 2457 5295 mihi,
2507 5230 2725 5300 tingitne
2776 5224 2998 5295 capillos
3046 5218 3344 5290 propheta?
3398 5229 3521 5267 num

1943 5326 2195 5398 propheta
2234 5323 2393 5380 stibio
2424 5321 2603 5377 oculos
2638 5318 2803 5374 linit?
2846 5334 2915 5371 an
2957 5312 3132 5368 studet
3177 5324 3357 5365 ornari
3399 5321 3517 5376 pro-

2019 5510 2132 5581 (80)
2171 5507 2421 5581 Apollon.
2456 5520 2544 5575 ap.
2572 5502 2773 5581 Epseb.
2811 5499 2881 5554 II.
2913 5498 2976 5554 E.
3003 5512 3055 5559 ν,
3079 5494 3167 5549 18.

2017 5575 2131 5651 (81)
2170 5575 2399 5651 Constit.
2427 5591 2513 5651 ap.
2542 5593 2580 5638 ι.
2600 5575 2659 5651 2..

2015 5644 2129 5721 (82)
2169 5651 2271 5721 Ap.
2299 5648 2524 5721 Euseb.,
2553 5644 2717 5721 v,16.

2016 5715 2131 5796 (85)
2168 5715 2396 5778 Constit.
2438 5733 2524 5789 ap.
2559 5733 2597 5783 ι,
2629 5715 2682 5772 3.
