3896 6174
373 307 478 363 ωσι

1244 304 1285 360 S
1336 302 1733 362 CLEIENTIS
1765 304 1784 358 l
1821 300 1988 358 ROM.
2023 299 2225 356 ΡΟΝΤ.
2260 297 2489 356 OPEBA
2522 296 2747 354 DUBIA.

3515 292 3627 349 διο

372 422 569 491 pheta!
594 419 708 489 (84)
762 417 966 474 Deinde
997 417 1065 471 ad
1094 416 1458 472 coercendam
1488 414 1939 470 muliercularum
1970 421 2017 477 Α
2044 411 2278 466 maxime
2323 410 2640 465 nitebantur
2677 407 3018 463 Montanists
3045 424 3059 461 :
3090 414 3147 460 at
3189 412 3340 460 certa
3382 404 3623 475 jejunia,

374 513 673 577 licentiam,
701 527 823 581 qua:
852 510 1021 565 nimia
1051 517 1171 565 erat
1200 509 1344 567 apud
1374 509 1754 571 Montanistas,
1791 507 1947 574 plura

372 612 742 678 congeruntur
771 605 827 659 in
855 604 1030 673 primo
1054 603 1508 657 Constitutionum
1538 603 1699 665 libro,
1729 599 1949 655 eadem—

372 714 479 769 que
508 707 621 753 toto
648 712 811 767 Opere
837 696 1039 767 saepius
1063 696 1429 749 inculcantur.
1478 692 1771 747 Maximilla
1802 700 1949 746 certe

373 788 831 844 Hontanistarum
879 785 1246 855 prophetissa.
1278 784 1489 836 nullum
1533 781 1723 835 babuit
1769 777 1948 834 infen-

379 881 583 935 siorem
621 877 949 948 Hippolyto,
980 874 1073 944 qui
1126 889 1322 928 novam
1362 871 1665 928 Jesabelem
1714 871 1770 924 in
1798 869 1947 939 Apo-

374 969 582 1040 calypsi
636 976 1028 1027 memoratam,
1099 964 1273 1034 ipsam
1333 962 1504 1018 fuisse
1560 962 1947 1032 interpretatus

372 1068 457 1116 est
488 1059 621 1129 (85).

444 1150 533 1205 IV.
579 1149 801 1204 Errores
823 1147 1276 1204 Hontanistarum
1314 1148 1626 1215 singillatim
1656 1150 1722 1199 ab
1750 1144 1949 1213 Hippo-

374 1245 483 1316 lyto
498 1244 697 1311 reiecti.
714 1272 779 1282 —
795 1241 900 1297 Sed
916 1259 1091 1312 neque
1118 1243 1261 1297 ullus
1283 1257 1439 1295 error
1466 1240 1717 1310 proprius
1739 1238 1949 1293 Monta-

372 1335 642 1389 nistarum
692 1331 815 1396 fuit,
847 1333 943 1404 qui
988 1349 1095 1388 non
1131 1332 1410 1388 refellatur
1451 1333 1504 1386 in
1541 1330 1948 1386 Constitutionio

373 1426 492 1481 bus.
537 1424 618 1479 Illi
666 1425 939 1490 negabant
968 1423 1227 1478 Ecclesia:
1274 1430 1601 1493 potestatem
1640 1422 1947 1477 dimittendi

370 1516 621 1586 graviora
660 1516 917 1578 crimina,
964 1514 1377 1569 Constitutiones
1418 1516 1618 1584 ubique
1655 1520 1944 1569 asserunt:

370 1608 481 1660 Καὶ
516 1611 626 1671 τοῖς
658 1607 1004 1678 μετανοοῦσιν
1044 1608 1235 1676 ἄφεσιν
1274 1606 1469 1660 διδόναι
1496 1605 1668 1676 χρή...
1710 1601 1947 1674 Γνώριζε

366 1696 482 1764 οὖν,
512 1694 557 1753 ὧ
584 1700 869 1762 ἐπίσκοπε,
892 1699 953 1752 τὸ
992 1698 1211 1769 ἀξίωμά
1248 1715 1341 1752 σου
1364 1737 1379 1760 ,
1402 1698 1483 1752 ὅτι
1509 1697 1583 1759 ὡς,
1610 1694 1703 1749 τοῦ
1731 1696 1947 1766 δεσμεῖν

366 1790 665 1862 ἐκληρώσω
690 1792 789 1863 τὴν
818 1790 1096 1855 ἐξουσίαν,
1136 1767 1281 1843 οὕτω
1308 1790 1403 1842 xui.
1441 1788 1536 1841 τοῦ
1566 1788 1731 1842 λύειν.
1776 1786 1946 1841 Ρωηί-
1978 1767 2020 1822 Β

369 1882 596 1936 tentibus
628 1892 803 1935 autem
848 1882 998 1935 venia
1034 1880 1364 1935 concedenda
1399 1889 1544 1934 est...
1573 1880 1808 1949 Agnosce
1846 1880 1947 1949 igi-

368 1981 476 2034 tur,
513 1971 772 2040 episcope,
814 1971 1127 2041 dignitatem
1172 1980 1340 2033 tuam,
1384 1968 1522 2040 quod
1550 1970 1685 2023 sicut
1724 1970 1944 2023 sortitus

364 2080 419 2116 es
450 2070 759 2131 potestatem
796 2062 1019 2133 ligandi,
1064 2063 1145 2115 ita
1188 2071 1237 2116 et
1276 2061 1531 2116 solvendi.
1585 2061 1945 2116 Montanistas

365 2166 548 2209 autem
598 2155 770 2226 digito
819 2163 1090 2210 monstrat
1134 2162 1349 2220 auctor,
1402 2155 1492 2209 ubi
1525 2154 1635 2207 ait:
1667 2153 1826 2218 Δέξαι
1853 2150 1945 2206 οὖν

363 2247 455 2299 τὸν
487 2244 846 2317 μετανοοῦντα
880 2249 953 2319 μὴ
992 2244 1259 2308 διστάζων
1285 2245 1440 2309 ὅλως,
1479 2245 1613 2317 μηδὲ
1654 2262 1946 2317 παρεμπο⁴

362 2337 639 2408 διζόμενος
662 2337 766 2390 ὑπὸ
793 2337 900 2390 τῶν
927 2336 1169 2406 ἀνηλεῶς
1191 2337 1456 2405 λεγόντων
1482 2376 1495 2399 ,
1530 2337 1603 2408 μὴ
1634 2336 1743 2389 δεῖν
1771 2335 1945 2389 τοιού-

362 2447 476 2493 τοις
526 2428 986 2501 συμμολύνεσθαι,
1036 2430 1172 2501 μήτε
1212 2430 1371 2498 λόγου
1422 2431 1719 2483 κοινωνεῖν.
1771 2428 1945 2501 Igitur

363 2522 692 2589 pwnitentem
722 2523 925 2591 recipe;
958 2538 1050 2575 nec
1079 2532 1125 2576 te
1158 2521 1425 2574 ullatenus
1449 2520 1693 2575 dubitare
1715 2520 1941 2589 faciant,

364 2625 456 2667 aut
498 2632 530 2667 a
555 2615 824 2684 proposito
870 2613 1165 2676 retrahunt,
1199 2615 1289 2684 qui
1340 2613 1830 2668 immisericorditer
1861 2614 1945 2668 di-

363 2714 508 2768 cunt,
534 2722 634 2758 non
668 2714 904 2773 oportere
931 2721 1052 2757 cum
1074 2704 1379 2773 hujusmodi
1401 2704 1752 2773 coinquinari,
1786 2719 1946 2772 neque

362 2797 443 2851 vel
472 2813 707 2850 sermone
744 2798 1132 2850 communicare
1156 2795 1294 2866 (86).
1339 2795 1465 2849 llaec
1496 2796 1759 2849 adversus
1792 2794 1947 2848 Mon-

362 2889 593 2944 lanistas
640 2889 787 2942 dicta
829 2904 954 2943 esse
992 2888 1274 2942 adnotavit
1303 2887 1634 2951 Cotelerius,
1667 2894 1762 2941 aut
1789 2894 1945 2941 vetu-

360 2981 565 3035 stiores
615 2981 778 3035 etiam
834 2980 1151 3045 haareticos,
1197 2981 1449 3049 quamvis
1498 2978 1832 3035 Moshemius
1874 2978 1943 3032 ad

2050 512 2213 575 atque
2251 519 2414 556 unam
2445 501 2930 573 Quadragesimam
2961 500 3148 570 prisco
3196 514 3351 554 more
3386 515 3625 555 servan-

2048 594 2173 648 dam
2206 593 2621 649 Constitutiones
2655 598 2961 647 memorant
2995 606 3009 641 :
3067 590 3226 661 ’Υμῖν
3268 588 3550 658 φυλακτέα
3591 592 3625 661 ἡ

2048 686 2267 756 νηστεία
2280 684 2379 754 τῆς
2404 684 2874 757 Τεσσαρακοστῆς,
2910 684 3126 754 μνήμην
3170 682 3497 753 περιέχουσα
3524 683 3626 753 τῆς

2048 778 2143 831 τοῦ
2173 779 2379 850 Κυρίου
2407 779 2680 842 πολιτείας
2708 796 2767 831 τε
2795 779 2889 831 καὶ
2916 776 3253 849 νομοθεσίας.
3290 774 3628 831 Servanduns

2049 871 2192 926 vobis
2236 881 2316 926 est
2350 872 2615 941 jejunium
2635 868 3092 940 Quadragesimte,
3131 868 3402 923 continens
3449 882 3630 922 recor-

2048 963 2312 1018 dationem
2339 964 2749 1018 conversationis
2771 962 3083 1029 ﬂaminicae,
3114 972 3163 1016 et
3189 962 3316 1029 legis
3341 963 3465 1015 lata:
3482 959 3624 1030 (90).

2051 1055 2294 1125 Denique
2319 1054 2660 1110 Montanista:
2705 1052 2861 1109 nefas
2902 1069 3026 1109 esse
3060 1054 3280 1108 aiebant
3302 1052 3628 1117 Christiano

2050 1148 2490 1217 persecutionem
2555 1145 2770 1216 fugere;
2809 1142 3228 1199 Constitutiones
3276 1148 3506 1203 contra,
3554 1155 3627 1194 ex

2050 1239 2136 1292 his
2164 1252 2286 1307 qua:
2319 1236 2594 1309 Hippolyti
2637 1250 2835 1289 nomen
2880 1232 3262 1305 przeseferunt,
3295 1249 3405 1287 non
3447 1233 3615 1288 modo

2048 1343 2114 1382 ex
2162 1327 2440 1398 Evangelii
2492 1326 2815 1396 praescripto
2866 1324 3134 1395 fugientes
3183 1324 3626 1393 persecutionem

2050 1425 2295 1481 tuentur,
2334 1418 2428 1473 sed
2473 1416 2703 1471 laudant
2744 1415 2909 1469 etiam
2949 1427 3013 1467 ac
3056 1411 3320 1467 fratribus
3349 1424 3626 1464 commen—

2048 1509 2218 1564 dant:
2257 1508 2396 1571 Τοὺς
2439 1506 2802 1577 διωκομένους
2835 1503 2924 1558 διὰ
2964 1504 3169 1565 πίστιν,
3213 1502 3308 1555 καὶ
3343 1502 3421 1562 είς
3468 1500 3625 1553 πόλιν

2047 1604 2112 1655 ὲκ
2142 1602 2347 1665 πόλεως
2386 1600 2703 1669 φεύγοντας,
2745 1596 2833 1651 διά
2868 1596 2928 1649 τὸ
2958 1595 3262 1667 μεμνῆσθαι
3300 1593 3407 1646 τῶν
3450 1593 3625 1661 λόγων

2047 1694 2141 1747 τοῦ
2176 1693 2423 1765 Κυρίου,
2482 1687 2980 1763 προσλαμϐάνεσθε.
3056 1685 3434 1754 Ἑπιστάμενοι
3481 1684 3625 1754 γὰρ,

2048 1788 2130 1840 ὅτι
2180 1787 2240 1839 τὸ
2290 1787 2387 1855 μὲν
2430 1782 2645 1853 πνεῦμα
2692 1780 2991 1851 πρόθυμον,
3026 1778 3143 1848 ἠδὲ
3190 1777 3327 1849 σὰρξ
3370 1776 3625 1847 ἀσθενὴς,

2047 1877 2520 1950 ἀποδιδράσκουσι,
2561 1874 2655 1928 καὶ
2700 1872 2798 1943 τὴν
2846 1870 3101 1942 ἁρπαγὴν
3130 1868 3238 1921 τῶν
3268 1868 3628 1939 ὑπαρχόντων

2047 1972 2345 2043 προΐενται,
2379 1970 2466 2022 ἵνα
2505 1966 2865 2037 άνεξάρνητον
2904 1965 2961 2015 ὲν
2990 1964 3200 2025 ἑαυτοῖς
3235 1961 3296 2013 τὸ
3329 1960 3498 2031 δνομα
3526 1959 3627 2012 τοῦ

2046 2063 2279 2136 Χριστοῦ
2327 2062 2745 2132 διατηρήσωσιν.
2810 2057 3176 2126 Ἐπικουρεῖτε
3217 2050 3308 2107 οὖν
3343 2054 3523 2115 αὐτοῖς
3556 2052 3629 2105 τὰ

2048 2134 2219 2231 apo?
2210 2158 2419 2229 χρείαν,
2448 2155 2666 2227 ἐντολὴν
2696 2152 2981 2224 Κυριακὴν
3011 2149 3361 2221 πληροῦντες.
3399 2147 3503 2201 Eos
3532 2150 3628 2217 qui

2045 2252 2456 2321 persecutionem
2505 2249 2784 2315 patiuntur
2833 2246 2957 2314 ﬁdei
3004 2260 3190 2304 causa,
3231 2255 3279 2295 et
3320 2242 3384 2296 de
3413 2243 3628 2295 civitate

2046 2345 2100 2397 in
2152 2344 2415 2397 civitatem
2468 2339 2721 2409 fugiunt,
2770 2336 2909 2406 quod
2967 2334 3297 2388 meminerint
3345 2336 3627 2387 verborum

2048 2434 2263 2488 Domini
2306 2432 2421 2503 (9i)
2473 2431 2742 2498 suscipite.
2791 2426 2927 2482 Cum
2973 2428 3116 2481 enim
3154 2426 3334 2479 norint
3374 2425 3627 2494 spiritum

2046 2528 2256 2597 quidem
2280 2536 2583 2595 promptum
2612 2538 2744 2580 esse.
2762 2537 2976 2574 carnem
2999 2536 3118 2574 vero
3135 2520 3427 2587 infirmam,
3457 2517 3627 2586 aufu-

2046 2620 2218 2689 giunt,
2251 2627 2300 2672 et
2326 2616 2645 2687 facultatum
2692 2630 2911 2667 suarum
2936 2612 3283 2681 direptionem
3308 2611 3626 2679 permittunt

2047 2728 2110 2766 ac
2139 2711 2424 2780 negligunt,
2460 2716 2517 2760 ut
2540 2708 2593 2760 in
2618 2722 2672 2760 se
2700 2707 2831 2774 ipsis
2864 2721 3052 2759 nomen
3082 2702 3278 2758 Christi
3327 2703 3625 2768 illibatum,

2045 2810 2095 2855 et
2133 2801 2406 2870 negatione
2458 2814 2560 2851 non
2602 2795 2872 2864 proditum
2924 2804 3246 2847 conservent.
3282 2790 3627 2861 Suppeditate

2044 2908 2167 2960 ergo
2196 2891 2307 2943 illis
2330 2906 2447 2959 qua:
2477 2898 2599 2942 sunt
2618 2886 2938 2949 necessaria,
2959 2884 3267 2938 mandatum
3286 2885 3626 2940 Dominicum

2047 2983 2391 3051 adimplentes
2416 2980 2551 3051 (92).

359 3070 695 3126 Novatianos
741 3087 1022 3141 perperam
1070 3072 1347 3126 distulerit
1396 3071 1530 3141 (87).
1578 3070 1723 3126 Neve
1771 3070 1939 3124 ullum
1969 3100 2012 3157 ο
2117 3075 2184 3131 V,
2228 3075 2443 3145 Ρνορνίί
2471 3072 2789 3128 Tertulliani
2834 3088 3040 3126 errore;
3084 3070 3151 3124 ab
3183 3070 3467 3142 Hippolyto
3495 3087 3629 3126 οοη-

359 3163 565 3217 crimen
593 3179 673 3217 ex:
696 3164 768 3234 ipi
798 3170 1002 3234 posset,
1036 3165 1280 3234 exempla
1316 3164 1669 3235 proferuntur
1694 3162 1934 3226 Davidis,

358 3263 412 3309 et
442 3253 736 3321 Manassis,
776 3271 1010 3325 quorum
1043 3271 1186 3310 unus
1219 3257 1471 3310 man-hia:
1516 3265 1679 3327 atque
1708 3254 1941 3309 homici-

357 3346 457 3412 dii,
490 3346 627 3401 alter
667 3347 989 3401 idololatriae
1033 3362 1160 3401 reus
1213 3346 1391 3401 fuerat
1423 3364 1435 3398 :
1474 3348 1589 3402 haec
1625 3346 1769 3402 enim
1809 3362 1938 3416 pec-

358 3448 482 3491 cata
512 3439 860 3509 excipiebant
886 3439 1252 3504 Montanistae,
1277 3456 1415 3511 quos
1446 3440 1613 3493 veluti
1641 3439 1937 3509 alloquitur

358 3530 808 3584 Constitutionum
841 3542 1031 3586 auctor
1061 3548 1186 3586 cum
1221 3533 1297 3585 ait
1331 3547 1342 3580 :
1384 3528 1601 3593 Μείζων
1655 3528 1939 3583 εἰδωλολα-

356 3622 542 3691 τρείας
569 3623 668 3674 οὐκ
696 3621 841 3674 ἐστιν
873 3620 1136 3693 ἁμαρτία.
1183 3624 1277 3686 Εἰς
1306 3623 1437 3675 Θεὸν
1465 3623 1573 3695 γάρ
1601 3624 1717 3676 ὲστι
1746 3622 1936 3676 δυσσέ-

357 3712 496 3766 6εια.
553 3713 688 3766 Ἀλλ’
732 3715 881 3786 ὅμως
926 3716 1020 3767 καὶ
1065 3715 1202 3788 αὑτὴ
1247 3714 1335 3767 διὰ
1375 3716 1603 3786 γνησίας
1650 3715 1936 3786 μετανοίας

358 3804 793 3877 συγκεχώρηται.
838 3804 1061 3860 Gravius
1101 3806 1353 3860 delictum
1393 3806 1710 3860 idololatria
1747 3824 1850 3861 non
1880 3824 1935 3861 re

356 3898 559 3965 peritur
587 3913 605 3951 .'
633 3909 711 3952 est
752 3899 891 3953 enim
939 3900 994 3953 in
1020 3899 1187 3963 Deum
1235 3900 1482 3968 impietas
1526 3914 1545 3952 :
1589 3899 1932 3954 nihilominus

358 3999 533 4043 tamen
561 3998 609 4043 et
634 3989 767 4042 illud
793 4006 885 4059 per
912 3991 1171 4045 sinceram
1199 3992 1556 4060 paenitentiam
1580 3992 1933 4046 condonatum

354 4091 434 4137 est
457 4082 593 4154 (88).
631 4081 709 4135 llli
761 4084 1032 4139 secundas
1082 4085 1301 4153 nuptias
1342 4084 1695 4148 daumabant,
1728 4101 1847 4155 quae
1877 4086 1931 4139 in

356 4174 836 4229 Constitutionibus
869 4174 943 4227 ita
972 4190 1084 4228 non
1128 4175 1529 4245 improbantur,
1557 4185 1613 4229 ut
1644 4176 1932 4233 manifeste

355 4272 619 4333 arguatur
662 4264 973 4319 contrarius
1022 4280 1217 4318 error:
1255 4265 1425 4332 Λόγον
1456 4264 1641 4334 ὑφέξει
1679 4266 1755 4337 τῷ
1781 4268 1929 4338 Θεῷ,

274 4422 279 4427 Α
351 4356 450 4426 οὐχ
480 4357 559 4409 ὅτι
586 4355 820 4427 δευτέρῳ
848 4356 1009 4426 γάμῳ
1042 4355 1284 4427 συνήφθη
1312 4395 1324 4417 ,
1355 4356 1467 4408 ἀλλ’
1497 4358 1578 4409 ὃτι
1604 4358 1702 4428 τὴν
1733 4359 1931 4429 ἑαυτῆς

2042 3172 2222 3244 futati.
2242 3200 2312 3210 —
2333 3168 2415 3222 Ad
2435 3168 2547 3223 haec
2572 3165 2944 3221 Tertullianus
2967 3163 3295 3219 Montanista
3312 3204 3326 3227 ,
3370 3180 3437 3218 ex
3470 3179 3628 3219 nova:

2044 3274 2208 3322 sectae
2248 3261 2514 3317 institutis
2556 3257 2899 3314 consectaria
2927 3257 3174 3327 quietiam
3207 3255 3450 3323 deduxit,
3476 3257 3627 3310 unde

2039 3364 2093 3411 et
2116 3353 2370 3425 privatim
2400 3367 2618 3406 errores
2650 3350 2789 3403 alios
2820 3348 3034 3403 ascivit.
3062 3346 3386 3416 Cujusmodi
3417 3348 3510 3401 ille
3535 3355 3625 3402 est

2037 3462 2198 3517 quem
2235 3446 2382 3501 edito
2413 3445 2552 3497 libro
2594 3441 2667 3494 De
2693 3440 2821 3509 fuga
2853 3440 2905 3492 in
2936 3439 3294 3507 persecutione
3316 3438 3498 3504 docet,
3534 3439 3624 3493 sui

2037 3533 2327 3597 Paracleti,
2370 3529 2612 3585 Montani
2646 3529 2856 3583 scilicet
2886 3531 3213 3582 auctoritate
3244 3529 3435 3594 fretus,
3467 3530 3627 3582 nulla

2037 3628 2311 3684 occasione
2358 3624 2675 3695 martyrium
2726 3621 2981 3675 redimere
3034 3620 3118 3689 fas
3162 3637 3295 3675 esse.
3339 3620 3627 3677 Adversus

2036 3737 2155 3776 eam
2187 3717 2512 3775 sententiam
2538 3715 2651 3769 haec
2677 3712 2885 3783 profert
2906 3710 3359 3767 Constitutionum
3388 3719 3621 3767 auctor:

2034 3814 2098 3866 Ei
2132 3812 2188 3865 δὲ
2216 3811 2309 3864 καὶ
2339 3803 2449 3871 οἷός
2484 3808 2544 3860 τέ
2575 3809 2722 3859 ἐστιν
2754 3805 2968 3858 ἅπαντα
2995 3804 3087 3857 τὸν
3119 3802 3231 3873 βίον
3254 3802 3447 3855 ἑαυτοῦ
3479 3803 3623 3855 ἀπο-

2035 3903 2255 3975 δόμενος
2286 3900 2551 3975 ῥύσασθαι
2580 3899 2778 3961 αὐτοὺς
2808 3898 2872 3949 ὲκ
2897 3894 2991 3950 τοῦ
3020 3896 3415 3967 δεσμωτηρίου,
3440 3896 3625 3965 μακά-

2036 4012 2149 4066 ριος
2177 3995 2330 4048 ἔσται
2359 3994 2453 4047 καὶ
2482 3991 2633 4061 φίλος
2662 3990 2755 4043 τοῦ
2787 3988 3043 4077 Χριστοῦ.
3068 3990 3130 4041 El
3159 3988 3269 4061 γὰρ
3298 3992 3325 4043 ό
3352 3990 3421 4042 τά
3449 3990 3631 4061 ὑπάρ-

2034 4104 2195 4156 χοντα
2242 4088 2476 4155 πτωχοῖς
2520 4084 2641 4146 δοὺς
2663 4122 2678 4145 ,
2727 4082 2929 4144 τέλειος
2953 4120 2967 4144 ,
3019 4080 3157 4152 μετά
3191 4082 3291 4153 τὴν
3338 4082 3467 4152 περὶ
3508 4082 3625 4135 τῶν

2034 4178 2192 4230 θείων
2248 4177 2483 4245 γνῶσιν,
2542 4174 2721 4246 πολλῷ
2780 4173 2977 4246 μᾶλλον
3018 4175 3047 4227 ό
3102 4173 3241 4245 ὑπὲρ
3301 4172 3621 4245 μαρτύρων.

2031 4267 2157 4322 lam
2198 4285 2313 4322 vero
2351 4269 2398 4321 si
2434 4268 2550 4339 quis
2581 4275 2751 4336 potest
2795 4265 2996 4319 tradita
3026 4265 3166 4318 omni
3195 4265 3493 4317 substantia
3518 4282 3625 4318 sua

2031 4375 2118 4414 eos
2172 4356 2487 4429 [martyres]
2513 4371 2577 4409 ex
2626 4370 2833 4407 carcere
2864 4351 3111 4416 liberare,
3158 4352 3340 4405 beatus
3397 4352 3498 4405 erit
3554 4367 3625 4403 ac

352 4447 680 4516 ἐπαγγελίαν
708 4449 807 4501 οὐκ
836 4448 1086 4517 ἐφύλαξε.
1138 4446 1410 4500 Batonem
1444 4447 1553 4502 Deo
1586 4448 1796 4514 reddet,
1827 4468 1930 4503 non

2041 4452 2234 4507 Christi
2261 4452 2487 4503 amicus.
2523 4447 2667 4501 Nam
2690 4464 2807 4501 cum
2833 4447 2878 4499 is
2899 4446 2990 4515 qui
3010 4450 3145 4499 bona
3172 4462 3273 4499 sua
3298 4445 3621 4514 pauperibus

350 4539 489 4607 quod
536 4538 779 4593 secundis
825 4540 1022 4607 nuptiis
1070 4539 1319 4607 copulata
1367 4540 1459 4602 sit,
1500 4538 1589 4592 sed
1619 4539 1756 4608 quod
1801 4556 1929 4608 pro.

351 4629 632 4697 fessionem
674 4647 827 4683 suam
869 4647 973 4683 non
1024 4629 1243 4683 servarit
1276 4628 1387 4699 (89)
1426 4644 1649 4682 :sermo
1697 4638 1816 4683 erat
1862 4630 1930 4687 de

351 4718 554 4783 viduis,
584 4736 704 4789 qua:
742 4721 1053 4775 castitatem
1097 4718 1314 4773 fuerant
1346 4718 1625 4788 professa.
1659 4719 1929 4786 Quoniam

351 4824 486 4863 vero
512 4809 802 4865 Montanus
832 4810 1213 4867 dissolvendas
1244 4826 1365 4867 esse
1392 4812 1612 4883 nuptias
1641 4812 1926 4877 docuerat,

351 4901 407 4956 id
449 4918 669 4971 quoque
718 4903 775 4956 in
824 4902 1304 4957 Constitutionibus
1357 4913 1443 4958 est
1496 4905 1743 4969 vetitum,
1793 4905 1929 4975 μήτε

353 4993 461 5065 μὴν
506 4992 645 5063 μετά
692 4992 868 5064 γάμον
908 4994 1189 5047 ἐκϐάλλειν
1247 4995 1665 5063 ἀκατάγνωστον
1706 4995 1926 5059 ἐξέστω.

354 5083 477 5138 Νοη
523 5100 643 5154 ergo
688 5093 807 5153 post
850 5086 1062 5153 nuptias
1117 5088 1275 5140 liceat
1332 5087 1521 5151 ejicere
1574 5087 1925 5155 inculpatum.

348 5174 727 5245 Multiplicatis
776 5172 1021 5245 iejuniis,
1069 5177 1201 5246 quin
1242 5178 1407 5233 etiam
1456 5176 1923 5249 Quadragesimis,

442 5384 532 5453 84)
570 5384 669 5453 Ap.
692 5383 893 5440 Euseb.
926 5400 978 5446 v,
1006 5384 1091 5439 18.

442 5453 533 5518 85)
573 5453 674 5523 Ap.
710 5454 767 5509 S.
792 5454 1054 5523 Epiphan.
1090 5455 1217 5508 hzer.
1251 5470 1324 5517 ιι,
1350 5455 1441 5509 '53.

442 5524 532 5594 86)
570 5523 797 5579 Constit.
833 5524 1100 5594 11.14.18
1127 5533 1179 5578 ct
1209 5540 1323 5594 seq.

420 5592 532 5663 (87)
578 5594 839 5663 Mashem.
871 5593 1050 5649 Instit.
1080 5596 1201 5648 mai.
1232 5592 1439 5663 p.'2|9.

423 5661 535 5729 (88)
575 5661 798 5716 Constit.
836 5665 995 5722 111,1.

426 5729 537 5798 (δυ)
575 5728 706 5785 lbid.
743 5750 817 5799 Vl,
848 5734 928 5786 ιι.

2033 4544 2149 4611 dat,
2179 4542 2441 4613 perfectus
2474 4542 2543 4594 sit
2567 4548 2686 4609 post
2714 4538 3065 4608 cognitionem
3092 4553 3268 4591 rerum
3290 4536 3618 4601 divinarum,

2033 4636 2200 4689 multo
2237 4635 2337 4689 erit
2373 4633 2655 4702 perfectior
2686 4631 2777 4702 qui
2804 4647 2900 4701 pro
2928 4630 3255 4701 martyribus
3290 4638 3479 4684 cuncta
3512 4630 3625 4683 lar-

2032 4728 2201 4796 gietur
2234 4725 2366 4795 (93).
2424 4722 2798 4779 Christianum
2847 4722 2996 4775 salva
3062 4721 3165 4775 [ide
3216 4721 3453 4774 militare
3504 4736 3621 4775 non

2033 4834 2194 4889 posse
2230 4816 2601 4871 Tertullianus
2648 4814 3025 4884 pronuntiavit
3083 4813 3220 4884 (9i),
3285 4812 3619 4885 Hippolytus

2031 4919 2220 4965 contra
2237 4910 2291 4963 in
2314 4910 2532 4979 hisqua:
2549 4924 2578 4961 a
2595 4915 2918 4978 corruptore
2938 4914 3152 4961 servata
3171 4913 3299 4962 sunt
3317 4922 3329 4956 :
3346 4906 3624 4977 Στρατιώο

2029 5023 2129 5076 της
2171 5003 2409 5076 προσιὼν
2454 5000 2783 5055 διδασκέσθω
2837 5000 2911 5072 μὴ
2953 4999 3176 5061 ἀδικεῖν,
3228 4998 3302 5069 μὴ
3346 5014 3623 5065 συκοφαν-

2029 5100 2141 5150 τεῖν
2164 5136 2178 5161 ,
2208 5094 2495 5167 ἀρκεῖσθαι
2522 5094 2579 5147 δὲ
2618 5096 2730 5156 τοῖς
2775 5091 3068 5162 διδομένοις
3108 5090 3357 5160 ὀψωνίοις
3382 5106 3395 5120 ·
3427 5089 3617 5142 πειθό-

2032 5206 2190 5259 μενος
2259 5185 2637 5257 προσδεχέσθω
2659 5224 2674 5249 ,
2740 5184 3035 5252 ἀντιλέγων
3088 5182 3147 5238 δὲ
3200 5181 3616 5238 ἀποόαλλέσθω.

2102 5388 2215 5455 (9n)
2256 5387 2393 5441 Ibid.
2426 5403 2479 5450 ν,
2506 5387 2590 5441 ιδ.

2102 5460 2213 5528 (91)
2254 5457 2443 5528 Matth.
2477 5472 2623 5519 XXVI,
2650 5456 2738 5528 δέ.

2104 5526 2217 5597 (9‘2)
2257 5526 2487 5583 Constit.
2524 5542 2646 5589 vm,
2672 5526 2761 5580 45.

2103 5600 2214 5667 (93)
2256 5597 2391 5652 Ibid.
2426 5614 2476 5651 ν.
2513 5598 2564 5651 l.

2105 5666 2218 5741 (94)
2260 5667 2583 5724 Tcrtulllan.
2618 5666 2693 5721 De
2723 5683 2831 5720 cor.
2869 5666 3004 5732 mil.,
3030 5680 3107 5720 ιι.
