3896 6174
248 312 345 370 5H

1110 313 1707 371 CONSTITUTIONES
1741 314 2216 373 APOSTOLICE.
2249 347 2317 357 —
2346 315 2710 376 PROGSMIA.

3396 315 3499 371 5ίῖ

249 429 407 485 liles
431 429 683 485 accedens
706 430 960 485 doceatur
980 434 1173 487 nemini
1200 434 1455 501 injuriam
1477 434 1692 502 inferre,
1725 450 1827 485 non
1858 436 1903 492 Α
1928 434 2067 485 cium
2096 434 2421 502 complexum
2470 434 2648 503 magni
2684 435 2948 503 ponti/iris
2976 433 3104 489 Jesu
3127 434 3324 491 Christi
3345 434 3498 503 Regis

246 523 598 587 calumniari,
624 518 898 578 contentus
948 541 1060 579 esse
1089 524 1191 579 sibi
1218 526 1360 580 datis
1402 525 1677 593 stipendiis
1702 540 1719 578 :
1744 524 1831 579 ob-

248 626 551 684 temperans
573 615 653 669 his
684 615 1025 682 admittatur,
1058 631 1354 685 repugnans
1387 616 1664 684 rejiciatur
1691 616 1825 684 (95).

248 706 325 761 Eo
364 708 592 762 tandem
638 711 879 763 vesania:
917 707 1290 763 Tertullianus
1330 710 1620 778 prolapsus
1658 715 1742 763 est
1772 716 1830 763 ut

247 814 277 851 a
312 798 598 855 levissima
638 799 901 868 deceptus
944 799 1199 863 muliere,
1250 804 1553 869 nuntioque
1597 800 1831 855 remisso

245 890 454 946 nedum
494 898 658 947 recta:
684 891 829 957 ﬁdei,
861 892 956 947 sed
982 892 1145 946 etiam
1176 892 1376 945 rationi
1407 908 1418 941 :
1453 893 1686 945 animam
1722 908 1833 945 cor-

252 985 519 1054 poraliter
562 995 827 1041 ostensam
858 1003 971 1041 esse
1002 985 1253 1051 crederet,
1285 1002 1401 1056 qua:
1435 985 1653 1054 spiritus
1690 984 1832 1039 vide«

248 1076 433 1142 batur,
468 1076 558 1132 sed
587 1094 689 1131 non
720 1080 915 1141 inanis,
964 1086 1014 1132 et
1036 1093 1211 1131 vacua?
1238 1076 1513 1146 qualitatis
1538 1090 1554 1128 :
1582 1077 1687 1129 imo
1715 1093 1832 1147 qua:

245 1173 414 1226 etiam
455 1173 620 1227 teneri
661 1171 1043 1241 repromitteret
1072 1169 1207 1240 (96).
1258 1168 1365 1224 Sed
1393 1185 1455 1224 ea
1482 1185 1702 1240 quoque
1750 1172 1831 1223 fa-

247 1267 379 1321 bula
426 1267 484 1321 in
524 1262 1005 1321 Constitutionibus
1061 1262 1390 1317 convellitur
1416 1281 1429 1316 :
1455 1263 1648 1333 Ψυχὴν
1688 1261 1831 1315 ἀσώ-

251 1377 427 1431 ματον
470 1360 527 1411 ὲν
574 1359 706 1429 ἡμῖν
742 1358 836 1410 καὶ
881 1354 1148 1409 ἀθάνατον
1187 1352 1576 1425 ὁμολογοῦμεν,
1625 1354 1739 1406 ἀλλ’
1768 1355 1828 1407 οὐ

247 1452 503 1524 φθαρτὴν
530 1451 605 1514 ὡς
633 1449 703 1503 τὰ
731 1448 957 1521 σώματα
981 1488 996 1512 ,
1042 1445 1154 1499 ἀλλ’
1183 1446 1449 1500 ἀθάνατον
1472 1486 1487 1510 ,
1517 1446 1591 1509 ὡς
1610 1446 1831 1519 λογικὴν

247 1546 345 1599 καὶ
385 1542 752 1608 αὐτεξούσιον.
810 1541 1058 1595 Animam
1107 1549 1346 1593 nostram
1382 1539 1743 1607 incorpoream
1781 1546 1831 1593 et

247 1637 609 1692 immortalem
652 1635 987 1701 conﬁtemur,
1032 1650 1135 1687 non
1167 1640 1342 1686 autem
1388 1632 1627 1686 interitui
1669 1631 1831 1685 obno-

247 1731 400 1785 :riam
430 1738 491 1781 ut
520 1744 764 1797 corpora,
803 1728 908 1779 imo
939 1726 1123 1779 mortis
1154 1733 1435 1793 expertem,
1462 1732 1639 1793 utpote
1665 1724 1831 1778 ratio-

248 1824 428 1878 nalem
459 1840 521 1875 ac
548 1821 725 1875 liberte
744 1820 1017 1891 potestatis
1045 1818 1178 1889 (97).

327 1914 416 1969 Vl.
442 1912 802 1967 Tertullianus
832 1928 893 1964 ac
927 1909 1272 1965 Montanistaz
1304 1909 1662 1964 nominetenus
1691 1924 1829 1977 pra:-

252 2007 420 2069 teriti,
438 2003 531 2058 sed
545 2003 772 2073 undique
785 2003 839 2055 in
853 2000 1329 2057 Constitutionibus
1353 2000 1831 2071 emptast—Atque

250 2100 371 2153 haec
424 2095 739 2153 necessario
781 2094 1135 2150 edisserenda
1181 2092 1436 2157 fuerunt,
1483 2109 1553 2149 ne
1596 2093 1831 2163 amplius

248 2189 450 2244 lateret
472 2194 763 2256 utrumque
780 2169 1055 2255 Hippolyti
1082 2199 1240 2254 opus,
1264 2183 1404 2253 Περὶ
1429 2182 1829 2253 χαρισμάτων,

248 2289 307 2335 et
350 2274 793 2343 Ἀποστολικὴν
831 2274 1208 2342 παράδοσιν,
1250 2273 1595 2329 Montanistis
1662 2288 1833 2343 oppo-

253 2371 426 2424 situm
460 2366 650 2427 fuisse,
677 2367 1020 2433 maximeque
1036 2362 1372 2419 Tertulliano
1402 2364 1456 2416 in
1483 2378 1603 2417 eam
1629 2372 1831 2418 sectam

249 2459 505 2531 vergenti
532 2478 548 2514 :
580 2458 686 2513 etsi
715 2472 913 2511 nomen
945 2456 1138 2525 ipsius,
1169 2470 1277 2524 quo
1302 2454 1516 2508 facilius
1544 2455 1611 2508 ab
1640 2453 1835 2509 haeresi

251 2555 453 2626 pedem
499 2550 765 2615 referret,
820 2548 960 2603 bene
1010 2547 1080 2601 ab
1130 2546 1422 2617 Hippolyto
1477 2561 1833 2616 suppressum

254 2646 447 2701 fuerit.
503 2642 691 2712 Neque
719 2640 865 2696 enim
908 2638 1084 2709 ipsius
1125 2636 1282 2692 famae
1324 2636 1697 2693 Tertullianus
1740 2653 1835 2707 pe-

254 2739 565 2812 percisset,
613 2736 657 2793 si
707 2736 837 2807 quid
894 2736 950 2789 in
995 2750 1056 2790 se
1098 2734 1419 2788 nominatim
1462 2734 1835 2804 conscriptum

253 2839 429 2888 esset.
472 2829 532 2884 In
561 2826 1037 2885 Constitutionibus
1067 2826 1253 2897 itaque
1284 2825 1491 2883 frustra
1514 2825 1837 2882 Tertulliani

252 2925 469 2979 mentio
514 2929 608 2975 aut
643 2920 883 2975 Montani
926 2927 1305 2990 quaereretur;
1363 2918 1664 2988 praesertim
1706 2932 1839 2973 vero

255 3032 386 3071 cum
428 3015 591 3085 plura
628 3013 914 3068 sustulerit
956 3017 1267 3081 corruptor,
1302 3026 1425 3080 qua:
1463 3010 1837 3079 apostolorum

1930 525 2103 577 nostri
2150 526 2496 578 imitationem
2536 538 2631 591 pro
2673 523 2796 577 ludo
2836 522 3062 588 habent;
3101 524 3216 578 ideo
3258 525 3497 596 inquam,

1930 634 2136 673 necesse
2172 618 2277 687 fuit
2302 617 2366 671 de
2393 634 2451 672 eo
2483 634 2682 689 quoque
2713 617 2995 671 admonere
3027 634 3045 673 :
3070 618 3189 686 jam
3216 619 3352 671 enim
3384 621 3502 687 qui-

1930 709 2054 762 dam
2096 710 2331 763 conversi
2358 718 2481 762 sunt
2526 719 2664 762 retro
2694 718 2813 778 post
2854 710 3135 762 vanitatem
3178 725 3331 762 suam
3362 709 3499 779 (98).

1932 800 2058 856 Haec
2089 802 2274 870 utique
2305 800 2359 854 in
2386 800 2672 855 codicibus
2704 800 2998 871 Hippolyto
3049 801 3251 854 tributa
3291 799 3504 853 Monta-

1932 893 2109 947 nistas
2138 891 2360 953 feriunt,
2392 891 2532 962 apud
2563 909 2691 963 quos
2720 893 2797 945 vel
2825 894 3068 946 mulieres
3094 893 3323 961 episcopi
3349 902 3505 947 erant

1929 992 1981 1036 et
2020 982 2346 1053 presbyteri,
2386 993 2435 1037 et
2482 982 2553 1036 ad
2605 992 2822 1038 cazteros
2869 984 3069 1054 gradus
3122 986 3500 1055 allegebantur,

1932 1075 2135 1129 nullum
2166 1086 2223 1130 ut
2255 1092 2409 1130 sexus
2432 1076 2714 1130 discrimen
2743 1086 3059 1131 servaretur.
3104 1079 3418 1133 Ἐπίσκοποί
3444 1097 3506 1132 τε

1933 1172 2075 1241 παρ’
2102 1171 2286 1233 αὐτοῖς
2329 1173 2614 1239 γυναῖκες,
2662 1171 2755 1223 καὶ
2808 1170 3165 1242 πρεσϐύτεροι
3228 1174 3503 1239 γυναῖκες,

1932 1264 2027 1315 καὶ
2065 1262 2134 1315 τὰ
2192 1262 2344 1330 ἄλλα,
2388 1263 2465 1327 ὡς
2514 1263 2679 1335 μηδὲν
2717 1264 2990 1334 διαφέρειν
3046 1265 3178 1335 (99).
3223 1264 3508 1320 Postrema

1932 1366 2113 1413 autem
2151 1359 2310 1413 verba
2343 1358 2397 1411 in
2422 1357 2817 1413 Tertullianum
2863 1357 3008 1413 dicta
3053 1365 3183 1413 sunt
3212 1373 3351 1413 vano
3381 1374 3509 1428 pro-

1932 1451 2127 1520 phetiae
2158 1450 2381 1504 nomine
2409 1449 2730 1520 deceptum;
2772 1465 2934 1519 quem
2965 1451 3127 1520 paulo
3156 1456 3283 1505 ante
3309 1450 3423 1506 suis
3451 1449 3508 1505 in

1934 1542 2209 1597 Danielem
2251 1541 2680 1597 Commentariis
2728 1543 2935 1613 pariter
2976 1542 3298 1615 Hippolytus
3345 1550 3506 1597 nota-

1932 1644 2119 1689 verat:
2142 1634 2350 1697 Πάντες
2378 1634 2487 1706 γὰρ
2516 1636 2751 1706 σήμερον
2779 1636 2827 1691 οἱ
2847 1637 2925 1698 είς
2952 1636 3113 1689 αὐτὸν
3141 1636 3506 1704 πιστεύοντες,

1933 1728 1999 1782 τὰ
2025 1724 2178 1797 λόγια
2197 1727 2431 1806 Χριστοῦ
2462 1728 2825 1799 φθεγγόμεθα,
2846 1729 2922 1792 ὡς
2939 1728 3025 1782 διὰ
3056 1730 3319 1800 στόματος
3346 1730 3509 1784 αὑτοῦ

1929 1820 2215 1885 λαλοῦντες
2266 1821 2335 1874 τὰ
2390 1822 2480 1875 ὑπ’
2535 1820 2699 1874 αὑτοῦ
2750 1822 3183 1893 προτεταγμένα·
3238 1826 3352 1885 τοῖς
3402 1822 3512 1894 γὰρ

1930 1915 2107 1983 ἁγίοις
2141 1916 2236 1968 καὶ
2273 1914 2623 1985 φοϐουμένοις
2658 1914 2840 1979 αὑτὸν,
2879 1915 3064 1977 αὐτοῖς
3106 1914 3283 1985 μόνοις
3321 1916 3511 1969 ἑαυτὸν

1928 2011 2320 2066 ἀποκαλύπτει.
2362 2012 2423 2064 Ei
2453 2011 2563 2083 γάρ
2587 2028 2673 2075 τις
2700 2011 2849 2064 δοκεῖ
2874 2011 2967 2065 καὶ
2996 2014 3052 2064 ἐν
3096 2012 3386 2084 Ἐκκλησία
3414 2011 3511 2066 νῦν

1930 2105 2332 2171 πολιτεύεσθαι,
2375 2106 2538 2175 φόϐον
2573 2106 2629 2159 δὲ
2678 2104 2812 2159 Θεοῦ
2854 2107 2926 2177 μὴ
2966 2107 3108 2177 ἔχει,
3156 2108 3277 2161 οὐδὲ
3322 2107 3513 2162 τοῦτον

1930 2200 2184 2272 ὠφελεῖὴ
2217 2200 2353 2272 πρὸς
2379 2204 2506 2264 τοὺς
2536 2201 2722 2269 ἁγίους
2767 2201 2996 2266 σύνοδος.
3044 2204 3349 2273 Quicunque
3376 2205 3513 2258 enim

1932 2289 2087 2344 hodie
2116 2291 2169 2343 in
2198 2292 2369 2359 ipsum
2410 2291 2671 2345 credimus
2690 2332 2704 2354 ,
2738 2292 2959 2346 oracula
2984 2292 3184 2348 Christi
3227 2294 3510 2364 loquimur,

1935 2391 2187 2452 tanquam
2234 2383 2401 2451 ipsius
2451 2400 2542 2437 ore
2577 2383 2927 2451 praedicantes
2967 2402 3082 2455 qua:
3123 2397 3244 2440 sunt
3291 2386 3373 2439 ab'
3399 2388 3513 2454 ipso

1934 2475 2243 2530 constituta.
2280 2474 2492 2530 Sanctis
2528 2478 2712 2547 quippe
2744 2494 2806 2530 ac
2842 2494 2896 2532 se
2932 2478 3235 2533 timentibus
3278 2488 3513 2533 tantum-

1935 2566 2091 2621 modo
2125 2584 2180 2621 se
2210 2569 2382 2636 ipsum
2422 2568 2635 2623 revelat.
2684 2566 2828 2623 Nam
2868 2569 2918 2623 si
2953 2570 3070 2637 quis
3111 2569 3316 2623 videtur
3348 2571 3427 2625 vel
3460 2571 3513 2624 in

1939 2657 2178 2713 Ecclesia
2206 2658 2361 2713 modo
2390 2660 2592 2714 versari
2610 2663 2657 2726 ,'
2677 2662 2917 2715 timorem
2958 2670 3132 2715 autem
3156 2661 3255 2715 Dei
3283 2679 3386 2716 non
3417 2663 3510 2715 ha-

1938 2752 2064 2807 bet:
2110 2767 2271 2821 neque
2313 2752 2435 2805 huic
2484 2752 2695 2820 prodest
2739 2752 2809 2806 ad
2862 2764 3074 2808 sanctos
3121 2756 3404 2809 accessisse
3460 2757 3516 2809 in

1937 2852 2189 2897 conventu
2224 2842 2396 2913 (100).
2442 2840 2521 2897 Ac
2557 2843 2826 2914 siquidem
2853 2844 2968 2899 haec
3000 2852 3129 2899 sunt
3168 2847 3517 2901 contumelia

1939 2935 2065 2997 illive,
2096 2934 2297 3005 quibus
2323 2934 2399 2989 ait
2428 2933 2793 3006 Hieronymus
2817 2934 3211 2992 Tertullianum
3241 2955 3363 2996 esse
3392 2957 3516 3011 pcr-

1940 3038 2144 3082 motum
2178 3035 2237 3081 ut
2263 3028 2564 3084 Ecclesium
2607 3028 2917 3089 desereret,
2964 3040 3188 3100 apparet
3238 3031 3514 3087 hominem

255 3124 376 3165 ³3νο
415 3106 715 3163 comem“
748 3120 860 3159 ηοη
895 3110 1169 3174 Pomm“.
1206 3104 1365 3173 Plura
1400 3101 1579 3157 adhuc
1617 3103 1835 3157 incame
1862 3128 1903 3183 (ζ
1938 3120 2023 3173 sui
2069 3122 2256 3191 lapsus
2300 3136 2554 3183 causam,
2587 3137 2750 3190 quam
2795 3122 2995 3177 habere
3037 3124 3244 3180 nullam
3279 3132 3513 3194 poterat,

256 3201 579 3272 reliquerit.
623 3215 744 3270 qua:
783 3199 849 3254 ad
891 3201 1195 3269 posteriora
1245 3205 1495 3267 tempora
1549 3195 1838 3250 manifeste

258 3292 552 3349 referenda
587 3299 738 3347 sunt.
780 3291 862 3345 Ad
893 3290 1254 3344 Montanistas
1290 3303 1421 3343 vero
1453 3302 1516 3341 ac
1545 3285 1840 3342 Tertullia-

256 3402 391 3443 num
420 3392 621 3441 cuncta
652 3384 767 3440 fere
796 3388 1047 3452 spectant
1078 3397 1199 3451 quae
1226 3380 1524 3435 universim
1555 3380 1609 3434 in
1628 3378 1840 3435 Consti—

258 3476 556 3531 tutionibus
600 3474 924 3530 aﬂ'eruntur.
972 3471 1030 3526 In
1069 3472 1189 3542 ipso
1232 3472 1377 3525 enim
1418 3470 1609 3526 ultimo
1661 3471 1841 3539 capite

256 3570 395 3625 illud
445 3567 752 3623 inculcatur
782 3581 795 3616 :
830 3565 1097 3617 ’Ἐκαστον
1145 3562 1401 3633 ἐμμένειν
1445 3561 1597 3627 τάξει
1640 3564 1707 3632 τῇ
1753 3561 1840 3615 δο-

256 3663 416 3735 θείσῃ
445 3659 614 3731 αὐτῷ,
645 3658 739 3711 καὶ
771 3656 844 3729 μὴ
888 3656 1238 3727 ὑπερϐαίνειν
1273 3656 1401 3718 τοὺς
1439 3655 1617 3726 ὄρους.
1667 3653 1845 3709 Unus-

255 3756 480 3825 quisque
507 3754 563 3805 in
593 3752 777 3807 ordine
806 3751 907 3805 sibi
934 3753 1058 3803 dato
1084 3757 1410 3818 permaneat,
1449 3765 1609 3820 neque
1639 3749 1843 3819 regula-

256 3863 379 3899 rum
420 3844 669 3897 terminos
712 3840 1067 3895 transcendat.
1105 3838 1311 3893 Deinde
1341 3844 1535 3891 auctor
1570 3837 1833 3892 Montani-

255 3947 377 3994 stas
407 3936 637 4008 propius
666 3932 1026 4003 designando,
1064 3932 1119 3984 in
1145 3945 1337 3986 eorum
1378 3930 1655 3985 licentiam
1689 3931 1843 3985 invc~

254 4032 410 4085 hitur
450 4044 463 4080 :
500 4027 741 4088 Εἰκότως
779 4024 871 4077 τὸν
910 4021 1291 4095 ἐπηρτημένον
1343 4021 1584 4076 κίνδυνον
1625 4023 1736 4084 τοῖς
1773 4021 1846 4075 τὰ

252 4121 487 4175 τοιαῦτα
533 4117 834 4190 πράττουσι
881 4114 1276 4186 προειδόμενοι,
1324 4115 1419 4167 καὶ
1464 4114 1564 4185 τὴν
1619 4117 1700 4176 είς
1744 4114 1843 4179 τὰς

254 4214 455 4276 θυσίας
477 4252 491 4275 ,
520 4213 613 4265 καὶ
643 4207 991 4280 εὐχαριστίας
1019 4206 1297 4278 ἀμέλειαν,
1328 4206 1417 4275 ὑφ’
1446 4202 1521 4259 ὧν
1551 4208 1650 4261 οὐκ
1678 4208 1844 4279 ἐχρῆν

252 4304 676 4378 προσαγομένας
711 4299 943 4363 ἀσεϐῶς,
984 4300 1232 4368 παίγνιον
1269 4298 1585 4369 ἡγουμένων
1612 4300 1711 4370 τὴν
1742 4300 1814 4371 ἁρ

252 4398 578 4471 χιερατικὴν
605 4395 769 4467 τιμὴν
799 4394 923 4464 ἥτις
953 4392 1182 4464 μίμησιν
1210 4390 1453 4463 περιέχει
1481 4390 1575 4444 τοῦ
1607 4392 1840 4462 μεγάλου

1941 3218 1995 3268 in
2026 3213 2331 3269 Romanum
2363 3216 2568 3269 clerum
2608 3231 2821 3271 summa
2858 3216 3058 3283 injuria
3092 3216 3388 3271 detorsisse
3412 3217 3511 3287 (Ι).

1940 3306 2138 3361 Notatu
2168 3308 2310 3362 enim
2335 3307 2559 3377 dignum
2589 3316 2694 3371 est,
2725 3307 2871 3376 quod
2915 3310 3030 3377 ipse
3058 3323 3180 3361 cum
3199 3308 3515 3365 Catholicos

1942 3399 2255 3452 animalium
2300 3399 2521 3460 nomine
2557 3414 2621 3454 ac
2664 3400 2915 3470 pluribus
2959 3400 3223 3456 conviciis
3268 3403 3517 3455 cumula—

1945 3500 2045 3551 ret.
2087 3507 2246 3545 nemo
2290 3498 2404 3544 tum
2452 3491 2716 3560 temporis
2756 3490 2859 3544 fuit
2893 3492 2984 3561 qui
3025 3493 3349 3547 nominatim
3382 3492 3519 3548 Ter-

1942 3586 2229 3638 tullianum
2257 3584 2548 3639 refelleret.
2573 3583 2739 3639 Caius
2768 3584 2935 3649 enim,
2970 3583 3227 3639 Ecclesia:
3257 3584 3517 3641 Romanae

1944 3675 2250 3745 presbyter,
2317 3674 2580 3730 adversus
2636 3674 2891 3729 Proclum
2954 3675 3195 3730 Montani
3264 3678 3517 3733 columen

1941 3768 2140 3822 eximie
2204 3769 2461 3838 scripsit;
2516 3766 2844 3839 Hippolytus
2882 3768 2933 3822 in
2966 3767 3030 3825 Ε.
3062 3767 3127 3823 R.
3152 3769 3269 3837 pari
3320 3768 3513 3839 gradu.

1943 3858 2212 3915 adversus
2277 3858 2690 3914 Montanistas:
2745 3866 2977 3929 uterque
3023 3874 3087 3914 ea
3142 3859 3517 3914 moderatione

1946 3957 2003 4003 ut
2054 3952 2171 4019 ipse
2212 3948 2582 4005 Tertullianus
2630 3956 2883 4004 neutrum
2936 3949 3007 4005 sit
3065 3950 3398 4013 insectatus,
3453 3966 3518 4006 ac

1940 4040 2127 4111 potius
2155 4040 2504 4111 Apollonium
2546 4041 2928 4111 exagitaverit,
2969 4042 3334 4097 orthodoxuin
3371 4043 3516 4098 scri-

1944 4144 2179 4207 ptorem,
2216 4144 2271 4190 at
2316 4153 2426 4191 non
2474 4153 2538 4191 ex
2576 4136 2823 4191 Romano
2870 4137 3053 4199 clero,
3102 4144 3287 4206 utpote
3327 4141 3418 4208 qui
3461 4141 3516 4193 in

1944 4228 2168 4286 Oriente
2215 4230 2435 4285 vixerit.
2502 4228 2772 4283 Caeterum
2829 4228 3120 4299 scripsisse
3164 4228 3514 4301 Hippolytum

1943 4328 2134 4375 contra
2178 4321 2557 4384 Montanistas,
2603 4336 2808 4391 eosque
2844 4321 3107 4374 acerrime
3151 4336 3260 4390 prae
3304 4322 3517 4376 cmteris

1945 4416 2317 4485 impugnasse,
2353 4415 2407 4468 in
2437 4414 2662 4468 dubium
2705 4413 2946 4468 revocari
2972 4414 3181 4483 nequit,
3210 4429 3334 4467 cum
3359 4423 3517 4471 vetus

249 4464 559 4563 ἁρχιερέως
598 4464 773 4575 Ἰησοῦ
812 4483 1047 4558 Χριστοῦ
1086 4483 1359 4546 Βασιλέως
1385 4483 1564 4555 ἡμῶν,
1596 4484 1840 4555 ἀνάγκην

1946 4464 2317 4485 --ητ-ο--η--τ
2443 4464 2661 4468 "nm——
3373 4464 3513 4471 .--η

1943 4516 2137 4561 auctor
2168 4507 2356 4563 sedulo
2389 4508 2443 4561 in
2474 4522 2537 4562 ea
2567 4506 2771 4576 scripta
2820 4504 3131 4575 inquisierit
3157 4525 3170 4561 :
3197 4505 3357 4570 Τίνας
3387 4507 3517 4561 ὑπο-

248 4586 489 4654 ἐσχομεν
535 4582 629 4635 καί
665 4574 822 4633 τοῦτο
866 4576 1225 4648 παραινέσαι*
1255 4574 1353 4647 ἤδη
1401 4575 1509 4646 γάρ
1550 4594 1693 4639 τινες
1728 4575 1843 4641 ἐξε..

251 4675 551 4745 τράπησαν
596 4672 769 4724 ὀπίσω
814 4670 915 4739 τῆς
956 4668 1163 4721 ἑαυτῶν
1206 4667 1590 4738 ματαιότητος.
1633 4667 1842 4722 Idcirco

242 4769 379 4838 jure
416 4765 707 4834 periculum
748 4764 815 4816 iis
850 4762 939 4831 qui
983 4761 1092 4815 Iurc
1145 4759 1350 4829 faciunt
1386 4761 1684 4829 impendens
1718 4778 1842 4830 pro-

251 4860 559 4928 spicientes,
587 4866 637 4910 et
666 4854 1036 4925 negligentiam
1072 4853 1126 4905 in
1162 4852 1442 4921 sacriﬁciis
1472 4863 1520 4908 et
1541 4857 1838 4923 gratiarum

253 4951 556 5005 actionibus
599 4946 1031 5020 [Eucharistiis],
1080 4965 1140 5001 eo
1181 4948 1320 5019 quod
1359 4947 1513 5016 impie
1542 4949 1837 5016 offerantur

251 5044 323 5098 ab
350 5044 418 5097 iis
454 5060 486 5096 a
506 5042 695 5112 quibus
732 5059 834 5096 non
872 5051 1095 5111 oportet,
1124 5044 1311 5115 quique
1340 5042 1593 5097 honorem
1617 5042 1831 5113 pontiﬁ-

327 5204 443 5273 (95)
478 5204 706 5273 C_onstit.
739 5221 860 5268 vm,
896 5204 982 5259 5‘2.

326 5267 440 5339 (96)
479 5267 803 5343 Tertullian.
838 5275 913 5327 De
937 5278 1101 5330 anim.
1131 5292 1204 5330 Ix.

328 5346 445 5483 (97)
486 5346 714 5428 Constit.
745 5363 820 5408 vr,
844 5347 929 5399 Η.

328 5415 420 5471 (98
484 5416 711 5472 Consttt.
750 5433 871 5480 vin,
904 5417 929 5471 4

326 5415 444 5480 (98)
484 5416 711 5472 Constit.
750 5433 871 5480 vm,
904 5417 989 5473 46.

1940 4597 2134 4671 λήψεῖς
2162 4601 2305 4671 εἶχεν
2349 4602 2377 4654 ό
2407 4594 3061 4669 ἁγιώτατοςἽππόλυτος
3106 4601 3231 4671 περὶ
3274 4600 3374 4671 τῆς
3408 4602 3518 4653 τῶν

1939 4694 2319 4748 Μοντανιστῶν
2365 4695 2647 4766 αἱρέσεως,
2697 4694 2792 4747 καὶ
2837 4693 2989 4758 τίνας
3031 4695 3061 4747 ὁ
3106 4696 3163 4747 ἐν
3201 4694 3374 4763 ἁγίοις
3415 4695 3517 4765 τῆς

1937 4786 2160 4857 Νύσσης
2205 4785 2520 4857 Γρηγόριος.
2562 4786 2826 4852 Quidnam
2876 4788 3096 4841 senserit
3146 4787 3513 4842 sanctissimus

1940 4878 2259 4948 Hippolytus
2283 4878 2345 4931 de
2364 4876 2419 4929 Μ
2423 4880 2814 4933 outanistarum
2844 4878 3054 4944 hwresi,
3090 4878 3276 4950 quidve
3304 4877 3363 4933 S.
3389 4876 3494 4933 Gre

1940 4971 2121 5035 qorius
2140 4968 2414 5041 Nyssenus
2433 4970 2528 5041 (2).

2013 5200 2126 5267 (99)
2164 5200 2433 5271 Epiplian.
2467 5200 2597 5256 haer.
2635 5217 2783 5266 XLIX,
2810 5200 2864 5255 2.

2014 5272 2171 5343 (100),
2204 5273 2417 5343 Hippol.
2452 5271 2516 5326 In
2542 5272 2678 5325 Dan.
2698 5288 2761 5343 7x,
2791 5273 2841 5325 7.

2012 5343 2088 5409 (l)
2132 5342 2351 5398 Hieron.
2390 5344 2443 5395 in
2474 5342 2651 5397 Catal.
2683 5342 2879 5411 Script.
2912 5342 3034 5395 Eccl
3081 5358 3194 5395 l.ll|.

2012 5413 2087 5483 (2)
2130 5414 2315 5484 Steph.
2350 5413 2547 5469 Gobar.
2581 5430 2668 5484 ap.
2700 5411 2856 5469 Phot.
2878 5415 2999 5471 cod.
3026 5426 3267 5466 comm.
