3896 6174
1258 314 1314 371 S.
1349 315 1744 374 CLEMENTIS
1778 318 1797 373 l
1832 319 1997 376 ROM.
2036 320 2237 378 PONT.
2275 322 2503 381 OPERA
2537 323 2759 381 DUBIA.

3544 336 3651 393 ω

408 494 3635 533 ψ-Μῌ--ῄ

1059 672 1837 803 VETERUM
1950 676 2927 811 TESTIMONIA

857 926 1007 1013 DE
1084 923 2294 1023 CONSTITUTIONIBUS
2360 932 3178 1032 APOSTOLICIS.

1603 1247 1789 1305 Canon
1822 1254 2141 1319 apostolicus
2174 1254 2414 1311 ultimus.

452 1395 575 1451 Sint
597 1401 778 1452 autem
808 1396 967 1453 vobis
997 1398 1257 1455 omnibus
1285 1399 1525 1464 clericis,
1556 1409 1611 1459 et
1636 1402 1793 1459 laicis
1834 1405 1958 1460 libri
1989 1410 2035 1465 A

378 1487 717 1544 venerabiles
745 1497 799 1545 et
827 1489 1026 1553 sancti,
1056 1498 1163 1547 etc.
1194 1489 1494 1549 Clementis
1524 1492 1780 1564 Epistola:
1806 1495 1957 1563 diuae;

2137 1408 2317 1461 Ἔστω
2342 1408 2398 1460 δὲ
2439 1409 2567 1479 ὑμῖν
2605 1410 2738 1465 πᾶσι
2765 1411 3066 1483 κληρικοῖς,
3098 1416 3191 1468 καὶ
3218 1414 3424 1479 λαῖκοίς
3452 1414 3641 1486 βιϐλία

2061 1498 2333 1569 σεὸἀσμια
2376 1501 2470 1553 καὶ
2508 1502 2659 1569 ἀγια,
2698 1510 2804 1558 etc.
2851 1504 3165 1575 Κλήμεντος
3190 1508 3468 1560 ἐπιστολαὶ
3492 1509 3591 1562 δύο
3621 1526 3636 1540 ³

377 1578 1068 1647 etConstitutiones,vobis
1092 1582 1378 1655 Episcopis
1395 1602 1491 1657 per
1506 1603 1592 1643 me
1621 1588 1955 1646 Clementem

2058 1592 2153 1645 καὶ
2192 1593 2249 1645 αἱ
2271 1593 2535 1661 Διαταγαὶ
2572 1596 2698 1665 ὑμῖν
2739 1599 2850 1661 τοῖς
2876 1598 3195 1663 ἐπισκόποις
3219 1600 3296 1652 δι’
3324 1600 3457 1671 ἐμοῦ
3487 1602 3640 1673 KH;-

378 1672 434 1725 in
457 1679 581 1726 octo
610 1672 768 1729 libris
801 1683 1167 1741 nuncupatas;
1201 1693 1340 1747 quas
1371 1695 1481 1733 non
1522 1690 1735 1751 oportet
1768 1699 1955 1739 coram

2060 1700 2268 1754 μεντος,
2316 1684 2375 1737 ὲν
2415 1685 2559 1739 ὀκτὼ
2602 1687 2830 1757 βιϐλίοις
2871 1692 3398 1762 προσπεφωνημέναι
3431 1710 3445 1723 ο
3476 1693 3540 1757 ἀς
3572 1694 3638 1747 οὗ

376 1764 635 1820 omnibus
658 1764 963 1838 divulgare,
990 1767 1061 1823 ob
1083 1770 1313 1841 mystica
1336 1786 1459 1840 quae
1490 1772 1547 1827 in
1577 1774 1659 1830 eis
1696 1786 1844 1831 sunt.

1560 1992 1839 2062 Eusebius,
1868 1996 2012 2053 Hist.
2038 1997 2192 2062 ecct.,
2224 1996 2316 2057 lib.
2360 2012 2446 2066 tu,

2054 1775 2161 1845 χρὴ
2188 1774 2526 1845 δημοσιεύειν
2567 1780 2661 1832 ἐπὶ
2701 1779 2917 1833 πάντων
2975 1780 3065 1835 διὰ
3098 1780 3168 1835 τὰ
3200 1782 3259 1835 ἐν
3296 1781 3487 1846 αύταίς
3528 1800 3639 1853 μυ-

2056 1868 2235 1921 στικά.

2842 2002 2923 2057 Ea:
2947 2001 3072 2073 Ruf.
3105 2004 3375 2073 interpret.

1882 2084 1998 2137 cap.
2026 2069 2117 2125 25.

443 2159 588 2217 Inter
640 2162 808 2220 libros
862 2165 1061 2222 nothos
1110 2166 1412 2221 collocetur
1495 2175 1582 2228 Ἐν
1618 2180 1731 2242 τοῖς
1768 2179 1945 2245 νόθοις

2051 2181 2374 2252 ιτατετάχθω
2424 2184 2520 2237 καὶ

1481 2270 1591 2323 τῶν
1637 2270 1851 2329 Παύλου
1876 2272 2189 2345 Πράξεωνή
2230 2273 2437 2347 γραφὴ,
2492 2272 2521 2328 δ

1480 2378 1540 2415 τε
1568 2362 1855 2434 λεγόμενος
1890 2366 2123 2436 Ποιμὴν,
2163 2369 2256 2420 καὶ
2285 2368 2319 2437 ἡ
2373 2368 2523 2420 Ἀπο-

1482 2454 1713 2526 κάλυψις
1742 2456 1968 2528 Πέτρου·
2010 2458 2261 2530 καὶπρὸς
2286 2460 2515 2523 τούτοις,

1480 2546 1513 2617 ἠ
1542 2546 1815 2619 φερομένη
1831 2546 2401 2621 Βανρά6αἙπιστολὴ,
2422 2551 2516 2604 καὶ

1478 2635 1588 2688 τῶν
1613 2636 1925 2690 ἀποστόλων
1966 2638 2023 2691 αἱ
2057 2639 2514 2710 λεγόμεναιΔιὼ-

1476 2726 1591 2799 χαι.
1623 2727 1764 2801 Lege
1790 2728 2043 2802 Niceph.,
2081 2732 2117 2786 l.
2153 2747 2216 2796 ιι,
2246 2746 2295 2788 c.
2328 2732 2418 2789 46.

367 2263 422 2308 et
448 2255 683 2309 Actuum
711 2253 867 2311 Pauli
913 2257 1205 2329 scriptura,
1243 2266 1298 2313 et
1340 2258 1409 2312 li-

372 2344 467 2397 ber
496 2345 591 2415 qui
624 2345 826 2401 dicitur
845 2348 1069 2411 Pastor,
1099 2356 1152 2403 et
1180 2350 1409 2404 Revela-

367 2437 444 2489 tio
512 2434 693 2499 Petri,
755 2436 1083 2507 insuperque
1151 2438 1410 2495 Barnabas

367 2540 488 2592 quae
520 2526 688 2579 fertur
702 2524 964 2598 Epistola,
990 2537 1044 2583 et
1072 2545 1192 2598 qua:
1212 2531 1409 2586 dicun-

287 2690 293 2696 ~
364 2626 457 2671 tur
484 2615 753 2674 Doctrina:
779 2622 1173 2691 apostolorum.

2660 2182 2791 2240 Post
2842 2184 2957 2241 haec
3004 2188 3118 2256 jam
3164 2188 3437 2258 scriptura
3500 2196 3631 2255 est,

2591 2292 2712 2346 quas
2753 2278 2957 2332 dicitur
2997 2278 3168 2333 Actus
3208 2278 3399 2348 Pauli;
3450 2282 3544 2336 Sed
3577 2292 3631 2336 et

2594 2370 2805 2425 libellus
2828 2370 2921 2439 qui
2946 2371 3249 2439 appellatur
3281 2371 3550 2436 Pastoris,
3575 2383 3634 2428 et

2592 2458 2852 2514 revelatio
2899 2456 3043 2513 Petri
3074 2478 3087 2513 :
3120 2459 3187 2515 de
3210 2462 3412 2530 quibus
3432 2478 3635 2532 quam-

2591 2549 2826 2604 maxime
2871 2550 3171 2605 dubitatur.
3217 2550 3415 2607 Fertur
3461 2555 3631 2607 etiam

2593 2641 2853 2696 Barnabas
2869 2643 3129 2710 Epistola,
3152 2652 3205 2698 et
3221 2648 3476 2704 Doctrina
3504 2664 3632 2718 qua:

2590 2734 2798 2789 dicitur
2828 2732 3199 2802 apostolorum

1000 2875 1060 2935 S.
1086 2877 1416 2935 Athanasius
1447 2881 1502 2936 in
1530 2881 1757 2952 epistola
1792 2881 2156 2949 Festali,tom.
2190 2884 2254 2951 ll,
2280 2886 2409 2942 edit.
2441 2886 2649 2951 Paris.,
2679 2903 2735 2958 p.
2772 2887 2864 2954 39,
2898 2889 2989 2945 40.

432 3014 571 3070 Sunt
598 3024 652 3071 et
683 3015 776 3069 alii
809 3015 933 3070 libri
969 3025 1166 3086 praeter
1199 3016 1337 3081 hos;
1368 3032 1481 3071 non
1509 3017 1731 3088 quidem
1776 3036 1944 3076 cano—
1975 3030 2018 3085 Β

356 3110 489 3174 uici,
522 3108 614 3163 sed
648 3124 787 3179 quos
820 3107 1011 3163 Patres
1056 3118 1359 3163 sanxerunt
1397 3110 1500 3180 legi
1536 3111 1604 3166 iis
1644 3111 1738 3181 qui
1780 3127 1940 3168 acce-

354 3203 491 3257 dunt
515 3202 581 3256 ad
627 3201 811 3266 ﬁdem,
844 3201 1186 3271 cupiuntque
1226 3201 1281 3256 in
1324 3203 1545 3272 pietatis
1575 3204 1742 3259 verbo
1778 3205 1941 3260 insti-

2120 3023 2307 3077 Ἔστιν
2337 3024 2430 3075 καὶ
2457 3021 2619 3094 ἕτερα
2649 3022 2832 3093 βιϐλία
2858 3022 3061 3076 τούτων
3092 3022 3287 3089 ἔξωθεν
3312 3042 3325 3056 '
3372 3025 3434 3078 ού
3474 3045 3633 3081 κανο-

2043 3112 2296 3186 νιζόμενα
2337 3114 2455 3185 μὲν,
2500 3115 2859 3185 τετυπωμένα
2918 3114 2974 3168 δὲ
3020 3115 3173 3187 παρὰ
3206 3116 3315 3169 τῶν
3362 3117 3629 3188 Πατέρων

2041 3206 2511 3276 ἀναγινώσκεσθαι
2555 3209 2668 3271 τοῖς
2708 3208 2833 3279 ἀρτι
2874 3209 3332 3280 προσερχομένοις
3373 3211 3469 3263 καὶ
3511 3210 3633 3280 βου-

356 3295 432 3348 ιυί
460 3313 472 3348 :
500 3301 561 3347 ut
593 3293 873 3363 Sapientia
907 3292 1255 3359 Salomonis,
1290 3302 1423 3363 etc.,
1454 3304 1508 3351 et
1546 3312 1669 3367 quas
1709 3306 1939 3354 vocatur

2051 3300 2285 3371 ἱκομένοις
2325 3299 2679 3371 κατηχεῖσθαι
2705 3300 2797 3353 τὸν
2823 3300 2924 3371 τῆς
2961 3300 3241 3364 εὐσεϐείας
3275 3301 3433 3371 λόγον
3479 3319 3494 3333 ·
3534 3304 3631 3356 Σο-

356 3385 614 3440 Doctrina
639 3386 1036 3456 apostolorum,
1068 3392 1123 3440 et
1164 3385 1380 3443 Pastor.
1422 3387 1699 3453 Attamen,
1728 3390 1933 3457 dilecti,

351 3493 477 3531 cum
518 3476 596 3531 illi
626 3478 880 3533 canonici
926 3478 1058 3539 sint,
1102 3478 1157 3531 hi
1203 3495 1332 3534 vero
1360 3479 1627 3549 legantur,
1659 3497 1931 3551 nusquam

352 3569 419 3623 fit
475 3569 917 3641 apocryphorum
954 3572 1188 3639 mentio;
1234 3574 1329 3629 sed
1378 3580 1507 3627 sunt
1553 3575 1931 3629 haereticorum

349 3668 743 3726 commentum,
776 3663 869 3732 qui
901 3678 965 3716 ea
1016 3665 1268 3719 scribunt
1315 3666 1535 3735 quando
1570 3668 1782 3731 volunt,
1822 3669 1933 3724 illis

348 3759 533 3806 autem
560 3753 865 3823 largiuntur
887 3762 941 3807 et
964 3754 1228 3824 adjiciunt
1250 3765 1513 3825 tempora,
1534 3773 1644 3827 quo
1672 3766 1932 3829 tanquam

348 3844 576 3913 antiqua
600 3844 963 3914 proferentes,
995 3862 1059 3901 ex
1092 3860 1155 3901 ea
1200 3863 1259 3903 re
1302 3845 1652 3906 Occasionem
1698 3851 1934 3908 habeant

346 3937 654 4009 decipiendi
686 3938 939 3995 homines
966 3939 1266 4013 simplices.

2037 3392 2138 3460 φία
2192 3391 2553 3463 Σολομῶντος,
2593 3400 2727 3459 etc.,
2782 3392 2878 3446 καὶ
2910 3393 3113 3465 Διδαχὴ
3157 3392 3465 3465 καλουμένη
3514 3394 3628 3449 τῶν

2037 3483 2370 3549 ἀποστόλων,
2401 3483 2495 3536 καὶ¹
2531 3485 2559 3537 ό
2600 3484 2831 3555 Ποιμήν.
2863 3485 2973 3538 Καὶ
2999 3485 3168 3555 ὅμως,
3199 3485 3492 3556 ἀγαπητοὶ,
3524 3487 3629 3539 κά-

2036 3575 2229 3628 κείνων
2256 3574 2702 3645 κανονιξομένων,
2733 3577 2828 3630 καὶ
2853 3576 3055 3629 τούτων
3077 3576 3624 3647 ἀναγινωσκομένων,

2035 3666 2270 3737 οὐδαμοῦ
2322 3668 2431 3722 τῶν
2491 3666 2823 3740 ἀποκρύφων
2866 3669 3051 3740 μνήμη
3086 3685 3100 3699 ·
3142 3668 3279 3723 ἀλλά
3328 3669 3625 3740 αἱρετικῶν

2036 3759 2183 3812 ἐστιν
2238 3759 2486 3825 ἐπίνοια,
2542 3760 2862 3831 γραφόντων
2909 3760 3007 3831 μὲν
3043 3761 3130 3813 ὅτε
3174 3760 3417 3815 θέλουσιν
3456 3761 3621 3827 αὐτὰ,

2035 3849 2408 3922 χαριζομένων
2427 3850 2482 3903 δὲ
2506 3853 2600 3904 καὶ
2622 3851 3017 3923 προστιθέντων
3047 3852 3229 3915 αὐτοῖς
3255 3853 3498 3924 χρόνους,
3530 3853 3626 3907 ἵνα

2034 3941 2111 4005 ὡς
2140 3941 2345 3995 παλαιά
2374 3942 2758 4014 προφέροντες,
2788 3942 3058 4015 πρόφασιν
3089 3944 3286 4015 ἔχωσιν
3311 3946 3525 4017 ἀωτᾷν
3552 3946 3624 3999 ὲκ

2031 4032 2224 4087 τούτου
2250 4034 2377 4097 τοὺς
2405 4035 2716 4106 ἀκεραίους.

1569 4205 1635 4262 In
1661 4206 1891 4278 Synopsi
1920 4225 2089 4264 sacrm
2118 4206 2427 4278 Scriptura.

419 4340 619 4395 lterum
643 4341 767 4396 libri
788 4341 920 4397 Novi
939 4340 1274 4399 Tcstamenti
1293 4342 1492 4415 quibus
1505 4322 1924 4411 contradicitur,
1953 4354 1975 4413 (

2100 4344 2211 4415 Τῆς
2231 4343 2359 4433 νέες
2388 4344 2550 4398 πάλιν
2586 4342 2860 4427 Διαθήκης
2880 4341 3264 4433 ἀντιλεγόμενα
3290 4344 3483 4411 ταῦτα,
3504 4354 3615 4405 etc.

343 4443 475 4487 sunt
505 4434 695 4498 bi,etc.
725 4430 982 4489 Doctrina
1010 4436 1406 4504 apostolorum,
1434 4433 1774 4490 Clementina
1812 4454 1825 4490 :
1856 4452 1924 4490 ex

340 4526 543 4594 quibus
589 4526 802 4581 veriora
852 4533 905 4580 et
953 4541 983 4580 a
1031 4524 1141 4581 Deo
1189 4527 1473 4597 inspirata,
1506 4527 1678 4582 electa
1709 4537 1838 4584 sunt
1860 4543 1925 4583 ac

341 4618 631 4673 translata.
661 4616 786 4673 Haec
817 4623 946 4673 sunt
977 4633 1098 4688 qua:
1130 4616 1408 4691 leguntur,
1436 4628 1547 4675 etc.

2030 4435 2229 4508 Διδαχὴ
2261 4428 2594 4501 ἀποστόλων,
2625 4435 2943 4507 Κλημέντια
2973 4450 2987 4465 ο
3028 4434 3089 4500 ἐξ
3127 4428 3203 4489 ὧν
3245 4437 3623 4511 μετεφράσθη-

2033 4544 2132 4581 σαν
2159 4527 2451 4596 ἐκλεγέντα
2478 4527 2548 4581 τά
2575 4527 2912 4600 ἀληθέστερα
2932 4527 3026 4581 καὶ
3054 4527 3398 4583 θεόπνευσταο
3428 4529 3619 4585 Ταῦτα

2033 4618 2099 4673 τὰ
2128 4620 2629 4693 ἀναγινωσκόμενα,
2660 4627 2769 4679 etc.

1437 4774 1501 4830 S.
1532 4773 1894 4843 Epiphanius,
1936 4774 2127 4829 hazresi
2161 4774 2251 4843 45,
2282 4792 2429 4831 nam.
2459 4775 2511 4833 5.

411 4902 554 4970 Quin
593 4912 648 4960 et
677 4908 908 4975 apostoli
964 4908 1022 4963 in
1071 4910 1214 4965 libro
1243 4912 1334 4982 qui
1379 4911 1714 4965 Constitutio
1758 4925 1924 4964 voca-

2110 4913 2269 4967 Ἀλλά
2296 4916 2392 4969 καὶ
2431 4916 2479 4969 οἱ
2524 4913 2812 4969 ἀπόστολοι
2854 4932 3018 4983 φασιν
3061 4915 3120 4969 ὲν
3160 4917 3226 4986 τῇ
3256 4912 3508 4979 Δια-τάξει
3542 4918 3615 4987 τῇ

339 5007 452 5062 tur,
485 4998 673 5054 aiunt:
706 5000 954 5056 Ecclesia
986 5004 1259 5058 catholica
1292 5013 1376 5059 est
1408 5004 1503 5058 Dei
1547 5003 1813 5072 plantatio
1858 5017 1923 5059 ac

2051 5006 2359 5079 ίαλουμένῃ,
2403 5008 2491 5062 ὅτι
2521 5008 2720 5077 φυτεία
2755 5008 2890 5061 Θεοῦ
2928 5009 3023 5063 καὶ
3069 5006 3330 5081 ἀμπελὼν
3374 5009 3410 5081 ἡ
3452 5007 3610 5061 καθο-

340 5091 516 5145 vinea.
548 5089 718 5146 Locus
747 5103 921 5148 exstat
951 5096 1103 5150 initio
1132 5097 1606 5153 Caustitutionum.

2023 5099 2148 5174 λικὴ
2194 5100 2506 5171 Ἐκκλησία.

1664 5255 1872 5312 Ilazresi
1904 5256 1990 5323 70,
2024 5272 2170 5310 nunt.
2205 5255 2294 5312 10.

407 5381 487 5435 Ad
521 5382 624 5438 hoc
653 5392 834 5440 autem
863 5386 1026 5443 iidem
1056 5387 1290 5445 Audiani
1324 5390 1650 5463 detorquent
1694 5402 1915 5465 aposto-

2090 5399 2188 5461 Εἰς
2226 5397 2384 5451 τοῦτο
2423 5396 2480 5450 δὲ
2521 5397 2572 5448 οἱ
2609 5395 2763 5448 αὐτοὶ
2807 5392 3057 5448 Αύδιανοὶ
3100 5390 3481 5466 παραφέρουσι
3506 5392 3613 5468 τὴν

334 5473 511 5528 lorum
562 5476 1052 5550 Constitutionem;
1096 5485 1190 5553 qui
1218 5485 1439 5554 quidem
1476 5487 1614 5542 liber
1652 5502 1684 5541 ι
1727 5488 1915 5544 multis

2052 5489 2127 5543 ὧν
2155 5488 2465 5544 ἀποστόλων
2487 5486 2760 5552 Διάταξιν,
2801 5483 2967 5540 οὖσαν
3019 5486 3119 5557 μὲν
3162 5487 3277 5548 τοῖς
3305 5485 3521 5549 πολλοῖς
3547 5488 3610 5540 ὲν

337 5575 626 5623 revocatus
658 5570 712 5624 in
744 5572 992 5639 dubium,
1028 5590 1137 5629 non
1167 5584 1251 5631 est
1278 5583 1465 5633 tamen
1495 5578 1910 5649 improbandus.

336 5652 528 5711 Omnis
558 5661 759 5731 quippe
795 5666 1097 5722 canonicus
1129 5667 1263 5723 ordo
1308 5670 1361 5724 in
1393 5670 1511 5740 ipso
1555 5673 1867 5729 continetur
1894 5694 1909 5740 ;

340 5753 394 5799 ct
424 5747 558 5803 nihil
589 5749 689 5807 llde
722 5754 1106 5829 adulteratam,
1140 5777 1318 5835 neque
1363 5777 1390 5817 a
1418 5765 1789 5835 confessione,
1819 5782 1913 5823 ne-

2018 5581 2356 5652 ἀμφιλέκτῳ,
2401 5580 2521 5633 ἀλλ’
2569 5579 2670 5632 οὐκ
2706 5578 2983 5648 ἀδόκιμον.
3033 5578 3193 5630 Πᾶσα
3227 5575 3337 5647 γὰρ
3378 5576 3437 5628 ὲν
3465 5576 3608 5649 αὐτῇ

2020 5673 2277 5744 κανονικὴ
2306 5672 2460 5736 τάξις
2500 5670 2818 5742 ἐμφέρεται,
2857 5670 2951 5723 καὶ
2991 5669 3144 5722 οὐδὲν
3180 5686 3609 5741 παρακεχαραγ-

2023 5765 2182 5837 μένον
2211 5764 2307 5836 τῆς
2342 5765 2595 5829 πίστεως,
2626 5756 2743 5817 οὐδέ
2770 5762 2868 5835 τῆς
2896 5762 3208 5833 ὁμολογίας,
3231 5760 3353 5815 οὐδὲ
3381 5761 3481 5832 τῆς
3511 5761 3606 5815 ὲκ-
