3896 6174
337 198 445 254 MS

1162 212 1762 271 CONSTITUTIGNES
1795 214 2273 277 ΑΡΟΞΤΟΙΛΟᾹΞ.
2306 249 2378 258 -
2416 215 2780 276 ΡεοιεΜιΑ.

3492 218 3599 274 tuo

338 313 729 388 ιι).ησιαστικῆς
753 317 1087 394 διοικήσεως,
1116 328 1212 383 καὶ
1237 331 1481 396 κανόνος,
1518 334 1613 387 καὶ
1658 334 1892 396 πίστεως

2015 351 2123 405 que
2151 336 2221 390 ab
2253 336 2627 392 ecclesiastica
2658 336 3158 400 administratione.
3188 345 3245 393 et
3275 352 3509 402 canone,
3538 354 3603 394 ac

329 409 411 461 Τὸ
443 409 507 463 δὲ
546 410 739 482 ῥητὸν,
775 413 869 483 ἀφ’
905 408 971 467 οὗ
1009 414 1236 487 γνώμην
1263 416 1627 488 λαμϐάνοντες
1658 421 1789 493 περὶ
1819 421 1917 476 τοῦ

326 500 544 573 Πάσχα,
567 505 752 571 κακῶς
781 507 1287 581 παρερμηνεύουσιν
1309 512 1357 564 οί
1385 512 1794 584 προειρημένοι,
1820 513 1915 569 καὶ

322 593 651 661 ἀγνοοῦντες
677 597 878 671 ἑτέρως
906 600 1402 673 ὑπολαμϐάνουσιν.
1421 603 1694 676 ὐρίζουσι
1722 605 1830 678 γὰρ
1856 609 1915 661 ὲν

324 686 393 755 τῇ
424 686 561 758 αὐτῇ
590 687 829 755 διατάξει
872 692 923 744 οἱ
966 692 1274 758 ἀπόστολοι,
1308 696 1391 750 ὅτι
1424 696 1593 767 ὑμεῖς
1610 696 1698 767 μὴ
1723 698 1914 767 ψηφί-

321 774 485 843 ζητε,
512 778 671 834 ἀλλὰ
697 781 916 837 ποιεῖτε
944 783 1091 838 ὅταν
1111 788 1165 840 ol
1190 787 1442 858 ἀδελφοὶ
1462 788 1630 859 ὑμῶν
1649 791 1706 844 οἱ
1725 790 1795 843 ἐκ
1821 803 1915 843 πε-

318 869 600 940 ριτομῆςο
621 874 750 942 μετ’
787 875 988 933 αὐτῶν
1020 879 1144 951 ἅμα
1178 881 1418 935 ποιεῖτε.
1450 883 1562 938 Καὶ
1595 883 1698 938 οὐκ
1728 876 1912 938 εῖπαψ

324 965 518 1020 Ὅταν
552 970 609 1022 ol
642 968 895 1039 ἀδελφοὶ
930 970 1119 1041 ὑμῶν,
1165 976 1221 1027 οὶ
1258 973 1330 1027 ἐν
1364 976 1651 1047 περιτομῇ
1680 994 1694 1008 ⁶
1726 978 1862 1033 ἀλλά
1892 995 1907 1010 ⁸

316 1059 377 1111 al
403 1057 477 1112 ἐκ
504 1060 858 1130 περιτομῆςο
878 1062 967 1117 ῖνα
987 1062 1201 1130 δείξωσι
1220 1066 1349 1131 τοὺς
1368 1067 1477 1122 ἀπὸ
1489 1069 1589 1141 τῆς
1609 1072 1912 1143 περιτομῆς

316 1148 401 1211 είς
427 1149 531 1221 τὴν
572 1151 899 1224 Ἐκκλησίαν
930 1156 1301 1227 μετελθόντας,
1323 1160 1601 1231 ἀρχηγοὺς
1624 1157 1762 1214 εἶναι
1793 1165 1909 1233 μετ’

314 1241 529 1297 ἐκεῖνον
569 1244 661 1299 τὸν
706 1246 917 1319 χρόνον,
956 1255 1064 1306 etc.
1097 1250 1259 1324 Παρά
1282 1255 1394 1316 τοῖς
1421 1253 1737 1318 ἀποστόλοις
1762 1254 1819 1308 δὲ
1846 1255 1910 1310 τὸ

316 1334 486 1406 ῥητὸν
512 1335 593 1390 δι’
619 1338 870 1409 ὁμόνοιαν
897 1340 1217 1414 ἐμφέρεται,
1245 1342 1322 1407 ὡς
1347 1344 1800 1417 ἐπιμαρτυροῦσι,
1828 1346 1911 1401 λέ-

310 1443 529 1494 γοντες,
558 1429 642 1484 ὅτι
671 1431 788 1485 κᾶν
812 1448 877 1487 τε
901 1434 1277 1504 πλανηθῶσι,
1309 1435 1466 1506 μηδὲ
1490 1436 1635 1508 ὑμῖν
1653 1439 1905 1508 μελέτω.

324 1521 421 1587 Ἐξ
438 1523 622 1577 αὐτῶν
639 1525 695 1578 δὲ
713 1524 821 1579 τῶν
840 1527 1018 1581 ἐκεῖσε
1045 1529 1164 1600 είρη
1174 1527 1351 1598 μένων
1372 1528 1553 1601 ῥητῶν
1572 1530 1606 1601 ἡ
1638 1526 1908 1596 ἀντίθεσις

307 1615 632 1686 ὀφθήσεται.
664 1618 934 1673 Φάσκουσι
962 1620 1071 1692 γάρ
1099 1619 1200 1693 τὴν
1228 1620 1535 1692 ἀγρυπνίαν
1563 1620 1770 1694 φέρειν,
1811 1639 1907 1693 με-

308 1708 589 1773 σαζόντων
614 1711 724 1764 τῶν
760 1710 1028 1783 ’Δζύμων.
1060 1713 1134 1767 Οὐ
1163 1712 1385 1767 δύναται
1403 1712 1459 1767 δὲ
1486 1712 1646 1767 τοῦτο
1673 1715 1906 1769 πάντοτε

307 1801 568 1868 γενέσθαι
592 1804 648 1855 ὲν
676 1805 742 1874 τῇ
771 1804 935 1875 ψήφῳ
961 1806 1026 1876 τῇ
1056 1805 1506 1877 ἐκκλησιαστικῇ.

2018 428 2144 483 ﬁde.
2178 426 2351 483 Porro
2396 428 2625 493 dictum,
2657 443 2687 483 a
2743 444 2855 499 quo
2880 430 3210 485 sententiam
3241 428 3309 485 de
3330 427 3603 485 Paschate

2017 520 2318 589 accipiunt,
2353 520 2598 590 praedicti
2632 521 2771 576 male
2800 520 3252 590 interpretantur,
3279 528 3333 576 et
3362 536 3458 591 per
3514 521 3602 574 in—

2016 614 2230 668 scitiam
2264 614 2444 669 alieno
2470 628 2632 670 sensu
2665 622 2909 669 sumunt.
2944 613 3219 667 Detiuiunt
3259 614 3403 667 enim
3444 614 3500 667 in
3534 629 3599 667 ea

2015 706 2410 761 constitutione
2439 708 2670 776 apostoli
2706 726 2719 760 :
2762 706 2865 761 Vos
2894 707 3055 760 nolite
3086 715 3390 774 computare
3419 722 3481 758 ac
3506 706 3599 759 de-

2014 812 2241 863 cernere,
2271 797 2362 853 sed
2394 809 2517 853 tunc
2544 799 2822 863 celebrate,
2858 798 3068 870 quando
3100 800 3295 867 fratres
3328 799 3486 853 vestri
3507 798 3598 869 qui

2012 906 2079 946 ex
2122 893 2521 948 circumcisione
2540 900 2702 946 sunt:
2739 908 2859 945 cum
2908 891 3019 945 illis
3076 906 3183 944 una
3233 890 3485 959 peragite.
3531 888 3597 942 Et

2013 999 2125 1039 non
2158 983 2448 1039 dixerunt:
2480 983 2707 1050 Quando
2747 982 2943 1052 fratres
2967 983 3148 1045 vestri,
3174 982 3264 1051 qui
3284 981 3599 1034 incircum-

2011 1076 2208 1131 aisione
2228 1086 2371 1141 sunt,
2398 1077 2493 1132 sed
2520 1095 2533 1130 :
2562 1076 2667 1143 Qui
2701 1091 2767 1131 ea:
2786 1075 3188 1129 circumcisione
3226 1083 3387 1135 sunt;
3421 1081 3477 1126 ut
3506 1088 3598 1127 os-

2011 1168 2319 1231 tenderent,
2354 1184 2449 1223 eos
2481 1168 2575 1238 qui
2604 1184 2670 1222 ex
2716 1160 3155 1223 circumcisione
3186 1166 3252 1219 ad
3295 1164 3595 1219 Ecclesiam

2010 1262 2371 1323 transierunt,
2400 1259 2615 1314 futuros
2644 1270 2766 1330 post
2794 1259 2927 1313 illud
2951 1269 3167 1329 tempus
3195 1257 3364 1312 duces
3405 1263 3459 1309 et
3504 1270 3597 1308 au-

2010 1362 2211 1415 ctores,
2243 1360 2349 1407 etc.
2378 1352 2533 1421 Apud
2564 1352 2844 1421 apostolos
2883 1367 3013 1407 vero
3058 1351 3267 1405 dictum
3298 1348 3430 1403 illud
3464 1362 3593 1418 pro-

2009 1451 2131 1516 pter
2163 1446 2517 1499 concordiam
2566 1445 2806 1516 positum
2859 1451 2967 1507 est,
3005 1440 3467 1515 quemadmodum
3509 1446 3594 1494 te-

2008 1546 2227 1594 stantur
2248 1538 2335 1593 his
2379 1538 2609 1593 verbis:
2646 1536 2714 1592 Et
2759 1537 2996 1608 quamvis
3040 1535 3302 1598 aberrent,
3340 1550 3403 1587 ne
3449 1530 3592 1586 vobis

2007 1644 2152 1683 cura:
2180 1629 2269 1684 sit.
2302 1628 2570 1685 Caeterum
2596 1646 2663 1685 ex
2693 1629 2921 1685 vocibus
2951 1628 3086 1698 ipsis
3115 1642 3237 1697 quae
3261 1626 3334 1680 ibi
3369 1624 3594 1695 prolatae

2012 1732 2163 1786 sunt,
2186 1722 2460 1791 oppositio
2481 1731 2535 1777 et
2562 1722 2925 1793 repugnantia
2946 1721 3249 1791 apparebit.
3278 1718 3412 1773 Nam
3437 1717 3593 1770 aiunt

2012 1813 2361 1883 pervigilium
2406 1815 2675 1883 agendum
2725 1828 2849 1868 esse
2895 1814 2949 1866 in
2999 1811 3178 1866 medio
3236 1814 3588 1881 Azymorum.

306 1891 430 1947 Hoc
461 1902 667 1959 autem,
694 1896 750 1950 in
784 1896 1158 1951 ecclesiastica
1187 1903 1492 1968 temporum
1515 1900 1924 1971 supputatione,
1962 1902 2078 1960 ﬁeri
2097 1915 2360 1977 perpetuo
2381 1923 2491 1961 non
2521 1915 2722 1978 potest.
2741 1905 2875 1977 Lege
2899 1904 3036 1977 quod
3074 1903 3269 1958 notabo
3288 1903 3355 1958 ad
3397 1901 3583 1958 Const.

305 1994 513 2054 apost.,
544 1986 701 2053 lib.v,
725 2004 839 2058 cap.
870 1990 955 2055 17,
980 1998 1029 2043 ει
1060 2005 1177 2059 cap.
1214 1991 1304 2049 19.

1768 2088 2004 2167 Numero
2032 2109 2118 2164 11.

379 2240 616 2310 Λέγουσι
654 2241 765 2316 γὰρ
795 2244 845 2297 οί
883 2243 1037 2299 αὐτοὶ
1064 2244 1373 2311 ἀπόστολοι,
1414 2247 1496 2301 ὃτι
1525 2247 1656 2304 ὅταν
1698 2248 1898 2303 ἐκεῖνοι

300 2332 645 2404 εὐωχῶνται,
676 2335 834 2407 ὑμεῖς
862 2337 1211 2408 νηστεύοντες
1245 2338 1384 2412 ὑπὲρ
1413 2340 1594 2396 αὐτῶν
1629 2341 1896 2407 πενθεῖ-τε,

299 2424 385 2477 ὅτι
418 2426 479 2478 ἐν
506 2429 572 2497 τῇ
595 2427 780 2499 ἡμέρᾳ
809 2428 910 2499 τῆς
937 2429 1134 2502 ἑορτῆς
1162 2432 1254 2485 τὸν
1274 2433 1504 2515 Χριστὸν
1522 2433 1895 2506 ἐσταύρωσαν·

300 2518 401 2569 καί
428 2519 558 2571 ὅταν
594 2520 750 2573 αὐτοὶ
778 2521 1036 2587 πενθῶσι,
1066 2523 1135 2578 τὰ
1176 2524 1360 2598 ἄζυμα
1396 2525 1669 2591 ἐσθίοντες
1699 2527 1759 2581 ἐν
1807 2543 1900 2580 πι-

300 2609 509 2680 κρίσιν,
539 2612 699 2683 ὑμεῖς
724 2613 1034 2687 εὐωχεῖσθε.

2076 2247 2272 2302 Dicunt
2298 2247 2444 2303 enim
2477 2246 2641 2303 iidem
2675 2246 2941 2319 apostoli;
2975 2246 3198 2317 quando
3230 2244 3306 2299 illi
3350 2244 3583 2315 epulan-

1999 2348 2115 2406 tur,
2147 2356 2246 2395 vos
2289 2339 2605 2410 jejunantes
2635 2356 2735 2409 pro
2784 2340 2921 2409 ipsis
2965 2338 3165 2409 lugete,
3218 2338 3474 2407 quoniam
3526 2336 3585 2391 in

2001 2437 2090 2491 die
2120 2432 2437 2490 festivitatis
2481 2433 2761 2489 Christum
2805 2430 3201 2487 cruciﬁxerunt
3235 2450 3247 2486 :
3278 2439 3331 2487 et
3364 2429 3588 2501 quando

1998 2530 2077 2584 illi
2112 2529 2316 2599 lugent,
2346 2543 2535 2599 azyma
2559 2527 2785 2582 edentes
2814 2542 2937 2580 cum
2970 2526 3201 2580 lactucis
3249 2524 3584 2595 agrestibus,

1999 2636 2100 2677 vos
2128 2620 2451 2692 epulamini.
2480 2618 2615 2691 Lege
2645 2618 2900 2685 Constit.,
2934 2618 3026 2673 lib.
3060 2634 3113 2683 ν,
3137 2634 3254 2687 cap.
3288 2617 3372 2673 15.

1829 2771 2060 2831 Ibidem.

370 2904 540 2972 Αὖθις
557 2909 737 2963 αὐτῶν
753 2909 1041 2975 ἀκούοντες
1055 2911 1114 2966 ἐν
1140 2913 1206 2985 τῇ
1236 2912 1506 2978 Διατάξει,
1535 2912 1617 2967 ὅτι
1644 2913 1673 2966 ό
1700 2912 1888 2967 κακῶν

2062 2908 2198 2966 Cum
2248 2908 2447 2965 iterum
2498 2907 2722 2964 eosdem
2791 2911 3070 2979 apostolos
3130 2908 3458 2973 audiamus,
3509 2909 3564 2962 in

299 3000 501 3055 ἐαυτοῦ
520 3001 620 3074 τὴν
646 3002 820 3076 ψυχὴν
840 3004 898 3058 ἐν
928 3005 1203 3077 Κυριακῇ,
1234 3006 1635 3078 ἐπικατάρατός
1663 3008 1779 3059 ἐστι
1807 3005 1886 3079 τῷ

2002 3000 2395 3057 Donstitutione
2424 3000 2670 3056 dicentes
2695 3019 2709 3056 :
2735 3000 2837 3069 Qui
2863 3000 3048 3071 amigit
3070 3001 3308 3054 animam
3332 3015 3486 3054 suam
3521 2999 3580 3053 in

297 3092 442 3165 θεῷ.

1987 3095 2293 3159 Dominica,
2321 3094 2647 3149 maledictus
2679 3103 2764 3149 est
2807 3091 2940 3150 Deo.
2970 3090 3106 3161 Lege
3146 3090 3358 3159 Const.,
3389 3089 3482 3145 lib.
3514 3106 3574 3153 ν,

1988 3204 2111 3259 cap.
2138 3188 2231 3244 20.

1747 3341 1802 3397 N
1806 3359 1986 3399 umero
2016 3345 2106 3403 12.

370 3481 778 3552 Παρατηρεῖται
796 3480 852 3535 δὲ
869 3484 903 3554 ὴ
939 3479 1235 3552 Ἐκκλησία
1262 3479 1415 3549 ἀγειν
1442 3478 1539 3550 τὴν
1568 3479 1761 3552 ἑορτὴν
1790 3478 1886 3532 τοῦ

294 3573 517 3645 Πάσχα,
564 3573 812 3627 τουτέστι
844 3574 945 3646 τὴν
988 3573 1261 3644 ἑϐδομάδα
1301 3571 1398 3643 τὴν
1442 3572 1756 3644 ὡρισμένην
1793 3576 1888 3628 καὶ

291 3669 406 3723 ἀπ’
438 3666 619 3719 αὐτῶν
660 3666 770 3719 τῶν
806 3665 1122 3720 ἀποστόλων
1143 3663 1201 3718 ἐν
1240 3666 1306 3735 τῇ
1341 3663 1610 3730 Διατάξει,
1635 3665 1743 3719 ἀπὸ
1763 3665 1886 3718 δευ-

289 3762 465 3832 τέρας
496 3760 811 3825 Σαϐϐάτων,
855 3760 992 3828 ὅπερ
1020 3758 1171 3814 ἐστὶν
1204 3757 1521 3832 ἀγορασμὺς
1551 3758 1646 3813 τοῦ
1675 3759 1885 3832 προϐά-

288 3870 412 3909 του.

2061 3479 2330 3537 Observat
2380 3485 2564 3535 autem
2615 3478 2883 3545 Ecclesia,
2935 3485 2992 3534 ut
3038 3478 3236 3533 festum
3286 3477 3579 3537 Pascbatis

1988 3583 2234 3646 peragat,
2258 3574 2363 3629 hoc
2392 3583 2497 3639 est,
2542 3572 2937 3629 hebdomadam
2973 3572 3249 3627 decretam
3291 3573 3457 3628 etiam
3505 3576 3578 3629 ab

1987 3667 2122 3737 ipsis
2149 3667 2412 3739 apostolis
2443 3667 2500 3722 in
2543 3666 2969 3730 Constitutione,
3019 3681 3048 3718 a
3075 3666 3316 3721 secunda
3364 3664 3576 3722 Sabba-

1985 3767 2189 3824 torum,
2221 3759 2369 3831 quod
2401 3766 2486 3816 est
2519 3760 2727 3831 emptio
2754 3759 2902 3831 agni.
2935 3758 3120 3816 Const.
3163 3769 3358 3828 apost.,
3392 3759 3485 3815 lib.
3513 3778 3572 3826 ν,

1987 3867 2107 3922 cap.
2146 3852 2235 3920 l5,
2274 3851 2365 3920 15,
2392 3850 2484 3921 18,
2513 3851 2603 3910 19.

1598 4006 1809 4063 Hmresi
1839 4006 1930 4075 75,
1959 4022 2109 4062 num.
2141 4012 2201 4065 θ.

364 4155 431 4207 El
460 4152 517 4206 δὲ
545 4152 642 4205 καῖ⁸
666 4150 774 4223 χρὴ
790 4148 851 4204 τὸ
866 4150 969 4221 τῆς
993 4149 1299 4215 Διατάξεως
1324 4148 1433 4203 τῶν
1468 4144 1781 4202 ἀποστόλων
1798 4140 1878 4195 λέ-

287 4260 433 4314 γειν,
465 4244 585 4308 πῶς
626 4244 745 4296 ἐκεῖ
786 4243 1048 4316 ὡρίζοντο
1087 4242 1317 4314 τετράδα
1359 4240 1456 4295 καὶ
1492 4235 1878 4310 Προσὰὅὸατον

286 4337 550 4408 νηστείαν
579 4335 597 4408 (
621 4333 879 4391 Usserius
904 4334 1166 4405 corrigit,
1195 4329 1510 4405 νηστεύειν)
1538 4329 1626 4383 διὰ
1654 4325 1875 4388 παντὸς,

2055 4136 2113 4193 Si
2142 4153 2273 4196 vero
2312 4138 2478 4194 etiam
2507 4145 2724 4210 oportet
2750 4152 2818 4195 ex
2848 4135 3223 4208 apostolorum
3275 4136 3567 4192 Constitu-

1982 4231 2134 4287 tione
2164 4231 2344 4300 loqui;
2374 4246 2485 4302 quo
2516 4230 2679 4285 modo
2701 4230 2813 4284 illic
2845 4230 3174 4284 deﬁnierunt
3207 4228 3566 4298 jejuuandum

1981 4338 2106 4378 esse
2139 4330 2405 4393 perpetuo
2433 4330 2629 4391 quarta
2668 4320 2805 4376 feria
2852 4327 2907 4376 et
2944 4317 3303 4385 Prosabbato,
3342 4330 3569 4389 excepta

286 4433 466 4516 χωρὶς
504 4428 887 4500 Πεντηκοστῆς
904 4443 917 4457 ο
941 4427 1036 4481 καὶ
1065 4426 1193 4498 περὶ
1210 4424 1317 4478 τῶν
1336 4424 1395 4489 ἒξ
1414 4421 1637 4516 ἡμερῶν
1650 4418 1744 4516 τοῦ
1765 4417 1879 4516 Πὰξ

2002 4414 2335 4480 ?entecoste;
2380 4422 2433 4467 et
2469 4412 2538 4468 de
2579 4428 2675 4467 sex
2720 4411 2914 4466 diebus
2958 4409 3267 4475 Paschatis,
3294 4411 3571 4481 quomodo

288 4509 423 4595 σχᾶ,
461 4522 579 4586 πῶς
618 4519 1055 4593 παραγγέλλουσι
1106 4518 1269 4591 μηδὲν
1313 4517 1448 4580 ὅλως
1491 4511 1810 4585 λαμϐάνειν,
1830 4509 1873 4595 ﬂ

286 4582 463 4686 σι’ῥτιέυ
491 4582 587 4667 καλ.
616 4582 741 4677 sui;
767 4582 865 4665 καὶ
898 4582 1119 4675 ὓδατος,
1149 4582 1310 4663 ποίαν
1338 4626 1398 4661 τε
1438 4582 1655 4678 ἡμέραν
1683 4582 1875 4672 ἄγεινῖἰ

286 4706 413 4770 πῶς
439 4723 501 4759 τε
526 4703 781 4759 ἀπολύειν
809 4705 888 4767 είς
916 4702 1334 4774 ἐπιφὼσκουσαν
1368 4698 1674 4772 Κυριακὴν,
1714 4714 1876 4767 φανε-

288 4799 386 4871 ρόν
425 4799 564 4851 ἐστι.
599 4796 668 4851 Ει
695 4796 877 4852 infra:
916 4792 1050 4850 Εἶτα
1097 4794 1155 4848 δὲ
1196 4796 1246 4847 εί
1286 4792 1362 4864 μὴ
1406 4791 1533 4863 περὶ
1572 4790 1675 4860 τῆς
1701 4789 1874 4859 αὐτῆς

285 4888 603 4954 ὑποθέσεως
633 4888 904 4961 τετράδων
944 4888 1039 4940 καὶ
1061 4883 1464 4959 Προσαδϐάτων
1492 4883 1542 4935 οἱ
1568 4882 1723 4935 αὐτοὶ
1738 4880 1874 4934 ἀπό-

284 4981 471 5035 στολοι
496 4981 557 5034 ἐν
582 4984 650 5053 τῇ
679 4979 928 5044 Διατάξει
948 4978 1153 5047 ἔλεγον,
1186 4976 1281 5030 καὶ⁸
1315 4975 1490 5038 ἄλλως
1518 4975 1583 5027 ἐκ
1609 4971 1874 5043 πανταχό-

282 5074 380 5127 θεν
407 5075 628 5145 εῖχομεν
670 5073 949 5137 ἀποδεῖξαι
982 5086 996 5101 ·
1042 5071 1192 5140 ὅμως
1229 5066 1357 5136 περὶ
1395 5064 1585 5119 τούτου
1629 5062 1872 5137 ἀκριϐῶς

281 5168 582 5239 γράφουσι.

1984 4507 2308 4578 praecipiunt
2332 4507 2470 4561 nihil
2501 4504 2727 4560 omnino
2756 4519 2993 4563 sumere.
3028 4510 3227 4574 praeter
3268 4519 3462 4574 panem
3512 4512 3566 4557 et

1982 4602 2149 4655 salem
2181 4606 2238 4655 et
2284 4615 2505 4670 aquam,
2556 4599 2881 4667 qualemque
2934 4596 3076 4650 diem
3125 4611 3305 4666 agere,
3351 4604 3406 4649 et
3455 4611 3566 4665 quo

1980 4700 2141 4762 pacto
2168 4692 2441 4761 jejunium
2487 4690 2698 4745 solvere
2750 4690 2803 4742 in
2851 4688 3203 4742 illucescente
3246 4685 3564 4749 Dominica;

1980 4783 2331 4840 manifestum
2374 4789 2477 4838 est.
2525 4780 2590 4834 Et
2619 4781 2778 4851 paulo
2806 4788 2921 4847 post
2952 4794 2971 4832 :
2998 4778 3199 4833 Deinde
3224 4793 3372 4840 vero,
3411 4778 3456 4833 si
3494 4779 3560 4831 de

1978 4875 2169 4931 eodem
2222 4880 2546 4945 argumento
2599 4871 2928 4938 Quartarum
2978 4877 3033 4925 et
3094 4868 3559 4924 Prosabbato'rum

1976 4967 2141 5022 iidem
2167 4966 2400 5036 apostoli
2428 4964 2482 5019 in
2504 4963 2910 5019 Constitutione
2929 4977 3037 5016 non
3064 4961 3369 5026 dixissent;
3392 4961 3555 5013 etiam

1974 5058 2133 5112 aliter
2153 5057 2394 5127 undique
2420 5069 2708 5125 possemus
2729 5053 3111 5108 demonstrare
3132 5071 3144 5106 :
3162 5066 3470 5122 quanquam
3492 5065 3558 5102 ea

1972 5146 2040 5202 de
2062 5162 2121 5203 re
2152 5154 2409 5202 accurate
2437 5146 2707 5202 scribunt.
2753 5143 2887 5216 Lege
2931 5143 3185 5207 Constit.,
3214 5141 3304 5196 lib.
3347 5158 3399 5202 ν,
3433 5156 3551 5205 cap.

1974 5240 2062 5304 15,
2089 5240 2192 5307 2ος
2229 5240 2321 5295 lib.
2353 5255 2451 5306 vn,
2481 5253 2595 5306 cap.
2613 5236 2719 5303 25;
2749 5236 2842 5290 lib.
2867 5252 2920 5304 ν,
2950 5251 3070 5305 cap.
3104 5234 3193 5299 15,
3228 5232 3317 5297 15,
3354 5230 3438 5293 18,
3462 5230 3549 5283 19.

1580 5401 1786 5456 eresi
1812 5400 1903 5464 80,
1936 5416 2082 5456 num.
2124 5399 2179 5454 7.

352 5526 467 5580 Kal.
510 5526 641 5596 περὶ
689 5526 788 5596 μὲν
815 5520 910 5578 οὖν
952 5521 1047 5577 τοῦ
1088 5523 1294 5591 γενείου
1331 5522 1388 5574 ἐν
1421 5523 1541 5582 ταῖς
1583 5518 1866 5583 Διατάξεσι

276 5615 389 5671 τῶν
420 5616 734 5670 ἀποστόλων
767 5616 967 5686 φάσκει
1005 5616 1035 5667 ό
1065 5614 1207 5678 θεῖος
1232 5613 1389 5682 λόγος
1417 5612 1514 5665 καὶ
1539 5613 1574 5682 ὴ
1612 5610 1866 5664 διδασκα-

277 5708 369 5761 λία
404 5707 481 5778 μὴ
520 5707 780 5781 φθείρειν,
802 5706 1048 5761 τουτέστι
1069 5705 1143 5779 μὴ
1171 5705 1386 5777 τέμνειν
1416 5705 1607 5776 τρίχας
1636 5702 1865 5773 γενείου,

2045 5514 2111 5569 Ει
2139 5513 2358 5583 quidem
2382 5513 2450 5568 de
2477 5512 2676 5576 barba,
2704 5505 3290 5566 in,Constitutionibus
3329 5508 3540 5570 apostoo

1972 5609 2149 5663 lorum
2173 5606 2249 5660 ait
2270 5605 2489 5661 divinus
2514 5618 2716 5668 sermo,
2748 5610 2803 5658 et
2825 5599 3078 5669 doctrina
3108 5616 3120 5651 :
3157 5612 3264 5650 non
3298 5606 3548 5648 corrum-

1972 5700 2179 5771 pendos
2204 5715 2347 5767 esse,
2378 5699 2483 5755 hoc
2508 5707 2614 5762 est,
2658 5711 2769 5751 non
2797 5707 2919 5750 esse
2946 5688 3212 5748 secandus
3245 5686 3385 5756 pilos
3415 5682 3543 5738 bar-
