3896 6174
391 310 496 367 5H
1245 308 1301 365 S.
1336 308 1731 366 CLEMENTIS
1764 310 1784 364 Ι
1820 310 1984 367 ROM.
2023 310 2224 368 PONT.
2262 310 2491 369 OPERA
2525 310 2747 369 DUBIA.
3533 318 3633 376 5-H

396 487 3617 516 a—-—-—————————-————————————————_—_

1048 666 1826 798 VETERUM
1938 666 2917 799 TESTIMONIA

848 921 997 1008 DE
1074 916 2283 1013 CONSTITUTIONIBUS
2350 920 3169 1018 APOSTOLICIS.

1594 1240 1780 1297 Canon
1814 1245 2132 1311 apostolicus
2165 1244 2405 1301 ultimus.

445 1393 567 1448 Sint
590 1398 771 1449 autem
801 1392 959 1449 vobis
989 1392 1249 1450 omnibus
1277 1392 1517 1457 clericis,
1548 1400 1602 1452 et
1628 1395 1785 1450 laicis
1826 1396 1949 1451 libri
1980 1448 1983 1456 .

2128 1398 2309 1451 Ἔστω
2334 1397 2389 1449 δὲ
2432 1398 2559 1468 ὑμῖν
2598 1399 2731 1453 πᾶσι
2758 1398 3059 1470 κληρικοῖς,
3090 1401 3184 1453 καὶ
3211 1400 3418 1463 λαῖκοῖς
3445 1398 3628 1470 βιϐλία

371 1484 711 1541 venerabiles
738 1494 791 1542 et
820 1485 1019 1548 sancti,
1049 1493 1155 1542 etc.
1186 1483 1486 1541 Clementis
1516 1485 1772 1557 Epistolte
1798 1486 1909 1543 dum

2084 1488 2326 1560 εὸάσμια
2368 1490 2463 1543 καὶ
2501 1491 2653 1559 ἅγια,
2692 1497 2798 1546 etc.
2844 1492 3158 1563 Κλήμεντος
3183 1492 3461 1545 ἐπιστολαὶ
3486 1492 3579 1545 δύο
3608 1509 3622 1523 ·

372 1576 1061 1643 etConstitutiones,vobis
1085 1576 1370 1649 Episcopis
1388 1596 1483 1650 per
1498 1596 1584 1635 me
1614 1580 1910 1638 Clemente:

2089 1582 2146 1634 αὶ
2184 1583 2241 1635 αἱ
2264 1582 2529 1651 Διαταγαὶ
2566 1585 2692 1654 ὑμῖν
2733 1586 2844 1648 τοῖς
2871 1584 3188 1649 ἐπισκόποις
3214 1585 3289 1638 δι’
3318 1584 3451 1656 ὲμοῦ
3480 1585 3627 1656 KH;-

372 1670 429 1722 in
452 1677 576 1723 octo
603 1669 761 1725 libris
794 1678 1159 1737 nuncupatas;
1193 1686 1333 1741 quas
1364 1689 1474 1727 non
1516 1683 1728 1743 oportet
1761 1691 1910 1730 coral

2088 1690 2262 1737 εντος,
2310 1675 2381 1751 ὲν
2408 1674 2552 1728 ὀκτὼ
2596 1676 2825 1746 βιϐλίοις
2866 1678 3391 1749 προσπεφωνημέναι
3425 1694 3438 1707 ·
3470 1676 3535 1741 ἃς
3564 1677 3626 1730 οὐ

370 1761 629 1817 omnibus
652 1760 957 1834 divulgare,
983 1762 1055 1818 ob
1077 1764 1307 1836 mystica
1329 1780 1452 1834 qua:
1484 1765 1540 1820 in
1570 1766 1653 1823 eis
1689 1778 1837 1824 sunt.

2090 1765 2154 1837 ρὴ
2182 1764 2521 1835 δημοσιεύειν
2562 1768 2655 1821 ἐπὶ
2696 1767 2912 1821 πάντων
2970 1767 3059 1821 διὰ
3092 1767 3162 1821 τὰ
3194 1768 3254 1820 ὲν
3290 1766 3481 1830 αὑταῖς
3525 1783 3628 1836 μυ-

2050 1858 2229 1911 στικά.

1554 1985 1833 2055 Eusebius,
1862 1988 2007 2046 Hist.
2020 1988 2187 2115 ἕξει..
2219 1987 2311 2047 lib.
2356 2002 2441 2056 ιιι,
2838 1989 2920 2045 Ea;
2943 1989 3068 2061 Ruf.

1877 2076 1992 2115 cap.
2098 2102 2112 2115 .

1831 2030 1833 2049 .
1862 1988 2007 2046 Hist.
2020 1988 2187 2115 ἕξει..
2219 1987 2311 2047 lib.
2356 2002 2441 2056 ιιι,
2838 1989 2920 2045 Ea;
2943 1989 3068 2061 Ruf.
3100 1990 3369 2060 interpret.

1877 2076 1992 2115 cap.
2098 2102 2112 2115 .

1877 2076 1992 2129 cap.
2020 2076 2112 2116 zz).

440 2156 584 2214 Inter
635 2158 804 2216 libros
858 2160 1057 2217 nothos
1105 2160 1407 2215 collocetur
1491 2169 1577 2221 'Ev
1613 2172 1727 2235 τοῖς
1764 2172 1940 2236 νόθοις

2084 2171 2370 2243 ἀτετάχθω
2421 2174 2516 2227 καὶ
2657 2172 2788 2229 Post
2838 2172 2955 2228 haec
3001 2174 3115 2244 jam
3160 2174 3433 2243 scriptura
3494 2179 3622 2238 est,

364 2261 420 2305 et
446 2251 680 2306 Actuum
708 2249 863 2307 Pauli
909 2253 1201 2323 scriptura,
1238 2260 1294 2307 et
1336 2252 1404 2306 li-
1476 2263 1586 2316 τῶν
1632 2263 1847 2322 Παύλου
1872 2264 1902 2317 Ι]

2085 2282 2126 2317 ιν
2152 2268 2185 2336 ή
2226 2263 2433 2337 γραφή,
2489 2262 2518 2317 ὅ
2588 2281 2709 2335 qua:
2750 2266 2955 2321 dicitur
2994 2266 3164 2319 Actus
3205 2264 3395 2333 Pauli;
3446 2266 3541 2320 sed
3572 2275 3623 2319 el

369 2341 465 2394 ber
494 2342 589 2411 qui
621 2342 823 2397 dicitur
842 2344 1065 2407 Pastor,
1095 2351 1149 2397 et
1176 2343 1405 2398 Revela-
1476 2372 1536 2409 τε
1564 2356 1850 2427 λεγόμενος
1886 2358 1907 2410 Ι

2088 2375 2119 2423 ο,
2159 2359 2253 2411 καὶ
2282 2358 2315 2427 ή
2369 2359 2520 2410 Ἀπο-
2591 2359 2803 2413 libellus
2826 2358 2918 2427 qui
2944 2358 3246 2426 appellatur
3277 2357 3546 2420 Pastoris,
3569 2366 3626 2411 et

365 2434 442 2486 tio
510 2431 691 2495 Petri,
752 2432 1080 2502 insuperque
1148 2432 1407 2489 Barnabas
1479 2447 1709 2519 κάλυψις
1739 2449 1903 2520 Πέτρε

2089 2449 2257 2521 ιπρὸς
2284 2450 2513 2513 τούτοις,
2590 2447 2849 2503 revelatio
2897 2444 3042 2500 Petri
3071 2465 3085 2499 :
3118 2446 3185 2501 de
3208 2448 3408 2516 quibus
3429 2462 3627 2516 quam-

365 2537 487 2589 quae
518 2522 686 2575 fertur
701 2521 961 2593 Epistola,
987 2531 1041 2577 et
1070 2540 1189 2593 qua:
1209 2525 1406 2580 dicnn-
1477 2539 1510 2610 ὴ
1539 2539 1903 2611 φερομένηΒα

2091 2540 2515 2612 Ἑπιστολὴ,καὶ
2590 2538 2825 2593 maxime
2869 2537 3169 2592 dubitatur.
3215 2537 3411 2593 Fertur
3456 2539 3624 2591 etiam

286 2687 292 2693 ί
364 2623 456 2667 tur
483 2612 751 2669 Doctrina:
777 2616 1171 2686 apostolorum.
1476 2628 1585 2681 τῶν
1610 2628 1824 2682 ἀποστόί

2088 2630 2340 2702 εγόμεναι
2356 2630 2513 2684 Διδα-
2591 2630 2852 2685 Barnabas
2867 2630 3127 2697 Epistola,
3150 2638 3203 2685 et
3219 2633 3472 2689 Doctrina
3500 2647 3626 2703 qua:

1474 2720 1588 2792 χαί.
1620 2720 1762 2794 Lege
1788 2720 2041 2794 Nicepb.,
2080 2724 2115 2777 Ι.
2150 2738 2213 2787 ιι,
2244 2736 2293 2779 c.
2327 2722 2416 2779 46.
2589 2723 2797 2778 dicitur
2827 2719 3196 2790 apostolorum

999 2870 1059 2929 S.
1085 2871 1415 2929 Athanasius
1445 2875 1500 2929 in
1529 2873 1755 2945 epistola
1791 2873 2155 2941 Festali,tom.
2188 2876 2253 2942 ll,
2279 2877 2408 2932 edit.
2440 2876 2648 2941 Paria,
2679 2892 2735 2947 ρ.
2772 2875 2864 2943 59,
2898 2877 2989 2932 40.

432 3011 571 3067 Sunt
598 3020 652 3067 et
683 3010 775 3065 alii
809 3010 933 3065 libri
969 3019 1165 3081 praeter
1198 3010 1336 3075 hos;
1368 3025 1480 3065 non
1508 3010 1729 3082 quidem
1775 3028 1943 3067 cano-

2120 3014 2306 3068 Ἔστιν
2336 3014 2429 3066 καὶ
2457 3012 2620 3084 ἕτερα
2649 3011 2833 3082 βιϐλία
2858 3010 3061 3065 τούτων
3092 3009 3287 3076 ἔξωθεν
3310 3028 3324 3042 ·
3370 3010 3433 3063 οὐ
3471 3028 3628 3065 κανο-

357 3105 490 3170 nici,
523 3104 615 3159 sed
649 3119 788 3175 quos
820 3102 1011 3158 Patres
1056 3112 1359 3157 sanxerunt
1396 3103 1499 3173 legi
1535 3103 1603 3159 iis
1644 3104 1737 3175 qui
1779 3120 1895 3160 acet

2085 3103 2295 3177 ιζόμενα
2338 3105 2456 3176 μὲν,
2501 3104 2859 3174 τετυπωμένα
2919 3102 2975 3156 δὲ
3021 3101 3174 3174 παρὰ
3207 3102 3315 3155 τῶν
3361 3102 3623 3172 Πατέρων

355 3199 492 3253 dunt
516 3198 582 3252 ad
628 3196 811 3261 fidem,
845 3196 1187 3266 cupiuntque
1226 3195 1281 3250 iu
1325 3196 1545 3266 pietatis
1575 3198 1741 3251 verbo
1778 3197 1889 3252 inst

2088 3196 2512 3267 ναγινὼσκεσθαι
2555 3199 2669 3261 τοῖς
2708 3198 2834 3268 ἄρτι
2874 3195 3333 3268 προσερχομένοις
3372 3195 3466 3248 καὶ
3507 3194 3626 3264 βου-

358 3291 434 3344 tui
462 3309 474 3344 :
502 3297 563 3343 ut
594 3289 874 3359 Sapientia
908 3287 1257 3352 Salomonis,
1290 3296 1424 3356 etc.,
1454 3297 1509 3345 et
1547 3305 1669 3360 quae
1710 3299 1896 3345 vocatu

2088 3292 2286 3362 >μένοις
2326 3289 2680 3361 κατηχεῖσθαι
2706 3290 2799 3343 τὸν
2824 3288 2926 3360 τῆς
2962 3288 3242 3351 εὐσεϐείας
3275 3287 3432 3355 λόγον
3476 3303 3491 3316 ·
3534 3287 3626 3340 Σο-

358 3382 615 3436 Doctrina
641 3382 1037 3451 apostolorum,
1070 3387 1124 3435 et
1164 3378 1381 3436 Pastor.
1423 3381 1699 3446 Attamen,
1728 3383 1891 3438 dilect

2086 3384 2139 3438 ία
2193 3382 2554 3454 Σολομῶντος,
2595 3390 2728 3448 etc.,
2783 3382 2880 3435 καὶ
2912 3380 3114 3452 Διδαχὴ
3158 3378 3464 3450 καλουμένη
3513 3379 3624 3432 τῶν

353 3489 479 3527 cum
520 3472 599 3527 illi
629 3473 882 3527 canonici
928 3474 1059 3534 sint,
1103 3472 1159 3525 hi
1204 3489 1334 3528 vero
1361 3473 1628 3542 legantur,
1660 3490 1891 3544 nusqnal

2087 3474 2372 3540 ποστὸλων,
2403 3474 2497 3528 καὶ
2533 3476 2560 3527 ὁ
2602 3473 2832 3544 Ποιμήν.
2864 3474 2975 3526 Καὶ
3002 3473 3169 3543 ὅμως,
3200 3470 3491 3541 ἀγαπητοὶ,
3523 3470 3625 3523 κά-

355 3564 421 3619 fit
477 3565 919 3636 apocryphorum
956 3566 1190 3633 mentio;
1236 3567 1331 3622 sed
1380 3573 1509 3621 sunt
1555 3568 1893 3622 baarelicorm

2082 3567 2230 3619 είνων
2258 3564 2705 3636 κανονιζομένων,
2736 3566 2829 3619 καὶ
2855 3565 3058 3617 τούτων
3079 3560 3620 3632 ἀναγινωσκομένων,

352 3664 746 3721 commentum,
779 3658 872 3727 qui
904 3672 967 3711 ea
1019 3660 1270 3713 scribunt
1317 3659 1537 3729 quando
1572 3660 1785 3724 volunt,
1824 3661 1890 3714 illi

2084 3658 2272 3729 ὓδαμοῦ
2325 3659 2434 3712 τῶν
2493 3656 2825 3730 ἁποκρύφων
2869 3658 3054 3728 μνήμη
3088 3672 3102 3686 ·
3144 3654 3281 3710 ἀλλὰ
3330 3652 3622 3724 αἱρετικιῖνι

352 3755 536 3802 autem
564 3748 868 3818 largiuntur
890 3756 944 3802 et
967 3748 1231 3818 adjiciunt
1253 3759 1516 3819 tempora,
1536 3766 1647 3820 quo
1674 3758 1890 3821 tanqnat

2080 3766 2186 3804 στιν
2241 3751 2489 3815 ἐπίνοια,
2544 3749 2865 3821 γραφόντων
2913 3748 3009 3819 μὲν
3046 3749 3132 3801 ὅτε
3176 3746 3419 3800 θέλουσιν
3456 3745 3618 3810 αὐτὰ,

353 3840 580 3908 antiqua
604 3839 967 3909 proferentes,
998 3856 1062 3894 ex
1096 3854 1159 3895 ea
1203 3856 1263 3896 re
1305 3841 1655 3898 occasionem
1701 3844 1891 3900 habear

2085 3841 2411 3914 ιριξομένων
2430 3841 2485 3895 δὲ
2510 3843 2603 3895 καὶ
2626 3840 3021 3913 προστιθέντων
3050 3840 3232 3902 αὐτοῖς
3257 3839 3498 3910 χρόνους,
3532 3837 3623 3891 ἵνα

351 3932 658 4004 decipiendi
691 3933 943 3990 homines
970 3933 1270 4007 simplices.

2083 3951 2114 3997 ις
2143 3933 2350 3987 παλαιὰ
2378 3933 2762 4005 προφέροντες,
2792 3932 3062 4004 πρόφασιν
3092 3931 3288 4002 ἔχωσιν
3313 3932 3526 4001 ἀπατᾷν
3554 3930 3621 3982 ὲκ

2034 4024 2228 4079 τούτου
2254 4026 2381 4089 τοὺς
2409 4025 2720 4097 ἀκεραίους.

1574 4197 1640 4254 1η
1666 4198 1896 4271 Synopsi
1925 4218 2093 4257 sacra:
2123 4199 2433 4270 Scriptum.

425 4335 625 4391 lterum
649 4336 773 4391 libri
793 4335 925 4391 Novi
944 4334 1279 4392 Testamenti
1298 4335 1497 4408 quibus
1510 4316 1929 4403 contradicitur,
1959 4363 1963 4391 ι

2105 4337 2216 4408 Τῆς
2236 4336 2365 4425 vim;
2393 4335 2555 4389 πάλιν
2592 4332 2864 4417 Διαθήκης
2885 4330 3269 4425 ἀντιλεγόμενα
3295 4330 3486 4396 ταῦτα,
3506 4338 3616 4388 etc.

350 4439 482 4483 sunt
512 4429 701 4493 bi,etc.
732 4426 988 4483 Doctrina
1016 4430 1411 4499 apostolorum,
1440 4427 1779 4483 Clementina
1817 4447 1830 4483 :
1862 4445 1888 4482 e

2086 4428 2235 4500 ιδαχὴ
2267 4415 2600 4490 ὀῗποστόλων,
2630 4415 2948 4496 Κλημέντια
2978 4439 2992 4453 ·
3034 4422 3095 4488 ἐξ
3132 4415 3207 4477 ὧν
3251 4422 3624 4496 μετεφρῶθη-

346 4522 550 4591 quibus
597 4521 808 4576 veriora
858 4528 911 4575 et
959 4535 989 4574 a
1037 4519 1148 4575 Deo
1195 4521 1479 4591 inspirata,
1512 4520 1683 4575 electa
1715 4530 1884 4577 sunta

2082 4536 2138 4573 ιιν
2165 4519 2458 4588 ὲκλεγέντα
2484 4518 2554 4571 τὰ
2581 4516 2918 4589 ἀληθέστερα
2938 4515 3032 4569 καὶ
3060 4515 3402 4570 θεόπνευστα·
3432 4514 3620 4569 Ταῦτα

348 4614 639 4669 translata.
668 4611 793 4668 Haec
824 4618 953 4669 sunt
983 4628 1105 4683 quae
1136 4611 1414 4685 leguntur,
1442 4622 1553 4669 etc.

1236 4622 1414 4679 untur,
1442 4622 1553 4669 etc.
2039 4612 2105 4666 τὰ
2134 4611 2635 4683 ἀναγινωσκόμενα,
2666 4616 2774 4668 etc.

1444 4768 1508 4825 S.
1539 4767 1902 4837 Epiphanius,
1944 4767 2133 4822 hazresi
2168 4767 2258 4835 45,
2289 4784 2436 4822 nam.
2466 4766 2519 4825 5.

419 4899 562 4968 Quin
601 4908 657 4957 et
685 4903 916 4972 apostoli
972 4904 1030 4958 in
1078 4905 1221 4961 libro
1250 4906 1341 4977 qui
1387 4905 1721 4960 Constitutio
1765 4919 1932 4959 voca-

2118 4905 2277 4959 Ἀλλὰ
2303 4907 2399 4960 καὶ
2438 4907 2487 4960 οἱ
2531 4903 2820 4960 ἀπόστολοι
2862 4920 3025 4973 φασιν
3068 4902 3126 4956 ὲν
3166 4903 3233 4973 τῇ
3264 4898 3512 4964 Διατάξει
3549 4901 3618 4971 τῇ

348 5005 460 5061 tur,
493 4996 682 5051 aiunt:
716 4996 962 5052 Ecclesia
994 4999 1267 5054 catholica
1300 5008 1383 5054 est
1416 4999 1511 5053 Dei
1554 4997 1821 5067 plantatio
1866 5011 1886 5049 a

2075 4998 2366 5071 αλουμένῃ,
2411 4998 2499 5053 ὃτι
2529 4997 2728 5067 φυτεία
2763 4996 2899 5051 Θεοῦ
2936 4997 3031 5051 καὶ
3076 4992 3338 5068 ἀμπελὼν
3382 4994 3416 5065 ή
3458 4990 3613 5045 καθο-

348 5090 525 5143 vinea.
556 5087 726 5143 Locus
755 5099 929 5145 exstat
960 5092 1111 5146 initio
1141 5092 1614 5148 Constitutionum.

975 5092 1111 5146 ῗηίιὶο
1141 5092 1614 5148 Constitutionum.
2031 5092 2157 5166 λικὴ
2202 5092 2513 5163 Ἐκκλησία.

1672 5249 1881 5306 llazresi
1912 5250 1999 5315 70,
2033 5264 2178 5303 num.
2214 5247 2302 5303 10.

415 5382 497 5435 Ad
530 5382 633 5438 hoc
663 5390 843 5439 autem
872 5384 1036 5440 iidem
1065 5384 1299 5441 Audiani
1334 5386 1660 5459 detorquent
1703 5397 1925 5459 aposto-

2101 5391 2197 5453 Εἰς
2235 5388 2393 5443 τοῦτο
2432 5387 2490 5441 δὲ
2531 5387 2583 5439 o-t
2619 5384 2772 5439 αὐτοὶ
2818 5380 3067 5436 Αὐδιανοὶ
3109 5376 3488 5453 παραφέρουσι
3511 5376 3617 5452 τὴν

343 5475 520 5530 lorum
571 5477 1061 5547 Constitutionem;
1105 5482 1201 5550 qui
1228 5481 1447 5551 quidem
1486 5482 1623 5538 liber
1662 5498 1694 5536 ιι
1736 5482 1881 5537 multi

2078 5482 2137 5536 ὒν
2164 5480 2474 5536 ἀποστόλων
2497 5476 2770 5541 Διάταξιν,
2810 5471 2977 5529 οὖσαν
3028 5474 3129 5545 μὲν
3172 5474 3285 5535 τοῖς
3314 5470 3526 5534 πολλοῖς
3555 5472 3616 5524 ἐν

345 5577 636 5625 revocatus
668 5571 721 5624 in
753 5572 1002 5637 dubium,
1037 5587 1147 5627 non
1177 5582 1261 5629 est
1288 5580 1475 5629 tamen
1504 5573 1883 5644 improbandus

2077 5573 2366 5644 μφιλέκτῳ,
2411 5570 2531 5624 ἀλλ’
2579 5569 2681 5622 οὐκ
2717 5567 2993 5637 ἀδόκιμον.
3042 5565 3202 5617 Πᾶσα
3236 5561 3346 5633 γὰρ
3387 5561 3445 5613 ἐν
3473 5559 3615 5631 αὐτῇ

344 5657 536 5716 Omnis
566 5662 768 5733 quippe
804 5665 1107 5721 canonicos
1139 5665 1273 5721 ordo
1318 5668 1371 5721 in
1402 5667 1521 5737 ipso
1565 5668 1877 5725 continetur

2080 5664 2287 5736 ινονικὴ
2317 5663 2471 5727 τάξις
2511 5660 2829 5732 ἐμφέρεται,
2868 5659 2961 5712 καὶ
3001 5656 3154 5710 οὐδὲν
3191 5670 3618 5726 παρακεχαραγ-

347 5759 402 5807 et
432 5753 566 5808 nihil
597 5752 698 5811 ﬁde
731 5756 1116 5829 adulteratam,
1151 5775 1328 5833 neque
1373 5775 1400 5815 a
1428 5761 1800 5829 confessione,
1830 5776 1885 5817 ιιε

2079 5758 2193 5813 ἐνον
2222 5756 2318 5828 τῆς
2351 5756 2606 5821 πίστεως,
2638 5752 2755 5807 οὐδὲ
2781 5751 2879 5823 τῆς
2907 5749 3219 5821 ὁμολογίας,
3241 5745 3362 5801 οὐδὲ
3390 5745 3490 5816 τῆς
3519 5745 3617 5799 ἐκ-
