3896 6174
287 268 393 325 με

1111 271 1710 332 CONSTITUTIONES
1744 268 2221 327 APOSTOLICJE.
2254 299 2325 310 —
2365 264 2729 324 PROCEMIA.

3440 257 3548 313 Mt:

290 382 678 455 κλησιαστικῆς
703 383 1037 459 διοικήσεως,
1066 391 1162 445 καὶ
1187 391 1431 456 κανόνος,
1468 393 1563 446 καὶ
1608 391 1860 451 πίστεως,

1978 404 2073 458 que
2100 388 2170 443 ab
2202 385 2577 443 ecclesiastica
2608 380 3108 443 administratione.
3138 386 3194 436 et
3224 392 3458 441 canone,
3486 393 3552 432 ac

283 480 362 532 Τὸ
395 479 455 533 δὲ
496 478 690 552 ῥητὸν,
726 479 819 549 ἀφ’
856 473 921 532 οὗ
960 477 1187 549 γνώμην
1214 477 1577 549 λαμϐάνοντες
1608 477 1740 550 περὶ
1769 476 1867 532 τοῦ

281 572 495 643 Πάσχα,
518 572 704 637 κακῶς
733 571 1238 647 παρερμηνεύουσιν
1260 573 1308 625 οἱ
1336 570 1745 643 προειρημένοι,
1771 569 1866 624 καὶ

278 664 603 731 ἀγνοοῦντες
630 665 829 737 ἑτέρως
857 664 1354 736 ὑπολαμϐάνουσιν.
1373 662 1647 736 ὐρίζουσι
1674 661 1782 734 γὰρ
1808 664 1868 717 ἐν

281 758 348 827 τῇ
378 756 514 827 αὐτῇ
542 755 782 821 διατάξει
826 757 876 809 oi
919 756 1227 820 ἀπόστολοι,
1262 757 1345 811 ὅτι
1377 755 1547 826 ὑμεῖς
1564 753 1651 825 μὴ
1676 753 1868 823 ψηφί-

278 845 440 914 ζητε,
465 848 625 902 ἀλλὰ
650 846 871 902 ποιεῖτε
898 848 1045 902 ὅταν
1065 851 1120 902 οὶ
1144 848 1397 918 ἀδελφοὶ
1417 846 1584 918 ὑμῶν
1603 848 1661 901 οἱ
1680 846 1750 899 ἐκ
1775 858 1870 898 πε-

278 939 554 1010 ριτομῆς·
575 941 705 1010 μετ’
743 940 943 998 αὐτῶν
976 942 1099 1014 ἅμα
1134 942 1374 997 ποιεῖτε.
1405 942 1518 997 Καὶ
1551 941 1653 995 οὐκ
1684 933 1868 995 εἶπανο

282 1036 473 1090 Ὅταν
508 1038 563 1090 οἱ
597 1035 850 1105 ἀδελφοὶ
886 1033 1075 1105 ὑμῶν,
1121 1038 1177 1089 οι
1215 1035 1286 1089 ἐν
1320 1034 1607 1105 περιτομῇ
1636 1052 1650 1065 ο
1682 1034 1819 1089 ἀλλά
1848 1050 1863 1065 ο

276 1130 336 1182 οἱ
361 1128 435 1183 ὲκ
461 1127 815 1197 περιτομῆς·
835 1128 924 1182 ἵνα
944 1125 1159 1193 δείξωσι
1177 1127 1305 1192 τοὺς
1325 1126 1434 1182 ἀπὸ
1446 1127 1547 1199 τῆς
1566 1128 1869 1199 περιτομῆς

275 1219 359 1282 εἰς
386 1219 488 1291 τὴν
530 1219 857 1291 Ἐκκλησίαν
889 1219 1260 1292 μετελθόντας,
1282 1220 1558 1290 ἀρχηγοὺς
1582 1214 1720 1271 εἶναι
1751 1220 1867 1289 μετ’

275 1312 488 1367 ἐκεῖνον
528 1313 619 1367 τὸν
664 1313 876 1386 χρόνον,
915 1321 1023 1370 etc.
1056 1312 1218 1387 Παρὰ
1240 1315 1353 1376 τοῖς
1380 1311 1695 1375 ἀποστόλοις
1722 1310 1779 1364 δὲ
1806 1310 1869 1364 τὸ

278 1405 446 1477 ῥητὸν
470 1405 553 1459 δι’
578 1405 829 1477 ὁμόνοιαν
856 1404 1176 1478 ἐμφέρεται,
1205 1404 1282 1468 ὡς
1307 1401 1761 1475 ἐπιμαρτυροῦσι,
1788 1401 1871 1457 λέ-

272 1514 489 1565 γοντες,
520 1498 601 1553 ὅτι
631 1498 749 1553 κᾶν
773 1514 837 1553 τε
863 1496 1238 1566 πλανηθῶσι,
1271 1494 1427 1567 μηδὲ
1451 1494 1597 1566 ὑμῖν
1614 1495 1866 1565 μελέτω.

286 1592 384 1657 Ἐξ
401 1592 582 1647 αὐτῶν
600 1592 656 1646 δέ
674 1591 783 1645 τῶν
802 1593 980 1645 ἐκεῖσε
1007 1589 1312 1663 εἰρημένων
1334 1587 1514 1661 ῥητῶν
1534 1588 1569 1659 ἡ
1600 1582 1870 1651 ἀντίθεσις

270 1686 595 1757 ὀφθήσεται.
627 1684 898 1740 Φάσκουσι
925 1684 1035 1756 γάρ
1062 1682 1162 1755 τὴν
1190 1679 1497 1753 ἀγρυπνίαν
1526 1678 1733 1752 φέρειν,
1775 1695 1870 1749 με·

274 1778 553 1843 σαζὸντων
578 1778 687 1832 τῶν
723 1776 992 1849 ’Δζύμων.
1024 1776 1099 1830 Ob
1126 1774 1349 1829 δύναται
1367 1772 1423 1827 δὲ
1449 1771 1610 1826 τοῦτο
1638 1771 1869 1826 πάντοτε

273 1871 533 1939 γενέσθαι
556 1872 613 1923 ἐν
640 1873 707 1942 τῇ
736 1869 901 1941 ψήφῳ
926 1870 991 1940 τῇ
1021 1866 1471 1938 ἐκκλησιαστικῇ.

1970 481 2095 537 (ide.
2128 479 2302 535 Porro
2346 478 2575 542 dictum,
2608 491 2637 530 a
2693 490 2805 546 quo
2831 472 3160 530 sententiam
3191 469 3259 526 de
3279 468 3553 524 Paschate

1969 572 2270 642 accipiunt,
2305 569 2550 641 praedicti
2583 568 2722 623 male
2751 567 3204 635 interpretantur,
3230 569 3284 617 et
3314 575 3409 631 per
3464 560 3553 613 in-

1969 667 2182 721 scitiam
2216 665 2396 719 alieno
2422 677 2585 719 sensu
2617 667 2861 716 sumunt.
2897 656 3171 711 Deﬁniunt
3211 655 3355 709 enim
3396 654 3452 707 in
3486 667 3552 706 ea

1969 758 2363 812 constitutione
2392 755 2623 825 apostoli
2659 773 2672 807 :
2715 751 2818 806 Vos
2848 752 3009 805 nolite
3039 757 3344 816 computare
3373 761 3434 797 ac
3459 744 3552 798 de-

1968 866 2195 915 cernere,
2226 848 2316 904 sed
2348 859 2472 902 tunc
2498 846 2777 909 celebrate,
2812 842 3023 915 quando
3054 843 3249 911 fratres
3282 838 3439 893 vestri
3461 836 3552 907 qui

1968 960 2035 999 ea:
2078 943 2477 999 circumcisione
2496 948 2658 995 sunt:
2693 953 2815 992 cum
2863 935 2974 989 illis
3030 948 3138 986 una
3188 931 3440 1000 peragite.
3486 927 3553 981 Et

1970 1052 2082 1093 non
2114 1036 2405 1090 dixerunt:
2436 1029 2663 1099 Quando
2703 1028 2899 1099 fratres
2924 1026 3105 1087 uestri,
3130 1023 3220 1093 qui
3240 1021 3555 1075 incircum-

1969 1129 2165 1183 cisione
2185 1136 2328 1191 sunt,
2355 1126 2450 1182 sed
2476 1144 2490 1180 :
2519 1124 2624 1190 Qui
2658 1138 2724 1178 ea:
2744 1118 3145 1175 circumcisione
3183 1123 3343 1176 sunt;
3377 1120 3435 1166 ut
3463 1127 3555 1165 os-

1969 1221 2278 1281 tenderent,
2312 1234 2408 1273 eos
2440 1217 2533 1286 qui
2562 1231 2628 1269 ex
2674 1202 3113 1269 circumcisione
3144 1207 3211 1261 ad
3252 1204 3553 1258 Ecclesiam

1969 1314 2330 1375 transierunt,
2358 1309 2574 1363 futuros
2602 1317 2725 1377 post
2753 1304 2886 1359 illud
2910 1313 3126 1372 tempus
3154 1299 3323 1353 duces
3364 1302 3418 1349 et
3463 1309 3556 1347 au-

1970 1415 2171 1468 ctores,
2203 1412 2309 1459 etc.
2338 1402 2494 1470 Apud
2524 1399 2804 1470 apostolos
2843 1410 2973 1452 vero
3018 1394 3226 1449 dictum
3258 1388 3390 1443 illud
3423 1401 3553 1456 pro-

1970 1504 2092 1570 pter
2124 1495 2478 1550 concordiam
2526 1493 2767 1564 positum
2820 1496 2929 1551 est,
2966 1481 3428 1559 quemadmodum
3470 1485 3554 1533 te-

1970 1569 2188 1648 Stantur
2210 1589 2297 1644 bis
2340 1587 2525 1643 verbis
2558 1604 2571 1640 :
2607 1584 2676 1638 Et
2721 1582 2958 1654 quamvis
3002 1578 3264 1639 aberrent,
3302 1589 3364 1627 ne
3410 1569 3553 1625 vobis

1971 1698 2115 1735 cura:
2143 1681 2231 1735 sit.
2265 1679 2533 1735 Caeterum
2558 1694 2626 1733 ex
2656 1675 2883 1731 vocibus
2914 1673 3049 1742 ipsis
3078 1683 3199 1740 qua:
3224 1666 3297 1721 ibi
3331 1663 3557 1735 prolatae

1976 1785 2127 1839 sunt,
2149 1772 2424 1843 oppositio
2445 1780 2498 1825 et
2526 1766 2888 1841 repugnantia
2910 1762 3213 1835 apparebit.
3241 1758 3376 1813 Nam
3401 1756 3557 1809 aiunt

1977 1865 2325 1936 pervigilium
2371 1863 2640 1932 agendum
2690 1874 2814 1913 esse
2860 1858 2915 1911 in
2964 1854 3143 1909 medio
3201 1855 3553 1921 Azymorum.

274 1962 396 2017 Hoc
427 1970 633 2027 autem,
660 1963 716 2017 in
749 1961 1124 2016 ecclesiastica
1152 1966 1458 2029 temporum
1480 1957 1890 2029 supputatione,
1926 1957 2045 2013 ﬁeri
2062 1966 2327 2030 perpetuo
2347 1972 2457 2011 non
2486 1961 2689 2026 potest.
2706 1952 2841 2023 Lege
2864 1948 3002 2021 quod
3040 1944 3235 2001 notabo
3253 1943 3321 1998 ad
3363 1941 3549 1997 Const.

273 2064 480 2125 apost.,
511 2054 667 2120 lib.v,
692 2071 806 2123 cap.
836 2055 922 2119 l7,
947 2062 996 2107 et
1028 2068 1143 2122 cap.
1181 2053 1271 2110 19.

1736 2144 1972 2222 Numero
2000 2162 2086 2217 11.

348 2310 585 2379 Λέγουσι
624 2308 734 2383 γὰρ
764 2310 815 2363 oi
852 2308 1007 2363 αὐτοὶ
1034 2305 1342 2371 ἀπόστολοι,
1383 2306 1466 2361 δτι
1494 2306 1624 2361 ὅταν
1667 2305 1867 2359 ἐκεῖνοι

270 2402 615 2474 εὐωχῶνται,
647 2403 805 2474 ὑμεῖς
832 2401 1181 2473 νηστεύοντες
1215 2400 1354 2473 ὑπὲρ
1384 2398 1564 2455 αὐτῶν
1598 2396 1866 2462 πενθεῖτε,

270 2495 357 2548 δτι
390 2496 451 2548 ἐν
478 2498 545 2567 τῇ
566 2494 751 2566 ἡμέρα
780 2494 881 2565 τῆς
908 2494 1105 2567 ἑορτῆς
1134 2494 1225 2547 τὸν
1245 2493 1474 2575 Χριστὸν
1493 2490 1865 2563 ἐσταύρωσανν

273 2588 375 2641 καὶ
401 2588 532 2641 ὅταν
567 2588 722 2641 αὐτοὶ
751 2586 1009 2650 πενθῶσι,
1038 2586 1108 2641 τά
1148 2585 1331 2659 ἄζυμα
1368 2584 1640 2648 ἐσθίοντες
1671 2583 1730 2637 ἐν
1778 2598 1871 2636 πι-

274 2680 483 2751 κρξσιν,
514 2680 671 2752 ὑμεῖς
697 2678 1007 2753 εὐωχεῖσθε.

2046 2300 2241 2354 Dicunt
2268 2297 2413 2353 enim
2446 2295 2611 2351 iidem
2644 2291 2910 2366 apostoli;
2944 2288 3167 2361 quando
3200 2284 3276 2340 illi
3319 2283 3553 2354 epulan-

1970 2402 2085 2459 tur,
2118 2407 2217 2448 vos
2259 2389 2575 2460 jejunantes
2605 2402 2705 2457 pro
2755 2386 2890 2454 ipsis
2934 2383 3136 2452 lugete,
3188 2377 3445 2449 quoniam
3495 2375 3555 2429 in

1972 2490 2061 2544 die
2092 2482 2409 2542 festivitatis
2452 2481 2732 2537 Christum
2776 2474 3172 2533 cruciﬁxerunt
3207 2491 3219 2526 :
3249 2479 3302 2527 et
3334 2467 3559 2541 quando

1970 2582 2051 2637 illi
2085 2581 2289 2651 lugent,
2319 2591 2507 2648 azyma
2531 2574 2757 2630 edentes
2785 2586 2909 2625 cum
2942 2568 3173 2624 lactucis
3220 2563 3557 2635 agrestibus,

1972 2689 2073 2730 vos
2101 2670 2424 2744 epulamini.
2454 2667 2587 2739 Lege
2618 2665 2874 2729 Constit.,
2907 2661 2999 2717 lib.
3032 2677 3086 2725 ν,
3109 2674 3227 2729 cap.
3262 2657 3346 2713 15.

1804 2826 2035 2884 Ibidem.

350 2974 517 3041 Αὖθις
534 2976 713 3031 αὐτῶν
729 2974 1017 3039 ἀκούοντες
1031 2974 1091 3029 ἐν
1116 2975 1183 3046 τῇ
1212 2971 1482 3037 Διατάξει,
1511 2970 1594 3024 ὅτι
1620 2969 1649 3023 ό
1676 2967 1864 3024 κακῶν

2038 2961 2174 3018 Cum
2224 2958 2423 3015 iterum
2473 2954 2697 3013 eosdem
2767 2954 3046 3025 apostolos
3106 2950 3434 3012 audiamus,
3485 2947 3539 3000 in

279 3036 596 3142 ἐαυτοῦ
622 3068 797 3142 ψυχὴν
817 3069 875 3123 ἐν
906 3036 1183 3141 κυριακῇ-ξ
1212 3063 1612 3137 ἐπικατάρατός
1640 3065 1757 3116 ἐστι
1785 3060 1863 3133 τῷ

1978 3052 2372 3110 Constitutione
2401 3049 2647 3104 dicentes
2671 3066 2686 3103 ε
2711 3045 2814 3114 Qui
2840 3044 3025 3115 amigit
3048 3042 3285 3096 animam
3308 3053 3463 3094 suam
3498 3036 3556 3090 iu

277 3162 422 3235 Θεῷ-

1965 3146 2270 3209 Dominica,
2298 3142 2626 3198 maledictus
2657 3149 2742 3196 est
2784 3136 2919 3194 Deo.
2948 3134 3083 3205 Lege
3123 3131 3336 3199 Const.,
3366 3128 3460 3183 lib.
3491 3144 3553 3191 ν,

1968 3256 2090 3313 cap.
2116 3240 2210 3296 20.

1727 3397 1967 3453 Numero
1997 3398 2087 3456 12.

352 3548 760 3621 Παρατηρεῖται
778 3546 885 3619 δὲὴ
920 3542 1217 3615 Ἐκκλησία
1244 3541 1397 3609 ἄγειν
1424 3536 1521 3609 τὴν
1550 3536 1743 3609 ἑορτὴν
1772 3532 1868 3588 τοῦ

278 3644 500 3714 Πάσχα,
548 3640 797 3695 τουτέστι
827 3639 927 3712 τὴν
972 3634 1244 3707 ἑϐδομάδα
1284 3632 1381 3704 τὴν
1425 3631 1738 3703 ὡρισμένην
1776 3630 1871 3684 καὶ

276 3740 391 3793 ἀπ’
424 3733 604 3789 αὐτῶν
644 3732 754 3786 τῶν
791 3729 1105 3787 ἀποστόλων
1127 3726 1185 3781 ἐν
1224 3727 1291 3797 τῇ
1325 3722 1594 3789 Διατάξει,
1618 3722 1727 3776 ἀπὸ
1747 3721 1869 3774 δευ-

277 3832 452 3903 τέρας
481 3827 796 3891 Σαὸϐάτων,
841 3826 977 3893 ὅπερ
1006 3821 1156 3877 ἐστὶν
1189 3816 1506 3893 ἀγορασμὸς
1536 3816 1630 3871 τοῦ
1659 3815 1870 3889 προϐά-

276 3941 399 3979 του.

2043 3533 2312 3589 0bservat
2361 3534 2545 3585 autem
2597 3524 2864 3590 Ecclesia,
2917 3529 2974 3578 ut
3019 3521 3218 3576 festum
3266 3517 3560 3575 Paschalis

1972 3634 2217 3699 peragat,
2240 3626 2345 3680 hoc
2375 3631 2480 3689 est,
2525 3619 2921 3677 hebdomadam
2955 3616 3231 3670 decretam
3273 3613 3440 3669 etiam
3487 3614 3561 3667 ab

1971 3721 2107 3791 ipsis
2134 3717 2396 3790 apostolis
2427 3716 2484 3770 in
2526 3712 2953 3774 Constitutione,
3003 3724 3032 3761 a
3058 3707 3298 3763 secunda
3348 3704 3560 3760 Sabbu-

1970 3821 2174 3876 torum,
2206 3810 2354 3883 quod
2386 3815 2472 3865 est
2504 3808 2711 3879 emptio
2738 3804 2886 3877 agni.
2919 3802 3105 3858 Const.
3147 3809 3343 3869 apost.,
3377 3797 3470 3853 lib.
3498 3815 3557 3863 ν,

1973 3920 2094 3975 cap.
2131 3904 2221 3971 15,
2260 3901 2351 3970 15,
2377 3899 2470 3970 18,
2499 3899 2589 3959 19.

1584 4064 1796 4121 eresi
1826 4061 1917 4129 75,
1947 4076 2096 4115 num.
2128 4064 2188 4117 ο.

354 4225 423 4277 Εἰ
452 4222 507 4275 δέ
535 4219 631 4274 καί
656 4217 764 4290 χρὴ
780 4214 840 4270 τὸ
856 4215 958 4286 τῆς
983 4211 1287 4277 Διατάξεως
1313 4209 1422 4264 τῶν
1457 4202 1769 4261 ἀποστόλων
1786 4196 1867 4251 λέρ

279 4330 427 4385 γειν,
458 4313 575 4376 πῶς
616 4312 734 4364 ἐκεῖ
777 4308 1038 4381 ὡρίζοντο
1078 4303 1308 4377 τετράδα
1349 4300 1445 4356 καὶ
1481 4292 1868 4369 Προσάὸὅατον

279 4381 541 4479 νηστείαν
570 4403 589 4476 (
613 4401 870 4459 Usserius
895 4398 1157 4469 corrigit,
1186 4389 1500 4466 νηστεύειν)
1528 4387 1616 4441 διὰ
1644 4381 1866 4445 παντὸς,

281 4502 460 4587 χωρὶς
497 4494 910 4587 Πεντηκοστῆς

285 4564 418 4665 312,
455 4591 572 4655 πῶς
611 4564 1048 4661 παραγγέλλουσι
1099 4581 1262 4654 μηδὲν
1305 4578 1441 4640 ὅλως
1483 4568 1802 4643 λαμϐάνειν,
1822 4564 1866 4661 ﬂ

284 4638 581 4758 ἀὲτξιυῖαἶ
892 4638 1112 4738 ὓδατος,
1144 4638 1303 4725 ποίαν
1332 4686 1393 4722 τε
1424 4638 1465 4738 νὴ
1476 4638 1648 4737 μέραν
1676 4638 1868 4730 ἀγειντ

285 4756 410 4840 πῶς
438 4793 497 4828 τε
522 4772 777 4828 ἀπολύειν
806 4771 884 4834 είς
912 4766 1328 4839 ἐπιφώσκουσαν
1362 4756 1669 4831 Κυριακὴν,
1708 4770 1869 4825 φανε-

287 4870 383 4942 ρόν
424 4869 561 4921 ἐστι.
596 4864 664 4919 Et
691 4864 874 4919 infra:
912 4856 1046 4916 Εἶτα
1093 4858 1151 4911 δὲ
1191 4857 1241 4910 εί
1282 4852 1357 4926 μὴ
1401 4850 1529 4922 περὶ
1567 4848 1670 4918 τῆς
1696 4844 1868 4914 αὐτῆς

284 4936 601 5022 ὑποθέσεως
631 4954 902 5028 τετράδων
941 4952 1035 5005 καὶ
1058 4944 1460 5022 Προσαδὸἀτων
1488 4942 1539 4994 οἰ
1564 4939 1719 4993 αὐτοὶ
1734 4936 1871 4990 ἀπό-

285 5051 469 5105 στολοι
496 5050 556 5103 ἐν
580 5052 648 5121 τῇ
677 5027 926 5110 Διατάξει
946 5043 1150 5111 ἔλεγον,
1183 5038 1278 5093 καὶ
1311 5035 1487 5097 ἄλλως
1515 5034 1581 5085 ἐκ
1606 5027 1871 5099 πανταχό-

284 5145 381 5199 θεν
407 5118 646 5215 εῐχομενγ
669 5138 948 5203 ἀποδεῖξαι
982 5150 995 5165 ·
1040 5134 1190 5204 ὅμως
1227 5128 1355 5198 περὶ
1393 5124 1584 5179 τούτου
1627 5118 1870 5193 ἀκριϐῶς

284 5238 583 5310 γράφουσι.

2044 4189 2102 4247 Si
2131 4203 2262 4247 vero
2301 4188 2467 4245 etiam
2495 4191 2712 4259 oportet
2738 4198 2806 4241 ex
2837 4179 3210 4253 apostolorum
3263 4176 3556 4233 Constitu-

1972 4285 2124 4339 tione
2154 4281 2333 4351 loqui;
2364 4295 2475 4351 quo
2505 4277 2668 4333 modo
2691 4276 2803 4331 illic
2834 4273 3163 4329 definierunt
3197 4267 3556 4339 jejunandum

1971 4391 2097 4431 esse
2129 4380 2396 4445 perpetuo
2423 4378 2619 4440 quarta
2659 4367 2796 4423 feria
2843 4371 2898 4420 et
2935 4362 3293 4426 Prosabbato,
3333 4369 3560 4428 excepta

934 4451 1028 4546 ..χ
1046 4451 1185 4561 ξτερι
1202 4451 1309 4540 τὼν
1328 4484 1386 4549 ἒξ
1405 4451 1626 4554 ἡμερῶν
1641 4475 1735 4530 τοῦ
1756 4473 1868 4528 Πά-

1978 4468 2327 4531 Pentecoste;
2371 4472 2424 4517 et
2461 4460 2529 4516 de
2570 4475 2667 4514 sex
2711 4457 2905 4512 diebus
2949 4452 3258 4515 Pascbatis,
3286 4451 3563 4521 quomodo

1976 4559 2300 4632 praecipiunt
2326 4556 2463 4611 nihil
2493 4551 2720 4609 omnino
2749 4563 2984 4607 sumere.
3020 4552 3220 4617 praeter
3260 4559 3455 4616 panem
3504 4550 3559 4597 et

1976 4655 2143 4709 salem
2174 4657 2231 4707 et
2278 4664 2499 4720 aquam,
2549 4645 2874 4715 qualemque
2927 4640 3070 4694 diem
3118 4652 3298 4708 agere,
3344 4644 3399 4690 et
3448 4651 3560 4704 quo

1974 4752 2136 4817 pacto
2163 4742 2435 4813 jejunium
2481 4739 2692 4793 solvere
2744 4736 2797 4789 in
2847 4733 3197 4786 illucescente
3239 4727 3559 4788 Dominicn;

1974 4836 2326 4892 manifestum
2369 4839 2472 4888 est.
2520 4829 2585 4883 Et
2615 4828 2773 4899 paulo
2802 4833 2916 4893 post
2948 4839 2967 4877 :
2993 4821 3194 4876 Deinde
3218 4834 3367 4881 vero,
3406 4817 3451 4873 si
3489 4819 3556 4871 de

1974 4928 2165 4983 eodem
2218 4929 2542 4996 argumento
2595 4920 2925 4985 Quartarum
2975 4921 3029 4969 et
3090 4910 3555 4966 Prosabbamrum

1973 5020 2137 5075 iidem
2164 5015 2397 5087 apostoli
2425 5014 2479 5068 in
2501 5009 2907 5068 Constitutione
2926 5021 3035 5061 non
3061 5004 3367 5067 dixissent;
3389 5001 3553 5054 etiam

1972 5111 2131 5165 aliter
2151 5108 2392 5178 undique
2418 5117 2706 5175 possemus
2726 5100 3109 5154 demonstrare
3130 5113 3142 5149 :
3160 5106 3468 5164 quanquam
3490 5104 3557 5142 ea

1970 5200 2039 5256 de
2061 5215 2121 5256 re
2152 5205 2408 5254 accurate
2436 5194 2706 5251 scribunt.
2752 5189 2885 5261 Lege
2931 5188 3184 5249 Constit.,
3212 5183 3303 5237 lib.
3346 5199 3399 5242 v,
3432 5196 3551 5246 cap.

1973 5294 2061 5357 15,
2088 5293 2193 5360 20;
2229 5291 2320 5346 lib.
2353 5305 2450 5356 vn,
2480 5284 2719 5355 cap.25;
2750 5282 2841 5337 lib.
2866 5298 2920 5349 v,
2950 5295 3070 5349 cap.
3103 5277 3193 5341 15,
3228 5274 3318 5339 15,
3354 5271 3549 5333 18,19.

1581 5458 1787 5527 eresi
1814 5456 1903 5519 80,
1937 5470 2083 5508 nam.
2126 5452 2180 5506 7.

357 5595 473 5650 Kal.
516 5594 646 5664 περὶ
694 5592 792 5662 μὲν
819 5586 913 5644 οὖν
955 5586 1050 5641 τοῦ
1090 5585 1296 5654 γενείου
1333 5583 1391 5634 ἐν
1424 5582 1543 5641 ταῖς
1585 5574 1868 5639 Διατάξεσι

284 5687 397 5741 τῶν
428 5684 740 5739 ἀποστόλων
772 5682 971 5753 φάσκει
1008 5680 1038 5732 ό
1068 5677 1211 5740 θεῖος
1236 5674 1393 5743 λόγος
1420 5672 1517 5725 καὶ
1543 5672 1577 5741 ἡ
1615 5667 1869 5722 διδασκα-

288 5778 378 5831 λία
413 5776 489 5847 μὴ
528 5775 786 5848 φθείρειν,
807 5771 1053 5827 τουτέστι
1075 5769 1149 5843 μὴ
1176 5767 1391 5838 τέμνειν
1420 5764 1612 5836 τρίχας
1640 5759 1869 5831 γενείου,

2047 5566 2114 5622 Ει
2142 5564 2361 5635 quidem
2384 5563 2453 5617 de
2479 5561 2679 5624 barba,
2706 5558 2761 5613 in
2778 5547 3293 5612 .Constitutionibus
3333 5549 3543 5612 aposto-

1974 5663 2153 5717 lorum
2176 5658 2253 5712 ait
2273 5656 2493 5712 divinus
2518 5666 2720 5716 sermo,
2752 5656 2807 5704 et
2829 5644 3083 5713 doctrina
3113 5660 3125 5695 :
3162 5654 3269 5694 non
3303 5647 3552 5690 corrum-

1976 5753 2183 5826 pendos
2208 5766 2352 5817 esse,
2384 5749 2487 5804 hoc
2512 5755 2618 5810 est,
2664 5758 2774 5799 non
2801 5753 2925 5797 esse
2951 5733 3218 5794 secandus
3251 5728 3390 5800 pilos
3420 5724 3549 5779 bar-
