3896 6174
415 277 517 333 δὸἹ

1328 282 1386 339 S.
1421 282 1819 342 CLEMENTIS
1851 286 1871 341 l
1905 284 2072 346 8011.
2108 286 2309 345 ΡΟΝΤ.
2347 288 2573 346 ΟΡΕΒΑ
2608 288 2835 347 DUBIA.

3559 290 3673 347 διε

411 396 515 456 bac,
543 408 719 463 neque
755 396 1130 467 usurpandum
1161 403 1532 457 meretricium
1572 414 1825 458 ornatum
1849 444 1864 469 ,
1892 422 1990 462 ne-

2094 406 2227 478 μηδὲ
2281 408 2582 480 ἑταιρισμῷ
2641 405 3069 479 κατακομεῖσθαι
3106 445 3120 470 ,
3184 407 3317 477 μήτε
3378 405 3674 478 ὑπερηφα-

408 500 518 554 que
545 485 742 541 debere
768 488 997 557 justitia:
1025 490 1303 547 incessum
1328 496 1598 565 superbire
1629 503 1867 567 speciem
1898 498 1990 553 ha-

410 576 559 633 bere.
592 577 844 647 Constit.,
877 581 969 635 lib.
1007 598 1047 648 ι,
1077 600 1193 652 cap.
1219 586 1272 641 5.

2094 502 2213 566 νίας
2262 502 2559 573 ὑπόδειγμα
2601 500 2943 570 δικαιοσύνης
2980 500 3078 570 τὴν
3121 498 3471 571 προσέλευσιν
3497 499 3669 571 ἔχειν.

837 696 1231 768 AuctorOperis
1261 702 1549 772 imperfecti
1581 703 1635 758 in
1664 704 1999 775 Matthwum,
2034 705 2174 775 apud
2205 705 2266 761 S.
2300 706 2753 779 Chrysostomum.
2783 707 2867 761 Ad
2889 705 3083 762 Matth.
3112 724 3189 773 Vl,
3220 706 3271 762 3.

481 827 654 883 Aliter
681 840 831 887 certe
874 835 1019 890 sicut
1046 838 1282 907 apostoli
1315 838 1745 908 interpretantur
1777 841 1832 896 in
1884 840 2026 897 libro
2053 840 2364 908 Canonum,
2393 844 2486 915 qui
2516 852 2601 900 est
2630 844 2700 900 de
2737 842 3046 915 episcopis;
3079 843 3271 899 dextra
3314 851 3399 899 est
3426 843 3672 913 populna

408 916 779 985 Christianus,
808 927 903 994 qui
939 936 1023 984 est
1056 930 1122 984 ad
1153 931 1401 985 dextram
1436 929 1677 1000 Christi;
1706 933 1932 990 sinistra
1963 942 2167 999 autem,
2199 937 2378 991 omnis
2415 938 2671 1007 populus,
2698 937 2792 1007 qui
2822 948 2909 993 est
2950 936 3020 992 ad
3051 937 3357 993 sinistram.
3388 935 3503 990 Hoc
3527 951 3670 1007 ergo

408 1012 543 1065 dicit
573 1033 586 1067 :
621 1013 697 1069 Ne
722 1016 1096 1074 Christianum
1127 1020 1416 1078 iacientem
1446 1025 1872 1095 eleemosynam,
1899 1026 1993 1095 qui
2025 1034 2110 1082 est
2138 1026 2353 1093 dextra,
2386 1029 2625 1085 infidelis
2654 1030 2908 1100 aspiciat,
2941 1030 3035 1099 qui
3064 1037 3151 1085 est
3209 1030 3459 1085 sinistra.
3488 1028 3665 1086 Chri-

407 1104 623 1163 stianus
652 1116 831 1164 autem
865 1111 913 1167 si
943 1113 1318 1170 Christianum
1347 1117 1546 1171 viderit
1573 1119 1951 1190 eleemosynas
1985 1118 2296 1189 facientem,
2330 1138 2440 1179 non
2462 1132 2549 1181 est
2569 1132 2761 1181 contra
2786 1122 2994 1181 Christi
3023 1132 3375 1196 praeceptum,
3396 1126 3667 1196 quoniam

407 1201 569 1256 ambo
597 1200 789 1257 dextra
818 1214 966 1261 sunt.
1010 1208 1137 1263 Vide
1162 1208 1289 1265 Not.
1321 1211 1390 1265 ad
1421 1210 1603 1268 Const.
1640 1227 1750 1281 ap.,
1783 1213 1875 1269 lib.
1912 1230 1996 1278 ιιι,
2029 1232 2077 1270 c.
2110 1214 2195 1273 14.

1714 1368 1791 1421 Ad
1824 1368 2021 1426 Matth.
2050 1385 2181 1436 xxv,
2215 1369 2303 1426 18.

476 1516 579 1583 Qui
610 1518 976 1574 ministerium
1008 1535 1169 1575 suum
1199 1521 1335 1577 bene
1364 1536 1852 1591 consummaverit,
1885 1537 2110 1599 apparet
2142 1543 2269 1599 quia
2299 1546 2364 1585 ex
2398 1530 2508 1587 Deo
2549 1532 2724 1589 fuerat
2763 1534 3081 1603 ordinatus;
3112 1537 3207 1607 qui
3270 1545 3452 1593 autem
3488 1535 3660 1590 mini—

404 1609 630 1663 sterium
657 1625 814 1665 suum
833 1626 941 1666 non
968 1611 1105 1667 bene
1132 1616 1695 1678 consummaverit.ex
1716 1616 2029 1673 hominibus
2054 1620 2340 1677 ordinatus
2370 1621 2608 1689 εει.οιιο
2627 1623 2788 1679 modo
2806 1633 2987 1680 autem
3016 1626 3237 1695 quidam
3258 1625 3575 1682 sacerdotes
3593 1640 3667 1681 ex

405 1703 721 1761 hominibus
746 1708 1095 1772 ordinantur,
1121 1709 1411 1765 manifeste
1442 1710 1494 1763 in
1520 1710 1661 1765 libro
1686 1717 1882 1765 octavo
1905 1711 2189 1768 Canonum
2214 1717 2583 1785 apostolorum
2617 1718 2838 1775 dicitur.
2871 1719 2973 1786 Qui
3011 1728 3190 1776 autem
3229 1736 3298 1777 ex
3340 1721 3667 1778 hominibus

402 1797 691 1856 ordinatus
719 1808 826 1866 est,
855 1809 1124 1872 quantum
1149 1802 1217 1859 ad
1250 1801 1421 1859 Deum
1455 1820 1563 1859 non
1593 1812 1679 1860 est
1706 1804 1974 1861 diaconus
1996 1816 2091 1861 aut
2122 1809 2401 1864 sacerdos.
2430 1808 2684 1877 Constit.,
2710 1811 2802 1867 lib.
2829 1828 2949 1878 vut,
2976 1828 3093 1884 cap.
3126 1814 3181 1870 2,

1193 1956 1489 2027 Maximus,
1512 1960 1569 2013 in
1597 1960 1876 2030 epistolam
1906 1977 2148 2021 octavam
2173 1963 2439 2037 Dionysii,
2471 1977 2587 2035 post
2613 1965 2863 2024 medium.

472 2112 643 2170 Porro
666 2115 719 2169 in
748 2115 922 2171 sacris
941 2116 1307 2173 institutorem
1328 2126 1487 2174 vocat
1510 2120 1725 2175 beatum
1759 2131 1979 2193 aposto-
2012 2136 2055 2195 Β

402 2207 513 2261 lum
546 2208 795 2271 Paulum,
826 2217 884 2262 ut
911 2225 1033 2263 eum
1065 2211 1158 2279 qui
1183 2210 1360 2281 ipsum
1384 2212 1733 2269 ordinaverat
1764 2216 1817 2268 in
1843 2232 1983 2287 pon-

400 2300 665 2353 tiﬂcatutn
716 2299 974 2357 Ecclesia:
1036 2302 1435 2368 Atheniensis,
1488 2304 1633 2359 sicut
1690 2305 1744 2359 in
1803 2308 1981 2365 sacris

400 2393 771 2461 apostolorum
798 2392 1297 2453 Constitutionibus
1322 2398 1587 2468 scriptum
1609 2406 1714 2455 est.
1734 2396 1853 2455 Lib.
1878 2415 1977 2465 vu,

397 2500 515 2553 cap.
539 2486 631 2541 46.

2165 2124 2459 2198 Ἰεροθέτην
2500 2126 2555 2181 δὲ
2587 2126 2740 2181 καλεῖ
2778 2126 2869 2181 τὸν
2914 2125 3067 2196 ἅγιον
3096 2127 3391 2183 ἀπόστολον
3418 2129 3661 2199 Παῦλον,

2080 2215 2157 2279 ὡς
2194 2219 2641 2289 χειροτονήσαντα
2670 2218 2819 2290 αύτῷ
2846 2219 2943 2291 τὴν
2971 2220 3377 2294 ἀρχιερωσύνην
3404 2225 3503 2295 τῆς
3536 2228 3666 2283 Ἑκ-

2082 2311 2311 2381 κλησίας
2336 2312 2443 2367 τῶν
2486 2311 2744 2382 Ἀθηνῶν,
2767 2312 2949 2376 καθὼς
2976 2314 3034 2365 ὲν
3053 2317 3172 2377 ταῖς
3195 2316 3368 2387 ἱεραῖς
3384 2316 3491 2371 τῶν
3518 2319 3667 2374 ἀπο-

2082 2404 2281 2458 στόλων
2296 2406 2605 2488 γέγραπται
2631 2405 2932 2473 διαταγαϊς.
2964 2404 3105 2478 Lege
3128 2407 3198 2463 ad
3225 2422 3349 2480 cap.
3372 2409 3428 2475 2,
3455 2406 3536 2463 De
3560 2402 3664 2461 Et»

2080 2490 2206 2549 cles.
2231 2491 2521 2564 hierarch.,
2547 2506 2602 2553 et
2623 2495 2680 2551 in
2709 2494 2959 2567 Prologo.

401 2641 704 2699 Timotheus
734 2644 1029 2716 presbyter,
1060 2656 1295 2702 tractatu
1321 2646 1385 2703 de
1406 2649 1472 2702 iis
1504 2649 1595 2718 qui
1636 2648 1893 2773 accedupt
1932 2648 2437 2776 adnEecleZisa5mgn
2464 2653 2716 2707 Auctario
2738 2651 3081 2709 Bibliotheca:
3123 2650 3352 2707 Patrum
3383 2649 3655 2721 Combeﬁ-

1628 2736 1803 2776 uano.
1858 2738 1967 2776 om.
2047 2761 2062 2776 .
2111 2735 2162 2776 υ.
2400 2761 2415 2775 .

1628 2736 1803 2784 uano,
1838 2735 1967 2776 tom.
1998 2735 2062 2786 ιι,
2111 2735 2162 2789 ρ.
2194 2735 2301 2776 cbo
2347 2735 2415 2775 υ.

469 2870 606 2925 Audi
654 2872 1028 2942 apostolorum
1072 2873 1238 2931 verba
1269 2894 1283 2931 :
1326 2874 1543 2942 Videte,
1574 2886 1683 2933 etc.
1714 2874 1969 2944 συνίει,

396 2961 488 3017 lib.
522 2980 597 3029 νι,
632 2980 747 3035 cap.
780 2963 871 3024 16.

2154 2880 2351 2933 Ἄκουε
2400 2880 2508 2934 τῶν
2552 2876 2958 2935 ἀποστολικῶνο
3020 2880 3212 2955 Ὁρᾶτε
3264 2881 3333 2936 τὰ
3386 2881 3492 2934 ἐπ’
3545 2881 3662 2937 όνό·

2080 2988 2231 3043 ματι,
2262 2980 2367 3027 etc.

1601 3128 1789 3186 Canon
1820 3130 2112 3186 Trullanus
2143 3130 2422 3185 secundus.

463 3303 678 3359 Placuit
706 3310 886 3360 autem
927 3312 982 3361 et
1028 3305 1134 3362 hoc
1170 3312 1377 3362 sancta;
1426 3306 1556 3361 huic
1601 3306 1811 3379 synodo
1850 3306 1973 3377 pul-

391 3396 662 3453 cherrime
693 3413 756 3453 ac
786 3398 1011 3469 optime,
1036 3406 1097 3453 ut
1126 3399 1195 3455 ab
1230 3400 1334 3454 hoc
1362 3406 1607 3469 tempore
1640 3400 1779 3454 firmi
1808 3398 1972 3454 stabi-

2150 3305 2336 3371 Ἔδοξε
2362 3304 2418 3359 δὲ
2446 3306 2542 3360 καὶ
2569 3304 2728 3360 τοῦτο
2754 3308 2820 3380 τῇ
2851 3306 2982 3379 ἁγία
3022 3305 3197 3383 ταύτῃ
3241 3307 3443 3379 συνόδῳ
3469 3308 3659 3363 κάλλι-

2078 3399 2179 3453 στά
2205 3417 2263 3452 τε
2294 3398 2388 3452 καὶ
2435 3399 2826 3454 σπουδαιότατα
2846 3439 2860 3463 ,
2902 3400 3041 3472 ὥστε
3074 3400 3253 3472 μένειν
3279 3402 3375 3456 καὶ
3416 3403 3527 3456 ἀπὸ
3558 3404 3656 3457 τοῦ

391 3490 583 3561 lesque
611 3498 867 3547 maneant
895 3493 960 3548 ad
993 3493 1301 3547 animarum
1346 3493 1612 3549 medelam
1650 3501 1707 3548 et
1751 3490 2004 3562 pertur-t

2087 3490 2166 3545 νῦν
2210 3491 2479 3562 βεϐαίους,
2522 3492 2617 3546 καὶ
2659 3492 2922 3562 ἀσφαλεῖς
2964 3492 3102 3565 πρὸς
3141 3493 3326 3564 ψυχῶν
3355 3493 3658 3566 θεραπείαν

389 3581 671 3637 bationum
719 3585 1081 3651 curationem,
1110 3586 1388 3655 octoginta
1420 3584 1663 3656 quinque
1703 3600 1965 3649 canones,

390 3675 585 3731 sanciti
632 3689 662 3727 a
722 3676 929 3732 sanctis
975 3684 1029 3732 et
1072 3677 1327 3748 gloriosis
1373 3676 1657 3747 apostolis,
1687 3677 1781 3746 qui
1829 3692 1969 3747 prae-

388 3774 677 3823 cesserunt.
729 3784 851 3823 nos.
882 3769 1151 3835 Quoniam
1194 3777 1374 3825 autem
1410 3770 1465 3824 in
1507 3769 1615 3825 illis
1660 3768 1967 3825 canonibus

388 3870 721 3933 praeceptum
762 3870 867 3925 est,
900 3870 960 3915 ut
1010 3862 1342 3932 recipiamus
1385 3862 1701 3918 eorumdem
1743 3871 1968 3917 sancto-

387 3970 509 4009 rum
555 3955 926 4025 apostolorum
979 3970 1076 4025 per
1129 3953 1463 4012 Clementem
1522 3954 1963 4017 constitutiones,

387 4048 722 4118 quibusjam
763 4048 892 4100 olim
942 4048 1010 4101 ab
1051 4048 1398 4102 heterodoxis
1443 4047 1508 4101 ad
1542 4046 1798 4101 Ecclesia:
1843 4062 1966 4115 per—

388 4140 586 4194 niciem
619 4140 827 4195 inserta
875 4146 1004 4195 sunt
1033 4140 1278 4210 quaedam
1338 4140 1645 4195 adulterina
1697 4147 1751 4195 et
1788 4140 1965 4193 aliena

384 4246 416 4285 a
475 4232 709 4302 pietate,
769 4247 891 4302 quae
944 4232 1242 4303 elegantem
1298 4246 1361 4285 ac
1412 4232 1666 4286 decoram
1726 4232 1963 4301 speciem

383 4324 696 4378 divinorum
768 4323 1083 4395 dogmatum
1171 4324 1331 4380 nobis
1400 4324 1792 4389 obscurarum;
1864 4322 1964 4377 has

383 4418 802 4472 constitutiones
869 4416 1288 4472 couducibiliter
1364 4415 1432 4471 ad
1506 4414 1964 4471 Christianissimi

381 4508 564 4578 gregis
616 4508 1031 4564 aedificationem
1087 4524 1152 4564 ac
1213 4510 1601 4572 securitatem,
1636 4506 1959 4576 rejecimus;

382 4600 652 4656 haeretica;
694 4600 951 4656 falsitatis
992 4601 1137 4656 fetus
1179 4616 1522 4672 nequaquam
1567 4598 1962 4662 immiscentes,

2069 3583 2163 3636 καὶ
2194 3582 2433 3655 ἰατρείαν
2463 3583 2671 3647 παθῶν,
2700 3586 2825 3649 τοὺς
2865 3584 2968 3639 ὑπὸ
2996 3585 3104 3637 τῶν
3151 3585 3257 3657 πρὸ
3282 3584 3440 3657 ήμῶν
3481 3587 3658 3654 ἁγίων

2068 3675 2162 3727 καὶ
2201 3673 2425 3740 ἐνδόξων
2469 3675 2782 3730 ἀποστόλων
2821 3676 3151 3748 ὀγδοήκοντα
3194 3679 3354 3731 πέντε
3394 3678 3651 3740 κανόνας.

2081 3765 2293 3837 Ἐπειδὴ
2322 3766 2379 3820 δὲ
2424 3768 2483 3820 ὲν
2526 3766 2735 3831 τούτοις
2760 3771 2872 3831 τοῖς
2900 3768 3119 3822 κανόσιν
3164 3768 3476 3821 ἐντέταλται
3501 3769 3660 3839 δέχε-

2069 3861 2195 3914 σθαι
2220 3862 2389 3933 ἡμᾶς,
2418 3860 2518 3924 τάς
2547 3860 2655 3914 τῶν
2681 3860 2860 3913 αὐτῶν
2878 3861 3048 3929 ἀγίων
3063 3861 3382 3914 ἀποστόλων
3395 3860 3483 3913 διὰ
3502 3860 3657 3932 Κλή-

2069 3968 2260 4024 μεντος
2281 3952 2567 4018 διατάξεις,
2598 3947 2686 4016 αἷς
2714 3969 2821 4007 τισι
2861 3953 3028 4006 πάλαι
3062 3953 3169 4007 ὑπὸ
3192 3953 3301 4008 τῶν
3329 3952 3656 4024 ἑτεροδόξων

2065 4047 2159 4100 ἐπὶ
2198 4046 2364 4119 λοίμῃ
2401 4044 2503 4117 τῆς
2559 4045 2901 4116 Ἑκκλησίας,
2932 4045 3061 4099 νόθα
3088 4045 3210 4099 τινὰ
3256 4047 3353 4099 καὶ
3381 4045 3507 4110 ξένα
3550 4046 3657 4117 τῆς

2081 4138 2406 4209 Ἐκκλησίας
2421 4138 2548 4179 ⁷⁸-³⁹
2571 4137 3011 4210 παρενετέθησαν
3030 4178 3045 4202 ,
3064 4138 3124 4191 τὸ
3140 4138 3412 4209 εὐπρεπὲς
3453 4138 3654 4203 κάλλος

2064 4231 2172 4283 τῶν
2203 4230 2360 4284 θείων
2387 4230 2671 4301 δογμάτων
2723 4231 2857 4303 ἡμῖν
2909 4230 3335 4302 ἀμαυρώσαντα,
3387 4231 3486 4303 τὴν
3538 4233 3653 4286 τῶν

2063 4322 2318 4376 τοιούτων
2339 4322 2629 4387 διατάξεων
2646 4323 2971 4395 προσφόρως
2985 4323 3256 4395 ἀποϐολὴν
3277 4324 3648 4395 πεποιήμεθα,

2065 4415 2201 4488 πρὸς
2227 4415 2325 4486 τὴν
2353 4415 2448 4469 τοῦ
2491 4416 3018 4487 Χριστιανικωτάτου
3062 4417 3312 4487 ποιμνίου
3359 4416 3652 4489 οἰκοδομὴν

2065 4509 2159 4561 καὶ
2186 4508 2503 4578 ἀσφάλειαν,
2533 4508 2785 4579 οὐδαμῶς
2814 4508 3154 4581 ἐγκρίνοντες
3192 4510 3262 4561 τά
3301 4509 3400 4579 τῆς
3441 4510 3653 4580 αἱρετι-

2064 4599 2169 4670 κῆς
2195 4599 2545 4669 ψευδολογίας
2574 4602 2832 4672 κυήματα
2852 4640 2866 4665 ,
2899 4602 2993 4655 καὶ
3036 4604 3100 4673 τῇ
3147 4603 3345 4674 γνησίᾳ
3372 4602 3481 4657 τῶν
3508 4604 3649 4657 ἀπο-

383 4701 437 4751 et
464 4712 736 4765 germanae
762 4712 827 4751 ac
864 4698 1090 4769 integra:
1119 4697 1494 4769 apostolorum
1524 4694 1788 4750 doctrinae
1824 4695 2004 4759 inse-l

2087 4692 2265 4745 πτόλων
2292 4693 2387 4747 καὶ
2414 4692 2693 4765 ὁλοκλήρῳ
2710 4694 2897 4766 διδαχῇ
2928 4697 3363 4767 παρενείροντες,
3392 4704 3498 4751 etc.

381 4794 586 4853 rentes,
620 4796 726 4845 etc.

603 4902 657 4956 Ν
662 4902 933 4971 icephorus
963 4900 1585 4971 Constantinopolitanus
1611 4900 1939 4970 patriarcha,
1978 4897 2033 4953 in
2054 4900 2158 4969 [ine
2185 4897 2572 4969 Chronologiw,
2605 4896 2695 4951 ubi
2722 4897 2785 4951 de
2812 4896 2963 4951 libris
3002 4896 3425 4967 Scripturarum.

619 5056 703 5112 Ea:
731 5058 964 5111 versione
989 5054 1265 5110 Anastasii
1296 5054 1713 5109 Bibliothecarii.

448 5153 514 5208 Et
544 5168 666 5223 quae
706 5150 842 5203 Novi
879 5147 1258 5218 (Testamenti)
1312 5154 1439 5203 sunt
1482 5147 1811 5218 apocrypha,
1844 5153 1951 5201 etc.

376 5246 473 5301 Dm
493 5248 635 5301 trina
667 5243 1063 5315 apostolorum,
1091 5256 1285 5297 versus
1305 5240 1433 5304 200,
1465 5246 1569 5295 etc.

2129 5145 2239 5199 Καὶ
2278 5144 2378 5198 ὅσα
2419 5145 2520 5216 τῆς
2553 5144 2701 5209 Νέας
2752 5146 2889 5200 εἰσὶν
2930 5146 3244 5221 ἀπόκρυφα,
3287 5158 3394 5205 etc.
3440 5151 3642 5226 Διδαχὴ

2068 5236 2371 5292 ἀποστόλων
2394 5254 2408 5267 °
2440 5238 2610 5310 στίχοι
2640 5245 2685 5291 σ¹
2713 5239 2779 5304 ⁸⁸,
2810 5253 2915 5295 etc.

1465 5354 1709 5419 Photius,
1744 5352 2078 5409 Bibliotheca:
2127 5351 2246 5410 cod.
2276 5365 2409 5413 cxu,
2440 5364 2593 5407 cxut.

445 5474 607 5530 [sccta
653 5481 782 5528 sunt
830 5473 1129 5531 Clementis
1160 5472 1388 5526 Romani
1421 5471 1531 5525 duo
1571 5471 1850 5526 voluuiina
1883 5471 1953 5525 li-

375 5564 631 5631 brorum;
662 5582 894 5635 quorum
946 5565 1102 5619 alteri
1155 5564 1351 5618 titulus
1393 5570 1500 5627 est,
1539 5561 1952 5618 Constitutiones

382 5654 743 5725 apostolorum
763 5672 855 5725 per
883 5655 1230 5720 Clementem;
1262 5655 1315 5710 in
1339 5671 1448 5727 quo
1474 5656 1638 5712 etiam
1668 5655 1953 5711 continen-

445 5770 490 5803 "
520 5771 566 5802 ³⁹
597 5772 650 5825 al
698 5771 995 5837 εὐσεϐείας.
1068 5774 1112 5806 ⁸⁸
1139 5773 1207 5827 al.
1242 5790 1321 5846 γε’,

2140 5466 2477 5538 Ἀνεγνῶσθη
2504 5467 2820 5539 Κλήμεντος
2844 5466 2938 5521 τοῦ
2978 5470 3196 5543 Ῥώμης
3220 5471 3386 5543 τεύχη
3419 5472 3641 5543 βιϐλίων

2058 5562 2151 5616 δύο
2170 5580 2183 5593 ’
2213 5555 2287 5615 ὧν
2317 5560 2379 5614 τὸ
2403 5562 2500 5631 μὲν
2520 5560 2903 5631 ἐπιγράφεται,
2931 5565 3208 5632 Διαταταὶ
3229 5563 3348 5617 τῶν
3372 5565 3641 5620 ἀποστό-

2058 5658 2185 5710 λων
2201 5654 2298 5710 διὰ
2316 5653 2683 5725 Κλήμεντος,
2707 5656 2764 5708 ὲν
2783 5648 2826 5723 ᾧ
2845 5654 2938 5709 καὶ
2964 5656 3013 5709 οἱ
3042 5656 3148 5710 τῶν
3179 5655 3468 5714 συνοδικῶν
3480 5659 3645 5717 κανό-
