3896 6174
285 275 394 333 849
1158 270 1758 380 CONSTITUTIQNES
1796 271 2272 329 APOSTOLICA'J.
2311 301 2380 312 —
2408 269 2772 329 ΡΒΟαρΜΙΛ.
3451 270 3559 329 550

282 406 395 443 νων
420 386 502 458 τῷ
528 385 857 459 ἀθροίσματι
894 385 1003 442 τῶν
1043 386 1357 442 ἀποστόλων
1385 376 1625 450 κανόνες
1651 390 1871 460 ἐπιγρα-

1980 398 2064 442 tur
2093 387 2170 441 illi
2200 401 2465 452 canones,
2494 386 2590 457 qui
2618 385 2763 440 inter
2803 382 3094 455 synodicos
3136 382 3305 439 οωιυί
3334 376 3559 455 apesto-

280 482 510 550 φόμενοι
555 479 920 551 περιέχονται.
961 479 1034 533 Et
1073 478 1217 533 infra
1259 480 1371 532 :Al
1411 479 1468 532 δέ
1512 497 1573 549 γε
1600 481 1867 549 Διαταγαὶ

1980 480 2147 533 lorum
2177 478 2550 534 ascribuntur.
2581 476 2651 531 Et
2679 477 2823 546 infra
2854 491 2874 530 :
2902 476 3071 531 Porro
3103 478 3560 542 Constitutiones,

277 574 430 643 τρισὶ
459 572 642 643 μόνοις
666 572 916 625 δοκοῦσιν
944 571 1221 643 ἐνέχεσθαι
1239 589 1252 603 ·
1276 573 1673 644 κακυπλαστίᾳ,
1704 575 1771 643 ῆν
1804 574 1867 626 οὺ

276 663 519 734 χαλεπὸν
560 663 1041 719 ἀποσκευάσασθαι
1067 680 1080 694 ·
1114 665 1209 718 καὶ
1234 666 1315 717 ὅτι
1356 664 1449 717 καὶ
1477 663 1570 717 τοῦ
1617 666 1872 735 Δευτερο-

276 756 469 826 νομίου
503 755 691 828 ὕϐρεις
718 756 869 819 τινὰς
897 756 1272 827 suaet-qaut“,
1291 756 1327 810 ὃ.
1346 758 1390 787 δ’
1418 755 1511 809 καὶ
1542 757 1736 829 ῥᾷστον
1762 755 1876 809 δια-

275 847 583 901 λύσασθαι’
644 849 740 902 καὶ⁵
795 848 875 902 ἔτι
919 849 1306 922 Ἀρειανισμῷ,
1360 850 1497 921 ὅπερ
1549 851 1614 904 ἄν
1658 867 1741 913 τις
1782 850 1876 903 καὶ

280 940 474 1011 βιαίως
516 941 917 1013 διακρούσαιτο.
962 944 1026 995 Ἦ
1060 943 1157 1013 μέν
1198 943 1281 995 τοι
1310 958 1374 1010 γε
1401 942 1509 995 τῶν
1544 941 1639 994 τοῦ
1668 943 1876 1014 Πέτρου

276 1032 543 1103 Πράξεων
564 1033 743 1103 βίϐλος
768 1034 847 1103 τῷ
874 1051 933 1087 τε
962 1033 1199 1105 λαμπρῷ
1229 1035 1324 1088 καὶ⁵
1344 1037 1409 1104 τῇ
1439 1034 1748 1105 σεμνότητι,
1783 1034 1877 1087 καὶ

276 1128 362 1179 ἔτι
388 1126 466 1197 τῷ
495 1126 723 1197 καθαρῷ
754 1127 849 1179 καὶ
876 1126 1132 1197 συντόνῳ,
1169 1125 1264 1180 καὶ
1293 1128 1359 1197 τῇ
1392 1125 1527 1198 ἄλλῃ
1567 1127 1734 1197 ἀρετῇ
1780 1124 1875 1178 τοῦ

276 1219 462 1288 λόγου,
494 1220 589 1273 καὶ
616 1219 752 1272 πολυ
761 1218 957 1290 μαθείᾳ
974 1217 1198 1271 τοσοῦτο
1214 1218 1325 1288 ἔχει
1346 1217 1482 1289 πρὸς
1500 1216 1877 1286 τὰςΔιαταγὰς

274 1312 341 1365 τὺ
385 1312 783 1383 παραλλάττον,
828 1312 904 1375 ὡς
945 1311 1078 1383 μηδὲ
1137 1310 1415 1382 συγκρίσει
1455 1313 1522 1382 τῇ
1568 1309 1709 1364 κατὰ
1748 1311 1875 1374 τοὺς

276 1403 469 1474 λόγους
496 1403 635 1476 πρὸς
662 1403 895 1475 ἀλλήλας
922 1403 1361 1476 παραϐάλλεσθαι
1387 1403 1486 1467 τὰς
1508 1403 1741 1474 βίϐλους,
1764 1411 1871 1462 etc.

1973 570 2250 625 extribus
2300 569 2569 624 duntaxat
2610 568 2884 639 capitibus
2930 571 3341 639 reprehensioni
3371 571 3563 626 viden-

1975 668 2067 715 tur
2092 661 2343 716 obnoxiae
2375 679 2391 717 :
2424 676 2490 716 ex
2522 662 2662 715 mala
2690 660 2936 728 ﬁctione,
2965 678 3129 733 quam
3158 672 3418 720 excutere
3449 680 3560 719 non

1978 760 2062 807 est
2087 752 2305 808 dillicile
2339 771 2353 808 :
2387 762 2443 807 et
2471 752 2616 823 quod
2646 765 2840 811 contra
2864 754 3345 812 Deuteronomium
3374 760 3561 814 crimi-

1980 848 2230 900 nationes
2272 846 2537 915 quasdam
2579 846 2881 914 adducant;
2912 850 3069 920 {quod
3113 850 3279 905 etiam
3304 850 3561 907 facillime

1978 937 2111 992 dilui
2146 946 2326 1008 potest
2356 958 2369 993 :
2403 948 2457 992 et
2483 939 2662 993 adhuc
2688 956 2754 995 ex
2788 940 3131 1009 Arianismo;
3156 943 3303 1014 quod
3335 944 3556 1015 aliquis,

1985 1033 2112 1086 licet
2142 1033 2409 1087 violenter
2434 1034 2633 1103 poterit
2663 1034 2955 1102 depellere.
2988 1035 3254 1090 Caeterum
3294 1037 3431 1093 liber
3453 1039 3560 1092 Ac-

1980 1133 2159 1178 torum
2189 1124 2360 1189 Petri,
2399 1124 2690 1194 splendore
2712 1135 2767 1180 et
2813 1126 3116 1195 majestate,
3150 1127 3218 1181 ad
3248 1127 3363 1183 haec
3405 1129 3558 1199 puri-

1976 1224 2086 1272 tate
2114 1227 2168 1273 et
2189 1219 2552 1283 vehementia,
2585 1219 2816 1288 aliisque
2841 1220 3107 1274 orationis
3129 1220 3372 1285 dotibus,
3393 1229 3558 1293 atque

1977 1310 2263 1379 multiplici
2290 1309 2560 1373 doctrina,
2595 1318 2807 1364 tantum
2838 1309 3273 1368 Constitutiones
3296 1320 3555 1383 superat,

1975 1411 2037 1456 ut
2065 1403 2164 1458 hos
2196 1404 2338 1457 inter
2365 1404 2533 1459 libros
2564 1404 2712 1457 nulla
2759 1406 3117 1474 comparatio,
3149 1406 3216 1461 ad
3246 1420 3555 1461 sermonem

1969 1493 2116 1564 quod
2147 1495 2360 1560 attinet,
2386 1496 2599 1551 institui
2623 1496 2842 1565 debeat,
2862 1505 2971 1551 etc.

246 1626 513 1719 ’ΝἱεειέιεΔ
540 1640 997 1719 Pectoratus,Lib.
1025 1653 1211 1698 contra
1228 1642 1482 1719 Latinos,
1511 1653 1629 1714 post
1657 1646 1907 1700 medium.
1944 1645 2107 1719 Tomo
2146 1658 2293 1701 sexto
2323 1648 2570 1719 Antiqua:
2599 1649 2885 1712 Lectionis,
2926 1650 3090 1706 Henr.
3122 1650 3325 1708 Canisii
3343 1669 3361 1717 ;
3396 1663 3447 1708 et
3476 1655 3534 1710 in

422 1715 755 1771 Bibliotheca
777 1715 1023 1783 Patrum,
1057 1724 1183 1771 tom.
1217 1714 1324 1780 IV,
1348 1724 1489 1785 part.
1521 1731 1583 1781 ιι,
1614 1732 1705 1771 nec
1740 1732 1845 1770 non
1868 1716 2007 1785 apud
2030 1718 2355 1784 Baronium,
2399 1714 2688 1773 Annalium
2713 1730 2841 1776 tom.
2869 1720 2955 1787 Il,
2994 1724 3049 1777 in
3088 1714 3404 1793 Appendice.

349 1872 739 1944 Apostolorum
767 1872 1020 1933 vertices.
1056 1872 1109 1926 in
1142 1871 1334 1942 quinto
1356 1872 1575 1943 quidem
1601 1872 1744 1927 libro
1783 1870 2225 1940 Ordinationum,
2251 1876 2348 1947 qui
2394 1876 2463 1931 de
2494 1879 2827 1950 martyribus
2863 1879 3206 1947 inscribitur,
3233 1882 3390 1952 juxta
3423 1885 3553 1941 Cle:

273 1972 520 2020 mentem
547 1966 593 1997 "
628 1983 642 2021 :
674 1964 939 2031 Quartam
985 1964 1179 2030 feriam
1214 1975 1263 2019 et
1286 1975 1490 2019 sextam
1524 1969 1769 2037 praecepit
1798 1969 1946 2023 nobis
1970 1967 2215 2037 jejunare
2248 1967 2501 2023 Dominus
2525 1988 2543 2022 :
2574 1987 2736 2025 unam
2768 1971 2972 2042 quidem
2995 2014 3010 2037 ,
3054 1984 3266 2042 propter
3294 1976 3547 2030 traditio-

275 2071 426 2119 nem;
462 2056 710 2123 alteram,
739 2067 950 2127 propter
976 2059 1273 2127 passionem
1297 2072 1314 2111 :
1351 2059 1523 2127 ipsum
1557 2070 1731 2114 autem
1772 2060 2067 2117 Sabbatum
2090 2061 2133 2091 “
2158 2077 2260 2114 non
2286 2060 2510 2115 tradidit
2536 2063 2685 2118 nobis
2696 2065 2962 2135 jejunare,
2985 2068 3232 2135 quoniam
3256 2084 3359 2121 non
3390 2084 3548 2137 opor-

279 2158 379 2211 tet,
407 2158 607 2209 praeter
636 2150 772 2203 illud
809 2151 1004 2214 solum,
1036 2152 1091 2204 in
1126 2168 1225 2222 quo
1256 2147 1479 2205 Creator
1510 2154 1765 2218 omnium,
1798 2153 1893 2208 sub
1928 2164 2070 2208 terra
2100 2154 2223 2225 fuit.
2258 2153 2413 2210 Unde
2440 2157 2593 2224 juxta
2626 2159 2829 2211 calcem
2870 2158 3113 2225 ejusdem
3165 2159 3310 2220 libri,
3346 2160 3545 2216 iterum

273 2240 361 2294 sic
384 2240 635 2310 loquitur
658 2240 706 2273 “
739 2260 752 2296 :
789 2240 955 2296 Omne
983 2242 1190 2312 quidem
1216 2242 1508 2297 Sabbatum
1538 2253 1587 2298 et
1616 2261 1821 2299 omnem
1854 2245 2192 2300 Dominicum
2224 2246 2592 2301 celebrandum
2620 2248 2665 2279 “
2697 2266 2808 2303 esse
2843 2249 3090 2306 dicimus.
3126 2251 3366 2305 Gaudere
3395 2253 3534 2306 enim

272 2340 487 2399 oportet
517 2332 571 2385 in
600 2332 702 2397 his,
734 2342 783 2387 et
815 2350 917 2387 non
948 2333 1145 2403 lugere.
1171 2334 1414 2405 Septimo
1437 2336 1657 2406 quidem
1694 2336 1835 2391 libro
1868 2354 2055 2393 earum
2088 2337 2574 2403 Constitutionum,
2606 2340 2762 2408 juxta
2790 2342 3112 2395 vicesimum
3153 2354 3407 2412 quartum
3444 2360 3540 2400 ca-

273 2430 376 2487 put
407 2421 478 2486 ",
502 2422 607 2477 hoc
635 2422 891 2492 inquiunt
920 2441 934 2477 :
967 2422 1253 2477 Sabbatum
1287 2442 1509 2496 namque
1529 2435 1579 2479 et
1600 2426 1932 2479 Dominicum
1962 2427 2284 2482 celebramus
2307 2431 2399 2493 ‘7‘;
2421 2431 2544 2500 quia
2573 2430 2707 2483 illud
2737 2431 2943 2495 quidem
2993 2434 3184 2489 divina:
3222 2438 3541 2505 operationis

271 2523 357 2568 est
386 2517 665 2579 memoria,
700 2516 784 2570 hic
806 2516 853 2549 ⁸⁸
879 2533 999 2571 vero
1028 2520 1450 2574 resurrectionis.
1492 2519 1664 2574 Unum
1698 2537 1815 2575 vero
1840 2529 2045 2574 tantum
2075 2520 2365 2576 Sabbatum
2398 2523 2798 2578 custodiendum
2828 2537 2905 2579 est
2932 2528 2985 2582 in
3018 2539 3127 2584 toto
3157 2547 3317 2596 anno,
3352 2532 3537 2602 Sepul-

276 2619 420 2663 tura:
453 2609 705 2673 Domini;
733 2627 835 2682 quo
852 2611 1104 2682 jeiunare
1127 2624 1350 2684 oportet.
1379 2614 1607 2681 Quando
1650 2616 1789 2670 enim
1819 2614 2061 2671 Christus
2104 2616 2162 2669 in
2206 2616 2443 2687 sepulcro
2478 2617 2678 2687 jacuit,
2723 2619 2970 2690 discipuli
2997 2625 3340 2692 potentiorem
3401 2628 3546 2681 circa

271 2720 398 2758 eum
448 2705 633 2773 ﬂetum
660 2704 942 2774 habebant,
967 2724 1129 2780 quam
1159 2710 1413 2783 gaudium
1442 2725 1507 2765 ex
1537 2710 1789 2767 memoria
1819 2709 2011 2765 divina:
2040 2712 2382 2779 operationis,
2415 2718 2523 2769 etc.

1731 2867 1902 2925 Multo
1931 2881 2049 2941 post
2069 2888 2090 2927 :

350 3022 409 3079 In
435 3031 592 3081 sexto
612 3024 756 3081 libro
778 3024 1077 3082 Clementis
1107 3024 1555 3094 Ordinationum,
1584 3044 1707 3099 qua:
1744 3030 1814 3084 ab
1842 3045 1908 3085 eo
1938 3030 2266 3100 conscriptae
2309 3039 2461 3097 sunt,
2509 3032 2668 3100 juxta
2714 3033 3007 3104 septimum
3053 3034 3324 3091 decimum
3355 3048 3545 3117 caput,

273 3118 517 3186 apostoli
549 3118 665 3172 haec
695 3117 889 3173 dicunt
921 3137 935 3173 :
965 3118 1282 3187 Episcopum
1308 3130 1358 3174 et
1377 3121 1737 3192 presbyterum
1767 3131 1817 3177 et
1843 3122 2150 3186 diaconum,
2187 3121 2436 3188 dicimus,
2466 3126 2556 3194 qui
2583 3141 2743 3178 unam
2780 3124 2969 3179 habent
2998 3140 3236 3190 uxorem,
3269 3127 3539 3190 ordinari,

270 3211 517 3264 euamtis
544 3212 720 3265 vivant
748 3228 930 3266 eorum
960 3213 1227 3283 conjuges,
1251 3215 1489 3283 quamvis
1511 3213 1777 3283 defuncta:
1798 3229 1817 3268 :
1848 3231 1952 3271 non
1996 3214 2117 3268 licet
2152 3231 2241 3269 eos
2267 3224 2386 3283 post
2423 3234 2611 3271 manus
2636 3217 2681 3249 ”
2712 3217 3096 3287 impositionem
3126 3219 3372 3287 innuptas
3406 3237 3540 3285 esse,

272 3318 369 3357 nec
392 3303 607 3371 insuper
629 3302 697 3357 ad
728 3306 943 3375 nuptias
974 3306 1089 3369 ire;
1116 3314 1208 3359 aut
1236 3306 1284 3361 si
1307 3308 1600 3376 nupserim,
1634 3308 1831 3362 alteras
1864 3307 2128 3377 amplecti,
2162 3304 2252 3361 sed
2274 3307 2505 3378 sumsere
2522 3324 2655 3378 quas
2688 3308 2877 3364 habent
2902 3324 3023 3363 cum
3045 3308 3115 3363 ad
3142 3310 3528 3366 ordinationem

271 3404 549 3451 uenerunt.

1717 3507 1876 3565 Circa
1910 3508 2067 3579 ﬁnem
2095 3526 2112 3564 :

348 3666 567 3739 Reliqui
605 3674 787 3721 autem
831 3661 1137 3730 Verticum,
1185 3663 1242 3719 in
1269 3664 1503 3735 septimo
1533 3664 1579 3698 ”
1614 3666 1755 3721 libro
1800 3664 2232 3729 lnstitutionum,
2266 3663 2422 3735 juxta
2466 3673 2683 3723 sextum
2724 3661 3001 3720 decimum
3067 3670 3232 3735 caput
3269 3662 3537 3733 liquidius

271 3762 536 3817 dixerunt
566 3779 580 3815 :
611 3761 819 3817 Scimus
842 3762 1000 3826 enim,
1026 3758 1205 3830 inquit
1227 3759 1376 3825 ⁸ι-⁵⁸,
1408 3760 1532 3829 quia
1564 3759 1618 3812 hi
1673 3759 1763 3830 qui
1807 3759 1950 3812 circa
1998 3758 2298 3823 Simonem,
2334 3768 2385 3813 et
2433 3757 2727 3823 Cleobium,
2770 3768 2820 3813 et
2848 3756 3079 3825 Iudam,
3122 3759 3545 3827 conscripserunt

274 3853 443 3908 libros
473 3855 530 3908 in
567 3851 776 3908 nomine
797 3850 996 3909 Christi
1025 3860 1073 3905 et
1109 3850 1487 3920 discipulorum
1537 3851 1672 3920 ejus,
1705 3852 2085 3919 circumferunt
2122 3850 2192 3904 ad
2229 3851 2583 3906 seductionem
2625 3859 2872 3915 vestram,
2905 3859 2955 3905 et
2983 3867 3164 3905 eorum
3195 3851 3285 3921 qui
3312 3850 3544 3920 diligunt

271 3945 568 4011 Christum,
614 3954 665 4000 et
708 3962 802 4000 nos
843 3962 1018 4000 servos
1051 3946 1235 4014 ipsius.
1279 3942 1348 3997 Et
1389 3943 1445 3996 in
1478 3942 1735 3997 veteribus
1773 3944 1991 4014 quidam
2031 3944 2451 4011 conscripserunt
2479 3945 2641 3999 libros
2687 3942 3008 4015 apocryphos
3040 3943 3235 4014 Moysi,
3266 3953 3313 3998 et
3341 3943 3540 3999 Enoch.

269 4050 325 4094 et
345 4039 544 4103 Adam,
580 4036 763 4102 Isaia,
801 4046 851 4092 et
874 4035 1065 4101 David,
1112 4046 1161 4092 et
1197 4035 1354 4101 Elite,
1384 4044 1435 4089 et
1472 4035 1633 4088 trium
1664 4035 2118 4105 patriarcharum,
2149 4038 2511 4106 corruptiones
2548 4036 2801 4107 facientes
2834 4046 2989 4107 atque
3025 4037 3259 4090 veritatis
3298 4037 3541 4090 inimicos

272 4130 466 4184 libros.

351 4222 680 4278 Humbertus
728 4237 998 4292 cpiscopus
1030 4220 1203 4293 Sylva:
1230 4218 1519 4287 Candida,
1551 4220 1607 4275 in
1638 4220 1977 4291 responsione
2013 4220 2083 4275 ad
2112 4218 2318 4276 Nicetes
2350 4221 2565 4287 librum,
2600 4221 2765 4277 multo
2811 4232 2928 4292 post
2963 4221 3214 4285 initium;
3255 4220 3467 4277 ibidem.

346 4378 776 4449 Reprehendens
804 4377 948 4432 enim
982 4392 1105 4441 nos,
1136 4391 1237 4430 cur
1260 4377 1573 4448 jejunemus
1599 4374 1877 4439 Sabbatis,
1906 4375 2047 4431 dicis
2074 4392 2087 4427 :
2116 4377 2327 4444 Quarta
2354 4387 2407 4434 et
2434 4384 2585 4433 sexta
2623 4377 2757 4447 feria
2784 4376 2988 4445 juqiter
3016 4377 3404 4447 jejunandum;
3433 4394 3539 4432 una

271 4484 491 4544 propter
519 4471 879 4534 traditionem,
909 4471 1080 4525 altera
1105 4480 1314 4539 propter
1344 4471 1640 4540 passionem
1670 4469 1915 4535 Domini;
1959 4469 2194 4526 Sabbato
2223 4482 2396 4527 autem
2439 4490 2727 4543 nunquam,
2769 4473 2874 4525 nisi
2898 4487 3022 4525 uno.
3064 4468 3130 4522 Et
3162 4470 3263 4524 hoc
3294 4486 3540 4525 asserere

272 4566 502 4624 conaris
531 4582 595 4621 ex
623 4564 951 4636 apocryphis
987 4564 1144 4618 libris
1174 4572 1226 4619 et
1248 4563 1577 4626 canonibus,
1629 4563 1747 4632 pari
1779 4563 2054 4617 sententia
2098 4572 2416 4619 sanctorum
2446 4564 2671 4620 Patrum
2713 4563 3036 4634 repudiatis.
3078 4562 3213 4615 Nam
3239 4561 3538 4618 Clementis

272 4660 420 4715 liber
445 4659 514 4723 ⁸⁸,
556 4658 609 4713 id
642 4666 727 4714 est
780 4656 1131 4711 ltinerarium
1171 4652 1321 4710 Petri
1374 4655 1648 4725 apostoli,
1699 4662 1751 4709 et
1776 4655 2033 4711 Canones
2092 4657 2467 4726 apostolorum
2533 4664 2897 4711 numerantur
2923 4654 3143 4709 “inter
3199 4656 3533 4726 apocrypha,

269 4750 526 4821 exceptis
562 4748 821 4819 capitulis
871 4747 1304 4815 quinquaginta,
1340 4761 1461 4815 quae
1508 4743 1871 4799 decreverunt
1911 4745 2118 4815 regulis
2162 4746 2484 4801 orthodoxis
2507 4747 2553 4779 "
2583 4746 2947 4816 adjungenda.
3001 4744 3158 4800 Unde
3188 4762 3287 4801 nos
3320 4762 3534 4817 quoque

271 4858 443 4899 omne
479 4840 830 4913 apocryphon
865 4839 911 4871 "
938 4837 1287 4909 abjicientes,
1319 4837 1682 4908 dedignamur
1714 4836 1907 4893 audire
1945 4851 2135 4893 eorum
2182 4837 2463 4896 fabulosus
2507 4839 2855 4905 traditiones,
2886 4839 3016 4911 quia
3060 4854 3168 4896 non
3200 4848 3329 4895 sunt
3364 4851 3422 4896 ut
3450 4842 3533 4897 lex

274 4932 520 4990 Domini.

347 5068 601 5141 Georgius
637 5067 927 5129 Cedrenus,
968 5065 1025 5119 in
1066 5061 1384 5134 Compendio
1425 5063 1830 5141 Historiarumi
1878 5065 2125 5141 editionis
2158 5065 2424 5141 Xylandri
2463 5082 2586 5137 pag.
2620 5068 2745 5132 175,
2813 5066 2911 5123 lin.
2946 5068 3040 5133 52,
3084 5079 3192 5126 etc.
3255 5070 3525 5127 Editionis

1447 5137 1603 5206 regia:
1636 5147 1764 5190 tom.
1802 5134 1853 5199 I,
1878 5151 2001 5204 pag.
2031 5136 2092 5190 2i
2112 5138 2158 5202 Ι,
2183 5134 2251 5201 Ᾱ,
2276 5146 2383 5192 etc.

341 5302 484 5375 Περὶ
494 5294 557 5355 οὗ
573 5303 632 5357 ὲν
640 5300 759 5364 ταῖς
768 5298 1150 5362 άποστολικαίς
1160 5296 1387 5361 Διατάξε
1394 5315 1477 5351 σιν
1488 5299 1516 5351 ὁ
1539 5298 1710 5368 μέγας
1730 5298 1857 5351 ἀπό-

271 5392 831 5467 πολοςΠὲτροςοῦτω
848 5392 1080 5462 φάσκει·
1111 5392 1180 5446 Ἡ
1196 5389 1263 5444 δὲ
1283 5390 1551 5459 καταρχὴ
1572 5390 1692 5444 τῶν
1702 5391 1856 5446 νέων

2032 5300 2227 5372 Deque
2246 5303 2297 5355 in
2311 5301 2424 5356 Con
2434 5302 2813 5358 stitutionibus
2828 5304 3146 5373 apostolicis
3163 5318 3389 5375 magnus
3406 5318 3529 5373 apo-

1962 5396 2139 5450 stolus
2169 5394 2366 5451 Petrus
2411 5395 2487 5449 ita
2515 5396 2778 5451 disserit:
2808 5396 3047 5451 Hazreses
3084 5413 3203 5450 vero
3239 5412 3386 5451 noua:
3425 5399 3531 5451 ini-

335 5619 380 5654 ⁵¹
408 5618 446 5675 f.
472 5622 803 5690 ὲπαφιεῖσιν.
869 5614 1182 5690 “_&;siye'o.
1213 5615 1419 5690 “_Cap.
1456 5618 1543 5690 l5.
1604 5617 1650 5649 “
1670 5618 1742 5690 al.
1759 5618 1871 5687 jeju

1980 5637 2006 5673 e
2030 5618 2343 5673 Sabbatum.
2394 5689 2397 5690 ν
2437 5620 2481 5651 ⁸⁸
2504 5618 2636 5690 Cap.
2667 5620 2757 5675 20.
2836 5622 2881 5653 “
2909 5623 2980 5675 al.
3032 5620 3362 5676 Dominicam
3395 5626 3525 5677 cele-

269 5688 535 5744 brandam
600 5687 677 5721 V"
716 5688 853 5758 Cap.
901 5688 995 5745 25.
1029 5689 1101 5720 ⁵⁷⁸
1144 5690 1215 5744 al.
1251 5688 1583 5743 Dominicam
1611 5687 1871 5743 celebrem

2019 5690 2064 5721 ’⁵⁸
2086 5691 2155 5743 al.
2184 5690 2314 5744 haec.
2388 5689 2432 5721 δ’
2460 5691 2531 5744 al.
2559 5687 2829 5746 manuum.
2906 5693 2952 5723 '°
2977 5692 3014 5746 ι.
3050 5701 3219 5747 sexto.
3297 5693 3411 5730 ⁸¹-⁵¹
3448 5696 3519 5747 al.

270 5762 534 5830 inquiunt.
608 5761 655 5793 ⁸³
681 5760 752 5815 al.
798 5757 1009 5815 librum.
1084 5758 1131 5793 "‘
1154 5759 1205 5814 al
1268 5774 1602 5814 nunteras‘ere
1698 5758 1743 5792 "
1769 5759 1819 5813 al
1878 5759 2219 5815 orthodoxiaz.
2298 5758 2343 5792 ⁸⁸
2365 5760 2433 5814 al.
2475 5778 2675 5817 omnem
2704 5762 3074 5833 apocrgphum.
