3896 6174
415 284 512 338 55!
1315 277 1369 334 S.
1405 277 1801 334 CLEMENTIS
1837 280 1850 332 l
1889 278 2055 336 R031.
2091 278 2558 374 PONT..OPERA
2593 280 2815 337 DUBIA.
3577 283 3683 338 532

415 401 548 450 tium
575 393 866 447 habuerunt
905 410 939 446 a
961 392 1176 448 Simone
1200 392 1391 464 Mago;
1449 395 1541 464 qui
1562 395 1722 465 factis
1749 396 1801 448 in
1828 393 1953 464 Syri

2142 395 2380 464 ῐρέσεων
2406 395 2652 464 γέγονεν
2698 396 2814 450 ἀπὸ
2859 395 3122 462 Σίμωνος
3167 394 3273 448 τοῦ
3321 393 3530 462 Μάγου
3555 412 3567 423 ·
3613 396 3680 460 ὃς

413 487 596 540 multis
635 485 885 539 absurdis
935 495 986 539 et
1031 486 1376 556 prodigiosis,
1427 487 1648 542 Romam
1689 487 1951 541 advenietu

2142 489 2197 541 at
2225 490 2297 542 ἐν
2331 489 2516 556 Συρίᾳ
2557 492 2758 542 πολλὰ
2799 487 3277 556 διαπραξάμενος
3319 487 3532 550 ἄτοπα,
3582 487 3680 540 καὶ

414 579 708 633 Ecclesiam
753 591 1064 648 magnopere
1101 581 1332 643 vexavit,
1373 597 1466 649 per
1495 580 1748 650 magiam.
1781 590 1831 635 et
1867 579 1952 633 dia

2143 599 2167 629 ν·
2195 581 2383 651 Ῥώμῃ
2402 583 2738 650 γενόμενος,
2762 581 2918 634 πολὺ
2942 579 3054 649 τὴν
3079 581 3435 647 Ἐκκλησίαν
3451 581 3681 633 ἐσκυλε

412 671 637 723 bolicam
676 673 1033 740 operationem
1072 689 1135 725 ac
1169 673 1434 742 peritiam.
1471 671 1615 725 Nam
1637 689 1757 726 cum
1791 673 1845 726 in
1873 671 1950 728 Ca

2141 675 2195 728 ιὰ
2231 675 2482 745 μαγείας
2517 674 2615 728 καὶ
2643 671 2984 740 διαϐολικῆς
3013 672 3313 741 ἐνεργείας
3353 671 3450 725 καὶ
3477 671 3679 740 ἐμπει-

409 775 566 814 sarea
599 761 870 818 Stratonis
907 764 1033 816 mihi
1073 763 1231 818 Petro
1281 765 1460 819 obvius
1511 764 1720 834 fuisset,
1757 765 1947 820 conabt

2144 767 2247 833 ίας.
2306 769 2399 820 Ἐν
2440 767 2556 836 μὲν
2581 767 2691 836 γὰρ
2721 765 3045 833 Καισαρείᾳ
3073 763 3149 834 τῇ
3179 763 3520 832 Στράτωνος
3549 761 3682 832 ἐμοὶ

410 859 518 918 tur,
551 861 659 910 etc.
685 854 808 910 Lib.
835 871 913 922 v1,
948 871 1000 912 c.
1023 856 1075 922 7,
1099 856 1155 922 8,
1181 872 1236 928 9.

2097 860 2297 930 Πέτρῳ
2324 859 2665 928 συντυχὼν,
2695 856 2987 926 ἐπειρᾶτο,
3017 865 3125 913 etc.

1015 1010 1187 1079 Idem,
1227 1012 1353 1069 edit.
1389 1013 1588 1079 Basil.,
1619 1032 1672 1083 p.
1699 1013 1824 1079 195,
1861 1015 1899 1071 ι.
1929 1029 2063 1082 XLII,
2085 1024 2196 1073 etc.
2225 1015 2349 1089 Reg.
2382 1020 2583 1082 tom.l,
2614 1034 2669 1087 p.
2693 1015 2818 1077 237,
2859 1015 2928 1082 D,
2960 1028 3068 1074 etc.

479 1169 552 1224 De
580 1169 779 1240 quibus
815 1185 948 1224 sane
977 1169 1143 1224 etiam
1186 1169 1243 1223 in
1273 1169 1591 1239 apostolicis
1620 1167 1985 1224 Constitutio-

2163 1171 2301 1243 Περὶ
2328 1167 2403 1225 ὧν
2433 1172 2614 1244 μέντοι
2663 1176 2764 1228 κάν
2802 1178 2923 1238 ταῖς
2964 1175 3346 1240 ἀποστολικαῖς
3389 1173 3680 1241 Διατάξεσί

406 1265 568 1320 nibus
617 1265 838 1320 divinus
894 1281 1075 1321 sermo
1127 1265 1246 1318 ait:
1287 1262 1415 1318 1am
1465 1281 1584 1318 vero
1625 1265 1821 1327 etiam,
1870 1273 1944 1318 ett

1727 1281 1821 1327 :m,
1870 1273 1982 1318 etc.
2093 1281 2257 1335 φησιν
2286 1267 2314 1318 ό
2342 1265 2485 1329 θεῖος
2512 1266 2669 1336 λόγος
2689 1284 2702 1297 ⁸
2739 1267 2882 1337 Ἤδη
2911 1269 2980 1322 δὲ
3007 1269 3124 1335 καὶ,
3160 1279 3265 1326 etc.

403 1357 521 1411 Lib.
553 1373 631 1424 v1,
663 1373 784 1430 cap.
811 1357 903 1425 22,
936 1358 1028 1426 20;
1059 1357 1156 1414 lib.
1182 1359 1234 1413 5.
1269 1373 1390 1428 cap.
1423 1357 1508 1412 l2.

945 1513 1118 1581 Idem,
1149 1514 1276 1570 edit.
1303 1515 1496 1584 prioris
1550 1530 1603 1583 p.
1628 1515 1756 1580 238,
1790 1514 1828 1570 ι.
1864 1531 1902 1578 ι,
1931 1524 2063 1580 etc.,
2089 1516 2395 1584 posterioris
2445 1521 2572 1567 tom.
2611 1511 2661 1577 I,
2684 1527 2739 1581 p.
2769 1511 2896 1582 289,
2925 1512 2991 1578 Β,
3023 1523 3130 1570 etc.

472 1655 538 1709 Et
573 1655 627 1710 in
658 1655 981 1726 apostolicis
1011 1653 1514 1710 Constitutionibus
1543 1653 1764 1710 divinus
1800 1667 1982 1713 sermo

2157 1654 2267 1708 Καὶ
2295 1654 2352 1705 ὲν
2379 1653 2502 1714 ταῖς
2531 1650 2915 1714 ἀποστολικαϊς
2943 1649 3259 1716 Δια-τάξεσιν
3282 1655 3309 1706 ό
3346 1653 3489 1717 θεῖος
3518 1654 3679 1723 λόγος

400 1749 473 1802 ita
505 1749 783 1819 loquitur:
810 1747 985 1802 Iudex
1018 1760 1192 1802 autem
1224 1764 1328 1801 non
1364 1747 1428 1799 sit
1453 1762 1798 1814 personarum
1831 1763 1938 1802 αισι

2141 1763 2260 1808 ιτως
2301 1743 2501 1814 φησίν·
2560 1745 2754 1796 Ἔστω
2800 1742 2869 1796 δὲ
2907 1745 2940 1797 ό
2982 1743 3188 1812 κριτὴς
3235 1745 3679 1817 ἁπροσωπόλη-

395 1851 598 1912 ptatur,
624 1850 734 1897 etc.
763 1840 884 1895 Lib.
913 1856 974 1903 ιι.
1007 1855 1130 1911 cap.
1158 1840 1213 1906 5,
1245 1840 1336 1906 '57,
1359 1839 1450 1904 42,
1481 1837 1535 1904 9,
1560 1838 1651 1896 49.
2093 1855 2263 1904 arae,
2293 1843 2400 1892 etc.

1140 1995 1376 2048 Joannes
1409 1991 1674 2059 Zonaras,
1717 1993 1788 2047 ad
1826 2010 2080 2048 canonem
2118 1991 2480 2063 apostolorum
2519 1993 2923 2062 sexagesimum.

469 2137 624 2193 Multi
670 2134 798 2190 libri
831 2133 899 2187 ab
929 2133 1112 2203 impiis
1140 2131 1457 2186 hominibus
1487 2127 1780 2186 adulterati
1818 2136 1969 2193 sunt,

2148 2126 2326 2181 Πολλά
2355 2126 2534 2199 βιϐλία
2574 2125 2725 2199 παρά
2769 2127 2878 2180 τῶν
2923 2127 3135 2181 ἀσεϐῶν
3183 2127 3542 2200 ἐνοθεύθησαν
3593 2135 3677 2196 είς

395 2230 452 2284 lu
502 2227 900 2297 simpliciorum
939 2226 1240 2296 perniciem
1285 2243 1300 2277 :
1356 2224 1500 2279 sicut
1557 2232 1612 2278 et
1658 2223 1933 2293 apostolic

2135 2221 2284 2291 ιάϐην
2328 2220 2437 2273 τῶν
2483 2219 2901 2292 ἁπλουστέρωνο
2953 2219 3141 2292 ὥσπερ
3189 2222 3284 2275 καὶ
3331 2222 3386 2274 αἱ
3435 2222 3527 2275 διὰ
3573 2224 3673 2276 τοῦ

393 2321 831 2377 Constitutiones
871 2318 1145 2388 episcOpis
1178 2317 1398 2386 scripta:
1433 2331 1530 2386 per
1561 2323 1816 2369 sanctum
1845 2312 1931 2371 Cle

2135 2314 2392 2386 λήμεντος
2437 2317 2733 2384 γραφεῖσαι
2787 2315 2899 2376 τοῖς
2944 2314 3262 2378 ἐπισκόποις
3307 2315 3673 2370 ἀποστολικαὶ

393 2422 654 2477 tuentem,
679 2428 802 2484 quat
834 2411 957 2466 ideo
988 2409 1250 2481 synodico
1284 2409 1502 2478 rejectm
1539 2417 1689 2464 sunt.

2128 2407 2362 2476 ιαταγαὶ,
2395 2407 2449 2460 αἳ
2482 2404 2757 2490 διὰυτοῦτο
2796 2406 2892 2460 καὶ
2923 2406 3214 2470 συνοδικῶς
3255 2406 3666 2480 ἀπεϐλήθησαν.

393 2553 528 2626 Lege
554 2552 815 2627 eumdem,
846 2550 1198 2627 ad__¢:_anonem
1230 2546 1985 2627 ultimum‘apostoloritm,let
2016 2543 2370 2627 adcanpnem
2405 2543 3202 2627 Laodicenum'sexagesimum.
3239 2544 3321 2598 Ea:
3352 2549 3468 2627 ejus
3501 2551 3670 2604 etiam

537 2624 746 2679 ineditis
777 2622 1030 2683 Scholiis,
1061 2620 1130 2674 ad
1159 2619 1436 2688 epistolam
1477 2613 1716 2688 [es'talem
1827 2615 2303 2688 Athanasii,_citat
2341 2614 2708 2688 istalacobus
2744 2613 3014 2688 Usserjus,
3051 2619 3107 2670 in
3139 2613 3515 2674 dissertatione

1129 2684 1198 2744 de
1227 2690 1438 2757 scriptis
1475 2686 1698 2759 Ignatii,
1741 2685 2030 2758 Polycarpi
2064 2697 2114 2741 et
2141 2685 2362 2740 Romani
2394 2684 2701 2752 Clementis,
2735 2701 2851 2752 cap.
2887 2685 2939 2741 7.

464 2851 778 2905 Dor-trinam
807 2863 937 2904 vero
963 2849 1360 2916 apostolorum,
1385 2847 1608 2916 quidam
1636 2845 1826 2902 dicunt
1849 2862 1972 2904 esse

2148 2848 2262 2920 Τὴν
2306 2847 2540 2920 Διδαχὴν
2577 2847 2636 2902 δὲ
2681 2845 2790 2900 τῶν
2837 2845 3177 2914 ἀποστόλων,
3225 2848 3369 2909 τινὲς
3410 2848 3668 2918 λέγουσιν

389 2942 828 2998 Constitutiones
867 2957 964 3012 per
999 2941 1337 2996 Clementem
1368 2941 1642 3010 scriptas;
1668 2953 1807 3010 quas
1850 2955 1922 3010 qu

2126 2958 2210 2992 ναι
2249 2939 2348 3004 τὰς
2381 2939 2470 2993 διὰ
2508 2939 2602 2992 τοῦ
2649 2939 2964 3010 Κλήμεντος
3008 2939 3309 3012 γραφείσας
3353 2942 3664 3009 Διατάξεις,

391 3044 544 3092 sexta
591 3035 798 3090 dicitur
844 3034 1091 3106 synodus
1144 3033 1246 3104 legi
1306 3048 1416 3088 non
1465 3033 1752 3103 permittit,
1797 3033 1929 3089 velu'

2130 3051 2141 3097 ῖ
2167 3034 2200 3104 ἠ
2229 3033 2494 3104 λεγομένη
2524 3032 2658 3103 ἕκτη
2686 3033 2900 3096 σύνοδος
2928 3031 3397 3101 ἀναγινώσκεσθαι
3427 3035 3489 3088 οὐ
3531 3052 3668 3104 συγ-

391 3129 727 3183 adulteratas
753 3135 808 3183 et
827 3135 1121 3198 corruptas
1157 3127 1228 3181 ab
1259 3125 1553 3183 haereticis.

2128 3128 2262 3196 ορεῖ,
2292 3125 2368 3188 ὡς
2395 3124 2741 3188 νοθευθείσας
2771 3124 2863 3178 καὶ
2892 3124 3343 3196 παραφθαρείσας
3371 3125 3477 3182 ὑπὸ
3505 3129 3666 3199 αἰρε-

2074 3233 2242 3270 τικων
2253 3254 2262 3265 .

387 3332 604 3387 Alexius
632 3332 920 3397 Aristinus,
959 3333 1015 3386 in
1039 3328 1264 3403 Synopsi
1293 3347 1608 3397 canonum;
1645 3347 1719 3406 ex?
1739 3331 1998 3406 Trullana
2029 3329 2624 3406 Constantinopolitano
2650 3332 2867 3404 synodo,
2904 3347 3050 3390 num.
3073 3331 3125 3400 7,
3150 3333 3491 3391 Bibliotheca!
3512 3337 3662 3406 juris

1531 3405 1772 3458 canonici
1803 3404 1986 3458 veteris
2013 3409 2144 3458 tam.
2183 3402 2209 3456 Ι
2220 3402 2271 3468 1,
2303 3419 2357 3473 p.
2381 3405 2509 3459 698.

458 3562 590 3629 Quas
621 3563 689 3618 ab
719 3562 1070 3620 heterodoxis
1113 3561 1306 3619 furtim
1340 3563 1549 3618 inserta
1579 3568 1709 3618 sunt
1745 3557 1968 3618 Consti-

2134 3564 2217 3619 Τά
2245 3564 2398 3639 παρὰ
2425 3567 2533 3620 τῶν
2561 3565 2884 3641 ἑτεροδόξων
2913 3567 3254 3640 χλοπιμαίως
3275 3566 3512 3640 ὲμὸεϐλη
3521 3569 3663 3640 μένα

386 3655 694 3710 tutionibus
725 3658 1100 3726 apostolorum
1134 3673 1230 3728 per
1257 3656 1595 3712 Clementem
1625 3654 1810 3720 editis,
1838 3670 1921 3708 SUI

2121 3661 2184 3722 ιῐς
2209 3658 2300 3712 διὰ
2327 3659 2644 3733 Κλήμεντος
2669 3659 2778 3716 τῶν
2806 3660 3119 3716 ἀποστόλων
3139 3660 3479 3729 Διατάξεσιν,
3512 3663 3659 3715 ἀπο-

387 3747 748 3816 repudianda.
784 3748 986 3802 Eadem
1025 3749 1179 3803 verba
1209 3756 1433 3818 usurpat
1465 3745 1678 3803 Simeon
1709 3744 1967 3818 Magister
2067 3753 2336 3823 κήρυκτα.

383 3849 435 3892 et
456 3837 764 3909 Logotheta,
789 3842 844 3895 in
867 3840 1109 3911 Epitome
1139 3857 1284 3906 can.,
1311 3840 1465 3906 ibid.,
1500 3856 1552 3911 p.
1581 3839 1704 3894 7&2.

388 3996 471 4052 Ea:
504 3997 738 4067 ejusdem
776 3998 1050 4067 scriptoris
1089 3997 1468 4063 mss.scholiis,
1498 3996 1838 4121 adicagonlem
1872 3995 2233 4119 qpostollorum
2263 3995 2542 4122 ultiigum,
2575 3997 2682 4051 ista
2717 3997 2848 4051 citat
2875 3993 3155 4066 Usserius,
3193 3999 3254 4056 in
3277 3997 3660 4059 dissertatione

1577 4084 1605 4121 e
1699 4109 1711 4120 .
1779 4083 1880 4122 ana
1908 4084 1980 4122 ιο.
2011 4081 2040 4121 ο
2069 4082 2145 4122 c..
2188 4081 2312 4122 can.
2419 4110 2431 4122 .

1577 4084 1605 4121 e
1653 4081 1711 4121 δ.
1747 4081 1980 4137 ισηαιιο,
2011 4081 2145 4132 etc.,
2188 4081 2312 4135 cap.
2345 4081 2431 4122 ιδ.

453 4198 744 4256 Secundus
785 4216 960 4256 canon
998 4202 1190 4274 synodi
1227 4209 1393 4257 sexta:
1422 4202 1476 4256 in
1507 4199 1698 4256 Trullo
1734 4199 1954 4264 habitae,

2146 4200 2204 4253 Ὀ
2231 4200 2481 4273 δεύτερος
2508 4201 2685 4255 κανὼν
2715 4202 2812 4273 τῆς
2840 4203 2897 4256 ὲν
2941 4202 3020 4274 τῷ
3057 4203 3310 4276 Τρούλλῳ
3353 4205 3656 4278 γενομένης

379 4295 604 4347 omnino
654 4295 834 4363 rejicit
889 4297 1055 4350 hasce
1113 4295 1592 4361 Constitutiones;
1668 4301 1917 4365 proptere

2117 4309 2231 4363 ιτης
2269 4293 2488 4347 συνόδου
2509 4336 2523 4359 ,
2573 4293 2851 4358 παντελῶς
2879 4295 3240 4350 ἀποϐάλλεται
3268 4297 3367 4361 τὰς
3393 4299 3655 4364 τοιαύτας

375 4389 522 4457 quod
565 4389 633 4443 iis
677 4389 940 4442 nonnulla
984 4388 1051 4442 ab
1091 4387 1440 4443 beterodoxis
1493 4386 1708 4458 adjecta
1751 4386 1912 4442 fuerit

2117 4389 2324 4456 αταγάς
2341 4387 2387 4419 ⁸⁷
2433 4386 2522 4440 διὰ
2565 4386 2627 4440 τὸ
2673 4388 2731 4440 ὲν
2775 4387 2968 4452 αὑταῖς
3013 4389 3119 4442 ὑπὸ
3166 4389 3275 4442 τῶν
3324 4391 3653 4462 ἑτεροδόξων

375 4482 705 4547 adulterina,
745 4489 800 4536 et
831 4481 1006 4536 aliena
1037 4495 1068 4534 a
1095 4481 1316 4551 pietate.

2052 4479 2414 4550 προστεθῆναι
2440 4496 2562 4534 τινα
2588 4479 2719 4534 νόθα
2748 4481 2841 4534 καὶ
2871 4480 2997 4547 ξένα
3021 4481 3121 4553 τῆς
3147 4481 3446 4546 εὐσεϐείας.

411 4645 792 4702 Constantinus
826 4643 1252 4714 llarmenopulus
1277 4683 1292 4709 ,
1333 4643 1386 4696 in
1420 4640 1660 4712 Epitome
1695 4657 1958 4696 canonum
1982 4680 1999 4707 ,
2037 4651 2163 4698 sect.
2201 4643 2256 4707 2,
2302 4644 2386 4699 tit.
2419 4644 2474 4710 4,
2519 4653 2645 4700 tom.
2674 4645 2701 4699 1
2723 4644 2875 4701 Iuris
2905 4644 3367 4713 Gnaeo-Romani,
3407 4665 3462 4718 p.
3487 4647 3585 4708 28.

443 4783 501 4838 In
534 4785 674 4838 libro
705 4784 797 4854 qui
821 4782 1024 4836 dicitur
1054 4789 1370 4836 sanctorum
1403 4779 1776 4849 apostolorum
1807 4777 1951 4832 Con-

2139 4780 2224 4833 Ἐν
2267 4783 2388 4843 ταῖς
2417 4780 2736 4852 λεγομέναις
2761 4785 2868 4836 τῶν
2899 4784 3069 4852 ἁγίων
3101 4784 3413 4839 ἀποστόλων
3443 4791 3648 4844 Διατά-

375 4877 712 4939 stitutiones,
749 4877 860 4928 hare
892 4876 1094 4929 tradita
1126 4881 1254 4928 sunt
1282 4893 1293 4927 :
1322 4873 1641 4925 Diaconissa
1687 4870 1820 4924 nihil
1861 4887 1913 4924 ea

2119 4889 2189 4938 σι,
2233 4870 2403 4924 ταῦτα
2443 4873 2786 4945 διείληπται·
2817 4877 3184 4930 Διακόνισσα
3236 4877 3419 4932 οὐδὲν
3456 4873 3550 4934 ὧν
3593 4887 3648 4938 οἱ

375 4985 492 5023 rum
517 4985 632 5039 qua:
653 4968 961 5038 presbyteri,
985 4976 1118 5033 etc.,
1139 4966 1233 5020 lib.
1262 4981 1382 5033 vni,
1411 4982 1529 5035 cap.
1561 4964 1653 5020 28.

1058 4983 1118 5033 :.,
1139 4966 1233 5020 lib.
1262 4981 1382 5033 vm,
1411 4982 1529 5035 cap.
1561 4964 1653 5020 28.
2054 4965 2464 5034 πρεσϐύτεροι,
2489 4976 2596 5022 etc.

1113 5141 1414 5196 Theodorus
1451 5140 1770 5206 Balsamon,
1811 5141 1880 5194 ad
1919 5158 2170 5198 canonem
2206 5148 2568 5215 apostolorum
2607 5145 2877 5203 ultimum.

441 5303 520 5358 Tu
555 5314 737 5358 autem
783 5304 949 5369 scias,
995 5303 1141 5373 quod
1177 5304 1303 5357 licet
1332 5303 1423 5357 hic
1456 5302 1722 5373 scriptum
1757 5302 1850 5367 sit,
1887 5311 1946 5357 ut

2123 5309 2196 5361 Σὺ
2226 5307 2283 5360 δὲ
2313 5308 2549 5376 γίνωσκε
2581 5308 2657 5372 ὡς
2683 5311 2731 5363 εί
2759 5309 2853 5362 καὶ
2880 5309 3190 5384 γέγραπται
3229 5311 3476 5364 ἐνταυθοί
3507 5312 3641 5364 ἀνα-

369 5397 612 5467 legamus
649 5396 950 5452 Clementis
977 5395 1440 5460 Constitutiones,
1481 5396 1575 5452 sed
1618 5410 1727 5450 non
1761 5394 1907 5449 divul

2102 5397 2340 5453 ινὼσκειν
2377 5400 2525 5471 ἡμᾶς
2553 5400 2650 5464 τὰς
2680 5403 2952 5471 Διαταγὰς
2978 5402 3072 5455 τοῦ
3112 5403 3449 5473 Κλήμεντος,
3500 5419 3640 5478 πλην

371 5504 593 5557 gemus;
639 5497 881 5544 attamen
946 5489 1225 5543 secundus
1275 5503 1456 5544 canon
1519 5499 1684 5543 sexta:
1747 5488 1909 5557 synod

2092 5493 2129 5564 ὴ
2157 5491 2500 5564 δημοσιεύειν
2529 5492 2718 5564 αὑτὰς,
2751 5495 2864 5548 ἀλλ’
2904 5497 2932 5549 ὁ
2973 5495 3016 5567 β’
3065 5496 3241 5550 κανὼν
3265 5495 3373 5567 τῆς
3421 5503 3476 5562 ς’
3515 5512 3630 5552 aw-

442 5689 486 5720 ⁸⁷
518 5689 652 5746 Cod.
679 5688 744 5745 Β.
779 5691 940 5754 2418,
980 5687 1267 5756 διατάξεις.
