3896 6174
420 288 524 343 55η

1236 283 1322 353 ,5.
1365 277 1760 338 CLEIENTIS
1794 276 1813 330 ι
1847 275 2012 330 ΒΟΜ.
2048 272 2248 329 ΡΟΝΤ.
2290 268 2519 325 ΟΡΕΙΚΑ
2559 266 2784 323 υυιιιΑ.

3568 262 3683 318 560

419 414 472 457 et
507 416 627 473 quze
649 398 741 455 Dei
772 400 1036 455 voluntati
1070 397 1295 454 adversa
1323 406 1451 454 sunt
1492 396 1693 460 faciat;
1736 393 1825 450 ille
1854 406 1916 444 ac
1941 390 1986 445 si
2017 437 2023 450 .

2124 384 2327 456 αδιὼκῃ
2359 383 2454 436 καὶ
2488 382 2555 435 τὰ
2583 380 2801 434 ἐναντία
2829 378 2908 450 τῷ
2936 376 3203 455 θελήματι
3227 373 3320 430 τοῦ
3358 373 3494 428 Θεοῦ
3530 381 3686 448 ποιῇ,

419 510 482 547 ex
514 498 675 564 gente
706 490 892 562 iniqua
922 495 1093 555 esset,
1123 503 1153 542 a
1178 487 1289 544 Deo
1323 487 1685 560 reputabitur.

938 667 1163 725 CAPUT
1199 667 1491 725 PRIMUM.

1034 759 1115 815 De
1148 761 1399 815 avaritia.

499 852 777 908 Abstinete
804 852 971 922 igitur
998 851 1068 907 ab
1109 852 1258 907 omni
1305 851 1535 906 avaritia
1576 859 1631 905 et
1679 848 1992 919 injustitia:

422 943 623 997 etenim
657 942 713 999 in
735 943 852 1015 lege
895 943 1157 1013 scriptum
1198 951 1329 1000 est:
1385 962 1404 995 ι
1460 941 1580 998 Non
1638 942 1997 1013 concupisces

423 1049 647 1091 uxorem
704 1036 939 1107 proximi
1006 1036 1124 1101 tui,
1175 1050 1351 1107 neque
1401 1051 1591 1108 agrum
1632 1036 1782 1107 'ejus,
1823 1050 1999 1106 neque

423 1142 641 1181 servum
690 1127 832 1196 ejus,
881 1142 1059 1198 neque
1110 1127 1365 1183 ancillam
1398 1129 1539 1199 ejus,
1588 1144 1766 1200 neque
1805 1129 1998 1185 bovem

422 1219 565 1286 ejus,
598 1233 774 1289 neque
800 1219 1084 1291 subjugale
1109 1220 1249 1290 ejus,
1273 1234 1375 1277 nec
1400 1234 1740 1293 quaecunque
1764 1223 2000 1293 proximi

423 1309 501 1364 tui
534 1319 661 1365 sunt
686 1309 771 1375 ⁷³ς
826 1328 847 1363 ι
892 1312 1021 1381 quia
1062 1311 1243 1367 omnis
1275 1310 1472 1366 horum
1501 1311 1774 1384 cupiditas
1803 1328 1834 1367 a
1856 1314 2001 1369 malo

420 1409 525 1457 est.
559 1401 661 1468 Qui
706 1403 850 1458 enim
894 1418 1140 1468 uxorem,
1183 1413 1276 1457 aut
1313 1419 1555 1470 servum,
1602 1411 1698 1459 aut
1740 1406 1997 1461 ancillam

421 1493 655 1563 proximi
696 1495 1074 1565 concupiscit;
1102 1495 1215 1565 jam
1238 1504 1420 1552 mente
1443 1496 1659 1553 adulter
1688 1512 1753 1553 ac
1776 1498 1861 1553 fur
1880 1508 2000 1565 est;

422 1585 529 1641 nisi
561 1586 870 1657 resipiscat,
895 1589 1177 1658 judicatus
1206 1596 1292 1645 est
1317 1602 1348 1644 a
1379 1588 1608 1647 Domino
1636 1601 1829 1650 nostro
1869 1593 2000 1652 Jesu

424 1677 687 1744 Christo;
720 1692 817 1748 per
842 1694 1002 1749 quem
1035 1679 1144 1736 Deo
1190 1681 1383 1752 gloria,
1428 1682 1485 1737 in
1536 1686 1756 1740 saecula.
1802 1686 1995 1743 Amen.

2095 478 2172 540 ὠς
2202 474 2519 547 παράνομον
2575 473 2747 537 ἔθνος,
2786 470 2864 543 τῷ
2909 469 3029 542 Θεῷ
3078 470 3108 523 6
3150 467 3388 533 τοιοῦτος
3429 468 3691 538 λογισθήο

2099 586 2273 622 σεται.

2624 654 3018 712 ΚΕΦΑΛΔῙΟΝ
3059 656 3136 707 Α’.

2621 748 2759 816 Περὶ
2784 745 3161 811 πλεονεξίας.

2184 842 2475 914 Ἀπέχεσθε
2504 838 2597 896 οὖν
2625 839 2806 911 πάσης
2838 836 3148 903 πλεονεξίας
3180 841 3276 893 κα).
3310 836 3521 900 ἀδικίας
3542 853 3556 866 ⁶
3590 837 3691 892 καὶ

2098 936 2207 1008 γάρ
2235 936 2293 989 ἐν
2320 934 2398 1005 τῷ
2417 933 2565 1005 νόμῳ
2596 932 2903 1003 γέγραπται
2934 947 2947 960 ·
2999 947 3019 983 ι
3072 930 3186 983 Οὑκ
3222 928 3577 1001 ἐπιθυμήσεις
3608 930 3689 1002 (9)

2097 1027 2197 1100 τὴν
2224 1030 2456 1097 γυναῖκα
2483 1023 2575 1080 τοῦ
2609 1024 2842 1097 πλησίον
2874 1038 2987 1087 σου,
3022 1021 3143 1076 ούδέ
3168 1020 3259 1076 τὸν
3299 1019 3467 1092 ἀγρὸν
3493 1022 3689 1086 αὑτοῦ,

2101 1119 2223 1173 οὑδὲ
2249 1118 2341 1172 τὸν
2362 1117 2525 1171 παῖδα
2546 1115 2732 1179 αὑτοῦ,
2752 1113 2875 1168 οὔτε
2894 1113 2991 1184 τὴν
3020 1112 3311 1184 παιδίσκην
3341 1111 3529 1175 αὑτοῦ,
3561 1114 3690 1167 οὕτε

2099 1211 2191 1265 τὸν
2222 1210 2347 1282 βοῦν
2376 1208 2563 1269 αὑτοῦ,
2594 1207 2717 1262 οὔτε
2745 1206 2805 1259 τὸ
2851 1204 3147 1274 ὑποζύγιον
3186 1202 3374 1267 αὑτοῦ,
3416 1203 3540 1257 οὔτε
3586 1206 3691 1260 ὅσα

2100 1300 2196 1355 τοῦ
2227 1301 2456 1374 πλησίον
2488 1317 2578 1353 σου
2607 1299 2775 1352 ἐστίν·
2808 1317 2826 1350 ι
2861 1297 2994 1367 ὅτιή
3026 1297 3175 1349 πᾶσα
3200 1294 3402 1349 τούτων
3422 1296 3691 1367 ἐπιθυμία

2103 1395 2169 1448 ἐκ
2196 1392 2290 1447 τοῦ
2321 1392 2559 1463 πονηροῦ
2591 1391 2844 1463 ὑπάρχει.
2880 1391 2937 1443 ’0
2970 1388 3077 1459 γὰρ
3110 1387 3450 1459 ἐπιθυμήσας
3469 1386 3567 1457 τὴν
3592 1402 3693 1453 γυ·-

2102 1488 2285 1548 ναῖκα,
2332 1485 2366 1557 ἢ
2411 1484 2501 1537 τὸν
2548 1484 2733 1545 παῖδα,
2779 1482 2811 1553 ἢ
2856 1480 2954 1553 τὴν
2998 1480 3285 1551 παιδίσκην
3313 1478 3405 1531 τοῦ
3437 1479 3689 1549 πλησίον,

2102 1577 2202 1650 ἥδη
2236 1576 2377 1631 κατά
2395 1576 2628 1629 διάνοιαν
2659 1574 2844 1646 μοιχὸς
2872 1574 2965 1627 καὶ
2997 1572 3233 1643 κλέπτης
3252 1572 3415 1625 ἐστίν.
3458 1572 3584 1624 Ἐἀν
3612 1570 3692 1644 μὴ

2108 1669 2377 1741 μεταγνῷ,
2409 1670 2656 1739 κέκριται
2688 1668 2795 1739 (l0)
2826 1667 2930 1721 ὑπὸ
2956 1665 3050 1719 τοῦ
3083 1664 3453 1737 Κυρίουήμῶν
3512 1663 3692 1745 Ἰτεοῦ

425 1763 484 1820 In
513 1746 803 1839 Evangelio
834 1746 1123 1839 siquidem,
1156 1746 1427 1842 remlens,
1468 1774 1692 1832 ﬁrmans
1728 1787 1783 1833 et
1822 1778 1997 1834 adim-

2120 1760 2358 1834 (ριστοῦ,
2386 1760 2449 1814 δι’
2472 1753 2532 1814 οῦ
2555 1760 2663 1832 (11)
2684 1762 2716 1831 ἡ
2739 1757 2863 1824 δόξα
2882 1757 3087 1829 τῷΘεῷ
3106 1756 3215 1829 (1‘2)
3236 1758 3447 1821 εἱςτοὺς
3464 1755 3693 1819 αἰῶνας.

425 1857 580 1925 plens
604 1858 735 1928 legis
751 1858 1096 1931 Decalogum,
1123 1864 1197 1917 ait
1228 1883 1241 1919 :
1280 1882 1300 1915 ι
1336 1864 1475 1932 Quia
1504 1865 1559 1920 in
1592 1868 1706 1937 lege
1734 1870 1997 1941 scriptum

424 1952 549 2002 est:
582 1946 700 2003 Non
731 1952 1131 2019 mcechaberis;
1164 1969 1266 2026 ego
1294 1966 1476 2012 autem
1506 1959 1630 2015 dico
1666 1961 1821 2017 vobis
1851 1962 1898 1995 "
1932 1982 1944 2018 :
1976 1983 1995 2016 ι

426 2038 480 2090 id
505 2048 613 2101 est,
665 2041 775 2111 Ego
806 2057 903 2111 per
940 2043 1127 2100 Mosen
1163 2046 1219 2101 in
1250 2049 1366 2119 lege
1403 2050 1618 2107 locutus
1647 2068 1806 2120 sum;
1854 2070 2001 2111 nunc

426 2143 559 2186 vero
590 2131 730 2187 idem
756 2134 874 2205 ipse
903 2136 1028 2192 dico
1066 2137 1224 2195 vobis
1264 2160 1276 2195 :
1341 2159 1359 2193 ι
1400 2142 1724 2216 Quicunque
1774 2162 2000 2218 aspexe—

426 2219 502 2273 rit
528 2234 752 2277 uxorem
782 2224 1014 2293 proximi
1040 2226 1108 2282 ad
1153 2230 1647 2301 concupiscendum
1700 2251 1842 2301 eam,
1886 2238 1999 2307 jam

428 2312 733 2367 moechatus
769 2322 854 2368 est
882 2329 1001 2371 eam
1032 2316 1087 2370 in
1135 2319 1300 2375 corde
1345 2337 1484 2387 suo;
1551 2344 1569 2377 ι
1618 2325 1706 2380 hic
1738 2328 1831 2397 qui
1868 2344 2002 2383 con-

429 2400 658 2469 cupivit,
712 2403 882 2458 animi
913 2405 1126 2462 adulter
1150 2408 1425 2478 judicatus
1465 2426 1567 2469 est.
1615 2417 1718 2483 Qui
1744 2435 1873 2475 vero
1900 2421 1998 2477 bo—

429 2506 549 2544 vem
572 2502 667 2547 aut
694 2495 909 2549 asinum
930 2498 1102 2567 cupit,
1138 2515 1319 2557 nonne
1361 2506 1562 2576 cogitat
1594 2507 1782 2575 furari,
1821 2519 1874 2565 et
1903 2529 2001 2569 sua

431 2581 632 2645 facere,
663 2591 717 2639 et
744 2586 1054 2644 abducere?
1081 2589 1294 2648 Rursus
1316 2598 1406 2666 qui
1445 2612 1633 2668 agrum
1675 2603 1898 2672 appetit,
1949 2612 2003 2660 et

432 2674 487 2728 in
520 2690 586 2730 eo
630 2676 824 2731 aﬂ‘ectu
856 2691 1201 2749 perseverat,
1234 2701 1416 2743 nonne
1441 2690 1672 2759 maligne
1692 2691 1744 2746 id
1781 2693 1911 2764 agit,
1945 2702 2003 2748 ut

434 2766 702 2824 terminos
725 2772 837 2840 agri
869 2775 1184 2843 scalpendo,
1208 2788 1365 2849 cogat
1410 2794 1806 2850 possessorem,
1852 2786 2003 2841 nullo

434 2856 538 2911 sibi
563 2860 734 2927 pretio
773 2862 1029 2920 tradere?
1072 2865 1213 2921 Dicit
1260 2871 1404 2924 enim
1447 2871 1645 2927 alicubi
1690 2876 1951 2945 propheta
1986 2896 1998 2932 :

439 2964 460 2999 ι
511 2947 604 3004 Vae
639 2953 729 3021 qui
759 2953 1062 3026 adjungunt
1097 2957 1317 3014 domum
1349 2962 1416 3015 ad
1442 2963 1683 3028 domum,
1717 2974 1772 3019 et
1812 2982 2000 3037 agrum

2115 1854 2306 1925 Ἀμήν.
2339 1854 2499 1920 Λέγει
2534 1852 2643 1924 γὰρ
2672 1852 2729 1906 ἐν
2769 1850 2847 1922 τῷ
2894 1849 3228 1920 Εὐαγγελίῳ,
3271 1846 3695 1917 ἀνακεφαλαιοὰ

2105 1962 2262 2017 μενος
2299 1945 2394 1999 καὶ
2423 1943 2693 2015 στηρίζων
2740 1944 2835 1997 καὶ
2866 1942 3087 2014 πληρῶν
3114 1942 3212 2012 τὴν
3252 1939 3549 2007 Δεκάλογον
3594 1938 3694 1992 τοῦ

2101 2037 2263 2109 νόμου
2283 2053 2295 2066 ·
2319 2057 2336 2088 ι
2361 2036 2481 2091 Ὀτι
2511 2038 2568 2090 ἐν
2603 2034 2681 2107 τῷ
2708 2035 2857 2120 νόει-ῳ
2884 2033 3210 2111 γαραπται·
3245 2032 3319 2085 Οὑ
3352 2031 3658 2103 μοιχεύσεις
3676 2049 3689 2059 ·

2102 2129 2213 2198 ἐγὼ
2241 2129 2297 2183 δὲ
2323 2128 2465 2197 λέγω
2497 2129 2624 2199 ὑμῖν
2649 2144 2661 2157 ·
2705 2147 2721 2178 ι
2757 2126 3051 2188 τουτέστιν,
3092 2127 3149 2178 ἐν
3177 2124 3254 2195 τῷ
3274 2124 3420 2195 νόμῳ
3447 2124 3537 2177 διά
3564 2126 3695 2177 Μω-

2106 2221 2246 2284 σέως
2270 2219 2381 2289 ἐγὼ
2408 2219 2666 2291 ἐλάλησα,
2716 2217 2811 2271 νῦν
2830 2218 2887 2271 δὲ
2915 2219 2943 2270 6
2978 2217 3139 2280 αὐτὸς
3167 2217 3296 2288 ὑμῖν
3324 2215 3467 2282 λέγω
3484 2232 3499 2246 ⁵
3531 2234 3550 2267 ι
3578 2216 3697 2280 Πᾶς

2103 2313 2251 2377 ὅστις
2283 2311 2537 2383 ἐμϐλέψει
2568 2313 2647 2375 είς
2673 2310 2769 2381 τὴν
2798 2311 3030 2379 γυναῖκα
3056 2306 3149 2361 τοῦ
3199 2307 3425 2378 πλησίον
3467 2307 3605 2379 πρὸς
3636 2307 3698 2361 τὸ

2104 2405 2441 2476 ἐπιθυμῆσαι
2472 2402 2662 2475 αὐτὴν,
2692 2404 2792 2474 ἤδη
2826 2402 3141 2473 ἐμοίχευσεν
3183 2399 3352 2472 αὑτὴν
3384 2400 3444 2453 ἐν
3472 2403 3540 2470 τῇ
3562 2418 3696 2471 καρ-

2103 2496 2191 2567 δίᾳ
2210 2494 2413 2549 αὐτοῦ’
2458 2514 2475 2547 ι
2526 2488 2682 2558 οὗτος
2725 2493 2919 2565 ἐκρίθη
2978 2492 3164 2564 μοιχὸς
3216 2492 3338 2545 κατ’
3384 2491 3620 2553 ἔννοιαν,
3665 2492 3695 2544 6

2104 2586 2468 2657 ἐπιθυμήσας.
2516 2587 2573 2639 Ὀ
2603 2585 2657 2639 δὲ
2686 2585 2777 2639 τὸν
2810 2583 2935 2655 βοῦν
2963 2583 2995 2655 ἦ
3023 2583 3114 2636 τὸν
3161 2583 3279 2636 ὑνον
3324 2581 3696 2653 ἐπιθυμήσας,

2104 2680 2204 2732 οὑκ
2234 2678 2326 2731 ἐπί
2361 2678 2440 2749 τῷ
2483 2676 2698 2746 κλέψαι,
2741 2677 2838 2729 καὶ
2880 2673 3329 2746 ίδιοποιήσασθαι,
3364 2673 3397 2745 ἢ
3430 2674 3527 2726 καὶ
3555 2675 3699 2727 άπα-

2106 2774 2295 2839 γαγεῖν
2322 2768 2462 2823 αὑτὰ
2488 2770 2809 2833 διανοεῖται;
2839 2768 2872 2839 ἢ
2914 2767 2943 2820 6
2983 2766 3075 2819 τὸν
3112 2764 3281 2837 ἀγρὸν
3318 2764 3480 2819 πάλιν
3515 2764 3704 2818 ἐπιθυ-

2110 2866 2309 2935 μήσας,
2340 2864 2434 2917 καὶ
2476 2863 2763 2933 ἐπιμείνας
2803 2862 2869 2931 τῇ
2916 2858 3091 2929 τοιᾷδε
3130 2856 3386 2921 διαθέσει,
3437 2858 3501 2911 ού
3534 2875 3704 2931 πονη-

2110 2953 2357 3025 ρεύεται,
2406 2954 2555 3017 ὅπως
2601 2951 2984 3025 όρογλυφήσας
3027 2948 3315 3021 ἀναγκάσῃ
3358 2948 3450 3001 τὸν
3505 2948 3703 3021 ἔχοντα

434 3052 569 3137 agro
599 3046 941 3108 continuant,
973 3055 1030 3101 ut
1056 3049 1257 3120 aliquid
1307 3054 1539 3119 proximi
1567 3056 1817 3111 auferant
1846 3059 1893 3090 "
1925 3079 1937 3113 :
1979 3078 1996 3110 ι

2120 3044 2200 3098 τοῦ
2234 3044 2456 3116 μηδενὸς
2486 3043 2779 3097 ἀποδόσθαι
2821 3040 3008 3113 aria-ip;
3040 3040 3175 3112 φησὶ¹
3217 3040 3325 3112 γάρ
3366 3056 3468 3093 που
3498 3041 3529 3093 6
3567 3058 3704 3114 προ-

437 3128 643 3195 iilcirco
665 3134 785 3189 ait:
833 3155 852 3189 ι
904 3136 1157 3209 Nunquid
1207 3140 1526 3199 habitabilis
1573 3145 1674 3200 soli
1717 3146 1771 3200 in
1827 3149 2006 3202 terra?

436 3222 633 3278 Audita
678 3242 911 3299 namque
951 3241 1079 3286 sunt
1129 3233 1242 3288 hrec
1274 3235 1328 3289 in
1367 3236 1594 3293 auribus
1631 3236 1845 3293 Domini
1905 3239 2004 3294 Sa-

438 3314 601 3370 baoth
640 3317 705 3371 ".
750 3339 769 3371 ι
802 3319 867 3374 Ει
897 3321 1005 3375 alio
1035 3324 1088 3377 in
1120 3324 1238 3380 loco
1265 3345 1279 3382 :
1314 3344 1333 3377 ι
1366 3326 1683 3385 Maledictus
1707 3331 1799 3401 qui
1830 3337 2009 3388 trans-

437 3405 543 3461 fert
566 3411 829 3466 terminos
857 3414 1090 3482 proximi
1121 3417 1204 3472 sui
1230 3436 1244 3485 ;
1275 3428 1327 3472 et
1357 3419 1502 3475 dicet
1531 3422 1710 3477 onmis
1740 3424 2004 3493 populus:

439 3494 580 3553 Fiat.
621 3518 639 3550 ι
669 3498 823 3557 Unde
851 3510 905 3557 et
935 3503 1109 3561 Moses
1130 3507 1245 3562 ait:
1280 3528 1299 3562 ι
1345 3508 1463 3564 Non
1504 3514 1901 3570 transmOVebis
1946 3515 2009 3569 fi-

438 3604 539 3642 nes
568 3592 798 3659 proximi
831 3594 931 3658 tui,
963 3610 1101 3665 quos
1131 3604 1313 3667 patres
1355 3600 1433 3653 tui
1466 3612 1765 3670 posuerunt
1793 3603 1861 3658 ".
1889 3622 1907 3655 ι
1928 3599 2010 3658 Ob

441 3682 581 3734 hanc
640 3682 806 3753 igitur
866 3701 1086 3742 causam
1148 3689 1406 3753 timores,
1470 3700 1695 3755 mortes,
1757 3694 2006 3765 judicia,

440 3770 821 3828 damnationes
875 3773 1189 3830 hominibus
1232 3776 1544 3845 hujusmodi
1603 3779 1865 3836 divinitus
1907 3781 2010 3835 im-

443 3859 711 3928 pendent;
755 3862 823 3919 iis
852 3872 1031 3919 autem
1061 3865 1153 3936 qui
1194 3864 1304 3921 Deo
1330 3867 1612 3931 obediunt,
1644 3885 1749 3922 una
1777 3870 1889 3924 hmo
1923 3872 2007 3925 lex

442 3950 536 4005 Dei
571 3953 822 4024 simplex,
849 3971 975 4009 vera
999 3972 1064 4012 ac
1087 3959 1207 4013 viva
1240 3958 1403 4012 insita
1426 3968 1509 4013 est
1537 3981 1548 4016 :
1575 3979 1593 4013 ι
1629 3960 1785 4029 Quod
1809 3962 1879 4018 ab
1903 3963 2010 4020 alio

441 4040 627 4097 oderis
663 4045 759 4101 tibi
804 4047 939 4111 fieri,
981 4057 1035 4102 tu
1085 4049 1242 4105 alteri
1287 4066 1356 4105 ne
1386 4049 1581 4107 feceris
1622 4054 1690 4108 '°.
1727 4073 1746 4107 ι
1776 4052 1898 4109 Non
1931 4055 2013 4112 vis

444 4143 506 4188 ut
532 4135 673 4190 alius
710 4151 934 4194 uxorem
979 4147 1125 4194 tuam
1168 4141 1420 4211 nequiter
1461 4141 1528 4196 ad
1582 4150 1828 4213 stuprum
1871 4144 2013 4215 aspi-

440 4226 573 4289 ciat,
614 4241 790 4298 neque
827 4229 942 4299 ipse
975 4231 1027 4284 in
1046 4247 1268 4287 uxorem
1294 4234 1526 4302 proximi
1552 4234 1627 4287 tui
1657 4234 1875 4289 oculum
1909 4235 2011 4289 im-

534 4362 581 4394 "
617 4362 785 4421 Exod.
822 4384 913 4431 xx,
951 4370 1032 4421 t'i.

448 4449 521 4498 ιν,
550 4434 639 4488 16.

1149 4371 1197 4401 ἰ
1238 4369 1427 4425 Matth.
1464 4389 1515 4435 v,
1546 4372 1643 4437 27.,
1714 4374 1761 4405 "
1802 4374 1904 4429 lsa.
1945 4394 1995 4440 ν,
2042 4378 2096 4433 8.

2110 3138 2286 3209 φήτης
2313 3137 2422 3209 (15)
2443 3153 2455 3167 ’
2486 3154 2505 3189 ι
2534 3136 2671 3190 Οὐαὶ
2688 3136 2740 3189 οἱ
2762 3134 3117 3197 συνάπτοντες
3136 3134 3312 3186 οἰκίαν
3339 3132 3479 3203 πρὸς
3497 3135 3703 3197 οἰκίαν,

2109 3229 2202 3283 καὶ
2233 3229 2399 3300 ἀγρὸν
2431 3227 2568 3300 πρὸς
2614 3227 2783 3298 ἀγρὸν
2828 3227 3156 3296 ἐγγίζοντες,
3202 3226 3287 3278 ἵνα
3326 3223 3422 3278 τοῦ
3471 3224 3707 3294 πλησίον

2109 3321 2417 3391 ἀφέλωνται
2446 3337 2534 3373 τι·
2576 3339 2594 3371 ι
2638 3320 2717 3374 διὸ
2744 3320 2924 3388 λέγει’
2956 3338 2973 3369 ι
3012 3317 3103 3389 Μὴ
3130 3317 3390 3389 οίκήσητε
3424 3315 3581 3387 μόνοι
3612 3317 3705 3370 ἐπὶ

2108 3412 2208 3483 τῆς
2254 3413 2391 3482 γῆςς
2439 3411 2680 3483 ἠκούσθη
2727 3412 2834 3482 γὰρ
2864 3412 2942 3475 εἰς
2975 3409 3044 3464 τὰ
3086 3402 3201 3462 ὦτα
3229 3408 3435 3480 Κυρίου
3471 3407 3703 3462 Σαϐαὼθ

2110 3502 2302 3556 ταῦτα.
2344 3522 2362 3553 ι
2396 3504 2507 3556 Καὶ
2533 3501 2765 3577 ἀλλαχοῦ
2790 3520 2803 3532 ·
2843 3521 2863 3553 ι
2927 3502 3358 3572 Ἐπικατάρατος
3401 3502 3431 3553 6
3480 3519 3703 3572 μετατι-

2111 3596 2223 3658 θεὶς
2268 3596 2389 3667 ὅρια
2435 3592 2527 3667 τοῦ
2578 3594 2804 3664 πλησίον
2848 3591 3035 3654 αὑτοῦ,
3082 3592 3177 3646 καὶ
3218 3593 3332 3663 ἐρεῖ
3360 3593 3469 3655 πᾶς
3494 3593 3526 3643 6
3557 3593 3705 3657 λαὸς,

2108 3658 2333 3755 γένοιτό.
2360 3706 2377 3737 ι
2411 3658 2500 3739 Διό
2520 3702 2652 3757 φησι
2673 3658 2766 3739 καὶ
2794 3685 2903 3755 (14)
2925 3686 2955 3737 6
2983 3684 3209 3755 Μωσῆςο
3303 3683 3378 3738 Οὐ
3403 3685 3707 3756 natantiq-

2113 3795 2224 3842 σεις
2243 3779 2368 3850 ὅρια
2392 3778 2488 3831 τοῦ
2520 3778 2747 3849 πλησίον
2768 3794 2883 3839 σου,
2905 3777 2942 3831 ἀ
2960 3777 3143 3830 ἔθεντο
3160 3776 3395 3848 πατέρες
3416 3793 3512 3830 σου
3533 3776 3667 3847 (15).
3681 3795 3701 3829 ι

2110 3869 2393 3951 Διά-τοῦτο
2420 3866 2512 3924 οὖν
2544 3869 2718 3940 φόϐοι,
2751 3868 2991 3931 θάνατοι,
3015 3868 3366 3941 δικαστήρια,
3388 3868 3704 3933 καταδίκαι,

2118 3962 2269 4035 παρά
2294 3961 2387 4016 τοῦ
2418 3962 2551 4016 Θεοῦ
2578 3965 2690 4026 τοῖς
2732 3960 2993 4026 τοιούτοις
3022 3958 3463 4015 ἐπακολουθοῦσι·
3494 3962 3611 4023 τοῖς
3650 3960 3707 4015 δέ

2120 4054 2381 4125 ὑπηκόοις
2434 4054 2553 4125 Θεῷ
2602 4054 2911 4126 ἀνθρώποις
2957 4049 3038 4117 εἷς
3090 4053 3254 4125 νόμος
3296 4052 3433 4106 Θεοῦ
3474 4052 3705 4117 ἁπλοῦς,

2116 4144 2340 4217 ἀληθὴς,
2388 4145 2515 4209 ζῶν,
2560 4141 2715 4209 οὗτος
2743 4146 3035 4217 ἐνυπάρχει
3075 4162 3089 4176 ·
3126 4163 3144 4197 ι
3178 4146 3245 4197 ‘0
3290 4146 3355 4198 σὺ
3386 4146 3566 4215 μισεῖς
3615 4145 3705 4213 ὑφ’

2116 4237 2301 4309 ἐτέρου
2334 4253 2415 4291 σοι
2442 4236 2713 4305 γενέσθαι,
2765 4239 2829 4292 σὺ
2870 4238 3014 4310 άλλῳ
3040 4238 3100 4291 οὑ
3132 4238 3375 4309 ποιήσεις
3402 4234 3536 4307 (16).
3577 4254 3598 4290 ι
3631 4237 3706 4291 Οὐ

2206 4378 2253 4409 ⁷⁸
2286 4376 2445 4432 Deut.
2488 4393 2662 4443 xxvn,
2696 4377 2784 4432 17.
2861 4378 2907 4409 ’⁷
2932 4376 3091 4434 Deut.
3122 4392 3239 4444 xix,
3300 4375 3387 4431 ﬂ.
3470 4375 3521 4408 "
3539 4373 3681 4430 Τοῦ.

1690 4509 2058 4567 VARlOllUM
2098 4513 2309 4572 ΝΟΤᾸΞ

515 4620 590 4698 (ξὶ)
634 4622 755 4698 φὺ-ίι
806 4619 1214 4698 ἐπιθυμῄςεις.
1268 4621 1695 4698 Convenientius
1739 4622 2021 4698 ltebraicze

2129 4632 2304 4689 nensi.
2338 4639 2393 4686 et
2421 4632 2609 4687 debuit
2635 4632 2829 4687 abesse
2858 4637 3067 4687 mutato
3095 4630 3162 4684 δι’
3193 4628 3260 4688 οὑ
3286 4629 3342 4683 in
3380 4622 3427 4698 ᾧ
3462 4642 3493 4682 a
3540 4643 3708 4684 manu

445 4691 683 4763 veritati,
706 4691 875 4744 Exod.
901 4706 994 4755 xx,
1020 4691 1108 4755 17,
1127 4706 1190 4745 ac
1203 4707 1349 4763 nunc
1369 4693 1423 4746 in
1454 4691 1616 4755 LXX,
1641 4708 1671 4746 a
1700 4695 1900 4763 quibus
1925 4698 2020 4750 ad-

447 4760 566 4831 dita,
591 4760 844 4815 videntur
873 4763 1136 4831 nonnulla
1180 4762 1327 4816 velut
1357 4760 1766 4831 paraphrastiée
1797 4780 1858 4819 ex
1898 4767 2023 4823 aliis

454 4830 776 4903 Scriptura}
812 4830 1167 4903 testimoniis.
1226 4830 1439 4901 Optime
1500 4830 1685 4903 autem
1751 4833 2026 4903 διαταγείς

452 4902 625 4954 nostri
657 4900 943 4969 ὑποζύγιον
988 4902 1150 4971 paulo
1192 4912 1314 4969 post
1358 4908 1569 4955 mutant
1613 4902 1667 4955 in
1721 4903 1861 4959 6vov.
1908 4900 2027 4962 Mos

451 4973 595 5023 enim
624 4971 770 5041 LXX
802 4982 955 5041 nm
1000 4971 1344 5040 interpretari
1371 4971 1491 5024 δνον
1517 4980 1571 5025 et
1600 4972 1910 5041 ὑποζύγιον.
1961 4976 2026 5030 Et

453 5020 916 5115 euanaehai‘iaa-
945 5020 1027 5115 ἐξ,
1072 5020 1341 5115 Ε),¹ίὶαειιι
1383 5042 1634 5115 habeant,
1683 5020 2026 5115 ἐπιθεὸηκᾶ

452 5111 546 5162 ἐπὶ
576 5110 866 5177 ὑποζύγιον
906 5114 1000 5166 καὶ
1031 5111 1206 5163 πῶλον
1227 5111 1365 5174 νέον,
1408 5108 1597 5163 Matth.
1635 5127 1747 5173 xxi,
1794 5115 1845 5173 5.
1887 5108 2025 5169 cita;

456 5180 939 5253 ῃιιηηέπιόεϐηκάς
974 5182 1214 5253 ἐπιγόνον
1241 5180 1334 5253 καὶ
1366 5180 1541 5232 πῶλον
1563 5180 2016 5253 υἱὸν-ὑποζυγίου.

458 5248 829 5320 Similiterque
852 5251 1088 5304 Balaami
1111 5250 1231 5311 ὄνος
1260 5249 1482 5320 ιξᾶιιιιιετ.
1507 5267 1643 5308 xxn.
1674 5251 1762 5318 21,
1794 5248 1900 5307 etc.
1922 5256 2021 5309 Pe-

458 5327 545 5395 t_ro
563 5317 823 5395 βρίθῃ-11,
848 5336 976 5395 cap.
1021 5332 1249 5395 ll.__\79l8;
1265 5317 1355 5395 16.
1379 5327 1467 5395 εει
1487 5317 1795 5389 ὑποζύγιον.
1818 5322 2025 5395 Legen-

458 5387 562 5443 dus
600 5385 799 5445 Suidas
847 5390 901 5443 in
916 5385 1049 5441 vom
1083 5385 1395 5454 ’Υποζύγια.
1428 5387 1567 5444 Cor.

534 5459 643 5528 (l0)
682 5460 968 5526 Kéxpltat.
997 5456 1133 5511 lluic
1162 5456 1280 5510 voci
1312 5459 1604 5527 praetigitur
1638 5462 1730 5514 καί
1759 5463 1811 5516 in
1859 5461 2024 5519 Vind.

461 5542 566 5582 ms.
601 5528 940 5583 inconnnode
983 5529 1149 5580 (λιειι.

536 5597 647 5666 (ll)
686 5600 778 5651 Δι’
806 5596 1073 5668 ob._ldem
1104 5612 1205 5668 ius.
1232 5592 1299 5668 ᾧ,
1346 5599 2026 5658 incommode.0rthodoxi

463 5661 696 5720 Libra'rii
726 5681 848 5721 esse
869 5666 1097 5719 videtur.
1138 5665 1211 5719 In.

541 5735 652 5805 (12)
697 5734 779 5801 Τῷ
807 5735 946 5799 Θεῷ.
993 5736 1156 5791 Abest
1186 5738 1260 5790 ab
1307 5747 1533 5808 utroque
1570 5739 1694 5794 cod.
1753 5739 2029 5807 Vindobo.

2124 4702 2450 4757 orthodoxa.
2484 4704 2558 4756 In.

2160 4791 2305 4915 Ι(13)
2449 4792 2777 4862 προφήτης.
2810 4790 2911 4848 Ms.
2938 4790 3173 4849 Vindob.
3206 4790 3453 4854 Ἡσαΐας,
3482 4805 3605 4861 quae
3623 4796 3710 4845 est

2181 4877 2327 4915 ossa.
2393 4879 2445 4915 ι).

2124 4877 2327 4933 glossa.
2370 4877 2445 4927 In,

2200 4953 2310 5025 (M)
2349 4956 2481 5009 Kal.
2555 4953 2837 5009 Omittitur
2880 4955 2936 5009 in
2986 4962 3217 5023 utroque
3265 4951 3391 5025 cod.
3440 4961 3495 5005 et
3545 4952 3711 5025 debet

2128 5022 2460 5145 omittli,jam
2500 5027 2647 5079 enim
2690 5025 2757 5079 ad
2804 5025 3181 5080 testimonium
3230 5023 3433 5079 citatus
3460 5030 3549 5077 est
3594 5022 3713 5076 διο-

2128 5109 2235 5145 ses.
2296 5112 2347 5145 ι).

2127 5109 2235 5149 SCS.
2274 5109 2347 5147 ID.

2194 5186 2303 5256 (l5)
2348 5188 2415 5239 Ἀ
2468 5186 2671 5240 ἔθεντο
2720 5186 2971 5254 πατέρες
3002 5201 3162 5256 σου.
3217 5184 3427 5238 Absunt
3478 5183 3715 5256 h_:ec__ab

2129 5251 2364 5324 utroque
2400 5270 2705 5325 perperam,
2760 5251 2892 5310 sunt
2926 5254 3071 5310 enim
3089 5269 3232 5325 “non
3263 5262 3478 5325 tantum
3508 5254 3566 5306 in
3606 5251 3713 5325 lle-

2131 5322 2319 5379 braico
2350 5322 2520 5387 textu,
2553 5340 2741 5379 verum
2769 5326 2933 5379 etiam
2964 5327 3018 5378 in
3044 5322 3187 5377 LXX
3211 5324 3336 5378 lntt.
3369 5322 3508 5377 nale
3545 5323 3712 5378 etiam

2130 5394 2467 5465 abiisabest
2495 5410 2601 5465 vox
2630 5393 2851 5465 ἁπλοῦς,
2872 5396 3048 5465 paulo
3068 5404 3210 5465 post.
3244 5396 3321 5449 In.

2200 5462 2311 5535 (16)
2355 5467 2425 5535 Ὃ
2453 5464 2534 5535 gi)
2553 5464 2754 5533 μισεῖς
2780 5459 3133 5535 ὑφ”ἐτὲροὺ,
3163 5482 3218 5519 κ.
3265 5480 3321 5535 τ.
3362 5462 3411 5515 λ.
3434 5459 3716 5535 Proxime

2131 5530 2343 5589 accedit
2365 5534 2431 5587 ad
2465 5530 2753 5602 Vulgatam
2797 5530 2933 5589 Tob.
2969 5530 3045 5597 iv,
3096 5535 3164 5589 16
3212 5553 3225 5589 :
3288 5532 3443 5599 Quod
3485 5531 3553 5584 ab
3604 5530 3715 5583 otio

2133 5604 2306 5673 oderis
2333 5605 2449 5673 ﬁeri
2481 5604 2598 5666 tibi,
2634 5605 2749 5658 vide
2779 5621 2840 5657 ne
2883 5614 2940 5657 tu
2990 5604 3277 5673 aliquando
3321 5603 3479 5656 alteri
3516 5602 3715 5671 facias,

2133 5672 2505 5745 (ἓωςοίκκαιό
2537 5676 2730 5743 μισεῖς,
2764 5675 2948 5745 μηδενὶ
2994 5672 3247 5745 ποιήσῃς.
3291 5673 3438 5745 Infra
3477 5674 3578 5745 lib.
3625 5685 3713 5745 ιιι,

2133 5758 2258 5814 cap.
2290 5744 2359 5800 15
2390 5763 2404 5799 :
2443 5744 2509 5799 Ὅ
2538 5740 2717 5813 μισεῖς
2747 5740 2836 5799 σοι
2857 5740 3129 5813 γενέσθαι,
3151 5740 3273 5799 δεδι
3299 5742 3443 5810 an...
3461 5742 3531 5796 σὺ
3560 5740 3709 5808 md:-
