3896 6174
472 305 578 364 563

1319 309 1380 367 S.
1416 309 1811 367 CLEMENTIS
1842 308 1863 365 1
1901 308 2070 369 ROM.
2107 310 2308 367 PONT.
2346 310 2575 369 OPERA
2612 310 2841 369 DUBIA.

3629 316 3745 372 σοι

468 434 584 474 suae
629 426 845 474 tantum
875 421 1036 476 uxori
1065 421 1280 492 placere
1308 426 1558 494 cupiens,
1590 426 1752 496 eique
1780 426 2033 483 honorate

2149 442 2335 495 φανος,
2355 425 2486 498 μηδὲ
2504 424 2736 491 ἀλαζὼν,
2752 426 2864 479 ἀλλ’
2885 424 3273 496 εὖσπλαγχνος,
3289 425 3745 504 εὖμετάδοτος,τῇ

464 512 726 578 blandiri,
759 512 995 569 studens
1011 528 1135 571 esse
1155 515 1233 571 illi
1265 519 1477 572 suavis.

1065 695 1297 751 CAPUT
1345 696 1412 749 Ill

669 785 743 841 De
766 798 979 851 ornatu,
1011 800 1059 842 et
1083 800 1295 859 peccato
1333 791 1454 844 inde
1482 794 1846 859 proﬁciscatur

528 876 607 933 Ne
628 894 793 934 ornes
815 888 890 947 te,
924 890 982 935 ut
1009 887 1279 952 quaepiam
1307 882 1362 937 in
1385 891 1439 938 te
1458 885 1726 954 capiatur.
1755 886 1881 942 Sive
1900 888 2045 942 enim

454 970 526 1024 ab
548 984 613 1025 ea
642 979 889 1038 coactus,
924 973 979 1026 in
1015 989 1077 1028 ea
1101 989 1318 1044 pecces,
1340 982 1543 1030 aeterna
1573 993 1722 1033 mors
1754 980 1852 1033 tibi
1878 995 1908 1033 a
1935 980 2045 1037 Deo

454 1064 838 1132 superveniet,
876 1072 931 1119 et
982 1067 1181 1121 acerbo
1221 1082 1422 1123 sensus
1464 1070 1714 1124 cruciatu
1776 1072 2041 1142 punieris.

454 1152 585 1211 Sive
610 1171 720 1211 non
746 1158 1061 1215 committas
1090 1161 1294 1225 scelus,
1329 1162 1424 1217 sed
1454 1164 1740 1219 mulierem
1787 1167 2040 1236 repellas,

451 1262 517 1302 ac
546 1263 715 1319 neges
733 1249 818 1314 ei;
844 1252 1010 1305 etiam
1036 1252 1091 1305 in
1116 1252 1241 1317 hoc,
1275 1269 1335 1308 re
1365 1254 1493 1311 licet
1512 1255 1735 1321 inlecta,
1770 1260 2039 1329 peccasti;

450 1339 601 1409 quod
655 1343 889 1407 scilicet,
923 1346 1074 1399 cultu
1108 1352 1204 1401 tuo
1234 1346 1544 1419 illaqueasti
1577 1351 1885 1416 mulierem,
1906 1361 1964 1408 ut
1988 1363 2041 1411 te

450 1440 765 1503 appeteret;
815 1434 1045 1492 effecisti
1081 1439 1251 1503 enim,
1283 1449 1344 1494 ut
1386 1440 1492 1495 hoc
1530 1442 1692 1497 modo
1721 1443 1916 1499 aﬂecta
1943 1460 2038 1515 ap—

450 1526 626 1595 petitu
656 1527 988 1583 adulterium
1021 1529 1075 1583 in
1100 1538 1152 1585 te
1173 1533 1571 1601 committeret;
1594 1550 1703 1588 non
1726 1543 1909 1591 tamen
1941 1537 2039 1591 ad-

446 1632 515 1672 eo
546 1617 602 1672 in
634 1620 795 1690 culpa
830 1636 926 1685 es;
958 1622 1087 1692 quia
1113 1622 1180 1677 ad
1203 1639 1323 1679 eam
1356 1640 1477 1695 quae
1507 1640 1692 1681 amore
1718 1628 1792 1681 tui
1826 1628 2035 1684 irretita

443 1716 552 1775 est,
586 1726 696 1765 non
726 1713 925 1767 misisti
960 1732 972 1767 :
1007 1730 1185 1785 neque
1216 1716 1362 1770 enim
1392 1725 1449 1771 tu
1490 1720 1750 1789 appetisti
1782 1719 1956 1785 illam,
1981 1723 2029 1777 ei

441 1817 575 1858 vero
604 1812 659 1859 te
689 1805 738 1860 si
770 1820 881 1859 non
910 1805 1101 1872 dedas,
1130 1808 1565 1865 misericordiam
1598 1825 1628 1864 a
1659 1810 1890 1868 Domino
1920 1813 2030 1871 Deo

440 1898 823 1967 consequeris,
856 1898 951 1969 qui
983 1898 1153 1955 dixit:
1196 1918 1213 1953 ι
1233 1899 1353 1957 Non
1382 1902 2032 1969 nnechaberis,cetiNon

440 1993 802 2059 concupisces
821 1991 887 2046 ⁸⁵.
916 2012 935 2044 ι
973 1990 1130 2060 Quod
1162 1993 1208 2050 si
1239 1994 1331 2047 illa
1352 2002 1403 2048 te
1432 2002 1674 2065 aspecto,
1695 2005 1788 2049 aut
1812 1996 1910 2052 tibi
1945 1998 2031 2053 in-

440 2088 762 2152 tempestive
784 2101 1107 2151 occurrens,
1140 2094 1321 2140 mente
1353 2102 1616 2156 percussa
1645 2095 1730 2142 est
1752 2127 1768 2154 ,
1803 2098 1857 2144 et
1879 2090 1947 2145 ad
1976 2099 2030 2148 te

439 2176 623 2241 misit;
655 2184 714 2230 tu
758 2184 984 2241 autem,
1019 2186 1077 2231 ut
1116 2194 1240 2248 erga
1278 2178 1445 2231 Deum
1480 2178 1789 2249 religiosus,
1817 2184 2026 2253 negasti

436 2266 525 2335 ei;
557 2268 672 2323 hac
694 2284 844 2333 vero,
871 2269 999 2340 quia
1020 2286 1081 2326 es
1104 2270 1341 2325 formosa
1364 2271 1648 2341 jurentute
1672 2276 2024 2343 conspicuus,

436 2359 603 2416 corde
633 2360 773 2417 adeo
813 2364 1094 2418 vulnerata
1132 2372 1239 2430 est,
1288 2374 1346 2417 ut
1374 2374 1425 2419 te
1457 2380 1646 2422 amare
1677 2370 1933 2438 cmperit;
1967 2378 2023 2424 tu

434 2455 650 2524 peccati
700 2456 951 2513 mulieris
995 2472 1124 2513 reus
1176 2457 1462 2524 inveniris,
1514 2466 1777 2530 tanquam
1833 2472 2026 2519 auctor

436 2546 709 2612 scandali,
773 2557 829 2603 et
871 2549 1147 2604 maledicti
1199 2550 1456 2607 limes".
1507 2550 1690 2617 Quare
1731 2553 2021 2610 Dominum

434 2636 608 2696 Deum
632 2656 881 2711 precare,
915 2649 975 2695 ut
1003 2642 1140 2697 nihil
1172 2643 1270 2696 tibi
1301 2643 1429 2698 mali
1474 2654 1765 2715 propterea
1811 2648 2023 2720 inﬂiga-

435 2743 552 2792 tur.
607 2734 795 2806 Neque
850 2737 997 2791 enim
1041 2737 1357 2794 hominibus
1397 2747 1448 2793 te
1510 2748 1725 2810 oportet
1768 2743 2017 2811 placere,

431 2827 838 2899 inpeccatum;
886 2828 980 2884 sed
1035 2830 1216 2899 potius
1269 2829 1379 2885 Deo
1427 2831 1729 2897 adhan'ere,
1784 2834 1838 2887 in
1895 2837 2021 2891 vita:

431 2924 823 2988 sanctitatem,
894 2932 948 2979 et
1003 2924 1059 2978 in
1120 2924 1363 2995 requiem
1428 2934 1709 2981 aeternam.
1771 2924 2021 2981 Pulchri-

432 3016 680 3073 tudinem
703 3016 799 3072 tibi
833 3032 863 3071 a
890 3015 1003 3072 Deo
1029 3025 1084 3072 et
1109 3027 1306 3072 natura
1348 3018 1609 3073 tributam
1656 3022 1765 3074 noli
1796 3021 2019 3091 insuper

2154 518 2259 590 ἰδίᾳ
2271 520 2489 587 γυναικὶ
2506 520 2664 588 μόνον
2684 518 2794 590 (l9)
2814 519 3129 590 βουλόμενος
3146 519 3419 591 ἀρέσκειν,
3433 521 3746 594 καὶταῦτην

2150 610 2462 667 κολακεύειν
2480 612 2731 682 ἐντίμως,
2749 611 3062 676 σπουδάζων
3080 610 3411 682 καταθύμιος
3420 608 3563 665 εἶναι
3576 613 3743 687 αὐτῇ.

2691 704 3089 757 ΚΕΦΑΛΑΙΟΝ
3120 701 3191 759 Γ.
3208 730 3218 742 ·

2204 796 2344 863 Περὶ
2373 796 2826 864 καλλωπισμοῦ,
2857 796 2953 850 καί
2983 794 3090 863 τῆς
3117 794 3672 864 ὲκεῖθεζᾰμαρτίας.

2216 890 2306 959 Μὴ
2347 888 2819 960 καλλωπιζόμενος
2860 890 2939 952 είς
2976 888 3035 941 τὸ
3074 886 3406 959 ἀγρευθῆναι
3446 905 3569 941 τινα
3618 886 3711 941 ἑτέ

2149 997 2249 1051 ραν
2282 980 2392 1051 (‘20)
2424 982 2517 1035 ἐπὶ
2548 982 2647 1034 σοί.
2680 983 2803 1035 Εἴτε
2832 982 2939 1055 γάρ
2967 979 3333 1050 ἀναγκασθεὶς
3365 980 3476 1051 (21)
3509 981 3603 1033 ὑπ’
3630 980 3737 1032 αὐ-

2143 1075 2263 1145 τῆς,
2296 1076 2619 1147 ἁμαρτήσῃς
2648 1077 2726 1139 είς
2766 1076 2956 1148 αὐτὴν,
2989 1075 3215 1137 Θάνατος
3258 1074 3409 1143 παρά
3436 1070 3571 1123 Θεοῦ
3602 1072 3736 1125 ἐπε-

2142 1167 2391 1221 λεύσεταί
2424 1185 2505 1222 σοι
2534 1168 2781 1231 αἰώνιος,
2812 1169 2869 1221 ὲν
2897 1166 3147 1239 αἰσθήσει
3183 1165 3401 1236 πικρῶς
3432 1162 3737 1234 κολαζομέ-

2143 1278 2237 1331 νῳ.
2270 1262 2392 1315 Εἴτε
2424 1261 2499 1332 μὴ
2531 1262 2762 1333 ποιήσῃς
2800 1259 2861 1313 τὸ
2906 1259 3109 1332 μύσος,
3152 1258 3266 1311 ἀλλ’
3298 1255 3737 1326 ἀποσεισάμενος

2142 1354 2331 1424 αὐτὴν,
2364 1354 2575 1425 ἀρνήσῃ
2604 1354 2771 1424 αὐτὴν
2788 1352 2855 1416 ⁸⁵,
2886 1352 2979 1404 καὶ
3026 1350 3182 1403 τοῦτο
3220 1351 3485 1421 ἥμαρτες,
3542 1350 3591 1401 εί
3635 1348 3738 1402 καὶ

2144 1447 2217 1516 μὴ
2249 1447 2477 1518 ποιήσῃς
2520 1447 2628 1517 (22)
2654 1486 2668 1511 ,
2709 1446 2865 1517 μόνον
2901 1445 2957 1497 δέ
2996 1444 3057 1497 τὸ
3084 1443 3171 1497 διά
3215 1443 3307 1496 τοῦ
3338 1439 3735 1512 καλλωπισμοῦ

2142 1552 2232 1588 σου
2256 1537 2576 1605 παγιδεῦσαι
2596 1540 2828 1606 γυναῖκα
2847 1540 2925 1600 είς
2945 1534 3004 1589 τὺ
3024 1535 3355 1608 ἐπιθυμῆσαί
3385 1551 3477 1586 σου
3501 1551 3514 1562 ·
3540 1534 3737 1603 ἐποίη-

2140 1646 2237 1693 σας
2265 1631 2373 1702 γὰρ
2409 1631 2506 1701 τὴν
2534 1630 2693 1683 τοῦτο
2721 1628 3021 1691 παθοῦσαν,
3068 1626 3158 1681 διὰ
3201 1628 3300 1697 τῆς
3344 1626 3576 1697 ὀρέξεως
3610 1642 3735 1695 μοι·

2136 1722 2393 1794 χευοῆναι
2426 1724 2519 1775 ἐπὶ
2566 1722 2647 1775 σοί
2672 1739 2686 1753 ν
2736 1722 2847 1777 ἀλλ’
2895 1722 2994 1793 οὐχ
3038 1720 3208 1783 οὕτως
3236 1720 3519 1791 ὑπάρχεις,
3552 1718 3641 1771 διὰ
3668 1717 3733 1772 τὸ

2134 1816 2210 1888 μὴ
2238 1814 2694 1887 προσαποστεῖλαί
2743 1830 2799 1867 σε
2828 1817 2894 1886 τῇ
2932 1813 3023 1866 ἐπὶ
3060 1811 3122 1864 οὲ
3152 1810 3596 1882 πεπαγιδευμένῃ
3617 1825 3632 1839 ο
3664 1810 3729 1862 οὐ

2129 1911 2237 1983 γάρ
2269 1910 2331 1963 σὺ
2362 1907 2715 1979 ἐπεθύμησας
2742 1908 2910 1977 αὐτῆς
2932 1922 2945 1937 ·
2983 1905 3057 1978 μὴ
3088 1902 3451 1966 συνεπιδιδοῦς
3477 1902 3535 1957 δὲ
3582 1902 3729 1975 αὐτῇ

2129 2002 2340 2067 ἑαυτὸν,
2372 2000 2638 2073 ἐλεηθήσῃ
2669 2001 2773 2055 ὑπὸ
2800 1999 3005 2072 Κυρίου
3032 1996 3126 2051 τοῦ
3156 1995 3290 2050 Θεοῦ
3318 1995 3410 2049 τοῦ
3439 1997 3689 2060 εἰπόντος
3710 2014 3725 2027 ·

2102 2070 2151 2150 ἰ
2182 2099 2255 2153 Οὐ
2288 2070 2665 2170 μοιχεύσειςίι
2700 2096 2815 2155 καὶ,
2851 2113 2868 2144 ι
2891 2070 3012 2146 τούκ
3041 2090 3417 2161 ἐπιθυμήσεις.
3450 2109 3467 2140 ι
3519 2090 3585 2141 El
3614 2089 3728 2162 γάρ

2127 2191 2308 2263 ἐκείνη
2339 2188 2649 2259 Θεασαμένη
2683 2204 2761 2249 σε,
2796 2186 2826 2257 ἢ
2857 2184 3102 2255 ἀκαίρως
3126 2184 3525 2253 συναντήσασα,
3560 2183 3730 2254 ἐπλή-

2125 2302 2195 2355 γη
2226 2286 2324 2356 τὴν
2351 2283 2611 2344 διάνοιαν,
2643 2282 2736 2334 καὶ
2781 2275 3135 2349 προσέπεμψε
3168 2292 3270 2338 σοι,
3310 2277 3373 2327 σὺ
3419 2273 3476 2326 δὲ
3504 2275 3584 2336 ὡς
3613 2274 3727 2327 θεο-

2128 2378 2291 2450 σεϐὴς
2318 2378 2539 2448 ἠρνήσω
2570 2375 2681 2446 ((25)
2704 2372 2873 2444 αὐτὴν
2896 2371 3028 2442 (24),
3052 2369 3233 2440 ἐκείνη
3260 2368 3439 2439 μέντοι
3460 2368 3561 2438 τὴν
3584 2386 3724 2440 καρ-

2123 2470 2239 2523 δίαν
2269 2466 2699 2541 ἐτραυματίσθη,
2750 2465 3021 2535 εὐμόρφου
3067 2461 3331 2532 νεωτέρου
3381 2461 3724 2532 ὑπάρχοντός

2126 2580 2219 2617 σου
2248 2563 2342 2617 καὶ
2370 2559 2839 2630 καλλωπισμένου,
2870 2557 3008 2610 ὥστε
3039 2554 3335 2625 ἐρασθῆναί
3367 2571 3483 2617 σου,
3534 2555 3724 2626 ἔνοχος

2123 2658 2352 2731 εὑρίσκῃ
2394 2657 2457 2710 σὺ
2502 2654 2597 2708 τοῦ
2642 2654 2859 2723 ἐκείνης
2914 2647 3378 2723 παραπτώματος,
3422 2647 3498 2710 ὼς
3547 2650 3723 2714 αίτιος

2122 2751 2294 2821 αὐτῆς
2339 2748 2633 2803 σκανδάλου
2680 2746 2990 2816 γενόμενος,
3039 2743 3133 2796 καὶ
3183 2740 3277 2793 τοῦ
3335 2741 3457 2794 οὐαὶ
3515 2742 3718 2815 κληρο-

2121 2844 2284 2915 νόμος
2341 2843 2477 2914 ('25).
2540 2841 2631 2923 Δις)
2684 2838 2904 2910 δεήθητι
2940 2836 3147 2907 Κυρίου
3200 2833 3293 2886 τοῦ
3349 2834 3509 2897 Θεοῦ,
3567 2836 3721 2899 ὅπως

2124 2936 2289 3008 μηδέν
2322 2952 2404 2987 σοι
2432 2933 2519 2988 διά
2545 2932 2734 2986 τούτου
2756 2930 2925 2984 κακὸν
2949 2928 3233 2999 στηριχῦῇ.
3266 2927 3339 2981 υῦ
3370 2926 3479 2997 γὰρ
3509 2928 3719 3001 ἀνθρὼ-

2120 3045 2242 3091 ποις
2290 3043 2349 3080 σε
2396 3027 2500 3097 χρὴ
2547 3026 2802 3097 ἀρέσκειν
2849 3024 2929 3085 εἰς
2974 3021 3285 3092 ἁμαρτίαν,
3319 3018 3456 3072 ἀλλά
3483 3020 3607 3091 Θεῴ
3638 3021 3717 3083 εἰς

429 3125 659 3176 ornare;
692 3110 789 3166 sed
833 3126 951 3164 eam
992 3110 1240 3167 modeste
1264 3119 1510 3182 tempera
1550 3115 1694 3183 apud
1734 3114 2013 3183 homines;

2120 3121 2372 3191 ὁσιότητα
2401 3118 2545 3187 ζωῆς
2573 3134 2634 3169 τε
2663 3114 2757 3169 καὶ
2777 3112 3137 3175 ἀναπαύσεως
3165 3113 3264 3183 τῆς
3301 3112 3525 3163 αἰωνίου
3556 3112 3717 3166 ἀντί-

430 3206 504 3261 ita
546 3212 605 3259 ut
633 3221 804 3260 coma:
843 3206 1102 3276 capillum
1134 3222 1244 3260 non
1275 3208 1520 3275 nutrias;
1561 3209 1897 3264 conscindas
1923 3224 2014 3278 po-

428 3301 538 3355 tius
564 3314 628 3354 ac.
654 3314 954 3369 concerpas
973 3316 1096 3355 eum
1122 3318 1136 3367 ;
1160 3317 1225 3355 ne
1250 3317 1444 3372 pexus,
1462 3310 1515 3357 et
1540 3302 1738 3357 illaesos
1772 3304 2013 3359 retinens

426 3394 625 3464 capitis
654 3394 814 3464 pilos.
854 3402 946 3447 aut
966 3395 1261 3465 unguentis
1291 3397 1593 3459 delibutus,
1619 3396 2013 3450 illasmulicres

425 3488 494 3541 ad
527 3488 860 3558 tcpellicias,
887 3504 1006 3558 qua:
1022 3488 1103 3543 sic
1141 3489 1262 3559 capi
1293 3498 1385 3543 aut
1422 3505 1618 3560 capere
1657 3491 1857 3544 solent.
1898 3488 2011 3529 ⁸⁹ο⁸⁸

425 3578 612 3649 Neque
636 3582 835 3635 vestitu
863 3583 1162 3651 exquisito,
1182 3582 1250 3636 ad
1270 3581 1657 3652 decipiendum
1682 3584 1854 3635 utaris
1877 3598 1891 3648 ;
1912 3597 2012 3635 nec

425 3671 630 3728 fascias
667 3674 751 3729 vel
790 3676 1045 3745 crepidas
1092 3675 1326 3746 pedibus
1368 3678 1476 3729 tuis
1506 3676 1761 3745 nequiter
1789 3689 2014 3743 compo-

422 3778 555 3833 nas;
583 3767 678 3822 sed
704 3769 849 3837 quod
882 3769 1059 3822 solum
1095 3768 1357 3825 honestas
1386 3778 1456 3837 {et
1489 3769 1793 3824 necessitas
1822 3775 2009 3838 postu-

425 3856 539 3911 lant
580 3874 782 3930 usurpa
817 3879 829 3915 :
863 3876 1038 3931 neque
1072 3876 1295 3917 auream
1330 3862 1506 3931 palam
1542 3860 1728 3932 digitis
1770 3862 1883 3915 tuis
1928 3862 2012 3914 in-

422 3952 595 4018 duas;
636 3952 1078 4023 quandoquidem
1118 3953 1234 4008 hzec
1276 3956 1459 4008 omnia
1512 3953 1835 4009 meretricia:
1885 3953 2010 4007 vita:

491 4111 537 4145 ⁸⁸
569 4112 650 4166 Al.
676 4110 826 4175 αὐτό,
868 4110 947 4166 sic
978 4109 1133 4164 Vicn.
1168 4111 1224 4165 2.
1306 4112 1350 4142 ⁸⁵
1386 4111 1553 4165 Exod.
1594 4129 1685 4171 xx,
1738 4112 1819 4175 ιιι,
1886 4110 1971 4165 l7.
2031 4115 2033 4138 ‘

2120 4110 2309 4168 Matth.
2380 4129 2410 4167 ν
2444 4152 2460 4177 ,

2113 3213 2320 3284 χεσῡαι.
2372 3211 2444 3263 Τὸ
2482 3208 2586 3262 ὑπὸ
2634 3208 2731 3278 τῆς
2768 3204 2982 3275 φύσεώς
3025 3221 3107 3257 σοι
3150 3201 3430 3273 δεδομένον
3466 3204 3533 3256 ἐκ
3576 3203 3711 3258 Θεοῦ

2112 3305 2304 3367 κάλλος
2354 3303 2428 3375 μὴ
2480 3296 3043 3373 προσεπικαλλώπιζε,
3090 3296 3226 3349 ἀλλά
3269 3297 3712 3368 ταπεινοφρόνως

2116 3396 2405 3467 μετρίασον
2435 3394 2565 3447 αὐτὸ
2593 3391 2728 3465 πρὸς
2758 3390 3098 3464 ἀνθρώπους,
3128 3387 3269 3441 οὕτω
3289 3388 3386 3459 τὴν
3416 3390 3583 3459 τρίχα
3614 3406 3708 3442 σου

2109 3491 2209 3559 τῆς
2237 3489 2411 3561 κόμης
2434 3489 2507 3559 μὴ
2528 3487 2913 3558 παρατρέφων,
2947 3482 3145 3555 μᾶλλον
3173 3481 3229 3534 δέ
3258 3481 3584 3549 συγκόπτων
3615 3484 3707 3536 καὶ

2114 3583 2392 3653 καθαίρων
2422 3581 2591 3651 αὑτήν
2614 3596 2627 3610 ’
2665 3581 2751 3631 ἵνα
2788 3578 2862 3650 μὴ
2902 3572 3427 3645 κατακτενιζομένου
3462 3574 3578 3645 (16)
3611 3591 3703 3628 σου

2114 3677 2207 3730 καὶ
2225 3673 2489 3729 ἄσκυλτον
2516 3670 2812 3743 τηροῦντος
2840 3670 2938 3741 τὴν
2960 3669 3221 3738 κεφαλὴν,
3252 3667 3286 3738 ἢ
3317 3684 3705 3740 καταμεμυρι-

2113 3768 2311 3837 σμένου
2343 3783 2458 3829 σου,
2505 3764 2791 3836 ἐπαγάγῃς
2830 3761 3041 3833 σεαυτῴ
3070 3761 3169 3825 τὰς
3198 3760 3366 3823 οὕτως
3395 3761 3703 3833 ἀγρευομίο

2108 3878 2205 3925 νας
2232 3862 2265 3933 ἧ
2289 3861 2627 3934 ἀγρευούσας
2654 3861 2936 3927 γυναῖκας.
2959 3857 3109 3929 Μηδέ
3142 3856 3604 3930 ὲπιτετηδευμένῃ
3633 3857 3700 3910 σὺ

2110 3957 2175 4025 τῇ
2196 3954 2382 4025 ἐσοῆτι
2402 3955 2580 4027 χρήσῃ
2612 3955 2689 4016 είς
2718 3952 2954 4023 ἀπάτην,
2990 3951 3121 4023 μηδὲ
3152 3950 3473 4023 ἀναξυρίδας
3502 3945 3696 4021 (ἳἹ),ἢ

2535 4115 2627 4175 28.
2706 4114 2828 4154 "-"°
2868 4113 3139 4185 Epiphan.
3173 4113 3306 4179 liter.
3337 4111 3428 4174 80,
3457 4128 3513 4166 η.
3541 4111 3591 4163 7.

1663 4269 2025 4323 \'.‘.R!ORU.\I
2066 4266 2299 4325 NOTAE.

485 4428 596 4511 (19)
627 4428 847 4509 Moror.
875 4427 1035 4482 Deest
1062 4426 1120 4511 in
1148 4442 1281 4481 mss.
1315 4425 1551 4481 Vindob.
1584 4441 1683 4480 nec
1711 4441 1844 4481 sane
1876 4441 2003 4480 sen-
2036 4432 2077 4487 D
2102 4425 2742 4511 xv:§op§vou,lprurienle,
2760 4425 2903 4493 quod
2934 4438 3039 4511 non
3062 4432 3146 4479 est
3165 4439 3194 4476 a
3218 4425 3396 4511 reipsa
3422 4424 3689 4511 alienum,

417 4498 504 4558 sui
536 4498 909 4553 necessarium
937 4507 1042 4554 est.
1082 4498 1255 4551 CLI-1n.

488 4571 600 4642 (20)
658 4568 917 4642 Ἑτέραν.
951 4567 1035 4642 Al.
1102 4568 1345 4639 ἑταίραν.
1398 4566 1547 4620 Alter
1591 4566 1759 4642 codex
1806 4565 2000 4642 νεωτέ-

416 4637 539 4712 ραν,
580 4637 740 4710 quod
784 4637 1080 4712 absurdum
1121 4637 1396 4712 sane__non
1443 4646 1562 4703 est,
1587 4637 1834 4712 juniorcs
1852 4638 1997 4690 enim

413 4708 756 4782 potissimum
782 4710 1185 4782 καλλωπισμοζς
1215 4708 1549 4782 alliciuntur.
1589 4708 1665 4761 lo.

483 4782 596 4852 (2i)
640 4778 1082 4852 Ἀκαγχασθείς.
1128 4778 1433 4842 Blanditiis,
1478 4794 1690 4852 nempe,
1722 4792 1843 4847 qua:
1886 4791 1993 4831 non

418 4849 603 4906 minus
632 4850 970 4920 πειθανάγκη
1000 4857 1150 4910 sunt,
1181 4865 1342 4918 quam
1369 4851 1547 4920 milite.
1584 4849 1659 4902 in.

505 4921 597 4989 22)
656 4914 937 4989 Ποιήσῄς,
961 4914 1052 4976 ἈΙ.
1081 4914 1289 4981 ἐπίσεις
1306 4935 1400 4987 pro
1434 4919 1648 4986 ἐπίσης.
1680 4914 1994 4989 Αιιθῐζνίη-

408 4986 539 5046 dub.
571 4986 671 5043 ἐπ’
700 4990 819 5060 ἴσης
857 4986 961 5059 pro
1004 4992 1090 5061 ἐπ’
1133 4990 1221 5061 ἴσῃ
1243 5029 1259 5054 ,
1288 4986 1521 5059 perinde.
1566 4989 1784 5059 Alioqui
1806 4986 1993 5043 Graece

407 5062 466 5114 ἐν
497 5062 597 5113 ἴσω
627 5059 808 5114 dicere
839 5061 1031 5114 solent.
1057 5059 1134 5114 lo.

481 5114 594 5203 (“23)
637 5130 907 5203 Ἡρνήσω
934 5129 1145 5203 αὑτήν.
1177 5128 1389 5203 Eclogae
1424 5127 1477 5203 in
1506 5127 1865 5203 codiceRegio
1889 5130 1982 5181 ad-

406 5199 824 5279 ςίυιιῑζάπέσχρυ
848 5218 906 5279 τε
936 5202 1029 5254 καὶ
1056 5200 1513 5279 οὐχῇμαρτεςαείς
1534 5200 1723 5279 αὑτήν.
1756 5199 1867 5252 Hoc
1880 5207 1985 5262 est,

404 5270 702 5342 interprete
742 5270 1028 5332 Turriano,
1057 5282 1103 5325 et
1131 5270 1452 5342 abstimtisti.
1480 5285 1638 5338 neque
1654 5270 1705 5321 in
1728 5286 1843 5322 eam
1870 5284 1988 5336 pecu

405 5341 565 5397 casti.
596 5342 727 5401 Quae
755 5342 1072 5396 esciderunt
1109 5358 1137 5393 a
1155 5341 1342 5393 (Επιτοο
1370 5348 1627 5393 contextu
1650 5348 1868 5409 propter
1899 5355 1986 5394 re-

407 5413 724 5482 petitionem
756 5414 906 5465 vocis
925 5413 1125 5482 αὑτήν.
1165 5412 1301 5464 Cor.

477 5481 589 5547 (24)
612 5481 695 5537 Ib.
722 5482 872 5536 Alter
896 5480 1133 5535 Vindob.
1165 5482 1368 5551 ἀπέχου
1399 5497 1458 5532 τε
1488 5482 1581 5533 καὶ
1608 5480 1707 5551 οὐχ
1736 5480 1983 5552 ἥμαρτες

406 5554 721 5635 uenﬁcam.
742 5568 855 5632 non
889 5554 1046 5635 male.
1070 5552 1169 5635 (1.1..

475 5619 588 5690 (ἓξ)
616 5619 726 5673 Καὶ
753 5622 858 5675 τοῦ
885 5622 1019 5675 οὐαὶ
1047 5620 1435 5690 κληρονόμος.
1477 5619 1692 5676 Absunt
1720 5622 1788 5676 al)
1830 5629 1981 5676 utro-

406 5701 514 5756 que.
546 5691 972 5746 Vindobonensi.
1015 5691 1089 5745 in.

475 5758 584 5827 (‘26)
608 5758 1192 5831 Karavteméiqtérov.
1218 5760 1455 5833 Uterque
1478 5761 1598 5817 cod.
1626 5761 1785 5817 Vind.
1814 5781 1979 5817 κατα-

2100 4498 2352 4567 qnamvis
2370 4495 2514 4566 vulg.
2544 4498 2703 4550 lectio
2735 4497 3080 4567 eonnnodum
3112 4510 3332 4567 sensum
3364 4495 3567 4562 pariat.
3610 4500 3685 4552 lo.

2172 4564 2846 4637 (27)Μηδὲ’ὰναξυρίδιις
2875 4565 2927 4637 ἣν
2958 4564 3247 4637 κρηπῖδάς
3274 4580 3418 4637 σου,
3450 4582 3506 4619 κ.
3549 4583 3601 4621 τ.
3634 4567 3684 4622 λ.

2100 4635 2197 4692 llis
2247 4635 2612 4706 respondent,
2668 4653 2787 4689 meo
2841 4635 3359 4706 quidemhjudicio,
3428 4652 3582 4706 quas
3615 4653 3684 4693 ex

2098 4704 2468 4777 apostolo—rum
2529 4707 2802 4771 διατάξεσι
2854 4704 2931 4758 ait
3079 4704 3414 4777 Epiphanius
3473 4706 3533 4761 in
3575 4705 3686 4762 bte-

2097 4775 2204 4833 resi
2262 4778 2747 4836 Massalianorum,
2798 4790 2919 4846 cap.
2980 4775 3055 4831 7:
3097 4777 3251 4846 Μήτε
3300 4776 3685 4846 ὑπερηφανίας

2098 4848 2399 4919 ῦπόδειγμα
2432 4888 2447 4911 ,
2517 4847 2860 4917 δικαιοσύνης
2942 4848 3041 4919 τὴν
3095 4846 3449 4917 προσέλευσιν
3482 4848 3679 4919 ἐχειν.

2096 4916 2173 4972 Ita
2202 4916 2403 4989 quippe
2442 4919 2757 4987 distinguo,
2808 4916 3351 4989 vertendumautem
3414 4916 3678 4989 arbitror,

2094 5006 2252 5060 neque
2290 4989 2544 5059 superbia:
2582 4990 2827 5058 speciem,
2865 4988 3093 5060 justitire
3142 4988 3422 5060 incessum‘
3449 4988 3674 5060 habere.

2093 5056 2307 5123 ld'est,
2355 5056 2474 5114 'non
2534 5056 2784 5126 oportere
2837 5056 2895 5111 ut
2927 5059 3013 5112 vir
3045 5058 3231 5126 justus
3285 5068 3338 5110 et
3395 5056 3574 5114 ﬁdelis
3619 5062 3677 5116 in

2092 5146 2193 5186 suo
2243 5132 2488 5198 ingressu
2554 5126 2750 5185 fastum
2796 5130 3069 5184 ostendat.
3116 5126 3397 5197 Siquidem
3464 5128 3675 5198 fasciae,

2090 5208 2143 5256 et
2168 5202 2423 5270 crepidae,
2454 5202 2761 5269 similiaque
2783 5200 2935 5253 nimii
2964 5200 3169 5262 cultus,
3195 5214 3304 5252 non
3328 5198 3496 5253 modo
3521 5199 3678 5255 luxu-

2089 5272 2226 5326 riam
2256 5271 2519 5333 indicant,
2544 5270 2638 5325 sed
2676 5279 2729 5325 et
2776 5271 3175 5338 arrogantiam,
3208 5272 3262 5321 in
3298 5284 3462 5337 quam
3506 5272 3673 5324 etiam

2091 5341 2501 5398 Constitutioncs
2549 5342 2727 5395 invehi
2760 5348 2907 5411 patet
2929 5356 2991 5393 ex
3025 5338 3283 5411 adverbio
3309 5340 3673 5411 ταπεινοφρό-

2036 5424 2041 5431 ’
2087 5430 2191 5475 νως
2212 5417 2374 5491 paulo
2398 5421 2523 5491 ante
2546 5414 2742 5491 posito.
2764 5408 2895 5491 Non
2924 5408 3324 5491 'mepraeterit.
3353 5408 3670 5491 eruditissi-

2084 5480 2232 5551 rnuni
2285 5481 2561 5537 Usserium
2613 5482 2665 5535 in
2697 5496 2819 5551 cap.
2860 5482 2893 5535 9
2924 5480 3445 5551 Prolegomenorum
3489 5481 3558 5533 ad
3608 5480 3663 5533 S.

2084 5549 2347 5621 lgnalium
2370 5592 2384 5615 ,
2415 5566 2737 5622 componere
2761 5549 2885 5605 cum
2915 5552 3100 5604 verbis
3128 5549 3415 5619 Epiphanii
3442 5550 3665 5622 initium

2084 5624 2359 5695 sequentis
2393 5621 2626 5695 capitis:
2661 5623 2775 5675 Οὐκ
2802 5622 2901 5695 Eon
2932 5622 3008 5695 ὼς
3042 5621 3463 5695 πετόμενος-καὶ
3494 5623 3665 5695 ὲμπςο

2084 5689 2325 5768 ριπατίιξν
2368 5689 2777 5768 καὶζάλῴμενος
2818 5689 3036 5768 ταῖς
3071 5691 3307 5768 ῥύμαις,
3334 5689 3663 5768 ἀκαιροεπῤ-

2082 5760 2221 5836 πτης
2240 5764 2343 5818 τῶν
2374 5764 2556 5829 κακῶς
2584 5760 2820 5829 ζώντων.
2855 5760 3164 5819 Ἶοηιιιιέο
3189 5762 3369 5828 capite
3401 5775 3512 5815 non
3542 5760 3657 5827 agie
