3884 6180
379 296 489 354 $75

1270 294 1328 351 S.
1370 290 1761 351 CLEMENTIS
1798 292 1818 347 1
1857 290 2023 349 ROB.
2065 291 2268 349 PON‘I‘.
2311 291 2537 350 OPERA
2574 293 2804 351 DUBIA.

3530 299 3629 355 576

376 431 487 472 non
519 412 592 469 ob
617 411 765 466 aliud
820 410 1000 475 venit,
1036 408 1142 465 nisi
1196 416 1256 464 ut
1300 424 1425 466 reos
1470 408 1539 463 ab
1561 408 1641 462 ira
1676 413 1956 463 reservata

2064 406 2154 460 καὶ
2177 405 2291 477 (47)
2321 404 2586 479 πληρώσῃ
2611 404 2704 459 τὸν
2731 404 2894 478 νόμον
2922 407 3016 462 καὶ
3043 408 3169 471 τοὺς
3209 409 3513 480 προφήτας,
3544 412 3637 464 καὶ

376 508 656 569 liberaret,
711 505 882 575 legem
905 511 961 558 et
1002 502 1301 574 prophetas
1334 502 1619 571 impleret;
1648 506 1705 556 et
1742 500 1956 556 adscita

378 599 471 653 illa
503 597 868 654 Deutaroseos
902 595 1147 660 vincula,
1178 594 1265 650 vel
1317 593 1583 648 adimeret
1636 592 1723 647 vel
1769 601 1955 647 trans-

381 691 567 745 ferret.
609 688 818 744 Idcirco
850 688 996 743 enim
1043 686 1283 741 lnvitans
1312 700 1415 741 nos
1456 683 1635 739 aiebat
1665 700 1681 739 ι
1718 701 1739 735 ι
1766 681 1958 740 Venite

379 781 448 837 ad
472 796 559 837 me
585 795 777 836 omnes
808 780 902 849 qui
960 778 1223 833 laboratis
1256 784 1311 831 et
1347 777 1559 832 onerati
1590 775 1746 838 estis,
1778 782 1831 831 et
1856 790 1957 846 ego

381 873 624 929 reficiam
683 887 780 928 vos
829 871 920 927 η’.
976 889 995 923 ι
1034 868 1116 924 Tu
1146 869 1314 939 igitur
1363 883 1490 923 cum
1539 867 1737 937 legeris
1780 866 1957 921 Evan-

380 965 520 1036 gelio
553 978 617 1019 ac
650 962 935 1033 prophetis
965 961 1394 1017 concordantem
1447 961 1643 1031 legem,
1670 962 1838 1015 etiam
1874 963 1955 1017 le-

378 1058 492 1128 gito
513 1056 720 1127 Regum
746 1055 1008 1111 historias
1027 1094 1044 1119 ,
1074 1063 1132 1109 ut
1179 1056 1322 1110 scire
1357 1055 1557 1124 possis,
1589 1052 1737 1124 quod
1765 1068 1958 1110 omnes

381 1164 539 1221 rcges
568 1148 661 1219 qui
705 1148 839 1216 justi
879 1146 1063 1211 fuere,
1096 1162 1127 1201 a
1156 1145 1268 1201 Deo
1321 1146 1470 1200 aucti
1507 1156 1667 1213 sunt;
1704 1154 1759 1201 et
1812 1145 1959 1217 apud

382 1243 535 1298 illum
565 1252 780 1297 aeterna
807 1240 932 1296 vitae
955 1237 1249 1309 promissio
1270 1253 1368 1293 eos
1398 1238 1600 1293 mansit
1638 1259 1652 1293 :
1687 1247 1958 1310 quotquot

382 1342 563 1391 autem
591 1348 746 1403 reges
778 1347 809 1385 a
845 1331 957 1385 Deo
1007 1330 1261 1387 fornicati
1315 1338 1445 1385 sunt
1470 1368 1487 1393 ,
1540 1330 1595 1384 in
1652 1330 1960 1388 defectione

382 1426 673 1497 sua,justo
701 1423 796 1479 Dei
835 1423 1066 1493 judicio,
1115 1422 1268 1477 brevi
1325 1422 1689 1491 interierunt;
1741 1434 1797 1479 et
1848 1426 1957 1481 vita

380 1520 503 1589 ejus
521 1517 719 1588 privati
746 1523 895 1578 sunt,
930 1514 1323 1585 sempiternum
1361 1515 1692 1585 supplicium
1729 1532 1829 1587 pro
1871 1535 1959 1576 re-

380 1613 511 1682 quie
540 1611 743 1667 sortiti.
768 1607 894 1663 Haec
925 1609 1093 1679 igitur
1136 1622 1263 1662 cum
1321 1607 1467 1678 leges
1490 1648 1504 1673 ,
1560 1610 1791 1663 multum
1852 1610 1959 1668 fide

382 1712 611 1768 auctus,
641 1702 896 1765 Christo,
954 1701 1115 1771 cujus
1156 1715 1217 1756 es
1257 1715 1460 1771 corpus
1513 1717 1579 1757 ac
1626 1704 1955 1766 membrum,

384 1796 722 1867 adjungeris.
756 1794 1122 1851 Deainbulans
1168 1800 1350 1849 autem
1382 1794 1439 1849 in
1470 1795 1626 1860 foro,
1668 1806 1723 1852 et
1775 1799 1960 1855 lavare

382 1890 632 1960 cupiens,
668 1895 820 1942 utere
870 1886 1114 1941 virorum
1152 1885 1383 1952 balneo;
1436 1902 1537 1951 ne,
1585 1890 1712 1959 quia
1758 1905 1959 1961 corpus

383 1984 618 2054 turpiter
637 1980 848 2037 nudum
898 1979 1221 2035 mulieribus
1270 1979 1613 2046 ostenderis,
1672 1992 1765 2038 aut
1813 1984 1960 2055 quod

384 2091 495 2131 non
515 2075 673 2130 decet
700 2075 850 2128 viros
881 2072 1065 2127 videre
1086 2112 1101 2136 ,
1154 2074 1488 2142 spectaveris
1510 2113 1525 2139 ,
1577 2076 1663 2130 vel
1726 2083 1783 2130 tu
1834 2076 1959 2130 illa-

383 2168 639 2239 queeris,
676 2168 760 2223 vel
796 2167 850 2220 in
878 2174 931 2220 te
962 2166 1225 2236 illaquees
1261 2164 1492 2222 feminas
1527 2181 1649 2237 qua:
1688 2168 1762 2221 ita
1802 2166 1962 2224 facile

384 2260 696 2331 capiuntur.
749 2257 859 2313 Ista
907 2274 1039 2329 ergo
1090 2274 1257 2322 cave,
1308 2274 1377 2313 ne
1419 2259 1615 2314 anima:
1673 2266 1780 2314 tua:
1833 2260 1960 2331 inji-

384 2356 603 2409 ciuntur
628 2352 829 2423 laquei.

983 2574 1215 2635 CAPUT
1250 2574 1364 2631 VII.

893 2670 971 2725 De
1010 2670 1228 2725 muliere
1261 2685 1448 2738 prava.

457 2761 759 2818 Audiamus
784 2766 952 2827 enim,
982 2762 1114 2832 quid
1139 2763 1194 2815 in
1225 2759 1517 2833 Sapientia
1558 2760 1699 2817 libro
1737 2768 1962 2818 sanctus

392 2870 573 2909 SCI'IIIO
602 2854 751 2908 dicat
785 2872 798 2909 :
833 2872 851 2906 ι
888 2851 1239 2915 Fili,custodi
1286 2869 1570 2911 sermones
1611 2871 1797 2924 meos;
1841 2872 1962 2911 mea

388 2960 518 2998 vero
545 2944 798 2999 mandata
834 2944 1069 3001 reconde
1116 2943 1258 3017 apud
1299 2946 1555 3017 teipsum.
1591 2945 1688 3002 Dic
1745 2947 1963 3018 sapien-

388 3038 519 3091 tiam
551 3052 796 3093 sororem
836 3046 984 3093 tuam
1016 3053 1139 3098 esse
1160 3077 1175 3104 ,
1216 3037 1560 3109 prudentiam
1593 3046 1775 3096 autem
1802 3039 1962 3097 fami-

2059 498 2129 553 τά
2155 498 2330 570 δεσμά
2357 498 2455 569 τῆς
2483 497 2871 570 Δευτερώσιως
2887 499 2994 554 τῶν
3019 500 3357 554 ἐπεισάκτων
3383 500 3417 572 ἢ
3450 501 3642 573 παύει-ζ,

2059 590 2093 663 ἢ
2145 592 2374 663 μεταθῇ.
2434 590 2537 663 Διά
2587 590 2699 663 γάρ
2748 589 2911 646 τοῦτο
2963 592 3438 664 προσκαλούμενος
3490 595 3636 664 ἡμᾶς

2059 683 2229 753 ἔλεγε·
2268 702 2287 736 ι
2323 682 2487 736 Δεῦτε
2507 668 2649 755 πρός
2678 700 2745 754 με
2769 682 2881 754 (48)
2908 683 3109 748 πάντες
3132 685 3183 737 οί
3216 684 3516 749 κοπιῶντες
3544 687 3641 740 καὶ

2060 776 2501 847 πεφορτισμένοι,
2535 774 2688 844 κάγὼ
2722 775 3020 830 ἀναπαύσω
3054 778 3215 848 ὑμᾶς.
3249 796 3267 829 ι
3291 778 3361 832 Σὺ
3382 773 3479 831 οὖν
3509 778 3639 833 ἀνα-

2060 867 2220 935 γνοὺς
2250 868 2340 920 τὸν
2374 867 2536 938 νόμον
2581 868 2868 939 σύμφωνον
2910 868 3039 923 ὄντα
3064 869 3143 939 τῷ
3184 870 3501 941 Εὐαγγελίῳ
3543 872 3640 925 καὶ

2058 963 2171 1025 τοῖς
2223 962 2559 1033 προφήταις,
2608 960 2945 1029 ἀναγίνωσκε
2991 962 3085 1015 καὶ
3134 960 3234 1025 τάς
3284 961 3634 1027 Βασιλείους,

2059 1053 2207 1118 ὅπως
2252 1053 2450 1108 είδέναι
2504 1053 2677 1123 ἔχοις,
2720 1054 2905 1108 ὀπόσοι
2945 1053 3142 1107 δίκαιοι
3185 1054 3433 1123 ἐγένοντο
3484 1055 3642 1125 βασι-

2058 1145 2189 1209 λεῖς,
2229 1146 2323 1199 καὶ
2352 1144 2667 1217 ηὐξήθησαν
2695 1146 2800 1198 ὑπὸ
2836 1144 2993 1208 Θεοῦ,
3024 1147 3118 1200 καὶ
3147 1146 3180 1217 ή
3209 1147 3515 1215 ἐπαγγελία
3538 1148 3641 1219 τῆς

2059 1237 2277 1301 αἰωνίαν
2297 1236 2443 1307 ζωῆς
2471 1238 2654 1300 αὐτοῖς
2679 1236 2914 1306 διέμεινε
2934 1237 3233 1309 παράὐτῷ·
3264 1238 3379 1291 ὅσοι
3406 1237 3462 1292 δὲ
3484 1238 3643 1308 βασι-

2059 1328 2170 1394 λεῖς
2202 1328 2595 1400 ὲξεπόρνευσαν
2651 1329 2760 1383 ἀπὸ
2787 1327 2945 1393 Θεοῦ,
2990 1330 3051 1383 ὲν
3100 1330 3405 1401 ἀποστασία
3457 1331 3648 1385 αὐτῶν

2062 1422 2337 1493 συντόμως
2364 1420 2641 1476 ἀπώλοντο
2684 1424 2751 1493 τῇ
2781 1420 2876 1475 τοῦ
2932 1419 3069 1475 Θεοῦ
3129 1420 3516 1493 δικαιοκρισία,
3543 1423 3645 1476 καὶ

2059 1516 2158 1586 τῆς
2185 1513 2349 1569 αὑτοῦ
2380 1514 2526 1583 ζωῆς
2552 1512 2943 1585 ἐστερήθησαν,
2974 1514 3094 1567 ἀντὶ
3122 1513 3481 1577 ἀναπαύσεως
3507 1516 3645 1569 αίω-

2060 1607 2179 1681 νίαχ
2198 1606 2417 1659 κόλασιν
2444 1604 2543 1675 κλη
2553 1605 2879 1676 ρωσάμενοι.
2903 1604 3090 1660 Ταῦτα
3108 1602 3202 1660 οὖν
3227 1607 3645 1675 ἀναγινώσκων,

2060 1698 2195 1753 πολὺ
2221 1702 2287 1770 τῇ
2318 1700 2497 1753 πίστει
2516 1697 2791 1770 αὐξηθεὶς,
2822 1697 3365 1773 προσοικοδομηθήσῃ
3384 1700 3607 1772 Χριστῷ
3628 1741 3647 1763 ,

1990 1752 2032 1811 Β
2059 1784 2121 1843 οὗ
2154 1752 2313 1860 σῶιλίι
2341 1752 2439 1843 καί
2465 1752 2623 1861 μέλοξ
2642 1752 2951 1861 ἶιτυγὶάνέιςο
2983 1752 3306 1861 Περιέαίτῶζ
3336 1752 3532 1844 "sed"

2062 1884 2257 1955 ἀγορᾷ,
2292 1884 2387 1937 καὶ
2427 1882 2719 1937 λούσασθαι
2763 1883 3101 1955 βουλόμενος,
3148 1884 3328 1957 χρήσῃ
3375 1882 3649 1955 βαλανείῳ

2062 1975 2288 2047 ἀνδρείῳ
2321 1976 2465 2047 (49),
2496 1976 2583 2030 ἵνα
2616 1976 2688 2048 μὴ
2718 1976 2806 2030 διὰ
2845 1977 2906 2031 τὸ
2944 1976 3306 2031 ἐπιδεικνύναι
3362 1994 3421 2030 σε
3481 1977 3651 2049 σῶμα

2062 2069 2119 2120 ὲν
2149 2070 2381 2139 ἀσχήμῳ
2424 2068 2765 2139 ἀποκαλύψει
2822 2069 3089 2139 γυναιξὶν,
3123 2069 3157 2141 ἢ
3186 2070 3483 2123 θεάσασθαι
3512 2069 3646 2126 θέαν

2062 2162 2159 2232 οὐχ
2215 2161 2557 2233 ἁρμόζουσαν
2622 2162 2913 2234 ἀνδράσιν,
2970 2162 3004 2232 ἢ
3063 2163 3128 2217 σὺ
3182 2162 3551 2233 παγιδευθῇς,
3607 2163 3647 2233 ἢ

2064 2255 2394 2328 παγιδεύσῃς
2442 2257 2534 2310 ἐπὶ
2604 2255 2785 2327 σαυτῷ
2829 2256 2930 2319 τὰς
2968 2255 3141 2320 οὕτως
3196 2256 3499 2321 εὐαλώτους
3541 2274 3644 2326 γυ-

2060 2350 2253 2410 ναῖκας
2281 2346 2415 2417 (50).
2446 2348 2721 2402 Φυλάσσου
2763 2344 2859 2403 οὖν
2910 2348 2980 2403 τὰ
3040 2348 3287 2416 τοιαῦτα,
3309 2351 3399 2407 ἴνα
3434 2353 3511 2425 μὴ
3546 2352 3645 2406 λά-

2062 2438 2164 2509 δῃς
2193 2437 2418 2510 βρόχους
2444 2442 2511 2511 τῇ
2542 2440 2735 2495 ἑαυτοῦ
2767 2441 2932 2513 ψυχῇ-

2614 2578 3007 2632 ΚΕΦΔΛΑῙΟΝ
3048 2577 3124 2630 Ζ’.

2485 2666 2625 2736 Περὶ
2652 2670 2933 2738 γυναικὸς
2959 2670 3216 2739 φαύλης.

2133 2757 2411 2829 Μάθωμεν
2441 2759 2570 2831 γὰρ,
2599 2760 2657 2812 ὲν
2688 2762 2755 2831 τῇ
2776 2760 2947 2831 Σοφία
2964 2762 3016 2814 τί
3039 2762 3191 2830 λέγει
3215 2764 3243 2816 ό
3271 2762 3428 2833 ἅγιος
3456 2762 3639 2831 λόγος·

2067 2868 2086 2902 ι
2117 2852 2229 2910 Υἱὲ,
2262 2850 2501 2919 φύλασσε
2537 2853 2706 2922 ἐμοὺς
2746 2852 2955 2919 λόγους,
3006 2853 3104 2917 τὰς
3144 2854 3201 2908 δὲ
3246 2854 3385 2925 ὲμάς
3420 2855 3647 2919 ὲντολάς

2063 2943 2269 3017 κρύψον
2316 2942 2468 3015 παρά
2524 2943 2753 3015 σεαυτῷ.
2804 2945 2971 2999 Εἰπὸν
2998 2946 3097 3019 τὴν
3139 2948 3330 3016 σοφίαν
3360 2948 3462 3019 σὴν
3489 2950 3649 3003 ἀδελ-ι

2064 3036 2169 3107 φὴν
2198 3029 2360 3098 εἶναι,
2388 3035 2487 3107 τὴν
2514 3034 2570 3089 δὲ
2597 3036 2856 3108 φρόνησιν
2883 3036 3157 3110 γνώριμον
3178 3040 3536 3111 περιποίησαι
3566 3058 3651 3096 σερ

3260 2626 3305 2645 ιιι,

388 3130 580 3185 liarem
617 3129 713 3184 tibi
743 3144 932 3185 assere
958 3147 973 3196 ;
1003 3137 1064 3183 ut
1092 3139 1143 3184 te
1168 3140 1351 3185 servet
1382 3144 1414 3184 a
1438 3130 1667 3187 muliere
1693 3130 1871 3187 aliena
1901 3140 1954 3188 et

2064 3127 2228 3199 αυτῷ,
2260 3128 2345 3181 ἴνα
2363 3144 2421 3181 σε
2449 3129 2664 3201 τηρήσῃ
2692 3129 2801 3183 ἀπὸ
2828 3130 3086 3197 γυναικὸς
3103 3131 3388 3204 ἀλλοτρίας
3417 3134 3515 3187 καὶ
3544 3150 3647 3187 πο-

387 3222 526 3275 mala
546 3261 561 3287 ,
595 3221 642 3277 si
667 3228 719 3277 te
740 3220 922 3277 verbis
942 3221 1159 3277 blandis
1186 3221 1375 3276 adorta
1406 3222 1588 3277 fuerit.
1617 3221 1691 3278 De
1722 3222 1961 3281 fenestra

2064 3220 2253 3291 νηρᾶς,
2283 3219 2377 3271 ὲάν
2408 3235 2467 3272 σε
2510 3219 2687 3288 λόγοις
2740 3223 2851 3284 τοῖς
2903 3222 3039 3293 πρὸς
3078 3223 3237 3295 χάριν
3279 3224 3645 3296 ἑμδάλλητσι.

386 3313 532 3369 enim
560 3312 757 3369 domus
784 3330 897 3369 suae
922 3313 975 3367 in
1006 3314 1214 3383 plateas
1242 3314 1585 3384 prospiciens
1608 3354 1621 3378 ,
1655 3330 1960 3385 quemcun-

2076 3311 2207 3364 Ἀπὸ
2235 3310 2344 3383 γαρ
2385 3310 2607 3383 θυρίδος
2627 3313 2774 3365 οῐκου
2804 3314 2973 3383 αὐτῆς
3002 3316 3079 3376 είς
3106 3315 3205 3379 τὰς
3251 3315 3514 3381 πλατείας
3539 3336 3649 3371 πα-

386 3421 495 3475 que
549 3406 748 3460 viderit
806 3406 1160 3476 insipientum
1224 3405 1460 3460 filiorum
1520 3406 1957 3469 adolescentem,

2064 3402 2436 3474 ρακύπτουσα,
2469 3403 2527 3455 ὃν
2545 3402 2610 3456 ἂν
2660 3403 2744 3475 ἴδῃ
2786 3403 2892 3457 τῶν
2921 3405 3167 3475 ἀφρόνων
3194 3407 3398 3461 τέκνων
3424 3409 3647 3464 νεανίαν

386 3495 570 3551 cordis
600 3498 838 3567 inopem,
864 3504 1279 3569 praetereuntem
1313 3513 1410 3568 per
1441 3497 1642 3564 forum,
1688 3498 1743 3553 in
1772 3506 1958 3554 trans-

2064 3494 2212 3565 ἐνδεῆ
2268 3494 2499 3565 φρενῶν,
2555 3497 3067 3567 παραπορευόμενον
3110 3500 3168 3553 ὲν
3210 3500 3419 3571 ἀγορᾷ,
3446 3500 3507 3553 ὲν
3536 3500 3648 3553 διό-

391 3588 559 3643 itibus
613 3590 812 3643 aedium
844 3605 1090 3654 suarum,
1127 3596 1183 3645 et
1237 3590 1550 3659 loquentem
1595 3592 1651 3646 in
1711 3592 1955 3647 tenebris

2064 3588 2172 3651 δοις
2201 3590 2363 3642 οἴκων
2392 3589 2580 3659 αὐτῆς,
2610 3590 2703 3642 καὶ
2728 3588 2991 3643 λαλοῦντα
3020 3591 3076 3642 ὲν
3130 3590 3311 3644 σκότει
3370 3590 3647 3662 ἑσπερινῷ

387 3681 735 3751 vespertinis,
760 3696 884 3738 cum
912 3690 997 3737 est
1022 3690 1291 3737 nocturna
1317 3682 1474 3753 quies
1519 3688 1575 3737 et
1612 3684 1912 3754 caliginosa
1943 3702 1957 3737 :

463 3820 529 3851 “'
561 3818 749 3874 Matth.
776 3836 852 3884 xl,
879 3820 971 3876 28.

2070 3680 2205 3751 (5i),
2237 3681 2401 3750 ἡνίκα
2429 3679 2495 3733 ἂν
2622 3681 2822 3751 ήσυχία
2873 3682 3159 3753 νυκτερινὴ
3212 3683 3306 3737 καὶ
3333 3681 3640 3752 γνοφώδης·

1648 3972 2010 4031 VARIORUM
2046 3973 2279 4031 ΝΟΤιΕ.

460 4110 573 4184 (47)
625 4108 1103 4184 ’ξύσητᾳιητοὺς
1128 4107 1454 4184 ὑποδίκους
1483 4109 1593 4184 τῆς
1644 4110 1959 4184 ἀποκειμέ-

387 4176 502 4250 νηξ·
530 4176 733 4249 ὁρτῆς,
764 4178 880 4250 καί.
911 4176 1031 4250 Haec
1060 4180 1241 4232 omnia
1261 4179 1474 4250 desunt
1506 4176 1559 4232 in
1590 4180 1750 4236 codd.
1790 4176 1949 4237 Vind.

389 4248 1174 4324 quae,perspicuitatiscausa,
1208 4248 1330 4301 addi
1373 4257 1614 4324 potuere.
1644 4249 1813 4306 CLI-3n.

485 4317 577 4390 48)
613 4317 771 4386 Πρός
791 4334 886 4387 με.
944 4317 1103 4390 Deest
1135 4318 1188 4371 in
1213 4328 1463 4388 utroque.
1496 4318 1573 4390 Ιι).

485 4322 575 4390 48)
613 4322 771 4386 Πρός
791 4334 886 4387 με.
944 4322 1103 4372 Deest
1135 4322 1188 4371 in
1213 4328 1463 4388 utroque.
1496 4322 1573 4374 Ιι).

460 4322 571 4516 ξιθ)
609 4390 958 4469 Λούσασθαι
996 4389 1391 4470 βουλόμετςος,
1422 4387 1620 4458 χρήσῃ
1655 4388 1963 4469 βαλανείῳ

460 4481 468 4496 ι
505 4461 661 4516 θείω.
692 4458 861 4511 Erant
888 4459 1018 4511 olim
1064 4473 1119 4511 in
1160 4459 1431 4516 fidelibus.
1483 4467 1596 4512 tum
1646 4459 1858 4512 luxuria
1906 4465 1961 4512 et

387 4446 661 4530 ἀνδρείῳ.
692 4458 861 4530 Erant
888 4446 1119 4530 olim__in
1160 4446 1615 4530 ﬁdelibusJ—tum"
1646 4446 1858 4530 luxuria
1992 4446 2035 4501 D

391 4527 637 4594 lascivia,
668 4543 821 4582 more
851 4527 1151 4581 inﬁdelium
1197 4528 1535 4592 dillluentes;
1590 4534 1704 4581 tum
1746 4528 1956 4594 siinplio

390 4604 571 4658 clores
600 4613 663 4653 ac
691 4598 894 4668 idiotis.
938 4612 969 4650 a
996 4597 1199 4667 quibus
1228 4598 1427 4668 (inquit
1458 4597 1795 4667 Epiphanius
1848 4597 1961 4651 ha:-

390 4674 502 4728 resi
559 4670 649 4732 50,
700 4683 824 4737 cap.
858 4667 918 4738 7),
965 4674 1187 4738 propter
1237 4667 1617 4738 negligentiam
1669 4669 1958 4721 doctorum

390 4741 616 4813 ignaris,
658 4737 1071 4813 non_vitabatur
1126 4737 1326 4813 lavatio
1352 4737 1477 4813 cum
1526 4737 1751 4813 alterius
1794 4750 1959 4813 sexus

392 4806 725 4865 Hominibus.
758 4806 966 4861 Idcirco
991 4807 1382 4860 constitutione
1412 4806 1534 4866 hac,
1554 4813 1608 4859 et
1638 4806 1728 4859 illa
1758 4806 1959 4874 capitis

392 4881 448 4942 9,
484 4878 839 4948 prohibentur
880 4876 1073 4930 balnea
1125 4876 1435 4948 promiscua
1478 4875 1719 4948 virorum
1749 4882 1803 4927 et
1840 4890 1961 4948 inu-

393 4944 610 5005 lierum.
641 4946 950 5014 Eademque
979 4946 1291 4999 interdictio
1332 4945 1528 5014 legitur
1559 4946 1615 4998 in
1652 4944 1960 5014 canonibus

395 5019 703 5074 Laodiceno
732 5017 823 5077 '50,
862 5012 918 5069 et
956 5014 1215 5069 Trullano
1245 5014 1331 5074 77,
1373 5012 1441 5066 ad
1462 5029 1620 5082 quem
1670 5012 1959 5068 Balsamon

396 5088 670 5159 improbat
708 5088 898 5159 etia_m_
927 5084 1255 5159 lavationem
1274 5083 1484 5159 ‘balnei
1533 5084 1650 5135 viro
1692 5084 1959 5159 uxorique

394 5150 762 5214 communem.
795 5152 901 5207 Sed
959 5162 1014 5207 et
1057 5154 1231 5207 sancti
1274 5150 1464 5207 Patres
1508 5150 1957 5207 consuetudinem

394 5226 773 5299 turpitudinis,
804 5223 1035 5299 periculi
1054 5229 1109 5277 et
1156 5222 1686 5299 scandalimplenam
1718 5223 1960 5291 proseri-

498 5290 623 5351 runt
655 5313 668 5350 :
698 5290 949 5349 Clemens
976 5292 1374 5361 Alexandrinus
1402 5290 1686 5361 Pwdagogi
1718 5290 1776 5345 nl
1794 5332 1809 5355 ,
1834 5306 1957 5360 cap.

498 5314 623 5351 runt
655 5314 668 5350 Ζ
698 5314 949 5349 ωεῐιιειιδ
976 5314 1374 5347 ιιιυιίιιιυηῐιιιδ
1402 5314 1684 5361 rwaagogt
1719 5314 1776 5345 Ill
1794 5332 1809 5355 ν
1834 5314 1956 5360 cap.

396 5314 808 5438 WCyprianus
853 5363 929 5438 lle
983 5360 1373 5438 disciplina__et
1424 5360 1638 5438 Itablltt”
1662 5363 1917 5438 virginum
1939 5400 1956 5426 ,

398 5430 564 5491 cii'ca'
585 5430 766 5499 linem,
797 5440 851 5487 ct
881 5434 935 5484 in
958 5430 1198 5498 antiquis
1226 5431 1556 5485 cditionibus
1588 5432 1722 5500 libro
1742 5435 1814 5487 De
1841 5431 1959 5500 lup-

388 5510 496 5569 Asis,
527 5515 651 5559 ante
690 5506 874 5568 linem;
904 5501 1322 5570 Chrysostomus
1365 5507 1600 5553 tractatu
1629 5498 1700 5552 De
1728 5498 1942 5553 educan-

400 5578 482 5631 dis
528 5576 739 5635 liberis,
774 5588 868 5642 per
917 5572 1091 5624 virum
1127 5571 1555 5642 eruditissimum
1610 5570 1957 5642 Fijalnriscum

401 5638 790 5698 Comliclisiuni
830 5642 1047 5710 vulgato
1074 5679 1086 5703 ,
1120 5639 1314 5710 p.75;
1341 5640 1611 5710 Palladius
1657 5638 1869 5710 dialogo
1887 5644 1961 5696 De

403 5716 507 5768 ulla
534 5716 591 5769 S.
621 5707 976 5773 Chrusostonii
1001 5725 1119 5779 cap.
1161 5707 1245 5775 l3,
1286 5719 1337 5765 et
1364 5709 1725 5780 Hieronymus
1768 5707 1860 5765 lib.
1918 5727 1954 5765 ll

2065 4112 2315 4184 adversus
2360 4112 2713 4184 Δ,Ιουὶηραηιιηι
2735 4128 2855 4184 cap.
2892 4114 3015 4180 ult.,
3042 4127 3143 4184 nec
3190 4127 3299 4184 non
3348 4109 3504 4166 Nilus
3537 4112 3635 4184 lib.

2066 4198 2132 4263 tt,
2153 4183 2314 4263 epist.
2348 4182 2474 4263 ﬁll:
2508 4182 2647 4263 Quid
2681 4182 2835 4263 quod
2857 4183 3093 4263 ethnicis
3140 4182 3327 4263 multis
3379 4196 3476 4263 res

2064 4250 2291 4320 plicuit?
2324 4262 2381 4307 ut
2428 4252 2661 4307 Hesiodo
2704 4250 2759 4306 in
2806 4253 2909 4309 line
2936 4254 3057 4307 libri
3099 4268 3136 4305 ll
3172 4251 3400 4320 Operam
3426 4260 3479 4304 et
3511 4250 3629 4306 Die-

2066 4338 2204 4384 rum,
2225 4321 2383 4389 cujus
2411 4337 2602 4377 versus
2634 4322 2886 4376 laudatur
2906 4339 2936 4377 a
2950 4323 3225 4378 Clemente
3239 4320 3633 4377 Alexandrino.

2068 4389 2242 4461 Varro
2272 4393 2365 4447 lib.
2401 4409 2524 4453 vIIl,
2551 4391 2625 4445 De
2649 4390 3051 4461 linguaLatina,
3084 4400 3209 4461 post
3238 4389 3501 4446 medium.
3534 4389 3639 4445 Ubi

2065 4460 2188 4541 bina
2214 4471 2387 4541 essent
2415 4461 2696 4541 conjuncti:
2717 4460 3213 4541 wdniﬁcianlavnndi
3241 4474 3436 4541 ειη-ξας.
3466 4475 3635 4541 unum

2063 4530 2151 4583 ubi
2182 4533 2302 4590 viri,
2333 4527 2558 4585 alterum
2587 4528 2675 4582 ubi
2699 4527 2942 4583 mulieres
2968 4531 3292 4583 lavarentur.
3325 4527 3390 4581 Et
3425 4528 3479 4581 in
3515 4527 3645 4581 His-

2066 4602 2201 4653 toria
2232 4601 2468 4669 Augusta
2502 4598 2736 4669 refertur
2760 4600 2905 4668 quod
2934 4599 3207 4669 Adrianus
3262 4599 3478 4669 lavacra
3531 4611 3635 4664 pm

2060 4670 2282 4738 sexibus
2304 4666 2661 4738 separaverit,
2686 4666 3006 4738 Antoninus
3023 4668 3383 4738 philosOphus
3408 4666 3632 4738 lavacra

2060 4736 2223 4789 mista
2248 4735 2605 4799 submoverit,
2636 4736 2944 4794 Alexander
2983 4735 3219 4793 severus
3245 4735 3436 4790 balnea
3464 4735 3633 4789 mista

2057 4802 2244 4877 Bonna:
2274 4805 2615 4877 prohibuerit
2634 4806 2899 4877 exhiberi.
2935 4806 3177 4877 Denique
3201 4822 3297 4877 per
3322 4807 3467 4877 leges
3497 4805 3630 4877 civi-

2059 4874 2139 4928 les
2171 4874 2369 4928 licebat
2398 4876 2597 4928 marito
2621 4876 2908 4944 repudium
2950 4874 3166 4931 mittere
3203 4874 3406 4934 'uxori,
3464 4875 3512 4929 si
3564 4889 3630 4927 ea

2057 4952 2249 4998 contra
2265 4946 2440 5013 ipsius
2482 4946 2813 5000 voluntatem
2837 4961 2961 5000 cum
2990 4947 3125 5000 viris
3151 4944 3425 5001 extraneis
3480 4945 3637 5013 lava-

2057 5012 2349 5085 ret_.AAbsit
2377 5014 2561 5085 itaque
2583 5022 2643 5085 ut
2665 5024 2790 5084 post
2809 5016 3097 5085 Evagrium
3132 5017 3229 5070 lib.
3281 5031 3320 5077 ι,
3362 5029 3488 5083 cap.
3528 5012 3630 5085 21.

2056 5092 2111 5155 et
2138 5082 2504 5153 Nicephorum
2546 5082 2783 5155 libfxlv,
2809 5082 2945 5155 cap:
2955 5086 3045 5148 50,
3094 5086 3379 5155 laudemus
3406 5082 3634 5155 stultos

2056 5152 2181 5208 illos
2207 5152 2440 5217 ascetas,
2465 5154 2557 5222 qui
2586 5155 2715 5208 dum
2748 5155 2851 5210 sibi
2877 5152 3107 5218 ἀπαθεῖς
3134 5170 3257 5210 esse
3280 5154 3632 5216 videbantur,

2055 5223 2304 5277 solebant
2322 5225 2543 5279 balneas
2567 5225 2740 5289 adire,
2771 5232 2831 5278 ut
2864 5240 2972 5279 una
3009 5240 3133 5281 cum
3169 5223 3497 5278 mulieribus
3545 5222 3633 5275 la-

2053 5300 2334 5347 varentur.
2366 5293 2503 5348 Cor.

2128 5362 2241 5433 (50)
2269 5363 2378 5428 Τὰς
2404 5365 2590 5433 οὕτως
2616 5362 2957 5429 εὐαλώτους

2057 5441 2288 5488 utrouuc
2312 5434 2450 5486 libro
2477 5432 2783 5488 Viudobon.
2806 5433 2975 5487 (Σιειι.

2150 5450 2288 5555 οἶμαι
2314 5450 2450 5486 ιιι)ῑο
2485 5450 2783 5513 Vinaouon.
2806 5450 2975 5487 LLER.
3297 5501 3323 5512 _

2150 5502 2183 5554 5
2221 5502 2372 5573 )Kal
2388 5506 2694 5573 λαλᾳυχζα
2718 5503 2788 5557 ἐν
2808 5504 3011 5556 σκότει
3037 5500 3469 5573 ἑσπερινῳπΜε.
3490 5498 3608 5569 Reg

2053 5570 2179 5627 495.
2212 5570 2494 5626 καλοῦντα.
2527 5572 2690 5634 LXX,
2726 5580 2820 5625 aut
2862 5570 3200 5640 scripserunt
3254 5571 3511 5631 ἀλοῦντα,
3545 5588 3633 5624 er-

2057 5652 2280 5703 rantem,
2315 5652 2607 5711 vagantem,
2638 5643 2788 5712 quod
2818 5644 3029 5697 accedit
3061 5643 3129 5697 ad
3176 5642 3631 5711 significationem

2058 5712 2207 5767 verbi
2228 5723 2337 5777 ππ
2359 5712 2533 5784 gradi,
2564 5714 2717 5780 itare,
2758 5720 2852 5769 aut
2881 5715 3124 5788 legerunt
3153 5722 3289 5792 p373?
3318 5727 3350 5766 a
3370 5721 3487 5777 by}:
3517 5712 3634 5765 cla-

2985 5362 3292 5433 γυναῒκας.
3327 5361 3535 5418 Desunt
3572 5361 3631 5415 in
