  <div class='ocr_page' id='page_1' title='image "/cluster/home/n/w/nwhite01/storage/ocr_20150623/1/nnc1.0022106693/307.png"; bbox 0 0 3884 6180; ppageno 0'>
   <div class='ocr_carea' id='block_1_1' title="bbox 382 300 491 358">
    <p class='ocr_par' dir='ltr' id='par_1_1' title="bbox 382 300 491 358">
     <span class='ocr_line' id='line_1_1' title="bbox 382 300 491 358; baseline 0.009 -3"><span class='ocrx_word' id='word_1_1' title='bbox 382 300 491 358; x_wconf 69' lang='grc' dir='ltr'>δτι)</span> 
     </span>
    </p>
   </div>
   <div class='ocr_carea' id='block_1_2' title="bbox 1259 295 2798 358">
    <p class='ocr_par' dir='ltr' id='par_1_2' title="bbox 1259 295 2798 358">
     <span class='ocr_line' id='line_1_2' title="bbox 1259 295 2798 358; baseline 0.002 -3"><span class='ocrx_word' id='word_1_2' title='bbox 1259 295 1319 355; x_wconf 90' lang='lat' dir='ltr'><strong>S.</strong></span> <span class='ocrx_word' id='word_1_3' title='bbox 1363 295 1760 353; x_wconf 77' lang='lat' dir='ltr'><strong>CLEMENTIS</strong></span> <span class='ocrx_word' id='word_1_4' title='bbox 1798 299 1816 354; x_wconf 93' lang='grc'><strong>1</strong></span> <span class='ocrx_word' id='word_1_5' title='bbox 1860 297 2026 354; x_wconf 70' lang='grc' dir='ltr'>ιιοιι.</span> <span class='ocrx_word' id='word_1_6' title='bbox 2065 297 2268 356; x_wconf 78' lang='lat' dir='ltr'><strong>PONT.</strong></span> <span class='ocrx_word' id='word_1_7' title='bbox 2309 299 2536 354; x_wconf 79' lang='lat' dir='ltr'><strong>OPERA</strong></span> <span class='ocrx_word' id='word_1_8' title='bbox 2571 300 2798 358; x_wconf 77' lang='lat' dir='ltr'><strong>DUBlA.</strong></span> 
     </span>
    </p>
   </div>
   <div class='ocr_carea' id='block_1_3' title="bbox 3535 304 3650 360">
    <p class='ocr_par' dir='ltr' id='par_1_3' title="bbox 3535 304 3650 360">
     <span class='ocr_line' id='line_1_3' title="bbox 3535 304 3650 360; baseline -0.009 0"><span class='ocrx_word' id='word_1_9' title='bbox 3535 304 3650 360; x_wconf 83' lang='lat'><strong>530</strong></span> 
     </span>
    </p>
   </div>
   <div class='ocr_carea' id='block_1_4' title="bbox 378 411 1993 496">
    <p class='ocr_par' dir='ltr' id='par_1_4' title="bbox 378 411 1993 487">
     <span class='ocr_line' id='line_1_4' title="bbox 378 411 1993 487; baseline 0.001 -17"><span class='ocrx_word' id='word_1_10' title='bbox 378 425 476 487; x_wconf 89' lang='lat' dir='ltr'><strong>put</strong></span> <span class='ocrx_word' id='word_1_11' title='bbox 499 422 584 470; x_wconf 88' lang='lat' dir='ltr'><strong>est</strong></span> <span class='ocrx_word' id='word_1_12' title='bbox 622 412 907 474; x_wconf 73' lang='lat' dir='ltr'><strong>mulieris,</strong></span> <span class='ocrx_word' id='word_1_13' title='bbox 936 411 1040 466; x_wconf 87' lang='lat' dir='ltr'><strong>viri</strong></span> <span class='ocrx_word' id='word_1_14' title='bbox 1085 421 1268 468; x_wconf 81' lang='lat' dir='ltr'><strong>autem</strong></span> <span class='ocrx_word' id='word_1_15' title='bbox 1314 415 1372 470; x_wconf 85' lang='lat' dir='ltr'><strong>in</strong></span> <span class='ocrx_word' id='word_1_16' title='bbox 1417 415 1506 468; x_wconf 84' lang='lat' dir='ltr'><strong>via</strong></span> <span class='ocrx_word' id='word_1_17' title='bbox 1542 414 1770 485; x_wconf 77' lang='lat' dir='ltr'><strong>justitia:</strong></span> <span class='ocrx_word' id='word_1_18' title='bbox 1809 415 1993 476; x_wconf 46' lang='lat' dir='ltr'><strong>ince‘,</strong></span> 
     </span>
    </p>
   </div>
   <div class='ocr_carea' id='block_1_5' title="bbox 2089 411 3663 496">
    <p class='ocr_par' dir='ltr' id='par_1_5' title="bbox 2089 413 3663 496">
     <span class='ocr_line' id='line_1_5' title="bbox 2089 413 3663 496; baseline 0.008 -30"><span class='ocrx_word' id='word_1_19' title='bbox 2089 413 2268 486; x_wconf 63' lang='grc' dir='ltr'>εεςταλὴ</span> <span class='ocrx_word' id='word_1_20' title='bbox 2297 416 2397 487; x_wconf 82' lang='grc' dir='ltr'>τῆς</span> <span class='ocrx_word' id='word_1_21' title='bbox 2422 417 2679 485; x_wconf 78' lang='grc' dir='ltr'>γυναικὸς</span> <span class='ocrx_word' id='word_1_22' title='bbox 2707 419 2734 470; x_wconf 92' lang='lat'><strong>6</strong></span> <span class='ocrx_word' id='word_1_23' title='bbox 2772 417 2910 489; x_wconf 77' lang='grc' dir='ltr'>ἀνὴρ</span> <span class='ocrx_word' id='word_1_24' title='bbox 2955 417 3216 490; x_wconf 80' lang='grc' dir='ltr'>ύπάρχει’</span> <span class='ocrx_word' id='word_1_25' title='bbox 3246 417 3342 474; x_wconf 80' lang='grc' dir='ltr'><strong>τοῦ</strong></span> <span class='ocrx_word' id='word_1_26' title='bbox 3371 420 3429 475; x_wconf 81' lang='grc' dir='ltr'><strong>δέ</strong></span> <span class='ocrx_word' id='word_1_27' title='bbox 3458 423 3663 496; x_wconf 78' lang='grc' dir='ltr'>ἀνδρὸς</span> 
     </span>
    </p>
   </div>
   <div class='ocr_carea' id='block_1_6' title="bbox 375 504 1954 578">
    <p class='ocr_par' dir='ltr' id='par_1_6' title="bbox 375 504 1954 578">
     <span class='ocr_line' id='line_1_6' title="bbox 375 504 1954 578; baseline 0.001 -16"><span class='ocrx_word' id='word_1_28' title='bbox 375 506 559 562; x_wconf 77' lang='lat' dir='ltr'><strong>dentis</strong></span> <span class='ocrx_word' id='word_1_29' title='bbox 586 514 754 576; x_wconf 88' lang='lat' dir='ltr'><strong>caput</strong></span> <span class='ocrx_word' id='word_1_30' title='bbox 782 511 867 560; x_wconf 85' lang='lat' dir='ltr'><strong>est</strong></span> <span class='ocrx_word' id='word_1_31' title='bbox 897 504 1184 572; x_wconf 79' lang='lat' dir='ltr'><strong>Christus;</strong></span> <span class='ocrx_word' id='word_1_32' title='bbox 1211 507 1418 562; x_wconf 80' lang='lat' dir='ltr'><strong>Christi</strong></span> <span class='ocrx_word' id='word_1_33' title='bbox 1438 522 1572 562; x_wconf 77' lang='lat' dir='ltr'><strong>vero</strong></span> <span class='ocrx_word' id='word_1_34' title='bbox 1593 514 1778 578; x_wconf 87' lang='lat' dir='ltr'><strong>caput,</strong></span> <span class='ocrx_word' id='word_1_35' title='bbox 1811 505 1954 564; x_wconf 87' lang='lat' dir='ltr'><strong>Deus</strong></span> 
     </span>
    </p>
   </div>
   <div class='ocr_carea' id='block_1_7' title="bbox 373 597 1960 670">
    <p class='ocr_par' dir='ltr' id='par_1_7' title="bbox 373 597 1960 670">
     <span class='ocr_line' id='line_1_7' title="bbox 373 597 1960 670; baseline -0.001 -15"><span class='ocrx_word' id='word_1_36' title='bbox 373 608 430 655; x_wconf 83' lang='lat' dir='ltr'><strong>et</strong></span> <span class='ocrx_word' id='word_1_37' title='bbox 456 598 616 653; x_wconf 85' lang='lat' dir='ltr'><strong>Pater</strong></span> <span class='ocrx_word' id='word_1_38' title='bbox 644 599 766 668; x_wconf 85' lang='lat' dir='ltr'><strong>ejus</strong></span> <span class='ocrx_word' id='word_1_39' title='bbox 790 605 832 653; x_wconf 82' lang='grc'><strong><em>⁸.</em></strong></span> <span class='ocrx_word' id='word_1_40' title='bbox 862 597 1002 668; x_wconf 86' lang='lat' dir='ltr'><strong>Ergo</strong></span> <span class='ocrx_word' id='word_1_41' title='bbox 1034 607 1158 668; x_wconf 92' lang='lat' dir='ltr'><strong>post</strong></span> <span class='ocrx_word' id='word_1_42' title='bbox 1190 600 1624 670; x_wconf 75' lang='lat' dir='ltr'><strong>omnipotentem</strong></span> <span class='ocrx_word' id='word_1_43' title='bbox 1658 599 1826 655; x_wconf 73' lang='lat' dir='ltr'><strong>Deum</strong></span> <span class='ocrx_word' id='word_1_44' title='bbox 1860 616 1960 654; x_wconf 77' lang='lat' dir='ltr'><strong>no-</strong></span> 
     </span>
    </p>
   </div>
   <div class='ocr_carea' id='block_1_8' title="bbox 378 689 1960 762">
    <p class='ocr_par' dir='ltr' id='par_1_8' title="bbox 378 689 1960 762">
     <span class='ocr_line' id='line_1_8' title="bbox 378 689 1960 762; baseline 0.001 -16"><span class='ocrx_word' id='word_1_45' title='bbox 378 700 581 755; x_wconf 84' lang='lat' dir='ltr'><strong>strum,</strong></span> <span class='ocrx_word' id='word_1_46' title='bbox 615 699 669 744; x_wconf 92' lang='lat' dir='ltr'><strong>et</strong></span> <span class='ocrx_word' id='word_1_47' title='bbox 687 689 926 752; x_wconf 86' lang='lat' dir='ltr'><strong>Patrem,</strong></span> <span class='ocrx_word' id='word_1_48' title='bbox 953 692 1239 762; x_wconf 75' lang='lat' dir='ltr'><strong>praesentis</strong></span> <span class='ocrx_word' id='word_1_49' title='bbox 1263 702 1316 746; x_wconf 90' lang='lat' dir='ltr'><strong>et</strong></span> <span class='ocrx_word' id='word_1_50' title='bbox 1363 691 1528 747; x_wconf 83' lang='lat' dir='ltr'><strong>futuri</strong></span> <span class='ocrx_word' id='word_1_51' title='bbox 1567 693 1749 748; x_wconf 66' lang='lat' dir='ltr'><strong>seaculi</strong></span> <span class='ocrx_word' id='word_1_52' title='bbox 1775 693 1960 748; x_wconf 84' lang='lat' dir='ltr'><strong>Domi-</strong></span> 
     </span>
    </p>
   </div>
   <div class='ocr_carea' id='block_1_9' title="bbox 378 783 1964 856">
    <p class='ocr_par' dir='ltr' id='par_1_9' title="bbox 378 783 1964 856">
     <span class='ocr_line' id='line_1_9' title="bbox 378 783 1964 856; baseline 0.004 -20"><span class='ocrx_word' id='word_1_53' title='bbox 378 797 536 846; x_wconf 90' lang='lat' dir='ltr'><strong>num,</strong></span> <span class='ocrx_word' id='word_1_54' title='bbox 569 783 752 838; x_wconf 89' lang='lat' dir='ltr'><strong>omnis</strong></span> <span class='ocrx_word' id='word_1_55' title='bbox 793 784 1020 854; x_wconf 83' lang='lat' dir='ltr'><strong>spiritus</strong></span> <span class='ocrx_word' id='word_1_56' title='bbox 1045 793 1100 839; x_wconf 91' lang='lat' dir='ltr'><strong>et</strong></span> <span class='ocrx_word' id='word_1_57' title='bbox 1122 785 1343 840; x_wconf 89' lang='lat' dir='ltr'><strong>virtutis</strong></span> <span class='ocrx_word' id='word_1_58' title='bbox 1369 786 1730 850; x_wconf 84' lang='lat' dir='ltr'><strong>conditorem,</strong></span> <span class='ocrx_word' id='word_1_59' title='bbox 1763 796 1814 840; x_wconf 90' lang='lat' dir='ltr'><strong>et</strong></span> <span class='ocrx_word' id='word_1_60' title='bbox 1839 797 1964 856; x_wconf 85' lang='lat' dir='ltr'><strong>post</strong></span> 
     </span>
    </p>
   </div>
   <div class='ocr_carea' id='block_1_10' title="bbox 378 871 1958 940">
    <p class='ocr_par' dir='ltr' id='par_1_10' title="bbox 378 871 1958 940">
     <span class='ocr_line' id='line_1_10' title="bbox 378 871 1958 940; baseline 0.003 -13"><span class='ocrx_word' id='word_1_61' title='bbox 378 871 637 928; x_wconf 90' lang='lat' dir='ltr'><strong>dilectum</strong></span> <span class='ocrx_word' id='word_1_62' title='bbox 669 875 816 930; x_wconf 88' lang='lat' dir='ltr'><strong>illius</strong></span> <span class='ocrx_word' id='word_1_63' title='bbox 849 873 1070 940; x_wconf 85' lang='lat' dir='ltr'><strong>Filium,</strong></span> <span class='ocrx_word' id='word_1_64' title='bbox 1123 877 1410 931; x_wconf 87' lang='lat' dir='ltr'><strong>Dominum</strong></span> <span class='ocrx_word' id='word_1_65' title='bbox 1467 886 1716 933; x_wconf 90' lang='lat' dir='ltr'><strong>nostrum</strong></span> <span class='ocrx_word' id='word_1_66' title='bbox 1774 877 1958 932; x_wconf 85' lang='lat' dir='ltr'><strong>Jesum</strong></span> 
     </span>
    </p>
   </div>
   <div class='ocr_carea' id='block_1_11' title="bbox 379 963 1958 1039">
    <p class='ocr_par' dir='ltr' id='par_1_11' title="bbox 379 963 1958 1039">
     <span class='ocr_line' id='line_1_11' title="bbox 379 963 1958 1039; baseline 0.001 -19"><span class='ocrx_word' id='word_1_67' title='bbox 379 963 688 1031; x_wconf 87' lang='lat' dir='ltr'><strong>Christum,</strong></span> <span class='ocrx_word' id='word_1_68' title='bbox 721 983 815 1037; x_wconf 91' lang='lat' dir='ltr'><strong>per</strong></span> <span class='ocrx_word' id='word_1_69' title='bbox 853 985 1014 1039; x_wconf 88' lang='lat' dir='ltr'><strong>quem</strong></span> <span class='ocrx_word' id='word_1_70' title='bbox 1034 970 1204 1039; x_wconf 79' lang='lat' dir='ltr'><strong>gloria</strong></span> <span class='ocrx_word' id='word_1_71' title='bbox 1228 970 1375 1038; x_wconf 90' lang='lat' dir='ltr'><strong>Deo;</strong></span> <span class='ocrx_word' id='word_1_72' title='bbox 1399 971 1531 1026; x_wconf 87' lang='lat' dir='ltr'><strong>time</strong></span> <span class='ocrx_word' id='word_1_73' title='bbox 1567 971 1746 1024; x_wconf 87' lang='lat' dir='ltr'><strong>virum</strong></span> <span class='ocrx_word' id='word_1_74' title='bbox 1780 979 1958 1035; x_wconf 90' lang='lat' dir='ltr'><strong>tuum,</strong></span> 
     </span>
    </p>
   </div>
   <div class='ocr_carea' id='block_1_12' title="bbox 382 1058 1958 1134">
    <p class='ocr_par' dir='ltr' id='par_1_12' title="bbox 382 1058 1958 1134">
     <span class='ocr_line' id='line_1_12' title="bbox 382 1058 1958 1134; baseline 0.001 -22"><span class='ocrx_word' id='word_1_75' title='bbox 382 1071 418 1112; x_wconf 95' lang='lat' dir='ltr'><strong>o</strong></span> <span class='ocrx_word' id='word_1_76' title='bbox 446 1058 662 1124; x_wconf 83' lang='lat' dir='ltr'><strong>mulier,</strong></span> <span class='ocrx_word' id='word_1_77' title='bbox 687 1067 742 1113; x_wconf 91' lang='lat' dir='ltr'><strong>et</strong></span> <span class='ocrx_word' id='word_1_78' title='bbox 768 1076 1016 1118; x_wconf 83' lang='lat' dir='ltr'><strong>reverere</strong></span> <span class='ocrx_word' id='word_1_79' title='bbox 1043 1079 1199 1129; x_wconf 87' lang='lat' dir='ltr'><strong>eum;</strong></span> <span class='ocrx_word' id='word_1_80' title='bbox 1232 1065 1333 1133; x_wconf 88' lang='lat' dir='ltr'><strong>ipsi</strong></span> <span class='ocrx_word' id='word_1_81' title='bbox 1366 1065 1468 1118; x_wconf 92' lang='lat' dir='ltr'><strong>soli</strong></span> <span class='ocrx_word' id='word_1_82' title='bbox 1515 1065 1734 1134; x_wconf 84' lang='lat' dir='ltr'><strong>placere</strong></span> <span class='ocrx_word' id='word_1_83' title='bbox 1777 1063 1958 1125; x_wconf 86' lang='lat' dir='ltr'><strong>stude,</strong></span> 
     </span>
    </p>
   </div>
   <div class='ocr_carea' id='block_1_13' title="bbox 382 1151 1964 1226">
    <p class='ocr_par' dir='ltr' id='par_1_13' title="bbox 382 1151 1964 1226">
     <span class='ocr_line' id='line_1_13' title="bbox 382 1151 1964 1226; baseline 0.002 -21"><span class='ocrx_word' id='word_1_84' title='bbox 382 1155 438 1206; x_wconf 86' lang='lat' dir='ltr'><strong>et</strong></span> <span class='ocrx_word' id='word_1_85' title='bbox 469 1165 567 1220; x_wconf 89' lang='lat' dir='ltr'><strong>per</strong></span> <span class='ocrx_word' id='word_1_86' title='bbox 599 1151 964 1206; x_wconf 83' lang='lat' dir='ltr'><strong>ministerium</strong></span> <span class='ocrx_word' id='word_1_87' title='bbox 997 1161 1152 1208; x_wconf 91' lang='lat' dir='ltr'><strong>tuum</strong></span> <span class='ocrx_word' id='word_1_88' title='bbox 1187 1155 1262 1208; x_wconf 91' lang='lat' dir='ltr'><strong>illi</strong></span> <span class='ocrx_word' id='word_1_89' title='bbox 1297 1163 1450 1226; x_wconf 86' lang='lat' dir='ltr'><strong>grata</strong></span> <span class='ocrx_word' id='word_1_90' title='bbox 1491 1156 1757 1219; x_wconf 79' lang='lat' dir='ltr'><strong>existere,</strong></span> <span class='ocrx_word' id='word_1_91' title='bbox 1790 1162 1850 1209; x_wconf 93' lang='lat' dir='ltr'><strong>ut</strong></span> <span class='ocrx_word' id='word_1_92' title='bbox 1894 1157 1964 1208; x_wconf 85' lang='lat' dir='ltr'><strong>oh</strong></span> 
     </span>
    </p>
   </div>
   <div class='ocr_carea' id='block_1_14' title="bbox 383 1244 1966 1316">
    <p class='ocr_par' dir='ltr' id='par_1_14' title="bbox 383 1244 1966 1316">
     <span class='ocr_line' id='line_1_14' title="bbox 383 1244 1966 1316; baseline 0.001 -19"><span class='ocrx_word' id='word_1_93' title='bbox 383 1250 441 1298; x_wconf 81' lang='lat' dir='ltr'><strong>te</strong></span> <span class='ocrx_word' id='word_1_94' title='bbox 493 1245 657 1298; x_wconf 89' lang='lat' dir='ltr'><strong>etiam</strong></span> <span class='ocrx_word' id='word_1_95' title='bbox 693 1244 885 1300; x_wconf 89' lang='lat' dir='ltr'><strong>beatus</strong></span> <span class='ocrx_word' id='word_1_96' title='bbox 942 1245 1268 1316; x_wconf 53' lang='lat' dir='ltr'><strong>praedicetur</strong></span> <span class='ocrx_word' id='word_1_97' title='bbox 1310 1261 1339 1298; x_wconf 95' lang='lat' dir='ltr'><strong>a</strong></span> <span class='ocrx_word' id='word_1_98' title='bbox 1372 1245 1674 1316; x_wconf 89' lang='lat' dir='ltr'><strong>Sapientia,</strong></span> <span class='ocrx_word' id='word_1_99' title='bbox 1703 1261 1824 1315; x_wconf 62' lang='lat' dir='ltr'><strong>quae</strong></span> <span class='ocrx_word' id='word_1_100' title='bbox 1870 1261 1966 1315; x_wconf 84' lang='lat' dir='ltr'><strong>per</strong></span> 
     </span>
    </p>
   </div>
   <div class='ocr_carea' id='block_1_15' title="bbox 384 1331 1968 1408">
    <p class='ocr_par' dir='ltr' id='par_1_15' title="bbox 384 1331 1968 1408">
     <span class='ocr_line' id='line_1_15' title="bbox 384 1331 1968 1408; baseline 0.003 -22"><span class='ocrx_word' id='word_1_101' title='bbox 384 1331 736 1390; x_wconf 87' lang='lat' dir='ltr'><strong>Salomonem</strong></span> <span class='ocrx_word' id='word_1_102' title='bbox 764 1336 878 1392; x_wconf 64' lang='lat' dir='ltr'><strong>han:</strong></span> <span class='ocrx_word' id='word_1_103' title='bbox 909 1339 985 1391; x_wconf 90' lang='lat' dir='ltr'><strong>ait</strong></span> <span class='ocrx_word' id='word_1_104' title='bbox 1021 1356 1034 1392; x_wconf 92' lang='lat'><strong>:</strong></span> <span class='ocrx_word' id='word_1_105' title='bbox 1075 1356 1094 1388; x_wconf 79' lang='grc' dir='ltr'><strong>ι</strong></span> <span class='ocrx_word' id='word_1_106' title='bbox 1137 1337 1414 1392; x_wconf 82' lang='lat' dir='ltr'><strong>Mulierem</strong></span> <span class='ocrx_word' id='word_1_107' title='bbox 1447 1338 1640 1392; x_wconf 82' lang='lat' dir='ltr'><strong>fortem</strong></span> <span class='ocrx_word' id='word_1_108' title='bbox 1666 1337 1791 1408; x_wconf 88' lang='lat' dir='ltr'><strong>quis</strong></span> <span class='ocrx_word' id='word_1_109' title='bbox 1815 1337 1968 1391; x_wconf 88' lang='lat' dir='ltr'><strong>inve-</strong></span> 
     </span>
    </p>
   </div>
   <div class='ocr_carea' id='block_1_16' title="bbox 386 1425 1962 1500">
    <p class='ocr_par' dir='ltr' id='par_1_16' title="bbox 386 1425 1962 1500">
     <span class='ocr_line' id='line_1_16' title="bbox 386 1425 1962 1500; baseline 0.003 -22"><span class='ocrx_word' id='word_1_110' title='bbox 386 1425 538 1480; x_wconf 70' lang='lat' dir='ltr'><strong>niet?</strong></span> <span class='ocrx_word' id='word_1_111' title='bbox 563 1427 943 1482; x_wconf 69' lang='lat' dir='ltr'><strong>aestimabilior</strong></span> <span class='ocrx_word' id='word_1_112' title='bbox 993 1435 1175 1483; x_wconf 90' lang='lat' dir='ltr'><strong>autem</strong></span> <span class='ocrx_word' id='word_1_113' title='bbox 1212 1436 1299 1484; x_wconf 92' lang='lat' dir='ltr'><strong>est</strong></span> <span class='ocrx_word' id='word_1_114' title='bbox 1353 1429 1625 1500; x_wconf 81' lang='lat' dir='ltr'><strong>lapidibus</strong></span> <span class='ocrx_word' id='word_1_115' title='bbox 1684 1429 1962 1499; x_wconf 83' lang='lat' dir='ltr'><strong>pretiosis,</strong></span> 
     </span>
    </p>
   </div>
   <div class='ocr_carea' id='block_1_17' title="bbox 391 1517 1968 1590">
    <p class='ocr_par' dir='ltr' id='par_1_17' title="bbox 391 1517 1968 1590">
     <span class='ocr_line' id='line_1_17' title="bbox 391 1517 1968 1590; baseline 0.002 -21"><span class='ocrx_word' id='word_1_116' title='bbox 391 1531 518 1586; x_wconf 66' lang='lat' dir='ltr'><strong>qua</strong></span> <span class='ocrx_word' id='word_1_117' title='bbox 547 1517 675 1573; x_wconf 89' lang='lat' dir='ltr'><strong>talis</strong></span> <span class='ocrx_word' id='word_1_118' title='bbox 701 1528 785 1574; x_wconf 86' lang='lat' dir='ltr'><strong>est</strong></span> <span class='ocrx_word' id='word_1_119' title='bbox 812 1537 827 1574; x_wconf 74' lang='grc' dir='ltr'><strong>τ</strong></span> <span class='ocrx_word' id='word_1_120' title='bbox 855 1520 1079 1574; x_wconf 91' lang='lat' dir='ltr'><strong>conﬁdit</strong></span> <span class='ocrx_word' id='word_1_121' title='bbox 1104 1521 1157 1574; x_wconf 94' lang='lat' dir='ltr'><strong>in</strong></span> <span class='ocrx_word' id='word_1_122' title='bbox 1194 1536 1256 1575; x_wconf 89' lang='lat' dir='ltr'><strong>ea</strong></span> <span class='ocrx_word' id='word_1_123' title='bbox 1287 1535 1383 1574; x_wconf 92' lang='lat' dir='ltr'><strong>cor</strong></span> <span class='ocrx_word' id='word_1_124' title='bbox 1413 1521 1514 1576; x_wconf 90' lang='lat' dir='ltr'><strong>viri</strong></span> <span class='ocrx_word' id='word_1_125' title='bbox 1537 1519 1658 1588; x_wconf 85' lang='lat' dir='ltr'><strong>ejus</strong></span> <span class='ocrx_word' id='word_1_126' title='bbox 1686 1540 1698 1575; x_wconf 92' lang='lat'><strong>:</strong></span> <span class='ocrx_word' id='word_1_127' title='bbox 1737 1535 1859 1590; x_wconf 63' lang='lat' dir='ltr'><strong>qua:</strong></span> <span class='ocrx_word' id='word_1_128' title='bbox 1885 1530 1968 1575; x_wconf 86' lang='lat' dir='ltr'><strong>ta-</strong></span> 
     </span>
    </p>
   </div>
   <div class='ocr_carea' id='block_1_18' title="bbox 389 1607 1968 1684">
    <p class='ocr_par' dir='ltr' id='par_1_18' title="bbox 389 1607 1968 1684">
     <span class='ocr_line' id='line_1_18' title="bbox 389 1607 1968 1684; baseline 0.002 -22"><span class='ocrx_word' id='word_1_129' title='bbox 389 1607 458 1664; x_wconf 85' lang='lat' dir='ltr'><strong>lis</strong></span> <span class='ocrx_word' id='word_1_130' title='bbox 481 1618 585 1674; x_wconf 90' lang='lat' dir='ltr'><strong>est,</strong></span> <span class='ocrx_word' id='word_1_131' title='bbox 617 1611 810 1680; x_wconf 81' lang='lat' dir='ltr'><strong>spoliis</strong></span> <span class='ocrx_word' id='word_1_132' title='bbox 843 1627 951 1666; x_wconf 91' lang='lat' dir='ltr'><strong>non</strong></span> <span class='ocrx_word' id='word_1_133' title='bbox 980 1613 1196 1682; x_wconf 79' lang='lat' dir='ltr'><strong>egebit;</strong></span> <span class='ocrx_word' id='word_1_134' title='bbox 1223 1622 1484 1684; x_wconf 85' lang='lat' dir='ltr'><strong>operatur</strong></span> <span class='ocrx_word' id='word_1_135' title='bbox 1513 1614 1658 1667; x_wconf 89' lang='lat' dir='ltr'><strong>enim</strong></span> <span class='ocrx_word' id='word_1_136' title='bbox 1686 1612 1804 1667; x_wconf 72' lang='lat' dir='ltr'><strong>viro</strong></span> <span class='ocrx_word' id='word_1_137' title='bbox 1827 1613 1968 1667; x_wconf 90' lang='lat' dir='ltr'><strong>bona</strong></span> 
     </span>
    </p>
   </div>
   <div class='ocr_carea' id='block_1_19' title="bbox 388 1703 1966 1770">
    <p class='ocr_par' dir='ltr' id='par_1_19' title="bbox 388 1703 1966 1770">
     <span class='ocr_line' id='line_1_19' title="bbox 388 1703 1966 1770; baseline 0.006 -18"><span class='ocrx_word' id='word_1_138' title='bbox 388 1713 488 1769; x_wconf 80' lang='lat' dir='ltr'><strong>per</strong></span> <span class='ocrx_word' id='word_1_139' title='bbox 517 1716 734 1756; x_wconf 89' lang='lat' dir='ltr'><strong>omnem</strong></span> <span class='ocrx_word' id='word_1_140' title='bbox 770 1703 936 1757; x_wconf 82' lang='lat' dir='ltr'><strong>vitam</strong></span> <span class='ocrx_word' id='word_1_141' title='bbox 972 1705 1291 1761; x_wconf 88' lang='lat' dir='ltr'><strong>:deducens</strong></span> <span class='ocrx_word' id='word_1_142' title='bbox 1334 1707 1510 1761; x_wconf 89' lang='lat' dir='ltr'><strong>lanam</strong></span> <span class='ocrx_word' id='word_1_143' title='bbox 1551 1714 1604 1760; x_wconf 90' lang='lat' dir='ltr'><strong>et</strong></span> <span class='ocrx_word' id='word_1_144' title='bbox 1645 1706 1843 1770; x_wconf 91' lang='lat' dir='ltr'><strong>linum,</strong></span> <span class='ocrx_word' id='word_1_145' title='bbox 1886 1705 1966 1761; x_wconf 83' lang='lat' dir='ltr'><strong>l&#39;e-</strong></span> 
     </span>
    </p>
   </div>
   <div class='ocr_carea' id='block_1_20' title="bbox 387 1791 1969 1868">
    <p class='ocr_par' dir='ltr' id='par_1_20' title="bbox 387 1791 1969 1868">
     <span class='ocr_line' id='line_1_20' title="bbox 387 1791 1969 1868; baseline 0.005 -25"><span class='ocrx_word' id='word_1_146' title='bbox 387 1791 466 1844; x_wconf 84' lang='lat' dir='ltr'><strong>eit</strong></span> <span class='ocrx_word' id='word_1_147' title='bbox 499 1791 653 1845; x_wconf 88' lang='lat' dir='ltr'><strong>utilia</strong></span> <span class='ocrx_word' id='word_1_148' title='bbox 688 1795 942 1850; x_wconf 88' lang='lat' dir='ltr'><strong>manibus</strong></span> <span class='ocrx_word' id='word_1_149' title='bbox 972 1796 1091 1850; x_wconf 85' lang='lat' dir='ltr'><strong>suis</strong></span> <span class='ocrx_word' id='word_1_150' title='bbox 1121 1816 1132 1851; x_wconf 92' lang='lat'><strong>:</strong></span> <span class='ocrx_word' id='word_1_151' title='bbox 1167 1796 1309 1852; x_wconf 82' lang='lat' dir='ltr'><strong>facta</strong></span> <span class='ocrx_word' id='word_1_152' title='bbox 1338 1804 1422 1853; x_wconf 89' lang='lat' dir='ltr'><strong>est</strong></span> <span class='ocrx_word' id='word_1_153' title='bbox 1445 1797 1591 1852; x_wconf 89' lang='lat' dir='ltr'><strong>velut</strong></span> <span class='ocrx_word' id='word_1_154' title='bbox 1614 1799 1769 1851; x_wconf 89' lang='lat' dir='ltr'><strong>navis</strong></span> <span class='ocrx_word' id='word_1_155' title='bbox 1802 1812 1969 1868; x_wconf 82' lang='lat' dir='ltr'><strong>nego-</strong></span> 
     </span>
    </p>
   </div>
   <div class='ocr_carea' id='block_1_21' title="bbox 389 1883 1969 1961">
    <p class='ocr_par' dir='ltr' id='par_1_21' title="bbox 389 1883 1969 1961">
     <span class='ocr_line' id='line_1_21' title="bbox 389 1883 1969 1961; baseline 0.005 -26"><span class='ocrx_word' id='word_1_156' title='bbox 389 1883 558 1946; x_wconf 87' lang='lat' dir='ltr'><strong>tians,</strong></span> <span class='ocrx_word' id='word_1_157' title='bbox 593 1885 661 1940; x_wconf 91' lang='lat' dir='ltr'><strong>de</strong></span> <span class='ocrx_word' id='word_1_158' title='bbox 688 1886 845 1958; x_wconf 83' lang='lat' dir='ltr'><strong>longe</strong></span> <span class='ocrx_word' id='word_1_159' title='bbox 876 1903 1218 1961; x_wconf 88' lang='lat' dir='ltr'><strong>congregans</strong></span> <span class='ocrx_word' id='word_1_160' title='bbox 1265 1891 1315 1945; x_wconf 91' lang='lat' dir='ltr'><strong>ei</strong></span> <span class='ocrx_word' id='word_1_161' title='bbox 1348 1892 1513 1945; x_wconf 89' lang='lat' dir='ltr'><strong>vitam</strong></span> <span class='ocrx_word' id='word_1_162' title='bbox 1569 1909 1583 1946; x_wconf 75' lang='grc' dir='ltr'><strong>ι</strong></span> <span class='ocrx_word' id='word_1_163' title='bbox 1624 1901 1678 1946; x_wconf 91' lang='lat' dir='ltr'><strong>et</strong></span> <span class='ocrx_word' id='word_1_164' title='bbox 1728 1891 1969 1946; x_wconf 83' lang='lat' dir='ltr'><strong>surrexit</strong></span> 
     </span>
    </p>
   </div>
   <div class='ocr_carea' id='block_1_22' title="bbox 387 1979 1966 2052">
    <p class='ocr_par' dir='ltr' id='par_1_22' title="bbox 387 1979 1966 2052">
     <span class='ocr_line' id='line_1_22' title="bbox 387 1979 1966 2052; baseline 0.003 -19"><span class='ocrx_word' id='word_1_165' title='bbox 387 1979 458 2034; x_wconf 88' lang='lat' dir='ltr'><strong>de</strong></span> <span class='ocrx_word' id='word_1_166' title='bbox 479 1987 659 2044; x_wconf 88' lang='lat' dir='ltr'><strong>nocte,</strong></span> <span class='ocrx_word' id='word_1_167' title='bbox 682 1988 738 2036; x_wconf 92' lang='lat' dir='ltr'><strong>et</strong></span> <span class='ocrx_word' id='word_1_168' title='bbox 760 1981 911 2036; x_wconf 91' lang='lat' dir='ltr'><strong>dedit</strong></span> <span class='ocrx_word' id='word_1_169' title='bbox 949 1998 1109 2038; x_wconf 76' lang='lat' dir='ltr'><strong>escas</strong></span> <span class='ocrx_word' id='word_1_170' title='bbox 1137 1983 1376 2047; x_wconf 72' lang='lat' dir='ltr'><strong>familiae,</strong></span> <span class='ocrx_word' id='word_1_171' title='bbox 1408 1999 1472 2037; x_wconf 91' lang='lat' dir='ltr'><strong>ac</strong></span> <span class='ocrx_word' id='word_1_172' title='bbox 1502 1998 1664 2052; x_wconf 83' lang='lat' dir='ltr'><strong>Opera</strong></span> <span class='ocrx_word' id='word_1_173' title='bbox 1703 1983 1919 2037; x_wconf 88' lang='lat' dir='ltr'><strong>ancillis</strong></span> <span class='ocrx_word' id='word_1_174' title='bbox 1953 2002 1966 2037; x_wconf 91' lang='lat'><strong>:</strong></span> 
     </span>
    </p>
   </div>
   <div class='ocr_carea' id='block_1_23' title="bbox 389 2072 1970 2145">
    <p class='ocr_par' dir='ltr' id='par_1_23' title="bbox 389 2072 1970 2145">
     <span class='ocr_line' id='line_1_23' title="bbox 389 2072 1970 2145; baseline 0.002 -19"><span class='ocrx_word' id='word_1_175' title='bbox 389 2072 763 2128; x_wconf 82' lang='lat' dir='ltr'><strong>consideravit</strong></span> <span class='ocrx_word' id='word_1_176' title='bbox 792 2090 984 2145; x_wconf 87' lang='lat' dir='ltr'><strong>agrum</strong></span> <span class='ocrx_word' id='word_1_177' title='bbox 1017 2084 1071 2132; x_wconf 90' lang='lat' dir='ltr'><strong>et</strong></span> <span class='ocrx_word' id='word_1_178' title='bbox 1106 2077 1260 2142; x_wconf 90' lang='lat' dir='ltr'><strong>emit,</strong></span> <span class='ocrx_word' id='word_1_179' title='bbox 1315 2084 1369 2131; x_wconf 90' lang='lat' dir='ltr'><strong>et</strong></span> <span class='ocrx_word' id='word_1_180' title='bbox 1420 2077 1487 2131; x_wconf 92' lang='lat' dir='ltr'><strong>de</strong></span> <span class='ocrx_word' id='word_1_181' title='bbox 1533 2076 1806 2130; x_wconf 77' lang='lat' dir='ltr'><strong>fructibus</strong></span> <span class='ocrx_word' id='word_1_182' title='bbox 1849 2091 1970 2129; x_wconf 93' lang='lat' dir='ltr'><strong>ma-</strong></span> 
     </span>
    </p>
   </div>
   <div class='ocr_carea' id='block_1_24' title="bbox 395 2169 1973 2239">
    <p class='ocr_par' dir='ltr' id='par_1_24' title="bbox 395 2169 1973 2239">
     <span class='ocr_line' id='line_1_24' title="bbox 395 2169 1973 2239; baseline 0.002 -20"><span class='ocrx_word' id='word_1_183' title='bbox 395 2179 565 2220; x_wconf 86' lang='lat' dir='ltr'><strong>nuum</strong></span> <span class='ocrx_word' id='word_1_184' title='bbox 587 2181 812 2222; x_wconf 87' lang='lat' dir='ltr'><strong>suarum</strong></span> <span class='ocrx_word' id='word_1_185' title='bbox 862 2169 1128 2238; x_wconf 80' lang='lat' dir='ltr'><strong>plantavit</strong></span> <span class='ocrx_word' id='word_1_186' title='bbox 1188 2169 1595 2239; x_wconf 84' lang='lat' dir='ltr'><strong>possessionem</strong></span> <span class='ocrx_word' id='word_1_187' title='bbox 1662 2188 1672 2220; x_wconf 91' lang='lat'><strong>:</strong></span> <span class='ocrx_word' id='word_1_188' title='bbox 1736 2169 1973 2223; x_wconf 80' lang='lat' dir='ltr'><strong>accinxit</strong></span> 
     </span>
    </p>
   </div>
   <div class='ocr_carea' id='block_1_25' title="bbox 391 2253 1973 2332">
    <p class='ocr_par' dir='ltr' id='par_1_25' title="bbox 391 2253 1973 2332">
     <span class='ocr_line' id='line_1_25' title="bbox 391 2253 1973 2332; baseline 0.006 -24"><span class='ocrx_word' id='word_1_189' title='bbox 391 2253 608 2312; x_wconf 86' lang='lat' dir='ltr'><strong>lumbos</strong></span> <span class='ocrx_word' id='word_1_190' title='bbox 637 2273 789 2326; x_wconf 87' lang='lat' dir='ltr'><strong>suos,</strong></span> <span class='ocrx_word' id='word_1_191' title='bbox 821 2258 1058 2313; x_wconf 88' lang='lat' dir='ltr'><strong>ﬁrmavit</strong></span> <span class='ocrx_word' id='word_1_192' title='bbox 1080 2261 1302 2316; x_wconf 89' lang='lat' dir='ltr'><strong>brachia</strong></span> <span class='ocrx_word' id='word_1_193' title='bbox 1323 2278 1420 2317; x_wconf 88' lang='lat' dir='ltr'><strong>sua</strong></span> <span class='ocrx_word' id='word_1_194' title='bbox 1448 2270 1533 2316; x_wconf 87' lang='lat' dir='ltr'><strong>:et</strong></span> <span class='ocrx_word' id='word_1_195' title='bbox 1564 2263 1802 2331; x_wconf 82' lang='lat' dir='ltr'><strong>gustavit</strong></span> <span class='ocrx_word' id='word_1_196' title='bbox 1826 2263 1973 2332; x_wconf 94' lang='lat' dir='ltr'><strong>quod</strong></span> 
     </span>
    </p>
   </div>
   <div class='ocr_carea' id='block_1_26' title="bbox 395 2347 1974 2425">
    <p class='ocr_par' dir='ltr' id='par_1_26' title="bbox 395 2347 1974 2425">
     <span class='ocr_line' id='line_1_26' title="bbox 395 2347 1974 2425; baseline 0.006 -23"><span class='ocrx_word' id='word_1_197' title='bbox 395 2347 598 2402; x_wconf 90' lang='lat' dir='ltr'><strong>bonum</strong></span> <span class='ocrx_word' id='word_1_198' title='bbox 645 2358 729 2406; x_wconf 87' lang='lat' dir='ltr'><strong>est</strong></span> <span class='ocrx_word' id='word_1_199' title='bbox 757 2353 1012 2422; x_wconf 88' lang='lat' dir='ltr'><strong>operari;</strong></span> <span class='ocrx_word' id='word_1_200' title='bbox 1061 2364 1116 2408; x_wconf 90' lang='lat' dir='ltr'><strong>et</strong></span> <span class='ocrx_word' id='word_1_201' title='bbox 1167 2370 1275 2408; x_wconf 92' lang='lat' dir='ltr'><strong>non</strong></span> <span class='ocrx_word' id='word_1_202' title='bbox 1331 2355 1700 2425; x_wconf 85' lang='lat' dir='ltr'><strong>exstinguitur</strong></span> <span class='ocrx_word' id='word_1_203' title='bbox 1749 2355 1974 2411; x_wconf 89' lang='lat' dir='ltr'><strong>lucerna</strong></span> 
     </span>
    </p>
   </div>
   <div class='ocr_carea' id='block_1_27' title="bbox 392 2441 1976 2511">
    <p class='ocr_par' dir='ltr' id='par_1_27' title="bbox 392 2441 1976 2511">
     <span class='ocr_line' id='line_1_27' title="bbox 392 2441 1976 2511; baseline 0.005 -14"><span class='ocrx_word' id='word_1_204' title='bbox 392 2441 518 2511; x_wconf 73' lang='lat' dir='ltr'><strong>ejus</strong></span> <span class='ocrx_word' id='word_1_205' title='bbox 572 2451 686 2497; x_wconf 91' lang='lat' dir='ltr'><strong>tota</strong></span> <span class='ocrx_word' id='word_1_206' title='bbox 745 2453 903 2500; x_wconf 90' lang='lat' dir='ltr'><strong>nocte</strong></span> <span class='ocrx_word' id='word_1_207' title='bbox 947 2462 960 2499; x_wconf 89' lang='lat'><strong>:</strong></span> <span class='ocrx_word' id='word_1_208' title='bbox 1006 2447 1220 2502; x_wconf 87' lang='lat' dir='ltr'><strong>cubitos</strong></span> <span class='ocrx_word' id='word_1_209' title='bbox 1272 2461 1402 2502; x_wconf 91' lang='lat' dir='ltr'><strong>suos</strong></span> <span class='ocrx_word' id='word_1_210' title='bbox 1454 2451 1521 2502; x_wconf 86' lang='lat' dir='ltr'><strong>ad</strong></span> <span class='ocrx_word' id='word_1_211' title='bbox 1575 2449 1729 2502; x_wconf 92' lang='lat' dir='ltr'><strong>utilia</strong></span> <span class='ocrx_word' id='word_1_212' title='bbox 1781 2457 1976 2505; x_wconf 85' lang='lat' dir='ltr'><strong>exten-</strong></span> 
     </span>
    </p>
   </div>
   <div class='ocr_carea' id='block_1_28' title="bbox 395 2533 1976 2599">
    <p class='ocr_par' dir='ltr' id='par_1_28' title="bbox 395 2533 1976 2599">
     <span class='ocr_line' id='line_1_28' title="bbox 395 2533 1976 2599; baseline 0.006 -11"><span class='ocrx_word' id='word_1_213' title='bbox 395 2533 524 2599; x_wconf 86' lang='lat' dir='ltr'><strong>dit,</strong></span> <span class='ocrx_word' id='word_1_214' title='bbox 596 2551 793 2592; x_wconf 90' lang='lat' dir='ltr'><strong>manus</strong></span> <span class='ocrx_word' id='word_1_215' title='bbox 877 2553 1008 2593; x_wconf 88' lang='lat' dir='ltr'><strong>suas</strong></span> <span class='ocrx_word' id='word_1_216' title='bbox 1081 2538 1261 2593; x_wconf 92' lang='lat' dir='ltr'><strong>ﬁrmat</strong></span> <span class='ocrx_word' id='word_1_217' title='bbox 1339 2540 1406 2594; x_wconf 83' lang='lat' dir='ltr'><strong>ad</strong></span> <span class='ocrx_word' id='word_1_218' title='bbox 1476 2541 1656 2595; x_wconf 79' lang='lat' dir='ltr'><strong>fusum</strong></span> <span class='ocrx_word' id='word_1_219' title='bbox 1706 2559 1720 2596; x_wconf 92' lang='lat'><strong>:</strong></span> <span class='ocrx_word' id='word_1_220' title='bbox 1780 2558 1976 2598; x_wconf 91' lang='lat' dir='ltr'><strong>manus</strong></span> 
     </span>
    </p>
   </div>
   <div class='ocr_carea' id='block_1_29' title="bbox 395 2632 1978 2703">
    <p class='ocr_par' dir='ltr' id='par_1_29' title="bbox 395 2632 1978 2703">
     <span class='ocr_line' id='line_1_29' title="bbox 395 2632 1978 2703; baseline 0.005 -23"><span class='ocrx_word' id='word_1_221' title='bbox 395 2633 578 2682; x_wconf 84' lang='lat' dir='ltr'><strong>autem</strong></span> <span class='ocrx_word' id='word_1_222' title='bbox 628 2643 759 2683; x_wconf 87' lang='lat' dir='ltr'><strong>suas</strong></span> <span class='ocrx_word' id='word_1_223' title='bbox 806 2632 1020 2700; x_wconf 91' lang='lat' dir='ltr'><strong>aperuit</strong></span> <span class='ocrx_word' id='word_1_224' title='bbox 1078 2633 1342 2701; x_wconf 86' lang='lat' dir='ltr'><strong>pauperi;</strong></span> <span class='ocrx_word' id='word_1_225' title='bbox 1396 2635 1633 2703; x_wconf 91' lang='lat' dir='ltr'><strong>palmam</strong></span> <span class='ocrx_word' id='word_1_226' title='bbox 1701 2649 1832 2690; x_wconf 88' lang='lat' dir='ltr'><strong>vero</strong></span> <span class='ocrx_word' id='word_1_227' title='bbox 1881 2652 1978 2688; x_wconf 82' lang='lat' dir='ltr'><strong>cx-</strong></span> 
     </span>
    </p>
   </div>
   <div class='ocr_carea' id='block_1_30' title="bbox 396 2718 1978 2796">
    <p class='ocr_par' dir='ltr' id='par_1_30' title="bbox 396 2718 1978 2796">
     <span class='ocr_line' id='line_1_30' title="bbox 396 2718 1978 2796; baseline 0.004 -22"><span class='ocrx_word' id='word_1_228' title='bbox 396 2718 574 2774; x_wconf 78' lang='lat' dir='ltr'><strong>tendit</strong></span> <span class='ocrx_word' id='word_1_229' title='bbox 625 2720 775 2790; x_wconf 90' lang='lat' dir='ltr'><strong>inopi</strong></span> <span class='ocrx_word' id='word_1_230' title='bbox 825 2740 839 2776; x_wconf 92' lang='lat'><strong>:</strong></span> <span class='ocrx_word' id='word_1_231' title='bbox 884 2737 991 2776; x_wconf 92' lang='lat' dir='ltr'><strong>non</strong></span> <span class='ocrx_word' id='word_1_232' title='bbox 1047 2730 1134 2777; x_wconf 91' lang='lat' dir='ltr'><strong>est</strong></span> <span class='ocrx_word' id='word_1_233' title='bbox 1179 2723 1452 2780; x_wconf 91' lang='lat' dir='ltr'><strong>sollicitus</strong></span> <span class='ocrx_word' id='word_1_234' title='bbox 1512 2725 1580 2779; x_wconf 89' lang='lat' dir='ltr'><strong>de</strong></span> <span class='ocrx_word' id='word_1_235' title='bbox 1636 2725 1702 2780; x_wconf 92' lang='lat' dir='ltr'><strong>iis</strong></span> <span class='ocrx_word' id='word_1_236' title='bbox 1763 2727 1856 2796; x_wconf 90' lang='lat' dir='ltr'><strong>qui</strong></span> <span class='ocrx_word' id='word_1_237' title='bbox 1922 2728 1978 2782; x_wconf 90' lang='lat' dir='ltr'><strong>in</strong></span> 
     </span>
    </p>
   </div>
   <div class='ocr_carea' id='block_1_31' title="bbox 397 2809 1980 2888">
    <p class='ocr_par' dir='ltr' id='par_1_31' title="bbox 397 2809 1980 2888">
     <span class='ocr_line' id='line_1_31' title="bbox 397 2809 1980 2888; baseline 0.006 -24"><span class='ocrx_word' id='word_1_238' title='bbox 397 2809 584 2878; x_wconf 88' lang='lat' dir='ltr'><strong>domo,</strong></span> <span class='ocrx_word' id='word_1_239' title='bbox 648 2814 732 2867; x_wconf 90' lang='lat' dir='ltr'><strong>vir</strong></span> <span class='ocrx_word' id='word_1_240' title='bbox 791 2813 950 2882; x_wconf 87' lang='lat' dir='ltr'><strong>ejus;</strong></span> <span class='ocrx_word' id='word_1_241' title='bbox 1011 2829 1204 2870; x_wconf 86' lang='lat' dir='ltr'><strong>omnes</strong></span> <span class='ocrx_word' id='word_1_242' title='bbox 1257 2817 1404 2872; x_wconf 87' lang='lat' dir='ltr'><strong>enim</strong></span> <span class='ocrx_word' id='word_1_243' title='bbox 1479 2819 1571 2887; x_wconf 89' lang='lat' dir='ltr'><strong>qui</strong></span> <span class='ocrx_word' id='word_1_244' title='bbox 1643 2820 1784 2888; x_wconf 92' lang='lat' dir='ltr'><strong>apud</strong></span> <span class='ocrx_word' id='word_1_245' title='bbox 1859 2836 1980 2874; x_wconf 89' lang='lat' dir='ltr'><strong>eam</strong></span> 
     </span>
    </p>
   </div>
   <div class='ocr_carea' id='block_1_32' title="bbox 399 2905 1986 2976">
    <p class='ocr_par' dir='ltr' id='par_1_32' title="bbox 399 2905 1986 2976">
     <span class='ocr_line' id='line_1_32' title="bbox 399 2905 1986 2976; baseline 0.003 -18"><span class='ocrx_word' id='word_1_246' title='bbox 399 2911 554 2967; x_wconf 69' lang='lat' dir='ltr'><strong>sunt,</strong></span> <span class='ocrx_word' id='word_1_247' title='bbox 585 2905 768 2959; x_wconf 80' lang='lat' dir='ltr'><strong>vestiti</strong></span> <span class='ocrx_word' id='word_1_248' title='bbox 788 2916 918 2960; x_wconf 85' lang='lat' dir='ltr'><strong>sunt</strong></span> <span class='ocrx_word' id='word_1_249' title='bbox 949 2905 1154 2976; x_wconf 91' lang='lat' dir='ltr'><strong>duplici</strong></span> <span class='ocrx_word' id='word_1_250' title='bbox 1182 2908 1321 2962; x_wconf 89' lang='lat' dir='ltr'><strong>stola</strong></span> <span class='ocrx_word' id='word_1_251' title='bbox 1348 2927 1361 2962; x_wconf 90' lang='lat'>:</span> <span class='ocrx_word' id='word_1_252' title='bbox 1394 2919 1448 2964; x_wconf 90' lang='lat' dir='ltr'><strong>et</strong></span> <span class='ocrx_word' id='word_1_253' title='bbox 1468 2908 1592 2963; x_wconf 76' lang='lat' dir='ltr'><strong>fecit</strong></span> <span class='ocrx_word' id='word_1_254' title='bbox 1616 2912 1732 2965; x_wconf 91' lang='lat' dir='ltr'><strong>viro</strong></span> <span class='ocrx_word' id='word_1_255' title='bbox 1769 2927 1868 2966; x_wconf 92' lang='lat' dir='ltr'><strong>suo</strong></span> <span class='ocrx_word' id='word_1_256' title='bbox 1902 2909 1986 2963; x_wconf 73' lang='lat' dir='ltr'><strong>la:-</strong></span> 
     </span>
    </p>
   </div>
   <div class='ocr_carea' id='block_1_33' title="bbox 401 2997 1980 3074">
    <p class='ocr_par' dir='ltr' id='par_1_33' title="bbox 401 2997 1980 3074">
     <span class='ocr_line' id='line_1_33' title="bbox 401 2997 1980 3074; baseline 0.004 -22"><span class='ocrx_word' id='word_1_257' title='bbox 401 3009 538 3066; x_wconf 71' lang='lat' dir='ltr'><strong>uls;</strong></span> <span class='ocrx_word' id='word_1_258' title='bbox 565 3011 633 3052; x_wconf 83' lang='lat' dir='ltr'><strong>ex</strong></span> <span class='ocrx_word' id='word_1_259' title='bbox 665 2997 833 3068; x_wconf 85' lang='lat' dir='ltr'><strong>bysso</strong></span> <span class='ocrx_word' id='word_1_260' title='bbox 875 3013 940 3053; x_wconf 90' lang='lat' dir='ltr'><strong>ac</strong></span> <span class='ocrx_word' id='word_1_261' title='bbox 973 3015 1215 3069; x_wconf 91' lang='lat' dir='ltr'><strong>purpura</strong></span> <span class='ocrx_word' id='word_1_262' title='bbox 1257 3001 1577 3056; x_wconf 90' lang='lat' dir='ltr'><strong>indumenta</strong></span> <span class='ocrx_word' id='word_1_263' title='bbox 1604 3021 1616 3057; x_wconf 93' lang='lat'>:</span> <span class='ocrx_word' id='word_1_264' title='bbox 1645 3005 1980 3074; x_wconf 90' lang='lat' dir='ltr'><strong>conspicuus</strong></span> 
     </span>
    </p>
   </div>
   <div class='ocr_carea' id='block_1_34' title="bbox 2059 507 3662 585">
    <p class='ocr_par' dir='ltr' id='par_1_34' title="bbox 2059 507 3662 585">
     <span class='ocr_line' id='line_1_34' title="bbox 2059 507 3662 585; baseline 0.007 -25"><span class='ocrx_word' id='word_1_265' title='bbox 2059 507 2154 560; x_wconf 79' lang='grc' dir='ltr'>τοῦ</span> <span class='ocrx_word' id='word_1_266' title='bbox 2188 509 2550 580; x_wconf 81' lang='grc' dir='ltr'><strong>πορευομένου</strong></span> <span class='ocrx_word' id='word_1_267' title='bbox 2583 511 2640 563; x_wconf 88' lang='grc' dir='ltr'><strong>ἐν</strong></span> <span class='ocrx_word' id='word_1_268' title='bbox 2669 510 2773 581; x_wconf 81' lang='grc' dir='ltr'><strong>ὁδῷ</strong></span> <span class='ocrx_word' id='word_1_269' title='bbox 2799 511 3163 581; x_wconf 75' lang='grc' dir='ltr'><strong>δικαιοσύνης,</strong></span> <span class='ocrx_word' id='word_1_270' title='bbox 3205 513 3412 585; x_wconf 74' lang='grc' dir='ltr'>κεφαλή</span> <span class='ocrx_word' id='word_1_271' title='bbox 3445 515 3601 570; x_wconf 89' lang='grc' dir='ltr'>ἐστιν</span> <span class='ocrx_word' id='word_1_272' title='bbox 3633 519 3662 570; x_wconf 98' lang='lat'><strong>6</strong></span> 
     </span>
    </p>
   </div>
   <div class='ocr_carea' id='block_1_35' title="bbox 2060 599 3662 674">
    <p class='ocr_par' dir='ltr' id='par_1_35' title="bbox 2060 599 3662 674">
     <span class='ocr_line' id='line_1_35' title="bbox 2060 599 3662 674; baseline 0.006 -23"><span class='ocrx_word' id='word_1_273' title='bbox 2060 600 2312 674; x_wconf 65' lang='grc' dir='ltr'>Χριστός</span> <span class='ocrx_word' id='word_1_274' title='bbox 2359 599 2454 654; x_wconf 80' lang='grc' dir='ltr'>τοῦ</span> <span class='ocrx_word' id='word_1_275' title='bbox 2475 601 2709 672; x_wconf 79' lang='grc' dir='ltr'><strong>Χριστοῦ</strong></span> <span class='ocrx_word' id='word_1_276' title='bbox 2739 602 2795 655; x_wconf 82' lang='grc' dir='ltr'>δὲ</span> <span class='ocrx_word' id='word_1_277' title='bbox 2824 603 3032 674; x_wconf 75' lang='grc' dir='ltr'>κεφαλὴ</span> <span class='ocrx_word' id='word_1_278' title='bbox 3059 605 3088 655; x_wconf 89' lang='grc' dir='ltr'><strong>ὁ</strong></span> <span class='ocrx_word' id='word_1_279' title='bbox 3115 602 3246 666; x_wconf 79' lang='grc' dir='ltr'>Θεὸς</span> <span class='ocrx_word' id='word_1_280' title='bbox 3267 605 3376 673; x_wconf 85' lang='grc'>(58)</span> <span class='ocrx_word' id='word_1_281' title='bbox 3407 607 3506 659; x_wconf 85' lang='grc' dir='ltr'>καὶ</span> <span class='ocrx_word' id='word_1_282' title='bbox 3544 608 3662 660; x_wconf 88' lang='grc' dir='ltr'><strong>Πα-</strong></span> 
     </span>
    </p>
   </div>
   <div class='ocr_carea' id='block_1_36' title="bbox 2061 671 3662 769">
    <p class='ocr_par' dir='ltr' id='par_1_36' title="bbox 2061 671 3662 769">
     <span class='ocr_line' id='line_1_36' title="bbox 2061 671 3662 769; baseline 0.005 -26"><span class='ocrx_word' id='word_1_283' title='bbox 2061 671 2378 762; x_wconf 56' lang='grc' dir='ltr'><strong>τὴόαὑτοῦ.</strong></span> <span class='ocrx_word' id='word_1_284' title='bbox 2424 671 2575 746; x_wconf 80' lang='grc' dir='ltr'>Μετὰ</span> <span class='ocrx_word' id='word_1_285' title='bbox 2609 687 2709 746; x_wconf 66' lang='grc' dir='ltr'>οὖν</span> <span class='ocrx_word' id='word_1_286' title='bbox 2737 694 2828 746; x_wconf 73' lang='grc' dir='ltr'><strong>τὸν</strong></span> <span class='ocrx_word' id='word_1_287' title='bbox 2857 671 3282 767; x_wconf 9' lang='grc' dir='ltr'>παντοκράτοραῌ</span> <span class='ocrx_word' id='word_1_288' title='bbox 3304 671 3440 750; x_wconf 75' lang='grc' dir='ltr'>Θεὸν</span> <span class='ocrx_word' id='word_1_289' title='bbox 3468 699 3662 769; x_wconf 77' lang='grc' dir='ltr'>ἡμῶν,</span> 
     </span>
    </p>
   </div>
   <div class='ocr_carea' id='block_1_37' title="bbox 2061 783 3673 858">
    <p class='ocr_par' dir='ltr' id='par_1_37' title="bbox 2061 783 3673 858">
     <span class='ocr_line' id='line_1_37' title="bbox 2061 783 3673 858; baseline 0.004 -22"><span class='ocrx_word' id='word_1_290' title='bbox 2061 783 2156 836; x_wconf 79' lang='grc' dir='ltr'>καὶ</span> <span class='ocrx_word' id='word_1_291' title='bbox 2185 784 2425 854; x_wconf 84' lang='grc' dir='ltr'><strong>Πατέρα,</strong></span> <span class='ocrx_word' id='word_1_292' title='bbox 2457 783 2551 836; x_wconf 80' lang='grc' dir='ltr'>τοῦ</span> <span class='ocrx_word' id='word_1_293' title='bbox 2582 801 2638 837; x_wconf 86' lang='grc' dir='ltr'><strong>τε</strong></span> <span class='ocrx_word' id='word_1_294' title='bbox 2660 785 2952 849; x_wconf 79' lang='grc' dir='ltr'>ἐνεστῶτος</span> <span class='ocrx_word' id='word_1_295' title='bbox 2970 786 3063 839; x_wconf 76' lang='grc' dir='ltr'>καὶ</span> <span class='ocrx_word' id='word_1_296' title='bbox 3091 785 3186 839; x_wconf 79' lang='grc' dir='ltr'>τοῦ</span> <span class='ocrx_word' id='word_1_297' title='bbox 3220 787 3507 858; x_wconf 83' lang='grc' dir='ltr'>μέλλοντος</span> <span class='ocrx_word' id='word_1_298' title='bbox 3539 791 3673 843; x_wconf 82' lang='grc' dir='ltr'>αίῶ-</span> 
     </span>
    </p>
   </div>
   <div class='ocr_carea' id='block_1_38' title="bbox 2061 873 3667 954">
    <p class='ocr_par' dir='ltr' id='par_1_38' title="bbox 2061 873 3667 954">
     <span class='ocr_line' id='line_1_38' title="bbox 2061 873 3667 954; baseline 0.005 -26"><span class='ocrx_word' id='word_1_299' title='bbox 2061 891 2150 938; x_wconf 83' lang='grc' dir='ltr'><strong>νος</strong></span> <span class='ocrx_word' id='word_1_300' title='bbox 2169 873 2392 946; x_wconf 84' lang='grc' dir='ltr'><strong>Κύριον,</strong></span> <span class='ocrx_word' id='word_1_301' title='bbox 2416 875 2596 946; x_wconf 80' lang='grc' dir='ltr'><strong>πάσης</strong></span> <span class='ocrx_word' id='word_1_302' title='bbox 2611 893 2668 928; x_wconf 90' lang='grc' dir='ltr'><strong>τε</strong></span> <span class='ocrx_word' id='word_1_303' title='bbox 2690 876 2858 946; x_wconf 80' lang='grc' dir='ltr'>πνοῆς</span> <span class='ocrx_word' id='word_1_304' title='bbox 2880 878 3272 949; x_wconf 74' lang='grc' dir='ltr'>καὶδυνάμεως</span> <span class='ocrx_word' id='word_1_305' title='bbox 3298 880 3667 954; x_wconf 79' lang='grc' dir='ltr'>δημιουργὸν,</span> 
     </span>
    </p>
   </div>
   <div class='ocr_carea' id='block_1_39' title="bbox 2065 966 3671 1045">
    <p class='ocr_par' dir='ltr' id='par_1_39' title="bbox 2065 966 3671 1045">
     <span class='ocr_line' id='line_1_39' title="bbox 2065 966 3671 1045; baseline 0.006 -26"><span class='ocrx_word' id='word_1_306' title='bbox 2065 966 2279 1021; x_wconf 73' lang='grc' dir='ltr'>καὶτὸν</span> <span class='ocrx_word' id='word_1_307' title='bbox 2311 967 2666 1038; x_wconf 75' lang='grc' dir='ltr'><strong>ἠγαπημένον</strong></span> <span class='ocrx_word' id='word_1_308' title='bbox 2709 969 2876 1022; x_wconf 81' lang='grc' dir='ltr'>αύτοῦ</span> <span class='ocrx_word' id='word_1_309' title='bbox 2933 969 3060 1024; x_wconf 81' lang='grc' dir='ltr'>Υίὸν</span> <span class='ocrx_word' id='word_1_310' title='bbox 3105 970 3196 1023; x_wconf 78' lang='grc' dir='ltr'>τὸν</span> <span class='ocrx_word' id='word_1_311' title='bbox 3243 971 3447 1044; x_wconf 84' lang='grc' dir='ltr'>Κύριον</span> <span class='ocrx_word' id='word_1_312' title='bbox 3497 975 3671 1045; x_wconf 78' lang='grc' dir='ltr'>ἡμῶν</span> 
     </span>
    </p>
   </div>
   <div class='ocr_carea' id='block_1_40' title="bbox 2078 1055 3672 1146">
    <p class='ocr_par' dir='ltr' id='par_1_40' title="bbox 2078 1055 3672 1146">
     <span class='ocr_line' id='line_1_40' title="bbox 2078 1055 3672 1146; baseline -0.001 -34"><span class='ocrx_word' id='word_1_313' title='bbox 2078 1059 2283 1146; x_wconf 62' lang='grc' dir='ltr'>’ῐησεῦν</span> <span class='ocrx_word' id='word_1_314' title='bbox 2309 1060 2400 1114; x_wconf 82' lang='grc' dir='ltr'><strong>τὸν</strong></span> <span class='ocrx_word' id='word_1_315' title='bbox 2418 1061 2669 1146; x_wconf 84' lang='grc' dir='ltr'>Χριστὸν,</span> <span class='ocrx_word' id='word_1_316' title='bbox 2707 1055 2767 1114; x_wconf 72' lang='grc' dir='ltr'>οὗ</span> <span class='ocrx_word' id='word_1_317' title='bbox 2784 1064 2826 1096; x_wconf 74' lang='grc' dir='ltr'><strong>δ’</strong></span> <span class='ocrx_word' id='word_1_318' title='bbox 2854 1065 2886 1134; x_wconf 85' lang='grc' dir='ltr'>ή</span> <span class='ocrx_word' id='word_1_319' title='bbox 2919 1063 3043 1127; x_wconf 78' lang='grc' dir='ltr'>δόξα</span> <span class='ocrx_word' id='word_1_320' title='bbox 3065 1063 3142 1134; x_wconf 84' lang='grc' dir='ltr'>τῷ</span> <span class='ocrx_word' id='word_1_321' title='bbox 3171 1064 3289 1135; x_wconf 86' lang='grc' dir='ltr'><strong>Θεῷ</strong></span> <span class='ocrx_word' id='word_1_322' title='bbox 3319 1065 3452 1136; x_wconf 78' lang='grc'>(59),</span> <span class='ocrx_word' id='word_1_323' title='bbox 3487 1067 3672 1140; x_wconf 72' lang='grc' dir='ltr'><strong>φοϐή-</strong></span> 
     </span>
    </p>
   </div>
   <div class='ocr_carea' id='block_1_41' title="bbox 2066 1145 3671 1232">
    <p class='ocr_par' dir='ltr' id='par_1_41' title="bbox 2066 1145 3671 1232">
     <span class='ocr_line' id='line_1_41' title="bbox 2066 1145 3671 1232; baseline 0.006 -28"><span class='ocrx_word' id='word_1_324' title='bbox 2066 1151 2186 1222; x_wconf 84' lang='grc' dir='ltr'>Θητί</span> <span class='ocrx_word' id='word_1_325' title='bbox 2210 1170 2300 1206; x_wconf 91' lang='grc' dir='ltr'><strong>σου</strong></span> <span class='ocrx_word' id='word_1_326' title='bbox 2321 1153 2410 1206; x_wconf 84' lang='grc' dir='ltr'>τὸν</span> <span class='ocrx_word' id='word_1_327' title='bbox 2430 1153 2619 1226; x_wconf 76' lang='grc' dir='ltr'>ἄνδρα,</span> <span class='ocrx_word' id='word_1_328' title='bbox 2649 1145 2694 1206; x_wconf 81' lang='grc' dir='ltr'><strong>ὦ</strong></span> <span class='ocrx_word' id='word_1_329' title='bbox 2719 1154 2897 1223; x_wconf 87' lang='grc' dir='ltr'>γύναι,</span> <span class='ocrx_word' id='word_1_330' title='bbox 2931 1158 3022 1210; x_wconf 75' lang='grc' dir='ltr'><strong>καὶ</strong></span> <span class='ocrx_word' id='word_1_331' title='bbox 3043 1158 3490 1230; x_wconf 82' lang='grc' dir='ltr'>ἐντράπηθι(60),</span> <span class='ocrx_word' id='word_1_332' title='bbox 3508 1159 3671 1232; x_wconf 76' lang='grc' dir='ltr'>αύτῷ</span> 
     </span>
    </p>
   </div>
   <div class='ocr_carea' id='block_1_42' title="bbox 2068 1245 3669 1322">
    <p class='ocr_par' dir='ltr' id='par_1_42' title="bbox 2068 1245 3669 1322">
     <span class='ocr_line' id='line_1_42' title="bbox 2068 1245 3669 1322; baseline 0.006 -26"><span class='ocrx_word' id='word_1_333' title='bbox 2068 1245 2214 1314; x_wconf 81' lang='grc' dir='ltr'>μόνῳ</span> <span class='ocrx_word' id='word_1_334' title='bbox 2247 1245 2575 1314; x_wconf 83' lang='grc' dir='ltr'>άρέσκουσα,</span> <span class='ocrx_word' id='word_1_335' title='bbox 2597 1246 2746 1318; x_wconf 85' lang='grc' dir='ltr'><strong>αὑτῷ</strong></span> <span class='ocrx_word' id='word_1_336' title='bbox 2778 1249 3096 1319; x_wconf 77' lang='grc' dir='ltr'>ὑπάρχουσα</span> <span class='ocrx_word' id='word_1_337' title='bbox 3126 1251 3419 1322; x_wconf 78' lang='grc' dir='ltr'><strong>εὐάρεστος</strong></span> <span class='ocrx_word' id='word_1_338' title='bbox 3446 1253 3507 1305; x_wconf 84' lang='grc' dir='ltr'><strong>ἐν</strong></span> <span class='ocrx_word' id='word_1_339' title='bbox 3539 1256 3669 1317; x_wconf 77' lang='grc' dir='ltr'>ταῖς</span> 
     </span>
    </p>
   </div>
   <div class='ocr_carea' id='block_1_43' title="bbox 2065 1335 3670 1414">
    <p class='ocr_par' dir='ltr' id='par_1_43' title="bbox 2065 1335 3670 1414">
     <span class='ocr_line' id='line_1_43' title="bbox 2065 1335 3670 1414; baseline 0.006 -27"><span class='ocrx_word' id='word_1_340' title='bbox 2065 1335 2359 1398; x_wconf 74' lang='grc' dir='ltr'>διακονίαις</span> <span class='ocrx_word' id='word_1_341' title='bbox 2379 1336 2565 1400; x_wconf 78' lang='grc' dir='ltr'>αὑτοῦ,</span> <span class='ocrx_word' id='word_1_342' title='bbox 2590 1337 2676 1390; x_wconf 86' lang='grc' dir='ltr'><strong>ἴνα</strong></span> <span class='ocrx_word' id='word_1_343' title='bbox 2693 1339 2786 1392; x_wconf 69' lang='grc' dir='ltr'>καὶ</span> <span class='ocrx_word' id='word_1_344' title='bbox 2803 1340 2893 1392; x_wconf 71' lang='grc' dir='ltr'>ἐπὶ</span> <span class='ocrx_word' id='word_1_345' title='bbox 2912 1341 2992 1392; x_wconf 70' lang='grc' dir='ltr'><strong>σοὶ</strong></span> <span class='ocrx_word' id='word_1_346' title='bbox 3012 1341 3323 1413; x_wconf 76' lang='grc' dir='ltr'>μακαρισοῇ</span> <span class='ocrx_word' id='word_1_347' title='bbox 3341 1344 3368 1394; x_wconf 92' lang='lat'><strong>6</strong></span> <span class='ocrx_word' id='word_1_348' title='bbox 3405 1343 3550 1414; x_wconf 76' lang='grc' dir='ltr'>ἀνὴρ</span> <span class='ocrx_word' id='word_1_349' title='bbox 3573 1344 3670 1397; x_wconf 68' lang='grc' dir='ltr'><strong>διὰ</strong></span> 
     </span>
    </p>
   </div>
   <div class='ocr_carea' id='block_1_44' title="bbox 2066 1427 3674 1502">
    <p class='ocr_par' dir='ltr' id='par_1_44' title="bbox 2066 1427 3674 1502">
     <span class='ocr_line' id='line_1_44' title="bbox 2066 1427 3674 1502; baseline 0.004 -21"><span class='ocrx_word' id='word_1_350' title='bbox 2066 1429 2166 1498; x_wconf 69' lang='grc' dir='ltr'><strong>τῆς</strong></span> <span class='ocrx_word' id='word_1_351' title='bbox 2198 1429 2383 1498; x_wconf 66' lang='grc' dir='ltr'>σοφίας</span> <span class='ocrx_word' id='word_1_352' title='bbox 2409 1429 2507 1500; x_wconf 78' lang='grc' dir='ltr'>τῆς</span> <span class='ocrx_word' id='word_1_353' title='bbox 2531 1427 2792 1500; x_wconf 82' lang='grc' dir='ltr'>λεγούσης</span> <span class='ocrx_word' id='word_1_354' title='bbox 2818 1430 2904 1484; x_wconf 74' lang='grc' dir='ltr'><strong>διὰ</strong></span> <span class='ocrx_word' id='word_1_355' title='bbox 2935 1431 3279 1502; x_wconf 82' lang='grc' dir='ltr'>Σολομῶντος</span> <span class='ocrx_word' id='word_1_356' title='bbox 3317 1433 3461 1486; x_wconf 77' lang='grc' dir='ltr'>τάδε’</span> <span class='ocrx_word' id='word_1_357' title='bbox 3496 1454 3515 1484; x_wconf 80' lang='grc' dir='ltr'><strong>ι</strong></span> <span class='ocrx_word' id='word_1_358' title='bbox 3563 1435 3674 1487; x_wconf 83' lang='grc' dir='ltr'><strong>Γυ-</strong></span> 
     </span>
    </p>
   </div>
   <div class='ocr_carea' id='block_1_45' title="bbox 2067 1521 3674 1608">
    <p class='ocr_par' dir='ltr' id='par_1_45' title="bbox 2067 1521 3674 1608">
     <span class='ocr_line' id='line_1_45' title="bbox 2067 1521 3674 1608; baseline 0.004 -35"><span class='ocrx_word' id='word_1_359' title='bbox 2067 1523 2228 1574; x_wconf 88' lang='grc' dir='ltr'>ναῖκα</span> <span class='ocrx_word' id='word_1_360' title='bbox 2257 1521 2504 1592; x_wconf 79' lang='grc' dir='ltr'>ἀνδρείαν</span> <span class='ocrx_word' id='word_1_361' title='bbox 2531 1521 2616 1584; x_wconf 85' lang='grc' dir='ltr'><strong>τίς</strong></span> <span class='ocrx_word' id='word_1_362' title='bbox 2643 1522 2894 1593; x_wconf 76' lang='grc' dir='ltr'>εὑρήσεις</span> <span class='ocrx_word' id='word_1_363' title='bbox 2928 1523 3226 1608; x_wconf 63' lang='grc' dir='ltr'>τιμιωεέρα</span> <span class='ocrx_word' id='word_1_364' title='bbox 3247 1524 3303 1576; x_wconf 82' lang='grc' dir='ltr'><strong>δέ</strong></span> <span class='ocrx_word' id='word_1_365' title='bbox 3334 1525 3450 1577; x_wconf 88' lang='grc' dir='ltr'>ἐστι</span> <span class='ocrx_word' id='word_1_366' title='bbox 3497 1525 3674 1580; x_wconf 85' lang='grc' dir='ltr'>λίθων</span> 
     </span>
    </p>
   </div>
   <div class='ocr_carea' id='block_1_46' title="bbox 2070 1611 3672 1690">
    <p class='ocr_par' dir='ltr' id='par_1_46' title="bbox 2070 1611 3672 1690">
     <span class='ocr_line' id='line_1_46' title="bbox 2070 1611 3672 1690; baseline 0.006 -28"><span class='ocrx_word' id='word_1_367' title='bbox 2070 1611 2372 1664; x_wconf 83' lang='grc' dir='ltr'>πολυτελῶν</span> <span class='ocrx_word' id='word_1_368' title='bbox 2411 1614 2444 1682; x_wconf 84' lang='grc' dir='ltr'>ἡ</span> <span class='ocrx_word' id='word_1_369' title='bbox 2479 1612 2732 1683; x_wconf 81' lang='grc' dir='ltr'><strong>τοιαύτη·</strong></span> <span class='ocrx_word' id='word_1_370' title='bbox 2768 1613 2959 1685; x_wconf 82' lang='grc' dir='ltr'>Θαρσεῑ</span> <span class='ocrx_word' id='word_1_371' title='bbox 2985 1617 3070 1667; x_wconf 77' lang='grc' dir='ltr'>ἐπ’</span> <span class='ocrx_word' id='word_1_372' title='bbox 3105 1617 3299 1688; x_wconf 78' lang='grc' dir='ltr'>αύτῇή</span> <span class='ocrx_word' id='word_1_373' title='bbox 3331 1617 3532 1690; x_wconf 78' lang='grc' dir='ltr'>καρδία</span> <span class='ocrx_word' id='word_1_374' title='bbox 3570 1618 3672 1672; x_wconf 79' lang='grc' dir='ltr'>τοῦ</span> 
     </span>
    </p>
   </div>
   <div class='ocr_carea' id='block_1_47' title="bbox 2071 1703 3669 1780">
    <p class='ocr_par' dir='ltr' id='par_1_47' title="bbox 2071 1703 3669 1780">
     <span class='ocr_line' id='line_1_47' title="bbox 2071 1703 3669 1780; baseline 0.004 -25"><span class='ocrx_word' id='word_1_375' title='bbox 2071 1703 2260 1775; x_wconf 84' lang='grc' dir='ltr'>ἀνδρὸς</span> <span class='ocrx_word' id='word_1_376' title='bbox 2288 1703 2456 1772; x_wconf 78' lang='grc' dir='ltr'>αὐτῆς</span> <span class='ocrx_word' id='word_1_377' title='bbox 2477 1720 2490 1733; x_wconf 76' lang='grc'><strong><em>⁸</em></strong></span> <span class='ocrx_word' id='word_1_378' title='bbox 2523 1707 2555 1774; x_wconf 79' lang='grc' dir='ltr'>ὴ</span> <span class='ocrx_word' id='word_1_379' title='bbox 2587 1703 2809 1775; x_wconf 83' lang='grc' dir='ltr'>τοιαύτη</span> <span class='ocrx_word' id='word_1_380' title='bbox 2857 1705 3066 1759; x_wconf 87' lang='grc' dir='ltr'>σκύλων</span> <span class='ocrx_word' id='word_1_381' title='bbox 3093 1707 3192 1760; x_wconf 77' lang='grc' dir='ltr'><strong>οὐκ</strong></span> <span class='ocrx_word' id='word_1_382' title='bbox 3224 1708 3494 1780; x_wconf 83' lang='grc' dir='ltr'>ἀπορήσει</span> <span class='ocrx_word' id='word_1_383' title='bbox 3530 1708 3669 1780; x_wconf 76' lang='grc' dir='ltr'><strong>(δυ’</strong></span> 
     </span>
    </p>
   </div>
   <div class='ocr_carea' id='block_1_48' title="bbox 2070 1795 3670 1871">
    <p class='ocr_par' dir='ltr' id='par_1_48' title="bbox 2070 1795 3670 1871">
     <span class='ocr_line' id='line_1_48' title="bbox 2070 1795 3670 1871; baseline 0.004 -23"><span class='ocrx_word' id='word_1_384' title='bbox 2070 1796 2401 1868; x_wconf 82' lang='grc' dir='ltr'>ἐνεργείγὰρ</span> <span class='ocrx_word' id='word_1_385' title='bbox 2420 1795 2496 1866; x_wconf 83' lang='grc' dir='ltr'><strong>τῷ</strong></span> <span class='ocrx_word' id='word_1_386' title='bbox 2526 1797 2678 1868; x_wconf 78' lang='grc' dir='ltr'>ἀνδρὶ</span> <span class='ocrx_word' id='word_1_387' title='bbox 2715 1796 2896 1865; x_wconf 74' lang='grc' dir='ltr'>ἀγαθὰ</span> <span class='ocrx_word' id='word_1_388' title='bbox 2951 1797 3092 1852; x_wconf 77' lang='grc' dir='ltr'>κατὰ</span> <span class='ocrx_word' id='word_1_389' title='bbox 3149 1799 3326 1852; x_wconf 89' lang='grc' dir='ltr'>πάντα</span> <span class='ocrx_word' id='word_1_390' title='bbox 3373 1800 3464 1854; x_wconf 81' lang='grc' dir='ltr'>τὸν</span> <span class='ocrx_word' id='word_1_391' title='bbox 3515 1801 3670 1871; x_wconf 67' lang='grc' dir='ltr'>βίου’</span> 
     </span>
    </p>
   </div>
   <div class='ocr_carea' id='block_1_49' title="bbox 2073 1890 3675 1966">
    <p class='ocr_par' dir='ltr' id='par_1_49' title="bbox 2073 1890 3675 1966">
     <span class='ocr_line' id='line_1_49' title="bbox 2073 1890 3675 1966; baseline 0.004 -25"><span class='ocrx_word' id='word_1_392' title='bbox 2073 1890 2433 1961; x_wconf 89' lang='grc' dir='ltr'>μηρυσαμένη</span> <span class='ocrx_word' id='word_1_393' title='bbox 2461 1890 2605 1961; x_wconf 78' lang='grc' dir='ltr'>ἔριον</span> <span class='ocrx_word' id='word_1_394' title='bbox 2643 1890 2751 1960; x_wconf 68' lang='grc'>(62)</span> <span class='ocrx_word' id='word_1_395' title='bbox 2781 1891 2876 1943; x_wconf 73' lang='grc' dir='ltr'>καὶ</span> <span class='ocrx_word' id='word_1_396' title='bbox 2903 1890 3065 1954; x_wconf 90' lang='grc' dir='ltr'>λίνον,</span> <span class='ocrx_word' id='word_1_397' title='bbox 3098 1892 3351 1962; x_wconf 86' lang='grc' dir='ltr'>ἐποίησεν</span> <span class='ocrx_word' id='word_1_398' title='bbox 3388 1891 3675 1966; x_wconf 74' lang='grc' dir='ltr'>εὔχρηστα</span> 
     </span>
    </p>
   </div>
   <div class='ocr_carea' id='block_1_50' title="bbox 2069 1981 3673 2058">
    <p class='ocr_par' dir='ltr' id='par_1_50' title="bbox 2069 1981 3673 2058">
     <span class='ocr_line' id='line_1_50' title="bbox 2069 1981 3673 2058; baseline 0.002 -24"><span class='ocrx_word' id='word_1_399' title='bbox 2069 1985 2188 2045; x_wconf 83' lang='grc' dir='ltr'>ταῖς</span> <span class='ocrx_word' id='word_1_400' title='bbox 2213 1982 2398 2052; x_wconf 71' lang='grc' dir='ltr'>χερσὶν</span> <span class='ocrx_word' id='word_1_401' title='bbox 2438 1981 2639 2051; x_wconf 82' lang='grc' dir='ltr'>αύτῆς⁶</span> <span class='ocrx_word' id='word_1_402' title='bbox 2687 1982 2902 2050; x_wconf 84' lang='grc' dir='ltr'>ἐγένετο</span> <span class='ocrx_word' id='word_1_403' title='bbox 2941 1982 3016 2046; x_wconf 82' lang='grc' dir='ltr'>ὡς</span> <span class='ocrx_word' id='word_1_404' title='bbox 3060 1981 3191 2047; x_wconf 73' lang='grc' dir='ltr'>ναῦς</span> <span class='ocrx_word' id='word_1_405' title='bbox 3225 1985 3673 2058; x_wconf 84' lang='grc' dir='ltr'>ἐμπορευομένη,</span> 
     </span>
    </p>
   </div>
   <div class='ocr_carea' id='block_1_51' title="bbox 2076 2073 3670 2146">
    <p class='ocr_par' dir='ltr' id='par_1_51' title="bbox 2076 2073 3670 2146">
     <span class='ocr_line' id='line_1_51' title="bbox 2076 2073 3670 2146; baseline 0.001 -19"><span class='ocrx_word' id='word_1_406' title='bbox 2076 2075 2347 2146; x_wconf 82' lang='grc' dir='ltr'>μακρόθεν</span> <span class='ocrx_word' id='word_1_407' title='bbox 2398 2074 2703 2142; x_wconf 79' lang='grc' dir='ltr'>συνάγουσα</span> <span class='ocrx_word' id='word_1_408' title='bbox 2754 2073 2904 2145; x_wconf 86' lang='grc' dir='ltr'>αύτῷ</span> <span class='ocrx_word' id='word_1_409' title='bbox 2937 2073 3026 2127; x_wconf 70' lang='grc' dir='ltr'>τὸν</span> <span class='ocrx_word' id='word_1_410' title='bbox 3064 2074 3210 2146; x_wconf 72' lang='grc' dir='ltr'><strong>βίον⁹</strong></span> <span class='ocrx_word' id='word_1_411' title='bbox 3256 2077 3350 2128; x_wconf 73' lang='grc' dir='ltr'>καὶ</span> <span class='ocrx_word' id='word_1_412' title='bbox 3377 2077 3670 2130; x_wconf 86' lang='grc' dir='ltr'>ἀνίσταται</span> 
     </span>
    </p>
   </div>
   <div class='ocr_carea' id='block_1_52' title="bbox 2073 2165 3670 2241">
    <p class='ocr_par' dir='ltr' id='par_1_52' title="bbox 2073 2165 3670 2241">
     <span class='ocr_line' id='line_1_52' title="bbox 2073 2165 3670 2241; baseline 0.003 -22"><span class='ocrx_word' id='word_1_413' title='bbox 2073 2167 2139 2219; x_wconf 88' lang='grc' dir='ltr'><strong>ἐκ</strong></span> <span class='ocrx_word' id='word_1_414' title='bbox 2167 2165 2396 2226; x_wconf 84' lang='grc' dir='ltr'>νυκτῶν,</span> <span class='ocrx_word' id='word_1_415' title='bbox 2433 2167 2527 2219; x_wconf 70' lang='grc' dir='ltr'><strong>καὶ</strong></span> <span class='ocrx_word' id='word_1_416' title='bbox 2555 2165 2721 2219; x_wconf 80' lang='grc' dir='ltr'>ἔδωκε</span> <span class='ocrx_word' id='word_1_417' title='bbox 2769 2165 3032 2238; x_wconf 84' lang='grc' dir='ltr'>βρώματα</span> <span class='ocrx_word' id='word_1_418' title='bbox 3079 2167 3158 2238; x_wconf 82' lang='grc' dir='ltr'>τῷ</span> <span class='ocrx_word' id='word_1_419' title='bbox 3203 2170 3355 2238; x_wconf 85' lang='grc' dir='ltr'>οἴκῳ,</span> <span class='ocrx_word' id='word_1_420' title='bbox 3397 2169 3494 2222; x_wconf 73' lang='grc' dir='ltr'>καὶ</span> <span class='ocrx_word' id='word_1_421' title='bbox 3529 2171 3670 2241; x_wconf 82' lang='grc' dir='ltr'>ἔργα</span> 
     </span>
    </p>
   </div>
   <div class='ocr_carea' id='block_1_53' title="bbox 2073 2256 3672 2331">
    <p class='ocr_par' dir='ltr' id='par_1_53' title="bbox 2073 2256 3672 2331">
     <span class='ocr_line' id='line_1_53' title="bbox 2073 2256 3672 2331; baseline 0.003 -21"><span class='ocrx_word' id='word_1_422' title='bbox 2073 2260 2195 2321; x_wconf 85' lang='grc' dir='ltr'>ταῖς</span> <span class='ocrx_word' id='word_1_423' title='bbox 2223 2256 2607 2328; x_wconf 77' lang='grc' dir='ltr'>θεραπαίναιςο</span> <span class='ocrx_word' id='word_1_424' title='bbox 2634 2256 2959 2329; x_wconf 86' lang='grc' dir='ltr'>θεωρήσασα</span> <span class='ocrx_word' id='word_1_425' title='bbox 2990 2257 3256 2331; x_wconf 79' lang='grc' dir='ltr'>γεώργιον</span> <span class='ocrx_word' id='word_1_426' title='bbox 3285 2260 3539 2331; x_wconf 89' lang='grc' dir='ltr'>ἐπρίατο,</span> <span class='ocrx_word' id='word_1_427' title='bbox 3559 2261 3672 2314; x_wconf 73' lang='grc' dir='ltr'>ἀπὸ</span> 
     </span>
    </p>
   </div>
   <div class='ocr_carea' id='block_1_54' title="bbox 2075 2347 3672 2425">
    <p class='ocr_par' dir='ltr' id='par_1_54' title="bbox 2075 2347 3672 2425">
     <span class='ocr_line' id='line_1_54' title="bbox 2075 2347 3672 2425; baseline 0.004 -23"><span class='ocrx_word' id='word_1_428' title='bbox 2075 2349 2132 2402; x_wconf 59' lang='grc' dir='ltr'>ἃ</span> <span class='ocrx_word' id='word_1_429' title='bbox 2160 2347 2388 2420; x_wconf 83' lang='grc' dir='ltr'>καρπῶν</span> <span class='ocrx_word' id='word_1_430' title='bbox 2423 2348 2532 2402; x_wconf 84' lang='grc' dir='ltr'><strong>τῶν</strong></span> <span class='ocrx_word' id='word_1_431' title='bbox 2560 2349 2755 2421; x_wconf 89' lang='grc' dir='ltr'>χειρῶν</span> <span class='ocrx_word' id='word_1_432' title='bbox 2784 2351 2955 2420; x_wconf 77' lang='grc' dir='ltr'>αὐτῆς</span> <span class='ocrx_word' id='word_1_433' title='bbox 2985 2351 3245 2421; x_wconf 76' lang='grc' dir='ltr'>ἐφύτευσε</span> <span class='ocrx_word' id='word_1_434' title='bbox 3283 2353 3470 2425; x_wconf 76' lang='grc' dir='ltr'>κτῆμα</span> <span class='ocrx_word' id='word_1_435' title='bbox 3491 2371 3505 2384; x_wconf 87' lang='grc'><strong>·</strong></span> <span class='ocrx_word' id='word_1_436' title='bbox 3546 2355 3672 2408; x_wconf 82' lang='grc' dir='ltr'>ἀνα-</span> 
     </span>
    </p>
   </div>
   <div class='ocr_carea' id='block_1_55' title="bbox 2077 2438 3668 2515">
    <p class='ocr_par' dir='ltr' id='par_1_55' title="bbox 2077 2438 3668 2515">
     <span class='ocr_line' id='line_1_55' title="bbox 2077 2438 3668 2515; baseline 0.003 -23"><span class='ocrx_word' id='word_1_437' title='bbox 2077 2438 2369 2512; x_wconf 80' lang='grc' dir='ltr'>ζωσαμένη</span> <span class='ocrx_word' id='word_1_438' title='bbox 2396 2441 2495 2512; x_wconf 74' lang='grc' dir='ltr'>τὴν</span> <span class='ocrx_word' id='word_1_439' title='bbox 2523 2440 2694 2511; x_wconf 81' lang='grc' dir='ltr'>ὀσφὺν</span> <span class='ocrx_word' id='word_1_440' title='bbox 2725 2441 2836 2512; x_wconf 80' lang='grc'>(65)</span> <span class='ocrx_word' id='word_1_441' title='bbox 2867 2442 3060 2512; x_wconf 81' lang='grc' dir='ltr'>αύτῆς,</span> <span class='ocrx_word' id='word_1_442' title='bbox 3093 2443 3276 2514; x_wconf 67' lang='grc' dir='ltr'>ἤρεισε</span> <span class='ocrx_word' id='word_1_443' title='bbox 3305 2446 3433 2508; x_wconf 76' lang='grc' dir='ltr'>τοὺς</span> <span class='ocrx_word' id='word_1_444' title='bbox 3459 2445 3668 2515; x_wconf 81' lang='grc' dir='ltr'>ἐαυτῆς</span> 
     </span>
    </p>
   </div>
   <div class='ocr_carea' id='block_1_56' title="bbox 2080 2530 3674 2606">
    <p class='ocr_par' dir='ltr' id='par_1_56' title="bbox 2080 2530 3674 2606">
     <span class='ocr_line' id='line_1_56' title="bbox 2080 2530 3674 2606; baseline 0.004 -23"><span class='ocrx_word' id='word_1_445' title='bbox 2080 2530 2387 2603; x_wconf 82' lang='grc' dir='ltr'>βραχίονας·</span> <span class='ocrx_word' id='word_1_446' title='bbox 2412 2533 2504 2584; x_wconf 71' lang='grc' dir='ltr'>καὶ</span> <span class='ocrx_word' id='word_1_447' title='bbox 2517 2531 2778 2600; x_wconf 83' lang='grc' dir='ltr'>ἐγεύσατο</span> <span class='ocrx_word' id='word_1_448' title='bbox 2799 2533 2880 2586; x_wconf 84' lang='grc' dir='ltr'>ὅτι</span> <span class='ocrx_word' id='word_1_449' title='bbox 2901 2533 3062 2587; x_wconf 81' lang='grc' dir='ltr'>καλὸν</span> <span class='ocrx_word' id='word_1_450' title='bbox 3083 2535 3143 2587; x_wconf 83' lang='grc' dir='ltr'>τὸ</span> <span class='ocrx_word' id='word_1_451' title='bbox 3174 2535 3530 2606; x_wconf 76' lang='grc' dir='ltr'>ἐργάζεσθαι,</span> <span class='ocrx_word' id='word_1_452' title='bbox 3571 2537 3674 2590; x_wconf 74' lang='grc' dir='ltr'>καὶ</span> 
     </span>
    </p>
   </div>
   <div class='ocr_carea' id='block_1_57' title="bbox 2077 2622 3675 2698">
    <p class='ocr_par' dir='ltr' id='par_1_57' title="bbox 2077 2622 3675 2698">
     <span class='ocr_line' id='line_1_57' title="bbox 2077 2622 3675 2698; baseline 0.004 -23"><span class='ocrx_word' id='word_1_453' title='bbox 2077 2622 2579 2676; x_wconf 76' lang='grc' dir='ltr'>ούκάποσϐέννυται</span> <span class='ocrx_word' id='word_1_454' title='bbox 2601 2625 2628 2677; x_wconf 90' lang='lat'><strong>6</strong></span> <span class='ocrx_word' id='word_1_455' title='bbox 2646 2623 2837 2695; x_wconf 87' lang='grc' dir='ltr'>λύχνος</span> <span class='ocrx_word' id='word_1_456' title='bbox 2849 2625 3018 2697; x_wconf 77' lang='grc' dir='ltr'>αὐτῆς</span> <span class='ocrx_word' id='word_1_457' title='bbox 3039 2627 3164 2696; x_wconf 83' lang='grc' dir='ltr'>ὅλην</span> <span class='ocrx_word' id='word_1_458' title='bbox 3188 2627 3284 2698; x_wconf 80' lang='grc' dir='ltr'>τὴν</span> <span class='ocrx_word' id='word_1_459' title='bbox 3315 2627 3508 2680; x_wconf 87' lang='grc' dir='ltr'>νύκτα·</span> <span class='ocrx_word' id='word_1_460' title='bbox 3533 2630 3630 2681; x_wconf 73' lang='grc' dir='ltr'>τοὺ</span> <span class='ocrx_word' id='word_1_461' title='bbox 3645 2646 3675 2691; x_wconf 83' lang='grc' dir='ltr'><strong>ς</strong></span> 
     </span>
    </p>
   </div>
   <div class='ocr_carea' id='block_1_58' title="bbox 2081 2715 3670 2791">
    <p class='ocr_par' dir='ltr' id='par_1_58' title="bbox 2081 2715 3670 2791">
     <span class='ocr_line' id='line_1_58' title="bbox 2081 2715 3670 2791; baseline 0.003 -25"><span class='ocrx_word' id='word_1_462' title='bbox 2081 2718 2275 2786; x_wconf 70' lang='grc' dir='ltr'>πήχεις</span> <span class='ocrx_word' id='word_1_463' title='bbox 2295 2715 2466 2785; x_wconf 75' lang='grc' dir='ltr'>αὐτῆς</span> <span class='ocrx_word' id='word_1_464' title='bbox 2486 2715 2711 2769; x_wconf 88' lang='grc' dir='ltr'>ἐκτείνει</span> <span class='ocrx_word' id='word_1_465' title='bbox 2731 2717 2810 2779; x_wconf 84' lang='grc' dir='ltr'><strong>είς</strong></span> <span class='ocrx_word' id='word_1_466' title='bbox 2833 2717 2902 2769; x_wconf 77' lang='grc' dir='ltr'><strong>τά</strong></span> <span class='ocrx_word' id='word_1_467' title='bbox 2935 2719 3180 2788; x_wconf 86' lang='grc' dir='ltr'>χρήσιμα</span> <span class='ocrx_word' id='word_1_468' title='bbox 3200 2717 3330 2788; x_wconf 64' lang='grc'>(64),</span> <span class='ocrx_word' id='word_1_469' title='bbox 3357 2717 3455 2782; x_wconf 78' lang='grc' dir='ltr'><strong>τὰς</strong></span> <span class='ocrx_word' id='word_1_470' title='bbox 3473 2721 3670 2791; x_wconf 83' lang='grc' dir='ltr'>χεῖρας</span> 
     </span>
    </p>
   </div>
   <div class='ocr_carea' id='block_1_59' title="bbox 2081 2807 3681 2881">
    <p class='ocr_par' dir='ltr' id='par_1_59' title="bbox 2081 2807 3681 2881">
     <span class='ocr_line' id='line_1_59' title="bbox 2081 2807 3681 2881; baseline 0.002 -22"><span class='ocrx_word' id='word_1_471' title='bbox 2081 2807 2254 2877; x_wconf 79' lang='grc' dir='ltr'>αὐτῆς</span> <span class='ocrx_word' id='word_1_472' title='bbox 2272 2807 2464 2876; x_wconf 83' lang='grc' dir='ltr'>ἐρείδει</span> <span class='ocrx_word' id='word_1_473' title='bbox 2486 2809 2562 2870; x_wconf 84' lang='grc' dir='ltr'><strong>είς</strong></span> <span class='ocrx_word' id='word_1_474' title='bbox 2580 2808 2866 2879; x_wconf 79' lang='grc' dir='ltr'>ἄτρακτον·</span> <span class='ocrx_word' id='word_1_475' title='bbox 2881 2812 3068 2880; x_wconf 82' lang='grc' dir='ltr'>χεῖρας</span> <span class='ocrx_word' id='word_1_476' title='bbox 3078 2809 3134 2863; x_wconf 83' lang='grc' dir='ltr'><strong>δέ</strong></span> <span class='ocrx_word' id='word_1_477' title='bbox 3152 2810 3322 2880; x_wconf 78' lang='grc' dir='ltr'>αὐτῆς</span> <span class='ocrx_word' id='word_1_478' title='bbox 3335 2809 3570 2881; x_wconf 78' lang='grc' dir='ltr'>διήνοιξε</span> <span class='ocrx_word' id='word_1_479' title='bbox 3584 2811 3681 2862; x_wconf 76' lang='grc' dir='ltr'>πέ-</span> 
     </span>
    </p>
   </div>
   <div class='ocr_carea' id='block_1_60' title="bbox 2081 2898 3678 2972">
    <p class='ocr_par' dir='ltr' id='par_1_60' title="bbox 2081 2898 3678 2972">
     <span class='ocr_line' id='line_1_60' title="bbox 2081 2898 3678 2972; baseline 0.001 -20"><span class='ocrx_word' id='word_1_480' title='bbox 2081 2918 2220 2971; x_wconf 81' lang='grc' dir='ltr'>νητι,</span> <span class='ocrx_word' id='word_1_481' title='bbox 2244 2899 2454 2970; x_wconf 81' lang='grc' dir='ltr'>καρπὸν</span> <span class='ocrx_word' id='word_1_482' title='bbox 2469 2900 2523 2952; x_wconf 84' lang='grc' dir='ltr'><strong>δέ</strong></span> <span class='ocrx_word' id='word_1_483' title='bbox 2544 2898 2771 2964; x_wconf 78' lang='grc' dir='ltr'>ἐξέτεινε</span> <span class='ocrx_word' id='word_1_484' title='bbox 2807 2899 3010 2971; x_wconf 80' lang='grc' dir='ltr'>πτωχῷ</span> <span class='ocrx_word' id='word_1_485' title='bbox 3029 2916 3044 2929; x_wconf 83' lang='lat'><strong><em>°</em></strong></span> <span class='ocrx_word' id='word_1_486' title='bbox 3075 2901 3136 2954; x_wconf 85' lang='grc' dir='ltr'><strong>ού</strong></span> <span class='ocrx_word' id='word_1_487' title='bbox 3167 2902 3441 2972; x_wconf 79' lang='grc' dir='ltr'>φροντίζει</span> <span class='ocrx_word' id='word_1_488' title='bbox 3473 2901 3584 2954; x_wconf 87' lang='grc' dir='ltr'><strong>τῶν</strong></span> <span class='ocrx_word' id='word_1_489' title='bbox 3615 2903 3678 2955; x_wconf 84' lang='grc' dir='ltr'><strong>ἐν</strong></span> 
     </span>
    </p>
   </div>
   <div class='ocr_carea' id='block_1_61' title="bbox 2082 2990 3679 3064">
    <p class='ocr_par' dir='ltr' id='par_1_61' title="bbox 2082 2990 3679 3064">
     <span class='ocr_line' id='line_1_61' title="bbox 2082 2990 3679 3064; baseline 0 -19"><span class='ocrx_word' id='word_1_490' title='bbox 2082 2994 2215 3062; x_wconf 83' lang='grc' dir='ltr'>οίκῳ</span> <span class='ocrx_word' id='word_1_491' title='bbox 2235 2993 2262 3044; x_wconf 89' lang='lat'><strong>6</strong></span> <span class='ocrx_word' id='word_1_492' title='bbox 2282 2991 2420 3063; x_wconf 84' lang='grc' dir='ltr'>ἀνὴρ</span> <span class='ocrx_word' id='word_1_493' title='bbox 2449 2991 2621 3062; x_wconf 81' lang='grc' dir='ltr'>αὐτῆς</span> <span class='ocrx_word' id='word_1_494' title='bbox 2642 2990 2773 3064; x_wconf 82' lang='grc'>(65),</span> <span class='ocrx_word' id='word_1_495' title='bbox 2798 2992 2995 3055; x_wconf 86' lang='grc' dir='ltr'>πάντες</span> <span class='ocrx_word' id='word_1_496' title='bbox 3016 2993 3126 3063; x_wconf 79' lang='grc' dir='ltr'><strong>γὰρ</strong></span> <span class='ocrx_word' id='word_1_497' title='bbox 3146 2994 3195 3045; x_wconf 88' lang='grc' dir='ltr'>οί</span> <span class='ocrx_word' id='word_1_498' title='bbox 3217 2995 3348 3064; x_wconf 88' lang='grc' dir='ltr'>παρ’</span> <span class='ocrx_word' id='word_1_499' title='bbox 3365 2995 3505 3064; x_wconf 78' lang='grc' dir='ltr'>αὐτῇ</span> <span class='ocrx_word' id='word_1_500' title='bbox 3537 2995 3679 3047; x_wconf 73' lang='grc' dir='ltr'>εἰσιν</span> 
     </span>
    </p>
   </div>
   <div class='ocr_carea' id='block_1_62' title="bbox 402 3082 1993 3161">
    <p class='ocr_par' dir='ltr' id='par_1_62' title="bbox 402 3088 1982 3161">
     <span class='ocr_line' id='line_1_62' title="bbox 402 3088 1982 3161; baseline 0.006 -19"><span class='ocrx_word' id='word_1_501' title='bbox 402 3098 584 3145; x_wconf 81' lang='lat' dir='ltr'><strong>autem</strong></span> <span class='ocrx_word' id='word_1_502' title='bbox 621 3088 678 3142; x_wconf 90' lang='lat' dir='ltr'><strong>ﬁt</strong></span> <span class='ocrx_word' id='word_1_503' title='bbox 707 3090 791 3144; x_wconf 88' lang='lat' dir='ltr'><strong>vir</strong></span> <span class='ocrx_word' id='word_1_504' title='bbox 813 3089 981 3155; x_wconf 92' lang='lat' dir='ltr'><strong>illius,</strong></span> <span class='ocrx_word' id='word_1_505' title='bbox 1013 3092 1233 3161; x_wconf 91' lang='lat' dir='ltr'><strong>quando</strong></span> <span class='ocrx_word' id='word_1_506' title='bbox 1255 3093 1458 3148; x_wconf 88' lang='lat' dir='ltr'><strong>sederit</strong></span> <span class='ocrx_word' id='word_1_507' title='bbox 1488 3094 1542 3149; x_wconf 91' lang='lat' dir='ltr'><strong>in</strong></span> <span class='ocrx_word' id='word_1_508' title='bbox 1565 3111 1828 3151; x_wconf 88' lang='lat' dir='ltr'><strong>consessu</strong></span> <span class='ocrx_word' id='word_1_509' title='bbox 1858 3112 1982 3151; x_wconf 88' lang='lat' dir='ltr'><strong>cum</strong></span> 
     </span>
    </p>
   </div>
   <div class='ocr_carea' id='block_1_63' title="bbox 2089 3082 3680 3161">
    <p class='ocr_par' dir='ltr' id='par_1_63' title="bbox 2089 3082 3680 3158">
     <span class='ocr_line' id='line_1_63' title="bbox 2089 3082 3680 3158; baseline 0.001 -22"><span class='ocrx_word' id='word_1_510' title='bbox 2089 3083 2259 3136; x_wconf 83' lang='grc' dir='ltr'>ἐνδεδυ</span> <span class='ocrx_word' id='word_1_511' title='bbox 2268 3084 2416 3155; x_wconf 82' lang='grc' dir='ltr'>μένοι</span> <span class='ocrx_word' id='word_1_512' title='bbox 2429 3082 2614 3146; x_wconf 85' lang='grc' dir='ltr'>δισσάς</span> <span class='ocrx_word' id='word_1_513' title='bbox 2627 3083 2836 3146; x_wconf 84' lang='grc' dir='ltr'>στολάς·</span> <span class='ocrx_word' id='word_1_514' title='bbox 2855 3085 2948 3136; x_wconf 74' lang='grc' dir='ltr'>καὶ</span> <span class='ocrx_word' id='word_1_515' title='bbox 2958 3083 3180 3154; x_wconf 84' lang='grc' dir='ltr'>χλαίνας</span> <span class='ocrx_word' id='word_1_516' title='bbox 3191 3085 3414 3156; x_wconf 80' lang='grc' dir='ltr'>ἐποίησε</span> <span class='ocrx_word' id='word_1_517' title='bbox 3427 3084 3506 3156; x_wconf 80' lang='grc' dir='ltr'>τῷ</span> <span class='ocrx_word' id='word_1_518' title='bbox 3520 3086 3680 3158; x_wconf 66' lang='grc' dir='ltr'>ἀνδρὶ</span> 
     </span>
    </p>
   </div>
   <div class='ocr_carea' id='block_1_64' title="bbox 401 3182 1983 3244">
    <p class='ocr_par' dir='ltr' id='par_1_64' title="bbox 401 3182 1983 3244">
     <span class='ocr_line' id='line_1_64' title="bbox 401 3182 1983 3244; baseline 0.004 -6"><span class='ocrx_word' id='word_1_519' title='bbox 401 3182 713 3238; x_wconf 72' lang='lat' dir='ltr'><strong>senioribus</strong></span> <span class='ocrx_word' id='word_1_520' title='bbox 744 3183 938 3239; x_wconf 91' lang='lat' dir='ltr'><strong>incolis</strong></span> <span class='ocrx_word' id='word_1_521' title='bbox 969 3202 982 3238; x_wconf 90' lang='lat'><strong>:</strong></span> <span class='ocrx_word' id='word_1_522' title='bbox 1011 3184 1272 3239; x_wconf 89' lang='lat' dir='ltr'><strong>sindones</strong></span> <span class='ocrx_word' id='word_1_523' title='bbox 1301 3184 1446 3243; x_wconf 81' lang='lat' dir='ltr'><strong>fecit.</strong></span> <span class='ocrx_word' id='word_1_524' title='bbox 1477 3194 1530 3240; x_wconf 90' lang='lat' dir='ltr'><strong>et</strong></span> <span class='ocrx_word' id='word_1_525' title='bbox 1561 3187 1983 3244; x_wconf 69' lang='lat' dir='ltr'><strong>vendiditPlim—</strong></span> 
     </span>
    </p>
   </div>
   <div class='ocr_carea' id='block_1_65' title="bbox 402 3273 1981 3348">
    <p class='ocr_par' dir='ltr' id='par_1_65' title="bbox 402 3273 1981 3348">
     <span class='ocr_line' id='line_1_65' title="bbox 402 3273 1981 3348; baseline 0.004 -20"><span class='ocrx_word' id='word_1_526' title='bbox 402 3273 638 3339; x_wconf 89' lang='lat' dir='ltr'><strong>nicibus,</strong></span> <span class='ocrx_word' id='word_1_527' title='bbox 700 3283 754 3329; x_wconf 89' lang='lat' dir='ltr'><strong>et</strong></span> <span class='ocrx_word' id='word_1_528' title='bbox 781 3276 998 3346; x_wconf 91' lang='lat' dir='ltr'><strong>cingula</strong></span> <span class='ocrx_word' id='word_1_529' title='bbox 1035 3275 1360 3332; x_wconf 69' lang='lat' dir='ltr'><strong>Chananazis</strong></span> <span class='ocrx_word' id='word_1_530' title='bbox 1393 3297 1404 3332; x_wconf 95' lang='lat'><strong>:</strong></span> <span class='ocrx_word' id='word_1_531' title='bbox 1439 3280 1667 3348; x_wconf 87' lang='lat' dir='ltr'><strong>gloriam</strong></span> <span class='ocrx_word' id='word_1_532' title='bbox 1726 3289 1781 3335; x_wconf 90' lang='lat' dir='ltr'><strong>et</strong></span> <span class='ocrx_word' id='word_1_533' title='bbox 1817 3281 1981 3337; x_wconf 88' lang='lat' dir='ltr'><strong>deco-</strong></span> 
     </span>
    </p>
   </div>
   <div class='ocr_carea' id='block_1_66' title="bbox 405 3369 1980 3432">
    <p class='ocr_par' dir='ltr' id='par_1_66' title="bbox 405 3369 1980 3432">
     <span class='ocr_line' id='line_1_66' title="bbox 405 3369 1980 3432; baseline 0.008 -13"><span class='ocrx_word' id='word_1_534' title='bbox 405 3380 520 3421; x_wconf 88' lang='lat' dir='ltr'><strong>rem</strong></span> <span class='ocrx_word' id='word_1_535' title='bbox 548 3369 747 3432; x_wconf 90' lang='lat' dir='ltr'><strong>induit,</strong></span> <span class='ocrx_word' id='word_1_536' title='bbox 769 3380 822 3423; x_wconf 90' lang='lat' dir='ltr'><strong>et</strong></span> <span class='ocrx_word' id='word_1_537' title='bbox 843 3370 1021 3424; x_wconf 64' lang='lat' dir='ltr'><strong>laetata</strong></span> <span class='ocrx_word' id='word_1_538' title='bbox 1050 3377 1134 3424; x_wconf 91' lang='lat' dir='ltr'><strong>est</strong></span> <span class='ocrx_word' id='word_1_539' title='bbox 1181 3369 1236 3423; x_wconf 91' lang='lat' dir='ltr'><strong>in</strong></span> <span class='ocrx_word' id='word_1_540' title='bbox 1278 3370 1472 3426; x_wconf 89' lang='lat' dir='ltr'><strong>diebus</strong></span> <span class='ocrx_word' id='word_1_541' title='bbox 1517 3373 1834 3429; x_wconf 88' lang='lat' dir='ltr'><strong>novissimis</strong></span> <span class='ocrx_word' id='word_1_542' title='bbox 1868 3394 1880 3430; x_wconf 90' lang='lat'>:</span> <span class='ocrx_word' id='word_1_543' title='bbox 1917 3392 1980 3432; x_wconf 93' lang='lat' dir='ltr'><strong>os</strong></span> 
     </span>
    </p>
   </div>
   <div class='ocr_carea' id='block_1_67' title="bbox 476 3477 2036 3556">
    <p class='ocr_par' dir='ltr' id='par_1_67' title="bbox 476 3477 2036 3556">
     <span class='ocr_line' id='line_1_67' title="bbox 476 3477 2036 3556; baseline 0.006 -18"><span class='ocrx_word' id='word_1_544' title='bbox 476 3484 521 3516; x_wconf 79' lang='grc'><strong>⁸⁸</strong></span> <span class='ocrx_word' id='word_1_545' title='bbox 547 3482 584 3539; x_wconf 80' lang='lat' dir='ltr'><strong>f.</strong></span> <span class='ocrx_word' id='word_1_546' title='bbox 614 3483 680 3537; x_wconf 88' lang='grc' dir='ltr'><strong>δι’</strong></span> <span class='ocrx_word' id='word_1_547' title='bbox 711 3477 795 3549; x_wconf 77' lang='grc' dir='ltr'><strong>οὗ,</strong></span> <span class='ocrx_word' id='word_1_548' title='bbox 827 3493 885 3538; x_wconf 85' lang='grc' dir='ltr'><strong>ιιι</strong></span> <span class='ocrx_word' id='word_1_549' title='bbox 911 3485 1042 3556; x_wconf 88' lang='lat' dir='ltr'><strong>legit</strong></span> <span class='ocrx_word' id='word_1_550' title='bbox 1071 3483 1270 3540; x_wconf 88' lang='lat' dir='ltr'><strong>Bovius</strong></span> <span class='ocrx_word' id='word_1_551' title='bbox 1302 3486 1590 3556; x_wconf 88' lang='lat' dir='ltr'><strong>interpres.</strong></span> <span class='ocrx_word' id='word_1_552' title='bbox 1667 3487 1721 3542; x_wconf 83' lang='grc'><strong>⁸1</strong></span> <span class='ocrx_word' id='word_1_553' title='bbox 1754 3489 1879 3546; x_wconf 89' lang='lat' dir='ltr'><strong>Cor.</strong></span> <span class='ocrx_word' id='word_1_554' title='bbox 1906 3494 2036 3552; x_wconf 77' lang='lat' dir='ltr'><strong>xl,3</strong></span> 
     </span>
    </p>
   </div>
   <div class='ocr_carea' id='block_1_68' title="bbox 2089 3175 3679 3247">
    <p class='ocr_par' dir='ltr' id='par_1_68' title="bbox 2089 3175 3679 3247">
     <span class='ocr_line' id='line_1_68' title="bbox 2089 3175 3679 3247; baseline 0 -19"><span class='ocrx_word' id='word_1_555' title='bbox 2089 3177 2278 3246; x_wconf 80' lang='grc' dir='ltr'>αὐτῆς,</span> <span class='ocrx_word' id='word_1_556' title='bbox 2301 3177 2364 3228; x_wconf 88' lang='grc' dir='ltr'><strong>ἐκ</strong></span> <span class='ocrx_word' id='word_1_557' title='bbox 2385 3175 2582 3245; x_wconf 85' lang='grc' dir='ltr'>βύσσου</span> <span class='ocrx_word' id='word_1_558' title='bbox 2595 3175 2688 3229; x_wconf 77' lang='grc' dir='ltr'>καὶ</span> <span class='ocrx_word' id='word_1_559' title='bbox 2702 3175 2990 3247; x_wconf 81' lang='grc' dir='ltr'>πορφύρας</span> <span class='ocrx_word' id='word_1_560' title='bbox 3005 3175 3123 3229; x_wconf 85' lang='grc' dir='ltr'>ἐνδύ</span> <span class='ocrx_word' id='word_1_561' title='bbox 3133 3193 3296 3247; x_wconf 78' lang='grc' dir='ltr'>ματα”</span> <span class='ocrx_word' id='word_1_562' title='bbox 3314 3175 3679 3247; x_wconf 78' lang='grc' dir='ltr'>περίϐλεπτος</span> 
     </span>
    </p>
   </div>
   <div class='ocr_carea' id='block_1_69' title="bbox 2086 3267 3680 3340">
    <p class='ocr_par' dir='ltr' id='par_1_69' title="bbox 2086 3267 3680 3340">
     <span class='ocr_line' id='line_1_69' title="bbox 2086 3267 3680 3340; baseline 0.003 -21"><span class='ocrx_word' id='word_1_563' title='bbox 2086 3267 2141 3319; x_wconf 82' lang='grc' dir='ltr'>δὲ</span> <span class='ocrx_word' id='word_1_564' title='bbox 2159 3268 2362 3334; x_wconf 85' lang='grc' dir='ltr'>γίνεται</span> <span class='ocrx_word' id='word_1_565' title='bbox 2381 3268 2438 3321; x_wconf 88' lang='grc' dir='ltr'><strong>ἐν</strong></span> <span class='ocrx_word' id='word_1_566' title='bbox 2458 3267 2692 3330; x_wconf 85' lang='grc' dir='ltr'>πύλαιςὸ</span> <span class='ocrx_word' id='word_1_567' title='bbox 2715 3267 2854 3340; x_wconf 75' lang='grc' dir='ltr'>ἀνὴρ</span> <span class='ocrx_word' id='word_1_568' title='bbox 2874 3268 3064 3339; x_wconf 72' lang='grc' dir='ltr'>αὐτῆς,</span> <span class='ocrx_word' id='word_1_569' title='bbox 3090 3269 3253 3340; x_wconf 62' lang='grc' dir='ltr'><strong>⁴ἡνίκα</strong></span> <span class='ocrx_word' id='word_1_570' title='bbox 3276 3268 3340 3322; x_wconf 83' lang='grc' dir='ltr'>ἂν</span> <span class='ocrx_word' id='word_1_571' title='bbox 3360 3268 3600 3338; x_wconf 83' lang='grc' dir='ltr'>κάθηται</span> <span class='ocrx_word' id='word_1_572' title='bbox 3619 3270 3680 3323; x_wconf 84' lang='grc' dir='ltr'><strong>ἐν</strong></span> 
     </span>
    </p>
   </div>
   <div class='ocr_carea' id='block_1_70' title="bbox 2087 3358 3673 3431">
    <p class='ocr_par' dir='ltr' id='par_1_70' title="bbox 2087 3358 3673 3431">
     <span class='ocr_line' id='line_1_70' title="bbox 2087 3358 3673 3431; baseline 0.004 -22"><span class='ocrx_word' id='word_1_573' title='bbox 2087 3358 2344 3431; x_wconf 85' lang='grc' dir='ltr'>συνεδρίῳ</span> <span class='ocrx_word' id='word_1_574' title='bbox 2359 3359 2494 3431; x_wconf 77' lang='grc' dir='ltr'>μετὰ</span> <span class='ocrx_word' id='word_1_575' title='bbox 2504 3359 2611 3412; x_wconf 88' lang='grc' dir='ltr'><strong>τῶν</strong></span> <span class='ocrx_word' id='word_1_576' title='bbox 2623 3377 2726 3431; x_wconf 90' lang='grc' dir='ltr'><strong>πρε</strong></span> <span class='ocrx_word' id='word_1_577' title='bbox 2734 3360 2891 3412; x_wconf 77' lang='grc' dir='ltr'>σϐυτέ</span> <span class='ocrx_word' id='word_1_578' title='bbox 2897 3379 3004 3431; x_wconf 89' lang='grc' dir='ltr'><strong>ρων</strong></span> <span class='ocrx_word' id='word_1_579' title='bbox 3015 3359 3120 3417; x_wconf 85' lang='grc' dir='ltr'><strong>τῶν</strong></span> <span class='ocrx_word' id='word_1_580' title='bbox 3134 3360 3530 3415; x_wconf 83' lang='grc' dir='ltr'>κατοικούντων</span> <span class='ocrx_word' id='word_1_581' title='bbox 3544 3360 3612 3429; x_wconf 77' lang='grc'>(61</span> <span class='ocrx_word' id='word_1_582' title='bbox 3619 3363 3673 3430; x_wconf 74' lang='grc' dir='ltr'>ί)-</span> 
     </span>
    </p>
   </div>
   <div class='ocr_carea' id='block_1_71' title="bbox 1654 3625 2299 3686">
    <p class='ocr_par' dir='ltr' id='par_1_71' title="bbox 1654 3625 2299 3686">
     <span class='ocr_line' id='line_1_71' title="bbox 1654 3625 2299 3686; baseline 0.006 -6"><span class='ocrx_word' id='word_1_583' title='bbox 1654 3625 2024 3684; x_wconf 76' lang='lat' dir='ltr'><strong>VARIGRUM</strong></span> <span class='ocrx_word' id='word_1_584' title='bbox 2065 3628 2299 3686; x_wconf 74' lang='grc' dir='ltr'><strong>ΝΟΤίΕ.</strong></span> 
     </span>
    </p>
   </div>
   <div class='ocr_carea' id='block_1_72' title="bbox 480 3735 1984 3810">
    <p class='ocr_par' dir='ltr' id='par_1_72' title="bbox 480 3735 1984 3810">
     <span class='ocr_line' id='line_1_72' title="bbox 480 3735 1984 3810; baseline 0.003 -20"><span class='ocrx_word' id='word_1_585' title='bbox 480 3735 602 3810; x_wconf 79' lang='grc'>(58)</span> <span class='ocrx_word' id='word_1_586' title='bbox 645 3737 899 3810; x_wconf 34' lang='grc' dir='ltr'><strong>ὀ-Θεός.</strong></span> <span class='ocrx_word' id='word_1_587' title='bbox 943 3738 1000 3790; x_wconf 85' lang='grc' dir='ltr'>ὐ</span> <span class='ocrx_word' id='word_1_588' title='bbox 1030 3737 1122 3792; x_wconf 80' lang='grc' dir='ltr'>ἐπὶ</span> <span class='ocrx_word' id='word_1_589' title='bbox 1149 3738 1366 3792; x_wconf 89' lang='grc' dir='ltr'>πάντων</span> <span class='ocrx_word' id='word_1_590' title='bbox 1402 3738 1552 3800; x_wconf 86' lang='grc' dir='ltr'>Θεός.</span> <span class='ocrx_word' id='word_1_591' title='bbox 1599 3736 1837 3810; x_wconf 87' lang='lat' dir='ltr'><strong>Uterque</strong></span> <span class='ocrx_word' id='word_1_592' title='bbox 1889 3756 1984 3795; x_wconf 89' lang='lat' dir='ltr'><strong>co-</strong></span> 
     </span>
    </p>
   </div>
   <div class='ocr_carea' id='block_1_73' title="bbox 409 3805 1983 3878">
    <p class='ocr_par' dir='ltr' id='par_1_73' title="bbox 409 3805 1983 3878">
     <span class='ocr_line' id='line_1_73' title="bbox 409 3805 1983 3878; baseline 0.002 -16"><span class='ocrx_word' id='word_1_593' title='bbox 409 3805 535 3862; x_wconf 78' lang='lat' dir='ltr'><strong>dex.</strong></span> <span class='ocrx_word' id='word_1_594' title='bbox 567 3805 720 3878; x_wconf 87' lang='lat' dir='ltr'><strong>Quod</strong></span> <span class='ocrx_word' id='word_1_595' title='bbox 751 3811 852 3863; x_wconf 87' lang='lat' dir='ltr'><strong>etsi</strong></span> <span class='ocrx_word' id='word_1_596' title='bbox 884 3824 1068 3861; x_wconf 85' lang='lat' dir='ltr'><strong>verum</strong></span> <span class='ocrx_word' id='word_1_597' title='bbox 1111 3817 1216 3873; x_wconf 88' lang='lat' dir='ltr'><strong>est,</strong></span> <span class='ocrx_word' id='word_1_598' title='bbox 1271 3818 1456 3878; x_wconf 88' lang='lat' dir='ltr'><strong>posset</strong></span> <span class='ocrx_word' id='word_1_599' title='bbox 1495 3824 1616 3862; x_wconf 87' lang='lat' dir='ltr'><strong>esse</strong></span> <span class='ocrx_word' id='word_1_600' title='bbox 1661 3805 1983 3865; x_wconf 65' lang='lat' dir='ltr'><strong>ab&#39;Ariana</strong></span> 
     </span>
    </p>
   </div>
   <div class='ocr_carea' id='block_1_74' title="bbox 412 3876 1877 3948">
    <p class='ocr_par' dir='ltr' id='par_1_74' title="bbox 412 3876 1877 3948">
     <span class='ocr_line' id='line_1_74' title="bbox 412 3876 1877 3948; baseline 0.003 -18"><span class='ocrx_word' id='word_1_601' title='bbox 412 3891 599 3948; x_wconf 82' lang='lat' dir='ltr'><strong>manu,</strong></span> <span class='ocrx_word' id='word_1_602' title='bbox 625 3876 738 3948; x_wconf 78' lang='lat' dir='ltr'><strong>sive</strong></span> <span class='ocrx_word' id='word_1_603' title='bbox 765 3879 1071 3948; x_wconf 83' lang='lat' dir='ltr'><strong>scriptoris,</strong></span> <span class='ocrx_word' id='word_1_604' title='bbox 1107 3879 1220 3934; x_wconf 86' lang='lat' dir='ltr'><strong>sive</strong></span> <span class='ocrx_word' id='word_1_605' title='bbox 1249 3876 1670 3948; x_wconf 75' lang='lat' dir='ltr'><strong>interpolatoris.</strong></span> <span class='ocrx_word' id='word_1_606' title='bbox 1688 3880 1877 3948; x_wconf 77' lang='lat' dir='ltr'><strong>_Cu:n.</strong></span> 
     </span>
    </p>
   </div>
   <div class='ocr_carea' id='block_1_75' title="bbox 486 3943 1986 4021">
    <p class='ocr_par' dir='ltr' id='par_1_75' title="bbox 486 3943 1986 4021">
     <span class='ocr_line' id='line_1_75' title="bbox 486 3943 1986 4021; baseline 0.004 -22"><span class='ocrx_word' id='word_1_607' title='bbox 486 3946 598 4021; x_wconf 66' lang='grc'>(59)</span> <span class='ocrx_word' id='word_1_608' title='bbox 635 3946 718 4021; x_wconf 66' lang='grc' dir='ltr'><strong>Θῆ</strong></span> <span class='ocrx_word' id='word_1_609' title='bbox 748 3943 960 4021; x_wconf 19' lang='grc' dir='ltr'><strong>ὴλδρξα</strong></span> <span class='ocrx_word' id='word_1_610' title='bbox 985 3947 1076 4021; x_wconf 37' lang='grc' dir='ltr'><strong>τῷ-</strong></span> <span class='ocrx_word' id='word_1_611' title='bbox 1097 3949 1236 4021; x_wconf 67' lang='grc' dir='ltr'><strong>Θεῷ.</strong></span> <span class='ocrx_word' id='word_1_612' title='bbox 1291 3943 1439 4003; x_wconf 76' lang='lat' dir='ltr'><strong>Alter</strong></span> <span class='ocrx_word' id='word_1_613' title='bbox 1470 3949 1630 4021; x_wconf 80' lang='lat' dir='ltr'><strong>codd.</strong></span> <span class='ocrx_word' id='word_1_614' title='bbox 1679 3943 1986 4018; x_wconf 54' lang='lat' dir='ltr'><strong>(Inomissis</strong></span> 
     </span>
    </p>
   </div>
   <div class='ocr_carea' id='block_1_76' title="bbox 414 4017 1599 4088">
    <p class='ocr_par' dir='ltr' id='par_1_76' title="bbox 414 4017 1599 4088">
     <span class='ocr_line' id='line_1_76' title="bbox 414 4017 1599 4088; baseline 0.001 -16"><span class='ocrx_word' id='word_1_615' title='bbox 414 4018 619 4088; x_wconf 62' lang='lat' dir='ltr'><strong>veritis,</strong></span> <span class='ocrx_word' id='word_1_616' title='bbox 655 4017 735 4080; x_wconf 79' lang='grc' dir='ltr'>τῲ</span> <span class='ocrx_word' id='word_1_617' title='bbox 763 4017 900 4088; x_wconf 81' lang='grc' dir='ltr'>Θεῷ,</span> <span class='ocrx_word' id='word_1_618' title='bbox 933 4019 1246 4088; x_wconf 79' lang='lat' dir='ltr'><strong>quodforte</strong></span> <span class='ocrx_word' id='word_1_619' title='bbox 1272 4020 1487 4072; x_wconf 86' lang='lat' dir='ltr'><strong>melius.</strong></span> <span class='ocrx_word' id='word_1_620' title='bbox 1524 4017 1599 4073; x_wconf 81' lang='lat' dir='ltr'><strong>lu.</strong></span> 
     </span>
    </p>
   </div>
   <div class='ocr_carea' id='block_1_77' title="bbox 419 4069 1961 4211">
    <p class='ocr_par' dir='ltr' id='par_1_77' title="bbox 419 4069 1961 4211">
     <span class='ocr_line' id='line_1_77' title="bbox 419 4069 1961 4211; baseline 0 -69"><span class='ocrx_word' id='word_1_621' title='bbox 419 4069 475 4211; x_wconf 27' lang='lat' dir='ltr'><strong>‘H</strong></span> <span class='ocrx_word' id='word_1_622' title='bbox 490 4069 619 4159; x_wconf 75' lang='lat'><strong>(60)&#39;</strong></span> <span class='ocrx_word' id='word_1_623' title='bbox 651 4069 1027 4157; x_wconf 63' lang='grc' dir='ltr'><strong>Ἐὶιτροῖπὲηὒὶέ</strong></span> <span class='ocrx_word' id='word_1_624' title='bbox 1055 4069 1508 4160; x_wconf 48' lang='lat' dir='ltr'><strong>euang-Issam</strong></span> <span class='ocrx_word' id='word_1_625' title='bbox 1525 4069 1761 4143; x_wconf 59' lang='lat' dir='ltr'><strong>auditur</strong></span> <span class='ocrx_word' id='word_1_626' title='bbox 1799 4090 1961 4142; x_wconf 77' lang='grc' dir='ltr'>αὐτόν</span> 
     </span>
     <span class='ocr_line' id='line_1_78' title="bbox 443 4173 498 4211; baseline 0 0"><span class='ocrx_word' id='word_1_627' title='bbox 443 4173 498 4211; x_wconf 78' lang='lat' dir='ltr'><strong>D.</strong></span> 
     </span>
    </p>
   </div>
   <div class='ocr_carea' id='block_1_78' title="bbox 443 4173 498 4214">
    <p class='ocr_par' dir='ltr' id='par_1_78' title="bbox 443 4173 498 4214">
     <span class='ocr_line' id='line_1_79' title="bbox 443 4173 498 4214; baseline 0 0"><span class='ocrx_word' id='word_1_628' title='bbox 443 4173 498 4214; x_wconf 70' lang='grc' dir='ltr'><strong>ὕ.</strong></span> 
     </span>
    </p>
   </div>
   <div class='ocr_carea' id='block_1_79' title="bbox 490 4227 1986 4296">
    <p class='ocr_par' dir='ltr' id='par_1_79' title="bbox 490 4227 1986 4296">
     <span class='ocr_line' id='line_1_80' title="bbox 490 4227 1986 4296; baseline 0.003 -16"><span class='ocrx_word' id='word_1_629' title='bbox 490 4227 605 4296; x_wconf 80' lang='lat' dir='ltr'><strong>(ﬁl)</strong></span> <span class='ocrx_word' id='word_1_630' title='bbox 649 4228 719 4282; x_wconf 82' lang='lat' dir='ltr'><strong>&#39;H</strong></span> <span class='ocrx_word' id='word_1_631' title='bbox 741 4227 981 4296; x_wconf 82' lang='grc' dir='ltr'>τοιαύτη</span> <span class='ocrx_word' id='word_1_632' title='bbox 1012 4229 1259 4283; x_wconf 71' lang='grc' dir='ltr'>σκύλων</span> <span class='ocrx_word' id='word_1_633' title='bbox 1301 4230 1411 4281; x_wconf 83' lang='grc' dir='ltr'><strong>οὐκ</strong></span> <span class='ocrx_word' id='word_1_634' title='bbox 1459 4227 1770 4294; x_wconf 69' lang='grc' dir='ltr'>ἀπορήσει.</span> <span class='ocrx_word' id='word_1_635' title='bbox 1826 4227 1986 4284; x_wconf 83' lang='lat' dir='ltr'><strong>Prov.</strong></span> 
     </span>
    </p>
   </div>
   <div class='ocr_carea' id='block_1_80' title="bbox 420 4297 1991 4363">
    <p class='ocr_par' dir='ltr' id='par_1_80' title="bbox 420 4297 1991 4363">
     <span class='ocr_line' id='line_1_81' title="bbox 420 4297 1991 4363; baseline -0.003 -9"><span class='ocrx_word' id='word_1_636' title='bbox 420 4315 574 4362; x_wconf 78' lang='lat' dir='ltr'><strong>xxxi,</strong></span> <span class='ocrx_word' id='word_1_637' title='bbox 607 4299 694 4352; x_wconf 79' lang='grc' dir='ltr'><strong>Η.</strong></span> <span class='ocrx_word' id='word_1_638' title='bbox 750 4297 1007 4352; x_wconf 74' lang='grc' dir='ltr'><strong>110ὐίοωί</strong></span> <span class='ocrx_word' id='word_1_639' title='bbox 1074 4297 1214 4352; x_wconf 80' lang='lat' dir='ltr'><strong>LXX</strong></span> <span class='ocrx_word' id='word_1_640' title='bbox 1275 4299 1502 4360; x_wconf 89' lang='lat' dir='ltr'><strong>addunt,</strong></span> <span class='ocrx_word' id='word_1_641' title='bbox 1556 4299 1754 4363; x_wconf 84' lang='grc' dir='ltr'>καλῶν,</span> <span class='ocrx_word' id='word_1_642' title='bbox 1799 4309 1991 4352; x_wconf 60' lang='lat' dir='ltr'><strong>contra</strong></span> 
     </span>
    </p>
   </div>
   <div class='ocr_carea' id='block_1_81' title="bbox 419 4365 1989 4437">
    <p class='ocr_par' dir='ltr' id='par_1_81' title="bbox 419 4365 1989 4437">
     <span class='ocr_line' id='line_1_82' title="bbox 419 4365 1989 4437; baseline -0.002 -13"><span class='ocrx_word' id='word_1_643' title='bbox 419 4380 626 4424; x_wconf 88' lang='lat' dir='ltr'><strong>textum</strong></span> <span class='ocrx_word' id='word_1_644' title='bbox 660 4367 1007 4430; x_wconf 84' lang='lat' dir='ltr'><strong>Hebraicum,</strong></span> <span class='ocrx_word' id='word_1_645' title='bbox 1033 4379 1084 4422; x_wconf 90' lang='lat' dir='ltr'><strong>et</strong></span> <span class='ocrx_word' id='word_1_646' title='bbox 1115 4383 1248 4425; x_wconf 85' lang='lat' dir='ltr'><strong>mss.</strong></span> <span class='ocrx_word' id='word_1_647' title='bbox 1299 4369 1624 4422; x_wconf 67' lang='lat' dir='ltr'><strong>Bibiotheca:</strong></span> <span class='ocrx_word' id='word_1_648' title='bbox 1638 4365 1818 4437; x_wconf 76' lang='lat' dir='ltr'><strong>Regia:</strong></span> <span class='ocrx_word' id='word_1_649' title='bbox 1865 4369 1989 4429; x_wconf 63' lang='lat'><strong>72!,</strong></span> 
     </span>
    </p>
   </div>
   <div class='ocr_carea' id='block_1_82' title="bbox 418 4437 1990 4506">
    <p class='ocr_par' dir='ltr' id='par_1_82' title="bbox 418 4437 1990 4506">
     <span class='ocr_line' id='line_1_83' title="bbox 418 4437 1990 4506; baseline -0.003 -13"><span class='ocrx_word' id='word_1_650' title='bbox 418 4440 580 4494; x_wconf 71' lang='lat' dir='ltr'><strong>222i.</strong></span> <span class='ocrx_word' id='word_1_651' title='bbox 617 4437 982 4506; x_wconf 77' lang='lat' dir='ltr'><strong>Rectiusergo</strong></span> <span class='ocrx_word' id='word_1_652' title='bbox 1012 4441 1064 4492; x_wconf 92' lang='lat' dir='ltr'><strong>in</strong></span> <span class='ocrx_word' id='word_1_653' title='bbox 1091 4446 1324 4491; x_wconf 90' lang='lat' dir='ltr'><strong>tractatu</strong></span> <span class='ocrx_word' id='word_1_654' title='bbox 1355 4440 1419 4492; x_wconf 88' lang='lat' dir='ltr'><strong>ad</strong></span> <span class='ocrx_word' id='word_1_655' title='bbox 1468 4437 1811 4491; x_wconf 85' lang='lat' dir='ltr'><strong>Provcrhior.</strong></span> <span class='ocrx_word' id='word_1_656' title='bbox 1838 4454 1990 4498; x_wconf 78' lang='lat' dir='ltr'><strong>xxxi,</strong></span> 
     </span>
    </p>
   </div>
   <div class='ocr_carea' id='block_1_83' title="bbox 422 4507 1992 4578">
    <p class='ocr_par' dir='ltr' id='par_1_83' title="bbox 422 4507 1992 4578">
     <span class='ocr_line' id='line_1_84' title="bbox 422 4507 1992 4578; baseline -0.004 -14"><span class='ocrx_word' id='word_1_657' title='bbox 422 4510 511 4568; x_wconf 79' lang='grc'><strong>10.</strong></span> <span class='ocrx_word' id='word_1_658' title='bbox 551 4517 659 4578; x_wconf 78' lang='lat' dir='ltr'><strong>etc.</strong></span> <span class='ocrx_word' id='word_1_659' title='bbox 692 4508 768 4562; x_wconf 84' lang='lat' dir='ltr'><strong>De</strong></span> <span class='ocrx_word' id='word_1_660' title='bbox 809 4509 1027 4563; x_wconf 79' lang='lat' dir='ltr'><strong>muliere</strong></span> <span class='ocrx_word' id='word_1_661' title='bbox 1063 4509 1220 4578; x_wconf 78' lang='lat' dir='ltr'><strong>forti,</strong></span> <span class='ocrx_word' id='word_1_662' title='bbox 1269 4509 1539 4562; x_wconf 82' lang='lat' dir='ltr'><strong>editiones</strong></span> <span class='ocrx_word' id='word_1_663' title='bbox 1678 4508 1992 4574; x_wconf 66' lang='lat' dir='ltr'><strong>Augustini,</strong></span> 
     </span>
    </p>
   </div>
   <div class='ocr_carea' id='block_1_84' title="bbox 422 4577 1990 4646">
    <p class='ocr_par' dir='ltr' id='par_1_84' title="bbox 422 4577 1990 4646">
     <span class='ocr_line' id='line_1_85' title="bbox 422 4577 1990 4646; baseline -0.002 -14"><span class='ocrx_word' id='word_1_664' title='bbox 422 4587 558 4632; x_wconf 90' lang='lat' dir='ltr'><strong>tom.</strong></span> <span class='ocrx_word' id='word_1_665' title='bbox 590 4577 655 4636; x_wconf 75' lang='grc' dir='ltr'><strong>Χ.</strong></span> <span class='ocrx_word' id='word_1_666' title='bbox 691 4594 858 4634; x_wconf 88' lang='lat' dir='ltr'><strong>serm.</strong></span> <span class='ocrx_word' id='word_1_667' title='bbox 890 4579 981 4643; x_wconf 73' lang='grc'><strong>45,</strong></span> <span class='ocrx_word' id='word_1_668' title='bbox 1030 4577 1103 4633; x_wconf 87' lang='lat' dir='ltr'><strong>De</strong></span> <span class='ocrx_word' id='word_1_669' title='bbox 1152 4579 1542 4646; x_wconf 85' lang='lat' dir='ltr'><strong>diversis.cap.</strong></span> <span class='ocrx_word' id='word_1_670' title='bbox 1571 4577 1626 4638; x_wconf 70' lang='grc' dir='ltr'><strong>ιι,</strong></span> <span class='ocrx_word' id='word_1_671' title='bbox 1659 4578 1950 4631; x_wconf 85' lang='lat' dir='ltr'><strong>ostendunt</strong></span> <span class='ocrx_word' id='word_1_672' title='bbox 1977 4595 1990 4629; x_wconf 87' lang='lat'><strong>:</strong></span> 
     </span>
    </p>
   </div>
   <div class='ocr_carea' id='block_1_85' title="bbox 424 4647 1996 4719">
    <p class='ocr_par' dir='ltr' id='par_1_85' title="bbox 424 4647 1996 4719">
     <span class='ocr_line' id='line_1_86' title="bbox 424 4647 1996 4719; baseline -0.001 -18"><span class='ocrx_word' id='word_1_673' title='bbox 424 4649 558 4719; x_wconf 71' lang='lat' dir='ltr'><strong>Qua:</strong></span> <span class='ocrx_word' id='word_1_674' title='bbox 589 4649 712 4702; x_wconf 77' lang='lat' dir='ltr'><strong>talis</strong></span> <span class='ocrx_word' id='word_1_675' title='bbox 738 4660 837 4711; x_wconf 78' lang='lat' dir='ltr'><strong>est,</strong></span> <span class='ocrx_word' id='word_1_676' title='bbox 869 4651 1052 4719; x_wconf 76' lang='lat' dir='ltr'><strong>spoliis</strong></span> <span class='ocrx_word' id='word_1_677' title='bbox 1079 4647 1479 4719; x_wconf 15' lang='lat' dir='ltr'><strong>noniindigebit,</strong></span> <span class='ocrx_word' id='word_1_678' title='bbox 1522 4661 1684 4719; x_wconf 73' lang='grc' dir='ltr'>(ιιιιιιιι</span> <span class='ocrx_word' id='word_1_679' title='bbox 1727 4647 1996 4719; x_wconf 75' lang='lat' dir='ltr'><strong>editiones</strong></span> 
     </span>
    </p>
   </div>
   <div class='ocr_carea' id='block_1_86' title="bbox 426 4716 1998 4783">
    <p class='ocr_par' dir='ltr' id='par_1_86' title="bbox 426 4716 1998 4783">
     <span class='ocr_line' id='line_1_87' title="bbox 426 4716 1998 4783; baseline -0.001 -12"><span class='ocrx_word' id='word_1_680' title='bbox 426 4717 486 4772; x_wconf 83' lang='lat' dir='ltr'><strong>S.</strong></span> <span class='ocrx_word' id='word_1_681' title='bbox 507 4718 779 4774; x_wconf 83' lang='lat' dir='ltr'><strong>Ambrosii</strong></span> <span class='ocrx_word' id='word_1_682' title='bbox 814 4716 948 4774; x_wconf 81' lang='lat' dir='ltr'><strong>tom.</strong></span> <span class='ocrx_word' id='word_1_683' title='bbox 981 4718 1022 4772; x_wconf 90' lang='lat' dir='ltr'><strong>ll</strong></span> <span class='ocrx_word' id='word_1_684' title='bbox 1057 4738 1069 4774; x_wconf 90' lang='lat'><strong>:</strong></span> <span class='ocrx_word' id='word_1_685' title='bbox 1099 4718 1244 4772; x_wconf 79' lang='lat' dir='ltr'><strong>Talis</strong></span> <span class='ocrx_word' id='word_1_686' title='bbox 1294 4716 1442 4770; x_wconf 79' lang='lat' dir='ltr'><strong>bonis</strong></span> <span class='ocrx_word' id='word_1_687' title='bbox 1485 4716 1666 4783; x_wconf 78' lang='lat' dir='ltr'><strong>spoliis</strong></span> <span class='ocrx_word' id='word_1_688' title='bbox 1706 4733 1810 4770; x_wconf 80' lang='lat' dir='ltr'><strong>non</strong></span> <span class='ocrx_word' id='word_1_689' title='bbox 1857 4717 1998 4770; x_wconf 81' lang='lat' dir='ltr'><strong>indi-</strong></span> 
     </span>
    </p>
   </div>
   <div class='ocr_carea' id='block_1_87' title="bbox 486 4787 748 4844">
    <p class='ocr_par' dir='ltr' id='par_1_87' title="bbox 486 4787 748 4844">
     <span class='ocr_line' id='line_1_88' title="bbox 486 4787 748 4844; baseline 0.015 -5"><span class='ocrx_word' id='word_1_690' title='bbox 486 4787 579 4842; x_wconf 81' lang='lat' dir='ltr'><strong>bit.</strong></span> <span class='ocrx_word' id='word_1_691' title='bbox 613 4787 748 4844; x_wconf 78' lang='lat' dir='ltr'><strong>Cor.</strong></span> 
     </span>
    </p>
   </div>
   <div class='ocr_carea' id='block_1_88' title="bbox 435 4804 1993 4927">
    <p class='ocr_par' dir='ltr' id='par_1_88' title="bbox 435 4804 1993 4927">
     <span class='ocr_line' id='line_1_89' title="bbox 435 4804 1993 4927; baseline -0.007 -6"><span class='ocrx_word' id='word_1_692' title='bbox 435 4804 1055 4927; x_wconf 50' lang='lat' dir='ltr'><strong>millélbgglpvo&#39;ayém</strong></span> <span class='ocrx_word' id='word_1_693' title='bbox 1085 4859 1263 4925; x_wconf 81' lang='grc' dir='ltr'>ἔριον.</span> <span class='ocrx_word' id='word_1_694' title='bbox 1312 4857 1369 4913; x_wconf 88' lang='grc' dir='ltr'><strong>1η</strong></span> <span class='ocrx_word' id='word_1_695' title='bbox 1409 4857 1777 4922; x_wconf 70' lang='lat' dir='ltr'><strong>codiceli&#39;egio</strong></span> <span class='ocrx_word' id='word_1_696' title='bbox 1804 4854 1938 4909; x_wconf 75' lang='lat' dir='ltr'><strong>222i</strong></span> <span class='ocrx_word' id='word_1_697' title='bbox 1979 4875 1993 4910; x_wconf 90' lang='lat'><strong>:</strong></span> 
     </span>
    </p>
   </div>
   <div class='ocr_carea' id='block_1_89' title="bbox 427 4927 1995 4999">
    <p class='ocr_par' dir='ltr' id='par_1_89' title="bbox 427 4927 1995 4999">
     <span class='ocr_line' id='line_1_90' title="bbox 427 4927 1995 4999; baseline -0.001 -19"><span class='ocrx_word' id='word_1_698' title='bbox 427 4927 702 4999; x_wconf 57' lang='grc' dir='ltr'>εὑραμένη</span> <span class='ocrx_word' id='word_1_699' title='bbox 731 4929 1042 4999; x_wconf 44' lang='grc' dir='ltr'>ἐριαηριιοσι</span> <span class='ocrx_word' id='word_1_700' title='bbox 1068 4930 1221 4981; x_wconf 81' lang='lat' dir='ltr'><strong>alteri</strong></span> <span class='ocrx_word' id='word_1_701' title='bbox 1245 4929 1521 4999; x_wconf 83' lang='lat' dir='ltr'><strong>interpreti</strong></span> <span class='ocrx_word' id='word_1_702' title='bbox 1547 4944 1574 4978; x_wconf 77' lang='grc' dir='ltr'><strong>ιι</strong></span> <span class='ocrx_word' id='word_1_703' title='bbox 1597 4927 1758 4999; x_wconf 58' lang='lat' dir='ltr'><strong>LXX,</strong></span> <span class='ocrx_word' id='word_1_704' title='bbox 1778 4927 1995 4995; x_wconf 87' lang='lat' dir='ltr'><strong>Aquila,</strong></span> 
     </span>
    </p>
   </div>
   <div class='ocr_carea' id='block_1_90' title="bbox 429 4995 2000 5068">
    <p class='ocr_par' dir='ltr' id='par_1_90' title="bbox 429 4995 2000 5068">
     <span class='ocr_line' id='line_1_91' title="bbox 429 4995 2000 5068; baseline -0.002 -17"><span class='ocrx_word' id='word_1_705' title='bbox 429 4995 777 5068; x_wconf 65' lang='lat' dir='ltr'><strong>Svmjnacho,</strong></span> <span class='ocrx_word' id='word_1_706' title='bbox 797 4997 1240 5068; x_wconf 87' lang='lat' dir='ltr'><strong>etTheodotione</strong></span> <span class='ocrx_word' id='word_1_707' title='bbox 1255 4995 1520 5061; x_wconf 80' lang='lat' dir='ltr'><strong>tribuunt,</strong></span> <span class='ocrx_word' id='word_1_708' title='bbox 1539 4997 1793 5066; x_wconf 84' lang='lat' dir='ltr'><strong>quodque</strong></span> <span class='ocrx_word' id='word_1_709' title='bbox 1816 4999 2000 5068; x_wconf 76' lang='lat' dir='ltr'><strong>sequi-</strong></span> 
     </span>
    </p>
   </div>
   <div class='ocr_carea' id='block_1_91' title="bbox 428 5065 1999 5137">
    <p class='ocr_par' dir='ltr' id='par_1_91' title="bbox 428 5065 1999 5137">
     <span class='ocr_line' id='line_1_92' title="bbox 428 5065 1999 5137; baseline -0.004 -14"><span class='ocrx_word' id='word_1_710' title='bbox 428 5065 523 5123; x_wconf 74' lang='grc' dir='ltr'>ιιιι·</span> <span class='ocrx_word' id='word_1_711' title='bbox 550 5065 618 5137; x_wconf 57' lang='grc' dir='ltr'>Β,</span> <span class='ocrx_word' id='word_1_712' title='bbox 643 5067 1002 5137; x_wconf 82' lang='lat' dir='ltr'><strong>Augustinus.</strong></span> <span class='ocrx_word' id='word_1_713' title='bbox 1053 5069 1141 5122; x_wconf 86' lang='lat' dir='ltr'><strong>ubi</strong></span> <span class='ocrx_word' id='word_1_714' title='bbox 1175 5084 1318 5134; x_wconf 81' lang='lat' dir='ltr'><strong>mox,</strong></span> <span class='ocrx_word' id='word_1_715' title='bbox 1341 5065 1602 5123; x_wconf 86' lang='lat' dir='ltr'><strong>vertendo</strong></span> <span class='ocrx_word' id='word_1_716' title='bbox 1629 5065 1890 5120; x_wconf 74' lang='lat' dir='ltr'><strong>inveniens</strong></span> <span class='ocrx_word' id='word_1_717' title='bbox 1915 5067 1999 5118; x_wconf 58' lang='lat' dir='ltr'><strong>la.</strong></span> 
     </span>
    </p>
   </div>
   <div class='ocr_carea' id='block_1_92' title="bbox 429 5136 2000 5209">
    <p class='ocr_par' dir='ltr' id='par_1_92' title="bbox 429 5136 2000 5209">
     <span class='ocr_line' id='line_1_93' title="bbox 429 5136 2000 5209; baseline -0.002 -18"><span class='ocrx_word' id='word_1_718' title='bbox 429 5153 575 5209; x_wconf 74' lang='lat' dir='ltr'><strong>nam.</strong></span> <span class='ocrx_word' id='word_1_719' title='bbox 606 5136 783 5200; x_wconf 74' lang='lat' dir='ltr'><strong>Nunc,</strong></span> <span class='ocrx_word' id='word_1_720' title='bbox 811 5139 1134 5209; x_wconf 85' lang='grc' dir='ltr'>μηρυομένη</span> <span class='ocrx_word' id='word_1_721' title='bbox 1165 5138 1304 5208; x_wconf 85' lang='grc' dir='ltr'>ἐρια.</span> <span class='ocrx_word' id='word_1_722' title='bbox 1357 5139 1414 5192; x_wconf 87' lang='lat' dir='ltr'><strong>Si</strong></span> <span class='ocrx_word' id='word_1_723' title='bbox 1469 5148 1647 5209; x_wconf 77' lang='lat' dir='ltr'><strong>autem</strong></span> <span class='ocrx_word' id='word_1_724' title='bbox 1697 5144 2000 5190; x_wconf 82' lang='lat' dir='ltr'><strong>mutaretur</strong></span> 
     </span>
    </p>
   </div>
   <div class='ocr_carea' id='block_1_93' title="bbox 433 5207 2001 5279">
    <p class='ocr_par' dir='ltr' id='par_1_93' title="bbox 433 5207 2001 5279">
     <span class='ocr_line' id='line_1_94' title="bbox 433 5207 2001 5279; baseline -0.001 -19"><span class='ocrx_word' id='word_1_725' title='bbox 433 5224 468 5279; x_wconf 86' lang='grc' dir='ltr'><strong>ρ</strong></span> <span class='ocrx_word' id='word_1_726' title='bbox 497 5207 552 5261; x_wconf 89' lang='lat' dir='ltr'><strong>in</strong></span> <span class='ocrx_word' id='word_1_727' title='bbox 579 5224 629 5274; x_wconf 92' lang='grc' dir='ltr'><strong>ν,</strong></span> <span class='ocrx_word' id='word_1_728' title='bbox 661 5223 782 5276; x_wconf 77' lang='lat' dir='ltr'><strong>quae</strong></span> <span class='ocrx_word' id='word_1_729' title='bbox 811 5207 1009 5279; x_wconf 59' lang='lat' dir='ltr'><strong>litterae</strong></span> <span class='ocrx_word' id='word_1_730' title='bbox 1032 5210 1094 5279; x_wconf 71' lang='lat' dir='ltr'><strong>in</strong></span> <span class='ocrx_word' id='word_1_731' title='bbox 1113 5207 1259 5279; x_wconf 24' lang='lat' dir='ltr'><strong>nisis.</strong></span> <span class='ocrx_word' id='word_1_732' title='bbox 1283 5211 1439 5263; x_wconf 80' lang='lat' dir='ltr'><strong>valde</strong></span> <span class='ocrx_word' id='word_1_733' title='bbox 1465 5207 1651 5261; x_wconf 82' lang='lat' dir='ltr'><strong>aliines</strong></span> <span class='ocrx_word' id='word_1_734' title='bbox 1677 5216 1826 5272; x_wconf 91' lang='lat' dir='ltr'><strong>sunt,</strong></span> <span class='ocrx_word' id='word_1_735' title='bbox 1854 5215 2001 5279; x_wconf 71' lang='lat' dir='ltr'><strong>esset</strong></span> 
     </span>
    </p>
   </div>
   <div class='ocr_carea' id='block_1_94' title="bbox 430 5277 2002 5348">
    <p class='ocr_par' dir='ltr' id='par_1_94' title="bbox 430 5277 2002 5348">
     <span class='ocr_line' id='line_1_95' title="bbox 430 5277 2002 5348; baseline -0.001 -18"><span class='ocrx_word' id='word_1_736' title='bbox 430 5277 576 5346; x_wconf 78' lang='lat' dir='ltr'><strong>quod</strong></span> <span class='ocrx_word' id='word_1_737' title='bbox 622 5278 976 5348; x_wconf 89' lang='lat' dir='ltr'><strong>responderet</strong></span> <span class='ocrx_word' id='word_1_738' title='bbox 1014 5277 1253 5348; x_wconf 58' lang='lat' dir='ltr'><strong>llo-brato</strong></span> <span class='ocrx_word' id='word_1_739' title='bbox 1311 5289 1474 5338; x_wconf 60' lang='lat' dir='ltr'><strong>nui-:1</strong></span> <span class='ocrx_word' id='word_1_740' title='bbox 1523 5279 1794 5348; x_wconf 68' lang='lat' dir='ltr'><strong>qurcsicit,</strong></span> <span class='ocrx_word' id='word_1_741' title='bbox 1840 5277 2002 5348; x_wconf 84' lang='lat' dir='ltr'><strong>modo</strong></span> 
     </span>
    </p>
   </div>
   <div class='ocr_carea' id='block_1_95' title="bbox 432 5345 2002 5418">
    <p class='ocr_par' dir='ltr' id='par_1_95' title="bbox 432 5345 2002 5418">
     <span class='ocr_line' id='line_1_96' title="bbox 432 5345 2002 5418; baseline -0.001 -19"><span class='ocrx_word' id='word_1_742' title='bbox 432 5345 660 5418; x_wconf 76' lang='lat' dir='ltr'><strong>veritate</strong></span> <span class='ocrx_word' id='word_1_743' title='bbox 682 5345 1025 5401; x_wconf 85' lang='lat' dir='ltr'><strong>nitaturillud</strong></span> <span class='ocrx_word' id='word_1_744' title='bbox 1040 5347 1291 5418; x_wconf 77' lang='lat' dir='ltr'><strong>Hesychii</strong></span> <span class='ocrx_word' id='word_1_745' title='bbox 1318 5345 1560 5418; x_wconf 82' lang='grc' dir='ltr'>μηνύειν,</span> <span class='ocrx_word' id='word_1_746' title='bbox 1580 5347 1892 5418; x_wconf 87' lang='grc' dir='ltr'>κηρύσσειν,</span> <span class='ocrx_word' id='word_1_747' title='bbox 1906 5345 2002 5415; x_wconf 78' lang='grc' dir='ltr'><strong>ζη-</strong></span> 
     </span>
    </p>
   </div>
   <div class='ocr_carea' id='block_1_96' title="bbox 431 5415 2001 5486">
    <p class='ocr_par' dir='ltr' id='par_1_96' title="bbox 431 5415 2001 5486">
     <span class='ocr_line' id='line_1_97' title="bbox 431 5415 2001 5486; baseline 0 -18"><span class='ocrx_word' id='word_1_748' title='bbox 431 5420 564 5469; x_wconf 81' lang='grc' dir='ltr'>τεῖν.</span> <span class='ocrx_word' id='word_1_749' title='bbox 589 5415 705 5471; x_wconf 82' lang='grc' dir='ltr'>Νοιι</span> <span class='ocrx_word' id='word_1_750' title='bbox 730 5419 905 5472; x_wconf 87' lang='lat' dir='ltr'><strong>ausim</strong></span> <span class='ocrx_word' id='word_1_751' title='bbox 937 5427 1116 5472; x_wconf 88' lang='lat' dir='ltr'><strong>tamen</strong></span> <span class='ocrx_word' id='word_1_752' title='bbox 1153 5415 1462 5486; x_wconf 77' lang='lat' dir='ltr'><strong>quidquam</strong></span> <span class='ocrx_word' id='word_1_753' title='bbox 1510 5415 1839 5482; x_wconf 77' lang='lat' dir='ltr'><strong>immutare;</strong></span> <span class='ocrx_word' id='word_1_754' title='bbox 1889 5427 2001 5468; x_wconf 88' lang='lat' dir='ltr'><strong>tum</strong></span> 
     </span>
    </p>
   </div>
   <div class='ocr_carea' id='block_1_97' title="bbox 435 5487 1999 5556">
    <p class='ocr_par' dir='ltr' id='par_1_97' title="bbox 435 5487 1999 5556">
     <span class='ocr_line' id='line_1_98' title="bbox 435 5487 1999 5556; baseline -0.001 -19"><span class='ocrx_word' id='word_1_755' title='bbox 435 5487 564 5554; x_wconf 88' lang='lat' dir='ltr'><strong>quia</strong></span> <span class='ocrx_word' id='word_1_756' title='bbox 594 5489 708 5540; x_wconf 65' lang='lat' dir='ltr'><strong>haec</strong></span> <span class='ocrx_word' id='word_1_757' title='bbox 733 5488 978 5556; x_wconf 72' lang='lat' dir='ltr'><strong>accoptio</strong></span> <span class='ocrx_word' id='word_1_758' title='bbox 1005 5488 1151 5540; x_wconf 81' lang='lat' dir='ltr'><strong>verbi</strong></span> <span class='ocrx_word' id='word_1_759' title='bbox 1190 5489 1410 5556; x_wconf 88' lang='grc' dir='ltr'>μηνύειν</span> <span class='ocrx_word' id='word_1_760' title='bbox 1433 5487 1693 5541; x_wconf 85' lang='lat' dir='ltr'><strong>inusitata</strong></span> <span class='ocrx_word' id='word_1_761' title='bbox 1722 5494 1806 5539; x_wconf 87' lang='lat' dir='ltr'><strong>est</strong></span> <span class='ocrx_word' id='word_1_762' title='bbox 1831 5503 1844 5551; x_wconf 91' lang='lat'><strong>;</strong></span> <span class='ocrx_word' id='word_1_763' title='bbox 1885 5494 1999 5556; x_wconf 82' lang='grc' dir='ltr'>ῑιιιιι</span> 
     </span>
    </p>
   </div>
   <div class='ocr_carea' id='block_1_98' title="bbox 479 5555 2001 5638">
    <p class='ocr_par' dir='ltr' id='par_1_98' title="bbox 479 5555 2001 5638">
     <span class='ocr_line' id='line_1_99' title="bbox 479 5555 2001 5638; baseline -0.003 -29"><span class='ocrx_word' id='word_1_764' title='bbox 479 5560 564 5610; x_wconf 88' lang='lat' dir='ltr'><strong>uia</strong></span> <span class='ocrx_word' id='word_1_765' title='bbox 578 5557 789 5638; x_wconf 71' lang='lat' dir='ltr'><strong>vulgata</strong></span> <span class='ocrx_word' id='word_1_766' title='bbox 817 5555 974 5638; x_wconf 71' lang='lat' dir='ltr'><strong>lectio</strong></span> <span class='ocrx_word' id='word_1_767' title='bbox 988 5555 1210 5638; x_wconf 83' lang='lat' dir='ltr'><strong>apparet</strong></span> <span class='ocrx_word' id='word_1_768' title='bbox 1237 5555 1307 5638; x_wconf 81' lang='lat' dir='ltr'><strong>in_</strong></span> <span class='ocrx_word' id='word_1_769' title='bbox 1318 5558 1629 5638; x_wconf 77' lang='lat' dir='ltr'><strong>Ambrosio,</strong></span> <span class='ocrx_word' id='word_1_770' title='bbox 1648 5558 1701 5610; x_wconf 89' lang='lat' dir='ltr'><strong>in</strong></span> <span class='ocrx_word' id='word_1_771' title='bbox 1715 5555 2001 5638; x_wconf 49' lang='lat' dir='ltr'><strong>Catena‘a‘d</strong></span> 
     </span>
    </p>
   </div>
   <div class='ocr_carea' id='block_1_99' title="bbox 437 5573 2004 5708">
    <p class='ocr_par' dir='ltr' id='par_1_99' title="bbox 437 5573 2004 5708">
     <span class='ocr_line' id='line_1_100' title="bbox 437 5573 2001 5676; baseline -0.003 -67"><span class='ocrx_word' id='word_1_772' title='bbox 437 5573 564 5676; x_wconf 51' lang='lat' dir='ltr'><strong>quia</strong></span> <span class='ocrx_word' id='word_1_773' title='bbox 578 5573 789 5638; x_wconf 74' lang='lat' dir='ltr'><strong>vulgata</strong></span> <span class='ocrx_word' id='word_1_774' title='bbox 817 5573 974 5610; x_wconf 79' lang='lat' dir='ltr'><strong>lectio</strong></span> <span class='ocrx_word' id='word_1_775' title='bbox 988 5573 1210 5627; x_wconf 82' lang='lat' dir='ltr'><strong>apparet</strong></span> <span class='ocrx_word' id='word_1_776' title='bbox 1237 5574 1289 5610; x_wconf 91' lang='lat' dir='ltr'><strong>Ill</strong></span> <span class='ocrx_word' id='word_1_777' title='bbox 1318 5573 2001 5630; x_wconf 67' lang='lat' dir='ltr'><strong>amni-usue,1nuateuaau</strong></span> 
     </span>
     <span class='ocr_line' id='line_1_101' title="bbox 450 5623 2004 5708; baseline 0.001 -32"><span class='ocrx_word' id='word_1_778' title='bbox 450 5707 460 5708; x_wconf 13' lang='grc' dir='ltr'>ί</span> <span class='ocrx_word' id='word_1_779' title='bbox 487 5627 754 5708; x_wconf 67' lang='lat' dir='ltr'><strong>rever-bna,</strong></span> <span class='ocrx_word' id='word_1_780' title='bbox 802 5635 856 5679; x_wconf 78' lang='lat' dir='ltr'><strong>et</strong></span> <span class='ocrx_word' id='word_1_781' title='bbox 882 5629 934 5707; x_wconf 81' lang='lat' dir='ltr'><strong>in</strong></span> <span class='ocrx_word' id='word_1_782' title='bbox 957 5643 1112 5693; x_wconf 90' lang='lat' dir='ltr'><strong>mss.,</strong></span> <span class='ocrx_word' id='word_1_783' title='bbox 1137 5627 1510 5708; x_wconf 71' lang='lat' dir='ltr'><strong>tum_denique</strong></span> <span class='ocrx_word' id='word_1_784' title='bbox 1539 5629 1666 5708; x_wconf 84' lang='lat' dir='ltr'><strong>quia</strong></span> <span class='ocrx_word' id='word_1_785' title='bbox 1692 5642 1832 5708; x_wconf 64' lang='lat' dir='ltr'><strong>saepe</strong></span> <span class='ocrx_word' id='word_1_786' title='bbox 1861 5623 2004 5708; x_wconf 54' lang='grc' dir='ltr'><strong>ΙᾼΧ</strong></span> 
     </span>
    </p>
   </div>
   <div class='ocr_carea' id='block_1_100' title="bbox 441 5693 2000 5816">
    <p class='ocr_par' dir='ltr' id='par_1_100' title="bbox 441 5693 2000 5816">
     <span class='ocr_line' id='line_1_102' title="bbox 441 5693 2000 5816; baseline 0.002 -68"><span class='ocrx_word' id='word_1_787' title='bbox 441 5693 509 5816; x_wconf 58' lang='lat' dir='ltr'><strong>in:</strong></span> <span class='ocrx_word' id='word_1_788' title='bbox 537 5708 755 5748; x_wconf 87' lang='lat' dir='ltr'><strong>sensum</strong></span> <span class='ocrx_word' id='word_1_789' title='bbox 785 5697 957 5765; x_wconf 80' lang='lat' dir='ltr'><strong>magis</strong></span> <span class='ocrx_word' id='word_1_790' title='bbox 993 5712 1156 5768; x_wconf 87' lang='lat' dir='ltr'><strong>quam</strong></span> <span class='ocrx_word' id='word_1_791' title='bbox 1204 5698 1272 5752; x_wconf 88' lang='lat' dir='ltr'><strong>ad</strong></span> <span class='ocrx_word' id='word_1_792' title='bbox 1302 5693 1524 5754; x_wconf 80' lang='lat' dir='ltr'><strong>verbum</strong></span> <span class='ocrx_word' id='word_1_793' title='bbox 1557 5693 2000 5768; x_wconf 83' lang='lat' dir='ltr'><strong>interpretantur.</strong></span> 
     </span>
    </p>
   </div>
   <div class='ocr_carea' id='block_1_101' title="bbox 2159 3731 3675 3812">
    <p class='ocr_par' dir='ltr' id='par_1_101' title="bbox 2159 3731 3675 3812">
     <span class='ocr_line' id='line_1_103' title="bbox 2159 3731 3675 3812; baseline 0.001 -17"><span class='ocrx_word' id='word_1_794' title='bbox 2159 3736 2411 3812; x_wconf 77' lang='grc' dir='ltr'>(65)Τὴν</span> <span class='ocrx_word' id='word_1_795' title='bbox 2433 3731 2823 3800; x_wconf 60' lang='grc' dir='ltr'>ὀσφύνιϋιιιιε</span> <span class='ocrx_word' id='word_1_796' title='bbox 2850 3737 3011 3795; x_wconf 92' lang='lat' dir='ltr'><strong>codd.</strong></span> <span class='ocrx_word' id='word_1_797' title='bbox 3061 3738 3214 3809; x_wconf 77' lang='grc' dir='ltr'>ἰσχύν</span> <span class='ocrx_word' id='word_1_798' title='bbox 3235 3778 3250 3802; x_wconf 96' lang='grc'><strong>,</strong></span> <span class='ocrx_word' id='word_1_799' title='bbox 3298 3739 3477 3792; x_wconf 86' lang='lat' dir='ltr'><strong>minus</strong></span> <span class='ocrx_word' id='word_1_800' title='bbox 3511 3739 3675 3797; x_wconf 84' lang='lat' dir='ltr'><strong>bene.</strong></span> 
     </span>
    </p>
   </div>
   <div class='ocr_carea' id='block_1_102' title="bbox 2087 3811 2256 3867">
    <p class='ocr_par' dir='ltr' id='par_1_102' title="bbox 2087 3811 2256 3867">
     <span class='ocr_line' id='line_1_104' title="bbox 2087 3811 2256 3867; baseline 0 0"><span class='ocrx_word' id='word_1_801' title='bbox 2087 3811 2256 3867; x_wconf 75' lang='lat' dir='ltr'><strong>Cum.</strong></span> 
     </span>
    </p>
   </div>
   <div class='ocr_carea' id='block_1_103' title="bbox 2163 3878 3678 3951">
    <p class='ocr_par' dir='ltr' id='par_1_103' title="bbox 2163 3878 3678 3951">
     <span class='ocr_line' id='line_1_105' title="bbox 2163 3878 3678 3951; baseline 0.003 -17"><span class='ocrx_word' id='word_1_802' title='bbox 2163 3881 2274 3951; x_wconf 75' lang='grc'>(64)</span> <span class='ocrx_word' id='word_1_803' title='bbox 2314 3879 2606 3951; x_wconf 63' lang='grc' dir='ltr'>Χρήσιιια.</span> <span class='ocrx_word' id='word_1_804' title='bbox 2665 3878 3039 3951; x_wconf 79' lang='grc' dir='ltr'>Συμφέροντα,</span> <span class='ocrx_word' id='word_1_805' title='bbox 3094 3879 3285 3935; x_wconf 86' lang='lat' dir='ltr'><strong>eodem</strong></span> <span class='ocrx_word' id='word_1_806' title='bbox 3331 3894 3523 3942; x_wconf 88' lang='lat' dir='ltr'><strong>sensu,</strong></span> <span class='ocrx_word' id='word_1_807' title='bbox 3578 3883 3678 3938; x_wconf 83' lang='lat' dir='ltr'><strong>sed</strong></span> 
     </span>
    </p>
   </div>
   <div class='ocr_carea' id='block_1_104' title="bbox 2092 3949 2610 4005">
    <p class='ocr_par' dir='ltr' id='par_1_104' title="bbox 2092 3949 2610 4005">
     <span class='ocr_line' id='line_1_106' title="bbox 2092 3949 2610 4005; baseline -0.004 -1"><span class='ocrx_word' id='word_1_808' title='bbox 2092 3949 2312 4004; x_wconf 86' lang='lat' dir='ltr'><strong>diverso</strong></span> <span class='ocrx_word' id='word_1_809' title='bbox 2344 3965 2502 4005; x_wconf 92' lang='lat' dir='ltr'><strong>sono.</strong></span> <span class='ocrx_word' id='word_1_810' title='bbox 2535 3949 2610 4002; x_wconf 82' lang='lat' dir='ltr'><strong>In.</strong></span> 
     </span>
    </p>
   </div>
   <div class='ocr_carea' id='block_1_105' title="bbox 2137 4017 3676 4091">
    <p class='ocr_par' dir='ltr' id='par_1_105' title="bbox 2137 4017 3676 4091">
     <span class='ocr_line' id='line_1_107' title="bbox 2137 4017 3676 4091; baseline 0.001 -18"><span class='ocrx_word' id='word_1_811' title='bbox 2137 4020 2275 4091; x_wconf 68' lang='grc'>’(65)</span> <span class='ocrx_word' id='word_1_812' title='bbox 2325 4022 2407 4073; x_wconf 90' lang='grc' dir='ltr'><strong>Οὺ</strong></span> <span class='ocrx_word' id='word_1_813' title='bbox 2451 4017 2740 4091; x_wconf 65' lang='grc' dir='ltr'>φροντίζει</span> <span class='ocrx_word' id='word_1_814' title='bbox 2786 4017 2906 4072; x_wconf 78' lang='grc' dir='ltr'>τῶν</span> <span class='ocrx_word' id='word_1_815' title='bbox 2931 4019 3002 4072; x_wconf 80' lang='grc' dir='ltr'>ἐν</span> <span class='ocrx_word' id='word_1_816' title='bbox 3029 4019 3237 4091; x_wconf 44' lang='grc' dir='ltr'><strong>οἴκῳ-ό</strong></span> <span class='ocrx_word' id='word_1_817' title='bbox 3277 4018 3432 4086; x_wconf 74' lang='grc' dir='ltr'><strong>ἀνὴρ</strong></span> <span class='ocrx_word' id='word_1_818' title='bbox 3460 4019 3676 4089; x_wconf 81' lang='grc' dir='ltr'>αὐτῆς.</span> 
     </span>
    </p>
   </div>
   <div class='ocr_carea' id='block_1_106' title="bbox 2090 4086 3680 4210">
    <p class='ocr_par' dir='ltr' id='par_1_106' title="bbox 2090 4086 3680 4210">
     <span class='ocr_line' id='line_1_108' title="bbox 2090 4086 3680 4210; baseline 0 -65"><span class='ocrx_word' id='word_1_819' title='bbox 2090 4086 2306 4145; x_wconf 64' lang='grc' dir='ltr'>Οιιζοίῑιζίι</span> <span class='ocrx_word' id='word_1_820' title='bbox 2323 4086 2603 4158; x_wconf 84' lang='lat' dir='ltr'><strong>sequentia</strong></span> <span class='ocrx_word' id='word_1_821' title='bbox 2634 4090 2760 4142; x_wconf 86' lang='grc' dir='ltr'>ὃταν</span> <span class='ocrx_word' id='word_1_822' title='bbox 2791 4106 2892 4142; x_wconf 85' lang='grc' dir='ltr'><strong>που</strong></span> <span class='ocrx_word' id='word_1_823' title='bbox 2919 4090 3148 4210; x_wconf 54' lang='grc' dir='ltr'>χιονίζέ.</span> <span class='ocrx_word' id='word_1_824' title='bbox 3174 4086 3250 4142; x_wconf 90' lang='lat' dir='ltr'><strong>lta</strong></span> <span class='ocrx_word' id='word_1_825' title='bbox 3268 4091 3470 4159; x_wconf 91' lang='lat' dir='ltr'><strong>quippe</strong></span> <span class='ocrx_word' id='word_1_826' title='bbox 3492 4086 3680 4158; x_wconf 69' lang='lat' dir='ltr'><strong>legen-</strong></span> 
     </span>
     <span class='ocr_line' id='line_1_109' title="bbox 2094 4158 3678 4210; baseline 0 0"><span class='ocrx_word' id='word_1_827' title='bbox 2094 4161 2246 4210; x_wconf 89' lang='lat' dir='ltr'><strong>dum.</strong></span> <span class='ocrx_word' id='word_1_828' title='bbox 2281 4176 2379 4210; x_wconf 85' lang='lat' dir='ltr'><strong>nro</strong></span> <span class='ocrx_word' id='word_1_829' title='bbox 2411 4159 2658 4210; x_wconf 68' lang='grc' dir='ltr'>γοονίζτι.</span> <span class='ocrx_word' id='word_1_830' title='bbox 2704 4158 2825 4210; x_wconf 80' lang='lat' dir='ltr'><strong>Non</strong></span> <span class='ocrx_word' id='word_1_831' title='bbox 2857 4159 3060 4210; x_wconf 79' lang='lat' dir='ltr'><strong>timebit</strong></span> <span class='ocrx_word' id='word_1_832' title='bbox 3128 4160 3271 4210; x_wconf 89' lang='lat' dir='ltr'><strong>omui</strong></span> <span class='ocrx_word' id='word_1_833' title='bbox 3299 4177 3411 4210; x_wconf 72' lang='lat' dir='ltr'><strong>suae</strong></span> <span class='ocrx_word' id='word_1_834' title='bbox 3437 4178 3469 4210; x_wconf 88' lang='lat' dir='ltr'><strong>a</strong></span> <span class='ocrx_word' id='word_1_835' title='bbox 3511 4163 3678 4210; x_wconf 74' lang='lat' dir='ltr'><strong>frian-</strong></span> 
     </span>
    </p>
   </div>
   <div class='ocr_carea' id='block_1_107' title="bbox 2094 4158 3678 4230">
    <p class='ocr_par' dir='ltr' id='par_1_107' title="bbox 2094 4158 3678 4230">
     <span class='ocr_line' id='line_1_110' title="bbox 2094 4158 3678 4230; baseline 0.001 -17"><span class='ocrx_word' id='word_1_836' title='bbox 2094 4161 2246 4222; x_wconf 83' lang='lat' dir='ltr'><strong>duln,</strong></span> <span class='ocrx_word' id='word_1_837' title='bbox 2281 4176 2379 4229; x_wconf 90' lang='lat' dir='ltr'><strong>pro</strong></span> <span class='ocrx_word' id='word_1_838' title='bbox 2411 4159 2679 4230; x_wconf 54' lang='lat' dir='ltr'><strong>xpovign.</strong></span> <span class='ocrx_word' id='word_1_839' title='bbox 2704 4158 2825 4212; x_wconf 80' lang='lat' dir='ltr'><strong>Non</strong></span> <span class='ocrx_word' id='word_1_840' title='bbox 2857 4158 3068 4230; x_wconf 69' lang='lat' dir='ltr'><strong>timebit</strong></span> <span class='ocrx_word' id='word_1_841' title='bbox 3088 4158 3279 4230; x_wconf 73' lang='lat' dir='ltr'><strong>domui</strong></span> <span class='ocrx_word' id='word_1_842' title='bbox 3299 4158 3416 4213; x_wconf 59' lang='lat' dir='ltr'><strong>suis?</strong></span> <span class='ocrx_word' id='word_1_843' title='bbox 3437 4178 3469 4214; x_wconf 90' lang='lat' dir='ltr'><strong>a</strong></span> <span class='ocrx_word' id='word_1_844' title='bbox 3510 4163 3678 4230; x_wconf 80' lang='lat' dir='ltr'><strong>[rigo-</strong></span> 
     </span>
    </p>
   </div>
   <div class='ocr_carea' id='block_1_108' title="bbox 2097 4229 3676 4294">
    <p class='ocr_par' dir='ltr' id='par_1_108' title="bbox 2097 4229 3676 4294">
     <span class='ocr_line' id='line_1_111' title="bbox 2097 4229 3676 4294; baseline 0.001 -11"><span class='ocrx_word' id='word_1_845' title='bbox 2097 4230 2244 4283; x_wconf 78' lang='lat' dir='ltr'><strong>ribus</strong></span> <span class='ocrx_word' id='word_1_846' title='bbox 2277 4229 2429 4284; x_wconf 80' lang='lat' dir='ltr'><strong>nivis.</strong></span> <span class='ocrx_word' id='word_1_847' title='bbox 2452 4229 2724 4282; x_wconf 31' lang='lat' dir='ltr'><strong>’Provcrb.</strong></span> <span class='ocrx_word' id='word_1_848' title='bbox 2755 4245 2905 4290; x_wconf 70' lang='grc' dir='ltr'>χχχι,</span> <span class='ocrx_word' id='word_1_849' title='bbox 2935 4229 3028 4283; x_wconf 84' lang='lat' dir='ltr'><strong>2i.</strong></span> <span class='ocrx_word' id='word_1_850' title='bbox 3054 4229 3171 4283; x_wconf 84' lang='lat' dir='ltr'><strong>Mox</strong></span> <span class='ocrx_word' id='word_1_851' title='bbox 3219 4229 3439 4283; x_wconf 89' lang='lat' dir='ltr'><strong>additur</strong></span> <span class='ocrx_word' id='word_1_852' title='bbox 3461 4229 3676 4294; x_wconf 82' lang='grc' dir='ltr'>στολάς,</span> 
     </span>
    </p>
   </div>
   <div class='ocr_carea' id='block_1_109' title="bbox 2098 4299 3680 4368">
    <p class='ocr_par' dir='ltr' id='par_1_109' title="bbox 2098 4299 3680 4368">
     <span class='ocr_line' id='line_1_112' title="bbox 2098 4299 3680 4368; baseline 0.001 -14"><span class='ocrx_word' id='word_1_853' title='bbox 2098 4300 2486 4368; x_wconf 83' lang='lat' dir='ltr'><strong>explicationis</strong></span> <span class='ocrx_word' id='word_1_854' title='bbox 2519 4300 2712 4368; x_wconf 83' lang='lat' dir='ltr'><strong>gratia.</strong></span> <span class='ocrx_word' id='word_1_855' title='bbox 2749 4299 2886 4353; x_wconf 81' lang='lat' dir='ltr'><strong>Male</strong></span> <span class='ocrx_word' id='word_1_856' title='bbox 2915 4308 3096 4353; x_wconf 81' lang='lat' dir='ltr'><strong>autem</strong></span> <span class='ocrx_word' id='word_1_857' title='bbox 3123 4301 3176 4352; x_wconf 89' lang='lat' dir='ltr'><strong>in</strong></span> <span class='ocrx_word' id='word_1_858' title='bbox 3202 4299 3541 4354; x_wconf 81' lang='lat' dir='ltr'><strong>editionibus</strong></span> <span class='ocrx_word' id='word_1_859' title='bbox 3571 4303 3680 4355; x_wconf 87' lang='grc' dir='ltr'><strong>τῶν</strong></span> 
     </span>
    </p>
   </div>
   <div class='ocr_carea' id='block_1_110' title="bbox 2098 4369 3680 4440">
    <p class='ocr_par' dir='ltr' id='par_1_110' title="bbox 2098 4369 3680 4440">
     <span class='ocr_line' id='line_1_113' title="bbox 2098 4369 3680 4440; baseline 0.001 -16"><span class='ocrx_word' id='word_1_860' title='bbox 2098 4370 2176 4434; x_wconf 90' lang='lat'><strong>0&#39;,</strong></span> <span class='ocrx_word' id='word_1_861' title='bbox 2199 4371 2270 4424; x_wconf 89' lang='lat' dir='ltr'><strong>ab</strong></span> <span class='ocrx_word' id='word_1_862' title='bbox 2295 4369 2624 4440; x_wconf 82' lang='grc' dir='ltr'>ἐνδεδυμένοι</span> <span class='ocrx_word' id='word_1_863' title='bbox 2649 4369 2776 4431; x_wconf 87' lang='grc' dir='ltr'>εἰσί,</span> <span class='ocrx_word' id='word_1_864' title='bbox 2805 4369 3353 4439; x_wconf 62' lang='grc' dir='ltr'>αἰεᾸυηείιυτδισσάς,</span> <span class='ocrx_word' id='word_1_865' title='bbox 3373 4388 3552 4440; x_wconf 81' lang='lat' dir='ltr'><strong>quam</strong></span> <span class='ocrx_word' id='word_1_866' title='bbox 3570 4372 3680 4427; x_wconf 83' lang='lat' dir='ltr'><strong>dis-</strong></span> 
     </span>
    </p>
   </div>
   <div class='ocr_carea' id='block_1_111' title="bbox 2097 4439 3680 4509">
    <p class='ocr_par' dir='ltr' id='par_1_111' title="bbox 2097 4439 3680 4509">
     <span class='ocr_line' id='line_1_114' title="bbox 2097 4439 3680 4509; baseline 0.001 -17"><span class='ocrx_word' id='word_1_867' title='bbox 2097 4440 2438 4509; x_wconf 66' lang='lat' dir='ltr'><strong>iunctionem</strong></span> <span class='ocrx_word' id='word_1_868' title='bbox 2482 4439 2731 4492; x_wconf 82' lang='lat' dir='ltr'><strong>invenire</strong></span> <span class='ocrx_word' id='word_1_869' title='bbox 2785 4440 2950 4492; x_wconf 86' lang='lat' dir='ltr'><strong>etiam</strong></span> <span class='ocrx_word' id='word_1_870' title='bbox 2990 4449 3076 4494; x_wconf 86' lang='lat' dir='ltr'><strong>est</strong></span> <span class='ocrx_word' id='word_1_871' title='bbox 3104 4441 3159 4494; x_wconf 90' lang='lat' dir='ltr'><strong>in</strong></span> <span class='ocrx_word' id='word_1_872' title='bbox 3198 4439 3404 4494; x_wconf 77' lang='lat' dir='ltr'><strong>Catena</strong></span> <span class='ocrx_word' id='word_1_873' title='bbox 3435 4441 3504 4493; x_wconf 86' lang='lat' dir='ltr'><strong>ad</strong></span> <span class='ocrx_word' id='word_1_874' title='bbox 3543 4439 3680 4494; x_wconf 84' lang='lat' dir='ltr'><strong>Pro-</strong></span> 
     </span>
    </p>
   </div>
   <div class='ocr_carea' id='block_1_112' title="bbox 2099 4509 3680 4578">
    <p class='ocr_par' dir='ltr' id='par_1_112' title="bbox 2099 4509 3680 4578">
     <span class='ocr_line' id='line_1_115' title="bbox 2099 4509 3680 4578; baseline 0.001 -17"><span class='ocrx_word' id='word_1_875' title='bbox 2099 4511 2306 4571; x_wconf 87' lang='lat' dir='ltr'><strong>verbia,</strong></span> <span class='ocrx_word' id='word_1_876' title='bbox 2343 4510 2397 4562; x_wconf 87' lang='lat' dir='ltr'><strong>in</strong></span> <span class='ocrx_word' id='word_1_877' title='bbox 2446 4519 2680 4562; x_wconf 85' lang='lat' dir='ltr'><strong>tractatu</strong></span> <span class='ocrx_word' id='word_1_878' title='bbox 2721 4518 3022 4578; x_wconf 80' lang='lat' dir='ltr'><strong>memorato</strong></span> <span class='ocrx_word' id='word_1_879' title='bbox 3039 4509 3116 4562; x_wconf 84' lang='lat' dir='ltr'><strong>De</strong></span> <span class='ocrx_word' id='word_1_880' title='bbox 3150 4509 3366 4562; x_wconf 86' lang='lat' dir='ltr'><strong>muliere</strong></span> <span class='ocrx_word' id='word_1_881' title='bbox 3413 4511 3546 4578; x_wconf 80' lang='lat' dir='ltr'><strong>[orti</strong></span> <span class='ocrx_word' id='word_1_882' title='bbox 3575 4510 3680 4564; x_wconf 79' lang='lat' dir='ltr'><strong>Sa-</strong></span> 
     </span>
    </p>
   </div>
   <div class='ocr_carea' id='block_1_113' title="bbox 2100 4577 3676 4648">
    <p class='ocr_par' dir='ltr' id='par_1_113' title="bbox 2100 4577 3676 4648">
     <span class='ocr_line' id='line_1_116' title="bbox 2100 4577 3676 4648; baseline -0.001 -16"><span class='ocrx_word' id='word_1_883' title='bbox 2100 4579 2346 4640; x_wconf 81' lang='lat' dir='ltr'><strong>lomonis,</strong></span> <span class='ocrx_word' id='word_1_884' title='bbox 2374 4580 2428 4632; x_wconf 91' lang='lat' dir='ltr'><strong>in</strong></span> <span class='ocrx_word' id='word_1_885' title='bbox 2449 4579 2709 4648; x_wconf 86' lang='lat' dir='ltr'><strong>Gregorio</strong></span> <span class='ocrx_word' id='word_1_886' title='bbox 2738 4577 3079 4631; x_wconf 83' lang='lat' dir='ltr'><strong>Nazianzeno</strong></span> <span class='ocrx_word' id='word_1_887' title='bbox 3093 4577 3442 4636; x_wconf 74' lang='lat' dir='ltr'><strong>oratione”.</strong></span> <span class='ocrx_word' id='word_1_888' title='bbox 3462 4595 3516 4647; x_wconf 94' lang='lat' dir='ltr'><strong>p.</strong></span> <span class='ocrx_word' id='word_1_889' title='bbox 3550 4581 3676 4633; x_wconf 66' lang='lat' dir='ltr'><strong>is&quot;.</strong></span> 
     </span>
    </p>
   </div>
   <div class='ocr_carea' id='block_1_114' title="bbox 2097 4648 3678 4718">
    <p class='ocr_par' dir='ltr' id='par_1_114' title="bbox 2097 4648 3678 4718">
     <span class='ocr_line' id='line_1_117' title="bbox 2097 4648 3678 4718; baseline 0.001 -17"><span class='ocrx_word' id='word_1_890' title='bbox 2097 4650 2386 4703; x_wconf 87' lang='lat' dir='ltr'><strong>Ambrosio</strong></span> <span class='ocrx_word' id='word_1_891' title='bbox 2414 4648 2673 4718; x_wconf 20' lang='lat' dir='ltr'><strong>adiLuca:</strong></span> <span class='ocrx_word' id='word_1_892' title='bbox 2693 4663 2807 4710; x_wconf 78' lang='lat' dir='ltr'><strong>xw,</strong></span> <span class='ocrx_word' id='word_1_893' title='bbox 2839 4648 3514 4718; x_wconf 84' lang='lat' dir='ltr'><strong>l8,etAugustino,scrIn.</strong></span> <span class='ocrx_word' id='word_1_894' title='bbox 3569 4654 3678 4708; x_wconf 67' lang='grc' dir='ltr'>ΞΠ</span> 
     </span>
    </p>
   </div>
   <div class='ocr_carea' id='block_1_115' title="bbox 2097 4717 3680 4787">
    <p class='ocr_par' dir='ltr' id='par_1_115' title="bbox 2097 4717 3680 4787">
     <span class='ocr_line' id='line_1_118' title="bbox 2097 4717 3680 4787; baseline -0.001 -15"><span class='ocrx_word' id='word_1_895' title='bbox 2097 4718 2174 4772; x_wconf 86' lang='lat' dir='ltr'><strong>De</strong></span> <span class='ocrx_word' id='word_1_896' title='bbox 2206 4729 2452 4787; x_wconf 81' lang='lat' dir='ltr'><strong>tempore.</strong></span> <span class='ocrx_word' id='word_1_897' title='bbox 2491 4717 2644 4772; x_wconf 82' lang='lat' dir='ltr'><strong>Patet</strong></span> <span class='ocrx_word' id='word_1_898' title='bbox 2674 4733 2737 4772; x_wconf 86' lang='lat' dir='ltr'><strong>ex</strong></span> <span class='ocrx_word' id='word_1_899' title='bbox 2775 4717 2968 4770; x_wconf 88' lang='lat' dir='ltr'><strong>ordine</strong></span> <span class='ocrx_word' id='word_1_900' title='bbox 3005 4717 3516 4787; x_wconf 39' lang='lat' dir='ltr'><strong>alphabeticotquo</strong></span> <span class='ocrx_word' id='word_1_901' title='bbox 3545 4732 3680 4770; x_wconf 89' lang='lat' dir='ltr'><strong>con-</strong></span> 
     </span>
    </p>
   </div>
   <div class='ocr_carea' id='block_1_116' title="bbox 2099 4786 3681 4855">
    <p class='ocr_par' dir='ltr' id='par_1_116' title="bbox 2099 4786 3681 4855">
     <span class='ocr_line' id='line_1_119' title="bbox 2099 4786 3681 4855; baseline -0.003 -12"><span class='ocrx_word' id='word_1_902' title='bbox 2099 4798 2249 4843; x_wconf 89' lang='lat' dir='ltr'><strong>stant</strong></span> <span class='ocrx_word' id='word_1_903' title='bbox 2292 4786 2383 4843; x_wconf 83' lang='lat' dir='ltr'><strong>isti</strong></span> <span class='ocrx_word' id='word_1_904' title='bbox 2423 4788 2681 4841; x_wconf 88' lang='lat' dir='ltr'><strong>versiculi</strong></span> <span class='ocrx_word' id='word_1_905' title='bbox 2723 4787 2916 4855; x_wconf 81' lang='lat' dir='ltr'><strong>viginti</strong></span> <span class='ocrx_word' id='word_1_906' title='bbox 2946 4787 3054 4841; x_wconf 89' lang='lat' dir='ltr'><strong>duo</strong></span> <span class='ocrx_word' id='word_1_907' title='bbox 3086 4790 3346 4855; x_wconf 87' lang='lat' dir='ltr'><strong>postremi</strong></span> <span class='ocrx_word' id='word_1_908' title='bbox 3376 4786 3681 4840; x_wconf 83' lang='lat' dir='ltr'><strong>Parabola-</strong></span> 
     </span>
    </p>
   </div>
   <div class='ocr_carea' id='block_1_117' title="bbox 2100 4856 3682 4927">
    <p class='ocr_par' dir='ltr' id='par_1_117' title="bbox 2100 4856 3682 4927">
     <span class='ocr_line' id='line_1_120' title="bbox 2100 4856 3682 4927; baseline -0.001 -17"><span class='ocrx_word' id='word_1_909' title='bbox 2100 4874 2244 4912; x_wconf 90' lang='lat' dir='ltr'><strong>rum.</strong></span> <span class='ocrx_word' id='word_1_910' title='bbox 2304 4858 2466 4913; x_wconf 85' lang='lat' dir='ltr'><strong>Liber</strong></span> <span class='ocrx_word' id='word_1_911' title='bbox 2490 4859 2687 4926; x_wconf 76' lang='lat' dir='ltr'><strong>Regius</strong></span> <span class='ocrx_word' id='word_1_912' title='bbox 2729 4857 2863 4910; x_wconf 72' lang='lat'><strong>2221</strong></span> <span class='ocrx_word' id='word_1_913' title='bbox 2921 4876 2934 4911; x_wconf 88' lang='lat'>:</span> <span class='ocrx_word' id='word_1_914' title='bbox 2979 4857 3320 4927; x_wconf 58' lang='lat' dir='ltr'><strong>évosauuévot</strong></span> <span class='ocrx_word' id='word_1_915' title='bbox 3348 4857 3454 4909; x_wconf 79' lang='grc' dir='ltr'>εἰσὶ</span> <span class='ocrx_word' id='word_1_916' title='bbox 3488 4856 3682 4918; x_wconf 75' lang='grc' dir='ltr'>δισσὰς</span> 
     </span>
    </p>
   </div>
   <div class='ocr_carea' id='block_1_118' title="bbox 2103 4921 3680 4996">
    <p class='ocr_par' dir='ltr' id='par_1_118' title="bbox 2103 4921 3680 4996">
     <span class='ocr_line' id='line_1_121' title="bbox 2103 4921 3680 4996; baseline -0.001 -16"><span class='ocrx_word' id='word_1_917' title='bbox 2103 4928 2296 4992; x_wconf 81' lang='grc' dir='ltr'>στολὰς</span> <span class='ocrx_word' id='word_1_918' title='bbox 2327 4929 2421 4981; x_wconf 73' lang='grc' dir='ltr'>καὶ</span> <span class='ocrx_word' id='word_1_919' title='bbox 2451 4921 2694 4996; x_wconf 67' lang='grc' dir='ltr'>χλαίνας,</span> <span class='ocrx_word' id='word_1_920' title='bbox 2728 4936 2837 4981; x_wconf 86' lang='lat' dir='ltr'><strong>etc.</strong></span> <span class='ocrx_word' id='word_1_921' title='bbox 2893 4921 3247 4990; x_wconf 72' lang='lat' dir='ltr'><strong>versio;Eiia:</strong></span> <span class='ocrx_word' id='word_1_922' title='bbox 3290 4925 3573 4996; x_wconf 81' lang='lat' dir='ltr'><strong>Cretensis</strong></span> <span class='ocrx_word' id='word_1_923' title='bbox 3625 4943 3680 4979; x_wconf 89' lang='grc' dir='ltr'><strong>ιιι</strong></span> 
     </span>
    </p>
   </div>
   <div class='ocr_carea' id='block_1_119' title="bbox 2103 4995 3683 5067">
    <p class='ocr_par' dir='ltr' id='par_1_119' title="bbox 2103 4995 3683 5067">
     <span class='ocr_line' id='line_1_122' title="bbox 2103 4995 3683 5067; baseline -0.003 -16"><span class='ocrx_word' id='word_1_924' title='bbox 2103 4996 2161 5052; x_wconf 91' lang='lat' dir='ltr'><strong>S.</strong></span> <span class='ocrx_word' id='word_1_925' title='bbox 2193 4995 2802 5067; x_wconf 75' lang='lat' dir='ltr'><strong>GregoriiNazianzeni</strong></span> <span class='ocrx_word' id='word_1_926' title='bbox 2852 5005 2994 5050; x_wconf 87' lang='lat' dir='ltr'><strong>orat.</strong></span> <span class='ocrx_word' id='word_1_927' title='bbox 3046 4997 3134 5060; x_wconf 76' lang='grc'>11,</span> <span class='ocrx_word' id='word_1_928' title='bbox 3179 5012 3333 5049; x_wconf 88' lang='lat' dir='ltr'><strong>num.</strong></span> <span class='ocrx_word' id='word_1_929' title='bbox 3365 4996 3454 5067; x_wconf 76' lang='lat' dir='ltr'><strong>ll,</strong></span> <span class='ocrx_word' id='word_1_930' title='bbox 3490 4995 3683 5067; x_wconf 80' lang='lat' dir='ltr'><strong>Dupli-</strong></span> 
     </span>
    </p>
   </div>
   <div class='ocr_carea' id='block_1_120' title="bbox 2101 5066 3680 5136">
    <p class='ocr_par' dir='ltr' id='par_1_120' title="bbox 2101 5066 3680 5136">
     <span class='ocr_line' id='line_1_123' title="bbox 2101 5066 3680 5136; baseline -0.001 -16"><span class='ocrx_word' id='word_1_931' title='bbox 2101 5084 2208 5121; x_wconf 87' lang='lat' dir='ltr'><strong>cem</strong></span> <span class='ocrx_word' id='word_1_932' title='bbox 2239 5066 2428 5121; x_wconf 81' lang='lat' dir='ltr'><strong>stolam</strong></span> <span class='ocrx_word' id='word_1_933' title='bbox 2454 5084 2514 5120; x_wconf 89' lang='lat' dir='ltr'><strong>ac</strong></span> <span class='ocrx_word' id='word_1_934' title='bbox 2545 5066 2791 5136; x_wconf 80' lang='lat' dir='ltr'><strong>penulam</strong></span> <span class='ocrx_word' id='word_1_935' title='bbox 2831 5067 2953 5136; x_wconf 74' lang='lat' dir='ltr'><strong>fecit</strong></span> <span class='ocrx_word' id='word_1_936' title='bbox 2998 5067 3107 5119; x_wconf 83' lang='lat' dir='ltr'><strong>viro</strong></span> <span class='ocrx_word' id='word_1_937' title='bbox 3162 5083 3280 5119; x_wconf 76' lang='lat' dir='ltr'><strong>suo.</strong></span> <span class='ocrx_word' id='word_1_938' title='bbox 3319 5066 3476 5132; x_wconf 44' lang='lat' dir='ltr'><strong>,Altcr</strong></span> <span class='ocrx_word' id='word_1_939' title='bbox 3509 5066 3680 5118; x_wconf 76' lang='lat' dir='ltr'><strong>codex</strong></span> 
     </span>
    </p>
   </div>
   <div class='ocr_carea' id='block_1_121' title="bbox 2099 5136 3684 5207">
    <p class='ocr_par' dir='ltr' id='par_1_121' title="bbox 2099 5136 3684 5207">
     <span class='ocr_line' id='line_1_124' title="bbox 2099 5136 3684 5207; baseline -0.002 -17"><span class='ocrx_word' id='word_1_940' title='bbox 2099 5138 2242 5191; x_wconf 75' lang='lat'><strong>2263</strong></span> <span class='ocrx_word' id='word_1_941' title='bbox 2277 5157 2288 5192; x_wconf 90' lang='lat'>:</span> <span class='ocrx_word' id='word_1_942' title='bbox 2324 5137 2656 5207; x_wconf 85' lang='grc' dir='ltr'>ἐνδεδυμένοι</span> <span class='ocrx_word' id='word_1_943' title='bbox 2685 5138 2791 5188; x_wconf 82' lang='grc' dir='ltr'>εἰσὶ</span> <span class='ocrx_word' id='word_1_944' title='bbox 2828 5136 3015 5198; x_wconf 79' lang='grc' dir='ltr'>δισσὰς</span> <span class='ocrx_word' id='word_1_945' title='bbox 3060 5136 3282 5207; x_wconf 78' lang='grc' dir='ltr'>χλαίνας</span> <span class='ocrx_word' id='word_1_946' title='bbox 3312 5173 3328 5196; x_wconf 90' lang='grc'><strong>,</strong></span> <span class='ocrx_word' id='word_1_947' title='bbox 3367 5144 3473 5188; x_wconf 77' lang='lat' dir='ltr'><strong>etc.</strong></span> <span class='ocrx_word' id='word_1_948' title='bbox 3500 5136 3684 5207; x_wconf 72' lang='lat' dir='ltr'><strong>_Apud_</strong></span> 
     </span>
    </p>
   </div>
   <div class='ocr_carea' id='block_1_122' title="bbox 2101 5205 3684 5275">
    <p class='ocr_par' dir='ltr' id='par_1_122' title="bbox 2101 5205 3684 5275">
     <span class='ocr_line' id='line_1_125' title="bbox 2101 5205 3684 5275; baseline -0.003 -13"><span class='ocrx_word' id='word_1_949' title='bbox 2101 5208 2424 5262; x_wconf 75' lang='lat' dir='ltr'><strong>Cassianum</strong></span> <span class='ocrx_word' id='word_1_950' title='bbox 2471 5205 2764 5260; x_wconf 73' lang='lat' dir='ltr'><strong>cellatione</strong></span> <span class='ocrx_word' id='word_1_951' title='bbox 2802 5207 2889 5271; x_wconf 73' lang='lat' dir='ltr'><strong>M,</strong></span> <span class='ocrx_word' id='word_1_952' title='bbox 2922 5223 3044 5275; x_wconf 83' lang='lat' dir='ltr'><strong>cup.</strong></span> <span class='ocrx_word' id='word_1_953' title='bbox 3079 5209 3112 5260; x_wconf 83' lang='lat'><strong>8</strong></span> <span class='ocrx_word' id='word_1_954' title='bbox 3152 5227 3166 5260; x_wconf 74' lang='grc' dir='ltr'>ε</span> <span class='ocrx_word' id='word_1_955' title='bbox 3202 5205 3394 5260; x_wconf 78' lang='lat' dir='ltr'><strong>Omnes</strong></span> <span class='ocrx_word' id='word_1_956' title='bbox 3425 5205 3564 5275; x_wconf 82' lang='lat' dir='ltr'><strong>enim</strong></span> <span class='ocrx_word' id='word_1_957' title='bbox 3593 5205 3684 5273; x_wconf 78' lang='lat' dir='ltr'><strong>qui</strong></span> 
     </span>
    </p>
   </div>
   <div class='ocr_carea' id='block_1_123' title="bbox 2102 5274 3681 5344">
    <p class='ocr_par' dir='ltr' id='par_1_123' title="bbox 2102 5274 3681 5344">
     <span class='ocr_line' id='line_1_126' title="bbox 2102 5274 3681 5344; baseline 0.001 -14"><span class='ocrx_word' id='word_1_958' title='bbox 2102 5278 2240 5342; x_wconf 86' lang='lat' dir='ltr'><strong>apud</strong></span> <span class='ocrx_word' id='word_1_959' title='bbox 2253 5294 2367 5330; x_wconf 86' lang='lat' dir='ltr'><strong>eam</strong></span> <span class='ocrx_word' id='word_1_960' title='bbox 2386 5286 2530 5340; x_wconf 76' lang='lat' dir='ltr'><strong>sunt,</strong></span> <span class='ocrx_word' id='word_1_961' title='bbox 2555 5277 2724 5330; x_wconf 80' lang='lat' dir='ltr'><strong>vestiti</strong></span> <span class='ocrx_word' id='word_1_962' title='bbox 2753 5287 2875 5329; x_wconf 79' lang='lat' dir='ltr'><strong>sunt</strong></span> <span class='ocrx_word' id='word_1_963' title='bbox 2905 5274 3206 5344; x_wconf 71' lang='lat' dir='ltr'><strong>dupliciter.</strong></span> <span class='ocrx_word' id='word_1_964' title='bbox 3225 5275 3404 5344; x_wconf 64' lang='lat' dir='ltr'><strong>Regia:</strong></span> <span class='ocrx_word' id='word_1_965' title='bbox 3424 5274 3681 5331; x_wconf 75' lang='lat' dir='ltr'><strong>Bibliotli.</strong></span> 
     </span>
    </p>
   </div>
   <div class='ocr_carea' id='block_1_124' title="bbox 2102 5344 3685 5408">
    <p class='ocr_par' dir='ltr' id='par_1_124' title="bbox 2102 5344 3685 5408">
     <span class='ocr_line' id='line_1_127' title="bbox 2102 5344 3685 5408; baseline -0.006 -6"><span class='ocrx_word' id='word_1_966' title='bbox 2102 5349 2224 5402; x_wconf 89' lang='lat' dir='ltr'><strong>cod.</strong></span> <span class='ocrx_word' id='word_1_967' title='bbox 2256 5348 2393 5401; x_wconf 79' lang='grc'>1609</span> <span class='ocrx_word' id='word_1_968' title='bbox 2437 5367 2449 5402; x_wconf 89' lang='lat'><strong>:</strong></span> <span class='ocrx_word' id='word_1_969' title='bbox 2483 5347 2877 5398; x_wconf 84' lang='grc' dir='ltr'>ἐνδιδύσκονται</span> <span class='ocrx_word' id='word_1_970' title='bbox 2916 5346 3092 5405; x_wconf 75' lang='grc' dir='ltr'>δισσὰ,</span> <span class='ocrx_word' id='word_1_971' title='bbox 3125 5345 3312 5408; x_wconf 81' lang='grc' dir='ltr'>δισσὰς</span> <span class='ocrx_word' id='word_1_972' title='bbox 3355 5344 3547 5406; x_wconf 74' lang='grc' dir='ltr'>στολὰς</span> <span class='ocrx_word' id='word_1_973' title='bbox 3591 5346 3685 5396; x_wconf 82' lang='grc' dir='ltr'>καὶ</span> 
     </span>
    </p>
   </div>
   <div class='ocr_carea' id='block_1_125' title="bbox 2102 5413 3684 5488">
    <p class='ocr_par' dir='ltr' id='par_1_125' title="bbox 2102 5413 3684 5488">
     <span class='ocr_line' id='line_1_128' title="bbox 2102 5413 3684 5488; baseline -0.002 -20"><span class='ocrx_word' id='word_1_974' title='bbox 2102 5419 2338 5488; x_wconf 87' lang='grc' dir='ltr'>χλαίνας.</span> <span class='ocrx_word' id='word_1_975' title='bbox 2370 5415 2513 5488; x_wconf 82' lang='lat' dir='ltr'><strong>Idem</strong></span> <span class='ocrx_word' id='word_1_976' title='bbox 2547 5432 2650 5488; x_wconf 84' lang='lat' dir='ltr'>IIIS_.</span> <span class='ocrx_word' id='word_1_977' title='bbox 2679 5418 2932 5488; x_wconf 10' lang='lat' dir='ltr'><strong>vers._507</strong></span> <span class='ocrx_word' id='word_1_978' title='bbox 2964 5435 2981 5488; x_wconf 59' lang='grc' dir='ltr'><strong>ι</strong></span> <span class='ocrx_word' id='word_1_979' title='bbox 3019 5417 3247 5488; x_wconf 83' lang='grc' dir='ltr'>μάταιον</span> <span class='ocrx_word' id='word_1_980' title='bbox 3276 5413 3469 5488; x_wconf 79' lang='grc' dir='ltr'>κάλλος</span> <span class='ocrx_word' id='word_1_981' title='bbox 3489 5431 3684 5488; x_wconf 30' lang='grc' dir='ltr'>’γυναι-</span> 
     </span>
    </p>
   </div>
   <div class='ocr_carea' id='block_1_126' title="bbox 2103 5483 3683 5557">
    <p class='ocr_par' dir='ltr' id='par_1_126' title="bbox 2103 5483 3683 5557">
     <span class='ocr_line' id='line_1_129' title="bbox 2103 5483 3683 5557; baseline -0.002 -16"><span class='ocrx_word' id='word_1_982' title='bbox 2103 5483 2198 5550; x_wconf 69' lang='grc' dir='ltr'>κὸς</span> <span class='ocrx_word' id='word_1_983' title='bbox 2223 5489 2325 5540; x_wconf 87' lang='grc' dir='ltr'><strong>ούκ</strong></span> <span class='ocrx_word' id='word_1_984' title='bbox 2356 5487 2472 5539; x_wconf 81' lang='grc' dir='ltr'>ἐστι</span> <span class='ocrx_word' id='word_1_985' title='bbox 2501 5486 2653 5557; x_wconf 85' lang='grc' dir='ltr'>παρὰ</span> <span class='ocrx_word' id='word_1_986' title='bbox 2682 5485 2784 5538; x_wconf 87' lang='grc' dir='ltr'>σοί.</span> <span class='ocrx_word' id='word_1_987' title='bbox 2836 5485 2939 5540; x_wconf 83' lang='lat' dir='ltr'><strong>Ubi</strong></span> <span class='ocrx_word' id='word_1_988' title='bbox 2972 5483 3032 5539; x_wconf 83' lang='lat' dir='ltr'><strong>in</strong></span> <span class='ocrx_word' id='word_1_989' title='bbox 3058 5487 3246 5540; x_wconf 87' lang='lat' dir='ltr'><strong>multis</strong></span> <span class='ocrx_word' id='word_1_990' title='bbox 3283 5483 3442 5538; x_wconf 87' lang='lat' dir='ltr'><strong>libris</strong></span> <span class='ocrx_word' id='word_1_991' title='bbox 3485 5484 3547 5535; x_wconf 85' lang='grc' dir='ltr'><strong>ἐν</strong></span> <span class='ocrx_word' id='word_1_992' title='bbox 3580 5485 3683 5538; x_wconf 83' lang='grc' dir='ltr'>σοί.</span> 
     </span>
    </p>
   </div>
   <div class='ocr_carea' id='block_1_127' title="bbox 2103 5559 2238 5613">
    <p class='ocr_par' dir='ltr' id='par_1_127' title="bbox 2103 5559 2238 5613">
     <span class='ocr_line' id='line_1_130' title="bbox 2103 5559 2238 5613; baseline 0.007 -1"><span class='ocrx_word' id='word_1_993' title='bbox 2103 5559 2238 5613; x_wconf 68' lang='lat'><strong>(301&#39;.</strong></span> 
     </span>
    </p>
   </div>
   <div class='ocr_carea' id='block_1_128' title="bbox 2176 5623 3692 5696">
    <p class='ocr_par' dir='ltr' id='par_1_128' title="bbox 2176 5623 3692 5696">
     <span class='ocr_line' id='line_1_131' title="bbox 2176 5623 3692 5696; baseline -0.004 -15"><span class='ocrx_word' id='word_1_994' title='bbox 2176 5626 2292 5696; x_wconf 83' lang='lat'><strong>(66)</strong></span> <span class='ocrx_word' id='word_1_995' title='bbox 2333 5627 2799 5679; x_wconf 73' lang='grc' dir='ltr'>Κατοικούντων.</span> <span class='ocrx_word' id='word_1_996' title='bbox 2832 5625 2996 5678; x_wconf 85' lang='lat' dir='ltr'><strong>Addit</strong></span> <span class='ocrx_word' id='word_1_997' title='bbox 3024 5626 3160 5678; x_wconf 89' lang='lat' dir='ltr'><strong>alter</strong></span> <span class='ocrx_word' id='word_1_998' title='bbox 3187 5625 3357 5678; x_wconf 76' lang='lat' dir='ltr'><strong>codex</strong></span> <span class='ocrx_word' id='word_1_999' title='bbox 3388 5623 3556 5678; x_wconf 77' lang='lat' dir='ltr'><strong>Vind.</strong></span> <span class='ocrx_word' id='word_1_1000' title='bbox 3589 5623 3692 5694; x_wconf 79' lang='grc' dir='ltr'>τῆς</span> 
     </span>
    </p>
   </div>
   <div class='ocr_carea' id='block_1_129' title="bbox 2104 5695 3170 5770">
    <p class='ocr_par' dir='ltr' id='par_1_129' title="bbox 2104 5695 3170 5770">
     <span class='ocr_line' id='line_1_132' title="bbox 2104 5695 3170 5770; baseline -0.005 -16"><span class='ocrx_word' id='word_1_1001' title='bbox 2104 5695 2227 5770; x_wconf 75' lang='grc' dir='ltr'>γῆς,</span> <span class='ocrx_word' id='word_1_1002' title='bbox 2253 5695 2396 5768; x_wconf 81' lang='lat' dir='ltr'><strong>quod</strong></span> <span class='ocrx_word' id='word_1_1003' title='bbox 2431 5695 2673 5752; x_wconf 60' lang='lat' dir='ltr'><strong>Hebrmis</strong></span> <span class='ocrx_word' id='word_1_1004' title='bbox 2697 5697 2971 5750; x_wconf 89' lang='lat' dir='ltr'><strong>convenit.</strong></span> <span class='ocrx_word' id='word_1_1005' title='bbox 2997 5697 3170 5751; x_wconf 63' lang='lat' dir='ltr'><strong>Cncn.</strong></span> 
     </span>
    </p>
   </div>
  </div>
