3884 6180
235 287 334 344 581

1164 281 1772 341 CONSTITUTIONES
1809 283 2496 342 APOSTOLICE.-—LIB.
2531 283 2575 342 l.

3393 289 3503 348 53%

232 407 475 472 σινδόνας
491 406 735 478 ἐποίησε,
753 406 845 460 καὶ
858 405 1084 460 ἀπέδοτο
1103 409 1212 470 τοῖς
1227 407 1446 472 Φοίνιξι,
1470 408 1805 480 περιζώματι

1930 427 2092 467 suum
2145 411 2420 482 sapienter
2453 425 2516 466 ac
2548 411 2648 466 rite
2681 409 2924 479 aperuit,
2961 415 3016 464 et
3044 405 3290 462 ordinem
3319 401 3503 476 posui!

226 498 284 552 δὲ
303 502 420 563 τοῖς
450 498 776 562 Χαναναίοις
795 515 808 528 ’
841 495 997 562 δόξαν
1042 500 1137 552 καὶ
1155 499 1486 570 εὐπρέπειαν
1516 500 1818 565 ἐνεδύσατο,

226 590 324 643 καὶ
368 590 649 662 εὐφράνθη
696 590 755 644 ἐν
799 589 1037 660 ἡμέραις
1085 589 1377 661 ἐσχάταις·
1434 590 1608 660 στόμα
1651 591 1823 660 αὐτῆς

223 681 458 752 διήνοιξε
489 682 671 752 σοφῶς
689 682 783 735 καὶ
803 682 1183 753 προσηκόντως
1213 682 1344 752 (67),
1364 685 1458 736 καὶ
1475 682 1625 747 τάξιν
1652 683 1822 736 ἐστεί-

223 772 359 828 λατο
406 777 472 845 τῇ
525 774 745 844 γλώσσῃ
790 773 981 843 αὐτῆς.
1015 775 1242 842 Στεγναὶ
1293 774 1351 827 δέ
1407 774 1516 846 (68)
1553 775 1824 846 διατριϐαὶ

221 865 393 918 οίκων
429 865 622 935 αὐτῆς,
669 867 790 917 σῖτα
831 864 887 918 δὲ
924 865 1131 937 όκνηρὰ
1167 865 1267 918 οὐκ
1313 864 1516 934 ἔφαγεο
1559 865 1620 918 τὸ
1649 867 1821 937 στόμα

222 954 403 1026 αὐτῆς
429 954 632 1019 ἀνοίξει
662 955 841 1025 σοφῶς
870 956 966 1010 καὶ
995 957 1256 1027 ἐννόμως,
1289 955 1479 1026 θεσμοὶ
1511 956 1566 1010 δὲ
1597 956 1824 1028 ἐλεημο-

226 1045 398 1117 σύνης
412 1047 520 1119 (69)
536 1051 631 1102 ἐπὶ
651 1049 750 1119 τῆς
769 1049 1018 1119 γλώσσης
1036 1049 1226 1118 αὐτῆς·
1249 1049 1551 1118 ἀνέστησαν
1572 1049 1640 1102 τὰ
1657 1050 1821 1103 τέκνα

223 1139 423 1209 αὐτῆς,
455 1140 549 1193 καὶ
569 1140 949 1211 πλουτήσαντα
968 1141 1163 1211 ᾔνεσαν
1188 1139 1380 1211 αὐτὴν,
1403 1141 1542 1193 καὶὸ
1565 1141 1703 1212 ἀνὴρ
1723 1143 1821 1194 αύ-

219 1229 324 1298 τῆς
338 1231 601 1302 ἐπῄνεσεν
611 1233 799 1302 αὐτήνο
821 1231 1018 1284 Πολλαὶ
1035 1230 1328 1301 θυγατέρες
1346 1232 1643 1303 ἐκτήσαντο
1658 1231 1820 1284 πλοῦ-

219 1337 335 1383 τον,
361 1322 555 1376 πολλαὶ
582 1322 692 1394 (70)
722 1324 988 1394 ἐποίησαν
1027 1324 1253 1393 δύναμιν
1272 1338 1285 1352 ·
1324 1324 1388 1376 σὺ
1419 1323 1475 1376 δὲ
1494 1324 1818 1394 ὐπέρκεισαι

221 1413 318 1466 καὶ
367 1413 652 1486 ὑπερῆρας
680 1416 879 1478 πάσας.
911 1415 1138 1478 Ψευδεῖς
1157 1415 1438 1486 ἀρέσκειαι
1468 1415 1562 1468 καὶ
1593 1416 1818 1486 μάταιον

218 1505 419 1569 κάλλος
438 1507 694 1576 γυναικὸς
725 1507 798 1579 μὴ
821 1507 960 1560 ἔστω
992 1523 1092 1559 σοι⁸
1125 1507 1260 1576 γυνὴ
1288 1507 1396 1578 γὰρ
1415 1506 1643 1578 εὐσεϐὴς
1668 1507 1818 1561 εὐλο-

217 1602 423 1666 γεῖται,
457 1598 621 1669 φόϐον
638 1599 695 1652 δὲ
724 1600 929 1671 Κυρίου
968 1598 1106 1670 αὐτὴ
1125 1597 1344 1652 αἰνείτω
1369 1598 1502 1670 (71).
1529 1600 1656 1652 Δότε
1675 1600 1814 1672 αὐτῇ

217 1689 331 1742 ἀπὸ
359 1689 590 1760 καρπῶν
610 1689 828 1761 χειλέων
872 1691 1064 1759 αὐτῆς,
1105 1691 1198 1743 καὶ
1241 1691 1498 1745 αἰνείσθω
1533 1693 1590 1746 ἐν
1618 1691 1814 1756 πύλαις

1926 503 2126 573 linguas
2150 519 2298 569 suae;
2333 510 2578 574 angusta:
2603 511 2782 556 autem
2811 502 3019 556 semitae
3048 499 3244 554 mdium
3273 497 3418 566 ejus.
3449 509 3503 552 et

1925 595 2080 651 cibos
2105 595 2291 666 pigros
2321 612 2430 651 non
2455 596 2692 651 comedit
2718 614 2731 649 :
2761 610 2825 650 os
2858 610 3017 649 suum
3049 593 3258 662 aperiet
3286 591 3502 660 sapien-

1925 693 2010 741 ter
2038 703 2104 742 ac
2125 688 2382 758 legitime,
2422 695 2476 742 et
2523 687 2670 758 leges
2713 686 2781 742 de
2835 686 3184 756 eleemosyna
3233 683 3288 737 in
3320 683 3501 750 lingua

1922 780 2066 848 ejus.
2103 779 2475 835 Surrexerunt
2498 781 2591 834 lilii
2631 779 2774 849 ejus,
2807 788 2863 834 et
2883 779 3039 833 dilati
3070 775 3504 848 praedicaverunt

1922 887 2066 936 eam,
2107 881 2163 926 et
2185 873 2272 926 vir
2298 872 2419 941 ejus
2442 872 2682 926 laudavit
2707 871 2854 924 illam
2886 889 2899 925 :
2929 869 3111 924 ιιυιιω
3155 868 3278 922 ﬁliae
3322 867 3502 935 acqui-

1921 964 2132 1019 sierunt
2160 963 2402 1027 divitias,
2424 965 2608 1017 multa:
2630 962 2880 1017 fecerunt
2900 962 3156 1016 virtutem
3191 978 3204 1013 :
3231 966 3289 1012 tu
3319 965 3502 1012 autem

1921 1055 2152 1118 emines,
2178 1063 2232 1109 et
2267 1055 2556 1110 universas
2587 1071 2648 1110 cs
2680 1067 3060 1124 supergressa.
3097 1050 3280 1105 Fallax
3305 1050 3500 1120 gratia,

1921 1155 1976 1202 et
2012 1162 2151 1201 vana
2180 1147 2533 1218 pulchritudo
2561 1147 2808 1202 mulieris
2830 1161 2897 1200 ne
2938 1145 3010 1200 sit
3033 1144 3130 1199 tibi
3166 1163 3179 1198 :
3215 1158 3342 1197 nam
3380 1157 3496 1195 mu-

1922 1237 2023 1292 lier
2050 1239 2305 1309 religiosa
2333 1237 2721 1305 benedicetur;
2758 1238 3008 1292 timorem
3054 1240 3237 1289 autem
3285 1232 3498 1290 Domini

1922 1328 2039 1399 ipsa
2067 1330 2268 1384 laudet.
2296 1329 2428 1385 Date
2451 1331 2500 1384 ei
2527 1331 2595 1386 de
2633 1329 2904 1384 fructibus
2938 1327 3212 1384 labiorum
3264 1326 3408 1396 ejus,
3445 1335 3501 1382 et

1921 1420 2173 1477 laudetur
2194 1423 2248 1476 in
2279 1423 2454 1491 portis
2494 1423 2579 1476 vir
2613 1423 2816 1478 illius“.
2839 1439 2859 1474 ι
2880 1420 2945 1474 Ει
2972 1421 3206 1486 iterum;
3256 1437 3275 1470 ι
3307 1417 3501 1474 Mulier

1920 1511 2102 1574 fortis,
2135 1527 2342 1568 corona
2373 1513 2493 1568 viro
2523 1515 2698 1570 suo".
2723 1530 2741 1562 ι
2765 1512 2829 1567 Ει
2855 1527 3050 1566 rursus
3077 1529 3091 1566 :
3129 1529 3148 1562 ι
3181 1510 3359 1568 Multae
3383 1525 3500 1566 mu-

1917 1605 2080 1661 lieres
2108 1604 2450 1660 aedilicarunt
2478 1605 2755 1660 domum’.
2784 1623 2804 1658 ι
2837 1603 3106 1659 Audiistis
3137 1617 3278 1673 quas
3307 1602 3498 1658 laudes

1917 1697 2114 1750 mulier
2139 1696 2338 1767 pudica
2366 1703 2421 1751 et
2445 1697 2549 1750 viri
2582 1697 2831 1751 studiosa
2863 1711 2892 1748 a
2918 1695 3149 1749 Domino
3175 1693 3287 1749 Deo
3333 1694 3495 1750 ferat.

212 1781 246 1833 ό
273 1780 417 1853 ἀνὴρ
445 1781 636 1852 αὐτῆς.
668 1801 686 1834 ι
717 1783 826 1836 Καὶ
869 1783 1048 1836 πάλιν·
1089 1802 1107 1832 ι
1144 1782 1284 1854 Γυνὴ
1314 1783 1530 1854 ἀνδρεία
1553 1783 1805 1854 στέφανος

1919 1784 1980 1840 Si
2015 1789 2096 1842 vis
2130 1787 2306 1842 fidelis
2345 1796 2398 1842 et
2443 1796 2668 1858 accepta
2715 1802 2840 1842 esse
2894 1787 3148 1852 Domino,
3197 1803 3231 1841 o
3274 1787 3496 1849 mulier,

214 1873 296 1944 τῷ
323 1871 482 1944 ἀνδρὶ
508 1875 696 1946 αὐτῆς.
727 1894 745 1924 ι
778 1875 887 1927 Καὶ
926 1874 1106 1928 πάλιν*
1144 1893 1162 1926 ι
1191 1875 1389 1928 Πολλαὶ
1419 1875 1528 1946 (72)
1558 1878 1815 1945 γυναῖκες

213 1964 576 2036 ᾠκοδόμησαν
629 1960 794 2020 οἷκον.
826 1985 844 2018 ι
879 1966 1251 2037 Μεμαθήκατε
1279 2005 1294 2028 ,
1362 1966 1520 2019 ὁποῖα
1561 1967 1813 2038 ἐγκώμια

213 2055 357 2128 γυνὴ
390 2054 621 2128 σώφρων
640 2058 733 2110 καὶ
754 2057 1036 2128 φίλανδρος
1062 2056 1324 2128 λαμϐάνει
1352 2057 1459 2110 ἀπὸ
1485 2058 1689 2130 Κυρίι..)
1716 2057 1812 2112 τοῦ

211 2145 376 2200 Θεοῦ.
410 2148 476 2200 Εἰ
506 2148 674 2218 πισιτὴ
703 2149 798 2201 καὶ
819 2147 1030 2220 ἀρεστὴ
1057 2149 1246 2219 Κυρίῳ
1268 2147 1442 2218 βούλει
1462 2144 1620 2212 εἶναι,
1648 2141 1692 2200 ὦ
1715 2149 1816 2218 γύ-

213 2255 326 2301 ναι,
363 2237 441 2310 μὴ
471 2239 810 2303 καλλωπίζου
832 2239 925 2292 ἐπὶ
953 2238 1030 2308 τῷ
1059 2239 1310 2310 ἀρέσκειν
1330 2257 1386 2292 σε
1409 2239 1704 2312 ἀλλοτρίοις
1720 2244 1814 2298 ἀν-

208 2329 400 2402 δράσι,
433 2331 570 2402 μηδὲ
597 2332 666 2386 τὰ
685 2333 787 2402 τῆς
817 2333 1227 2404 ἑταιριζομένης
1256 2333 1696 2406 ὲμπλέγματα,ἦ
1725 2338 1812 2389 ἐν-

209 2423 454 2496 δύματα,
482 2424 516 2494 ἦ
547 2424 836 2495 ὐποδήσεις
858 2423 1026 2496 μιμοῦ
1060 2428 1265 2496 φορεῖν,
1296 2426 1388 2478 ἐπὶ
1417 2426 1478 2478 τὸ
1506 2427 1811 2496 ὐπάγεσθαί

212 2533 275 2570 σε
299 2517 437 2580 τοὺς
463 2518 544 2580 είς
587 2515 655 2570 τὰ
694 2516 917 2570 τοιαῦτα
948 2517 1420 2588 παγιδευομένους.
1466 2519 1578 2572 Καὶ
1604 2520 1714 2592 γὰρ
1762 2523 1810 2575 εί

211 2609 278 2662 σὺ
306 2608 415 2662 οὐκ
435 2607 532 2660 ἐπὶ
548 2607 609 2662 τὺ
634 2608 966 2680 ἁμαρτάνειν
993 2607 1167 2661 ταῦτα
1201 2611 1370 2672 ποιεῖς
1409 2609 1476 2663 τὰ
1514 2609 1682 2682 μύση,
1717 2612 1810 2665 ἐπὶ

205 2699 266 2753 δὲ
292 2698 360 2752 τὸ
394 2699 555 2770 μόνον
582 2699 1037 2764 καλλωπίζεσθαι,
1081 2700 1187 2752 οὐδ’
1235 2699 1409 2764 οὕτως
1444 2701 1681 2773 ἐκφεύξῃ
1712 2701 1810 2773 τὴν

205 2789 372 2861 δίκην
402 2792 486 2853 είς
519 2789 589 2843 τά
626 2791 762 2862 μετά
804 2790 1000 2854 ταῦτα,
1049 2792 1407 2860 ἀναγκάσασα
1453 2795 1809 2867 ἐπενεχθῆναί

208 2880 295 2933 σοί
315 2898 464 2944 τινα,
496 2883 576 2944 εἰς
593 2880 653 2934 τὸ
680 2881 1019 2953 ἐπιθυμῆσαί
1067 2899 1181 2944 σου,
1228 2884 1322 2936 καὶ
1369 2884 1443 2956 μὴ
1481 2887 1675 2959 ἑαυτὴν
1711 2906 1810 2958 φυ-

205 2971 427 3037 λάξασα
455 2972 550 3026 ἐπὶ
575 2973 636 3025 τὸ
669 2974 805 3044 μήτε
837 2990 896 3025 σε
931 2974 1222 3026 ὑποπεσεῖν
1251 2975 1515 3047 ἁμαρτίᾳ,
1552 2980 1688 3050 μήτε
1711 2980 1808 3050 μὲν

206 3063 437 3135 ἑτέρους
467 3063 767 3135 σκανδάλῳ.
798 3063 935 3117 Εἰδέ
957 3065 1294 3136 ἁμαρτήσεις
1325 3066 1548 3121 ἐνδοῦσα
1583 3070 1801 3141 ἑαυτὴν,

207 3155 306 3207 καὶ
353 3156 422 3209 σὺ
458 3154 909 3226 ἐπλημμέλησας,
958 3155 1210 3209 κάκείνου
1255 3156 1438 3229 ἔνοχος
1479 3159 1580 3230 τῆς
1620 3161 1802 3232 ψυχῆς

205 3245 404 3311 ἐγένου
427 3263 441 3277 ο
476 3242 596 3300 εἶτα
617 3247 986 3318 ἀμαρτήσασα
1014 3247 1099 3316 ἐφ’
1129 3247 1229 3313 ἐνὶ,
1264 3247 1453 3323 ὥσπερ
1484 3251 1799 3320 ἀπογνοῦσα

1914 1878 2026 1932 noli
2059 1886 2112 1933 te
2139 1893 2360 1940 ornare,
2385 1893 2494 1948 quo
2517 1880 2710 1934 alienis
2726 1879 2857 1933 viris
2880 1879 3140 1948 placeas;
3172 1893 3349 1948 neque
3375 1893 3492 1931 me-

1915 1971 2133 2025 retricis
2161 1970 2337 2025 cirros
2368 1977 2463 2024 aut
2513 1972 2834 2026 vestimenta
2869 1977 2962 2024 aut
3009 1971 3226 2025 calceos
3273 1969 3490 2023 imitare

1914 2075 1980 2115 ac
2011 2068 2185 2131 gesta,
2217 2069 2276 2115 ιιι
2298 2078 2393 2117 eos
2413 2076 2552 2135 quos
2577 2062 2680 2117 ista
2722 2061 3002 2124 irretiunt,
3041 2061 3109 2115 ad
3153 2068 3208 2116 te
3259 2061 3489 2117 allicias.

1915 2150 2024 2207 Sed
2051 2159 2106 2206 et
2128 2154 2378 2223 quamvis
2407 2154 2523 2208 inec
2550 2153 2751 2225 ﬂagitia
2780 2169 2888 2207 non
2915 2153 2984 2206 ad
3024 2161 3311 2222 peccatum
3341 2150 3491 2207 desi-

1913 2261 2067 2317 gnes,
2093 2246 2189 2301 sed
2213 2245 2590 2300 tantummodo
2617 2246 2684 2299 ad
2711 2246 2948 2310 cultum;
2979 2258 3156 2313 neque
3179 2243 3260 2296 sic
3281 2241 3496 2322 futuras

1912 2352 2103 2406 poenas
2132 2337 2380 2407 cﬂ‘ugies,
2428 2353 2549 2407 quae
2591 2337 2903 2406 quempiam
2952 2335 3021 2389 ad
3065 2334 3143 2388 tui
3177 2333 3492 2404 cupidinem

1913 2428 2220 2496 induxeris,
2267 2437 2320 2483 et
2359 2444 2468 2483 non
2506 2430 2721 2484 caveris
2772 2438 2850 2492 ut,
2904 2443 3082 2498 neque
3135 2428 3190 2481 in
3233 2427 3491 2482 delictum

1912 2520 2030 2592 ipsa
2061 2521 2354 2579 incideres.
2397 2537 2575 2592 neque
2621 2523 2711 2576 alii
2763 2522 2817 2575 in
2869 2520 3214 2576 scandalum.
3244 2518 3403 2586 Quod
3443 2521 3491 2576 si

1915 2613 2141 2682 teipsam
2174 2612 2422 2668 dedendo
2454 2629 2678 2684 pecces;
2709 2625 2761 2667 et
2785 2611 2904 2682 ipsa
2933 2611 3237 2682 deiiquisti,
3269 2620 3323 2666 et
3369 2613 3492 2666 ani-

1910 2720 2014 2759 una:
2053 2705 2294 2759 hominis
2339 2706 2486 2762 illius
2520 2721 2612 2760 rea
2650 2722 2710 2761 es
2748 2706 2892 2760 facta
2921 2725 2933 2759 :
2961 2706 3155 2760 deinde
3197 2711 3492 2776 postquam

1909 2812 2034 2852 cum
2058 2814 2166 2853 uno
2182 2798 2494 2864 olfenderis,
2512 2800 2668 2870 quasi
2693 2801 2860 2854 semel
2883 2800 3085 2855 amissa
3117 2814 3233 2869 spe,
3260 2800 3325 2854 ad
3352 2800 3490 2855 alios

1910 2907 2105 2947 rursus
2129 2892 2249 2946 sine
2276 2892 2485 2947 doloris
2514 2909 2682 2948 sensu
2714 2890 3005 2958 deﬂectes;
3036 2891 3180 2947 sicut
3207 2893 3282 2945 ait
3301 2906 3488 2946 sermo

1909 2981 2130 3040 divinus
2157 3001 2170 3037 :
2206 3003 2225 3035 ι
2261 2985 2398 3040 Cum
2431 2987 2639 3041 venerit
2670 2987 2870 3055 impius
2900 2984 2955 3038 in
2986 2984 3319 3056 profundum
3369 2999 3486 3038 ma-

1907 3074 2120 3141 lorum,
2171 3079 2506 3144 contemnit;
2541 3078 2854 3147 supervenit
2883 3085 3064 3130 autem
3097 3077 3144 3130 ei
3184 3076 3484 3145 ignominia

1905 3175 1961 3222 et
1990 3172 2345 3240 opprobrium
2365 3172 2408 3226 ⁸.
2442 3191 2460 3224 ι
2487 3170 2810 3240 Hujusmodi
2836 3171 2982 3225 enim
3007 3171 3202 3225 mulier
3224 3171 3487 3240 deinceps

1903 3262 2198 3318 crudeliter
2227 3264 2503 3328 sauciata,
2533 3265 2746 3318 animas
2777 3263 3155 3332 insipientium
3200 3263 3478 3333 illaqueat.

289 3401 316 3434 ⁸
346 3399 513 3456 Prov.
539 3415 691 3458 xui.
731 3402 917 3462 10-51.
998 3406 1042 3438 ⁸⁸
1075 3407 1234 3468 Prov.
1272 3429 1372 3476 xu.
1401 3415 1454 3470 4.
1530 3409 1550 3440 "
1577 3407 1741 3462 Prov.
1777 3421 1805 3460 ι

1917 3411 1969 3465 l.
2044 3410 2066 3442 "
2092 3409 2253 3471 Prov.
2281 3430 2437 3482 xvm,
2474 3417 2526 3476 5.

1488 3552 1854 3610 νΑιιιοιιυΜ
1894 3553 2126 3610 NOTAE.

280 3725 396 3798 (67)
434 3727 633 3800 Στρμα
649 3725 862 3800 Δαὐτῆς
879 3725 1176 3800 διήνοιξεν,
1191 3746 1247 3783 κ.
1265 3729 1380 3800 τ.νλ.
1399 3727 1465 3782 Ει
1482 3739 1602 3800 post
1621 3747 1790 3784 unum

208 3796 743 3870 versum,_cb_atéju
769 3798 942 3870 αὐτῆς
972 3797 1172 3870 ἀνοίξει
1191 3799 1382 3870 σοφῶς
1407 3796 1500 3852 καὶ
1529 3801 1788 3870 ἐννόμως,

205 3867 406 3938 θεσμοὶ
432 3866 490 3939 δὲ
516 3866 884 3939 ἐλεημοσύνης
902 3866 1002 3920 ἐπὶ
1027 3869 1125 3939 τῆς
1154 3866 1402 3938 γλώσσης
1431 3870 1627 3938 αὐτῆς.
1652 3866 1792 3924 ’Βιιιθ

207 3937 346 3997 sunt
397 3937 745 4009 ejusdem’26
774 3939 1030 4009 versiculi
1067 3937 1572 4009 interpretationes.
1635 3939 1790 3995 Unde

204 4009 386 4066 editio
428 4007 842 4078 _Complutensis
893 4008 1054 4063 habet
1095 4007 1457 4072 solummodo,
1522 4010 1693 4078 στόμα
1736 4010 1793 4062 δὲ

204 4078 387 4164 αὐτῆς
415 4076 620 4162 ἀνοίγει
649 4078 828 4166 σοφῶς
850 4078 948 4164 καὶ
977 4078 1348 4166 νομοθέσμως,
1393 4081 1426 4150 ἡ
1470 4079 1525 4133 δέ
1569 4076 1794 4166 ἐλεημο-

387 4146 558 4227 αὐτῆς
585 4148 642 4198 ἐν
667 4151 744 4270 τῇ
765 4146 982 4230 γλώσσῃ
1013 4146 1225 4217 αὐτῆς(
1253 4146 1508 4233 Clemens
1556 4146 1794 4230 Alexan—

209 4217 531 4273 drmusllb.
589 4232 650 4270 ιιι
744 4217 999 4273 ωάααοαι.
1047 4234 1169 4273 can.
1214 4219 1302 4273 ll.
1346 4235 1399 4273 ι).
1440 4219 1592 4273 25ος
1639 4221 1794 4273 "Hm:

203 4220 410 4274 drinus
436 4220 531 4270 lib.
589 4232 650 4270 ιιι
695 4220 999 4286 Pwdagogi,
1047 4234 1169 4287 cap.
1214 4220 1302 4282 ll,
1346 4235 1399 4288 p.
1440 4220 1592 4274 25ος
1639 4221 1797 4282 Ἢτις

207 4286 580 4369 σξταλδκνηρά
609 4287 710 4369 οὐκ
739 4286 958 4369 ἔφαγεν.
989 4287 1195 4369 Θεσμοὶ
1219 4288 1274 4342 δὲ
1305 4289 1670 4369 ἐλεημοσύνης
1703 4290 1796 4369 ἐπὶ

201 4363 276 4430 τῇ
565 4355 956 4440 ,αὐτῆςᾹἽΙΞις
1001 4357 1061 4440 τὸ
1104 4355 1292 4440 στόμα·
1325 4355 1494 4440 αὐτῇς
1538 4355 1798 4440 διήνοιξεν

1893 3731 2156 3786 constitui
2175 3729 2375 3784 debere
2395 3728 2575 3784 versio
2596 3728 2734 3783 LXX
2753 3728 2990 3785 Senum:
3011 3728 3353 3793 Χαναναίοις.
3377 3732 3478 3785 Ἰσ-

1894 3804 1998 3873 χύν
2019 3803 2111 3856 καὶ
2138 3800 2468 3873 εὐπρέπειαν
2496 3800 2799 3873 ἐνεδύσατο,
2829 3801 2925 3873 καὶ
2961 3799 3398 3873 εὐφρανθήσεται
3425 3803 3484 3857 ἐν

1893 3870 2128 3943 ἦμέραις
2172 3871 2448 3941 ἐσχάταις.
2506 3870 2686 3941 Στόμα
2743 3871 2916 3941 αὐτῆς
2971 3870 3477 3942 διήνοιξε’σοφῶς’

1895 3942 2086 3995 θεσμοὶ
2123 3941 2178 3993 δὲ
2221 3939 2587 3995 ἐλεημοσύνας
2628 3941 2719 3992 ἐπὶ
2753 3943 2818 3995 τῆ
2861 3940 3078 3995 γλώσση
3124 3941 3313 3995 αὐτῆς.
3355 3943 3477 3995 Στε-

1929 3939 2178 4024 εσμοὶμδὲ
2221 3939 2719 4024 ἐὲλεημοσύνηςςέπὶ
2753 3943 2818 4011 τῇ
2861 3939 3078 4024 γλώσσῃ
3124 3941 3313 4024 αὐτῆς.
3341 3939 3483 4024 ’Στεῖ-

1895 4010 2040 4080 γναὶ,
2072 4020 2203 4070 etc.,
2236 4010 2456 4081 ἔφαγεν.
2503 4010 2828 4081 Ἀνέστησαν
2859 4011 2928 4064 τά
2970 4010 3133 4064 τέκνα
3162 4010 3351 4081 αὐτῆς,
3386 4011 3482 4066 καὶ

1899 4081 2242 4166 ἐμακάρισαν
2271 4079 2464 4151 αὐτὴν,
2494 4081 2589 4133 καὶ
2632 4080 2660 4131 ό
2700 4080 2837 4152 ἀνὴρ
2865 4081 3036 4150 αὐτῆς
3071 4081 3259 4151 ᾔνεσεν
3287 4079 3477 4154 αὐτήν.

1899 4154 2086 4292 ωῶθ)
2113 4219 2360 4292 Sarra}
2399 4217 2486 4273 δέ.
2545 4218 2759 4273 Omittit
2809 4219 2948 4274 alter
2995 4219 3132 4276 liber
3180 4219 3342 4276 Vind.
3386 4220 3477 4289 δέ,

1903 4292 2047 4361 quod
2068 4290 2489 4347 'rectius.CLEn.

1999 4361 2090 4430 69)
2143 4361 2606 4430 Ἐλετιιιοσύνης.
2647 4358 2811 4414 Addit
2867 4357 3006 4414 alter
3058 4359 3227 4414 codex
3281 4361 3473 4429 αὐτῆς,

205 4428 542 4550 ἕὲφιιὶἵέαῖίῖι
561 4421 1039 4550 έῖτῬῗέἰῖῗιέυῗὶτέἔὲ
1074 4427 1246 4550 ἓέἔζια
1275 4430 1617 4550 ἓὲἓέἔρέἒῗῒ
1649 4430 1799 4550 digii

1913 4421 2001 4487 sed
2031 4421 2174 4484 nihil
2199 4421 2342 4499 opus
2380 4440 2484 4483 est.
2522 4421 2598 4484 In.

1971 4501 2083 4550 (7m
2136 4499 2498 4550 Ἐκτ-ήσαντο
2554 4516 2598 4550 π

205 4497 542 4569 τάμεναηΛι
596 4497 650 4550 in
675 4497 1224 4569 _Bibliotheca_regia
1275 4497 1635 4569 codex—721,
1674 4509 1796 4567 post

203 4566 543 4639 Χαναναίοις
564 4567 733 4639 ponit,
749 4567 923 4637 στόμα
944 4567 1112 4639 αὐτῆς
1129 4567 1387 4639 διήνοιξεν
1407 4566 1798 4639 προσεχόντως,

205 4639 316 4722 καὶ,
337 4636 493 4700 τάξιν
521 4636 796 4722 ἐστείλατο
822 4636 886 4708 τῇ
913 4636 1136 4722 γλώσσῃ
1166 4636 1354 4722 αὐτῆς.
1387 4636 1560 4722 Ἰσχύν
1579 4636 1682 4722 Lucil
1713 4639 1803 4690 εὐ-

204 4708 667 4818 πρέπειανηειο..
717 4707 957 4791 στεγναὶ,
1007 4707 1133 4761 εις.
1177 4707 1396 4776 ἔφαγεν.
1466 4707 1801 4777 Ἂνέστησαν

201 4793 382 4832 τ..κνα
409 4777 582 4844 αὐτ-ης
612 4777 705 4829 καὶ
742 4777 1100 4846 ἐπλουτησαν.
1149 4777 1330 4832 Codex
1380 4777 1512 4831 ’2221
1559 4798 1570 4832 :
1619 4780 1801 4830 Χανα-

205 4847 429 4918 ναίοιςζ
455 4847 631 4918 ’ἰσχὺν
660 4847 754 4918 καὶ
783 4847 1133 4918 εὐπρέπειαν,
1164 4856 1295 4905 etc.,
1321 4847 1594 4918 ἐσχάταις.
1618 4847 1799 4918 Στόμα

203 4918 267 4972 δὲ
293 4915 470 4986 αὐτῆς
499 4915 728 4986 διήνοιξε
759 4915 1160 4986 προσεχόντως·
1197 4918 1290 4970 καὶ
1337 4915 1489 4983 τάξιν
1525 4915 1800 4971 ἐστείλατο

307 4984 530 5057 γλώσσῃ
561 4984 752 5056 αὐτῆς.
784 4984 1030 5054 Στεγναὶ,
1061 4996 1192 5051 etc.,
1213 4987 1434 5110 ἔφαγεν.
1482 4987 1702 5058 Ἀνέστη
1731 4987 1799 5041 τὰ

307 5072 382 5110 ;να
425 5056 598 5110 αὐτῆς
643 5057 738 5110 καὶ
782 5057 979 5110 ἥνεσαν
1028 5057 1217 5110 αὐτήν.
1277 5058 1567 5110 nMelissw
1598 5057 1689 5110 lib.
1721 5073 1795 5110 ιι.

203 5057 382 5111 τέκνα
425 5057 598 5125 αὐτῆς
643 5057 738 5110 καὶ
782 5057 979 5128 ᾔνεσαν
1028 5057 1217 5128 αὐτήν.
1252 5057 1311 5112 In
1335 5058 1567 5112 Melissa:
1598 5057 1795 5119 lib.l|,

206 5141 385 5183 serm.
425 5127 494 5181 55
530 5145 542 5179 :
589 5127 771 5197 Στόμα
817 5126 984 5197 αὐτῆς
1029 5126 1255 5197 διήνοιξε
1288 5128 1660 5197 προσεχόντως
1703 5128 1798 5181 καὶ

206 5141 385 5183 serm.
425 5141 494 5181 ο.)
530 5145 542 5179 :
589 5141 771 5196 noua.
817 5141 984 5197 αυτης
1029 5141 1255 5197 οιηνοιςε
1288 5141 1660 5201 προσεχοντως
1703 5141 1793 5181 και

206 5197 476 5269 ἐννόμως,
521 5196 615 5269 καὶ
657 5196 810 5269 τάξιν
864 5196 1164 5250 ἐνετείλατο
1215 5200 1284 5269 τῇ
1329 5197 1793 5269 γλώσσῃῲαύτῆς.

205 5265 514 5335 Gregorius
543 5265 922 5322 Nazianzenus
946 5269 1194 5320 oratione
1228 5265 1296 5322 l2
1324 5265 1350 5322 εί
1379 5267 1473 5332 Τίς
1511 5265 1662 5331 τάξιν
1698 5267 1794 5320 οὖ-

203 5353 322 5400 τως
352 5335 627 5408 ἐστείλατο
653 5337 903 5408 χείλεσιν.
929 5335 1172 5407 Denique
1201 5337 1254 5408 in
1278 5337 1554 5408 Opusculo
1584 5339 1648 5391 de
1679 5355 1795 5408 nau-

209 5408 344 5462 liere
376 5406 505 5473 forti
536 5406 735 5478 legitur
757 5407 1056 5471 duntaxat,
1089 5406 1249 5478 apud
1287 5406 1634 5463 Ambrosium
1669 5426 1681 5462 :
1720 5407 1793 5462 08

209 5491 376 5560 suum
416 5478 583 5560 aperit
626 5478 742 5560 '(vel
786 5479 1298 5560 aperuithapienter
1338 5479 1688 5560 efhlcg‘aliter,
1735 5487 1794 5560 μς

205 5547 392 5619 gratia
417 5547 531 5616 ejus
550 5546 736 5630 (χάρις
748 5548 950 5629 αὐτῆς,
970 5549 1216 5629 proxime
1237 5549 1300 5602 ad
1317 5549 1449 5604 edit.
1481 5547 1792 5628 Sylmnachi

209 5627 269 5689 e_t
293 5613 714 5687 Theodottoms)
741 5633 796 5671 in
825 5616 1008 5686 lingua
1035 5633 1179 5687 ejus;
1199 5619 1356 5689 apud
1373 5620 1736 5689 Augustinum
1772 5636 1786 5672 :

212 5687 292 5743 Os
326 5702 485 5759 suum
517 5691 722 5759 aperui}
746 5695 962 5759 attente,
999 5697 1048 5742 et
1089 5687 1324 5759 ordinem
1374 5687 1548 5759 posuit
1597 5688 1791 5759 lingua:

210 5773 350 5813 ειιιε.
383 5755 557 5830 Igitur
571 5774 638 5814 ex
669 5757 897 5815 Hebraeo
930 5797 945 5826 ,
975 5767 1029 5815 et
1059 5775 1126 5816 ex
1161 5755 1389 5830 Vulgata
1447 5760 1529 5817 sic
1572 5757 1789 5815 videtur

1971 4501 2083 4572 (70)
2136 4497 2498 4572 Ἐκτήᾳαντο
2554 4499 2824 4553 πλοῦτον
2871 4499 3116 4553 πολλαί.
3168 4497 3375 4554 Desunt
3418 4498 3474 4552 in

1903 4568 2080 4625 altero
2099 4570 2312 4625 codice.
2341 4568 2419 4623 lo.

1972 4641 2084 4711 (7i)
2114 4639 2281 4706 Γυνὴ
2313 4637 2725 4711 γὰρ-εὐσεϐής,
2759 4656 2894 4711 κητ.
2921 4636 3065 4691 λ.1ιιι
3088 4637 3337 4711 Clemens
3355 4638 3475 4711 Ale-

1901 4707 2202 4765 xandrinus
2235 4707 2352 4763 loco
2393 4709 2579 4761 citato.
2639 4709 2908 4764 Antonius
2948 4716 3124 4761 autem
3171 4707 3473 4762 Monachus

1901 4780 2132 4834 Melissa:
2190 4781 2324 4833 liliro
2393 4793 2461 4838 ιι,
2525 4794 2690 4832 serm.
2752 4779 2820 4832 55
2873 4796 2886 4832 :
2934 4777 3072 4848 Γυνὴ
3133 4776 3323 4848 συνετὴ
3376 4779 3467 4832 εὐ-

1899 4852 2158 4918 λογεῖται,
2191 4849 2354 4918 φόϐος
2402 4848 2458 4900 δέ
2514 4849 2717 4920 Κυρίου
2773 4849 2964 4920 αῃύτὴνί
2990 4847 3224 4920 αἰνείτω.
3278 4847 3464 4920 Nostri

1899 4915 2042 4974 LXX
2073 4923 2127 4977 in
2175 4915 2240 4974 eo
2269 4920 2445 4972 solum
2476 4915 2687 4972 variant
2713 4932 2744 4970 a
2783 4915 3287 4979 Constitutionibus,
3320 4917 3466 4987 quod

1902 4993 2094 5063 συνετή
2134 4997 2368 5063 ponunt,
2390 5003 2507 5063 non
2536 4987 2797 5063 εὐσεϐής,
2816 5003 2917 5063 pro
2945 5002 3053 5063 quo
3090 4987 3256 5063 Liber
3273 4987 3471 5063 Regius

1898 5061 2061 5123 2265,
2084 5057 2248 5131 σὸφή.
2285 5057 2344 5113 In
2375 5057 2666 5111 Ambrosio
2694 5057 3100 5131 ζΜιιίίβι-Αεηίιῖι
3122 5057 3348 5131 prudens
3379 5057 3467 5131 be-_-

1900 5125 2194 5194 nedicitur';
2217 5125 2460 5183 timorem
2488 5137 2663 5180 autem
2691 5125 2906 5180 Domini
2935 5129 3039 5180 ista
3078 5125 3277 5181 laudet.
3309 5126 3463 5196 Apud

1897 5203 2264 5272 Augustinum
2301 5197 2538 5272 :_Malier
2566 5197 2711 5272 enim
2743 5198 2951 5272 sapiens
2994 5196 3458 5272 ζεηθςίὶςίιιιΠ-ἰὶτ

1897 5264 2094 5325 morem
2116 5281 2289 5324 autem
2323 5269 2532 5322 Domini
2558 5269 2673 5334 ipsa
2695 5264 2978 5320 collaudet.
2998 5265 3334 5334 Crediderim
3363 5264 3459 5334 legi

1896 5355 2170 5410 oportere,
2193 5340 2329 5410 γυνὴ
2360 5338 2524 5409 φόϐος
2551 5332 2777 5410 Κυρίου,
2807 5336 2942 5410 αὐτὴ
2968 5334 3237 5410 αἰνείσθω.
3269 5332 3453 5410 Mulio:

1897 5403 2057 5465 timor
2078 5403 2329 5473 Domini;
2348 5403 2474 5478 (hoc
2496 5416 2600 5468 est,
2627 5403 2826 5463 timens
2849 5403 3184 5478 Dominum),
3201 5406 3313 5478 ipsa
3344 5403 3456 5478 luas-

1894 5481 2066 5535 detur.
2099 5481 2246 5534 Adeo
2293 5473 2575 5548 ιη’συνετή
2594 5493 2688 5531 seu
2719 5477 2947 5548 εὐσεϐής
2976 5491 3072 5529 seu
3103 5473 3263 5548 σοφή,
3292 5474 3464 5548 (ξι-εὐ·-

1893 5551 2130 5620 λογεῖται
2161 5551 2489 5620 glossemata
2507 5617 2516 5620 _
2535 5542 2689 5620 sint,_
2716 5542 2912 5620 priora
2935 5560 3126 5600 vocum
3158 5542 3320 5612 φόϐος
3348 5542 3463 5594 Κυ-

1896 5616 2047 5694 ρίόυ,Δ
2065 5616 2343 5694 posterius
2369 5617 2518 5694 verbi
2551 5617 2824 5694 αἰνείσθω.
2858 5616 2997 5694 Qor.

1934 5681 2081 5760 ’(72)
2111 5689 2361 5742 Πολλαί.
2402 5687 2569 5756 Σοφαί
2613 5687 2748 5740 alter
2799 5686 2991 5749 codex,
3029 5694 3082 5741 et
3129 5683 3208 5738 sic
3260 5681 3463 5736 habent

1894 5759 2138 5818 Hebraea.
2166 5760 2335 5816 Cum.
