3884 6180
387 300 498 358 875

1278 298 1336 353 3.
1377 294 1768 355 CLEMENTIS
1806 296 1825 351 1
1864 294 2030 352 ROM.
2073 294 2275 354 PONT.
2319 295 2545 354 OPERA
2582 295 2811 354 DUBIA.

3534 302 3640 358 576

383 434 494 475 non
526 416 600 472 ob
625 414 772 470 aliud
828 413 1008 478 venit,
1044 412 1150 469 nisi
1204 419 1263 467 ut
1308 428 1433 469 reos
1478 412 1546 466 ab
1569 412 1648 465 ira
1684 416 1963 466 reservata

2070 410 2161 463 καὶ
2185 409 2298 481 (47)
2328 409 2433 479 πλη
2443 408 2594 483 ρώσῃ
2619 408 2712 462 τδν
2738 408 2902 481 νόμον
2929 411 3022 465 καὶ
3050 411 3176 474 τοὺς
3215 412 3517 483 προφήτας,
3548 415 3646 467 καὶ

384 512 663 572 liberaret,
719 508 890 579 legem
913 514 969 561 et
1010 506 1308 577 prophetas
1341 505 1626 575 impleret;
1655 510 1712 559 et
1750 503 1963 560 adscita

386 602 479 656 illa
511 600 875 657 Deutoroseos
910 598 1155 663 vincula,
1186 597 1273 653 vel
1325 597 1591 651 adimeret
1644 596 1730 651 vel
1776 604 1962 651 trans-

388 695 575 749 ferret.
616 691 826 747 Idcirco
858 691 1004 746 enim
1050 690 1291 745 invitans
1320 703 1423 744 nos
1464 687 1643 742 aiebat
1672 704 1688 742 :
1726 704 1746 739 ι
1773 685 1966 743 Venite

386 784 456 840 ad
479 800 566 841 me
593 799 785 840 omnes
815 783 910 852 qui
968 781 1231 837 laboratis
1263 787 1318 835 et
1355 780 1567 835 onerati
1597 778 1753 842 estis,
1785 786 1838 834 et
1863 793 1965 849 ego

388 877 632 932 reficiam
690 890 788 931 vos
837 874 928 931 ¹⁰’.
984 893 1003 926 ι
1042 872 1123 927 Tu
1154 872 1321 943 igitur
1371 886 1497 926 cum
1546 870 1745 941 legeris
1788 870 1964 924 Evan-

387 968 527 1038 gelio
560 982 625 1023 ac
658 966 943 1037 prophetis
972 964 1401 1020 concordantem
1454 964 1651 1034 legem,
1677 965 1845 1019 etiam
1882 966 1963 1019 le-

386 1061 500 1131 gito
521 1059 727 1131 Regum
754 1059 1016 1114 historias
1035 1098 1052 1123 ,
1081 1066 1140 1112 ut
1187 1059 1329 1113 scire
1364 1058 1565 1127 possis,
1596 1056 1744 1127 quod
1772 1071 1965 1113 omnes

388 1167 547 1224 reges
575 1152 668 1222 qui
713 1152 845 1219 justi
887 1150 1071 1214 fuere,
1104 1165 1135 1205 a
1163 1148 1275 1205 Deo
1328 1150 1477 1203 aucti
1515 1158 1675 1216 sunt;
1711 1156 1767 1205 et
1820 1148 1966 1221 apud

390 1246 542 1301 illum
573 1256 787 1300 aeternae
815 1243 940 1299 vitae
962 1241 1256 1313 promissio
1277 1256 1375 1297 eos
1406 1241 1607 1296 mansit
1646 1262 1659 1297 :
1694 1250 1965 1313 quotquot

389 1345 571 1394 autem
599 1352 753 1406 reges
786 1350 817 1389 a
852 1334 964 1389 Deo
1014 1333 1268 1390 fornicati
1323 1341 1494 1397 sunt,
1547 1334 1603 1387 in
1659 1333 1968 1391 defectione

390 1446 512 1494 sua,
529 1429 681 1500 justo
709 1426 804 1483 Dei
843 1426 1073 1496 judicio,
1122 1425 1275 1481 brevi
1332 1425 1697 1494 interierunt;
1748 1437 1804 1483 et
1855 1430 1965 1485 vita

387 1523 511 1592 ejus
529 1520 725 1591 privati
754 1527 902 1581 sunt,
938 1518 1330 1589 sempiternum
1369 1518 1699 1588 supplicium
1736 1536 1837 1591 pro
1878 1538 1967 1579 re-

388 1616 518 1685 quie
547 1613 750 1670 sortiti.
776 1610 902 1666 Haec
932 1612 1100 1681 igitur
1144 1626 1270 1665 cum
1329 1610 1474 1681 leges
1497 1651 1511 1676 ,
1567 1614 1799 1667 multum
1860 1614 1967 1672 ﬁde

390 1716 619 1772 auctus,
648 1706 903 1769 Christo,
961 1704 1123 1774 cujus
1163 1719 1224 1759 es
1264 1719 1468 1775 corpus
1520 1720 1586 1761 ac
1633 1707 1963 1769 membrum,

391 1800 729 1870 adjungeris.
763 1797 1129 1854 Deambulans
1175 1803 1357 1853 autem
1389 1798 1446 1853 in
1478 1798 1633 1864 foro,
1675 1809 1731 1856 et
1782 1802 1968 1859 lavare

390 1893 639 1963 cupiens,
675 1898 828 1945 utere
877 1889 1121 1943 virorum
1160 1888 1391 1955 balneo;
1443 1904 1544 1955 ne,
1592 1894 1719 1963 quia
1766 1909 1966 1964 corpus

390 1987 625 2057 turpiter
645 1983 856 2039 nudum
905 1982 1229 2039 mulieribus
1277 1984 1620 2049 ostenderis,
1679 1997 1773 2042 aut
1820 1988 1968 2059 quod

391 2094 502 2134 non
522 2078 680 2133 decet
706 2077 858 2131 viros
889 2076 1073 2131 videre
1094 2115 1109 2139 ,
1162 2077 1495 2145 spectaveris
1517 2117 1532 2142 ,
1584 2079 1671 2134 vel
1733 2087 1790 2133 tu
1842 2080 1966 2133 illa-

390 2171 646 2243 queeris,
683 2171 768 2225 vel
804 2170 859 2223 in
885 2177 939 2223 te
970 2169 1233 2239 illaquees
1269 2168 1499 2225 feminas
1534 2185 1656 2241 quae
1696 2172 1770 2225 ita
1809 2170 1969 2227 facile

392 2263 703 2333 capiuntur.
757 2260 866 2317 ista
915 2276 1047 2333 ergo
1098 2278 1265 2325 cave,
1316 2278 1383 2316 ne
1426 2263 1622 2318 anima:
1680 2270 1788 2317 tua:
1840 2264 1967 2334 inji-

390 2359 610 2412 ciantur
635 2356 837 2426 laquei.

991 2578 1222 2638 CAPUT
1258 2577 1372 2635 VII.

900 2674 979 2729 De
1017 2673 1236 2728 muliere
1268 2688 1455 2741 prava.

465 2764 767 2822 Audiamus
791 2769 960 2831 enim,
990 2765 1122 2835 quid
1146 2766 1201 2819 in
1232 2762 1524 2836 Sapientia
1566 2763 1706 2821 libro
1744 2772 1970 2821 sanctus

399 2873 581 2912 sermo
610 2857 759 2912 dicat
792 2876 805 2913 :
841 2875 859 2910 ι
896 2855 1246 2918 Fili.custodi
1293 2872 1578 2915 sermones
1618 2875 1805 2928 meos;
1848 2876 1969 2915 mea

395 2963 525 3002 vero
553 2948 806 3003 mandata
842 2948 1076 3005 reconde
1123 2947 1265 3021 apud
1307 2949 1562 3020 teipsum.
1598 2948 1696 3006 Dic
1752 2950 1971 3022 sapien-

396 3041 526 3095 tiam
559 3056 803 3097 sororem
843 3050 992 3097 tuam
1024 3056 1147 3101 esse
1167 3081 1182 3107 ,
1223 3041 1568 3112 prudentiam
1601 3050 1782 3099 autem
1810 3042 1970 3100 fami-

2066 501 2136 557 τά
2162 502 2338 574 δεσμά
2365 502 2463 573 τῆς
2491 500 2878 573 Δευτερώσεως
2894 502 3001 557 τῶν
3026 503 3364 557 ἐπεισάκτων
3390 503 3425 575 ἢ
3456 504 3652 577 παύσῃ

2066 594 2101 667 ἢ
2152 595 2381 667 μεταθῇ.
2442 593 2555 673 Διά,
2595 594 2707 666 γάρ
2756 593 2918 649 τοῦτο
2970 595 3444 667 προσκαλούμενος
3495 598 3647 667 ἡμᾶς

2066 687 2236 756 ἔλεγε·
2275 706 2294 740 ι
2330 686 2494 740 Δεῦτε
2514 690 2657 759 πρός
2685 703 2753 757 με
2776 685 2888 757 (48)
2916 687 3116 751 πάντες
3139 689 3190 740 οί
3223 687 3521 753 κοπιῶντες
3549 690 3650 743 καὶ

2067 779 2508 851 πεφορτισμένοι,
2542 778 2696 847 κάγὼ
2729 778 3027 833 ἀναπαύσω
3061 781 3221 852 ὑμᾶς.
3257 800 3273 832 ι
3298 781 3368 835 Σὺ
3388 776 3484 835 οὖν
3515 782 3650 836 ἀνα-

2067 871 2227 939 γνοὺς
2256 872 2347 923 τὸν
2382 870 2543 942 νόμον
2588 872 2876 942 σύμφωνον
2917 872 3046 926 ὅντα
3071 873 3150 943 τῷ
3191 873 3507 944 Εὐαγγελίῳ
3549 875 3651 928 καὶ

2066 966 2177 1029 τοῖς
2230 966 2566 1036 προφήταις,
2615 964 2952 1033 ἀναγίνωσκε
2998 966 3092 1019 καὶ
3141 964 3241 1029 τὰς
3292 965 3607 1031 Βασιλείους
3631 1008 3644 1030 ,

2066 1057 2215 1121 ὅπως
2259 1057 2457 1111 ειδέναι
2512 1057 2684 1127 ἐχοις,
2727 1057 2913 1111 ὁπόσοι
2952 1056 3149 1111 δίκαιοι
3192 1058 3439 1126 ἐγένοντο
3491 1058 3649 1129 βασι-

2066 1148 2197 1213 λεῖς,
2236 1149 2330 1203 καὶ
2360 1147 2674 1221 ηὐξήθησαν
2702 1149 2807 1202 ὑπὸ
2844 1148 3001 1212 Θεοῦ,
3031 1151 3126 1204 καὶ
3154 1150 3187 1221 ή
3216 1150 3522 1219 ἐπαγγελία
3545 1152 3649 1222 τῆς

2067 1241 2285 1303 αἰωνίαν
2304 1240 2451 1311 ζωῆς
2478 1241 2661 1303 αὐτοῖς
2686 1240 2921 1311 διέμεινε
2941 1241 3240 1313 παράύτῷ·
3271 1242 3385 1295 ὅσοι
3412 1241 3468 1296 δέ
3491 1242 3649 1311 βασι-

2067 1332 2177 1398 λεῖς
2209 1331 2603 1404 ἐξεπόρνευσαν
2658 1332 2767 1387 ἀπὺ
2795 1332 2953 1396 Θεοῦ,
2997 1334 3058 1386 ἐν
3107 1334 3411 1405 ἀποστασία
3462 1334 3653 1388 αὐτῶν

2070 1425 2345 1497 συντόμως
2371 1423 2648 1480 ἀπώλοντο
2692 1427 2759 1496 τῇ
2788 1424 2884 1479 τοῦ
2939 1422 3076 1479 Θεοῦ
3136 1424 3525 1497 δικαιοκρισίᾳ,
3553 1426 3650 1480 καὶ

2066 1519 2165 1590 τῆς
2193 1516 2357 1573 αὑτοῦ
2387 1518 2533 1588 ζωῆς
2560 1516 2950 1589 ἐστερήθησαν,
2981 1517 3101 1571 ἀντὶ
3129 1517 3487 1581 ἀναπαύσεως
3516 1520 3651 1573 alw-

2067 1610 2185 1685 νίαχ
2206 1610 2424 1663 κόλασιν
2452 1608 2887 1680 κληρωσάμενοι.
2910 1608 3097 1664 Ταῦτα
3115 1606 3209 1664 οὖν
3234 1610 3649 1679 ἀναγινώσκων,

2068 1702 2203 1757 πολὺ
2229 1706 2295 1774 τῇ
2326 1704 2505 1756 πίστει
2524 1701 2798 1774 αὐξηθεὶς,
2829 1701 3371 1777 προσοικοδομηθήσῃ
3390 1704 3615 1775 Χριστῷ
3634 1744 3652 1767 ,

2067 1788 2128 1847 οὒ
2162 1794 2321 1864 σῶμα
2349 1794 2441 1847 καὶ
2472 1794 2630 1865 μέλος
2654 1794 2957 1865 τυγχάνεις.
2990 1793 3313 1865 Περιπατῶν
3369 1794 3425 1848 δέ
3452 1784 3541 1848 Ἔν
3581 1800 3652 1866 τῇ

2070 1887 2264 1958 ἀγορᾷ,
2300 1887 2394 1940 καὶ
2434 1886 2727 1941 λούσασθαι
2770 1887 3107 1959 βουλόμενος,
3155 1887 3335 1961 χρήσῃ
3381 1886 3651 1958 βαλανείῳ

2070 1979 2295 2050 ἀνδρείῳ
2329 1979 2437 2051 (49)
2459 2020 2472 2043 ,
2504 1980 2590 2034 ῐνα
2623 1981 2695 2052 μή
2726 1979 2813 2034 διά
2852 1981 2913 2035 τὸ
2951 1980 3312 2034 ἐπιδεικνύναι
3369 1998 3427 2034 σε
3488 1980 3653 2052 σῶμα

2070 2073 2127 2124 ἐν
2156 2073 2389 2143 ἀσχήμῳ
2432 2072 2772 2142 ἀποκαλύψει
2829 2073 3095 2143 γυναιξὶν,
3130 2072 3163 2144 ἢ
3193 2073 3491 2127 θεάσασθαι
3519 2072 3649 2129 θέαν

2069 2166 2167 2235 οὐχ
2222 2164 2565 2236 ἁρμόζουσαν
2630 2165 2919 2237 ἀνδράσιν,
2978 2166 3011 2236 ἢ
3070 2166 3135 2221 σὺ
3189 2165 3558 2236 παγιδευθῇς,
3612 2166 3649 2236 ἢ

2071 2258 2401 2332 παγιδεύσῃς
2450 2260 2542 2313 ἐπὶ
2612 2259 2792 2331 σαυτῷ
2836 2259 2936 2322 τάς
2975 2258 3148 2323 οὕτως
3203 2260 3505 2324 εὐαλώτους
3548 2277 3645 2329 γυ-

2068 2353 2261 2413 ναῖκας
2289 2350 2422 2421 (50).
2454 2351 2729 2405 Φυλάσσου
2771 2348 2865 2406 οὖν
2916 2352 2987 2406 τά
3047 2351 3293 2419 τοιαῦτα,
3316 2355 3405 2409 ἶνα
3440 2356 3517 2428 μὴ
3553 2355 3647 2410 λά-

2070 2442 2171 2513 σῃς
2200 2440 2425 2513 βρόχους
2451 2445 2518 2515 τῇ
2550 2444 2743 2499 ἑαυτοῦ
2774 2444 2939 2516 ψυχῇ.

2622 2581 3015 2635 ΚΕΦᾹΛΔΙΟΝ
3054 2580 3130 2634 Ζ’.

2492 2670 2632 2739 Περὶ
2659 2674 2939 2741 γυναικὸς
2966 2674 3222 2742 φαύλης.

2141 2761 2417 2833 Μάθωμεν
2448 2762 2578 2835 γὰρ,
2606 2764 2665 2815 ἐν
2696 2766 2761 2834 τῇ
2783 2763 2953 2835 Σοφίᾳ
2971 2765 3023 2817 τί
3046 2765 3198 2833 λέγει
3222 2767 3250 2819 ό
3278 2765 3435 2835 ἀγιος
3462 2765 3642 2835 λόγος’

2074 2872 2094 2905 ι
2124 2856 2237 2913 Υἱὲ.
2269 2854 2508 2923 φύλασσε
2544 2856 2712 2925 ἐμοὺς
2754 2855 2962 2923 λόγους,
3014 2856 3110 2920 τάς
3150 2857 3207 2911 δὲ
3252 2858 3391 2929 ἐμὰς
3426 2859 3650 2922 ἐντολὰς

2070 2946 2276 3020 κρύψον
2323 2946 2475 3020 παρὰ
2530 2947 2760 3019 σεαυτῷ.
2811 2948 2978 3002 Εἰπὸν
3005 2949 3103 3021 τὴν
3146 2951 3338 3019 σοφίαν
3367 2952 3468 3023 σὴν
3495 2952 3653 3006 ἀδελ-

2071 3040 2176 3111 φὴν
2205 3034 2367 3101 εἶναι,
2395 3039 2494 3111 τὴν
2520 3038 2576 3093 δὲ
2604 3039 2863 3111 φρόνησιν
2890 3039 3163 3113 γνώριμον
3184 3043 3542 3115 περιποίησαι
3571 3061 3656 3099 στρ

3266 2630 3313 2647 εκ

396 3133 587 3189 liarem
624 3133 720 3188 tibi
751 3148 939 3189 assere
965 3150 980 3200 ;
1011 3140 1071 3187 ut
1098 3142 1149 3188 te
1175 3143 1357 3189 servet
1390 3148 1421 3187 a
1445 3134 1674 3191 muliere
1701 3134 1878 3190 aliena
1908 3143 1962 3192 et

2070 3131 2236 3202 αυτῷ,
2267 3132 2352 3184 ἵνα
2370 3148 2427 3184 σε
2455 3132 2670 3204 τηρήσῃ
2698 3132 2808 3186 ἀπὸ
2836 3134 3093 3201 γυναικὸς
3109 3134 3395 3207 ἀλλοτρίας
3424 3138 3520 3190 καὶ
3550 3153 3651 3191 πο·-

394 3226 534 3279 maia
554 3264 569 3289 ,
602 3224 650 3281 si
674 3232 727 3280 te
747 3224 929 3280 verbis
950 3224 1166 3281 blandis
1192 3225 1383 3280 adorta
1413 3226 1596 3281 fuerit.
1624 3225 1699 3282 De
1730 3226 1969 3284 fenestra

2070 3224 2260 3295 νηρᾶς,
2290 3222 2384 3275 ἐάν
2415 3239 2473 3276 σε
2516 3222 2693 3291 λόγοις
2746 3226 2857 3287 τοῖς
2910 3226 3046 3296 πρὸς
3085 3227 3245 3298 χάριν
3287 3228 3647 3299 ἐμϐάλλητσι.

393 3317 540 3372 enim
568 3314 764 3371 domus
791 3333 904 3373 sua:
929 3316 982 3370 in
1013 3318 1221 3387 plateas
1249 3317 1593 3388 prospiciens
1615 3358 1629 3381 .
1662 3334 1968 3389 quemcun-

2083 3314 2214 3368 Ἀπὸ
2242 3313 2351 3386 γὰρ
2392 3314 2613 3386 θυρίδος
2633 3316 2780 3368 οἴκου
2810 3317 2980 3387 αὐτῆς
3008 3319 3087 3380 είς
3113 3318 3212 3383 τὰς
3258 3318 3519 3384 πλατείας
3545 3338 3653 3374 πα·

393 3425 502 3479 que
558 3410 755 3463 viderit
813 3409 1167 3479 insipientum
1231 3409 1466 3464 filiorum
1527 3410 1964 3474 adolescentem,

2072 3406 2442 3477 ρακύπτουσα,
2476 3406 2533 3459 ὃν
2552 3406 2617 3460 ἂν
2666 3406 2750 3480 ἴδῃ
2793 3407 2898 3461 τῶν
2928 3409 3175 3479 ἀφρόνων
3200 3410 3405 3464 τέκνων
3430 3412 3651 3468 νεανίαν

392 3499 577 3555 cordis
607 3501 845 3571 inopem,
870 3508 1286 3572 praetereuntem
1320 3517 1417 3571 per
1448 3500 1650 3567 forum,
1695 3502 1751 3557 in
1779 3510 1965 3558 trans-

2070 3498 2220 3569 ἐνδεῆ
2275 3498 2505 3569 φρενῶν,
2561 3500 3073 3571 παραπορευόμενον
3116 3504 3175 3556 ἐν
3217 3504 3425 3574 ἀγορᾷ,
3452 3504 3512 3555 ἐν
3541 3504 3652 3557 διό-

399 3591 566 3647 ilibus
620 3593 819 3647 aedium
851 3608 1097 3657 suarum,
1134 3600 1191 3648 et
1244 3593 1558 3663 loquentem
1602 3596 1658 3649 in
1719 3596 1962 3650 tenebris

2070 3592 2179 3655 δοις
2208 3594 2370 3645 οἴκων
2398 3592 2587 3663 αὐτῆς,
2616 3593 2710 3645 καὶ
2735 3591 2998 3647 λαλοῦντα
3026 3594 3083 3646 ἐν
3137 3593 3318 3647 σκότει
3376 3594 3651 3665 ἑσπερινῷ

395 3685 742 3755 vespertinis,
767 3700 892 3741 cum
920 3694 1005 3741 est
1029 3693 1298 3740 nocturna
1325 3686 1481 3757 quies
1525 3692 1582 3741 et
1620 3687 1919 3758 caliginosa
1950 3705 1964 3741 :

470 3824 537 3855 ⁸⁸⁸
569 3822 757 3877 Matth.
782 3840 859 3887 ιι,
887 3824 978 3880 28.

2077 3684 2212 3755 (5|),
2244 3684 2408 3754 ήνίκα
2436 3683 2502 3737 ἂν
2559 3679 2593 3757 ᾖ
2628 3684 2829 3755 ἡσυχία
2880 3685 3167 3757 νυκτερινὴ
3218 3686 3313 3740 καὶ
3340 3684 3644 3756 γνοφώδης·

1655 3975 2017 4035 VARIORUM
2054 3977 2286 4034 ΝΟΤΔΕ.

467 4113 581 4187 (47)
632 4111 1111 4187 ’ξύσηταιητοὺς
1134 4111 1461 4187 ὑποδίκους
1490 4113 1600 4187 τῆς
1651 4114 1965 4187 ἀποκειμέ-

395 4180 510 4254 νηξ
538 4180 740 4252 ὀργῆς,
771 4182 887 4254 καί.
918 4180 1039 4254 Haec
1066 4184 1248 4235 omnia
1268 4182 1481 4254 desunt
1512 4184 1566 4236 in
1597 4184 1757 4254 codd.
1796 4180 1957 4241 Vind.

396 4250 985 4327 quagperspicuitatis
995 4266 1181 4327 causa,
1215 4250 1337 4305 addi
1381 4261 1621 4327 potuere.
1650 4252 1820 4309 Casa.

492 4320 584 4392 48)
620 4320 779 4389 Πρός
798 4338 894 4390 με.
950 4320 1110 4375 Deest
1142 4322 1195 4374 in
1220 4330 1471 4391 utroque.
1503 4322 1580 4392 In.

492 4326 582 4392 48)
620 4326 779 4389 Πρός
798 4338 894 4390 με.
950 4326 1110 4375 Deest
1142 4326 1195 4374 in
1220 4330 1471 4391 utroque.
1503 4326 1580 4378 in.

466 4326 578 4519 ἓν)
616 4394 965 4472 Δούσασθαι
1004 4392 1399 4473 βουλόιιετςος,
1430 4391 1627 4461 χρήσῃ
1662 4392 1969 4473 ,βαλανείῳ

466 4483 475 4499 ι
513 4464 668 4519 θείω.
699 4461 869 4515 Erant
895 4462 1025 4515 olim
1071 4476 1127 4515 in
1166 4461 1437 4519 fidelibus.
1490 4471 1603 4515 tum
1652 4462 1865 4515 luxuria
1914 4469 1968 4515 et

394 4450 668 4533 ἀνδρέίῳ.
699 4461 869 4533 Erant
895 4450 1127 4533 olimuin
1166 4450 1621 4533 fidelibusrtunf
1652 4450 1865 4515 luxuria
1902 4450 1968 4533 ret
1998 4450 2042 4505 υ

398 4531 644 4598 lascivia,
676 4546 829 4585 more
859 4531 1158 4585 inﬁdelium
1204 4531 1542 4596 dillluentes;
1597 4538 1711 4584 tum
1753 4532 1963 4598 simplio

398 4606 578 4660 ciores
606 4616 671 4657 ac
698 4601 905 4671 idiota;
944 4616 975 4653 a
1003 4600 1205 4670 quibus
1235 4601 1434 4671 (inquit
1465 4600 1801 4670 Epiphanius
1855 4600 1968 4654 lue-

398 4676 510 4731 τειί
566 4673 657 4735 50,
708 4686 831 4740 cap.
865 4670 925 4741 7)
972 4677 1194 4741 propter
1244 4670 1624 4741 negligentiam
1675 4672 1965 4725 doctorum

398 4744 624 4815 ignaris,
666 4740 1078 4815 non_vitabatur
1133 4740 1333 4815 lavatio
1359 4740 1483 4815 cum
1533 4740 1758 4815 alterius
1801 4753 1966 4815 serus

400 4809 732 4868 Hominibus.
765 4809 973 4863 Idcirco
998 4810 1389 4863 constitutione
1419 4810 1541 4869 hac,
1561 4817 1615 4862 et
1645 4810 1735 4862 illa
1764 4810 1965 4878 capitis

399 4884 456 4945 9,
492 4881 845 4951 prohibentur
888 4878 1080 4931 balnea
1132 4879 1442 4951 promiscua
1485 4878 1725 4951 virorum
1755 4886 1809 4931 et
1847 4894 1967 4951 mu-

401 4947 617 5008 lierum.
648 4949 957 5016 Eademque
986 4949 1298 5002 interdictio
1338 4948 1535 5016 legitur
1566 4948 1621 5001 in
1659 4947 1967 5003 canonibus

401 5021 711 5077 Laodiceno
739 5019 830 5079 50,
870 5025 925 5072 et
963 5016 1222 5072 Trullano
1251 5017 1339 5077 77,
1380 5017 1447 5070 ad
1468 5032 1627 5085 quem
1676 5016 1965 5072 Balsamon

403 5090 677 5161 improbat
714 5090 905 5161 etia_m_
934 5087 1261 5161 lavationem
1281 5086 1490 5161 ‘balnei
1539 5087 1657 5139 viro
1698 5087 1966 5161 uxorique

401 5154 769 5217 communem.
802 5156 908 5210 Sed
966 5165 1021 5209 et
1064 5158 1238 5209 sancti
1280 5154 1470 5210 Patres
1515 5154 1963 5211 consuetudinem

402 5228 781 5302 turpitudinis,
812 5226 1042 5302 periculi
1061 5232 1117 5279 et
1162 5225 1692 5302 scandali__plenam_
1724 5226 1967 5295 proscri-

506 5294 631 5354 runt
662 5316 675 5353 :
705 5294 956 5351 Clemens
983 5295 1380 5365 Alexandrinus
1409 5294 1692 5365 Pwdagogi
1724 5294 1816 5359 in,
1841 5310 1963 5364 cap.

506 5318 631 5354 runt
662 5318 675 5353 Ζ
705 5318 956 5351 metuens
983 5318 1380 5351 Λιυιιιιιυηιιιιδ
1409 5318 1690 5365 rwaagugt
1725 5318 1816 5359 Ill,
1841 5318 1962 5364 υίψ.

402 5318 816 5441 ἓῖθϐγρτίιιιιιιε
860 5366 936 5441 De
990 5364 1380 5441 disciplina}:
1431 5364 1644 5441 habitu“
1668 5367 1925 5441 virginum
1946 5404 1962 5430 ,

404 5433 571 5495 cii-ea'
593 5433 773 5502 linem,
804 5443 858 5491 et
888 5438 942 5505 in
966 5433 1205 5502 antiquis
1233 5435 1563 5489 editionibus
1594 5436 1729 5505 libro
1748 5439 1821 5505 De
1848 5436 1966 5505 lup-

394 5513 503 5573 esis,
534 5518 658 5562 ante
697 5509 881 5571 linem;
911 5504 1329 5574 Chrysostomus
1372 5511 1607 5557 tractatu
1636 5502 1707 5557 De
1735 5502 1950 5557 educau-

407 5582 489 5635 dis
535 5579 746 5637 liberis.
782 5592 875 5645 per
924 5576 1098 5627 virum
1135 5575 1562 5645 eruditissimum
1617 5574 1963 5645 Fl'aneiscum

408 5643 797 5703 Combelisiuni
838 5646 1055 5714 vulgato
1081 5683 1093 5706 ,
1127 5659 1185 5715 p.
1202 5643 1321 5715 A73;
1348 5644 1618 5715 Palladius
1665 5643 1875 5715 dialogo
1893 5649 1968 5701 De

409 5721 515 5772 vita
540 5720 598 5773 S.
628 5711 983 5777 Chrusostomi
1008 5711 1137 5783 cap.
1168 5711 1251 5779 i3,
1293 5722 1344 5769 et
1372 5713 1732 5784 Hieronymus
1775 5711 1866 5769 lib.
1924 5731 1961 5769 ιι

2071 4115 2321 4187 adversus
2368 4116 2720 4187 Iovinianum
2742 4132 2862 4187 cap.
2898 4118 3021 4183 ult.,
3048 4130 3150 4187 nec
3196 4130 3306 4187 non
3357 4113 3510 4169 Nilus
3542 4114 3638 4187 lib.

2073 4202 2135 4247 ιι,
2160 4186 2321 4256 epist.
2355 4186 2481 4241 2H.
2514 4185 2654 4249 Quid
2688 4185 2831 4255 quod
2864 4186 3099 4241 ethnicis
3146 4186 3333 4256 multis
3386 4200 3475 4238 res
3527 4185 3641 4256 dis-

2070 4253 2297 4324 plicuit?
2330 4266 2387 4310 ut
2435 4256 2668 4311 Hesiodo
2710 4253 2766 4310 in
2813 4257 2916 4312 line
2943 4258 3063 4310 libri
3105 4271 3142 4308 ιι
3178 4254 3406 4323 Operam
3433 4264 3486 4307 et
3517 4253 3632 4309 Die-

2073 4342 2211 4387 rum,
2231 4324 2390 4393 cujus
2418 4341 2609 4381 versus
2640 4326 2893 4380 laudatur
2912 4343 2942 4380 a
2956 4327 3231 4381 Clemente
3245 4324 3637 4393 Alexandrino.

2074 4393 2249 4464 Varro
2278 4392 2372 4451 lib.
2408 4412 2530 4456 vm,
2557 4395 2631 4448 De
2656 4394 3059 4463 linguaLatina,
3091 4403 3215 4464 post
3245 4393 3507 4449 medium.
3540 4392 3642 4448 Ubi

2072 4463 2195 4544 bina
2221 4474 2393 4544 essent
2421 4464 2703 4544 conjuncta
2724 4463 3220 4544 mdiﬁcia,_lavandi
3248 4477 3444 4544 causa;
3474 4479 3639 4544 unum

2070 4534 2157 4586 ubi
2190 4536 2309 4594 uiri,
2340 4530 2564 4588 alterum
2593 4532 2682 4585 ubi
2706 4530 2949 4587 mulieres
2974 4535 3299 4586 lavarentur.
3332 4531 3397 4585 Et
3432 4532 3486 4585 in
3522 4530 3649 4583 His-

2073 4604 2208 4657 toria
2238 4603 2474 4671 Augusta
2509 4602 2743 4671 refertur
2766 4603 2912 4671 quod
2941 4603 3213 4657 Adrianus
3269 4602 3485 4671 lavacra
3537 4615 3639 4668 pm

2066 4672 2289 4741 segnibus
2312 4669 2668 4741 separaverit,
2692 4669 3013 4741 Antoninus
3030 4671 3390 4741 philosophus
3414 4669 3636 4741 lavacra

2067 4739 2230 4792 mista
2255 4738 2611 4801 submoverit,
2643 4740 2951 4797 Alexander
2989 4738 3225 4796 severus
3252 4738 3443 4793 balnea
3472 4738 3637 4792 mista

2064 4806 2251 4880 Romae
2281 4809 2621 4880 prohibuerit
2641 4810 2906 4864 exhiberi.
2941 4809 3184 4880 Denique
3206 4825 3303 4880 per
3328 4810 3475 4878 leges
3504 4808 3635 4880 civi-

2066 4877 2145 4931 les
2177 4877 2376 4931 licebat
2405 4880 2603 4932 marito
2628 4880 2915 4947 repudium
2956 4877 3173 4934 mittere
3209 4877 3413 4938 'uxori,
3471 4878 3518 4933 si
3570 4892 3635 4931 ea

2064 4956 2256 5001 contra
2272 4949 2447 5016 ipsius
2489 4949 2820 5003 voluntatem
2844 4964 2968 5003 cum
2997 4950 3132 5004 viris
3158 4947 3432 5005 extraneis
3487 4948 3642 5000 lava-

2064 5018 2357 5089 ret._Absit
2384 5017 2568 5089 itaque
2584 5026 2649 5089 ut
2671 5027 2797 5087 post
2814 5019 3103 5089 Evagrium
3139 5021 3235 5074 lib.
3286 5035 3327 5081 ι,
3369 5032 3494 5087 cap.
3533 5016 3635 5089 21.

2063 5095 2118 5141 et
2145 5085 2511 5157 Nicephorum
2550 5085 2790 5168 ίίὺάιν,
2815 5085 2951 5212 cap:
2962 5090 3052 5151 50,
3100 5090 3385 5143 laudemus
3437 5085 3638 5140 stultos

2063 5156 2187 5211 illos
2214 5166 2447 5212 ascetas.
2472 5173 2564 5212 aui
2593 5158 2721 5212 dum
2755 5158 2857 5212 sibi
2922 5158 3113 5212 παθεῖς
3140 5174 3263 5212 esse
3288 5158 3637 5212 videbantur.

2063 5156 2187 5211 illos
2214 5156 2447 5221 asCetas,
2472 5157 2564 5226 qui
2593 5158 2721 5212 dum
2755 5158 2857 5214 sibi
2884 5156 3113 5222 ἀπαθεῖς
3140 5174 3263 5214 esse
3288 5158 3637 5220 videbantur,

2062 5227 2311 5281 solebant
2328 5229 2550 5283 balneas
2574 5229 2747 5293 adire,
2778 5236 2838 5282 ut
2871 5244 2979 5284 una
3016 5244 3139 5285 cum
3176 5226 3503 5282 mulieribus
3552 5226 3639 5279 la-

2060 5304 2342 5352 varentur.
2373 5298 2510 5353 Cor.

2134 5366 2248 5437 (50)
2275 5367 2386 5432 Τὰς
2411 5368 2597 5434 οὕτως
2623 5366 2963 5433 εὐαλώτους

2063 5445 2295 5506 utroque
2319 5438 2457 5491 libro
2484 5437 2789 5492 Vindobon.
2812 5438 2981 5491 Cum.

2130 5501 2245 5605 )
2263 5507 2379 5605 Ιξαξ
2395 5507 2701 5605 Moliri}:
2724 5507 2795 5560 ἐν
2806 5508 3017 5605 ρ’κότει
3042 5503 3476 5605 ἐσπεριζῷ.)ί8.
3496 5501 3614 5573 Reg

2060 5574 2185 5631 495.
2219 5574 2501 5631 καλοῦντα.
2534 5576 2697 5638 LXX,
2732 5585 2826 5629 aut
2867 5574 3205 5644 scripserunt
3260 5574 3517 5634 ἀλοῦντα,
3552 5591 3637 5627 er-

2063 5656 2287 5708 mntem,
2322 5656 2613 5715 vagantem,
2644 5647 2794 5715 quod
2824 5648 3034 5701 accedit
3066 5646 3135 5699 ad
3182 5645 3636 5713 significationem

2064 5716 2214 5771 verbi
2235 5727 2344 5781 τῃ
2365 5715 2540 5787 gradi,
2571 5718 2724 5783 itare,
2764 5724 2858 5772 aut
2886 5718 3130 5791 legerunt
3159 5724 3295 5795 pyri
3324 5730 3355 5770 a
3376 5724 3493 5780 Dm:
3523 5715 3639 5768 cla-

2992 5366 3298 5437 τυναῒκας.
3332 5364 3543 5422 Desunt
3580 5366 3636 5418 in
