3884 6180
373 315 481 372 ετξ)

1250 310 1309 369 S.
1353 310 1750 367 CLEMENTIS
1788 313 1805 368 1
1850 312 2016 368 ΒΟΜ.
2054 311 2257 369 PONT.
2300 313 2527 367 OPERA
2562 314 2789 370 DUBIA.

3521 316 3639 372 580

369 440 467 503 put
490 437 575 485 est
613 427 861 482 mulieris
884 468 897 490 ,
927 425 1030 481 viri
1076 436 1259 483 autem
1305 430 1361 483 in
1409 430 1496 483 via
1533 428 1759 499 justitia:
1799 430 1985 490 ἱππ-οι,

2080 427 2258 499 ίεφαλὴ
2288 429 2387 499 τῆς
2412 430 2670 498 γυναικὸς
2698 433 2725 483 6
2764 430 2900 502 ἀνὴρ
2946 429 3176 502 ὑπάρχει
3194 448 3206 461 ·
3237 430 3333 485 τοῦ
3362 432 3418 487 δὲ
3447 435 3648 508 ἀνδρὸς

366 521 550 577 dentis
577 529 745 591 caput
773 526 858 574 est
887 519 1175 586 Christus;
1201 522 1409 577 Christi
1429 536 1562 577 vero
1583 528 1767 592 caput,
1801 520 1944 577 Deus

365 623 421 670 et
447 614 607 669 Pater
636 614 758 684 ejus
781 621 823 668 ⁸.
852 612 994 683 Ergo
1025 622 1149 683 post
1181 614 1614 684 omnipotentem
1648 614 1816 669 Deum
1851 630 1949 668 no-

370 715 572 771 strum,
606 713 660 759 et
678 704 917 767 Patrem,
945 706 1230 776 praesentis
1254 716 1306 760 et
1354 706 1519 761 futuri
1557 708 1739 761 saeculi
1766 707 1949 761 Domi-

370 813 527 861 num,
561 798 743 853 omnis
785 799 1010 869 spiritus
1036 807 1091 853 et
1113 800 1334 853 virtutis
1359 800 1720 865 conditorem,
1753 810 1804 853 et
1830 810 1954 869 post

370 887 628 943 dilectum
660 889 806 944 illius
839 888 1060 954 Filium,
1115 890 1401 945 Dominum
1457 900 1706 947 nostrum
1764 891 1949 945 Jesum

371 978 679 1045 Christum,
712 997 807 1051 per
845 999 1005 1054 quem
1025 984 1195 1053 gloria
1220 984 1365 1051 Deo;
1390 985 1521 1040 time
1558 986 1736 1038 virum
1770 992 1949 1049 tuum,

374 1086 409 1127 ο
437 1073 653 1138 mulier,
679 1082 733 1127 et
760 1091 1006 1132 reverere
1034 1092 1190 1143 eum;
1222 1078 1324 1147 ipsi
1357 1078 1459 1132 soli
1506 1079 1725 1147 placere
1768 1076 1948 1139 stude,

374 1171 429 1220 et
460 1180 558 1234 per
591 1166 954 1220 ministerium
989 1175 1142 1221 tuum
1178 1169 1253 1221 illi
1288 1177 1441 1239 grata
1481 1170 1747 1233 existere,
1781 1177 1839 1221 ut
1884 1170 1955 1221 ob

375 1264 433 1313 te
485 1259 648 1312 etiam
684 1259 876 1314 beatus
933 1260 1259 1330 pra'dicetur
1301 1275 1329 1312 a
1364 1259 1665 1329 Sapientia,
1694 1275 1813 1328 quae
1861 1275 1956 1328 per

377 1346 727 1404 Salomonem
755 1351 869 1405 ham
900 1354 975 1406 ait
1012 1371 1025 1406 :
1067 1371 1085 1403 ι
1127 1351 1404 1406 Mulierem
1438 1352 1630 1406 fortem
1657 1351 1781 1421 quis
1806 1351 1958 1404 inve-

379 1439 529 1494 niet?
556 1442 934 1496 testimabilior
984 1451 1166 1497 autem
1203 1450 1289 1497 est
1344 1443 1615 1513 lapidibus
1675 1443 1953 1513 pretiosis,

384 1546 509 1600 qua:
539 1532 666 1587 talis
692 1543 777 1588 est
804 1551 818 1588 :
846 1535 1069 1588 conlidit
1094 1535 1148 1588 in
1185 1550 1247 1589 ea
1278 1549 1373 1587 cor
1403 1536 1504 1589 viri
1528 1534 1647 1602 ejus
1677 1553 1689 1587 :
1728 1549 1850 1603 qua:
1876 1543 1959 1589 la-

381 1623 450 1679 lis
472 1632 576 1689 est,
608 1625 801 1693 spoliis
835 1642 942 1679 non
971 1628 1187 1696 egebit;
1214 1635 1475 1698 operatur
1504 1628 1648 1681 enim
1677 1626 1793 1680 vim
1818 1626 1959 1681 bona

380 1728 480 1783 per
509 1730 725 1770 omnem
762 1718 927 1771 vitam
964 1738 974 1772 :
1005 1719 1282 1775 deducens
1325 1722 1501 1774 lanam
1542 1728 1595 1773 et
1636 1720 1833 1783 linum,
1878 1719 1957 1774 fe-

380 1806 457 1858 cit
490 1806 644 1859 utilia
680 1810 933 1863 manibus
964 1810 1081 1864 suis
1112 1830 1123 1865 :
1158 1810 1299 1865 facta
1329 1818 1413 1867 est
1436 1812 1582 1866 velut
1605 1813 1760 1865 navis
1793 1826 1959 1882 nego.

381 1897 549 1960 tians,
585 1900 653 1955 de
680 1901 837 1972 longe
867 1918 1210 1975 congregans
1256 1905 1306 1959 ei
1340 1906 1504 1959 vitam
1561 1923 1574 1959 :
1616 1914 1668 1959 et
1719 1905 1960 1959 surrexit

380 1993 450 2047 de
471 2001 650 2057 nocte,
674 2002 729 2049 et
752 1995 902 2050 dedit
941 2012 1099 2052 escas
1128 1997 1367 2061 familiae,
1400 2012 1463 2051 ac
1493 2012 1655 2066 Opera
1694 1997 1910 2051 ancillis
1944 2016 1957 2051 :

381 2087 754 2142 consideravit
784 2104 975 2159 agrum
1008 2098 1062 2145 et
1098 2091 1251 2155 emit,
1306 2098 1360 2145 et
1411 2090 1478 2144 de
1525 2090 1797 2143 fructibus
1840 2105 1961 2142 ma-

388 2194 557 2233 nuum
580 2196 805 2235 suarum
854 2184 1119 2252 plantavit
1180 2184 1585 2253 possessionem
1653 2202 1664 2235 ε
1727 2183 1964 2237 accinxit

383 2268 600 2325 lumbos
630 2287 781 2339 suos,
813 2272 1049 2327 firmavit
1072 2276 1293 2330 brachia
1314 2292 1412 2331 sua
1439 2284 1523 2329 :et
1556 2277 1793 2345 gustavit
1818 2277 1964 2346 quod

388 2361 590 2416 bonum
638 2372 722 2420 est
750 2367 1003 2435 operari;
1053 2378 1107 2421 et
1158 2384 1267 2422 non
1322 2369 1691 2439 exstinguitur
1740 2369 1965 2425 lucerna

386 2455 510 2525 ejus
565 2465 679 2511 tota
736 2468 895 2513 nocte
939 2476 951 2513 :
998 2461 1212 2516 cubitos
1264 2475 1393 2516 suos
1446 2466 1513 2516 ad
1566 2462 1721 2516 utilia
1772 2470 1967 2518 exten-

388 2547 517 2613 dit,
589 2566 785 2605 manus
869 2568 1000 2606 suas
1073 2552 1253 2607 lirmat
1332 2554 1398 2608 ad
1468 2554 1647 2609 fusum
1698 2574 1712 2610 :
1772 2572 1968 2611 manus

388 2648 571 2695 autem
620 2658 751 2697 suas
798 2646 1012 2713 aperuit
1070 2648 1334 2715 pauperi;
1388 2649 1624 2717 palmam
1692 2663 1823 2703 vero
1873 2666 1969 2702 ex-

388 2732 567 2788 tendit
618 2735 767 2804 inopi
818 2754 831 2790 :
877 2751 984 2790 nou
1039 2744 1126 2791 est
1171 2738 1443 2794 sollicitus
1504 2739 1571 2793 de
1628 2740 1694 2794 iis
1755 2741 1849 2810 qui
1914 2742 1969 2795 iu

390 2823 577 2892 domo,
641 2828 725 2881 vir
784 2828 942 2895 ejus;
1003 2843 1196 2883 omnes
1250 2832 1395 2885 enim
1471 2833 1563 2900 qui
1636 2834 1776 2901 apud
1852 2850 1972 2888 eam

392 2925 547 2981 sunt,
577 2919 761 2973 vestiti
781 2930 910 2973 sunt
941 2920 1146 2989 duplici
1174 2922 1313 2975 stola
1340 2941 1353 2977 :
1386 2933 1440 2977 et
1460 2922 1584 2977 fecit
1607 2926 1724 2979 viro
1761 2940 1859 2979 suo
1894 2923 1977 2976 lte-

393 3023 531 3079 us;
558 3025 626 3066 ex
657 3011 825 3081 bysso
868 3027 933 3067 ac
966 3029 1207 3083 purpura
1249 3015 1569 3070 indumenta
1597 3035 1609 3071 :
1637 3019 1973 3087 conspicuus

2048 521 2144 573 τοῦ
2178 522 2541 593 πορευομένου
2574 524 2630 575 ἐν
2660 523 2763 593 ὀδῷ
2791 523 3153 593 δικαιοσύνης,
3196 526 3403 597 κεφαλή
3435 528 3582 583 ἐστιν
3615 532 3645 582 ὁ

2050 614 2303 687 Χριστός·
2349 613 2444 667 τοῦ
2466 615 2699 685 Χριστοῦ
2730 615 2786 668 δὲ
2815 615 3023 686 κεφαλὴ
3050 617 3078 667 ὁ
3104 615 3237 679 Θεὸς
3258 616 3366 687 (58)
3396 619 3492 671 καὶ
3529 620 3645 671 Πα-

2050 686 2369 775 τὴρμαύτοῦ.
2414 706 2566 759 Μετὰ
2602 700 2699 759 οὖν
2728 706 2818 759 τὸν
2848 706 3264 778 παντοκράτορα
3295 708 3429 761 Θεὸν
3457 712 3644 781 ήμῶν,

2051 797 2146 850 καὶ
2176 797 2415 867 Πατέρα,
2447 796 2541 849 τοῦ
2572 815 2629 850 τε
2651 798 2942 861 ἐνεστῶτος
2961 799 3053 851 καὶ
3082 797 3176 851 τοῦ
3211 799 3493 869 μέλλοντος
3524 803 3655 854 αἰῶ·

2052 905 2140 951 νος
2159 887 2382 959 Κύριον,
2406 888 2586 958 πάσης
2601 906 2658 941 τε
2681 890 2848 959 πνοῆς
2871 890 3263 962 καὶδυνάμεως
3289 892 3648 965 δημιουργὸν,

2055 980 2148 1032 καὶ
2179 980 2269 1034 τὸν
2301 981 2657 1051 ἠγαπημένον
2700 982 2867 1035 αὑτοῦ
2924 982 3050 1036 Υίδν
3096 982 3187 1036 τὸν
3234 984 3436 1056 Κύριον
3485 987 3653 1057 ἡμῶν

2068 1073 2273 1157 Ἰησῃοξῦν
2300 1074 2391 1127 τὸν
2409 1074 2660 1147 Χριστὸν,
2698 1069 2757 1127 οὗ
2775 1077 2817 1109 δ’
2845 1077 2877 1147 ἡ
2910 1076 3034 1139 δόξα
3056 1076 3133 1146 τῷ
3162 1076 3279 1147 Θεῷ
3308 1078 3440 1149 (59),
3474 1079 3653 1151 φοϐή-

2056 1165 2176 1235 Οητί
2200 1184 2290 1217 σου
2312 1167 2399 1218 τὸν
2421 1167 2609 1239 ἄνδρα,
2640 1159 2685 1219 ὦ
2710 1167 2889 1235 γύναι,
2922 1171 3013 1222 καὶ
3034 1170 3478 1242 ἐντράπηθι(60),
3494 1171 3653 1243 αύτῷ

2059 1258 2204 1327 μόνῳ
2237 1258 2565 1327 ἀρέσκουσα,
2588 1260 2736 1330 αὐτῷ
2770 1261 3086 1332 ὑπάρχουσα
3118 1264 3407 1335 εὐάρεστος
3436 1266 3494 1317 ἐν
3524 1268 3651 1329 ταῖς

2056 1348 2349 1411 διακονίαις
2369 1349 2556 1413 αὑτοῦ,
2582 1351 2667 1403 ἴνα
2684 1352 2777 1405 κα).
2794 1353 2884 1405 ἐπὶ
2904 1355 2983 1405 σοὶ
3004 1354 3313 1426 μακαρισθῇ
3331 1356 3358 1407 6
3395 1356 3535 1426 ἀνὴρ
3556 1356 3653 1408 διὰ

2056 1443 2156 1511 τῆς
2188 1442 2373 1510 σοφίας
2400 1443 2498 1513 τῆς
2522 1441 2783 1514 λεγούσης
2810 1444 2895 1497 διὰ
2927 1444 3271 1515 Σολομῶντος
3308 1445 3451 1498 τάδε·
3483 1466 3501 1496 ι
3547 1448 3657 1499 Γυ-

2058 1536 2219 1587 ναῖκα
2248 1534 2494 1605 ἀνδρείαν
2522 1534 2606 1597 τίς
2634 1536 2885 1606 εὑρήσεις
2920 1536 3217 1619 τιμιωεέρα
3239 1536 3294 1589 δέ
3325 1538 3441 1589 ἐστι
3485 1537 3657 1591 λίθων

2061 1624 2363 1677 πολυτελῶν
2402 1628 2434 1695 ἡ
2471 1626 2724 1695 τοιαύτη·
2759 1626 2950 1698 θαρσεῖ
2977 1630 3062 1680 επ⁶
3096 1630 3290 1701 αύτῇἠ
3322 1630 3517 1702 καρδία
3553 1630 3655 1684 τοῦ

2062 1717 2251 1788 ἀνδρὸς
2279 1717 2447 1786 αὐτῆς
2469 1734 2481 1746 °
2514 1720 2546 1788 ὴ
2578 1717 2800 1788 τοιαύτη
2848 1718 3057 1772 σκύλων
3085 1721 3182 1772 ούκ
3216 1721 3481 1792 ἀπορήσει
3516 1720 3653 1791 (61)’

2062 1810 2391 1881 ἐνεργεῖγὰρ
2411 1809 2487 1879 τῷ
2518 1810 2669 1881 ἀνδρὶ
2707 1810 2887 1878 ἀγαθὰ
2942 1810 3082 1865 κατὰ
3140 1812 3317 1865 πάντα
3365 1812 3454 1866 τὸν
3502 1812 3654 1883 βίον·

2065 1904 2424 1974 μηρυσαμένη
2453 1904 2596 1974 ἔριον
2635 1904 2742 1973 (62)
2774 1904 2867 1956 καὶ
2895 1903 3057 1968 λίνον,
3090 1905 3342 1975 ἐποίησεν
3378 1904 3660 1978 εὔχρηστα

2061 1998 2180 2058 ταῖς
2205 1996 2389 2066 χερσὶν
2430 1995 2631 2064 αὐτῆς⁸
2678 1996 2893 2063 ἐγένετο
2934 1996 3008 2058 ὡς
3051 1995 3182 2059 ναῦς
3216 1998 3657 2069 ἐμπορευομένη,

2068 2088 2338 2159 μακρόθεν
2390 2088 2694 2155 συνάγουσα
2746 2087 2895 2158 αὐτῷ
2928 2088 3018 2140 τὸν
3056 2087 3201 2159 βίον·
3248 2091 3341 2141 καὶ
3366 2090 3655 2141 ἀνίσταται

2065 2181 2130 2232 ἐκ
2158 2179 2387 2240 νυκτῶν,
2425 2181 2519 2232 καὶ
2548 2179 2712 2232 ἔδωκε
2760 2179 3023 2251 βρώματα
3071 2180 3149 2251 τῷ
3194 2183 3346 2251 οἴκῳ,
3387 2182 3481 2234 καὶ
3515 2183 3658 2253 ἔργα

2064 2273 2187 2334 ταῖς
2215 2270 2598 2341 θεραπαίναις·
2626 2270 2950 2343 Θεωρήσασα
2982 2271 3247 2343 γεώργιον
3276 2273 3526 2343 ἐπρίατο,
3545 2273 3659 2326 ἀπὸ

2066 2363 2123 2415 ἃ
2152 2361 2380 2433 καρπῶν
2416 2362 2523 2416 τῶν
2551 2363 2747 2434 χειρῶν
2776 2364 2946 2433 αὐτῆς
2977 2364 3237 2434 ἐφύτευσε
3275 2366 3459 2437 κτῆμα
3479 2384 3493 2397 ’
3532 2368 3659 2420 ἀνα-

2068 2452 2360 2525 ζωσαμένη
2388 2454 2487 2525 τὴν
2516 2454 2687 2524 ὀσφὺν
2717 2454 2827 2525 (65)
2860 2455 3051 2525 αὐτῆς,
3084 2457 3268 2527 ἤρεισε
3295 2459 3423 2520 τοὺς
3450 2458 3655 2527 ἑαυτῆς

2072 2544 2379 2617 βραχίονας
2404 2547 2497 2598 καὶ
2509 2545 2769 2614 ἐγεύσατο
2791 2548 2871 2599 ὅτι
2893 2546 3053 2600 καλὸν
3075 2548 3134 2600 τὸ
3167 2548 3517 2619 ἐργάζεσθαι,
3559 2550 3660 2602 καὶ

2070 2636 2571 2690 ούκάποσϐέννυται
2593 2639 2620 2690 6
2638 2637 2829 2709 λύχνος
2841 2639 3011 2711 αὐτῆς
3032 2640 3156 2709 ὅλην
3180 2640 3275 2711 τὴν
3306 2640 3497 2693 νύκταο
3522 2643 3616 2693 τοὺ
3631 2658 3661 2703 ς

2072 2731 2267 2799 πήχεις
2287 2729 2457 2797 αὐτῆς
2478 2730 2704 2783 ἐκτείνει
2724 2732 2802 2791 είς
2826 2730 2893 2782 τὰ
2926 2732 3173 2802 χρήσιμα
3191 2730 3321 2802 (64),
3348 2730 3445 2795 τὰς
3462 2733 3656 2803 χεῖρας

2072 2821 2246 2890 αὐτῆς
2264 2821 2455 2891 ἐρείδει
2478 2824 2554 2883 είς
2573 2822 2858 2892 ἄτρακτον·
2873 2826 3060 2893 χεῖρας
3072 2823 3126 2876 δὲ
3144 2823 3313 2893 αὐτῆς
3328 2822 3558 2893 διήνοιξε
3572 2823 3667 2873 πέ-

2073 2932 2211 2985 νητι,
2236 2914 2515 2984 καρπὸνδέ
2537 2912 2764 2977 ἐξέτεινε
2801 2913 3003 2983 πτωχῷ
3022 2930 3036 2942 ⁸
3067 2915 3128 2966 ού
3160 2914 3431 2985 φροντίζει
3464 2914 3572 2967 τῶν
3601 2916 3665 2967 ἐν

2074 3008 2207 3076 οἴκῳ
2227 3007 2255 3058 6
2275 3006 2412 3077 ἀνὴρ
2441 3005 2613 3075 αὐτῆς
2635 3004 2766 3077 (65),
2790 3006 2987 3068 πάντες
3009 3006 3118 3076 γὰρ
3139 3007 3187 3058 οἱ
3210 3008 3339 3077 παρ’
3356 3007 3494 3077 αὐτῇ
3526 3008 3665 3059 εἰσιν

395 3112 577 3159 autem
613 3102 671 3155 ﬁt
699 3105 783 3157 vir
805 3104 973 3168 illius,
1006 3106 1225 3175 quando
1248 3108 1450 3162 sederit
1480 3108 1534 3162 in
1557 3124 1820 3166 consessu
1850 3126 1974 3165 cum

2080 3098 2251 3150 ἐνδεδυ
2261 3098 2407 3169 μένοι
2422 3096 2606 3160 δισσὰς
2620 3097 2829 3160 στολάςο
2848 3099 2939 3150 καὶ
2951 3097 3172 3167 χλαίνας
3184 3098 3404 3169 ἐποίησε
3418 3096 3494 3167 τῷ
3509 3097 3668 3169 ἀνδρὶ

394 3196 705 3251 senioribus
737 3197 931 3253 incolis
961 3216 975 3252 :
1004 3198 1264 3253 sindones
1293 3198 1438 3257 fecit.
1469 3209 1521 3253 et
1553 3202 1975 3258 vendiditl‘bm-

395 3287 630 3352 uicibus,
693 3297 747 3343 et
773 3290 991 3360 cingula
1028 3289 1352 3345 Chananaais
1385 3310 1396 3345 :
1432 3293 1659 3362 gloriam
1718 3303 1773 3349 et
1809 3296 1973 3351 deon-

399 3394 513 3435 rem
542 3383 739 3445 induit,
762 3384 1013 3437 etlzetata
1042 3391 1126 3437 est
1174 3383 1227 3437 in
1270 3384 1464 3440 diebus
1509 3387 1825 3443 novissimis
1860 3408 1873 3444 :
1909 3406 1972 3445 os

470 3498 515 3529 δ’
541 3496 577 3552 f.
608 3496 673 3550 δι’
704 3491 787 3562 οὗ,
820 3508 877 3552 ut
904 3498 1034 3569 legit
1064 3497 1262 3554 Bovius
1294 3500 1582 3570 interpres.
1660 3501 1714 3556 ⁵1
1747 3503 1872 3559 Cor.
1899 3508 2028 3567 ηδ

2081 3190 2270 3259 αὐτῆς,
2293 3192 2356 3242 ἐκ
2378 3189 2574 3259 βύσσου
2588 3190 2681 3243 καὶ
2695 3189 2981 3261 πορφύρας
2998 3188 3115 3241 ἐνδύ
3126 3206 3288 3260 ματα·
3306 3188 3666 3259 περίϐλεπτος

2079 3281 2133 3333 δὲ
2151 3282 2355 3349 γίνεται
2374 3282 2430 3335 ἐν
2452 3281 2685 3344 πύλαιςὸ
2708 3281 2845 3353 ἀνὴρ
2866 3282 3057 3351 αὐτῆς,
3082 3283 3245 3352 ήνίκα
3268 3282 3332 3335 ἂν
3352 3281 3587 3351 κάθηται
3606 3282 3667 3335 ἐν

2080 3372 2336 3444 συνεδρίῳ
2352 3374 2487 3444 μετὰ
2497 3374 2603 3427 τῶν
2616 3391 2719 3445 πρε
2727 3374 2883 3426 σϐυτέ
2889 3392 2997 3445 ρων
3008 3373 3112 3430 τῶν
3126 3373 3518 3427 κατοικούντων
3532 3373 3639 3442 (6η)
3648 3390 3661 3402 ·

1646 3639 2016 3699 VARIGRUM
2057 3642 2291 3701 NOTAE.

473 3749 594 3823 (58)
639 3751 892 3823 ὈγΘεός.
936 3752 993 3803 ὐ
1023 3751 1115 3804 ἐπὶ
1142 3752 1358 3805 πάντων
1395 3752 1544 3814 Θεός.
1592 3750 1829 3823 Uterque
1881 3771 1976 3809 co-

404 3819 528 3875 dex.
561 3819 713 3891 Quod
744 3824 845 3876 etsi
877 3838 1061 3874 verum
1104 3831 1209 3887 est,
1264 3832 1449 3891 posset
1488 3838 1609 3876 esse
1654 3819 1976 3879 ab_Ariana

406 3905 593 3961 manu,
618 3890 731 3961 sive
759 3892 1064 3960 scriptoris,
1100 3893 1213 3946 sive
1242 3890 1663 3961 interpolatoris.
1682 3893 1869 3961 _Ct.sn.

480 3960 592 4033 (59)
742 3963 785 4033 ἠγ
806 3957 951 4033 δςίξα
978 3961 1067 4033 τῷί
1090 3963 1229 4033 Θεῷ.
1284 3957 1432 4015 Alter
1463 3963 1622 4033 codd.
1672 3957 1979 4031 (Iacntissis

408 4031 613 4101 verbis,
649 4031 729 4094 τῳ
756 4031 894 4101 Θεῷ,
926 4032 1240 4101 quodforte
1266 4034 1480 4085 melius.
1516 4032 1592 4086 In.

413 4170 434 4224 1
485 4084 611 4172 (66)
645 4084 1019 4169 Ἐ’ντράσέηῦι.
1050 4084 1501 4173 Utroque.
1535 4084 1753 4157 additur
1792 4104 1954 4157 αὐτόν

438 4186 492 4224 υ.

438 4186 492 4227 D.

484 4240 599 4310 (lii)
642 4241 712 4295 Ἡ
735 4240 974 4309 τοιαύτη
1006 4242 1252 4296 σκύλων
1294 4243 1404 4295 οὐκ
1452 4240 1762 4308 ἀπορήσει.
1818 4242 1979 4298 ProV.

414 4329 567 4375 Iul,
601 4312 687 4365 H.
744 4310 999 4365 Hodierui
1067 4310 1207 4365 LXX
1268 4313 1494 4374 addunt,
1549 4313 1746 4377 καλῶν,
1792 4323 1983 4365 contra

413 4393 625 4451 textum
654 4381 1000 4443 Hebraicum,
1027 4392 1077 4435 et
1109 4396 1241 4438 mss.
1292 4382 1616 4435 Bibiothecae
1631 4379 1810 4451 Regia:
1859 4384 1982 4444 721,

412 4454 574 4507 2221.
610 4450 975 4517 Rectiusergo
1005 4454 1057 4505 in
1084 4461 1317 4505 tractatu
1349 4454 1413 4505 ad
1462 4450 1803 4505 ProverbiOr.
1831 4469 1983 4513 xxxx,

416 4523 505 4581 16.
545 4531 652 4577 etc.
686 4522 761 4576 De
803 4523 1019 4577 muliere
1057 4522 1214 4591 forti,
1262 4523 1532 4575 editiones
1581 4520 1639 4576 S.
1672 4522 1984 4587 Augustini,

416 4601 552 4646 tom.
583 4591 648 4649 Χ.
685 4608 851 4647 serm.
884 4592 974 4657 45,
1023 4593 1095 4647 De
1146 4593 1535 4661 diversis.cap.
1564 4592 1619 4652 4,
1653 4593 1982 4645 ostendunt:

418 4662 551 4747 Qui}:
582 4663 705 4747 talis
731 4673 831 4747 est,
862 4665 1045 4747 spoliis
1072 4661 1471 4747 trionjndigcbit,
1514 4676 1677 4747 quam
1720 4662 1989 4747 editiones

420 4730 479 4786 S.
502 4732 773 4788 Ambrosii
807 4730 941 4787 tom.
975 4732 1015 4785 ll
1050 4752 1062 4787 :
1092 4732 1237 4786 Talis
1288 4730 1434 4785 bonis
1477 4730 1659 4798 spoliis
1699 4748 1803 4784 non
1850 4732 1990 4784 indi-

426 4802 573 4869 ;ebit.
607 4802 742 4857 Cor.

492 4871 604 4941 (62)
643 4871 1048 4941 Μηρυσαμένη
1078 4874 1256 4939 ἔριον.
1305 4872 1362 4927 ln
1402 4872 1770 4936 codicellegio
1798 4869 1930 4923 2221
1973 4890 1986 4925 :

420 4942 696 5013 εὑραμένη
725 4943 1041 5013 ἔριαᾏριιοιιν
1061 4945 1214 4995 alteri
1239 4944 1515 5013 interpreti
1541 4960 1567 4993 ιι
1590 4941 1751 5013 LXX,
1772 4942 1988 5010 Aquila,

424 5010 770 5082 sytnjuacho,
790 5019 844 5065 et
865 5011 1233 5065 'I‘lieodotioue
1249 5010 1513 5075 tribuunt,
1532 5012 1786 5080 quodque
1810 5014 1992 5079 sequi-

421 5080 516 5137 tur
544 5080 601 5136 Β.
637 5082 996 5151 Augustinus.
1047 5083 1134 5136 ubi
1168 5099 1312 5148 mox,
1335 5085 1595 5137 vertendo
1622 5082 1883 5135 inveniens
1908 5082 1991 5132 la-

423 5168 569 5207 nam.
600 5151 776 5214 Nunc,
813 5153 1128 5223 μηρυομένη
1158 5152 1297 5222 ἔρια.
1351 5154 1407 5207 Si
1463 5163 1641 5223 autem
1690 5158 1993 5205 mutaretur

426 5240 461 5294 ρ
490 5223 544 5276 in
572 5239 622 5289 ν,
655 5237 775 5291 qua:
804 5222 999 5294 littera:
1026 5225 1252 5294 inniss.
1276 5226 1432 5278 valde
1458 5222 1644 5276 aﬂines
1670 5231 1818 5287 sunt,
1848 5229 1994 5294 esset

423 5291 569 5362 Quod
616 5292 970 5363 responderet
1008 5291 1247 5363 (ﬂebrzeo
1304 5304 1467 5352 run-11
1516 5295 1787 5363 quwsieit,
1834 5292 1995 5363 modo

424 5360 653 5433 veritate
675 5360 1019 5416 nitaturillud
1034 5362 1284 5432 Hcsycbii
1312 5360 1554 5433 μηνύειν,
1573 5362 1884 5433 κηρύσσειν,
1900 5360 1995 5429 ζη-

424 5432 698 5487 τεῖν.Νοη
724 5434 898 5488 ausim
932 5442 1109 5487 tamen
1158 5432 1455 5501 quidquam
1504 5432 1832 5496 immutare;
1883 5442 1995 5482 tum

428 5505 556 5572 quia
587 5506 701 5557 haec
727 5504 971 5572 acceptio
998 5503 1144 5555 verbi
1184 5503 1403 5571 μηνύειν
1427 5503 1686 5557 inusitata
1716 5509 1799 5572 est
1824 5518 1837 5566 ;
1879 5508 1992 5572 tum

471 5578 557 5627 uia
571 5574 782 5655 vulgata
810 5570 967 5654 lectio
982 5570 1203 5655 apparet
1232 5570 1622 5655 iu_Ambrosio,
1642 5574 1695 5625 in
1709 5570 1994 5655 Catenala‘irl

429 5591 557 5695 gnta
571 5591 782 5655 vulgata
810 5591 967 5627 IBCHO
982 5591 1203 5643 apparet
1232 5591 1282 5625 ΙΙΙ
1312 5591 1622 5634 nmmos"),
1642 5591 1695 5625 Ill
1709 5591 1994 5645 υίιιυιιίιξιιι

479 5645 747 5705 roverbta,
795 5653 849 5697 et
876 5646 927 5696 in
951 5660 1106 5709 mss.,
1132 5651 1244 5696 tum
1270 5643 1504 5711 denique
1532 5645 1659 5713 quia
1685 5658 1825 5709 saepe
1856 5637 1997 5692 LXX

433 5713 501 5833 pd
529 5728 748 5768 sensum
778 5714 950 5783 magis
987 5728 1151 5785 quam
1198 5713 1266 5767 ad
1296 5713 1518 5771 verbum
1552 5715 1993 5783 interpretantur.

456 5797 492 5833 ο

2152 3755 2266 3827 (65)
2285 3751 2404 3819 Τὴν
2426 3744 2816 3814 ὀσφύνοϋηυε
2843 3750 3004 3807 codd.
3055 3751 3206 3822 ἰσχύν
3227 3791 3242 3815 ,
3290 3751 3467 3805 minus
3500 3751 3664 3809 bene.

2080 3826 2248 3881 CLI-3R.

2155 3896 2267 3965 (64)
2307 3894 2599 3965 Χρήσιμα.
2659 3892 3030 3964 Συμφέροντα,
3087 3892 3277 3947 eodem
3323 3907 3511 3953 sensu,
3568 3895 3670 3949 sed

2085 3964 2305 4019 diverSo
2337 3980 2494 4020 sono.
2528 3964 2603 4017 In.

2130 4035 2267 4105 »(65)
2318 4037 2399 4087 Οὺ
2445 4031 2733 4105 φροντίζει
2778 4032 2899 4086 τῶν
2925 4032 2995 4086 ὲν
3022 4032 3229 4105 Οἷκφ-ιῦ
3270 4031 3424 4105 ἀνὴρ
3452 4032 3668 4105 αὐτῆς.

2083 4100 2299 4159 Οιίρῐιίίι
2316 4100 2596 4173 sequentia
2627 4104 2753 4155 ὅταν
2784 4120 2885 4155 που
2912 4103 3141 4173 χιονίζῃ.
3167 4100 3243 4155 lta
3260 4104 3461 4172 quippe
3482 4100 3672 4170 legen-

2087 4176 2239 4237 dum,
2274 4190 2371 4243 pro
2404 4173 2650 4244 χρονίζῃ.
2697 4173 2818 4225 Νοη
2850 4173 3060 4244 timebit
3079 4173 3273 4244 domui
3292 4190 3402 4225 sua:
3430 4190 3461 4226 a
3500 4174 3669 4244 [riga-

2090 4246 2237 4298 ribus
2270 4242 2717 4298 maerrem-1..
2747 4259 2898 4304 xm,
2928 4243 3020 4296 21.
3046 4243 3164 4296 Mox
3211 4242 3431 4296 additur
3452 4243 3667 4306 στολάς,

2092 4315 2479 4383 explicationis
2512 4314 2705 4381 gratia.
2742 4312 2879 4366 Male
2909 4322 3089 4366 autem
3115 4314 3167 4365 in
3195 4312 3532 4367 editiouibus
3560 4315 3671 4367 τῶν

2091 4385 2170 4449 0’,
2192 4385 2262 4439 ab
2288 4384 2618 4454 ἐνδεδυμένοι
2643 4383 2768 4445 εἰσί,
2798 4383 3345 4452 disjungiturt‘nsadg,
3365 4384 3671 4454 quam_dis-

2090 4455 2430 4523 junctionem
2472 4451 2723 4507 invenire
2777 4454 2942 4505 etiam
2983 4455 3151 4507 estin
3190 4451 3396 4523 catena
3428 4454 3492 4506 ad
3534 4451 3671 4523 Pro-

2092 4522 2299 4587 verbia,
2337 4525 2390 4576 in
2439 4534 2674 4577 tractatu
2714 4532 3015 4575 memorato
3032 4523 3107 4575 De
3142 4522 3359 4575 muliere
3404 4524 3536 4590 [orti
3567 4522 3672 4576 Su-

2093 4594 2339 4655 lomonis,
2367 4594 2421 4646 in
2442 4594 2702 4663 Gregorio
2732 4591 3071 4663 Nazianzeno
3086 4592 3434 4663 oratione“.
3454 4608 3507 4660 p.
3544 4593 3667 4645 18".

2090 4664 2379 4718 Ambrosio
2408 4664 2475 4715 ad
2508 4663 2665 4716 Luca}
2686 4676 2800 4723 xvi,
2832 4662 3504 4730 18,ctAugustiuo,scrm.
3561 4666 3669 4719 217

2091 4733 2167 4785 De
2199 4744 2445 4801 tempore.
2484 4731 2636 4785 Patet
2668 4747 2730 4785 ex
2768 4731 2961 4784 ordine
2998 4732 3673 4801 alphabeticotquo‘con-

2092 4813 2242 4857 stant
2286 4799 2376 4857 isti
2416 4802 2673 4855 versiculi
2716 4801 2908 4868 viginti
2939 4802 3047 4854 duo
3079 4803 3338 4868 postremi
3368 4799 3674 4852 Parabola-

2094 4888 2237 4926 rum.
2297 4872 2459 4927 Liber
2483 4873 2679 4940 Regius
2722 4871 2854 4923 2221
2914 4890 2926 4924 :
2972 4870 3313 4940 évésauuévot
3341 4870 3445 4921 εἰσὶ
3479 4868 3673 4929 δισσὰς

2096 4942 2289 5006 στολὰς
2321 4943 2414 4995 καὶ
2445 4934 2687 5010 χλαίνας,
2721 4949 2829 4994 etc.
2886 4934 3238 5003 versio;Eli-.e
3282 4939 3565 5010 Cretensis
3617 4955 3673 5010 in

2097 5011 2154 5066 S.
2186 5007 2794 5081 Gregorii'Nazianzeni
2844 5018 2986 5081 orat.
3030 5010 3125 5081 VH,
3171 5008 3445 5081 mutuli,
3482 5007 3676 5081 Dupli-

2094 5098 2201 5135 cem
2232 5078 2421 5135 stolam
2447 5099 2508 5133 ac
2539 5080 2784 5149 penulam
2824 5080 2945 5148 fecit
2990 5080 3099 5132 viro
3154 5095 3271 5132 suo.
3310 5078 3470 5144 ,Altcr
3501 5079 3673 5149 ('0ch

2092 5152 2235 5205 2265
2270 5172 2282 5205 :
2318 5147 2648 5221 ἐνδεδυμένοι
2678 5151 2784 5201 εἰσὶ
2821 5147 3007 5211 δισσὰς
3053 5149 3273 5221 χλαίνας
3304 5185 3319 5209 ,
3359 5156 3467 5201 etc.
3492 5147 3677 5221 _Apud

2094 5223 2417 5276 Cassianum
2465 5216 2757 5274 collatione
2796 5221 2881 5283 14,
2915 5216 3105 5288 ςειρζδ
3145 5239 3157 5273 :
3194 5218 3385 5272 Omnes
3417 5217 3557 5288 enim
3586 5216 3677 5285 qui

2096 5292 2233 5356 apud
2247 5308 2360 5344 eam
2379 5300 2523 5355 sinit,
2548 5291 2717 5343 vestiti
2746 5301 2867 5342 sunt
2897 5287 3197 5356 dupliciter.
3216 5288 3396 5355 Regia:
3416 5287 3673 5341 Bibliotli.

2096 5363 2217 5417 cod.
2249 5361 2386 5415 1609
2430 5381 2442 5415 :
2477 5360 2869 5413 ἐνδιδύσκονται
2908 5360 3084 5419 δισσὰ,
3117 5358 3303 5419 δισσὰς
3346 5356 3539 5418 στολὰς
3584 5356 3677 5407 καὶ

2095 5432 2330 5502 χλαίνας.
2363 5429 2506 5483 Idem
2540 5446 2642 5502 ms.
2673 5431 2925 5502 νοτε-507
2957 5448 2974 5502 ι
3012 5429 3238 5502 μάταιον
3268 5425 3461 5502 καλλος
3482 5442 3677 5502 μγυναι-

2097 5496 2191 5564 κὸς
2217 5503 2317 5554 οὐκ
2350 5502 2465 5553 ἔστι
2494 5499 2646 5570 παρὰ
2676 5500 2777 5551 σοί.
2829 5498 2931 5553 Ubi
2965 5496 3025 5551 in
3051 5499 3238 5553 multis
3274 5496 3432 5549 libris
3477 5496 3539 5546 ὲν
3573 5496 3676 5548 σοί.

2096 5573 2231 5627 Cor.
3395 5627 3399 5632 .

2170 5640 2285 5710 (66)
2326 5640 2792 5693 Κατοιχούντων.
2825 5638 2988 5691 Addit
3016 5639 3153 5691 alter
3180 5636 3349 5690 codex
3379 5634 3545 5689 Vind.
3581 5634 3685 5705 τῆς

2098 5712 2221 5783 γῆς,
2246 5712 2389 5781 quod
2424 5710 2666 5766 Hebraeis
2691 5710 2963 5765 convenit.
2991 5711 3162 5764 (ἐιιει.
