3884 6180
235 290 333 347 581

1162 283 1769 343 CONSTlTUTlONES
1807 283 2493 342 APOSTOLICE.—LTB.
2529 283 2573 342 1.

3392 288 3501 345 582

231 410 473 474 σινδόνας
489 409 733 480 ἐποίησε,
750 409 842 463 καὶ
855 408 1082 462 ἀπέδοτο
1100 412 1211 471 τοῖς
1225 410 1443 473 Φοίνιξι,
1468 410 1807 482 περιζώματα

1928 428 2090 467 suum
2143 412 2418 482 sapienter
2451 425 2514 465 ac
2546 411 2645 465 rite
2680 409 2922 479 aperuit,
2959 414 3015 463 et
3042 404 3289 462 ordinem
3316 400 3501 475 posuil

225 502 282 555 δὶ
303 505 418 566 τοῖς
449 501 773 564 Χαναναίοις
792 517 804 530 ·
838 498 995 564 δόξαν
1040 502 1135 553 καὶ
1154 502 1484 571 εὐπρέπειαν
1514 502 1817 565 ἐνεδύσατο,

226 594 323 647 καὶ
367 592 646 665 εὐφράνθη
694 593 752 646 ἐν
797 592 1035 662 ἡμέραις
1083 592 1375 663 ἐσχάταις’
1432 592 1607 661 στόμα
1649 593 1821 660 αὐτῆς

223 685 458 755 διήνοιξε
488 686 667 755 σοφῶς
687 685 780 737 καὶ
801 684 1181 754 προσηκόντως
1211 684 1342 753 (67),
1364 686 1457 738 καὶ
1474 684 1623 748 τάξιν
1650 685 1821 736 ἐστεί-

222 775 357 831 λατο
404 780 470 849 τῇ
522 776 742 848 γλώσσῃ
788 776 979 846 αὐτῆς.
1013 777 1241 843 Στεγναὶ
1292 776 1349 829 δὲ
1405 776 1515 847 (68)
1552 776 1822 847 διατριϐαὶ

220 870 390 921 οῖκων
428 869 619 938 αὐτῆς,
667 870 788 920 σῖτα
829 867 885 920 δὲ
922 867 1129 939 ὀκνηρά
1166 868 1265 920 οὐκ
1312 866 1514 936 ἔφαγε·
1558 867 1619 920 τὸ
1648 868 1820 938 στόμα

220 957 400 1029 αὐτῆς
428 958 630 1022 ἀνοίξει
660 958 839 1029 σοφῶς
869 959 964 1012 καὶ
994 959 1255 1029 ἐννόμως,
1288 957 1478 1028 θεσμοὶ
1509 958 1565 1011 δέ
1596 958 1822 1030 ἐλεημο-

224 1049 395 1120 σύνης
411 1050 518 1122 (69)
535 1054 630 1104 ἐπὶ
649 1052 749 1121 τῆς
767 1051 1017 1121 γλώσσης
1035 1051 1224 1120 αὐτῆς·
1248 1050 1550 1120 ἀνέστησαν
1571 1050 1639 1103 τὰ
1656 1051 1819 1104 τέκνα

221 1142 421 1213 αὐτῆς,
455 1144 547 1196 καὶ
567 1143 947 1213 πλουτήσαντα
968 1144 1163 1213 ᾔνεσαν
1188 1141 1378 1212 αὐτὴν,
1402 1143 1540 1195 καὶὸ
1565 1141 1703 1213 ἀνὴρ
1723 1144 1820 1195 αὐ-

219 1233 325 1302 τῆς
339 1233 600 1305 ἐπῄνεσεν
610 1236 797 1305 αὐτήν·
821 1234 1017 1287 Πολλαὶ
1034 1232 1327 1303 Θυγατέρες
1346 1234 1642 1303 ἐκτήσαντο
1657 1232 1819 1285 πλοῦ-

218 1341 336 1385 τον,
362 1325 555 1378 πολλαὶ
580 1325 690 1397 (70)
721 1327 986 1396 ἐποίησαν
1026 1326 1252 1395 δύναμιν
1271 1341 1284 1354 ⁸
1324 1326 1388 1377 σὺ
1418 1324 1474 1377 δὲ
1494 1325 1817 1394 ὐπέρκεισαι

221 1416 319 1470 καὶ
366 1417 651 1489 ὑπερῆρας
679 1419 878 1480 πάσας.
910 1417 1137 1479 Ψευδεῖς
1157 1417 1438 1487 ἀρέσκειαι
1468 1417 1562 1469 καὶ
1592 1417 1818 1487 μάταιον

218 1509 418 1572 κάλλος
438 1510 693 1577 γυναικὸς
725 1510 798 1581 μὴ
821 1510 959 1563 ἔστω
992 1525 1091 1561 σοι·
1124 1509 1260 1578 γυνὴ
1287 1509 1395 1579 γὰρ
1415 1508 1643 1580 εὐσεϐὴς
1668 1508 1818 1562 εὐλο-

219 1605 422 1670 γεῖται,
458 1602 619 1671 φόϐον
638 1602 694 1655 δὲ
724 1602 929 1673 Κυρίου
967 1600 1104 1672 αὐτὴ
1126 1600 1343 1653 αἰνείτω
1368 1600 1502 1671 (71).
1529 1601 1655 1653 Δότε
1676 1601 1814 1672 αὐτῇ

219 1692 333 1745 ἀπὸ
360 1692 589 1763 καρπῶν
609 1692 829 1763 χειλέων
872 1693 1065 1762 αὐτῆς,
1105 1693 1199 1745 καὶ
1242 1692 1498 1746 αἰνείσθω
1533 1694 1590 1747 ἐν
1618 1693 1813 1757 πύλαις

1924 504 2123 573 linguae
2148 519 2296 569 suae;
2331 510 2576 574 angusta:
2601 511 2781 555 autem
2809 501 3017 555 semita:
3046 498 3242 552 mdium
3272 496 3416 565 ejus.
3447 508 3501 551 et

1923 596 2079 651 cibos
2104 596 2290 667 pigros
2320 612 2428 650 non
2453 596 2690 650 comedit
2716 614 2728 648 :
2759 610 2823 649 os
2856 609 3015 649 suum
3048 592 3256 660 aperiet
3284 590 3501 659 sapien—

1923 694 2008 741 ter
2037 703 2102 742 ac
2124 688 2381 758 legitime,
2421 695 2475 742 et
2521 687 2668 757 leges
2712 685 2779 741 de
2834 685 3181 755 eleemosyna
3231 682 3286 735 in
3319 681 3499 749 lingua

1921 781 2064 849 ejus.
2102 779 2473 835 Surrexerunt
2497 781 2590 834 lilii
2630 779 2772 848 ejus,
2806 787 2862 833 et
2881 779 3037 832 ditati
3068 774 3501 847 prmdicaverunt

1921 888 2065 937 eam,
2106 880 2161 926 et
2184 873 2270 926 vir
2297 871 2417 941 ejus
2441 872 2680 925 laudavit
2706 871 2853 923 illam
2885 889 2897 924 :
2928 868 3109 922 Multae
3154 866 3276 920 (ilia:
3321 866 3500 933 acqui-

1921 965 2131 1019 sierunt
2159 964 2401 1027 divitias,
2425 964 2607 1017 multae
2629 962 2879 1016 fecerunt
2900 961 3155 1015 virtutem
3190 977 3202 1011 :
3231 964 3287 1010 tu
3318 964 3500 1010 autem

1921 1055 2151 1117 emines,
2176 1064 2231 1109 et
2266 1056 2555 1110 universas
2586 1070 2647 1109 es
2680 1067 3058 1123 supergressa.
3096 1048 3279 1103 Fallax
3304 1048 3499 1119 gratia,

1920 1155 1975 1201 et
2011 1162 2150 1200 vana
2180 1147 2532 1217 pulchritudo
2560 1147 2807 1200 mulieris
2829 1160 2897 1199 ne
2937 1145 3009 1198 sit
3033 1143 3129 1197 tibi
3165 1162 3178 1197 :
3215 1157 3341 1195 nam
3380 1156 3495 1193 mu-

1921 1237 2022 1292 lier
2050 1240 2304 1309 religiosa
2332 1238 2720 1304 benedicetnr;
2756 1237 3007 1291 timorem
3054 1240 3236 1287 autem
3285 1230 3498 1288 Domini

1921 1329 2038 1399 ipsa
2066 1331 2267 1385 laudet.
2295 1329 2427 1385 Date
2451 1330 2500 1383 ei
2527 1330 2595 1385 de
2632 1328 2903 1383 fructibus
2938 1326 3210 1383 labiorum
3264 1325 3406 1393 ejus,
3444 1334 3500 1379 et

1920 1421 2173 1477 laudetur
2193 1423 2248 1476 in
2278 1423 2453 1491 portis
2494 1422 2578 1475 vir
2612 1423 2814 1476 illius“.
2838 1438 2859 1473 ›
2880 1419 2944 1473 Ει
2971 1420 3205 1485 iterum;
3256 1436 3274 1467 ι
3307 1415 3500 1471 Mulier

1920 1511 2101 1574 fortis,
2135 1528 2341 1568 corona
2372 1514 2492 1567 viro
2523 1515 2698 1569 suo".
2723 1530 2741 1562 ι
2765 1511 2829 1566 Ει
2856 1525 3049 1565 rursus
3076 1529 3091 1565 :
3128 1528 3146 1560 ‹
3181 1508 3359 1563 Multae
3382 1523 3500 1563 mu-

1918 1606 2079 1661 lieres
2108 1605 2449 1660 azdificarunt
2478 1604 2755 1659 domum".
2784 1623 2804 1656 ι
2837 1602 3107 1657 Audiistis
3137 1616 3278 1672 quas
3306 1600 3498 1655 laudes

1918 1698 2115 1751 mulier
2139 1696 2337 1767 pudica
2366 1703 2421 1751 ct
2445 1696 2550 1750 viri
2582 1696 2831 1750 studiosa
2863 1710 2891 1747 a
2917 1694 3149 1748 Domino
3175 1692 3287 1747 Deo
3332 1692 3495 1748 ferat.

214 1785 247 1836 ὁ
275 1784 418 1856 ἀνὴρ
447 1784 635 1854 αὐτῆς.
668 1804 686 1837 ι
717 1786 826 1838 Καὶ
870 1785 1048 1839 πάλινο
1089 1804 1107 1834 ι
1144 1784 1284 1855 Γυνὴ
1314 1784 1530 1856 ἀνδρεία
1553 1784 1807 1854 στέφανος

1919 1785 1980 1841 Si
2014 1789 2096 1842 vis
2129 1787 2306 1842 ﬁdelis
2345 1797 2399 1841 et
2443 1796 2669 1857 accepta
2716 1802 2840 1841 esse
2894 1786 3147 1850 Domino,
3197 1801 3230 1839 o
3275 1785 3496 1847 mulier,

216 1876 298 1947 τῷ
326 1874 483 1947 ἀνδρὶ
509 1878 696 1948 αὐτῆς.
728 1897 745 1927 ι
779 1878 887 1929 Καὶ
926 1876 1105 1929 πάλιν·
1144 1896 1161 1927 ι
1192 1876 1390 1929 Πολλαὶ
1420 1877 1529 1947 (72)
1558 1879 1815 1945 γυναῖκες

216 1967 577 2039 ᾠκοδόμησαν
629 1963 794 2022 οἷκον.
827 1988 845 2020 ι
880 1968 1251 2039 Μεμαθήκατε
1279 2006 1294 2030 ,
1363 1968 1520 2020 ὁποῖα
1562 1967 1813 2039 ἐγκώμια

216 2059 359 2130 γυνὴ
390 2057 622 2131 σώφρων
641 2060 734 2112 καὶ
755 2059 1036 2130 φίλανδρος
1063 2058 1325 2130 λαμϐάνει
1353 2058 1460 2111 ἀπὸ
1486 2059 1690 2130 Κυρίω
1717 2058 1812 2112 τοῦ

214 2148 376 2203 Θεοῦ.
410 2151 477 2203 Εἰ
507 2151 674 2221 πιστὴ
704 2152 798 2203 καὶ
820 2149 1030 2222 ἀρεστὴ
1058 2151 1247 2221 Κυρίῳ
1269 2149 1443 2220 βούλει
1463 2145 1621 2212 εἷναι,
1649 2141 1693 2201 ὦ
1716 2149 1815 2218 γύ-

216 2258 330 2304 ναι,
366 2240 442 2313 μὴ
472 2241 811 2305 καλλωπίζου
833 2242 927 2293 ἐπὶ
953 2240 1031 2310 τῷ
1060 2241 1311 2312 ἀρέσκειν
1331 2259 1388 2293 σε
1410 2240 1705 2313 ἀλλοτρίοις
1722 2244 1815 2298 ἀν-

212 2332 400 2405 δράσι,
436 2334 571 2405 μηδὲ
597 2334 666 2388 τὰ
686 2335 787 2404 τῆς
818 2334 1228 2405 ἑταιριζομένης
1257 2334 1697 2407 ἐμπλέγματα,ἢ
1726 2339 1812 2389 ὲν-

213 2426 457 2499 δύματα,
484 2427 517 2497 ἢ
549 2428 837 2498 ὐποδήσεις
860 2426 1026 2498 μιμοῦ
1061 2430 1266 2498 φορεῖν,
1297 2427 1389 2479 ἐπὶ
1419 2427 1478 2479 τὸ
1508 2428 1811 2497 ὑπάγεσθαί

218 2536 281 2573 σε
306 2520 440 2583 τοὺς
467 2521 545 2582 είς
588 2518 656 2572 τὰ
695 2518 918 2572 τοιαῦτα
949 2519 1422 2589 παγιδευομένους.
1468 2521 1579 2573 Καὶ
1606 2520 1715 2592 γὰρ
1763 2524 1812 2575 εἰ

218 2612 286 2665 σὺ
312 2611 418 2664 οὐκ
438 2610 532 2662 ἐπὶ
550 2610 610 2664 τὸ
636 2610 967 2682 ἁμαρτάνειν
994 2608 1167 2663 ταῦτα
1203 2613 1373 2673 ποιεῖς
1411 2610 1477 2664 τὰ
1515 2610 1683 2681 μύση,
1719 2613 1811 2665 ἐπὶ

211 2702 273 2755 δὲ
300 2700 366 2755 τὸ
397 2702 556 2773 μόνον
583 2702 1039 2766 καλλωπίζεσθαι,
1082 2702 1188 2754 οὐδ’
1238 2700 1410 2764 οὕτως
1446 2701 1682 2773 ἐκφεύξῃ
1714 2701 1811 2773 τὴν

211 2792 376 2863 δίκην
406 2795 487 2856 είς
521 2793 589 2845 τὰ
628 2793 763 2864 μετά
806 2792 1002 2856 ταῦτα,
1052 2794 1408 2861 ἁναγκάσασα
1455 2796 1810 2867 ἐπενεχθῆναί

215 2883 303 2936 σοί
322 2900 467 2945 τινα,
498 2885 577 2947 εἰς
594 2882 655 2936 τδ
682 2883 1021 2955 ἐπιθυμῆσαί
1069 2901 1183 2945 σου,
1230 2886 1323 2938 καὶ
1371 2885 1445 2957 μὴ
1482 2888 1677 2959 ἑαυτὴν
1712 2907 1811 2958 φυ-

212 2974 431 3039 λάξασα
459 2974 552 3029 ἐπὶ
576 2976 639 3028 τὸ
672 2977 808 3046 μήτε
840 2992 899 3027 σε
933 2976 1223 3028 ὑποπεσεῖν
1254 2977 1517 3048 ἁμαρτία,
1554 2980 1690 3050 μήτε
1714 2980 1810 3050 μὲν

1915 1879 2026 1933 noli
2060 1886 2112 1933 te
2139 1893 2359 1940 ornare,
2384 1893 2494 1947 quo
2518 1879 2710 1933 alienis
2727 1878 2857 1931 viris
2881 1878 3139 1947 placeas;
3173 1892 3349 1946 neque
3376 1892 3492 1929 me-

1915 1971 2132 2025 retricis
2162 1970 2337 2024 cirros
2368 1977 2463 2024 aut
2514 1971 2834 2025 vestimenta
2869 1976 2962 2022 aut
3010 1970 3226 2023 calceos
3273 1968 3491 2021 imitare

1915 2076 1979 2115 ac
2012 2068 2186 2131 gesta,
2218 2068 2277 2114 ut
2298 2078 2392 2116 eos
2414 2076 2553 2134 quos
2578 2062 2681 2116 ista
2723 2060 3002 2123 irrctiunt,
3041 2059 3109 2113 ad
3154 2066 3209 2114 te
3259 2060 3490 2115 allicias.

1916 2151 2024 2207 Sed
2051 2159 2105 2207 et
2129 2154 2378 2223 quamvis
2408 2153 2523 2207 inec
2550 2152 2752 2224 ﬂagitia
2781 2168 2888 2206 non
2917 2152 2985 2205 ad
3026 2160 3311 2221 peccatum
3342 2149 3491 2205 desi-

1914 2261 2068 2317 gnes,
2094 2246 2189 2301 sed
2214 2245 2591 2299 tantummodo
2618 2246 2684 2298 ad
2712 2245 2949 2308 cultum;
2980 2256 3157 2311 neque
3180 2242 3261 2295 sic
3282 2241 3496 2319 futuras

1913 2352 2104 2406 pinnas
2133 2336 2381 2407 ell‘ugies,
2429 2352 2551 2407 quae
2592 2336 2903 2405 quempiam
2953 2334 3021 2387 ad
3066 2333 3143 2386 tui
3178 2332 3493 2403 cupidinem

1914 2428 2221 2495 induxeris,
2268 2437 2321 2483 et
2361 2444 2469 2482 non
2508 2430 2722 2483 caveris
2773 2438 2851 2491 ut,
2905 2442 3083 2496 neque
3136 2428 3191 2480 in
3234 2426 3492 2480 delictum

1913 2520 2030 2592 ipsa
2062 2521 2356 2579 incideres.
2398 2537 2576 2591 neque
2622 2522 2713 2575 alii
2764 2521 2819 2574 in
2871 2519 3215 2575 scandalum.
3246 2517 3403 2585 Quod
3444 2519 3491 2573 si

1916 2613 2142 2682 teipsam
2175 2612 2424 2667 dedendo
2456 2628 2679 2683 pecces;
2711 2624 2763 2666 et
2787 2610 2905 2681 ipsa
2935 2609 3238 2680 dciiquisti,
3270 2618 3324 2664 et
3371 2610 3493 2664 ani-

1912 2720 2016 2758 mae
2054 2704 2295 2759 hominis
2341 2706 2488 2761 illius
2521 2720 2614 2759 rea
2652 2721 2711 2760 es
2750 2704 2893 2759 facta
2923 2723 2935 2758 :
2963 2705 3157 2759 deinde
3200 2710 3493 2774 postquam

1911 2812 2036 2851 cum
2060 2814 2168 2852 uno
2185 2798 2496 2863 oil‘enderis,
2514 2799 2669 2869 quasi
2695 2799 2862 2853 semel
2885 2799 3086 2853 amissa
3119 2813 3235 2867 spe,
3261 2798 3327 2851 ad
3353 2798 3492 2852 alios

1913 2907 2106 2947 rursus
2131 2892 2251 2946 sine
2278 2892 2487 2947 doloris
2516 2908 2683 2947 sensu
2716 2890 3006 2956 dellectes;
3038 2889 3181 2945 sicut
3208 2890 3284 2943 ait
3302 2903 3489 2944 sermo

1911 2981 2131 3040 divinus
2159 3001 2171 3036 :
2208 3003 2227 3035 ι
2264 2985 2400 3039 Cum
2432 2987 2640 3040 venerit
2672 2985 2871 3054 impius
2902 2983 2957 3037 in
2988 2983 3320 3054 profundum
3371 2998 3488 3035 ma-

212 3064 440 3138 ιτέρους
471 3066 768 3137 σκανδάλῳ.
801 3067 863 3119 Εἰ
882 3066 938 3118 δὲ
960 3067 1296 3137 ἁμαρτήσεις
1327 3067 1551 3122 ἐνδοῦσα
1586 3070 1803 3142 ἑαυτὴν,

1917 3075 2085 3129 lorum
2107 3116 2122 3141 ,
2174 3080 2507 3142 contemnit;
2544 3077 2857 3146 supervenit
2886 3084 3067 3128 autem
3099 3075 3145 3128 ei
3186 3073 3485 3143 ignominia

214 3157 314 3209 καὶ
361 3159 426 3212 σύ
462 3157 911 3229 ἐπλημμέλησας,
962 3158 1213 3210 κάκείνου
1257 3157 1440 3230 ἔνοχος
1482 3160 1582 3231 τῆς
1623 3161 1804 3232 ψυχῆς

1917 3175 1963 3223 et
1992 3171 2348 3239 opprobrium
2368 3171 2410 3225 ⁸.
2444 3191 2463 3223 ι
2490 3169 2812 3239 Hujusmodi
2839 3170 2983 3223 enim
3009 3170 3205 3224 mulier
3226 3168 3489 3237 deinceps

213 3247 409 3313 ἐγένου
431 3266 445 3279 ·
480 3245 599 3303 εἶτα
620 3249 988 3320 ἀμαρτήσασα
1017 3249 1101 3318 ἐφ’
1132 3249 1232 3314 ἐνὶ,
1267 3248 1455 3324 ὥσπερ
1488 3252 1801 3321 ἀπογνοῦσα

1906 3262 2201 3317 crudeliter
2230 3263 2505 3327 sauciata,
2536 3263 2748 3317 animas
2779 3262 3157 3331 insipientium
3203 3261 3480 3330 illaqueat.

297 3404 323 3437 ⁸
355 3402 517 3459 Prov.
544 3417 694 3460 χιιι.
735 3404 920 3463 10-51.
1001 3408 1045 3440 ⁸⁸
1078 3409 1236 3469 Prov,
1275 3431 1375 3476 χιι,
1404 3417 1457 3472 4,
1533 3410 1553 3440 ’⁷
1580 3408 1743 3462 Prov.
1780 3422 1807 3461 ι

1920 3412 1971 3465 l.
2047 3410 2069 3442 ⁸
2095 3409 2256 3470 Prov.
2283 3430 2440 3480 xvm,
2477 3416 2528 3475 5.

1492 3553 1857 3611 νΑιιιΟιιυΜ
1897 3554 2128 3611 NOTAE.

286 3728 401 3801 (67)
439 3730 635 3801 Στόμα
654 3728 865 3801 καύτῆς
884 3727 1180 3801 Ϋδιήνοιξε,
1195 3748 1250 3785 κ.
1268 3747 1317 3782 τ.
1336 3730 1383 3801 λ.
1403 3728 1468 3782 Et
1486 3739 1605 3801 post
1625 3748 1793 3785 unum

215 3799 747 3871 versumﬁbctépa
774 3800 946 3871 αὐτῆς
976 3799 1175 3864 ἀνοίξει
1196 3800 1385 3871 ,σοφῶς
1411 3799 1504 3853 καὶ
1532 3801 1790 3871 ἐννόμως,

212 3870 411 3941 θεσμοὶ
521 3869 887 3941 ἐλεημοσύνης
915 3871 1006 3922 ἐπὶ
1032 3871 1128 3940 τῆς
1158 3870 1406 3938 γλώσσης
1435 3869 1796 3941 αὐτῆςςβιιὶθ

214 3939 354 3999 sunt
402 3939 749 4008 ejusdem26
777 3941 1033 3994 versiculi
1070 3939 1576 4010 interpretationes.
1639 3940 1794 3995 Unde

211 4011 390 4069 editio
441 4010 846 4079 Complutensis
897 4010 1058 4064 habet
1099 4011 1461 4072 solummodo,
1526 4011 1696 4079 στόμα
1740 4011 1797 4063 δὲ

211 4080 392 4168 αὐτῆς
422 4079 625 4165 ἀνοίγει
653 4080 832 4168 σοφῶς
854 4081 952 4166 ριαὶ
981 4080 1351 4168 νομοθέσμως,
1397 4082 1430 4151 ἡ
1474 4080 1529 4133 δὲ
1574 4080 1798 4168 ἐλεημο-

216 4154 361 4233 σύνη
390 4150 563 4230 αὐτῆς
590 4151 647 4201 ἐν
672 4154 746 4273 τῃ
769 4150 985 4231 γλώσσῃ
1017 4150 1207 4219 αὐτῆς.
1257 4151 1512 4233 Clemens
1560 4150 1798 4235 Alexan-

210 4219 535 4277 drinusllb.
594 4234 655 4273 ιιι
749 4220 1003 4289 aedagogi,
1051 4236 1173 4289 cap.
1218 4220 1307 4283 ll,
1351 4236 1403 4289 p.
1444 4220 1596 4275 250:
1669 4221 1800 4282 Ητις

213 4289 584 4370 σῖταρρινηρά
613 4290 715 4370 οὑξ
744 4289 961 4370 ἔφαγεν.
994 4289 1199 4370 Θεσμοὶ
1223 4290 1279 4343 δὲ
1309 4289 1675 4370 ἐλεημοσύνης
1707 4290 1800 4370 ἐπὶ

209 4366 282 4433 τῇ
314 4358 534 4444 γλώσσῃ
570 4359 768 4444 αὐτῆς.
804 4360 960 4444 ’Ἡτις
1005 4359 1066 4444 τὸ
1109 4358 1296 4444 στόμα.
1330 4358 1499 4444 αὐτῇς
1542 4358 1802 4444 διήνριξεν

213 4429 405 4501 σόφῶς
432 4429 531 4483 καὶ
566 4429 830 4511 ἐννόμωςς
880 4429 948 4552 ης
976 4430 1043 4481 τά
1087 4429 1249 4510 τέκνα
1282 4431 1621 4501 ἐμακάρισαν
1654 4431 1803 4482 ἀνισ-

213 4502 547 4573 τάμεναηΛῑ
601 4499 1031 4573 m_Bibli_otiec_a
1053 4514 1227 4573 _regv_a
1280 4500 1448 4573 codex
1498 4499 1640 4573 72l,_
1678 4509 1800 4568 post

212 4568 547 4641 Χαναναίοις
569 4569 739 4641 ponit,
754 4570 926 4640 στόμα
948 4569 1117 4641 αὐτῆς
1134 4568 1803 4641 διήνοιξενπροσεχόντως,

214 4643 314 4696 καὶ
346 4639 497 4703 τάξιν
527 4638 800 4693 ἐστείλατο
826 4638 891 4710 τῇ
922 4638 1141 4710 γλώσσῃ
1171 4638 1359 4710 αὐτῆς.
1392 4638 1565 4709 ’ἰσχὺν
1586 4638 1687 4710 ίκαὶ
1718 4640 1807 4691 εὐ-

214 4711 511 4777 πρέπειαν,
542 4720 672 4770 etc.,
723 4709 961 4776 στεγναὶ,
1011 4709 1137 4763 etc.
1182 4709 1401 4777 ἔφαγεν.
1484 4709 1805 4777 Ἀνέστησαν

210 4778 386 4835 τέκνα
414 4779 587 4847 αὐτῆς
619 4780 711 4832 καὶ
748 4779 1104 4849 ἐπλούτησαν.
1154 4778 1335 4834 Codex
1385 4778 1517 4832 2221
1564 4798 1575 4832 :
1624 4780 1806 4830 Xava-

214 4851 435 4936 ναίοις..
462 4849 637 4936 ’ἰσχὺν
667 4850 759 4936 διαὶ
787 4850 1138 4936 εὐπρέπειαν,
1169 4858 1300 4936 etc?
1326 4849 1599 4936 ἐσχάταις.
1624 4849 1804 4936 Στόμα

213 4921 273 4975 δὲ
299 4919 476 4989 αὐτῆς
504 4918 734 4988 διήνοιξε
765 4918 1165 4989 προσεχόντως·
1202 4920 1295 4972 καὶ
1342 4918 1494 4983 τάξιν
1530 4919 1805 4989 ἐστείλατο

314 4937 476 4988 ιυτης
504 4937 734 4988 οιηνοιςε
765 4937 805 4971 π
844 4937 1165 4989 οσεχοντως·
1202 4937 1295 4972 και
1342 4937 1494 4983 ταςιν
1530 4937 1804 4971 εστειΑατο

314 4987 537 5059 γλώσσῃ
568 4989 757 5058 αὐτῆς.
790 4937 1035 5056 ἕτεγναὶ,
1066 4997 1197 5052 etc.,
1219 4989 1439 5059 ἔφαγεν.
1488 4989 1707 5058 Ἀνέστη
1737 4988 1804 5041 τά

314 5008 537 5059 γλώσσῃ
568 5008 757 5058 αυτης.
790 5008 1035 5056 ιτεγναι,
1066 5008 1197 5052 etc.,
1219 5008 1244 5041 ε
1290 5008 1439 5057 αγεν.
1500 5008 1707 5058 Ανεστη
1737 5008 1800 5041 τα

213 5008 386 5114 ﬂava
431 5059 604 5128 αὐτῆς
649 5060 744 5111 καὶ
788 5060 984 5130 ⁴ᾔνεσαν
1034 5008 1314 5130 αὐτήντϊιι
1341 5060 1572 5113 Melissa:
1603 5059 1695 5113 lib.
1727 5074 1800 5130 ll,

218 5146 389 5202 serm.
432 5130 501 5183 ’55
536 5147 549 5182 :
596 5128 990 5202 Στόμααύτῆς
1028 5128 1261 5202 (armis:
1294 5130 1665 5202 προσεχόντως
1708 5128 1803 5202 παὶ

217 5199 482 5270 ἐννόμως,
528 5199 622 5270 x1).
664 5199 816 5263 τάξιν
870 5198 1170 5251 ἐνετείλατο
1220 5202 1287 5270 τῇ
1335 5198 1798 5270 γλώσσῃῄλαύτῆς.

216 5267 521 5337 Gregorius
550 5267 927 5324 Nazianzenus
952 5271 1200 5323 oratione
1234 5267 1300 5323 ιε
1331 5267 1355 5322 ;“
1385 5269 1479 5332 Τίς
1517 5267 1668 5332 τάξιν
1704 5268 1799 5321 οὖ-

215 5357 330 5402 τως
359 5337 633 5410 ἐστείλατο
660 5339 909 5410 χείλεσιν.
937 5338 1178 5408 Denique
1207 5339 1260 5393 in
1284 5339 1560 5409 Opusculo
1590 5340 1653 5392 de
1685 5356 1801 5410 mu-

221 5410 352 5464 liere
382 5409 511 5476 forti
544 5408 742 5480 legitur
762 5410 1062 5472 duntaxat,
1112 5410 1255 5480 apud
1293 5408 1640 5465 Ambrosium
1676 5427 1687 5462 :
1726 5408 1799 5462 Os

220 5495 381 5535 suum
423 5480 590 5546 aperit
641 5481 748 5549 (vel
793 5480 1017 5547 aperuit)
1042 5481 1299 5547 sapienter
1344 5491 1394 5533 et
1436 5480 1695 5548 legatiter,
1742 5488 1799 5549 ut

218 5550 398 5622 gratia
424 5550 538 5618 ejus
559 5548 956 5631 .(xaptgavbrﬁg,
977 5551 1221 5631 proxime
1242 5551 1307 5603 ad
1324 5551 1455 5605 edit.
1487 5548 1798 5629 Symmachi

221 5630 279 5675 et
302 5608 721 5689 Theodotioms)
749 5635 803 5673 ιη
832 5618 1013 5689 lingua
1041 5635 1185 5689 ejus;
1219 5621 1363 5689 apud
1378 5622 1742 5689 Augustinum
1780 5638 1792 5672 :

224 5636 279 5675 et
304 5636 337 5674 ι
350 5636 721 5689 ηθοοοιιοιιιε)
749 5636 803 5673 ιη
832 5636 1013 5689 ungua
1041 5636 1185 5689 ejus;
1219 5636 1363 5689 apud
1378 5636 1742 5690 augusunnm
1780 5638 1792 5672 :

224 5690 300 5746 οε
334 5706 491 5761 suam
525 5694 728 5761 aperuit
754 5698 968 5761 attente,
1006 5700 1055 5744 et
1097 5690 1330 5761 ordinem
1380 5690 1554 5761 posuit
1604 5689 1798 5761 lingua:

223 5776 357 5815 sua.
389 5759 558 5833 Igitur
578 5776 645 5816 ex
675 5759 904 5817 Hebraeo
937 5799 952 5828 ,
982 5769 1036 5816 et
1066 5777 1133 5818 ex
1168 5759 1395 5831 Vulgata
1454 5762 1536 5818 sic
1579 5759 1796 5815 videtur

1896 3730 2159 3787 constitui
2179 3729 2378 3784 debere
2399 3727 2577 3783 versio
2600 3727 2737 3782 LXX
2757 3727 2960 3783 Senum
2980 3747 2993 3783 :
3014 3726 3355 3791 Χαναναίοις.
3380 3730 3481 3783 Ἱσ-

1898 3804 2001 3873 (by
2022 3803 2114 3855 καὶ
2141 3800 2472 3873 εὐπρέπειαν
2500 3800 2803 3873 ἐνεδύσατο,
2833 3801 2927 3873 διαὶ
2965 3798 3402 3873 εὐφρανθήσεται
3428 3801 3486 3854 ἐν

1896 3869 2142 3942 ἦμέραις
2176 3870 2452 3942 ἐσχάταις.
2477 3938 2486 3942 _
2510 3870 2708 3942 Xtdpa
2746 3869 2918 3942 αὐτῆς
2952 3869 3204 3942 βιήνοιξε
3231 3869 3442 3942 ῃσοφῶς
3466 3886 3479 3899 ο

1898 3938 2089 4023 θεσμοὶ
2113 3941 2182 4023 Δδὲ
2225 3938 2722 4023 ὲὲλεημοσύνηςέέπὶ
2756 3942 2821 4010 τῇ
2864 3938 3081 4023 γλώσσῃ
3127 3938 3315 4023 αὐτῆς.
3346 3938 3486 4023 Eas:

1900 4008 2044 4079 γναὶ,
2076 4020 2206 4069 etc.,
2240 4008 2459 4079 ἔφαγεν.
2506 4008 2831 4077 Ἀνέστησαν
2863 4010 2931 4062 τὰ
2973 4008 3136 4063 τέκνα
3165 4008 3354 4078 αὐτῆς,
3390 4009 3485 4063 καὶ

1903 4078 2245 4152 ἐμακάρισαν
2275 4078 2468 4150 αὐτὴν,
2499 4080 2592 4132 καὶ
2635 4079 2664 4129 ὁ
2704 4079 2840 4150 ἀνὴρ
2868 4079 3039 4149 αὐτῆς
3075 4078 3262 4149 ᾔνεσεν
3290 4079 3481 4150 αὐτήν.

1904 4154 2039 4206 Cor.

1978 4221 2089 4292 (68)
2117 4218 2364 4292 Ererrai
2403 4217 2490 4273 δέ.
2549 4217 2763 4272 Omittit
2813 4218 2951 4272 alter
2999 4218 3136 4273 liber
3183 4217 3346 4273 Vind.
3389 4218 3480 4286 δέ,

1908 4293 2052 4361 quod
2072 4290 2311 4347 rectius.
2325 4290 2493 4361 Ctsn.

2004 4362 2094 4429 69)
2147 4360 2610 4429 Ἑλεημοσύνῃς.
2652 4357 2814 4413 Addit
2871 4356 3009 4412 alter
3062 4357 3231 4412 codex
3284 4358 3476 4427 αὐτῆς,

1911 4428 2005 4487 sed
2036 4428 2178 4484 nihil
2204 4446 2346 4499 opus
2384 4439 2487 4482 est.
2526 4428 2602 4482 lo.

1976 4501 2087 4571 (70)
2140 4496 2502 4571 Ἐκτήοςαντο
2558 4498 2827 4552 πλοῦτον
2875 4496 3120 4551 πολλαί.
3172 4496 3379 4551 Desunt
3422 4496 3479 4550 in

1908 4568 2084 4625 altero
2104 4570 2316 4625 codice.
2345 4568 2423 4623 lo.

1978 4640 2089 4711 (7i)
2120 4639 2285 4706 Γυνὴ
2318 4636 2729 4711 γὰρ-εὐσεϐής,
2763 4654 2898 4711 κητ.
2926 4635 3069 4689 λ.1ιει
3093 4634 3342 4711 Clemens
3360 4636 3480 4711 Ale-

1906 4704 2207 4765 xandrinus
2240 4704 2356 4763 loco
2392 4704 2584 4761 'citato.
2643 4708 2912 4762 Antonius
2953 4715 3128 4759 autem
3177 4704 3478 4760 Monachus

1906 4781 2136 4834 Melissae
2195 4781 2328 4832 libro
2397 4793 2466 4838 ll,
2530 4793 2694 4831 serui.
2757 4778 2824 4831 33
2878 4795 2889 4830 :
2939 4776 3077 4846 Γυνὴ
3138 4776 3327 4846 συνετὴ
3381 4776 3471 4829 εὐ-

1904 4852 2163 4919 λογεῖται,
2197 4850 2358 4917 φόϐος
2407 4847 2463 4900 δέ
2519 4849 2722 4919 Κυρίου
2778 4846 3228 4919 αὐτὴν-αἰνείτω.
3283 4846 3468 4919 Nostri

1904 4914 2046 4974 LXX
2078 4922 2133 4976 in
2180 4914 2245 4974 eo
2274 4919 2449 4972 solum
2481 4914 2692 4970 variant
2718 4932 2749 4970 a
2788 4914 3292 4978 Constitutionibus,
3325 4916 3470 4985 quod

1907 4993 2099 5062 συνετή
2139 4996 2372 5060 ponunt,
2404 5002 2512 5041 non
2541 4987 2789 5057 εὐσεϐής,
2822 5002 2922 5055 pro
2950 5001 3058 5054 quo
3096 4985 3259 5039 Liber
3279 4986 3475 5055 Regius

1904 5062 2066 5122 2265,
2095 5062 2253 5130 σοφή.
2290 5057 2348 5112 In
2380 5057 2670 5110 Ambrosio
2700 5055 3105 5130 :_}llitiier_enint
3128 5055 3353 5130 prudens
3384 5057 3472 5130 be-_

1906 5124 2200 5193 nedicitur‘;
2222 5124 2464 5182 'timorem
2493 5136 2668 5179 autem
2696 5125 2911 5179 Domini
2942 5128 3045 5179 ista
3084 5124 3282 5179 laudet.
3315 5125 3468 5194 Apud

1902 5202 2269 5272 Augustinum
2306 5195 2543 5272 :_Muliei_'
2570 5197 2716 5272 enim
2748 5197 2956 5272 sapiens
3000 5195 3464 5272 ίζεηριίὶςὶιᾳη-ἰὶτ

1903 5263 2100 5325 morem
2122 5280 2294 5323 autem
2328 5268 2537 5320 Domini
2564 5268 2679 5332 ipsa
2700 5263 2983 5320 collaudet.
3004 5264 3339 5319 Crediderim
3368 5263 3465 5330 legi

1902 5355 2176 5410 oportere,
2199 5339 2335 5410 γυνὴ
2366 5337 2530 5408 φόϐος
2557 5331 2782 5410 Κυρίου,
2814 5336 2948 5410 αὐτὴ
2974 5333 3243 5410 αἰνείσθω.
3274 5331 3459 5410 Mulier

1904 5402 2062 5465 timor
2086 5402 2335 5472 Du—m‘ini;
2354 5402 2480 5479 (hoc.
2502 5416 2606 5479 est,
2633 5402 2832 5479 timens
2856 5402 3189 5479 Dominum),
3207 5406 3319 5479 ipsa
3351 5402 3463 5479 tua.

1900 5482 2072 5535 detur.
2106 5482 2252 5535 Adeo
2298 5473 2572 5547 ιη’συνετή
2600 5492 2694 5530 seu
2726 5477 2953 5547 εὐσεϐής
2982 5490 3078 5528 seu
3109 5473 3270 5547 σοφῄ,
3299 5474 3471 5547 (ξι-εύ-

1900 5552 2135 5619 λογεῖται
2167 5553 2495 5620 glossemata
2514 5617 2521 5620 _
2542 5542 2695 5620 sint,_
2722 5542 2918 5620 priora
2940 5559 3132 5599 vocum
3165 5542 3327 5611 φόϐος
3356 5542 3470 5593 Κυ-

1902 5615 2053 5694 ρίόυ,⁸
2072 5615 2349 5694 μοδῖειίυε
2375 5617 2525 5694 verbi
2558 5617 2830 5694 αἰνείσθω.
2865 5615 3003 5694 Cor.

1942 5680 2087 5761 “(72)
2119 5690 2367 5743 Πολλαί.
2409 5688 2576 5756 Σοφαί
2620 5687 2755 5739 alter
2805 5686 2997 5748 codex,
3036 5694 3089 5739 et
3136 5682 3215 5738 sic
3268 5680 3470 5736 habent

1902 5760 2144 5817 Heln-aea.
2173 5760 2341 5816 Cum.
