3884 6180
225 335 317 390 5'89
1107 299 1711 387 CONSTITUTIONES
1745 325 2421 384 APOSTOLICE.——LIB.
2439 327 2505 383 II.

3320 331 3424 390 590

224 457 284 513 ς’.
319 445 447 515 Περὶ
475 445 583 500 τοῦ
597 405 682 515 pi;
701 446 852 499 εἴναι
865 444 972 498 τὸν
989 442 1324 497 ἐπίσκοπον
1341 440 1758 512 αἰσχροκερδῆ,

1873 438 1956 495 VI.
1997 437 2297 509 Episcopus
2327 453 2395 493 ne
2437 438 2509 492 sit
2554 437 2698 509 turpi
2727 438 2880 494 lucro
2907 438 3144 509 deditus,
3175 457 3278 499 nec
3304 443 3428 502 Iide-

274 539 410 610 μῆτε
438 538 507 593 δὲ
531 535 879 608 ἐγγυᾶσθαι,
907 535 944 604 ἢ
974 535 1351 605 συνηγορεῖν.

221 628 271 696 ζ’.
308 633 434 688 Οἷον
461 631 580 700 χρὴ
608 629 760 684 εἷναι
788 629 895 682 τὸν
914 627 1316 698 μεμυημένον.

219 818 280 880 η’.
315 812 442 880 Περὶ
467 808 1057 880 συκοφαντουμένου,
1085 807 1216 876 ἤτοι
1245 806 1661 877 ἐλεγχομένου.

220 1001 276 1053 θ’.
312 997 430 1052 ὀτι
457 992 907 1064 ἀδωροδόκητον
944 992 1098 1045 εἶναι
1127 989 1244 1060 χρὴ
1274 988 1380 1042 τὸν
1405 986 1758 1041 ἐπίσκοπον.

219 1184 262 1231 ι’.
310 1179 431 1232 Ὅτι
470 1179 507 1230 ό
557 1174 909 1238 ἐπίσκοπος,
958 1169 1208 1239 ἀκρίτως
1259 1165 1606 1236 φειδόμενος
1657 1161 1763 1215 τοῦ

276 1268 690 1340 ἡμαρτηκότος,
719 1265 993 1328 ὑπαίτιος
1018 1261 1260 1331 γίνεται.

217 1369 294 1416 ια’.
333 1364 521 1427 Ὅπως
541 1357 657 1428 χρὴ
685 1353 1146 1411 τὸνέπίσκοπον
1172 1349 1398 1419 κρίνειν
1424 1346 1565 1413 τοὺς
1582 1344 1764 1415 ἀμαρ-

274 1454 571 1518 τάνοντας.

215 1546 290 1599 ιδ.
347 1541 729 1605 Διδασκαλία,
780 1538 940 1605 ὅπως
994 1534 1109 1604 χρὴ
1153 1529 1597 1602 προσφέρεσθαι
1639 1526 1764 1593 τοῖς

267 1636 630 1706 μετανοοῦσι.

213 1737 290 1798 ιγ.
328 1731 449 1783 Ὅτι
478 1728 722 1798 φεύγειν
749 1723 863 1797 χρὴ
891 1719 1011 1775 τῶν
1035 1713 1465 1789 ἁμαρτημάτων
1489 1711 1605 1782 τὴν
1635 1709 1760 1764 πεῖ-

336 1839 385 1875 ν.

209 1839 449 1981 efﬁgi
473 1910 902 1980 τῶνλετόντων.
913 1903 999 1975 μὴ
1029 1901 1308 1970 δέχεσθαι
1330 1893 1758 1967 μετανοοῦντα,

267 2007 357 2063 καὶ
399 2007 491 2061 ὅτι
523 2005 772 2067 δίκαιος,
815 1997 931 2052 κᾶν
975 1995 1267 2050 σύνεστιν
1299 1982 1640 2058 ἁμαρτωλῷ,
1688 1983 1762 2036 οὺ

264 2099 713 2155 συναπόλλυται
739 2089 918 2156 αὐτῷ.

208 2199 280 2246 ιε’.
317 2192 440 2246 Ὀτι
480 2190 553 2244 οὐ
599 2185 714 2256 χρὴ
761 2182 870 2238 τὸν
911 2177 1068 2248 ἱερέα
1103 2173 1336 2247 μήποτε
1381 2166 1649 2239 παρορᾷν
1689 2165 1763 2220 τὰ

264 2282 659 2356 ἁμαρτήματα,
684 2276 835 2348 μήτε
862 2274 1179 2341 πρόχειρον
1202 2267 1354 2322 εἶναι
1379 2264 1450 2318 ἐν
1479 2261 1560 2329 τῷ
1589 2275 1760 2330 τιμω-

260 2377 481 2446 ρεῖσθαι
492 2417 507 2430 .

205 2440 292 2534 ιςῖ.
326 2467 465 2538 Περὶ
490 2461 832 2536 μετανοίας,
861 2455 961 2512 καὶ
989 2455 1082 2520 τίς
1109 2449 1298 2520 αὐτῆς
1327 2451 1359 2503 ὁ
1385 2447 1634 2516 τρόπος,
1663 2440 1762 2497 καὶ

266 2563 415 2628 ὅπως
440 2554 848 2625 κατορθοῦται.

203 2651 273 2716 ιζ’.
313 2627 434 2708 Ὀτι
459 2648 876 2714 ἀνεπίληπτον
917 2639 1071 2694 εἶναι
1113 2633 1229 2704 χρὴ
1273 2632 1380 2686 τὸν
1405 2627 1759 2689 ἐπίσκοπον,

260 2746 337 2812 ὡς
362 2745 555 2799 τύπον
581 2738 700 2794 τῶν
724 2731 1090 2804 ἀρχομένων.

203 2841 282 2907 ιη’.
322 2837 446 2891 Ὀτι
473 2832 593 2904 χρὴ
622 2830 730 2885 τὸν
772 2826 1108 2881 ἐπίσκοπον
1137 2815 1487 2889 φροντίζειν,
1529 2813 1704 2907 ὅπωςΔ
1729 2812 1762 2864 ό

260 2929 398 2995 λαῦς
424 2902 514 2998 μή
543 2917 886 2992 πλημμελῇ,
918 2916 1014 2970 διὰ
1041 2914 1105 2967 τὸ
1134 2912 1286 2966 εἶναι
1303 2907 1488 2962 αὐτὸν
1506 2902 1760 2998 σκοπόν.

202 3023 279 3074 ιθν.
464 2993 569 3072 καὶ
599 3018 631 3069 ό
658 3011 880 3082 ποιμὴν
907 3004 1140 3078 ἀμελῶς
1177 3002 1500 3072 φερόμενος
1529 2993 1662 3064 περὶ
1690 2993 1764 3048 τὰ

259 3113 536 3180 πρόϐατα,
567 3107 746 3175 δίκην
772 3105 1073 3161 τίννυσιν,
1103 3095 1202 3150 καὶ
1227 3094 1292 3148 τὸ
1341 3091 1637 3160 πρόϐατον
1672 3084 1760 3157 μὴ

258 3201 618 3272 πειθαρχοῶ
644 3198 724 3264 τῷ
753 3193 1008 3264 ποιμένι,
1039 3184 1364 3249 κολάζεται.

199 3303 260 3350 κ’.
298 3270 491 3361 Ὅπως
530 3291 648 3362 χρὴ
690 3288 830 3355 τοὺς
857 3283 1228 3356 ἀρχομένους
1259 3274 1599 3344 πειθαρχεῖν
1638 3270 1762 3336 τοῖς

257 3387 543 3456 ἄρχουσιν
571 3381 942 3444 ἐπισκόποις.

198 3487 292 3534 ω’.
331 3479 458 3533 Ὀτι
489 3474 774 3538 κίνδυνος
798 3465 1097 3541 μονομερῆ
1138 3464 1337 3533 κρίσιν
1374 3457 1760 3524 ποιήσασθαι,

257 3569 348 3624 καὶ
386 3568 672 3639 τιμωρίαν
718 3564 916 3632 ὁρίσαι
954 3557 1105 3613 κατὰ
1143 3555 1251 3610 τοῦ
1303 3550 1548 3623 μηδέπω
1591 3546 1761 3616 ἐλεγ-

257 3661 516 3730 χθέντος.

198 3755 291 3807 κσ.
329 3754 456 3807 Ὀτι
491 3749 653 3822 μέγα
691 3743 1056 3815 παράδειγμα
1097 3735 1415 3809 μετανοίας
1460 3731 1761 3799 πρόκειται

257 3844 447 3908 Δαὸῑδ,
488 3842 592 3897 καὶ
618 3837 937 3899 Νινευῒται,
983 3832 1240 3902 Ἐζεκίας
1267 3844 1332 3882 τε
1361 3825 1460 3880 καὶ
1488 3827 1520 3878 ό
1548 3822 1760 3876 τούτου

256 3936 378 4002 υίὸς
403 3931 767 3999 Μανασσῆς.
1403 3931 1406 3935 ’

198 4032 293 4096 η’.
329 4027 483 4095 Πρὸς
510 4024 658 4089 τοὺς
692 4023 761 4075 ἐκ
791 4014 1287 4087 καταφρονήσεως
1314 4005 1762 4081 ἁμαρτάνοντας

259 4119 409 4172 ἔστω
440 4115 814 4186 παράδειγμα

199 4207 292 4262 κδ.
312 4209 435 4262 Ὅτι
447 4206 705 4276 Χριστὸς
733 4202 969 4292 Ἰησοῦς
979 4200 1189 4268 Κύριος
1213 4193 1563 4266 παρεγένετο
1577 4189 1762 4257 ἀμαρ-

257 4299 478 4365 τωλοὺς
507 4297 706 4353 σῶσαι
732 4291 830 4349 δ’ιᾶ
847 4291 1186 4364 μετανοίας.

197 4396 284 4444 κέ.
320 4391 458 4459 Περὶ
485 4387 778 4456 ἀπαρχῶν
796 4384 895 4439 καὶ
919 4380 1202 4446 δεκατῶν,
1232 4379 1330 4434 καὶ
1348 4378 1507 4442 ὅπως
1535 4369 1763 4441 ὀφείλει

258 4487 290 4538 ό
335 4485 694 4547 ἐπίσκοπος,
741 4478 780 4548 ἢ
821 4475 1002 4542 αὐτὸς
1027 4469 1504 4544 μεταλαμϐάνειν
1543 4463 1611 4529 ἐξ
1653 4462 1760 4516 αὺ-

255 4575 386 4641 τῶν,
417 4576 456 4645 ἢ
486 4574 716 4644 ἑτέροις
745 4569 1064 4640 διανέμειν.

196 4673 296 4730 κς.
333 4670 435 4734 Είς
461 4667 632 4732 τίνος
657 4663 848 4717 τύπον
888 4659 986 4714 καὶ
1025 4657 1203 4723 ἀξίαν
1242 4656 1495 4721 ἕκαστος
1535 4651 1653 4706 τῶν
1691 4650 1760 4704 ἑν

255 4756 331 4824 τῷ
356 4758 560 4831 κλήρῳ
590 4755 862 4810 τέτακται
889 4751 1048 4821 παρὰ
1077 4748 1217 4816 Θεῷ.

195 4844 281 4907 κζ’.
321 4850 444 4904 Ὅτι
468 4846 784 4918 φρικῶδες,
805 4844 1113 4913 ἄνθρωπον
1139 4840 1368 4895 σαυτὸν
1395 4838 1759 4907 ἐπιρῤἰπτειν

255 4940 539 5010 ἀξιώματί
583 4955 701 4992 τινι
747 4933 1012 5006 ἱερατικῷ
1033 4952 1046 4964 ·
1093 4933 1175 5000 ὡς
1231 4935 1288 4987 οί
1335 4931 1620 5000 Κορεῖται,
1678 4927 1758 4994 ὡς

256 5031 468 5096 Σαοὺλ,
495 5031 581 5098 ὡς
623 5027 828 5095 Ὀζῖας.

195 5129 292 5190 κη’.
327 5123 469 5193 Περὶ
505 5120 720 5192 δοχῆς,
768 5117 868 5173 καὶ
908 5117 1068 5183 ὅπως
1111 5115 1228 5184 χρὴ
1267 5113 1528 5169 ἕκαστον
1568 5113 1759 5181 τάγμα

253 5213 352 5268 τοῦ
398 5213 636 5283 κλήρου
679 5210 798 5268 ὑπὸ
838 5208 956 5264 τῶν
998 5203 1541 5277 προσκαλουμένων
1590 5201 1755 5272 τιμᾶ-

252 5307 403 5360 σθαι.
417 5323 423 5330 ’

192 5397 287 5448 κθ.
319 5399 412 5464 Τίς
442 5399 484 5468 ἡ
517 5397 665 5462 ἀξία
689 5397 795 5452 τοῦ
821 5395 1176 5458 ἐπισκόπου,
1199 5392 1296 5448 καὶ
1322 5392 1427 5446 τοῦ
1453 5391 1752 5446 διακόνου.

192 5486 258 5537 1’.
297 5487 494 5556 Ὅπως
519 5489 643 5560 χρὴ
672 5490 815 5557 τοὺς
839 5487 1088 5555 λατκοὺς
1114 5483 1454 5555 πειθαρχεῖν
1477 5483 1604 5550 τοῖς
1628 5481 1755 5536 δια-

253 5577 466 5647 κόνοις.
861 5598 867 5600 ·

192 5667 294 5721 λα’.
333 5669 460 5725 Ὀτι
483 5671 577 5741 μὴ
610 5672 726 5741 χρὴ
752 5673 860 5730 τὸν
893 5671 1177 5730 ’διάκονον
1204 5672 1348 5728 ἀνευ
1376 5669 1482 5727 τοῦ
1515 5668 1756 5728 ἐπισκό-

253 5775 365 5818 που
391 5780 449 5820 τι
472 5763 793 5841 πράττειν.¹
1267 5757 1314 5776 ﬂ"

1928 531 2136 600 jussor,
2169 545 2272 585 nec
2303 517 2620 586 advocatus.

1867 623 1975 679 VII.
2008 623 2233 690 Qualem
2276 629 2490 692 oportet
2533 637 2657 678 esse
2703 638 2828 678 eum
2855 623 2947 695 qui
2974 639 3070 695 per
3096 624 3430 696 baptismum

1931 727 2014 771 est
2035 716 2298 771 initiatus.

1865 808 1999 864 VIII.
2031 807 2106 864 De
2135 823 2202 864 eo
2223 809 2316 880 qui
2362 809 2419 862 in
2456 808 2806 877 calumniam,
2835 810 2920 866 vel
2953 810 3428 881 reprehensionem

1935 900 2186 956 incurrit.

1863 991 1954 1047 IX.
1996 991 2326 1064 Episcopum
2371 1008 2480 1049 non
2529 991 2728 1048 debere
2778 1007 2901 1050 esse
2953 994 3272 1050 muneribus
3306 1008 3429 1065 per-

1933 1085 2104 1140 vium.

1863 1176 1931 1234 X.
1963 1176 2119 1244 Quod
2171 1178 2481 1248 episcopus,
2511 1177 2608 1248 qui
2661 1185 2866 1234 temere
2914 1179 3088 1250 parcit
3132 1177 3426 1250 peccatori,

1933 1270 2093 1339 culpa
2120 1283 2228 1323 non
2255 1277 2460 1325 careat.

1862 1360 1954 1416 XI.
1995 1360 2114 1428 Quo
2167 1361 2331 1416 modo
2379 1368 2632 1432 oporteat
2686 1369 3002 1433 peccatores
3059 1361 3128 1416 ab
3172 1361 3430 1433 episcopo

1928 1452 2192 1522 judicari.

1862 1543 1976 1599 XII.
2012 1543 2268 1600 Doctrina
2317 1545 2384 1601 de
2425 1548 2587 1603 modo
2625 1563 2736 1620 quo
2787 1549 3117 1619 poenitentes
3155 1545 3428 1601 tractandi

1933 1644 2080 1693 sunt.

1866 1729 2004 1786 XIII.
2045 1731 2378 1804 Fugiendam
2407 1747 2531 1788 esse
2556 1731 2879 1788 delictorum
2908 1730 3315 1803 experientiam.

1861 1909 1998 1966 XIV.
2041 1910 2116 1966 De
2145 1911 2212 1968 iis
2241 1911 2337 1981 qui
2381 1909 2648 1964 aliirmant
2693 1923 2804 1964 non
2852 1908 3051 1964 debere
3101 1905 3271 1978 recipi
3304 1919 3426 1976 pm-

1929 2004 2221 2071 nitentem;
2264 2009 2317 2058 et
2359 2003 2426 2058 de
2449 2003 2622 2074 justo,
2645 2002 2790 2074 quod
2824 2001 2954 2056 licet
2980 2015 3104 2057 cum
3140 2004 3428 2070 peccatore

1929 2102 2201 2160 versetur,
2231 2110 2341 2150 non
2371 2102 2554 2150 tamen
2582 2109 2705 2148 cum
2736 2108 2803 2149 eo
2833 2100 3039 2162 pereat.

1859 2185 1974 2243 XV.
2015 2187 2169 2254 Quod
2218 2188 2476 2244 sacerdos
2510 2201 2610 2242 nec
2646 2195 2868 2258 peccata
2899 2185 3174 2258 negligere
3208 2183 3425 2246 debeat.

1929 2294 2030 2334 nec
2065 2287 2353 2350 promptus
2380 2294 2504 2335 esse
2535 2279 2603 2335 ad
2629 2279 2948 2335 vindictam.

1861 2453 2000 2513 XVI.
2040 2455 2116 2512 De
2159 2458 2500 2527 poenitentia,
2533 2465 2587 2514 et
2629 2458 2753 2528 quis
2797 2457 2944 2513 illius
2971 2455 3189 2522 modus,
3219 2463 3273 2510 et
3319 2468 3430 2525 quo

1931 2557 2090 2619 pacto
2117 2557 2428 2620 peragatur.

1860 2638 2024 2696 XVII.
2065 2639 2391 2712 Episcopum
2442 2639 2641 2696 debere
2691 2656 2811 2697 esse
2855 2638 3425 2712 irreprehenstbilem.

1930 2740 2115 2802 utpote
2144 2731 2372 2787 formam
2404 2731 2792 2801 subjectorum.

1863 2823 2048 2880 XVIII.
2085 2825 2240 2892 Quod
2293 2833 2509 2896 oportet
2548 2827 2865 2897 episcopum
2900 2840 3116 2891 curare,
3147 2839 3218 2881 ne
3243 2831 3431 2895 peccet

1933 2919 2105 2989 plebs,
2140 2919 2268 2989 quia
2297 2919 2414 2990 ipse
2444 2927 2526 2974 est
2554 2920 2883 2989 speculator.

1862 3008 2001 3066 XIX.
2045 3009 2202 3077 Quod
2235 3017 2423 3080 pastor
2459 3025 2640 3066 ovrum
2673 3013 2974 3083 negligens,
3000 3025 3191 3082 poenas
3212 3011 3427 3079 solvat;

1937 3109 1992 3158 et
2015 3103 2154 3168 ovis,
2180 3117 2292 3158 non
2320 3103 2580 3159 obcdiens
2608 3103 2836 3174 pastori,
2865 3105 3144 3175 puniatur.

1863 3280 1978 3336 XX.
2013 3279 2132 3348 Quo
2176 3281 2339 3337 modo
2393 3280 2624 3352 subjecti
2678 3281 2984 3353 praepositis
3022 3281 3127 3338 sibi
3156 3281 3430 3353 episcopis

1929 3374 2149 3430 obedire
2180 3373 2436 3431 debeant.

1861 3467 2002 3523 XXI.
2039 3467 2193 3534 Quod
2247 3468 2550 3538 periculum
2607 3468 2700 3532 sit,
2747 3480 2858 3520 una
2888 3472 3099 3521 tantum
3133 3473 3288 3536 parte
3325 3479 3428 3518 au-

1930 3559 2064 3622 dita,
2094 3559 2361 3630 judicare.
2390 3566 2444 3614 et
2489 3574 2709 3630 pinnam
2752 3559 3046 3616 decernere
3087 3568 3280 3615 contra
3303 3574 3430 3615 eum

1930 3651 2026 3722 qui
2055 3652 2294 3707 nondum
2324 3652 2608 3707 convictus
2630 3661 2734 3707 est.

1860 3743 2024 3800 XXII.
2065 3743 2222 3812 Quod
2284 3761 2542 3816 magnum
2613 3745 2948 3815 poenitentia:
3001 3745 3306 3816 exemplum
3371 3743 3428 3800 in

1933 3837 2132 3894 Davide
2153 3845 2521 3909 proponatur;
2551 3837 2679 3893 item
2702 3837 2759 3892 in
2781 3836 3056 3904 Ninivitis,
3088 3837 3144 3891 in
3173 3834 3428 3901 Ezechia,

1931 3938 1986 3986 et
2017 3930 2072 3984 in
2101 3929 2212 3984 lilio
2239 3931 2386 3985 illius
2424 3929 2693 3985 Manasse.

1861 4018 2052 4076 XXIII.
2098 4019 2158 4075 In
2184 4037 2302 4086 eos,
2345 4021 2440 4092 qui
2483 4037 2550 4076 ex
2608 4027 2926 4091 contemptu
2970 4027 3218 4092 peccant,
3246 4034 3429 4076 exom-

1927 4115 2076 4186 plum
2110 4113 2182 4170 sit
2195 4114 2404 4170 “Amon.

1861 4203 2051 4261 XXIV.
2094 4204 2246 4272 Quod
2272 4206 2527 4263 Christus
2553 4207 2714 4264 Jesus
2742 4205 3005 4261 Dominus
3035 4204 3158 4262 ideo
3187 4204 3425 4268 advenit.

1931 4307 1992 4353 ut
2021 4315 2120 4371 per
2145 4300 2521 4370 paenitentiam
2555 4306 2797 4355 servaret
2823 4305 3158 4368 peccatores.

1860 4388 2028 4446 XXV.
2065 4389 2140 4445 De
2169 4391 2424 4460 primitiis
2456 4399 2511 4446 et
2537 4391 2796 4458 decimis;
2821 4397 2874 4446 et
2905 4407 3015 4462 quo
3044 4391 3206 4446 modo
3233 4390 3428 4447 debeat

1928 4481 2242 4553 episcopus,
2273 4497 2342 4538 ex
2391 4483 2474 4538 eis
2529 4483 2616 4539 vel
2671 4483 2788 4553 ipse
2840 4484 3110 4553 accipere,
3161 4482 3246 4537 vel
3305 4483 3429 4538 aliis

1896 4617 1898 4619 μ
1929 4573 2279 4630 distribuere.

1858 4663 2046 4721 XXVI.
2087 4665 2172 4720 Ad
2221 4666 2380 4736 cujus
2428 4666 2654 4722 formam
2683 4674 2738 4722 et
2765 4667 3081 4738 dignitatem
3129 4667 3426 4738 unusquiso

1927 4773 2034 4828 que
2061 4758 2130 4814 de
2157 4757 2329 4827 clero,
2360 4773 2388 4812 a
2419 4757 2531 4814 Deo
2561 4759 2628 4814 sit
2661 4759 2965 4814 ordinatus.

1859 4845 2067 4905 XXVII.
2095 4850 2249 4918 Quod
2279 4851 2550 4906 horrenda
2587 4867 2677 4907 res
2708 4852 2798 4917 sit,
2830 4851 3101 4906 hominem
3135 4850 3426 4908 immittere

1927 4959 1987 5000 se
2019 4942 2076 4997 in
2105 4944 2341 5013 aliquam
2387 4944 2704 5014 dignitatem
2757 4942 3184 5011 sacerdotalem;
3231 4952 3291 4998 ut
3318 4943 3426 4999 Co-

1926 5035 2068 5090 ritae.
2098 5041 2157 5089 ut
2189 5034 2341 5098 Saul,
2381 5043 2439 5089 ut
2470 5033 2651 5090 Ozias.

1857 5121 2090 5181 XXVIII.
2132 5126 2209 5182 De
2250 5127 2532 5191 convivio;
2558 5135 2612 5181 et
2641 5141 2748 5197 qua
2779 5127 2997 5182 ratione
3034 5127 3262 5198 quilibet
3291 5129 3425 5184 cleri

1927 5218 2062 5274 ordo
2091 5233 2122 5272 a
2149 5219 2498 5274 vocatoribus
2529 5218 2880 5274 honorandus
2911 5220 3002 5276 sit.

1855 5397 2047 5454 XXIX.
2088 5397 2219 5464 Qum
2248 5399 2321 5454 sit
2347 5400 2584 5472 dignitas
2606 5400 2869 5471 episcopi,
2895 5407 2949 5455 et
2969 5397 3206 5454 diaconi.

1860 5489 2028 5546 XXX.
2069 5492 2188 5558 Quo
2215 5492 2376 5548 modo
2397 5501 2612 5564 oportet
2640 5494 2811 5548 laicos
2834 5493 3054 5547 obedire
3080 5489 3354 5545 diaconis.

1862 5669 2058 5728 XXXI.
2096 5670 2252 5738 Quod
2281 5687 2393 5727 non
2420 5681 2666 5745 oporteat
2692 5672 2984 5729 diaconum
3016 5671 3136 5726 sine
3162 5668 3423 5744 episcopo

1927 5763 2222 5841 quidquam
2253 5763 2450 5822 facere.
