3884 6180
416 327 513 383 591
572 334 579 337 “

1229 322 1287 379 S.
1332 320 1726 378 CLEMENTIS
1760 322 1779 378 I
1820 319 1987 378 ΗΘΜ.
2030 320 2236 379 PONT.
2273 321 2502 380 OPERA
2540 320 2766 378 DUBIA.

3543 322 3657 380 592

415 435 632 495 XXXII.
668 435 823 505 Quod
857 452 966 493 non
996 441 1244 508 oporteat
1266 435 1530 492 diaconus
1566 444 1762 506 preter
1790 436 1985 490 volun-

2106 437 2194 491 ιε.
2238 436 2364 492 Ὀτι
2387 436 2475 507 μὴ
2503 436 2618 507 χρὴ
2647 436 2752 491 τὸν
2779 433 3058 491 διάκονον
3084 436 3244 511 md
3269 434 3508 507 γνώμην
3542 438 3659 492 τοῦ

489 538 653 585 tatem
689 528 930 600 episcopi
988 528 1078 585 det
1106 528 1384 600 cuipiam;
1424 528 1478 583 id
1514 528 1659 583 enim
1688 527 1743 583 in
1772 528 1981 583 calum-

484 622 631 676 niam
660 620 902 692 episcopi
939 636 1244 678 cessurum.

412 710 649 770 XXXIII.
692 711 810 778 Quo
863 713 1025 769 modo
1097 722 1343 785 oporteat
1401 715 1738 782 sacerdotes,
1796 724 1983 787 utpote

482 812 665 876 patres
712 804 1047 875 spirituales,
1090 806 1360 865 honorare
1401 822 1469 864 ac
1495 810 1846 867 veneratione
1894 810 1983 864 di-

481 912 617 968 gnos
654 897 874 954 habere.

415 985 657 1044 XXXIV.
698 988 853 1057 Quod
888 991 1225 1063 principibus
1245 1007 1309 1048 ac
1332 991 1553 1067 regibus
1576 992 1983 1067 praestantiores

484 1080 595 1135 sint
628 1080 961 1138 sacerdotes.

411 1172 629 1229 XXXV.
740 1173 896 1242 Quod
966 1174 1208 1232 Iudaicae.
1275 1177 1443 1249 leges,
1504 1184 1561 1233 et
1606 1176 1982 1250 Evangeiium,

482 1267 804 1340 pmipiant
844 1285 1130 1325 munerum
1183 1270 1535 1327 oblationem.

410 1359 653 1416 XXXVI.
687 1361 1148 1419 Commemoratio
1206 1364 1395 1421 decem
1437 1364 1533 1421 Dei
1579 1364 1981 1430 mandatorum,

481 1461 538 1509 et
567 1468 677 1525 quo
701 1454 862 1511 modo
888 1470 951 1511 ea
975 1456 1063 1510 hic
1090 1456 1423 1513 edisserunt.

2152 530 2485 583 ἐπισκόπου
2528 529 2756 584 διδόναι
2797 528 2932 593 τινὶ,
2978 528 3077 583 ἐπὶ
3118 527 3369 598 διαϐολῇ
3406 531 3517 599 γὰρ
3542 531 3659 586 τοῦ

2150 623 2483 677 ἐπισκόπου
2512 622 2686 676 τοῦτο
2712 622 2937 691 πράξει.

2081 718 2191 785 λγ.
2236 718 2431 781 Ὅπως
2457 714 2571 784 χρὴ
2591 713 2867 784 τιμᾶσθαι
2894 714 3033 781 τοὺς
3052 714 3245 783 ἱερεῖς,
3274 714 3371 769 και
3390 715 3661 783 σεπτσὺς

2152 806 2440 877 ἡγεῖσθαι,
2469 807 2900 877 πνευματικοὺς
2929 807 3105 874 ὄντας
3129 807 3343 877 γονεῖς.

2081 985 2191 1041 λδν.
2235 986 2361 1040 Ὀτι
2389 985 2507 1040 τῶν
2532 986 2837 1055 ἀρχόντων
2864 984 2964 1041 καὶ
2982 985 3293 1052 ,βασιλέων
3316 987 3437 1042 εισι
3461 989 3659 1057 κρείτ-

2152 1096 2295 1145 τους
2325 1081 2379 1133 οἱ
2411 1079 2604 1147 ἱερεῖς.
3496 1074 3543 1087 “

2081 1173 2187 1226 λε’.
2229 1171 2355 1225 Ὅτι
2383 1173 2885 1241 παρακελεύονται
2928 1173 2983 1227 οί
3023 1173 3194 1243 νόμοι
3234 1174 3658 1244 καρποφορεῖνθ

2153 1264 2433 1331 ὡσαύτως
2461 1266 2557 1319 καὶ
2585 1266 2649 1319 τὸ
2663 1266 3042 1335 Euan-ator.

2081 1358 2200 1422 λς’.
2251 1357 2617 1425 ’Υπόμνησις
2644 1357 2763 1411 τῶν
2788 1357 2931 1411 δέκα
2956 1359 3061 1413 τοῦ
3093 1358 3240 1414 Θεοῦ
3268 1360 3510 1430 λογίων,
3556 1362 3663 1416 και

2154 1450 2311 1517 ὅπως
2347 1450 2499 1505 αὐτὰ
2523 1450 2778 1505 ἐνταῦθα
2804 1450 3234 1521 διαγορεύουσι.
3488 1450 3497 1456 ’

409 1542 671 1603 XXXVII.
714 1545 791 1603 De
859 1550 1275 1607 accusatoribus
1356 1557 1414 1605 et
1484 1549 1857 1616 delatoribus;
1930 1557 1985 1603 et

2106 1540 2186 1601 lC.
2230 1540 2371 1609 Περὶ
2399 1543 2737 1611 κατηγόρων
2764 1543 2861 1599 καὶ
2887 1543 3283 1613 συκοφαντῶν
3302 1561 3317 1575 °
3359 1544 3458 1599 καὶ
3498 1546 3665 1613 ὅπως

478 1638 625 1710 quod
666 1639 838 1710 judex
893 1656 1004 1697 non
1055 1641 1253 1697 debeat
1299 1641 1410 1698 illis
1443 1640 1605 1697 facile
1627 1640 1873 1705 credere,
1898 1641 1982 1697 vel

2153 1632 2267 1702 χρὴ
2291 1633 2377 1703 μὴ
2423 1635 2748 1704 προχείρως
2790 1638 3096 1691 πιστεύειν
3135 1636 3174 1706 ἢ
3207 1637 3483 1693 άπιστεῖν
3524 1640 3666 1692 τού-

479 1746 590 1786 non
630 1731 877 1797 credere,
909 1733 1003 1789 sed
1037 1734 1283 1789 adhibita
1324 1734 1569 1806 diligenti
1602 1735 1978 1806 inquisitione.

2154 1742 2279 1792 τοις
2324 1726 2432 1781 τὸν
2473 1727 2702 1797 κριτὴν,
2744 1729 2907 1784 ἀλλὰ
2942 1729 3095 1799 μετὰ
3133 1729 3413 1797 ἀκριϐοῦς
3457 1730 3668 1796 ἐξετά-

2158 1835 2329 1864 πέλωρ,

2158 1835 2331 1885 σεως.

408 1908 697 1967 XXXVIII.
744 1910 902 1977 Quod
964 1919 1214 1982 oporteat
1275 1912 1657 1983 delinquentes
1725 1913 1981 1985 privatim

2106 1913 2193 1980 ιη’.
2238 1912 2366 1966 Ὅτι
2409 1913 2525 1983 χρὴ
2556 1914 2696 1981 τοὺς
2722 1914 3169 1985 ἁμαρτάνοντας
3198 1912 3533 1981 ἰδιαζόντως
3558 1916 3668 1981 ἐξ-

474 2018 731 2074 arguere,
772 2014 826 2060 et
856 2006 1185 2075 posuitentes
1215 2006 1481 2077 recipere,
1520 2007 1821 2062 secundum
1849 2022 1983 2063 con-

2149 2006 2438 2075 ελέγχειν,
2461 2006 2558 2060 καὶ
2585 2007 2727 2075 τοὺς
2739 2008 3181 2077 μετανοοῦντας
3198 2007 3665 2079 προσδέχεσθαι,

481 2096 822 2150 stitutionem
856 2095 1093 2151 Domini.

2151 2098 2301 2151 κατὰ
2326 2097 2439 2165 τὴν
2466 2098 2572 2152 τοῦ
2598 2100 2818 2168 Κυρίου
2848 2099 3134 2165 διάταξιν.

408 2184 656 2245 XXXIX.
697 2186 958 2259 Exempla
986 2188 1340 2257 poenitentiae.

2106 2190 2191 2242 [θ’.
2233 2190 2678 2259 Παραδείγματα
2704 2191 2837 2259 περὶ
2859 2192 3197 2261 μετανοίας.

407 2277 521 2333 XL.
562 2278 719 2345 Quod
758 2295 866 2333 non
897 2286 1149 2351 Oporteat
1180 2280 1453 2336 hostiliter
1482 2278 1623 2338 aﬁici
1653 2295 1783 2355 erga
1831 2281 1982 2341 illum

2106 2286 2155 2334 t'.
2201 2281 2327 2336 Ὅτι
2358 2285 2429 2337 οὐ
2472 2283 2587 2353 γρὴ
2631 2284 2935 2355 ἐχθρωδῶς
2976 2285 3325 2349 διακεῖσθαι,
3374 2283 3511 2354 περὶ
3553 2286 3668 2339 τὸν

478 2371 571 2441 qui
604 2370 773 2427 semel
799 2371 881 2426 vel
907 2371 1102 2427 iterum
1141 2372 1407 2443 peccavit.

2153 2373 2316 2439 ἅπαξ
2344 2374 2381 2442 ἢ
2413 2374 2692 2445 δεύτερον
2714 2376 3145 2447 ἁμαρτάνοντα.

408 2459 549 2521 XLI.
586 2460 870 2528 Quomodo
911 2470 1159 2533 oporteat
1215 2464 1460 2535 recipere
1506 2465 1883 2535 pmnitentem,
1932 2475 1987 2522 et

2106 2474 2195 2523 ια’.
2232 2469 2425 2535 Ὅπως
2454 2468 2549 2523 δεῖ
2572 2469 2924 2537 προσίεσθαι
2968 2468 3075 2523 τὸν
3104 2468 3531 2538 μετανοοῦντα,
3563 2468 3669 2523 καὶ

478 2552 753 2624 quomodo
799 2568 959 2625 agere
1008 2569 1135 2610 cum
1182 2558 1587 2626 peccatoribus,
1654 2568 1710 2615 et
1765 2561 1987 2631 quando

482 2646 551 2701 ab
587 2645 835 2703 Ecclesia
862 2647 1205 2705 abscindere.

410 2736 583 2792 XLII.
622 2736 869 2795 Iudicem
916 2752 1027 2794 non
1073 2739 1273 2798 debere
1292 2756 1416 2798 esse
1445 2750 1842 2814 acceptatorem
1866 2760 1989 2816 per-

483 2845 766 2887 sonarum.

412 2920 594 2977 XLIII.
644 2920 931 2989 Quomodo
959 2930 1206 2993 oporteat
1228 2924 1423 2995 punire
1444 2924 1889 2987 calumniatores.

410 3012 597 3070 XLIV.
639 3012 795 3080 Quod
842 3013 1038 3069 debeat
1067 3014 1332 3071 diaconus
1384 3016 1668 3075 sublevare
1692 3034 1833 3076 onus
1866 3020 1984 3091 epi-

483 3109 659 3178 scopi.
690 3113 746 3163 et
774 3106 978 3163 leviora
1010 3124 1239 3180 quaeque
1256 3109 1510 3182 dirigere.

411 3196 572 3255 XLV.
615 3200 771 3267 Quod
823 3216 932 3255 non
988 3203 1317 3257 conveniant
1377 3203 1706 3262 Christianis
1764 3212 1987 3261 contro-

481 3293 674 3349 versiae
714 3301 769 3349 et
796 3293 1203 3350 altercationes.

412 3379 594 3438 XLVI.
637 3383 793 3451 Quod
852 3400 963 3440 non
1019 3396 1268 3457 Oporteat
1314 3386 1501 3445 ﬁdeles
1549 3389 1693 3460 apud
1742 3388 1987 3446 inﬁdeles

483 3476 697 3547 litigare
720 3494 737 3539 ;
768 3492 947 3548 neque
973 3492 1039 3533 ex
1068 3477 1153 3533 his
1181 3478 1498 3550 quempiam
1526 3496 1727 3536 vocare
1755 3480 1811 3535 in
1832 3482 1988 3537 testi-

484 3570 728 3622 monium
761 3569 1026 3625 adversus
1054 3569 1423 3626 Christianos.

413 3655 624 3712 XLVII.
667 3659 825 3726 Quod
884 3668 1131 3731 oporteat
1182 3661 1238 3715 in
1292 3662 1531 3719 secunda
1601 3661 1985 3730 Sabbatorum,

486 3753 667 3805 torum
700 3767 881 3822 agere.

417 3840 648 3898 XLVIII.
691 3841 851 3911 Quod
899 3858 1011 3898 non
1062 3852 1313 3915 Oporteat
1365 3846 1613 3902 eamdem
1665 3861 1883 3917 pmnam
1931 3848 1989 3904 in

486 3934 636 3989 omni
675 3934 877 3990 delicto
916 3935 1183 4009 irrogare,
1217 3938 1313 3992 sed
1342 3938 1570 4006 variam,
1604 3954 1702 4009 pro
1730 3940 1991 3996 varietate

487 4026 881 4098 delinquentis.

423 4118 608 4177 XLIX.
632 4119 833 4186 Quales
879 4134 1002 4176 esse
1036 4118 1193 4176 decet
1221 4128 1591 4182 accusatores.
1615 4129 1669 4177 et
1697 4128 1890 4177 testes.

419 4298 480 4357 L.
524 4300 680 4367 Quod
729 4316 832 4357 usu
889 4301 1093 4366 veniat,
1147 4308 1207 4356 ut
1250 4300 1564 4372 conjectura
1606 4317 1673 4358 ex
1712 4303 1990 4375 prioribus

489 4395 648 4450 malis
689 4393 876 4460 ducta,
917 4396 1118 4466 aliquis
1160 4394 1320 4451 facile
1380 4393 1638 4450 credatur
1686 4397 1990 4468 posteriora

490 4486 829 4557 designasse.

420 4576 507 4634 LI.
548 4578 705 4646 Quod
756 4594 867 4634 non
916 4588 1164 4649 oporteat
1218 4580 1273 4635 in
1316 4580 1638 4651 iudicando,
1699 4581 1795 4637 uni
1848 4583 1988 4653 parti

497 4670 699 4727 favere.

422 4760 533 4817 LII.
575 4761 893 4834 Exemplum
937 4763 1075 4834 justi
1124 4762 1318 4833 judicii
1351 4765 1600 4836 capiatur
1626 4764 1694 4821 de
1715 4765 1987 4829 cautione,

496 4869 660 4923 quam
692 4854 747 4909 in
787 4858 1075 4912 sententiis
1102 4857 1314 4927 judices
1343 4856 1584 4913 Gentiles
1613 4857 1889 4913 adhibent.

426 4943 558 5000 LIII.
600 4945 758 5013 Quod
800 4964 911 5003 non
956 4956 1204 5019 oporteat
1257 4948 1443 5005 ﬁdeles
1490 4951 1631 5007 inter
1675 4967 1737 5008 se
1782 4950 1995 5007 discor-

498 5035 647 5091 dare.

428 5127 563 5185 LIV.
597 5129 753 5196 Quod
799 5140 1049 5202 oporteat
1093 5134 1382 5202 episcopos
1422 5132 1489 5188 de
1517 5148 1651 5203 pace
1682 5149 1778 5204 per
1808 5133 1983 5189 diaco-

506 5238 636 5276 num
665 5222 867 5292 p0pulo
905 5222 960 5277 in
998 5225 1317 5279 memoriam
1343 5240 1651 5295 suggerere.

432 5308 544 5369 LV.
588 5312 941 5369 Enumeratio
979 5316 1143 5369 variae
1203 5315 1575 5386 providentiae,
1631 5324 1686 5371 et
1733 5316 1996 5387 quemad-

504 5404 726 5459 modum
770 5404 838 5461 ab
874 5406 1030 5460 initio
1057 5405 1199 5462 Deus
1229 5422 1325 5478 per
1356 5408 1602 5479 singulas
1623 5410 2000 5480 generationes

505 5494 575 5549 ad
602 5497 982 5566 paenitentiam
1006 5513 1196 5555 omnes
1219 5499 1467 5555 homines
1495 5500 1728 5555 vocavit.

2018 4484 2067 4543 D

2158 2559 2318 2627 ὅπως
2349 2559 2716 2630 διαγίνεσθαι
2748 2561 2897 2629 πρὸς
2914 2558 3378 2632 ἁμαρτάνοντας,
3400 2559 3499 2615 και
3517 2561 3671 2615 πότε

2154 2651 2467 2706 ἐκκόπτειν
2494 2651 2603 2720 τῆς
2629 2651 2977 2720 ἐκκλησίας.

2083 2745 2195 2813 με’.
2241 2744 2366 2798 Ὅτι
2394 2743 2510 2813 χρὴ
2539 2744 3097 2814 ἀπροσωπόληπτον
3120 2744 3272 2799 εἶναι
3298 2742 3405 2798 τὸν
3430 2743 3665 2812 κριτήν.

2084 2929 2198 2993 μγ.
2243 2922 2437 2989 Ὅπως
2468 2922 2584 2992 χρὴ
2614 2924 2757 2989 τοὺς
2782 2923 3171 2993 συκοφάντας
3200 2921 3593 2993 τιμωρεῖσθαι.

2085 2998 2199 3084 μδ.
2242 3016 2368 3069 Ὀτι
2395 3015 2511 3085 χρὴ
2540 3018 2647 3071 τόν
2672 3016 2953 3072 διάκονον
2967 3014 3363 3086 ἐπικουφίζειν
3380 3015 3446 3069 τὸ
3473 3013 3674 3084 βάρος

2160 3106 2278 3161 τῶν
2302 3108 2667 3173 ἐπισκόπων,
2697 3110 2793 3164 καὶ
2819 3110 3152 3165 διευθύνειν
3176 3111 3249 3164 τὰ
3274 3110 3629 3179 κουφότερα.

2082 3205 2193 3269 με’.
2212 3200 2337 3254 Ὀτι
2360 3200 2445 3271 μὴ
2474 3202 2785 3273 προσῆκον
2811 3202 3183 3272 Χριστιανοῒς
3209 3201 3538 3271 ἀντιλογίαι
3565 3201 3673 3256 καὶ

2156 3290 2634 3363 διαπληκτισμοί.

2083 3391 2205 3454 μς’.
2250 3386 2375 3439 Ὀτι
2403 3388 2473 3441 οὐ
2501 3386 2617 3456 χρὴ
2646 3386 2787 3454 τοὺς
2816 3388 3070 3455 πιστοὺς
3104 3386 3204 3440 ἐπὶ
3230 3385 3348 3440 τῶν
3392 3385 3674 3440 ἀπίστων

2157 3474 2509 3542 δικάζεσθαι,
2539 3478 2675 3533 οὔτε
2699 3478 2827 3548 μὴν
2852 3480 2921 3544 ἐξ
2948 3478 3146 3533 αὐτῶν
3170 3494 3303 3533 τινα
3330 3476 3539 3532 καλεῖν
3578 3478 3675 3543 εις

2153 3572 2484 3639 μαρτυρίαν
2510 3570 2629 3624 τῶν
2653 3571 3040 3639 Χριστιανῶν.

2084 3658 2194 3730 μζ).
2239 3662 2365 3715 Ὅτι
2391 3660 2507 3731 χρὴ
2536 3662 2605 3716 ἐν
2633 3662 2877 3732 δευτέρᾳ
2907 3662 3216 3717 σαϐϐάτων
3241 3660 3535 3717 ποιεῖσθαι
3560 3662 3675 3728 τὰς

2159 3752 2347 3819 δίκας.

2083 3849 2201 3914 μη’.
2247 3844 2482 3915 Ὀτιμὴ
2528 3846 2645 3915 χρὴ
2687 3848 2913 3914 ταύτην
2955 3845 3201 3915 ἐπάγειν
3244 3845 3524 3913 τιμωρίαν
3564 3842 3675 3896 ἐπὶ

2160 3932 2362 4005 πάσης
2397 3938 2825 4007 πλημμελείας,
2855 3938 3016 3992 ἀλλὰ
3055 3935 3359 4007 διάφορον,
3406 3936 3555 4005 πρὸς
3600 3938 3671 3991 τὸ

2159 4027 2447 4098 διάφορον
2472 4030 2577 4085 τοῦ
2606 4028 3067 4099 ἁμαρτάνοντος.

2084 4122 2199 4189 μθν.
2251 4121 2524 4189 Ὀποίους
2575 4123 2728 4177 εἷναι
2783 4121 2898 4193 χρὴ
2945 4122 3086 4189 τοὺς
3130 4125 3517 4194 κατηγόρους,
3565 4122 3672 4177 καὶ

2152 4211 2475 4283 μάρτυρας.

2088 4312 2157 4360 ν’.
2204 4305 2329 4360 ’Ὀτι
2355 4306 2616 4377 ἐγχωρεῖ,
2646 4308 2779 4361 τινὰ
2805 4307 2904 4362 καὶ
2930 4307 2998 4362 ἐκ
3026 4308 3324 4377 προτέρων
3357 4306 3557 4361 κακῶν
3578 4306 3671 4377 μὴ

2159 4398 2537 4455 ἀπιστεῖσθαι
2563 4400 2637 4455 τὰ
2660 4400 2925 4470 δεύτερα.

2091 4585 2200 4632 να’.
2243 4578 2370 4631 Ὀτι
2414 4579 2485 4633 οὐ
2527 4578 2642 4648 χρὴ
2682 4577 3029 4649 μονομερεῖς
3067 4577 3173 4645 τὰς
3214 4578 3442 4647 κρίσεις
3486 4579 3672 4633 ποιεῖ-

2160 4674 2319 4725 σθαι.

2090 4763 2195 4816 νϐ’.
2237 4760 2610 4832 Παράδειγμα
2634 4761 2741 4816 τοῦ
2761 4761 2993 4817 δικαίου
3020 4763 3301 4831 κρίματος
3321 4762 3362 4831 ἠ
3389 4760 3507 4815 τῶν
3525 4760 3672 4826 ἔξω·

2162 4858 2264 4908 θεν
2290 4850 2589 4907 δικαστῶν
2614 4852 2747 4921 περὶ
2774 4853 2881 4919 τὰς
2908 4852 3243 4923 ἀποφάσεις
3271 4852 3594 4923 ἀσφάλεια.

2091 4952 2197 5015 νγ.
2241 4944 2366 5000 Ὀτι
2405 4945 2490 5016 μὴ
2531 4944 2645 5015 χρὴ
2687 4945 2812 5000 κατ’
2855 4944 3143 5013 ἀλλήλων
3187 4946 3352 5015 ἔχειν
3393 4945 3535 5013 τοὺς
3574 4963 3659 4999 πιο

2162 5038 2363 5092 στούρ.
2846 5041 2855 5053 ⁴

2162 5058 2309 5092 στου
2351 5079 2363 5091 .

2094 5128 2200 5183 νϐ’.
2245 5058 2371 5182 Ὅξι
2391 5128 2505 5197 χρὴ
2524 5128 2665 5195 τοὺς
2690 5128 3059 5198 ἐπισκόπους
3072 5130 3144 5184 τὰ
3161 5129 3294 5198 περὶ
3315 5130 3557 5200 είρήνης
3571 5130 3677 5187 διὰ

2165 5222 2269 5276 τοῦ
2298 5221 2575 5275 διακόνου
2602 5220 3080 5290 ὑπομιμνήσκειν
3102 5220 3185 5288 τῷ
3208 5219 3357 5287 λαῷ.

2096 5319 2197 5368 νεν.
2250 5312 2673 5382 Ἀπαρίθμησις
2716 5311 3001 5381 διαφόρου
3030 5312 3332 5380 προνοίας,
3372 5310 3471 5366 καὶ
3508 5310 3671 5380 ὅπως

2166 5404 2235 5470 ἐξ
2260 5403 2453 5472 ἀρχῆς
2480 5404 2607 5458 καθ’
2636 5402 2897 5471 ἑκάστην
2910 5404 3125 5473 γενεὰν
3152 5403 3446 5457 ἐκάλεσεν
3462 5406 3496 5459 ό
3523 5402 3670 5471 Θεὸς

2165 5497 2253 5562 εις
2273 5494 2593 5565 μετάνοιαν
2613 5493 2860 5561 πάντας.

436 5585 573 5641 LVI.
617 5587 775 5654 Quod
822 5593 1073 5646 voluntas
1102 5590 1197 5647 Dei
1230 5591 1321 5657 sit,
1352 5601 1412 5646 ut
1441 5607 1632 5648 omnes
1659 5593 1911 5648 homines
1939 5594 1998 5648 in

2106 5595 2211 5655 rg’.
2254 5588 2380 5641 Ὅτι
2410 5586 2633 5656 θέλημα
2659 5586 2766 5640 τοῦ
2800 5585 2968 5651 Θεοῦ,
2997 5587 3332 5657 ὁμόφρονας
3348 5586 3499 5641 εἶναι
3524 5586 3671 5655 τοὺς

509 5676 708 5748 pietate
741 5684 1106 5751 corsentiant,
1139 5684 1315 5741 instar
1355 5684 1659 5742 caelestium
1699 5682 1995 5744 Virtutum.

2167 5678 2514 5748 ἀνθρώπους
2550 5678 2683 5747 περι
2710 5677 2825 5747 τὴν
2859 5678 3190 5748 εὐσέϐειαν,
3232 5679 3667 5749 παραπλησίως

2171 5771 2296 5840 ταῖς
2320 5770 2389 5827 ἐν
2415 5770 2643 5841 οὐρανῷ
2670 5769 2977 5845 δυνάμεσι.
