3884 6180
151 315 264 371 σοῦ

1081 309 1683 369 CONSTITUTIONES
1714 310 2399 368 APOSTOLlCAZ.—LIB.
2435 313 2497 368 ll.

3307 314 3412 370 606

149 428 294 486 Θεοῦ
321 426 528 500 ἢρξατο
573 425 788 499 πρῶτον
817 427 1010 490 ποιεῖν,
1048 427 1144 479 καὶ
1183 426 1304 479 τότε
1349 425 1634 479 διδάσκειν·
1668 426 1742 492 ὥς

1848 426 2109 484 Dominus
2150 437 2206 483 et
2245 429 2440 483 doctor
2496 436 2683 484 noster
2724 427 2886 483 Iesus
2926 427 3205 494 Christus,
3239 428 3414 486 Filius

114 538 258 574 »που
303 519 450 589 λέγει
497 518 608 590 (15)
641 520 670 572 6
715 519 948 583 Λουκᾶς·
1000 538 1019 570 ι
1057 514 1160 571 Ὧν
1211 517 1415 590 ήρξατο
1461 519 1491 570 6
1540 519 1746 598 Ἰηξρῦς

150 597 332 682 ποιεῖν
367 613 463 665 καὶ
496 611 818 664 διδάσκειν.»
856 610 946 663 Διό
976 626 1158 680 φησιν’
1201 627 1219 660 ι
1253 611 1349 672 Ὃς
1366 609 1409 662 δ’
1443 609 1509 663 ἂν
1542 593 1742 682 ποιήσῃ

150 706 248 758 καὶ
279 681 496 774 διδάξῃ,
528 696 686 765 οὗτος
734 687 928 773 μέγας
950 702 1278 772 κληθήσεται
1309 704 1366 754 ἐν
1397 706 1462 775 τῇ
1502 703 1745 775 βασιλείᾳ

147 797 248 850 τοῦ
289 796 446 851 Θεοῦ.
475 815 494 846 ι
529 795 773 858 Σκοποὺς
801 794 910 867 γάρ
941 790 1078 849 εἶναι
1115 795 1195 848 δεῖ
1230 798 1373 866 ὑμᾶς
1391 797 1469 867 τῷ
1489 796 1602 868 λαῷ
1619 799 1745 860 τοὺς

151 890 511 952 ἐπισκόπους,
533 888 615 940 ὅτι
647 888 741 940 καὶ
773 887 931 959 ὑμεῖς
963 889 1166 941 σκοπὸν
1186 887 1336 959 ἔχετε
1369 890 1459 942 τὸν
1487 890 1738 961 Χριστόν.

153 983 268 1036 Καὶ
314 983 474 1052 ὑμεῖς
511 976 606 1033 οὖν
633 979 848 1048 γίνεσθε
895 981 1089 1033 σκοποὶ
1125 979 1321 1049 ἀγαθοὶ
1364 981 1444 1053 τῷ
1489 961 1604 1053 λαις]
1648 982 1742 1035 τοῦ

151 1072 315 1127 Θεοῦο
355 1074 439 1126 ὅτι
471 1071 619 1140 λέγει
650 1071 852 1143 Κύριος
885 1070 973 1124 διά
1015 1071 1109 1125 τοῦ
1158 1073 1410 1144 Ἰεζεκιὴλ
1444 1075 1581 1146 πρὸς
1616 1074 1744 1127 ἔκα-

155 1181 283 1218 στον
313 1165 467 1237 ὑμῶν
494 1163 736 1234 φάσκωνο
775 1183 793 1214 ι
819 1163 914 1216 Υἱὲ
941 1163 1249 1235 ἀνθρώπου,
1289 1166 1488 1218 σκοπὸν
1537 1165 1745 1220 δέδωκά

155 1275 216 1310 σε
261 1256 343 1328 τῷ
387 1257 522 1327 οἴκῳ
571 1254 803 1327 Ἰσραὴλ,
841 1257 935 1308 καὶ
980 1255 1187 1326 ἀκούσῃ
1226 1258 1290 1310 ἐκ
1327 1258 1592 1328 στόματός
1641 1275 1742 1329 μου

152 1350 316 1418 λόγον
355 1350 452 1402 καὶ
495 1346 874 1417 διαφυλάξεις,
914 1349 1009 1401 καὶ
1051 1347 1353 1417 διαγγελεῖς
1403 1351 1564 1403 αὑτὸν
1614 1355 1741 1422 παρ’

153 1441 314 1513 ἐμοῦο
347 1443 408 1493 ἐν
451 1439 530 1511 τῷ
562 1440 737 1508 λέγειν
771 1456 837 1511 με
869 1439 947 1510 τῷ
981 1441 1184 1512 ἀνόμῳ⁸
1216 1441 1442 1512 Θανάτῳ
1472 1442 1740 1514 ἀποθανῇ,

151 1537 246 1588 καὶ
274 1535 379 1588 οὐκ
411 1533 676 1603 ἐλάλησας
703 1531 796 1585 τοῦ
832 1531 1125 1585 διαστείλαι
1147 1533 1349 1604 ἄνομον
1384 1535 1448 1586 ἐκ
1483 1534 1584 1605 τῆς
1620 1537 1742 1588 ἀνο-

156 1627 290 1698 μίας
334 1625 524 1689 αὑτοῦ,
563 1627 592 1677 ὁ
642 1626 839 1696 ἄνομος
881 1626 1085 1688 ἐκεῖνος
1120 1626 1177 1677 ἐν
1223 1629 1288 1696 τῇ
1329 1626 1528 1698 ἀνομίᾳ
1573 1627 1740 1681 αὑτοῦ

151 1717 530 1780 ἀποθανεῖται,
551 1718 646 1770 κα)⁸
672 1717 734 1770 τὸ
761 1713 898 1788 αἷμα
923 1717 1093 1770 αὐτοῦ
1116 1719 1180 1770 ἐκ
1199 1717 1299 1788 τῆς
1326 1719 1506 1790 χειρός
1526 1737 1618 1772 σου
1649 1723 1740 1774 ἐκ·-

152 1811 396 1882 ζητήσω·
442 1812 505 1864 σὺ
551 1810 608 1863 δέ
645 1809 740 1863 ἐὰν
790 1810 1064 1884 διαστείλῃ
1115 1810 1196 1882 τῷ
1239 1811 1425 1882 ἀνόμῳ
1487 1813 1596 1865 ἀπὸ
1642 1814 1742 1884 τῆς
1771 1801 1816 1855 Β

148 1901 272 1956 ὁδοῦ
304 1901 474 1955 αὑτοῦ
497 1902 836 1972 ἀποστρέψαι
864 1903 957 1955 ἀπ’
978 1902 1170 1972 αὐτῆς,
1191 1905 1284 1956 καὶ
1308 1903 1387 1975 μὴ
1402 1904 1739 1977 ἀποστρέψῃ,

151 1994 319 2058 αὐτὸς
351 1996 412 2046 ἐν
444 1997 512 2065 τῇ
548 1995 748 2065 ἀνομίᾳ
795 1994 959 2047 αὑτοῦ
1010 1995 1381 2058 ἀποθανεῖται,
1419 1998 1512 2049 καὶ
1549 1998 1612 2051 σὺ
1645 1997 1742 2069 τὴν

148 2087 332 2158 ψυχήν
375 2103 477 2141 σου
510 2087 744 2159 ἐρρύσω.
781 2088 1055 2151 Ὡσαύτως
1081 2088 1137 2141 δὲ
1171 2088 1281 2160 (16)
1313 2089 1554 2161 μάχαιρα
1587 2091 1743 2144 πολέ-

154 2197 256 2252 μου
285 2179 385 2234 ἐάν
497 2180 790 2251 ἐρχομένη,
828 2182 923 2234 καὶ
957 2181 1130 2252 στήσῃ
1167 2183 1196 2233 ὁ
1242 2181 1370 2246 λαὸς
1419 2183 1620 2236 σκοπὸν
1665 2186 1743 2247 εἰς

150 2271 534 2345 προφυλακὴν,
568 2273 663 2326 καὶ
698 2272 819 2325 ίδὼν
853 2272 1023 2344 αὐτὴν
1057 2275 1381 2344 ἐρχομένην,
1421 2274 1493 2346 μὴ
1523 2291 1740 2346 προμη-

149 2367 314 2440 νύσῃ,
338 2368 437 2421 καὶ
465 2365 606 2438 λάϐῃ
635 2365 886 2438 ψυχὴν,ή
914 2367 1010 2437 μὲν
1035 2365 1180 2436 ψυχὴ
1211 2369 1276 2437 τῇ
1299 2366 1544 2439 ἁμαρτίᾳ
1573 2368 1743 2436 αὐτῆς

151 2458 389 2532 ἐλήφθη,
430 2459 492 2512 τὸ
519 2458 575 2512 δὲ
604 2454 742 2530 αἷμα
778 2459 843 2512 ἐκ
872 2458 1051 2530 χειρὸς
1079 2457 1172 2510 τοῦ
1208 2458 1411 2511 σκοποῦ
1443 2458 1746 2530 ἐκζητηθή-

152 2569 330 2616 σεται,
369 2553 454 2604 ὅτι
481 2553 580 2604 οὐκ
609 2552 849 2622 ὲσήμανε
885 2552 953 2622 τῇ
1000 2549 1280 2618 σάλπιγγι·
1310 2550 1404 2603 ἐὰν
1433 2551 1488 2603 δὲ
1528 2550 1742 2622 σημάνῃ

150 2647 218 2716 τῇ
258 2643 546 2714 κερατίνῃ,
581 2644 676 2696 καὶ
707 2642 781 2715 μὴ
820 2641 1118 2713 φυλάξηται
1145 2644 1174 2694 6
1204 2642 1462 2707 ἀκούσας,
1495 2644 1589 2696 καὶ
1615 2643 1742 2717 ἔλθῃ

150 2738 184 2807 ή
220 2735 491 2806 μάχαιρα,
522 2735 617 2788 καὶ
645 2735 784 2807 λάϐῃ
830 2735 1014 2797 αὐτὸν,
1045 2735 1106 2788 τὸ
1161 2731 1298 2806 αἷμα
1335 2735 1500 2789 αὐτοῦ
1534 2738 1620 2789 ἐπ’
1649 2739 1746 2791 αύ-

150 2829 242 2881 τδν
275 2827 453 2890 ἕσται,
483 2829 564 2880 ὅτι
592 2829 692 2880 οὐκ
723 2827 1022 2898 ἐφυλάξατο
1051 2827 1288 2891 ἀκούσας
1308 2828 1406 2899 τῆς
1435 2830 1741 2899 κερατίνης,

151 2922 182 2972 6
209 2920 268 2974 δὲ
300 2919 698 2992 φυλαξάμενος,
727 2918 825 2991 τὴν
852 2919 1028 2990 ψυχὴν
1066 2918 1231 2972 αὐτοῦ
1272 2919 1561 2992 ἐρρύσατο,
1596 2921 1689 2973 καὶ
1716 2921 1746 2973 ὁ

159 3011 366 3076 σκοπὸς
411 3013 494 3065 ὅτι
542 3013 803 3083 ἐσήμανε,
844 3010 957 3083 ζωῇ
1007 3011 1248 3082 ζήσεται.
1281 3031 1298 3063 ι
1339 3013 1596 3084 Μάχαιρα
1647 3013 1746 3084 μέν

151 3106 302 3157 ἐστιν
334 3107 368 3175 ἡ
401 3105 602 3175 κρίσις·
634 3102 866 3172 σάλπιγξ
889 3103 946 3156 δέ
976 3103 1109 3173 (17),
1143 3103 1204 3156 τὸ
1237 3104 1377 3175 ἱερὸν
1395 3104 1740 3173 Εὐαγγέλιον·
1773 3135 1815 3190 C

155 3195 360 3259 σκοπὸς
376 3194 455 3259 δὲ,
475 3197 503 3248 6
534 3195 892 3258 κατασταθεὶς
919 3198 984 3266 τῇ
1019 3194 1312 3267 Ἐκκλησίᾳ
1339 3195 1653 3260 ἐπίσκοπος,
1683 3195 1741 3250 ὃν

151 3286 233 3340 δεῖ
261 3286 615 3358 κηρύσσοντα
642 3287 1115 3359 διαμαρτύρασθαι
1141 3287 1237 3340 καὶ
1271 3288 1380 3359 (18)
1411 3287 1745 3342 διαϐεϐαιοῦ-

156 3378 282 3432 σθαι
332 3381 462 3451 περὶ
499 3380 600 3450 τῆς
646 3381 896 3452 κρίσεως.
949 3380 1074 3434 Ἐὰν
1133 3379 1207 3451 μὴ
1244 3380 1604 3452 διαγγείλητε,
1651 3383 1745 3435 καὶ

153 3472 604 3544 διαμαρτύρησθε
639 3473 717 3544 τῷ
736 3472 872 3543 λαῷ,
909 3476 988 3537 εἰς
1019 3473 1162 3544 ὑμᾶς
1202 3476 1234 3544 ἡ
1270 3474 1512 3546 ἁμαρτία
1543 3474 1649 3527 τῶν
1685 3475 1748 3526 ἀ-

154 3564 465 3632 γνοούντων
487 3565 859 3636 εὑρεθήσεται.
891 3564 982 3644 se
1009 3567 1137 3629 τοὺς
1163 3566 1668 3638 ἀναστρεφομένους
1688 3568 1746 3620 ἐν

152 3657 484 3729 ἀπαιδευσίᾳ
539 3656 649 3728 19)
681 3657 998 3720 νουθετεῖτε,
1033 3659 1127 3711 καὶ
1153 3659 1401 3730 ἐλέγχετε
1435 3658 1571 3730 μετὰ
1604 3662 1746 3732 παρ-

157 3751 377 3821 ρησίας,
417 3753 543 3813 τοὺς
581 3750 910 3818 ἀγνοοῦντας
956 3751 1254 3814 διδάσκετε,
1285 3753 1410 3815 τοὺς
1449 3753 1747 3823 ἐπισταμέ-

153 3859 282 3905 νους
317 3842 622 3912 στηρίζετε,
642 3843 767 3905 τοὺς
797 3843 1244 3914 πεπλανημένους
1273 3843 1642 3915 ἐπιστρέφετε.
1666 3845 1746 3897 Τὰ

155 3933 298 3987 αὐτὰ
332 3934 463 4005 περὶ
505 3933 613 3986 τῶν
653 3933 832 3987 αὐτῶν
864 3933 1130 4002 λέγοντες,
1169 3934 1404 4004 ἀδελφοὶ,
1434 3937 1531 4006 οὐχ
1568 3937 1746 4007 ἀμαρ-

154 4024 461 4096 τησόμεθα.
511 4025 604 4078 Ἐκ
633 4025 742 4097 γὰρ
769 4025 864 4078 τοῦ
886 4025 1145 4090 πολλάκις
1164 4027 1401 4092 ἀκούειν,
1425 4028 1568 4091 εἰκός
1595 4046 1745 4092 τινας

155 4116 582 4187 δυσωπηθέντας
618 4117 723 4170 κᾶν
751 4118 900 4182 ἆπαξ
941 4135 994 4171 τι
1020 4119 1126 4173 τῶν
1165 4119 1342 4173 καλῶν
1389 4121 1612 4190 ποιῆσαι
1652 4123 1746 4175 καὶ

155 4214 266 4266 τῶν
284 4211 540 4282 πονηρῶν
565 4211 1024 4282 παραιτήσασθαι.
1051 4211 1210 4279 Λέγει
1230 4211 1338 4283 γὰρ
1352 4211 1438 4266 διά
1461 4213 1742 4284 προφήτου

157 4306 186 4356 6
212 4304 370 4367 Θεὸςο
407 4322 424 4354 ι
446 4303 812 4375 Διαμαρτύρει
833 4306 1014 4368 αὐτοῖς
1041 4304 1235 4368 ταῦτα,
1262 4305 1390 4369 ἴσως
1417 4305 1743 4360 ἀκούσονταί

158 4413 254 4450 σου
285 4397 390 4467 τῆς
411 4395 612 4466 φωνῆς.
642 4417 659 4448 ι
705 4397 815 4450 Καὶ
844 4397 1022 4450 πάλιν·
1062 4417 1078 4448 ι
1123 4398 1246 4450 Ἐάν
1275 4399 1380 4470 ἄρα
1415 4399 1739 4465 ἀκούσωσιν,

1845 518 1960 583 Dei,
1993 521 2226 589 primum
2251 521 2420 591 ccepit
2449 519 2646 585 facere,
2676 521 2873 576 deinde
2896 521 3120 587 docere;
3153 525 3300 591 quod
3327 523 3415 578 his

1843 612 2026 666 verbis
2056 612 2256 666 alicubi
2285 612 2542 680 exprimit
2585 611 2762 668 Lucas
2788 631 2801 666 :
2841 631 2860 664 ι
2890 611 3023 678 Quae
3054 617 3220 682 cmpit
3252 613 3414 670 Jesus

1844 702 2026 758 facere
2055 712 2108 759 et
2135 704 2335 759 docere
2357 705 2425 760 ⁸⁵.
2453 725 2471 757 ι
2523 705 2793 770 Quocirca
2825 705 2968 760 idem
3001 705 3259 776 Magister
3289 709 3365 762 ait
3398 729 3410 764 :

1851 813 1869 846 ι
1900 795 2004 861 Qui
2040 803 2221 850 autem
2261 795 2451 851 fecerit
2493 807 2548 852 et
2577 797 2858 858 docuerit,
2917 797 3006 851 hic
3057 813 3289 867 magnus
3323 815 3419 854 vo-

1843 887 2061 942 cabitur
2082 889 2134 942 in
2157 904 2323 959 regno
2356 888 2447 943 Dei
2471 889 2539 944 “.
2573 907 2592 940 ι
2622 888 2850 958 Oportet
2867 896 3048 943 autem
3077 897 3136 942 ut
3169 906 3264 946 vos
3288 889 3416 960 Epi-

1843 981 2032 1050 scopi,
2088 983 2288 1051 populo
2339 981 2460 1037 sitis
2493 983 2905 1052 speculatores;
2945 982 3090 1053 quod
3130 997 3229 1038 vos
3277 997 3419 1053 quo-

1843 1087 1950 1141 que
1974 1073 2370 1142 speculatorem
2404 1074 2652 1129 habeatis
2681 1075 2983 1129 Christum.
3027 1073 3095 1128 Et
3124 1090 3220 1130 vos
3250 1074 3418 1146 igitur

1843 1173 2016 1220 estote
2044 1166 2202 1234 probi
2234 1167 2605 1235 speculatores
2635 1167 2810 1236 plebis
2837 1165 2963 1234 Dei;
2995 1169 3123 1238 quia
3156 1167 3418 1223 Dominus

1843 1271 1939 1325 per
1982 1255 2319 1312 Ezechielem
2363 1274 2488 1312 cum
2538 1274 2868 1328 unoquoque
2896 1270 3141 1315 vestrum
3186 1260 3418 1332 loquens

1844 1349 1920 1401 ait
1953 1367 1966 1402 :
2001 1367 2020 1400 ι
2050 1348 2152 1403 Fili
2197 1350 2467 1415 hominis,
2508 1351 2911 1420 speculatorem
2953 1352 3082 1406 dedi
3133 1360 3186 1408 te
3230 1353 3418 1408 domui

1843 1439 2179 1509 Israeliticae;
2208 1451 2262 1498 et
2292 1443 2484 1498 audies
2510 1459 2577 1498 ex
2609 1458 2704 1498 ore
2731 1458 2854 1498 meo
2885 1459 3214 1511 sermonem,
3239 1452 3294 1499 et
3323 1460 3420 1499 ca-

1843 1550 1970 1590 vere
2000 1534 2186 1597 facies,
2211 1542 2270 1590 et
2297 1551 2365 1590 ex
2395 1550 2482 1590 me
2514 1535 2868 1590 annuntiabis
2893 1555 2904 1588 :
2938 1551 3062 1589 cum
3095 1535 3286 1592 dixero
3313 1537 3420 1591 ini-

1843 1643 1954 1697 quo
1979 1646 1993 1681 :
2027 1627 2199 1683 Morte
2227 1628 2510 1694 morieris;
2540 1627 2587 1680 si
2616 1641 2727 1681 non
2758 1628 2974 1682 locutus
3005 1626 3198 1692 fueris,
3234 1636 3293 1682 ut
3330 1644 3420 1684 re-

1843 1720 2023 1774 trahat
2049 1736 2107 1775 se
2146 1719 2368 1790 iniquus
2399 1720 2470 1775 ab
2505 1719 2795 1789 iniquitate
2823 1734 2952 1783 sua,
2986 1720 3208 1790 iniquus
3238 1722 3329 1777 ille
3363 1722 3417 1778 in

1845 1813 2130 1883 iniquitate
2152 1827 2250 1867 sua
2282 1813 2563 1875 morietur,
2593 1819 2646 1866 et
2673 1812 2992 1882 sanguinem
3016 1812 3138 1881 ejus
3163 1813 3231 1868 de
3251 1828 3416 1868 manu

1845 1913 1938 1959 tua
1967 1905 2276 1975 requirant;
2309 1913 2366 1958 tu
2395 1911 2576 1958 autem
2609 1903 2656 1960 si
2685 1903 3096 1959 denuntiaveris
3127 1906 3318 1976 lniquo
3348 1905 3417 1962 de

1844 1999 1931 2052 via
1965 2013 2086 2062 sua,
2113 2006 2174 2051 ut
2203 1997 2271 2051 ab
2300 2011 2363 2051 ea
2400 2013 2459 2052 se
2503 2004 2742 2060 avertat,
2783 2003 2839 2052 et
2884 2013 2993 2050 non
3038 2014 3096 2052 se
3135 1999 3415 2064 averterit,

1845 2089 1963 2160 ipse
1984 2090 2040 2143 in
2070 2088 2356 2158 iniquitate
2382 2104 2483 2144 sua
2513 2089 2806 2156 morietur;
2835 2097 2889 2143 et
2917 2099 2974 2142 tu
3003 2105 3070 2142 an
3095 2103 3239 2143 mam
3269 2099 3417 2144 tuam

1845 2181 2110 2238 liberasti.
2143 2179 2405 2236 Similiter
2435 2191 2639 2245 autem,
2682 2181 2728 2237 si
2759 2181 2971 2236 venerit
3007 2181 3134 2236 belli
3165 2181 3416 2252 gladius;

1843 2280 1897 2329 et
1929 2273 2179 2328 statuerit
2225 2273 2458 2343 populus
2489 2273 2890 2344 speculatorem
2938 2271 3007 2326 ad
3053 2273 3332 2344 vigiliam;
3363 2284 3419 2329 et

1845 2365 1893 2421 is
1915 2365 2106 2420 videns
2131 2365 2369 2437 gladium
2396 2364 2766 2429 accedentem,
2799 2379 2906 2419 non
2936 2366 3416 2435 pratnuntiaverit;

1845 2468 1899 2515 et
1938 2460 2150 2530 gladius
2179 2459 2366 2514 tulerit
2399 2459 2668 2524 animam;
2702 2457 2882 2512 anima
2918 2457 3137 2527 quidem
3186 2466 3418 2528 peccato

1847 2567 1948 2608 suo
1995 2552 2207 2606 sublata
2251 2558 2368 2618 est;
2400 2561 2455 2606 at
2498 2551 2722 2621 sanguis
2763 2551 2831 2605 de
2860 2565 3024 2604 manu
3055 2551 3418 2621 speculatoris

1844 2645 2176 2716 requirctur,
2212 2645 2341 2715 quia
2375 2659 2485 2698 non
2519 2643 2848 2714 signiﬁcavit
2892 2643 3064 2710 tuba;
3101 2644 3186 2699 sin
3235 2651 3418 2699 autent

1846 2737 2236 2810 signiﬁcaverit
2266 2738 2530 2801 buccina,
2564 2745 2618 2791 et
2667 2737 2761 2806 qui
2806 2736 3050 2802 audivit,
3081 2753 3190 2792 non
3222 2753 3282 2792 se
3318 2739 3420 2792 ob-

1847 2831 2166 2899 servaverit,
2228 2830 2546 2900 verteritque
2591 2829 2834 2900 gladius,
2875 2837 2929 2884 et
2968 2830 3147 2900 ipsum
3194 2830 3416 2896 tulerit,

1847 2923 2068 2994 sanguis
2094 2922 2213 2992 ejus
2244 2937 2408 2992 super
2438 2923 2613 2990 ipsum
2639 2921 2768 2987 erit;
2801 2921 2931 2990 quia
2969 2920 3152 2974 audita
3185 2921 3420 2978 buccina

1848 3015 1955 3071 sibi
1989 3031 2099 3070 non
2138 3013 2407 3086 providit;
2451 3013 2545 3083 qui
2589 3019 2771 3068 autem
2819 3013 2983 3078 cavit,
3017 3012 3268 3068 liberavit
3292 3015 3417 3068 ani-

1849 3122 1993 3160 mam
2043 3122 2228 3173 suam;
2273 3113 2327 3160 et
2369 3105 2702 3176 speculator,
2750 3105 2877 3174 quia
2921 3103 3269 3175 signiﬁcavit,
3303 3106 3418 3160 vita

1848 3201 1993 3255 vivet
2016 3201 2082 3256 ⁸⁷.
2113 3220 2129 3252 ι
2168 3198 2394 3254 Gladius
2426 3198 2647 3269 quidem
2677 3205 2760 3252 est
2786 3198 3090 3267 judicium;
3123 3199 3254 3252 tuba
3284 3214 3418 3254 vero

1847 3306 2062 3346 sacrum
2097 3291 2482 3361 Evangelium;
2514 3290 2821 3360 speculator
2847 3295 3050 3352 autem,
3093 3289 3148 3342 in
3172 3289 3419 3344 Ecclesia

1847 3390 2088 3439 statutus
2128 3383 2440 3453 episcopus,
2467 3397 2628 3452 quem
2657 3389 2872 3451 Oportet
2896 3380 3188 3450 dejudicio
3217 3380 3416 3450 praedi-

1846 3495 1994 3545 care,
2028 3479 2319 3540 aﬁtrmare,
2361 3474 2678 3529 contestari.
2715 3473 2773 3527 Si
2819 3487 2928 3527 non
2963 3472 3416 3526 dcnuntiaveritis

1847 3572 2049 3641 popqu
2077 3578 2130 3625 et
2161 3567 2418 3624 obtestati
2451 3566 2690 3630 fueritis,
2725 3565 2778 3618 in
2810 3580 2908 3620 vos
2944 3562 3296 3618 inscientium
3327 3578 3417 3618 cr-

1845 3674 2024 3718 ratum
2067 3662 2413 3718 redundabit.
2447 3659 2715 3727 Quocirca
2760 3659 3042 3728 imperitos
3084 3663 3323 3723 monete,
3363 3665 3419 3710 et

1846 3772 1969 3812 cum
2004 3755 2251 3810 libertate
2280 3753 2511 3824 arguite,
2543 3753 2762 3823 ignaros
2791 3751 2998 3814 docete,
3022 3748 3268 3803 eruditos
3292 3763 3420 3802 con-

1846 3849 2076 3913 ﬁrmate,
2109 3847 2426 3902 aberrantes
2470 3844 2738 3900 reducite.
2783 3841 2895 3898 Nec
2940 3842 2988 3896 si
3033 3841 3220 3896 eadem
3251 3840 3418 3894 verba

1843 3941 2039 3995 iisdem
2071 3939 2138 3993 de
2171 3938 2336 3993 rebus
2369 3936 2735 4008 proferamus,
2781 3934 2918 3990 vitio
2949 3933 3109 3988 nobis
3149 3939 3414 3995 vertetur,

1845 4032 2064 4087 fratres.
2117 4029 2334 4084 Scilicet
2401 4029 2661 4083 credibile
2708 4035 2825 4091 est,
2878 4025 3173 4080 nonnullos
3220 4023 3417 4078 iterata

1846 4123 2009 4178 toties
2041 4122 2318 4177 auditione
2349 4119 2668 4191 pudcfactos
2704 4121 2790 4174 vel
2823 4118 2990 4174 semel
3032 4116 3237 4186 aliquid
3288 4115 3417 4170 boni

1846 4225 2116 4287 gesturos,
2153 4224 2208 4269 et
2237 4214 2363 4268 mali
2409 4213 2799 4267 declinaturos.
2842 4211 2931 4264 Ait
2962 4209 3106 4264 enim
3147 4223 3243 4278 per
3283 4222 3415 4276 pro-

1846 4308 2066 4377 phetam
2116 4305 2258 4362 Deus
2286 4324 2300 4360 :
2338 4325 2356 4356 ι
2389 4305 2708 4360 'I‘estiﬁcare
2738 4302 2848 4357 illis
2879 4303 3016 4367 haec,
3051 4301 3190 4354 forte
3223 4314 3414 4354 vocent

1847 4409 1995 4454 tuam
2036 4398 2345 4454 audient”.
2374 4419 2391 4450 ι
2429 4397 2493 4452 Ει
2538 4398 2776 4452 iterum:
2815 4415 2834 4446 ι
2866 4392 2924 4448 Si
2971 4393 3109 4447 forte
3159 4392 3412 4453 audiant,

157 4488 256 4541 ὲάν
317 4489 428 4559 ἄρα
481 4487 689 4541 ἐνδῶσι.
723 4509 741 4540 ι
800 4491 910 4542 Καὶ
954 4492 982 4542 ὁ
1036 4493 1242 4559 Μωσῆς
1293 4507 1424 4560 φησι
1477 4491 1556 4560 τῷ
1610 4491 1740 4562 λαῷ·

1850 4491 1897 4546 si
1951 4491 2091 4546 forte
2140 4491 2445 4545 concedant
2470 4489 2537 4544 σθ.
2567 4509 2585 4542 ι
2623 4488 2689 4541 Ει
2735 4487 2950 4556 Moyses
2993 4484 3193 4555 populo
3235 4483 3409 4537 dicit:

164 4599 184 4632 ι
241 4579 357 4633 Εάν
386 4580 497 4650 (20)
517 4581 653 4653 ἀκοῇ
685 4581 923 4654 ἀκούσῃς
943 4583 1148 4654 Κυρίου
1176 4581 1270 4636 τοῦ
1300 4583 1455 4647 Θεοῦ,
1476 4585 1568 4636 καὶ
1596 4586 1745 4656 ποιή-

161 4688 266 4744 σῃς
313 4673 376 4725 τὸ
421 4672 624 4740 ἀγαθὸν
653 4677 747 4728 καὶ
790 4675 850 4728 τὸ
891 4675 1042 4740 εύθὲς
1071 4678 1128 4729 ἐν
1167 4675 1462 4747 ὀφθαλμοῖς
1502 4675 1686 4728 αὐτοῦ.
1720 4697 1737 4728 ι

159 4765 276 4817 Καὶ
326 4763 506 4818 πάλιν·
561 4785 579 4817 ι
611 4768 830 4830 Ἀκουε,
876 4769 1120 4840 Ἰσραὴλ,
1171 4768 1373 4840 Κύριος
1401 4770 1431 4820 6
1463 4769 1593 4831 Θεός
1631 4785 1744 4831 σου,

159 4857 374 4928 Κύριος
392 4854 474 4922 εἷς
499 4860 634 4912 ἐστι.
665 4879 684 4910 ι
705 4861 815 4913 Καὶ
832 4863 860 4912 ὁ
889 4861 1089 4934 Κύριος
1115 4863 1173 4916 ἐν
1191 4861 1269 4932 τῷ
1291 4862 1602 4932 Εὐαγγελίῳ
1630 4861 1752 4914 πολ-

227 5021 284 5053 ⁸⁸
320 5017 441 5090 Act.
478 5034 524 5080 ι,
548 5021 603 5090 1.
681 5020 727 5052 ⁸⁸
755 5019 943 5076 Matth.
971 5038 1025 5085 v,
1061 5016 1144 5074 19.
1219 5021 1263 5053 ⁸⁷
1295 5021 1494 5078 Ezech.
1539 5036 1740 5085 χχχιιι,

1847 5027 1888 5074 at
1921 5035 2036 5090 seq.

1857 4603 1874 4635 ι
1904 4583 1961 4638 Si
2015 4584 2203 4638 auditu
2253 4582 2493 4638 audieris
2543 4580 2832 4637 Dominum
2881 4578 3081 4640 Deum,
3124 4583 3178 4630 et
3224 4573 3416 4629 feceris

1851 4677 2053 4730 bonum
2085 4691 2148 4729 ac
2181 4683 2387 4730 rectum
2432 4675 2487 4727 in
2519 4673 2693 4727 oculis
2730 4672 2850 4740 ejus
2871 4671 2938 4725 ‘°.
2967 4691 2986 4722 ι
3017 4667 3366 4736 Rursumque
3396 4682 3413 4718 :

1852 4787 1871 4819 ι
1903 4769 2042 4823 Audi
2074 4766 2262 4831 Israel,
2292 4767 2555 4821 Dominus
2586 4765 2729 4818 Deus
2777 4773 2925 4826 tuus,
2965 4762 3232 4816 Dominus
3270 4772 3416 4812 unus

1855 4868 1939 4915 est
1961 4861 2026 4915 ⁸³.
2056 4881 2074 4912 ι
2127 4860 2195 4914 Ει
2236 4859 2500 4914 Dominus
2544 4857 2599 4911 in
2647 4855 2940 4927 Evangelio
2985 4869 3127 4924 saepe
3169 4863 3412 4908 commeo

2113 5018 2160 5050 ⁸⁸
2194 5017 2306 5072 Jer.
2340 5033 2498 5079 xxvi,
2531 5017 2601 5080 5;
2635 5011 2830 5066 Ειυριι.
2865 5026 2939 5076 ιι,
2977 5011 3026 5065 7.
3121 5007 3172 5043 ⁸⁸
3208 5007 3387 5065 Ezech

165 5107 255 5156 Ill,
295 5089 384 5144 11.
464 5089 508 5121 ⁸⁸
541 5089 714 5148 Exod.
743 5109 834 5156 xv,
867 5091 956 5148 26.
1034 5091 1078 5122 ⁶¹
1113 5091 1268 5147 Deut.
1296 5108 1370 5156 vt,
1401 5093 1468 5159 4;
1504 5091 1668 5146 Marc.
1709 5109 1738 5145 ιι

1847 5090 1927 5145 29.

1442 5242 1802 5299 VARIORUM
1840 5242 2070 5300 NOTAE.

242 5402 490 5474 (15)”Ως
508 5415 623 5474 που
637 5400 799 5471 λέγει
823 5417 996 5474 usque
1018 5401 1084 5456 ad
1107 5399 1430 5474 διδάσκειν.
1462 5397 1666 5474 Desunt
1693 5400 1746 5452 in

170 5470 352 5528 suam
383 5487 488 5526 ms.
509 5473 872 5542 videnturque
898 5470 1075 5528 deleta
1099 5489 1130 5526 a
1153 5471 1367 5531 critico,
1393 5471 1486 5542 qui
1521 5470 1748 5542 putabat

166 5560 282 5599 non
339 5557 504 5611 posse
551 5543 738 5596 induci
786 5539 1074 5598 commode
1117 5543 1394 5612 apostolos
1429 5539 1631 5594 Lucam
1677 5539 1744 5593 ad

163 5612 553 5671 testimonium
578 5613 833 5668 citantes.
857 5614 1026 5668 (Σιειι.
1225 5617 1230 5622 ’

236 5683 360 5752 (16)
402 5680 494 5737 Δέ.
528 5679 765 5752 Uterque
793 5683 960 5740 codex
994 5684 1106 5736 καί.
1139 5681 1213 5738 In.

241 5749 362 5826 (ΓΙ)
400 5752 493 5808 At.
527 5749 718 5814 Melius
746 5754 966 5812 omittas
988 5770 1112 5812 cum
1139 5765 1367 5826 utroque
1397 5752 1603 5809 codice.
1630 5749 1704 5806 lo.

1923 5396 2035 5468 (18)
2075 5395 2184 5451 Καὶ
2212 5393 2704 5468 ὃιςιϐεϐᾳιοῆυῖθαι.
2737 5390 2892 5468 alter
2913 5386 3135 5468 om~iltit_.
3159 5385 3235 5440 lD.

1922 5458 2035 5540 (19)
2090 5465 2489 5540 Ἀπαιᾷευσίᾳ.
2520 5462 2670 5516 Alter
2699 5461 2849 5540 addit
2877 5458 3182 5540 a616v._ln.

1924 5527 2035 5611 (20)
2086 5539 2244 5592 Ἐάν.
2281 5535 2406 5591 Haec
2439 5527 2562 5611 vos
2601 5548 2726 5587 cum
2762 5531 2828 5611 l'l
2855 5527 3229 5611 sequentibus,
3273 5537 3414 5611 qua-

1848 5600 1970 5667 runt
2008 5600 2282 5679 postrema
2323 5615 2408 5666 cst
2471 5604 2665 5669 πάλιν,
2721 5601 2922 5659 omissa
2975 5603 3104 5654 sunt
3151 5600 3208 5652 in
3260 5600 3415 5649 utro-

1847 5698 1973 5753 que.
2003 5681 2076 5737 In.
2411 5711 2440 5724 -
