3884 6180
487 283 589 338 607

1334 277 1391 332 S.
1427 274 1824 332 CLEMENTIS
1857 276 1875 329 Ι
1914 274 2081 330 ROM.
2118 275 2321 332 PONT.
2357 274 2590 332 OPERA
2621 275 2852 333 DUBIA.

3634 284 3736 339 008

488 403 666 452 morat
704 407 768 447 ac
811 392 982 448 dicit:
1026 411 1044 443 ι
1072 390 1174 458 Qui
1210 392 1372 447 habet
1426 390 1587 446 aures
1637 391 1917 454 audiendi,
1961 407 2061 445 au-

2164 394 2320 456 λάκις
2359 395 2750 465 μνημονεύεται
2788 395 2977 463 λέγων·
3019 413 3037 448 ι
3075 396 3133 450 '0
3169 395 3306 468 ἔχων
3340 391 3454 450 ὦτα
3497 397 3737 466 ἀκούειν,

487 487 601 543 diat
624 486 691 540 ".
720 503 739 537 ι
774 483 840 538 Et
871 484 1091 553 sapiens
1140 484 1400 537 Salomon
1434 504 1446 539 :
1488 504 1505 537 ι
1533 485 1695 548 Audi,
1730 486 1925 555 inquit,
1960 488 2055 551 tili,

484 580 831 650 disciplinam
873 577 1043 647 [atris
1078 577 1179 638 tui,
1210 584 1264 631 et
1305 592 1373 631 ne
1416 576 1648 645 abjicias
1677 577 1823 647 leges
1872 579 2060 633 matris

484 684 590 729 tua:
616 674 680 728 ”.
712 691 731 724 ι
772 670 1024 725 Profecto
1052 670 1315 724 hactenus
1345 685 1453 723 non
1488 670 1812 733 audierunt;
1844 686 1969 724 nam
2002 687 2061 727 se

484 765 726 819 audiisse
772 772 1049 834 putantes,
1099 778 1381 833 perperam
1429 763 1750 830 audierunt;
1800 764 2060 818 derelicto

483 874 595 911 uno
625 872 688 912 ac
718 859 835 913 solo
867 872 993 911 vero
1024 856 1153 917 Deo,
1180 863 1234 909 et
1276 855 1341 909 ad
1375 856 1711 925 perniciosas
1761 868 1924 925 atque
1963 873 2062 911 ex-

484 950 779 1005 secrabiles
819 950 1057 1004 hatreses
1102 949 1384 1014 distracti,
1433 948 1500 1004 de
1542 950 1746 1019 quibus
1789 948 1931 1003 infra
1975 950 2062 1004 di-

484 1060 691 1099 08111118.

1075 1153 1308 1209 CAPUT
1348 1154 1462 1209 VII.

556 1251 779 1318 Qualem
810 1258 1010 1317 oportet
1041 1264 1294 1330 esseeum
1327 1250 1417 1316 qui
1446 1264 1537 1317 per
1565 1247 1881 1315 baptismum
1911 1258 1988 1302 est

1144 1329 1409 1374 ιιιιιιαῐιιε.

556 1413 785 1475 Scitote,
814 1410 1147 1473 charissimi,
1177 1410 1323 1479 quod
1355 1411 1445 1480 qui
1478 1410 1533 1463 in
1574 1418 1804 1463 mortem
1846 1410 2055 1464 Domini

481 1504 611 1558 Jcsu
645 1510 772 1557 sunt
821 1501 1105 1571 baptizati,
1139 1518 1246 1555 non
1286 1502 1484 1556 debent
1533 1502 1771 1571 amplius
1809 1518 2055 1571 peccare.

481 1596 615 1649 Nam
649 1596 792 1649 sicut
820 1594 1040 1655 mortui,
1074 1593 1282 1661 peccati
1306 1608 1537 1661 capaces
1566 1609 1675 1647 non
1708 1600 1871 1658 sum;
1904 1594 1976 1645 ita
2005 1602 2059 1647 et

480 1688 702 1741 Christo
772 1684 1132 1751 commortui,
1193 1690 1475 1753 peccatum
1543 1684 1886 1738 committere
1957 1700 2056 1738 ne-

2160 488 2419 540 ἀκουέτω.
2447 508 2465 539 ι
2508 490 2618 541 Καὶ
2661 491 2689 541 ὁ
2734 489 2895 559 σοφὸς
2930 489 3180 559 Σολομὼν
3227 506 3405 559 φησιν·
3464 509 3485 542 ι
3514 491 3736 556 ’Δκουε,

2160 579 2262 641 υἱὲ,
2284 578 2530 632 παιδείαν
2563 581 2767 651 πατρός
2789 598 2903 643 σου,
2928 582 3021 634 καὶ
3050 581 3125 652 μὴ
3154 581 3347 653 ἀπώσῃ
3368 580 3612 651 θεσμοὺς
3641 601 3741 653 μη-

2158 672 2285 741 τρός
2314 688 2429 724 σου.
2456 692 2474 723 ι
2509 674 2618 725 Καὶ
2650 676 2809 745 μέχρι
2839 676 3076 745 σήμερον
3104 676 3203 727 οὑκ
3238 676 3495 745 ἠκουσαν·
3528 666 3632 728 καί
3659 677 3742 730 δο-

2159 762 2381 826 κοῦντες
2426 764 2534 835 γὰρ
2566 766 2674 835 (21)
2713 767 3028 835 ἀκηκοέναι,
3077 768 3454 838 παρήκουσαν,
3485 767 3743 820 καταλεί-

2158 855 2355 925 ψαντες
2381 857 2470 911 τὸν
2499 859 2593 911 ἕνα
2636 860 2727 912 καὶ
2759 860 2917 928 μόνον
2944 860 3194 931 ἀληθινὸν
3235 860 3383 923 Θεὸν,
3411 861 3509 913 καὶ
3536 863 3622 923 είς
3647 860 3745 924 τὰς

2158 948 2430 1020 ὀλεθρίους
2459 951 2552 1003 καὶ
2592 950 2768 1015 δεινὰς
2794 952 3031 1023 αἱρέσεις
3058 954 3475 1024 κατασυρέντες,
3506 954 3643 1024 περὶ
3668 946 3742 1007 ὧν

2159 1036 2314 1103 αὖθις
2344 1041 2595 1112 ἐροῦμεν.

2685 1156 3078 1209 ΚΕΦΑΛΑΙΟΝ
3116 1157 3187 1209 Ζ’.
3306 1190 3365 1203 ..ε

2435 1251 2575 1305 ϐίον
2602 1251 2719 1319 χρὴ
2748 1251 2897 1303 εῖναι
2928 1250 3034 1303 τὸν
3055 1249 3457 1318 μεμιηυιένσν.

2228 1405 2470 1479 Γνωστὸν
2513 1406 2567 1459 δὲ
2610 1406 2748 1458 ἐστω
2788 1407 2934 1475 ὑμῖν,
2974 1406 3266 1476 ἀγαπητοὶ,
3299 1409 3380 1460 ὅτι
3427 1410 3477 1461 οἱ
3510 1409 3741 1479 βαπτισ-

2158 1466 2461 1559 θέντεςὶείς
2508 1497 2597 1549 τὸν
2644 1466 2871 1550 θάνατον
2918 1497 3011 1551 τοῦ
3062 1466 3265 1571 Κυρίου
3307 1466 3519 1583 ’[ῃσοῦί
3552 1504 3742 1558 οὐκέτι

2158 1588 2460 1657 ὀφείλουσιν
2494 1589 2826 1659 ἁμαρτάνειν
2854 1591 2902 1642 οἱ
2948 1589 3197 1643 τοιοῦτοι.
3243 1592 3327 1654 Ὠς
3369 1592 3479 1663 γὰρ
3507 1594 3558 1645 οἱ
3604 1595 3740 1647 ἀπο-

2159 1679 2404 1741 θανόντες
2420 1681 2763 1751 άνενέργητοι
2784 1682 2920 1753 πρὸς
2938 1684 3211 1753 ἁμαρτίαν
3229 1683 3581 1755 ὑπάρχουσιν,
3597 1685 3741 1739 οὕτω

480 1786 706 1848 queunt.
753 1776 958 1847 Itaque,
996 1774 1218 1839 fratres,
1262 1791 1369 1829 non
1420 1776 1699 1829 credimus
1746 1775 2055 1844 quempiam

2163 1772 2254 1822 καὶ
2301 1773 2349 1823 οί
2401 1772 2855 1837 συναποθανὼτες
2894 1774 2973 1845 τῷ
3021 1776 3239 1857 Χριστῷ
3280 1777 3551 1847 ἄπρακτοι
3600 1778 3740 1848 πρὸς

480 1873 605 1925 vitae
630 1871 852 1924 lavacro
879 1870 1072 1932 lotum,
1103 1868 1282 1921 adhuc
1326 1868 1640 1936 iniquorum
1677 1868 1861 1936 llagitii
1893 1884 1951 1921 sc
1983 1868 2057 1920 in-

480 1966 726 2034 quinare.
757 1962 859 2028 Qui
891 1969 1070 2016 autem
1103 1969 1227 2031 post
1257 1961 1586 2029 baptismum
1619 1961 1930 2029 deliquerit.
1968 1961 2055 2014 hic

478 2057 588 2112 nisi
628 2055 917 2124 resipiscat
959 2068 1023 2107 ac
1065 2067 1297 2123 peccare
1344 2052 1581 2116 desinat,
1628 2051 1696 2104 ad
1750 2052 2054 2121 gehennam

479 2145 950 2202 condemnabitur.

1065 2327 1294 2383 CAPL‘T
1340 2326 1469 2382 VIII.

479 2421 559 2475 De
578 2438 637 2475 eo
663 2422 826 2492 quiin
856 2423 1201 2485 calumniam,
1226 2422 1302 2474 vel
1327 2420 1775 2490 reprehensionem
1806 2420 2051 2476 incurrit.

550 2514 707 2582 Quod
736 2516 781 2568 si
818 2515 1115 2584 aliquisab
1160 2515 1489 2578 infidelibus,
1529 2514 1655 2583 quia
1688 2530 1795 2565 nun
1824 2522 1909 2567 est
1937 2528 2053 2565 am-

478 2609 623 2678 plius
654 2622 842 2662 eorum
874 2608 1132 2676 nequitiae
1159 2622 1412 2669 consors,
1447 2606 1819 2659 calumniosas
1850 2604 2053 2673 patitur

476 2700 814 2767 delationes;
849 2700 986 2753 sciat
1032 2700 1122 2753 ille
1153 2714 1210 2753 se
1247 2699 1461 2752 beatum
1493 2713 1620 2752 esse
1665 2695 1807 2766 apud
1841 2695 2048 2750 Deum:

478 2790 936 2860 quemadmodum
966 2798 1020 2845 et
1052 2790 1315 2844 Dominus
1347 2791 1400 2843 in
1430 2789 1724 2859 Evangelia
1769 2790 2049 2859 loquitur:

484 2904 503 2936 ι
537 2885 687 2939 Beati
718 2885 852 2939 estis
880 2899 1004 2939 cum
1038 2884 1421 2939 maledixerint
1450 2883 1627 2946 vobis,
1656 2883 1739 2937 vel
1779 2883 2053 2952 persecuti

473 2993 573 3031 vos
605 2977 827 3038 fuerint,
855 2977 938 3031 vel
961 2976 1195 3030 dixerint
1228 2977 1513 3030 adversum
1535 2991 1632 3029 vos
1664 2990 1823 3029 omne
1847 2975 2051 3029 malum

474 3070 727 3133 verbum,
760 3070 1108 3134 mentientes,
1154 3077 1377 3140 propter
1428 3084 1514 3123 me
1545 3088 1555 3122 :
1602 3068 1835 3139 gaudete
1864 3075 1919 3122 ct
1954 3084 2051 3123 οι·
2080 3108 2122 3165 C

473 3166 712 3227 sultate,
757 3164 1015 3235 quoniam
1076 3177 1285 3216 merces
1346 3170 1527 3215 vestra
1577 3160 1800 3229 copiosa
1855 3168 1938 3215 est
1991 3161 2047 3213 in

471 3257 626 3311 oculis
648 3257 714 3310 “.
741 3276 759 3307 ι
795 3255 895 3321 Qui
942 3255 1107 3325 igitur
1138 3254 1493 3308 mendacibus
1544 3256 1816 3323 appetitur
1859 3254 2048 3307 convi—

472 3349 593 3411 ciis,
624 3348 671 3403 is
714 3362 838 3403 vere
883 3347 1074 3402 beatus
1120 3356 1238 3413 est;
1276 3346 1716 3418 quandoquidem
1762 3345 2049 3416 Scriptura

471 3440 604 3494 dicit
628 3459 639 3494 :
681 3457 698 3489 ι
725 3440 819 3494 Vir
846 3439 1112 3508 reprobus
1145 3454 1253 3491 non
1287 3446 1530 3492 tentatur
1554 3454 1583 3491 a
1612 3437 1723 3493 Deo
1748 3438 1847 3493 ⁸⁸.»
1876 3438 2048 3492 Porro

470 3533 564 3604 qui
594 3532 719 3585 mali
752 3531 1033 3601 quidpiam
1068 3530 1246 3599 egisse
1281 3531 1659 3593 convincetur,
1695 3531 1784 3585 ille
1816 3547 1924 3584 non
1956 3547 2047 3585 so-

472 3625 583 3678 lum
615 3625 799 3677 nocuit
830 3624 954 3686 sibi,
980 3638 1166 3677 verum
1196 3623 1359 3677 etiam
1394 3622 1447 3675 in
1471 3638 1761 3677 commune
1794 3622 2047 3678 Ecclesiae

469 3730 675 3786 corpus
716 3723 769 3769 et
820 3716 875 3768 in
924 3729 1139 3771 sacram
1192 3715 1495 3769 doctrinam
1548 3715 1849 3782 injuriosus
1904 3715 2043 3782 fuit;

470 3808 630 3877 quasi
655 3823 774 3863 eam
806 3808 1146 3862 honestatem
1177 3824 1339 3877 quam
1373 3807 1756 3877 praedicaturus,
1787 3809 2045 3877 cperibus

470 3914 580 3953 non
615 3899 926 3966 probemus,
958 3914 1374 3967 mereamurque
1407 3900 1571 3951 etiam
1608 3914 1708 3954 nos
1756 3899 1903 3953 illam
1948 3915 2045 3954 ex-

472 3992 875 4062 probrationem
919 4006 949 4044 a
992 3990 1221 4045 Domino
1259 3991 1487 4045 audire:
1528 4010 1545 4041 ι
1579 3991 1796 4059 Dicunt,
1836 3999 1891 4048 et
1934 4008 2045 4047 non

472 4084 680 4138 faciunt
700 4083 812 4137 ⁸⁸.»
859 4084 1204 4153 Quapropter
1254 4083 1502 4138 homines
1551 4083 1893 4153 huiusmodi,
1948 4084 2041 4157 qui

2158 1866 2450 1935 ἁμαρτίαν.
2485 1867 2559 1919 Οὑ
2606 1867 2931 1937 πιστεύομεν
2972 1863 3084 1928 οὖν,
3128 1867 3363 1937 ἀδελφοὶ,
3406 1868 3739 1939 λουσάμενόν

2155 1975 2273 2010 τινα
2293 1959 2352 2011 τὸ
2370 1958 2468 2027 τῆς
2492 1957 2635 2028 ζωῆς
2655 1959 2894 2030 λουτρὸν,
2918 1959 2995 2010 ἔτι
3029 1960 3289 2030 πράσσειν
3308 1960 3373 2012 τά
3393 1961 3499 2013 τῶν
3519 1961 3740 2031 ἀνόμων

2156 2050 2530 2120 ἁσελγήματα.
2577 2052 2633 2104 Ὀ
2675 2050 2729 2104 δὲ
2775 2052 3099 2122 ἁμαρτήσας
3144 2051 3279 2122 μετὰ
3320 2052 3382 2105 τὸ
3430 2051 3737 2123 βάπτισμα,

2154 2134 2309 2204 οὗτος
2340 2142 2433 2195 ἐὰν
2467 2141 2540 2213 μὴ
2590 2143 2860 2213 μεταγνῷ,
2906 2144 3000 2196 καὶ
3032 2143 3303 2214 παύσηται
3342 2143 3437 2197 τοῦ
3483 2144 3740 2216 πλημμε-

2154 2234 2285 2299 λεῖν,
2317 2238 2397 2299 είς
2426 2236 2650 2303 γέενναν
2688 2236 3169 2307 κατακριθήσεται.

2680 2328 3073 2381 ΚΕΦΑΛΑΙΟΝ
3110 2330 3191 2381 H'.

2261 2417 2399 2485 Περὶ
2428 2420 3019 2489 συκοφαντουμένου,
3052 2421 3181 2489 ἤτοι
3206 2421 3631 2490 ἐλεγχομένου.

2224 2510 2287 2562 Et
2315 2510 2371 2561 δέ
2399 2526 2481 2573 τις
2511 2511 2614 2563 ὑπὸ
2645 2512 2888 2565 ἀπίστων
2920 2514 3295 2585 συκοφαντηθῇ
3324 2514 3410 2567 διὰ
3439 2517 3502 2566 τδ
3538 2515 3738 2585 μηκέτι

2155 2606 2336 2667 αὑτοῖς
2387 2604 2844 2673 συνασελγαίνειν,
2896 2606 3208 2673 γινωσκέτω
3251 2607 3333 2659 ὃτι
3394 2606 3667 2677 μακάριος
3713 2609 3741 2660 6

2153 2694 2390 2757 τοιοῦτος
2418 2696 2651 2767 ὑπάρχει
2674 2697 2791 2767 Θεῷ
2812 2698 2943 2768 (22)’
2977 2696 3158 2761 καθὼς
3186 2698 3279 2750 καὶ
3306 2700 3334 2749 ὁ
3352 2698 3557 2769 Κύριος
3588 2702 3647 2751 ὲν
3663 2700 3741 2769 τῷ

2154 2787 2470 2857 Εὑαγγελίῳ
2497 2789 2664 2855 λέγει·
2703 2808 2723 2840 ι
2750 2790 3027 2859 Μακάριοι
3059 2790 3203 2853 ὲστε,
3231 2791 3358 2843 ὃταν
3403 2790 3740 2844 ὀνειδίσωσιν

2155 2880 2318 2949 ὑμᾶς,
2348 2880 2380 2949 ἢ
2411 2880 2700 2944 διώξωσιν,
2738 2880 2770 2951 ἢ
2802 2882 2997 2934 είπωσι
3027 2881 3146 2935 καθ’
3179 2881 3330 2952 ὑμῶν
3361 2884 3469 2935 πᾶν
3499 2884 3741 2955 πονηρὸν

2157 2974 2330 3046 ﬁlim:
2361 2972 2695 3042 ψευδόμενοιν
2746 2973 2929 3045 ἓκέεκεν
2958 2973 3111 3043 ὲμοὖ’
3146 2974 3383 3045 χαίρετε,
3428 2975 3525 3027 καὶ
3571 2976 3740 3043 ἀγαλ-

2154 3064 2359 3127 λιᾶσθε,
2378 3065 2458 3117 ὅτι
2482 3066 2509 3117 ὁ
2541 3065 2728 3136 μισθὸς
2759 3065 2910 3135 ὑμῶν
2932 3065 3096 3129 πολὺς
3122 3067 3179 3117 ἐν
3202 3068 3310 3128 τοῖς
3340 3068 3613 3137 οὐρανοῖς.
3632 3088 3648 3118 ι
3680 3068 3739 3119 ΕΞ

2155 3154 2247 3211 οὖν
2263 3175 2344 3220 τις
2363 3156 2775 3228 βλασφημηθείη
2804 3157 2897 3210 ἐπὶ
2923 3157 3214 3230 ψεύσματι,
3239 3158 3550 3230 μακάριοςό
3577 3159 3742 3213 τοιοῦ-

2154 3268 2263 3313 τος.
2296 3252 2457 3319 Λέγει
2494 3251 2601 3322 γάρ
2630 3254 2662 3323 ἡ
2705 3252 2916 3322 Γραφή”
2956 3271 2973 3302 ι
3013 3251 3173 3321 Ἀνὴρ
3203 3250 3477 3320 ἀδόκιμος,
3506 3253 3741 3322 ἀπείρα-

2157 3359 2280 3407 στος
2321 3343 2471 3414 παρὰ
2504 3343 2641 3413 Θεῷ.
2668 3362 2686 3394 ι
2723 3344 2786 3396 Ei
2824 3343 2881 3395 δέ
2910 3360 2992 3405 τις
3020 3342 3246 3414 ἐλεγχθῇ
3276 3341 3493 3413 πράξας
3534 3360 3591 3396 τι
3621 3346 3740 3398 ἀνο-

2158 3453 2276 3506 μον,
2291 3437 2319 3488 ὁ
2333 3434 2569 3499 τοιοῦτος
2585 3437 2645 3488 ού
2665 3436 2820 3506 μόνον
2839 3437 3028 3489 ἑαυτὸν
3048 3436 3293 3505 ἔϐλαψεν,
3312 3436 3446 3489 ἁλλὰ
3466 3437 3562 3489 καὶ
3587 3436 3739 3507 βλασ-

2155 3546 2229 3600 φη
2238 3527 2366 3598 μίαν
2388 3527 2715 3599 προσέτριψε
2742 3527 2819 3599 τῷ
2848 3528 3008 3599 κοινῴ
3028 3529 3127 3599 τῆς
3158 3531 3479 3600 Ἐκκλησίας
3500 3530 3737 3601 σώματι,

2155 3622 2249 3674 καὶ
2275 3624 2342 3691 τῇ
2370 3620 2703 3692 διδασκαλίᾳ,
2737 3621 2813 3684 ὡς
2846 3620 2919 3692 μὴ
2950 3621 3249 3676 ποιούντων
3276 3624 3480 3686 ἐκεῖνα,
3509 3622 3546 3676 ἃ.
3585 3623 3738 3690 λέγο-

2156 3730 2251 3783 μεν
2281 3708 2417 3765 εἶναι
2452 3712 2613 3775 καλὰ,
2645 3714 2738 3766 καὶ
2782 3714 3255 3785 ὀνειδισθησόμεθα
3299 3717 3393 3768 καὶ
3432 3717 3599 3785 ἡμεῖς
3632 3717 3737 3769 ὑπὸ

2149 3803 2245 3857 τοῦ
2276 3805 2501 3875 Κυρίου,
2529 3805 2610 3858 ὅτι
2646 3823 2663 3856 ι
2694 3806 2946 3874 Λέγουσι,
2994 3808 3089 3859 καὶ
3115 3808 3176 3860 οὑ
3223 3806 3483 3860 ποιοῦσιν.
3515 3827 3535 3859 ι
3576 3808 3737 3873 Ὅθεν

2149 3897 2276 3959 τοὺς
2317 3896 2592 3959 τοιούτους
2633 3896 2987 3968 ἐλεγχθέντας
3032 3898 3282 3969 άληθῶς,
3330 3902 3735 3970 παραιτήσεται

2153 3988 2289 4059 μετά
2335 3991 2647 4061 παρρησίας
2682 3991 2711 4041 6
2749 3990 3065 4055 ἐπίσκοπος,
3106 3993 3155 4045 εί
3203 3990 3278 4063 μὴ
3323 3992 3735 4063 μεταϐάλωνται

2148 4079 2238 4133 τὸν
2267 4080 2486 4151 τρόπον.

471 4194 601 4233 vere
632 4177 866 4232 convicti
913 4176 1137 4241 fuerint,
1169 4178 1273 4231 nisi
1313 4192 1492 4231 mores
1528 4178 1876 4243 mutaverint,
1917 4178 2213 4247 episcopus
2244 4171 2470 4229 fidenter
2498 4175 2793 4233 abdicabit.

1081 4354 1309 4411 CAPUT
1351 4355 1441 4411 IX.

542 4451 860 4520 Episcopum
890 4466 993 4503 non
1023 4449 1206 4503 debere
1229 4466 1341 4503 esse
1377 4450 1676 4503 muneribus
1708 4450 1965 4517 pervium.

542 4544 769 4614 Oportet
814 4543 960 4597 enim
1007 4541 1323 4611 episcopum
1355 4556 1464 4594 non
1509 4540 1669 4595 modo
1702 4542 2040 4611 inculpatum

472 4652 617 4697 esse,
647 4635 743 4691 sed
773 4640 826 4688 et
849 4648 1206 4703 personarum
1238 4648 1347 4686 non
1388 4640 1807 4701 acceptatorem,
1838 4635 2042 4703 quique

472 4736 788 4797 peccatores
815 4725 1125 4779 humaniter
1148 4724 1396 4793 castiget.
1429 4723 1585 4789 Quod
1618 4724 1661 4778 si
1695 4724 1801 4778 sibi
1823 4740 2041 4794 quoque

472 4820 614 4873 male
657 4818 939 4881 conscius,
988 4825 1042 4873 et
1091 4818 1257 4871 certis
1310 4816 1563 4886 personis
1614 4817 1913 4886 gratificari
1943 4832 2040 4871 cu-

474 4910 649 4979 piens,
696 4908 917 4963 sordide
962 4909 1199 4979 acceptis
1250 4909 1588 4971 muneribus,
1631 4911 1905 4965 sceleroso
1949 4927 2044 4981 pe-

474 5002 737 5072 percerit,
769 5017 1003 5072 eumque
1049 5003 1103 5056 in
1146 5002 1387 5056 Ecclesia
1436 5018 1654 5057 manere
1703 5005 2041 5072 permiserit,

472 5104 526 5147 et
579 5094 877 5163 neglexerit
930 5093 1143 5150 divinas
1179 5111 1241 5149 ac
1283 5093 1595 5150 Dominicas
1627 5112 1816 5161 voces,
1857 5096 2043 5151 dicen-

560 5254 607 5283 "
636 5251 824 5306 Matth.
853 5267 906 5305 XI
941 5258 996 5307 et
1036 5267 1159 5307 xm.
1254 5252 1300 5283 ”
1330 5251 1490 5307 Prov.
1527 5270 1573 5317 ι,
1607 5253 1660 5307 8.

2691 4357 3085 4412 ΚΕΦΑΛΑΙΟΝ
3120 4357 3196 4412 Θ’.

2153 4456 2277 4508 Ὀτι
2301 4453 2747 4521 ἀδωροδόκητον
2775 4452 2926 4505 εἶναι
2953 4450 3068 4519 χρὴ
3097 4452 3202 4505 τὸν
3238 4450 3574 4504 ἐπίσκοπον
3594 4451 3733 4522 (23).

2219 4548 2293 4599 Οὐ
2314 4545 2421 4616 γὰρ
2454 4544 2609 4614 μόνον
2627 4544 2973 4613 ἀπρόσκοπον
2993 4538 3129 4595 εἶναι
3159 4542 3265 4614 χρὴ
3293 4543 3382 4595 τὸν
3403 4544 3733 4607 ἐπίσκοπον,

2150 4637 2283 4690 ἀλλὰ
2313 4638 2404 4689 καὶ
2445 4635 2963 4707 ἀπροσωπόληπτον,
2993 4636 3051 4687 ἐν
3091 4636 3414 4706 χπστὸτητι
3462 4637 3739 4706 σωφρονί-

2148 4728 2306 4792 ζοντα
2326 4729 2450 4790 τοὺς
2478 4728 2907 4799 ἁμαρτάνοντας.
2938 4728 3001 4781 Εἰ
3032 4726 3087 4779 δὲ
3113 4727 3205 4780 καὶ
3226 4726 3385 4789 αὐτὸς
3402 4727 3502 4779 οὑκ
3534 4728 3739 4779 εὐσυν-

2148 4820 2355 4889 είδητος
2416 4820 2695 4891 ὑπάρχων,
2749 4818 3219 4892 προσωπολήπτης
3273 4819 3583 4889 γενόμενος,
3639 4820 3736 4876 διά

2144 4928 2265 4964 τινα
2303 4913 2661 4984 αἰσχροκερδῆ
2694 4912 3053 4981 δωροληψίαν,
3084 4913 3327 4981 φείσεται
3366 4911 3461 4964 τοῦ
3503 4913 3734 4981 ἀνόμως

2147 5004 2501 5075 ἁμαρτόντος,
2546 5005 2709 5067 ἐάσας
2775 5006 2920 5075 ὲντῇ
2972 5005 3262 5074 Ἐκκλησία
3310 5005 3489 5075 μένειν
3536 5006 3730 5065 αὑτὸν,

2146 5096 2499 5170 παρακούσας
2534 5098 2635 5168 τῆς
2664 5098 2811 5161 θείας
2836 5100 2927 5151 καί⁵
2949 5097 3232 5168 Κυριακῆς
3262 5096 3445 5165 φωνῆς
3472 5096 3573 5166 τῆς
3611 5097 3731 5168 (24)

1768 5253 1814 5284 ⁸⁸
1850 5250 2044 5307 Matth.

2162 5252 2243 5307 ll.
2321 5252 2366 5283 “
2394 5250 2513 5308 Jac.
2541 5268 2556 5305 ι
2581 5294 2596 5319 ,
2633 5252 2738 5317 12,
2786 5254 2872 5308 15.
2950 5254 2995 5285 ⁶⁶
3026 5252 3220 5309 Matth.
3268 5268 3438 5317 χχιιι,
3473 5253 3528 5306 3.

1785 5427 2141 5485 VARIORUM
2172 5426 2379 5483 NOTAE
2393 5470 2406 5483 .

544 5584 663 5669 (2i).
696 5584 807 5639 Καὶ
861 5583 1181 5649 δοκοῦντες
1234 5582 1363 5653 γάρ.
1409 5584 1472 5635 Οἱ
1518 5584 1564 5637 δ.
1607 5584 1710 5648 δέ,
1749 5584 1885 5639 alter
1939 5598 2040 5638 co-

464 5658 585 5712 dex.
626 5658 796 5709 Cum.

536 5726 655 5789 iiii
698 5725 835 5791 Θεῷ.
866 5725 1015 5781 Alter
1042 5724 1211 5781 codex
1235 5722 1393 5779 Vind.
1425 5723 1572 5794 παρὰ
1602 5723 1735 5794 Θεῷ.
1770 5723 1834 5781 In.

2216 5586 2329 5659 (25)
2370 5585 2658 5659 Inscriptio
2693 5588 2805 5642 hare
2835 5587 2988 5645 deest
3020 5588 3076 5643 in
3115 5597 3347 5659 utroque
3389 5591 3606 5647 codice.
3640 5594 3727 5652 lo.

2216 5657 2328 5727 (24)
2376 5658 2504 5726 Τῆς.
2552 5657 2674 5713 llaec
2715 5660 2904 5715 vocula
2957 5660 3108 5716 deest
3151 5661 3203 5715 in
3253 5657 3426 5716 altero
3471 5662 3600 5720 cod.
3644 5664 3725 5722 ιι.
