3884 6180
479 300 582 355 619

1328 299 1383 352 S.
1423 292 1819 351 CLEMENTIS
1852 295 1872 348 l
1906 292 2072 349 ROM.
2108 290 2308 346 ΡΟΝΤ.
2344 288 2573 347 OPERA
2605 288 2831 346 DUBIA.

3609 283 3719 339 620

479 424 616 470 tum.
650 412 716 467 Et
745 414 789 469 si
825 412 1030 467 fuerint
1059 420 1173 467 tres
1203 427 1307 466 vm
1338 412 1394 465 in
1429 411 1609 467 medio
1636 412 1756 480 ejus
1777 451 1791 474 ,
1830 409 1965 477 Noe,
1999 416 2053 463 et

2157 408 2214 460 ὲν
2244 407 2394 477 μέσῳ
2422 406 2612 475 αὐτῆς,
2643 406 2785 466 Νῶε,
2817 404 2909 458 καὶ
2949 402 3192 465 Ίὼ6,καὶ
3218 399 3433 471 Δανιὴλ,
3445 394 3588 454 οὗτοι
3610 401 3717 473 (56)

476 507 581 563 Job
601 546 615 569 ,
646 514 702 561 et
732 504 918 559 Daniel
955 522 970 571 ;
1002 504 1105 574 ipsi
1136 504 1191 558 in
1223 519 1323 559 sua
1354 503 1568 573 justitia
1600 506 1899 559 servabunt
1930 505 2047 557 ani—

478 613 597 653 mas
642 611 809 658 suas,
865 597 942 651 ait
988 594 1200 650 Adonai
1260 594 1522 651 Dominus
1544 596 1609 651 ".
1648 597 2047 666 iApertissime

478 688 779 744 declaravit
810 686 1130 757 Scriptura,
1157 687 1367 757 justum
1405 702 1530 741 cum
1571 688 1777 757 injusto
1818 705 2048 744 conver-

478 789 691 836 santem
709 819 726 844 ,
752 795 860 834 una
888 794 1011 834 eum
1043 795 1109 833 eo
1136 794 1245 834 non
1274 780 1519 835 interire.
1554 778 1832 851 Siquidem
1861 783 1915 836 in
1944 782 2047 836 hoc

478 871 685 927 mundo
724 871 860 941 justi
908 878 963 925 et
1010 871 1202 940 i'njusti
1244 871 1409 927 simul
1453 882 1874 943 congregantur,
1924 875 2048 928 vita:

478 963 875 1018 communitate
894 1002 909 1027 ,
944 977 1055 1017 non
1084 962 1249 1017 etiam
1279 963 1630 1031 sanctitatis;
1661 978 1768 1033 qua
1798 963 1851 1018 in
1884 979 2047 1020 causa

479 1054 641 1108 amici
670 1052 763 1108 Dei
803 1069 914 1107 non
959 1061 1226 1123 peccant,
1268 1054 1515 1123 quinimo
1550 1071 1568 1104 ι
1613 1053 1830 1109 Patrem
1886 1071 2047 1110 suum

478 1145 571 1214 qui
598 1144 651 1198 in
676 1144 832 1199 oculis
852 1152 983 1199 est)
1019 1145 1324 1208 imitantur,
1357 1163 1374 1195 ι
1407 1145 1500 1215 qui
1526 1146 1695 1200 solem
1722 1162 1882 1201 suum
1913 1149 2046 1203 oriri

480 1237 609 1291 facit
653 1251 817 1305 super
860 1237 1040 1306 justos
1082 1244 1137 1291 et
1179 1237 1451 1305 injustos,
1483 1245 1537 1292 et
1568 1257 1585 1289 ι
1614 1237 1844 1293 imbrem
1885 1256 2045 1295 suum

484 1345 506 1379 ι
532 1328 668 1396 pluit
701 1342 865 1397 super
908 1329 1080 1383 malos
1129 1335 1183 1383 et
1228 1329 1401 1384 bonos
1422 1329 1489 1382 ".
1528 1348 1547 1381 ι
1574 1330 1620 1361 ⁹⁶
1641 1329 1828 1401 Neque
1874 1332 2045 1387 ullum

480 1418 609 1473 inde
635 1419 939 1489 periculum
968 1419 1088 1473 viro
1117 1420 1267 1489 justo
1295 1438 1309 1486 ;
1346 1435 1470 1474 nam
1504 1421 1559 1475 in
1592 1421 1771 1476 stadio
1810 1423 2048 1479 victores

476 1510 642 1563 victis
681 1517 810 1565 sunt
847 1510 1138 1580 permisti;
1181 1520 1236 1565 at
1274 1510 1329 1565 in
1371 1526 1586 1566 corona:
1616 1513 1910 1569 donatione
1946 1516 2045 1570 soli

478 1610 662 1656 astant
709 1602 803 1672 qui
855 1602 1071 1657 fortiter
1122 1610 1545 1673 pugnaverunt,
1606 1620 1706 1659 nec
1754 1606 2046 1676 quisquam

478 1702 795 1760 coronatur,
826 1694 931 1749 nisi
963 1694 1057 1765 qui
1086 1694 1325 1765 legitime
1358 1696 1650 1751 certaverit
1670 1697 1737 1749 "'.
1788 1696 1834 1728 ’⁸
1867 1696 2048 1754 Unus—

476 1786 712 1857 quisque
738 1784 804 1842 de
834 1762 1014 1857 seipse
1056 1762 1408 1842 conﬁtebitur
1445 1803 1508 1842 ac
1537 1787 1920 1858 respondebit,
1950 1806 2047 1845 ne-
2077 1762 2119 1817 Β

475 1894 585 1949 que
606 1879 818 1947 justum
850 1894 977 1933 cum
1009 1878 1215 1948 injusto
1245 1879 1390 1935 Deus
1432 1880 1659 1950 perdet;
1702 1881 2047 1952 quandoqui-

476 1969 599 2025 dem
631 1971 775 2040 apud
801 1986 924 2025 eum
958 1970 1222 2042 quidquid
1254 1972 1429 2041 culpae
1457 1987 1565 2026 non
1597 1982 1679 2028 est
1710 1973 2044 2042 obnoxium,

475 2076 581 2116 nec
620 2062 817 2117 ultioni
855 2062 1162 2132 subjectum
1201 2070 1306 2118 est.
1343 2062 1531 2133 Neque
1568 2065 1713 2119 enim
1754 2064 1920 2119 Noem
1952 2067 2049 2120 de-

474 2153 713 2218 mersit,
760 2168 940 2223 neque
992 2153 1188 2208 Lotum
1240 2155 1519 2223 incendit,
1567 2173 1746 2227 neque
1802 2156 2045 2214 Raabam

477 2244 667 2314 patria:
704 2245 918 2299 excidio
964 2245 1416 2315 comprehendit;
1450 2254 1505 2301 et
1549 2248 1597 2304 si
1640 2249 1805 2314 libet,
1853 2260 2045 2306 nostra

473 2350 694 2404 quoque
747 2350 1055 2406 cognosce,
1105 2335 1277 2393 ludas
1324 2338 1528 2395 sodalis
1582 2350 1791 2407 noster,
1841 2350 2047 2398 sortem

474 2427 767 2482 ministerii
796 2428 1085 2483 nobiscum
1115 2443 1458 2485 communem
1492 2432 1740 2501 accepit,
1772 2442 1826 2487 et
1855 2432 2046 2490 Simon

474 2518 669 2590 Nagus
700 2521 969 2591 baptismo
1004 2519 1215 2575 Domini
1252 2521 1497 2592 signatus
1529 2522 1668 2590 fuit;
1704 2540 1891 2579 verum
1920 2542 2045 2580 cum

475 2620 707 2682 uterque
738 2628 938 2683 pravus
982 2613 1323 2678 exstitisset,
1357 2615 1449 2670 ille
1493 2617 1714 2685 quidem
1752 2617 1947 2687 laqueo
1987 2635 2047 2675 se

474 2705 803 2775 suspendit;
837 2705 929 2759 hic.
954 2721 1085 2761 vero
1116 2715 1314 2776 praeter
1338 2707 1619 2761 hominum
1660 2718 1911 2764 naturam
1950 2726 2047 2765 vo-

473 2796 673 2861 litans,
702 2798 854 2869 gravi
885 2812 1018 2852 casu
1050 2798 1254 2856 fractus
1279 2808 1383 2855 est.
1414 2800 1494 2855 Ad
1526 2801 1673 2866 haec,
1707 2802 1846 2856 Area
1877 2802 2044 2857 Noem

475 2897 534 2945 et
578 2890 720 2946 filios
758 2891 881 2961 ejus
922 2892 1426 2962 complectebatur;
1476 2893 1571 2949 sed
1614 2896 1764 2950 solus
1806 2895 2046 2951 Chamus

474 2996 710 3053 nequam
761 2990 1046 3053 repertus,
1096 2984 1150 3038 in
1199 2983 1309 3038 ﬁlio
1356 3000 1549 3055 pmnas
1587 2985 1756 3041 dedit.
1802 2986 1957 3053 Quod
1998 2989 2043 3043 si

2152 501 2210 551 ὲν
2239 502 2307 570 τῇ
2336 498 2644 567 δικαιοσύνῃ
2689 497 2867 551 αὐτῶν
2917 495 3147 549 σώσουσι
3184 493 3284 557 τὰς
3312 492 3488 563 ψυχὰς
3521 493 3715 553 αὐτῶν,

2150 593 2299 661 λέγει
2339 590 2560 645 Ἀδωναῒ
2588 590 2810 661 Κύριος.
2843 607 2861 639 ι
2892 588 3210 657 Σαφέστατα
3237 586 3348 657 (57)
3375 584 3715 655 δεδήλωκενή

2151 684 2362 757 Γραφὴ,
2393 684 2476 736 ὅτι
2532 681 2704 736 συνὼν
2768 680 2973 742 δίκαιος
3013 678 3181 749 ἀδίκῳ
3223 679 3285 730 οὐ
3335 675 3717 730 συναπόλλυται

2154 780 2269 849 μετ’
2306 775 2493 831 αὑτοῦ.
2546 775 2634 827 Ἑν
2663 773 2771 843 γὰρ
2796 772 2874 843 τῷ
2892 772 3080 842 κόσμῳ
3098 770 3272 841 τούτῳ
3290 770 3384 823 καὶ
3405 769 3602 822 δίκαιοι
3630 770 3720 821 καὶ

2148 871 2321 925 ἄδικοι
2354 867 2602 939 ἀλλήλοις
2633 862 3077 933 συναγελάζονται
3104 860 3355 932 κοινωνίᾳ
3376 860 3512 930 βίου,
3533 861 3593 912 οὐ
3612 857 3719 930 μὴν

2148 963 2242 1017 καὶ
2269 961 2567 1031 ὁσιότητος·
2602 959 2695 1012 καὶ
2723 959 2893 1026 τούτῳ
2926 954 3025 1024 οὐχ
3069 951 3471 1024 ἁμαρτάνουσιν
3509 952 3561 1003 oi
3606 950 3719 1003 θεο-

2149 1055 2340 1125 φιλεῖςο
2377 1050 2609 1124 μιμηταὶ
2645 1048 2753 1120 γάρ
2797 1049 2901 1100 εἱσι
2945 1045 3038 1099 τοῦ
3081 1044 3294 1115 Πατρὸς
3321 1041 3500 1096 αὐτῶν
3541 1041 3636 1095 τοῦ
3663 1043 3719 1095 ὲν

2147 1150 2262 1209 τοῖς
2292 1146 2560 1217 οὐρανοῖς,
2581 1140 2675 1193 τοῦ
2706 1140 2796 1192 τὸν
2823 1139 2973 1209 ἥλιον
3018 1136 3183 1191 αὐτοῦ
3224 1134 3604 1197 ἀνατέλλοντος
3630 1136 3719 1187 ἐπὶ

2147 1237 2385 1301 δικαίους
2419 1235 2513 1289 καὶ
2542 1233 2778 1294 ἀδίκους,
2812 1231 2905 1285 καὶ
2936 1229 3220 1301 βρέχοντος
3247 1227 3411 1282 αὑτοῦ
3439 1226 3531 1279 τὸν
3569 1227 3718 1279 ὑετὸν

2147 1332 2239 1384 ἐπὶ
2267 1329 2555 1401 πονηροὺς,
2584 1325 2677 1379 καί
2706 1321 2963 1391 ἀγαθούς.
3004 1320 3113 1375 Καὶ
3141 1318 3292 1372 οὐδὲν
3333 1316 3663 1372 κινδυνεύσει
3692 1318 3719 1368 ὁ

2146 1426 2349 1487 δίκαιος
2377 1424 2441 1476 ὲκ
2470 1420 2675 1473 τούτου·
2710 1419 2767 1470 ὲν
2796 1415 2903 1487 γὰρ
2931 1414 3009 1485 τῷ
3039 1414 3235 1484 σταδίῳ
3263 1413 3356 1467 καὶ
3374 1412 3612 1482 νικηταὶ,
3630 1412 3721 1464 καὶ

2147 1515 2433 1589 νικώμενοί
2460 1517 2617 1576 εἰσιν,
2650 1514 2707 1566 ἐν
2734 1512 2790 1564 δὲ
2818 1510 2897 1581 τῷ
2927 1508 3175 1579 στεφάνῳ
3206 1507 3355 1578 μόνοι
3382 1506 3435 1558 oi
3462 1504 3721 1573 γενναίως

2146 1610 2570 1681 ἀγωνισάμενοι,
2610 1606 2783 1669 οὐδεὶς
2810 1604 2867 1657 δὲ
2916 1602 3291 1672 στεφανοῦται,
3342 1599 3438 1651 ἐὰν
3468 1596 3543 1669 μὴ
3574 1596 3724 1666 νομί-

2152 1723 2267 1777 μως
2308 1703 2539 1774 ἀθλήσῃ.
2589 1700 2858 1761 Ἕκαστος
2902 1697 3011 1767 γὰρ
3056 1713 3123 1748 πε
3134 1695 3187 1766 pl.
3235 1691 3427 1747 ἑαυτοῦ
3470 1690 3724 1761 ἐξομολο-

2148 1799 2374 1869 γήσεται
2395 1796 2462 1856 ”,
2493 1793 2587 1848 κα)¹
2615 1793 2675 1846 οὐ
2700 1791 2773 1863 μὴ
2805 1788 3141 1859 συναπολέσῃ
3168 1788 3197 1840 6
3226 1784 3356 1848 Θεὸς
3382 1784 3474 1837 τὸν
3517 1782 3724 1837 δίκαιον

2151 1888 2287 1961 μετά
2325 1885 2419 1940 τοῦ
2454 1885 2660 1947 ἀδίκου,
2700 1881 2926 1952 ἐπείπερ
2960 1881 3091 1950 παρ’
3120 1876 3269 1947 αὐτῷ
3313 1875 3374 1928 τὺ
3406 1872 3723 1946 ἀνικμάρτη⁴

2149 1998 2240 2033 τον
2261 1976 2623 2048 ἀτιμώρητον.
2656 1971 2791 2024 οὔτε
2837 1971 2947 2043 γὰρ
2984 1970 3073 2022 τὸν
3110 1969 3233 2021 Νῶε
3262 1965 3617 2026 κατέκλυσεν.
3645 1965 3726 2019 οὖ-

2146 2089 2205 2125 τε
2235 2071 2325 2124 τὸν
2352 2067 2473 2122 Λὼτ
2499 2062 2843 2135 κατέφλεξεν,
2873 2062 2996 2115 οὔτε
3025 2060 3123 2131 τὴν
3149 2059 3317 2113 Ῥαὰὸ
3350 2058 3721 2112 συναπώλεσε·

2146 2164 2195 2215 εί
2224 2162 2281 2215 δὲ
2316 2158 2569 2232 βούλεσθε
2609 2157 2811 2225 γνῶναι
2860 2156 2953 2208 καὶ
2996 2152 3067 2206 τὰ
3110 2152 3195 2221 ἐφ’
3222 2150 3380 2222 ἡμῶν
3434 2150 3724 2219 γενόμενα,

2160 2253 2360 2316 Ἰούδας
2401 2253 2498 2305 σὺν
2542 2252 2675 2321 ἡμῖν
2702 2247 2799 2311 ῶν,
2830 2245 2989 2299 ἔλαϐε
3033 2244 3125 2297 τὸν
3162 2243 3364 2314 κλῆρον
3396 2242 3500 2311 τῆς
3546 2242 3727 2295 διακο-

2146 2346 2284 2410 νίας,
2316 2345 2375 2398 δν
2403 2345 2497 2397 καὶ
2522 2344 2704 2414 ἡμεῖς,
2736 2341 2830 2394 κα)⁸
2856 2340 3039 2409 Σίμων
3068 2338 3096 2389 ὁ
3115 2336 3305 2404 Μάγος
3322 2334 3421 2404 τὴν
3449 2335 3509 2387 ὲν
3537 2333 3727 2405 Κυρίῳ

2148 2436 2435 2510 σφραγῖδα·
2468 2434 2580 2488 ἀλλ’
2613 2433 2870 2504 ἑκάτερος
2902 2430 3079 2484 αὐτῶν
3121 2426 3453 2497 ἀναδειχθεὶς
3501 2423 3723 2494 φαῦλος,

2145 2532 2174 2583 6
2205 2531 2302 2601 μὲν
2330 2526 2613 2599 ἀπήγξατο
2642 2524 2776 2595 (58),
2823 2524 2851 2576 6
2893 2522 2950 2575 δὲ
2995 2520 3146 2606 παρὰ
3197 2520 3358 2589 φύσιν
3405 2516 3725 2587 ίπτάμενος,

2147 2620 2437 2693 συνετρίϐη
2467 2617 2600 2689 (59).
2637 2617 2748 2671 Καὶ
2778 2617 2836 2669 ὲν
2866 2616 2933 2686 τῇ
2963 2610 3201 2682 κιϐωτῷ,
3232 2609 3354 2663 Νῶε
3401 2608 3498 2662 καὶ
3538 2608 3592 2660 οί
3625 2608 3727 2659 υἱοὶ

2146 2712 2315 2769 αὑτοῦ
2345 2711 2611 2783 ὑπῆρχον·
2644 2709 2779 2763 ἀλλά
2806 2706 3091 2778 πονηρὸς-ό
3112 2704 3235 2774 Χάμ
3269 2700 3514 2773 εὑρεθεὶς
3546 2699 3724 2770 μόνος,

2145 2807 2224 2869 είς
2240 2805 2329 2858 τὸν
2348 2804 2461 2856 υἱὸν
2482 2801 2696 2866 ἐδέξατο
2712 2796 3126 2871 τιμωρίαν
3145 2797 3207 2849 Et
3226 2795 3282 2847 δὲ
3301 2792 3411 2865 (61)
3434 2793 3533 2845 καὶ
3560 2791 3725 2844 πατέ-

2146 2914 2240 2968 ρες
2267 2896 2405 2966 ὑπὲρ
2434 2894 2641 2947 παίδων
2663 2893 2723 2945 οὐ
2753 2890 3143 2963 τιμωροῦνται,
3174 2888 3297 2941 οὔτε
3326 2888 3433 2939 υἱοὶ
3461 2886 3607 2959 ὑπὲρ
3635 2903 3728 2939 πα-

2143 2988 2338 3060 τέρων,
2368 2987 2549 3058 δῆλον,
2592 2987 2668 3049 ὠς
2697 2985 2820 3038 οὗτε
2860 2986 3117 3052 γυναῖκες
3146 2983 3284 3052 ὑπὲρ
3329 2980 3564 3051 ἀνδρῶν,
3606 2979 3726 3031 οὗτε

474 3081 657 3145 patres
687 3089 786 3143 pro
821 3074 949 3130 ﬁliis
976 3090 1086 3130 non
1118 3076 1446 3146 puniuntur,
1482 3094 1659 3147 neque
1691 3078 1784 3132 filii
1819 3094 1916 3149 pro
1946 3095 2045 3149 pa—

2155 3080 2349 3132 aixérat
2378 3079 2517 3149 ὑπὲρ
2552 3076 2849 3140 δεσποτῶν,
2879 3074 3002 3128 οὔτε
3034 3076 3314 3142 συγγενεῖς
3355 3074 3499 3144 ὑπὲρ
3532 3089 3727 3142 συγγε-

472 3165 651 3222 tribus
678 3205 693 3231 ,
724 3167 894 3237 liquet
918 3167 1063 3238 quod
1094 3184 1273 3238 neque
1298 3184 1500 3224 uxores
1529 3185 1627 3239 pro
1657 3169 1870 3225 maritis
1890 3210 1905 3236 ,
1941 3186 2041 3226 ne-

470 3275 581 3329 que
602 3259 790 3315 famuli
814 3275 913 3330 pro
936 3259 1198 3324 dominis,
1214 3275 1390 3330 neque
1411 3262 1626 3331 cognati
1649 3277 1748 3331 pro
1770 3262 2039 3332 cognatis,

472 3367 652 3423 neque
684 3354 846 3407 amici
877 3368 976 3425 pro
1006 3354 1200 3408 amicis
1221 3392 1236 3417 ,
1276 3369 1454 3424 neque
1476 3353 1611 3423 justi
1647 3370 1744 3424 pro
1774 3356 1995 3423 mjustis
2025 3371 2043 3425 ;

470 3452 526 3499 et
553 3444 700 3514 quod
739 3444 941 3515 singuli
982 3444 1048 3499 de
1087 3445 1204 3501 suis
1254 3446 1515 3515 operibus
1556 3446 2038 3501 examinabuntur.

470 3533 607 3589 Nam
640 3550 670 3588 a
700 3534 815 3590 Noe
843 3551 944 3605 pro
973 3537 1179 3591 mundo
1202 3552 1377 3607 poma:
1404 3552 1515 3591 non
1540 3546 1670 3591 sunt
1690 3546 1914 3599 exactae,
1941 3552 2043 3593 nec

469 3626 642 3683 Lotus
670 3642 770 3697 pro
803 3626 1055 3684 Sodomis
1084 3629 1341 3685 incendio
1369 3628 1761 3700 conflagravit,
1796 3646 1897 3685 nec
1929 3629 2040 3683 Ra-

471 3719 575 3772 aba
608 3733 707 3787 pro
737 3716 1174 3776 Hiericbuntinis
1203 3720 1451 3791 jugulata
1483 3728 1603 3785 est,
1636 3737 1737 3776 nec
1782 3722 2042 3778 lsraelitte

470 3820 572 3875 pro
617 3804 885 3877 IEgyptiis
932 3808 1202 3865 submersi
1235 3821 1382 3866 sunt.
1416 3810 1845 3867 Contubernium
1893 3811 2041 3865 enim

465 3895 649 3964 justus
668 3898 997 3962 injusterum
1021 3901 1358 3958 damnationi
1381 3919 1487 3959 non
1508 3903 1755 3967 involvit,
1778 3902 1875 3959 sed
1900 3916 2042 3956 una-

472 3986 718 4043 nimitas.
745 3986 915 4059 Igitur
928 3988 1209 4044 attendere
1226 4004 1333 4043 non
1357 3988 1620 4047 debemus
1649 3992 1768 4046 istis
1800 3992 2040 4048 homini-

472 4077 599 4141 bus,
620 4078 685 4133 ad
704 4078 905 4133 caedem
927 4094 1143 4150 semper
1162 4082 1452 4152 promptis,
1475 4081 1836 4139 humanitatis
1860 4085 2041 4139 osori-

470 4169 597 4235 bus,
640 4171 1044 4247 criminationis
1083 4173 1366 4239 studiosis,
1394 4181 1449 4229 et
1487 4174 1733 4245 quicum
1780 4183 2043 4246 praetextu

470 4268 705 4318 mortem
747 4262 1041 4335 jinferunt.
1126 4265 1279 4320 Alter
1340 4267 1485 4322 enim
1556 4283 1656 4337 pro
1699 4269 1871 4323 altero
1929 4285 2041 4325 non

470 4354 729 4421 moritur,
744 4357 840 4413 sed
861 4356 1118 4416 «funibus
1132 4374 1357 4415 suorum
1373 4373 1719 4430 peccatorum
1736 4363 2039 4434 unusquis-

541 4532 589 4565 ”
612 4532 805 4591 Ezech.
840 4551 952 4599 le,
990 4536 1076 4590 {5.
1156 4537 1202 4570 ’⁸
1233 4535 1423 4591 Matth.
1465 4555 1518 4601 v,
1552 4540 1638 4594 45.

468 4598 811 4670 Anastasius,
844 4598 1036 4677 quaest.
1072 4606 1160 4661 55.
1274 4598 1525 4663 "Anast.
1560 4598 1973 4679 ἀπολογήσεται.

2144 3172 2273 3235 νῶν,
2306 3170 2428 3224 οὔτε
2471 3170 2613 3239 φίλοι
2655 3170 2795 3240 ὑπὲρ
2824 3168 3014 3238 φίλων,
3046 3168 3169 3222 οὔτε
3194 3169 3391 3222 δίκαιοι
3435 3166 3583 3239 ὑπὲρ
3611 3168 3725 3221 ἀδί-

2145 3280 2275 3316 κων·
2323 3262 2437 3315 ἀλλ’
2466 3262 2693 3325 ἕκαστος
2723 3261 2865 3332 ὑπὲρ
2891 3260 2984 3313 τοῦ
3015 3260 3219 3313 οἰκείου
3260 3259 3421 3330 ἔργου
3450 3248 3544 3312 τὸν
3572 3259 3727 3328 λόγον

2144 3352 2596 3424 ἀπαιτηθήσεται.
2642 3351 2780 3406 Οὔτε
2806 3352 2915 3423 γὰρ
2958 3351 3082 3405 Νῶε
3111 3352 3251 3421 ὑπὲρ
3278 3350 3369 3403 τοῦ
3411 3351 3623 3421 κόσμου
3652 3351 3727 3404 δί-

2145 3460 2248 3514 κην
2277 3442 2634 3515 εἰσεπράχθη,
2683 3441 2805 3495 οὔτε
2849 3441 2973 3496 Λὼτ
3018 3442 3157 3513 ὑπὲρ
3203 3442 3450 3513 Σοδόμων
3479 3443 3725 3515 ὲπυρπο-

2143 3534 2303 3607 λήθη,
2333 3534 2457 3587 οὔτε
2493 3534 2684 3598 Ῥαὰϐ,
2715 3535 2855 3606 ὑπὲρ
2896 3535 3316 3607 Ἱεριχουντείων
3336 3534 3578 3606 ἐσφάγη,
3607 3536 3727 3588 οὒτε

2144 3630 2173 3681 6
2214 3627 2428 3699 Ἰσραὴλ
2469 3626 2578 3699 (62)
2622 3628 2761 3699 ὑπὲρ
2799 3626 3112 3695 Αἰγυπτίων
3155 3627 3255 3658 ίοθ·
3299 3628 3359 3679 οὐ
3388 3627 3499 3699 γὰρ
3527 3630 3563 3697 ἡ
3610 3646 3730 3681 συν-

2143 3718 2355 3790 οίκησις
2394 3718 2711 3789 κατακρίνει
2750 3720 2877 3781 τοὺς
2920 3718 3163 3782 δικαίους
3205 3719 3302 3772 σὺν
3341 3720 3456 3782 τοῖς
3497 3719 3728 3784 ἀδίκοις,

2142 3812 2255 3866 ἀλλ’
2284 3814 2318 3883 ἡ
2345 3811 2444 3883 τῆς
2470 3810 2696 3882 γνώμης
2721 3812 2960 3882 ὁμόνοια.
2993 3810 3068 3863 Οὐ
3098 3810 3206 3881 χρὴ
3254 3805 3347 3863 οὖν
3374 3812 3489 3873 τοῖς
3519 3812 3733 3882 ἑτοιμο-

2145 3903 2413 3968 θανάτοις,
2443 3904 2538 3958 καὶ
2569 3903 2679 3975 (65)
2712 3902 3137 3975 μισανθρώποις,
3185 3903 3279 3956 καὶ
3311 3902 3731 3975 φιλεγκλήμοσι,

2144 3996 2239 4050 καὶ
2281 3994 2417 4067 μετά
2462 3994 2786 4066 προφάσεως
2830 3994 3205 4058 θανατοποιοῖς
3253 3994 3549 4065 προσέχειν

2145 4088 2370 4159 Ἕτερος
2396 4085 2505 4157 γὰρ
2533 4086 2674 4158 ὑπὲρ
2702 4087 2888 4159 ἐτέρου
2917 4087 3017 4140 οὐκ
3045 4085 3395 4141 ἀποθανεῖται
3427 4087 3562 4158 (65)’
3595 4088 3737 4142 ἀλλὰ

2147 4196 2167 4230 ι
2206 4181 2413 4250 σειραῖς
2438 4178 2546 4232 τῶν
2575 4178 2768 4232 ἑαυτοῦ
2799 4178 3082 4251 ἁμαρτιῶν
3102 4180 3333 4245 ἕκαστος
3360 4181 3679 4250 σφίγγεται.
3709 4202 3729 4236 ι

2141 4272 2272 4325 Καί·
2299 4290 2317 4324 ι
2353 4272 2485 4325 Ἰδοὺ
2512 4270 2820 4344 ἄνθρωπος,
2838 4273 2933 4326 καὶ
2959 4272 3021 4325 τὸ
3047 4272 3208 4345 ἔργον
3236 4273 3400 4327 αὐτοῦ
3423 4274 3533 4346 πρὸ
3561 4292 3735 4347 προσ-

2144 4365 2295 4419 ώπου
2322 4363 2507 4421 αὑτοῦ.
2546 4383 2566 4418 ι
2591 4367 2683 4418 Δεῖ
2708 4365 2767 4420 δὲ
2793 4365 2940 4437 ἡμᾶς
2963 4365 3179 4439 βοηθεῖν
3222 4369 3337 4432 τοῖς
3366 4366 3591 4423 συνοῦσι
3618 4368 3733 4451 (66)

1716 4540 1830 4615 ⁸⁸⁸1.
1866 4540 2041 4610 lgnat.

2155 4544 2359 4615 iterpol.
2410 4544 2478 4599 ad
2526 4543 2740 4603 Pliilad.
2793 4547 2847 4603 ’5.
2944 4549 2989 4586 ³⁷
3019 4546 3061 4601 II
3115 4548 3255 4606 Tim.
3281 4565 3344 4615 It,
3379 4551 3434 4608 5.
3512 4554 3733 4613 ’θείω

2074 4614 2142 4643 ¹⁰⁰
2198 4614 2388 4670 Anast.
2446 4617 2759 4685 Αἰγυπτίων
2812 4620 3225 4691 κατεποντίσθη.

1770 4801 2133 4860 VABIORUM
2165 4804 2398 4860 NOTAE.

562 4974 651 5038 56)
687 4976 880 5030 Οὗτοι.
917 4974 974 5031 In
1005 4977 1196 5033 eodem
1227 4977 1518 5033 omittitur.
1544 4978 1715 5035 CLER.

560 5045 648 5116 57)
680 5047 1051 5114 Σαφέστατα.
1087 5046 1357 5116 Praeponit
1389 5065 1531 5105 unus
1552 5050 1928 5113 ἐνταῦθα,Ιιὶε.
1963 5053 2040 5109 ιι).

692 5116 1035 5191 ᾉπὴγξᾳτο.
1063 5116 1129 5191 in
1166 5114 1394 5191 utroque
1416 5119 1634 5191 ἤγξατο.
1668 5121 1744 5191 ἰοί.

538 5185 650 5256 (59)
682 5187 1027 5252 Συνετρίῦη.
1061 5185 1677 5256 Ρνιρίίεἱιόιιθὲπεσών.
1716 5190 1791 5246 ID.

538 5254 649 5332 (60)
679 5258 785 5332 ξὶς
814 5257 921 5332 z_6_r
947 5257 1081 5309 υιὸν
1109 5254 1352 5332 ἐδέξατο
1380 5261 1691 5332 τιμωρίαις.
1714 5260 1778 5314 In
1802 5261 1914 5331 ﬁlio
1936 5278 2044 5332 pa:-

466 5338 565 5403 ποι
604 5324 749 5403 dedit
775 5340 793 5378 :
821 5324 1376 5403 Cha_naan,e_Genes.
1406 5324 1489 5403 ⁸ιὶ,
1516 5324 1615 5385 ⁷25.
1649 5324 1841 5386 Notavi
1878 5324 2042 5403 porro

468 5393 537 5469 ad
581 5395 881 5469 marginem
919 5395 1197 5469 Anastasii
1226 5398 1557 5469 quaestiones
1581 5416 1771 5456 carere
1796 5393 2038 5469 voéulis,

466 5463 547 5524 είς
594 5462 685 5516 τὸν
707 5462 879 5531 'ul6v;
914 5466 1008 5521 sed
1051 5476 1179 5520 tunc
1206 5462 1317 5520 non
1348 5467 1589 5523 videram
1637 5487 1739 5526 ms.
1789 5462 2032 5529 codicem

467 5530 635 5613 valde
652 5530 933 5604 antiquum
941 5544 1009 5613 _et
1030 5537 1242 5613 bonum
1255 5535 1434 5607 Regia:
1456 5538 1822 5613 Bibliotheca,
1849 5543 1903 5597 in
1925 5561 2035 5613 quo

470 5600 735 5684 scriptum
776 5600 882 5684 est,
913 5600 993 5670 εἷς
1018 5606 1126 5659 τῶν
1153 5606 1305 5670 υἱῶν,
1336 5600 1481 5677 quod
1515 5618 1568 5684 et
1599 5600 1820 5684 videtur
1842 5600 2036 5684 legisse

473 5665 773 5760 gen—uanus
821 5665 1087 5760 Henetus
1113 5665 1301 5760 earum
1341 5665 2033 5760 quastionuminterp’res:

478 5750 758 5811 magisque
785 5745 1041 5802 convenlt
1071 5746 1256 5804 sensui
1281 5745 1446 5819 hujus
1476 5748 1602 5806 loci.
1640 5749 1837 5809 Postea
1868 5745 2033 5811 simili

2074 4995 2123 5053 ι)
2152 4987 2365 5070 ratione
2388 5002 2424 5069 _e
2454 4988 2685 5070 scripto,
2719 4988 2995 5070 versione,
3033 5001 3097 5041 ac
3122 5002 3307 5070 sensu,
3335 4988 3634 5070 legendum
3676 4993 3733 5043 in

2147 5058 2460 5127 Anastasio,
2508 5056 2723 5112 ut'hic:
2763 5057 2900 5111 Οὗτε
2924 5056 3141 5127 ,δίκαιοι
3175 5057 3315 5127 ὑπὲρ
3352 5056 3462 5110 τῶν
3507 5059 3732 5112 ἀδίκων.

2150 5124 2375 5181 Demum
2416 5127 2584 5183 verbo
2615 5124 3011 5198 κατεποντίσθη
3051 5124 3327 5182 auctiores
3355 5144 3421 5182 ac
3453 5128 3737 5197 pleniores

2148 5205 2275 5268 sunt
2300 5199 2645 5268 qua=stiones.
2677 5198 2813 5253 Cor.

2220 5265 2330 5339 (61)
2359 5270 2428 5322 El
2455 5267 2540 5322 δέ.
2576 5268 2695 5339 Ὅτι
2723 5269 2801 5330 δέ,
2828 5266 3278 5339 γυιοταυοξῐηὶηιιε
3302 5266 3480 5339 bene.
3512 5268 3689 5323 Cum.

2241 5336 2329 5409 62)
2375 5338 2435 5409 ΪΟ
2480 5338 2754 5409 Ἰσραήλ.
2776 5338 2839 5392 Οἱ
2881 5336 3232 5409 Ἰσραηλῖται,
3265 5338 3403 5391 alter
3425 5339 3625 5394 codex.
3660 5338 3735 5409 ιο.

2241 5406 2329 5479 65)
2375 5407 2885 5479 Ἐτοιμοθανάτοις
2905 5406 3024 5462 καί.
3053 5406 3261 5462 Desunt
3288 5409 3346 5479 in
3370 5419 3631 5479 utroque.
3659 5408 3734 5461 In.

2238 5476 2333 5601 ϐιῖ)
2359 5476 2710 5548 Προσὲχειν.
2752 5478 2918 5533 Addit
2945 5479 3084 5533 alter
3119 5497 3132 5533 :
3169 5479 3289 5531 Ὀτι
3330 5478 3388 5531 δὲ
3415 5476 3595 5543 οὓτῶς
3625 5479 3738 5548 ἔχει

2238 5586 2251 5599 .
2312 5564 2361 5601 o.

2139 5564 2251 5600 και.
2289 5564 2361 5603 ID.

2234 5616 2299 5669 65
2367 5617 2785 5672 Ἀποθανεῖται.
2815 5616 2967 5672 Alter
2990 5621 3327 5689 τιμωρεῖται.
3364 5615 3442 5673 In.

2212 5616 2325 5757 (66)
2359 5689 2648 5742 Συνοῦσι.
2694 5687 2757 5743 F.
2790 5686 3016 5743 σινοῦσι.
3052 5687 3206 5744 Alter
3230 5686 3442 5743 νοσοῦσι

2235 5684 2321 5755 66)
2359 5689 2648 5742 Συνοῦσι.
2694 5687 2757 5743 F.
2790 5686 3016 5743 σινοῦσι.
3050 5684 3206 5744 Alter
3230 5686 3471 5755 νοσοῦσι,
3506 5699 3565 5747 ut
3596 5690 3739 5745 bene

2142 5756 2377 5830 conjeCit
2409 5758 2733 5815 Cotelerius.
2766 5757 2842 5814 In.

2311 5268 2333 5548 ἐ
