  <div class='ocr_page' id='page_1' title='image "/cluster/home/n/w/nwhite01/storage/ocr_20150623/1/nnc1.0022106693/340.png"; bbox 0 0 3884 6180; ppageno 0'>
   <div class='ocr_carea' id='block_1_1' title="bbox 179 330 283 389">
    <p class='ocr_par' dir='ltr' id='par_1_1' title="bbox 179 330 283 389">
     <span class='ocr_line' id='line_1_1' title="bbox 179 330 283 389; baseline 0.038 -4"><span class='ocrx_word' id='word_1_1' title='bbox 179 330 283 389; x_wconf 71' lang='grc'><strong>621</strong></span> 
     </span>
    </p>
   </div>
   <div class='ocr_carea' id='block_1_2' title="bbox 1106 329 2518 390">
    <p class='ocr_par' dir='ltr' id='par_1_2' title="bbox 1106 329 2518 390">
     <span class='ocr_line' id='line_1_2' title="bbox 1106 329 2518 390; baseline 0.001 -3"><span class='ocrx_word' id='word_1_2' title='bbox 1106 329 1708 389; x_wconf 83' lang='lat' dir='ltr'><strong>CONSTITUTIONES</strong></span> <span class='ocrx_word' id='word_1_3' title='bbox 1738 331 2419 390; x_wconf 69' lang='lat' dir='ltr'><strong>APOSTOLICE.——LIB.</strong></span> <span class='ocrx_word' id='word_1_4' title='bbox 2458 332 2518 388; x_wconf 83' lang='lat' dir='ltr'><strong>ll.</strong></span> 
     </span>
    </p>
   </div>
   <div class='ocr_carea' id='block_1_3' title="bbox 3347 335 3453 391">
    <p class='ocr_par' dir='ltr' id='par_1_3' title="bbox 3347 335 3453 391">
     <span class='ocr_line' id='line_1_3' title="bbox 3347 335 3453 391; baseline 0 0"><span class='ocrx_word' id='word_1_5' title='bbox 3347 335 3453 391; x_wconf 71' lang='grc'><strong>622</strong></span> 
     </span>
    </p>
   </div>
   <div class='ocr_carea' id='block_1_4' title="bbox 179 444 1750 522">
    <p class='ocr_par' dir='ltr' id='par_1_4' title="bbox 179 444 1750 519">
     <span class='ocr_line' id='line_1_4' title="bbox 179 444 1750 519; baseline -0.003 -14"><span class='ocrx_word' id='word_1_6' title='bbox 179 452 281 505; x_wconf 74' lang='grc' dir='ltr'><strong>καὶ</strong></span> <span class='ocrx_word' id='word_1_7' title='bbox 309 449 705 514; x_wconf 83' lang='grc' dir='ltr'>κινδυνεύουσι,</span> <span class='ocrx_word' id='word_1_8' title='bbox 736 448 832 503; x_wconf 66' lang='grc' dir='ltr'><strong>καὶ</strong></span> <span class='ocrx_word' id='word_1_9' title='bbox 860 447 1267 519; x_wconf 77' lang='grc' dir='ltr'><strong>σφαλλομένοις,</strong></span> <span class='ocrx_word' id='word_1_10' title='bbox 1307 450 1401 503; x_wconf 74' lang='grc' dir='ltr'><strong>καὶ</strong></span> <span class='ocrx_word' id='word_1_11' title='bbox 1428 451 1551 503; x_wconf 81' lang='grc' dir='ltr'>ὅσον</span> <span class='ocrx_word' id='word_1_12' title='bbox 1579 444 1686 504; x_wconf 77' lang='grc' dir='ltr'>οἶόν</span> <span class='ocrx_word' id='word_1_13' title='bbox 1714 469 1750 504; x_wconf 64' lang='grc' dir='ltr'><strong>τι</strong></span> 
     </span>
    </p>
   </div>
   <div class='ocr_carea' id='block_1_5' title="bbox 1858 444 3452 522">
    <p class='ocr_par' dir='ltr' id='par_1_5' title="bbox 1878 447 3452 522">
     <span class='ocr_line' id='line_1_5' title="bbox 1878 447 3452 522; baseline 0.001 -16"><span class='ocrx_word' id='word_1_14' title='bbox 1878 467 1987 522; x_wconf 92' lang='lat' dir='ltr'><strong>que</strong></span> <span class='ocrx_word' id='word_1_15' title='bbox 2036 450 2436 521; x_wconf 72' lang='lat' dir='ltr'><strong>constringitur</strong></span> <span class='ocrx_word' id='word_1_16' title='bbox 2467 450 2507 503; x_wconf 91' lang='grc'>¹.</span> <span class='ocrx_word' id='word_1_17' title='bbox 2543 468 2561 500; x_wconf 78' lang='grc' dir='ltr'><strong>ι</strong></span> <span class='ocrx_word' id='word_1_18' title='bbox 2605 447 2705 503; x_wconf 89' lang='lat' dir='ltr'><strong>Et:</strong></span> <span class='ocrx_word' id='word_1_19' title='bbox 2742 467 2761 500; x_wconf 79' lang='grc' dir='ltr'><strong>ι</strong></span> <span class='ocrx_word' id='word_1_20' title='bbox 2792 447 2934 505; x_wconf 87' lang='lat' dir='ltr'><strong>Ecce</strong></span> <span class='ocrx_word' id='word_1_21' title='bbox 2982 449 3182 517; x_wconf 91' lang='lat' dir='ltr'><strong>homo,</strong></span> <span class='ocrx_word' id='word_1_22' title='bbox 3211 459 3266 506; x_wconf 90' lang='lat' dir='ltr'><strong>et</strong></span> <span class='ocrx_word' id='word_1_23' title='bbox 3311 466 3452 522; x_wconf 88' lang='lat' dir='ltr'><strong>opus</strong></span> 
     </span>
    </p>
   </div>
   <div class='ocr_carea' id='block_1_6' title="bbox 174 540 1775 616">
    <p class='ocr_par' dir='ltr' id='par_1_6' title="bbox 174 540 1775 616">
     <span class='ocr_line' id='line_1_6' title="bbox 174 540 1775 616; baseline -0.001 -18"><span class='ocrx_word' id='word_1_24' title='bbox 174 548 246 616; x_wconf 79' lang='grc' dir='ltr'>τῇ</span> <span class='ocrx_word' id='word_1_25' title='bbox 280 543 601 616; x_wconf 78' lang='grc' dir='ltr'><strong>παραινέσει</strong></span> <span class='ocrx_word' id='word_1_26' title='bbox 642 542 736 595; x_wconf 87' lang='grc' dir='ltr'><strong>τοῦ</strong></span> <span class='ocrx_word' id='word_1_27' title='bbox 763 541 923 609; x_wconf 84' lang='grc' dir='ltr'>λόγου</span> <span class='ocrx_word' id='word_1_28' title='bbox 970 540 1215 610; x_wconf 79' lang='grc' dir='ltr'><strong>ὑγιάζειν</strong></span> <span class='ocrx_word' id='word_1_29' title='bbox 1257 542 1474 606; x_wconf 83' lang='grc' dir='ltr'>αὐτοὺς,</span> <span class='ocrx_word' id='word_1_30' title='bbox 1516 544 1613 596; x_wconf 78' lang='grc' dir='ltr'><strong>καὶ</strong></span> <span class='ocrx_word' id='word_1_31' title='bbox 1657 544 1775 615; x_wconf 77' lang='grc' dir='ltr'>ῥύε-</span> 
     </span>
    </p>
   </div>
   <div class='ocr_carea' id='block_1_7' title="bbox 176 634 1773 707">
    <p class='ocr_par' dir='ltr' id='par_1_7' title="bbox 176 634 1773 707">
     <span class='ocr_line' id='line_1_7' title="bbox 176 634 1773 707; baseline 0 -17"><span class='ocrx_word' id='word_1_32' title='bbox 176 637 307 690; x_wconf 79' lang='grc' dir='ltr'>σθαι</span> <span class='ocrx_word' id='word_1_33' title='bbox 339 639 405 690; x_wconf 80' lang='grc' dir='ltr'>ὲκ</span> <span class='ocrx_word' id='word_1_34' title='bbox 434 635 686 689; x_wconf 86' lang='grc' dir='ltr'>θανάτου.</span> <span class='ocrx_word' id='word_1_35' title='bbox 724 654 743 685; x_wconf 78' lang='grc' dir='ltr'><strong>ι</strong></span> <span class='ocrx_word' id='word_1_36' title='bbox 781 634 857 688; x_wconf 79' lang='grc' dir='ltr'>Οὐ</span> <span class='ocrx_word' id='word_1_37' title='bbox 887 635 1077 706; x_wconf 79' lang='grc' dir='ltr'>χρείαν</span> <span class='ocrx_word' id='word_1_38' title='bbox 1102 634 1212 706; x_wconf 84' lang='grc' dir='ltr'>γὰρ</span> <span class='ocrx_word' id='word_1_39' title='bbox 1240 634 1454 706; x_wconf 78' lang='grc' dir='ltr'>ἔχουσιν</span> <span class='ocrx_word' id='word_1_40' title='bbox 1481 636 1530 688; x_wconf 82' lang='lat' dir='ltr'><strong>ot</strong></span> <span class='ocrx_word' id='word_1_41' title='bbox 1562 636 1773 707; x_wconf 75' lang='grc' dir='ltr'>ἰσχύον-</span> 
     </span>
    </p>
   </div>
   <div class='ocr_carea' id='block_1_8' title="bbox 174 727 1768 801">
    <p class='ocr_par' dir='ltr' id='par_1_8' title="bbox 174 727 1768 801">
     <span class='ocr_line' id='line_1_8' title="bbox 174 727 1768 801; baseline -0.001 -18"><span class='ocrx_word' id='word_1_42' title='bbox 174 748 270 794; x_wconf 88' lang='grc' dir='ltr'><strong>τες</strong></span> <span class='ocrx_word' id='word_1_43' title='bbox 320 729 532 801; x_wconf 79' lang='grc' dir='ltr'><strong>ἰατροῦ,</strong></span> <span class='ocrx_word' id='word_1_44' title='bbox 580 729 695 782; x_wconf 86' lang='grc' dir='ltr'>ἀλλ’</span> <span class='ocrx_word' id='word_1_45' title='bbox 738 729 788 781; x_wconf 77' lang='grc' dir='ltr'>οἱ</span> <span class='ocrx_word' id='word_1_46' title='bbox 834 728 1019 792; x_wconf 81' lang='grc' dir='ltr'>κακῶς</span> <span class='ocrx_word' id='word_1_47' title='bbox 1060 728 1270 800; x_wconf 69' lang='grc' dir='ltr'>ἔχοντες</span> <span class='ocrx_word' id='word_1_48' title='bbox 1316 727 1451 801; x_wconf 90' lang='grc'>(67).</span> <span class='ocrx_word' id='word_1_49' title='bbox 1490 748 1507 780; x_wconf 77' lang='grc' dir='ltr'><strong>ι</strong></span> <span class='ocrx_word' id='word_1_50' title='bbox 1554 730 1768 801; x_wconf 79' lang='grc' dir='ltr'>Ἐπειδὴ</span> 
     </span>
    </p>
   </div>
   <div class='ocr_carea' id='block_1_9' title="bbox 179 820 1772 893">
    <p class='ocr_par' dir='ltr' id='par_1_9' title="bbox 179 820 1772 893">
     <span class='ocr_line' id='line_1_9' title="bbox 179 820 1772 893; baseline 0.001 -19"><span class='ocrx_word' id='word_1_51' title='bbox 179 841 199 874; x_wconf 76' lang='grc' dir='ltr'><strong>ι</strong></span> <span class='ocrx_word' id='word_1_52' title='bbox 237 822 343 876; x_wconf 76' lang='grc' dir='ltr'><strong>οὐκ</strong></span> <span class='ocrx_word' id='word_1_53' title='bbox 385 822 501 874; x_wconf 76' lang='grc' dir='ltr'>ἔστι</span> <span class='ocrx_word' id='word_1_54' title='bbox 547 821 759 893; x_wconf 87' lang='grc' dir='ltr'>θέλημα</span> <span class='ocrx_word' id='word_1_55' title='bbox 786 820 1093 893; x_wconf 77' lang='grc' dir='ltr'>ἔμπροσθεν</span> <span class='ocrx_word' id='word_1_56' title='bbox 1120 821 1212 874; x_wconf 88' lang='grc' dir='ltr'><strong>τοῦ</strong></span> <span class='ocrx_word' id='word_1_57' title='bbox 1254 820 1488 892; x_wconf 80' lang='grc' dir='ltr'>Πατρὸς,</span> <span class='ocrx_word' id='word_1_58' title='bbox 1520 821 1608 874; x_wconf 81' lang='grc' dir='ltr'><strong>ἵνα</strong></span> <span class='ocrx_word' id='word_1_59' title='bbox 1634 822 1772 876; x_wconf 84' lang='grc' dir='ltr'>ἀπό-</span> 
     </span>
    </p>
   </div>
   <div class='ocr_carea' id='block_1_10' title="bbox 170 910 1771 987">
    <p class='ocr_par' dir='ltr' id='par_1_10' title="bbox 170 910 1771 987">
     <span class='ocr_line' id='line_1_10' title="bbox 170 910 1771 987; baseline 0.001 -19"><span class='ocrx_word' id='word_1_60' title='bbox 170 916 337 987; x_wconf 89' lang='grc' dir='ltr'>ληται</span> <span class='ocrx_word' id='word_1_61' title='bbox 359 910 441 979; x_wconf 77' lang='grc' dir='ltr'><strong>είς</strong></span> <span class='ocrx_word' id='word_1_62' title='bbox 468 915 575 968; x_wconf 85' lang='grc' dir='ltr'><strong>τῶν</strong></span> <span class='ocrx_word' id='word_1_63' title='bbox 602 914 832 987; x_wconf 83' lang='grc' dir='ltr'>μικρῶν.</span> <span class='ocrx_word' id='word_1_64' title='bbox 867 934 885 966; x_wconf 79' lang='grc' dir='ltr'><strong>ι</strong></span> <span class='ocrx_word' id='word_1_65' title='bbox 919 915 995 967; x_wconf 65' lang='lat' dir='ltr'><strong>Ub</strong></span> <span class='ocrx_word' id='word_1_66' title='bbox 1022 914 1130 985; x_wconf 84' lang='grc' dir='ltr'>γὰρ</span> <span class='ocrx_word' id='word_1_67' title='bbox 1157 914 1256 985; x_wconf 83' lang='grc' dir='ltr'>τὴν</span> <span class='ocrx_word' id='word_1_68' title='bbox 1283 915 1392 967; x_wconf 86' lang='grc' dir='ltr'><strong>τῶν</strong></span> <span class='ocrx_word' id='word_1_69' title='bbox 1424 914 1771 987; x_wconf 61' lang='grc' dir='ltr'>σκληροκαρι</span> 
     </span>
    </p>
   </div>
   <div class='ocr_carea' id='block_1_11' title="bbox 168 1006 1766 1081">
    <p class='ocr_par' dir='ltr' id='par_1_11' title="bbox 168 1006 1766 1081">
     <span class='ocr_line' id='line_1_11' title="bbox 168 1006 1766 1081; baseline 0 -19"><span class='ocrx_word' id='word_1_70' title='bbox 168 1009 305 1062; x_wconf 86' lang='grc' dir='ltr'>δίων</span> <span class='ocrx_word' id='word_1_71' title='bbox 336 1008 547 1079; x_wconf 82' lang='grc' dir='ltr'>ἀνδρῶν</span> <span class='ocrx_word' id='word_1_72' title='bbox 581 1006 832 1079; x_wconf 83' lang='grc' dir='ltr'>βούλησιν</span> <span class='ocrx_word' id='word_1_73' title='bbox 863 1007 1018 1077; x_wconf 81' lang='grc' dir='ltr'>ἱστᾷν</span> <span class='ocrx_word' id='word_1_74' title='bbox 1059 1006 1187 1079; x_wconf 85' lang='grc' dir='ltr'>χρὴ,</span> <span class='ocrx_word' id='word_1_75' title='bbox 1218 1007 1355 1061; x_wconf 88' lang='grc' dir='ltr'><strong>ἀλλά</strong></span> <span class='ocrx_word' id='word_1_76' title='bbox 1380 1008 1480 1081; x_wconf 82' lang='grc' dir='ltr'>τὴν</span> <span class='ocrx_word' id='word_1_77' title='bbox 1507 1009 1600 1062; x_wconf 89' lang='grc' dir='ltr'><strong>τοῦ</strong></span> <span class='ocrx_word' id='word_1_78' title='bbox 1631 1008 1766 1062; x_wconf 88' lang='grc' dir='ltr'>Θεοῦ</span> 
     </span>
    </p>
   </div>
   <div class='ocr_carea' id='block_1_12' title="bbox 172 1098 1769 1173">
    <p class='ocr_par' dir='ltr' id='par_1_12' title="bbox 172 1098 1769 1173">
     <span class='ocr_line' id='line_1_12' title="bbox 172 1098 1769 1173; baseline 0.001 -20"><span class='ocrx_word' id='word_1_79' title='bbox 172 1102 275 1153; x_wconf 79' lang='grc' dir='ltr'><strong>καὶ</strong></span> <span class='ocrx_word' id='word_1_80' title='bbox 302 1099 523 1170; x_wconf 81' lang='grc' dir='ltr'>Πατρδς</span> <span class='ocrx_word' id='word_1_81' title='bbox 549 1099 658 1152; x_wconf 83' lang='grc' dir='ltr'><strong>τῶν</strong></span> <span class='ocrx_word' id='word_1_82' title='bbox 686 1099 821 1152; x_wconf 84' lang='grc' dir='ltr'>ὅλων</span> <span class='ocrx_word' id='word_1_83' title='bbox 840 1099 940 1171; x_wconf 83' lang='grc' dir='ltr'>τὴν</span> <span class='ocrx_word' id='word_1_84' title='bbox 958 1098 1047 1153; x_wconf 85' lang='grc' dir='ltr'>διὰ</span> <span class='ocrx_word' id='word_1_85' title='bbox 1088 1099 1259 1171; x_wconf 53' lang='grc' dir='ltr'>Ἰησοῦ</span> <span class='ocrx_word' id='word_1_86' title='bbox 1289 1100 1525 1173; x_wconf 79' lang='grc' dir='ltr'>Χριστοῦ</span> <span class='ocrx_word' id='word_1_87' title='bbox 1544 1101 1637 1154; x_wconf 91' lang='grc' dir='ltr'><strong>τοῦ</strong></span> <span class='ocrx_word' id='word_1_88' title='bbox 1654 1104 1769 1155; x_wconf 69' lang='grc' dir='ltr'><strong>Κυι-</strong></span> 
     </span>
    </p>
   </div>
   <div class='ocr_carea' id='block_1_13' title="bbox 171 1185 1766 1266">
    <p class='ocr_par' dir='ltr' id='par_1_13' title="bbox 171 1185 1766 1266">
     <span class='ocr_line' id='line_1_13' title="bbox 171 1185 1766 1266; baseline 0.002 -21"><span class='ocrx_word' id='word_1_89' title='bbox 171 1192 298 1263; x_wconf 84' lang='grc' dir='ltr'>ρίου</span> <span class='ocrx_word' id='word_1_90' title='bbox 328 1192 511 1263; x_wconf 85' lang='grc' dir='ltr'>ἡμῶν,</span> <span class='ocrx_word' id='word_1_91' title='bbox 543 1185 587 1259; x_wconf 86' lang='grc' dir='ltr'>ᾧ</span> <span class='ocrx_word' id='word_1_92' title='bbox 627 1192 660 1262; x_wconf 85' lang='grc' dir='ltr'>ἠ</span> <span class='ocrx_word' id='word_1_93' title='bbox 689 1190 815 1255; x_wconf 80' lang='grc' dir='ltr'>δόξα</span> <span class='ocrx_word' id='word_1_94' title='bbox 842 1193 923 1254; x_wconf 82' lang='grc' dir='ltr'><strong>είς</strong></span> <span class='ocrx_word' id='word_1_95' title='bbox 949 1191 1076 1254; x_wconf 83' lang='grc' dir='ltr'>τοὺς</span> <span class='ocrx_word' id='word_1_96' title='bbox 1114 1192 1334 1256; x_wconf 78' lang='grc' dir='ltr'>αἰῶνας.</span> <span class='ocrx_word' id='word_1_97' title='bbox 1394 1194 1582 1266; x_wconf 84' lang='grc' dir='ltr'>Ἀμήν.</span> <span class='ocrx_word' id='word_1_98' title='bbox 1631 1195 1766 1248; x_wconf 83' lang='grc' dir='ltr'>Οὐδὲ</span> 
     </span>
    </p>
   </div>
   <div class='ocr_carea' id='block_1_14' title="bbox 164 1279 1767 1359">
    <p class='ocr_par' dir='ltr' id='par_1_14' title="bbox 164 1279 1767 1359">
     <span class='ocr_line' id='line_1_14' title="bbox 164 1279 1767 1359; baseline 0.003 -24"><span class='ocrx_word' id='word_1_99' title='bbox 164 1282 285 1355; x_wconf 82' lang='grc' dir='ltr'>γὰρ</span> <span class='ocrx_word' id='word_1_100' title='bbox 312 1284 520 1337; x_wconf 88' lang='grc' dir='ltr'>δίκαιον</span> <span class='ocrx_word' id='word_1_101' title='bbox 548 1284 787 1355; x_wconf 80' lang='grc' dir='ltr'>κεφαλὴν</span> <span class='ocrx_word' id='word_1_102' title='bbox 817 1283 943 1336; x_wconf 75' lang='grc' dir='ltr'>ὄντα</span> <span class='ocrx_word' id='word_1_103' title='bbox 969 1301 1049 1348; x_wconf 92' lang='grc' dir='ltr'><strong>σε,</strong></span> <span class='ocrx_word' id='word_1_104' title='bbox 1070 1279 1114 1337; x_wconf 83' lang='grc' dir='ltr'><strong>ὧ</strong></span> <span class='ocrx_word' id='word_1_105' title='bbox 1142 1286 1428 1351; x_wconf 73' lang='grc' dir='ltr'>ἐπίσκοπε,</span> <span class='ocrx_word' id='word_1_106' title='bbox 1451 1287 1588 1359; x_wconf 78' lang='grc' dir='ltr'>οὐρᾷ</span> <span class='ocrx_word' id='word_1_107' title='bbox 1608 1305 1767 1359; x_wconf 88' lang='grc' dir='ltr'>προσ-</span> 
     </span>
    </p>
   </div>
   <div class='ocr_carea' id='block_1_15' title="bbox 165 1374 1765 1451">
    <p class='ocr_par' dir='ltr' id='par_1_15' title="bbox 165 1374 1765 1451">
     <span class='ocr_line' id='line_1_15' title="bbox 165 1374 1765 1451; baseline 0.003 -23"><span class='ocrx_word' id='word_1_108' title='bbox 165 1375 343 1446; x_wconf 83' lang='grc' dir='ltr'>έχειν,</span> <span class='ocrx_word' id='word_1_109' title='bbox 386 1374 633 1428; x_wconf 72' lang='grc' dir='ltr'>τουτέστι</span> <span class='ocrx_word' id='word_1_110' title='bbox 674 1376 848 1447; x_wconf 82' lang='grc' dir='ltr'>λαῖκῷ</span> <span class='ocrx_word' id='word_1_111' title='bbox 882 1377 1164 1431; x_wconf 85' lang='grc' dir='ltr'>στασιώδει</span> <span class='ocrx_word' id='word_1_112' title='bbox 1207 1378 1499 1451; x_wconf 84' lang='grc' dir='ltr'>ἀνθρώπῳ,</span> <span class='ocrx_word' id='word_1_113' title='bbox 1532 1383 1612 1444; x_wconf 85' lang='grc' dir='ltr'><strong>είς</strong></span> <span class='ocrx_word' id='word_1_114' title='bbox 1649 1381 1765 1434; x_wconf 84' lang='grc' dir='ltr'>ἐτέ-</span> 
     </span>
    </p>
   </div>
   <div class='ocr_carea' id='block_1_16' title="bbox 168 1469 1762 1547">
    <p class='ocr_par' dir='ltr' id='par_1_16' title="bbox 168 1469 1762 1547">
     <span class='ocr_line' id='line_1_16' title="bbox 168 1469 1762 1547; baseline 0.019 -9"><span class='ocrx_word' id='word_1_115' title='bbox 168 1486 273 1540; x_wconf 75' lang='grc' dir='ltr'>ρου</span> <span class='ocrx_word' id='word_1_116' title='bbox 315 1469 617 1534; x_wconf 85' lang='grc' dir='ltr'>ἀπώλειαν,</span> <span class='ocrx_word' id='word_1_117' title='bbox 648 1469 783 1523; x_wconf 86' lang='grc' dir='ltr'><strong>ἀλλά</strong></span> <span class='ocrx_word' id='word_1_118' title='bbox 810 1469 929 1541; x_wconf 83' lang='grc' dir='ltr'><strong>Θεῷ</strong></span> <span class='ocrx_word' id='word_1_119' title='bbox 960 1471 1124 1542; x_wconf 68' lang='grc' dir='ltr'>μόνῳο</span> <span class='ocrx_word' id='word_1_120' title='bbox 1160 1473 1381 1544; x_wconf 63' lang='grc' dir='ltr'>Ἀρχειν</span> <span class='ocrx_word' id='word_1_121' title='bbox 1426 1474 1535 1545; x_wconf 64' lang='grc' dir='ltr'><strong>γάρ</strong></span> <span class='ocrx_word' id='word_1_122' title='bbox 1567 1492 1627 1527; x_wconf 69' lang='grc' dir='ltr'>σε</span> <span class='ocrx_word' id='word_1_123' title='bbox 1656 1475 1762 1547; x_wconf 72' lang='grc' dir='ltr'><strong>χρὴ</strong></span> 
     </span>
    </p>
   </div>
   <div class='ocr_carea' id='block_1_17' title="bbox 162 1553 1763 1637">
    <p class='ocr_par' dir='ltr' id='par_1_17' title="bbox 162 1553 1763 1637">
     <span class='ocr_line' id='line_1_17' title="bbox 162 1553 1763 1637; baseline 0.004 -23"><span class='ocrx_word' id='word_1_124' title='bbox 162 1562 281 1615; x_wconf 82' lang='grc' dir='ltr'><strong>τῶν</strong></span> <span class='ocrx_word' id='word_1_125' title='bbox 311 1562 594 1633; x_wconf 79' lang='grc' dir='ltr'>ὑπηκόων,</span> <span class='ocrx_word' id='word_1_126' title='bbox 626 1562 687 1615; x_wconf 86' lang='grc' dir='ltr'><strong>ού</strong></span> <span class='ocrx_word' id='word_1_127' title='bbox 712 1553 819 1633; x_wconf 79' lang='grc' dir='ltr'>μὴν</span> <span class='ocrx_word' id='word_1_128' title='bbox 859 1563 954 1617; x_wconf 78' lang='grc' dir='ltr'><strong>καὶ</strong></span> <span class='ocrx_word' id='word_1_129' title='bbox 982 1565 1074 1616; x_wconf 86' lang='grc' dir='ltr'>ὑπ’</span> <span class='ocrx_word' id='word_1_130' title='bbox 1104 1563 1282 1617; x_wconf 84' lang='grc' dir='ltr'>αὐτῶν</span> <span class='ocrx_word' id='word_1_131' title='bbox 1310 1565 1602 1637; x_wconf 82' lang='grc' dir='ltr'>ἄρχεσθαι’</span> <span class='ocrx_word' id='word_1_132' title='bbox 1639 1566 1763 1621; x_wconf 75' lang='grc' dir='ltr'>οὔτε</span> 
     </span>
    </p>
   </div>
   <div class='ocr_carea' id='block_1_18' title="bbox 163 1653 1760 1729">
    <p class='ocr_par' dir='ltr' id='par_1_18' title="bbox 163 1653 1760 1729">
     <span class='ocr_line' id='line_1_18' title="bbox 163 1653 1760 1729; baseline 0.004 -22"><span class='ocrx_word' id='word_1_133' title='bbox 163 1654 283 1727; x_wconf 73' lang='grc' dir='ltr'><strong>γὰρ</strong></span> <span class='ocrx_word' id='word_1_134' title='bbox 313 1653 431 1718; x_wconf 82' lang='grc' dir='ltr'>υἱὸς</span> <span class='ocrx_word' id='word_1_135' title='bbox 457 1656 613 1727; x_wconf 78' lang='grc' dir='ltr'>ἄρχει</span> <span class='ocrx_word' id='word_1_136' title='bbox 642 1653 866 1726; x_wconf 73' lang='grc' dir='ltr'>πατρὸς,</span> <span class='ocrx_word' id='word_1_137' title='bbox 890 1656 1032 1709; x_wconf 84' lang='grc' dir='ltr'>κατὰ</span> <span class='ocrx_word' id='word_1_138' title='bbox 1046 1655 1137 1710; x_wconf 77' lang='grc' dir='ltr'><strong>τὸν</strong></span> <span class='ocrx_word' id='word_1_139' title='bbox 1165 1658 1262 1728; x_wconf 86' lang='grc' dir='ltr'>τῆς</span> <span class='ocrx_word' id='word_1_140' title='bbox 1290 1659 1555 1727; x_wconf 86' lang='grc' dir='ltr'>γενέσεως</span> <span class='ocrx_word' id='word_1_141' title='bbox 1583 1660 1760 1729; x_wconf 86' lang='grc' dir='ltr'>λόγον,</span> 
     </span>
    </p>
   </div>
   <div class='ocr_carea' id='block_1_19' title="bbox 161 1742 1762 1823">
    <p class='ocr_par' dir='ltr' id='par_1_19' title="bbox 161 1742 1762 1823">
     <span class='ocr_line' id='line_1_19' title="bbox 161 1742 1762 1823; baseline 0.006 -25"><span class='ocrx_word' id='word_1_142' title='bbox 161 1742 296 1799; x_wconf 70' lang='grc' dir='ltr'>οὔτε</span> <span class='ocrx_word' id='word_1_143' title='bbox 339 1744 525 1810; x_wconf 88' lang='grc' dir='ltr'>δοῦλος</span> <span class='ocrx_word' id='word_1_144' title='bbox 567 1746 661 1799; x_wconf 90' lang='grc' dir='ltr'><strong>τοῦ</strong></span> <span class='ocrx_word' id='word_1_145' title='bbox 702 1749 894 1818; x_wconf 85' lang='grc' dir='ltr'>κυρίου</span> <span class='ocrx_word' id='word_1_146' title='bbox 941 1746 1128 1813; x_wconf 82' lang='grc' dir='ltr'>αὐτοῦ,</span> <span class='ocrx_word' id='word_1_147' title='bbox 1172 1748 1314 1803; x_wconf 82' lang='grc' dir='ltr'>κατὰ</span> <span class='ocrx_word' id='word_1_148' title='bbox 1353 1748 1444 1805; x_wconf 81' lang='grc' dir='ltr'><strong>τὸν</strong></span> <span class='ocrx_word' id='word_1_149' title='bbox 1472 1754 1572 1823; x_wconf 83' lang='grc' dir='ltr'><strong>τῆς</strong></span> <span class='ocrx_word' id='word_1_150' title='bbox 1611 1752 1762 1817; x_wconf 76' lang='grc' dir='ltr'>ἐξου-</span> 
     </span>
    </p>
   </div>
   <div class='ocr_carea' id='block_1_20' title="bbox 163 1838 1761 1917">
    <p class='ocr_par' dir='ltr' id='par_1_20' title="bbox 163 1838 1761 1917">
     <span class='ocr_line' id='line_1_20' title="bbox 163 1838 1761 1917; baseline 0.006 -26"><span class='ocrx_word' id='word_1_151' title='bbox 163 1838 317 1903; x_wconf 84' lang='grc' dir='ltr'>σίας,</span> <span class='ocrx_word' id='word_1_152' title='bbox 350 1838 475 1893; x_wconf 78' lang='grc' dir='ltr'>οῦτε</span> <span class='ocrx_word' id='word_1_153' title='bbox 507 1839 755 1912; x_wconf 76' lang='grc' dir='ltr'>μαθητὴς</span> <span class='ocrx_word' id='word_1_154' title='bbox 779 1840 1123 1906; x_wconf 84' lang='grc' dir='ltr'>διδασκάλου,</span> <span class='ocrx_word' id='word_1_155' title='bbox 1154 1841 1277 1895; x_wconf 73' lang='grc' dir='ltr'>οὔτε</span> <span class='ocrx_word' id='word_1_156' title='bbox 1307 1844 1645 1917; x_wconf 83' lang='grc' dir='ltr'>στρατιώτης</span> <span class='ocrx_word' id='word_1_157' title='bbox 1675 1846 1761 1916; x_wconf 84' lang='grc' dir='ltr'>βα-</span> 
     </span>
    </p>
   </div>
   <div class='ocr_carea' id='block_1_21' title="bbox 162 1930 1758 2010">
    <p class='ocr_par' dir='ltr' id='par_1_21' title="bbox 162 1930 1758 2010">
     <span class='ocr_line' id='line_1_21' title="bbox 162 1930 1758 2010; baseline 0.006 -27"><span class='ocrx_word' id='word_1_158' title='bbox 162 1932 388 1995; x_wconf 86' lang='grc' dir='ltr'>σιλέως,</span> <span class='ocrx_word' id='word_1_159' title='bbox 418 1930 540 1985; x_wconf 74' lang='grc' dir='ltr'>οὔτε</span> <span class='ocrx_word' id='word_1_160' title='bbox 561 1931 669 2004; x_wconf 81' lang='grc' dir='ltr'><strong>μὴν</strong></span> <span class='ocrx_word' id='word_1_161' title='bbox 698 1933 881 1996; x_wconf 80' lang='grc' dir='ltr'>λαῐκὸς</span> <span class='ocrx_word' id='word_1_162' title='bbox 909 1934 1226 1987; x_wconf 82' lang='grc' dir='ltr'>ἐπισκόπου.</span> <span class='ocrx_word' id='word_1_163' title='bbox 1259 1937 1394 2009; x_wconf 78' lang='grc' dir='ltr'>Περὶ</span> <span class='ocrx_word' id='word_1_164' title='bbox 1420 1938 1529 2010; x_wconf 82' lang='grc' dir='ltr'>γὰρ</span> <span class='ocrx_word' id='word_1_165' title='bbox 1557 1938 1650 1991; x_wconf 88' lang='grc' dir='ltr'><strong>τοῦ</strong></span> <span class='ocrx_word' id='word_1_166' title='bbox 1684 1938 1758 2010; x_wconf 86' lang='grc' dir='ltr'>μὴ</span> 
     </span>
    </p>
   </div>
   <div class='ocr_carea' id='block_1_22' title="bbox 157 2021 1762 2099">
    <p class='ocr_par' dir='ltr' id='par_1_22' title="bbox 157 2021 1762 2099">
     <span class='ocr_line' id='line_1_22' title="bbox 157 2021 1762 2099; baseline 0.007 -24"><span class='ocrx_word' id='word_1_167' title='bbox 157 2021 347 2076; x_wconf 75' lang='grc' dir='ltr'>δοκεῖν</span> <span class='ocrx_word' id='word_1_168' title='bbox 377 2024 508 2086; x_wconf 82' lang='grc' dir='ltr'>τοὺς</span> <span class='ocrx_word' id='word_1_169' title='bbox 535 2022 937 2094; x_wconf 76' lang='grc' dir='ltr'>πλησιάζοντας</span> <span class='ocrx_word' id='word_1_170' title='bbox 965 2026 1193 2090; x_wconf 86' lang='grc' dir='ltr'>ἀδίκοις,</span> <span class='ocrx_word' id='word_1_171' title='bbox 1222 2030 1288 2099; x_wconf 82' lang='grc' dir='ltr'>τῇ</span> <span class='ocrx_word' id='word_1_172' title='bbox 1318 2028 1412 2081; x_wconf 91' lang='grc' dir='ltr'><strong>τοῦ</strong></span> <span class='ocrx_word' id='word_1_173' title='bbox 1440 2029 1598 2099; x_wconf 84' lang='grc' dir='ltr'>λόγου</span> <span class='ocrx_word' id='word_1_174' title='bbox 1625 2032 1762 2086; x_wconf 83' lang='grc' dir='ltr'>διδα-</span> 
     </span>
    </p>
   </div>
   <div class='ocr_carea' id='block_1_23' title="bbox 157 2113 1762 2198">
    <p class='ocr_par' dir='ltr' id='par_1_23' title="bbox 157 2113 1762 2198">
     <span class='ocr_line' id='line_1_23' title="bbox 157 2113 1762 2198; baseline 0.006 -29"><span class='ocrx_word' id='word_1_175' title='bbox 157 2117 232 2185; x_wconf 79' lang='grc' dir='ltr'>χῇ</span> <span class='ocrx_word' id='word_1_176' title='bbox 268 2113 384 2185; x_wconf 83' lang='grc'>(68)</span> <span class='ocrx_word' id='word_1_177' title='bbox 430 2116 868 2187; x_wconf 86' lang='grc' dir='ltr'>συμμολύνεσθαι</span> <span class='ocrx_word' id='word_1_178' title='bbox 896 2118 929 2189; x_wconf 85' lang='grc' dir='ltr'>ἣ</span> <span class='ocrx_word' id='word_1_179' title='bbox 962 2121 1238 2173; x_wconf 85' lang='grc' dir='ltr'>κοινωνεῖν</span> <span class='ocrx_word' id='word_1_180' title='bbox 1277 2126 1399 2185; x_wconf 85' lang='grc' dir='ltr'>ταῖς</span> <span class='ocrx_word' id='word_1_181' title='bbox 1440 2122 1549 2196; x_wconf 89' lang='grc'>(69)</span> <span class='ocrx_word' id='word_1_182' title='bbox 1581 2125 1762 2198; x_wconf 77' lang='grc' dir='ltr'>ἀμαρ-</span> 
     </span>
    </p>
   </div>
   <div class='ocr_carea' id='block_1_24' title="bbox 153 2202 1761 2288">
    <p class='ocr_par' dir='ltr' id='par_1_24' title="bbox 153 2202 1761 2288">
     <span class='ocr_line' id='line_1_24' title="bbox 153 2202 1761 2288; baseline 0.009 -30"><span class='ocrx_word' id='word_1_183' title='bbox 153 2202 330 2270; x_wconf 78' lang='grc' dir='ltr'>τίαις,</span> <span class='ocrx_word' id='word_1_184' title='bbox 360 2209 391 2261; x_wconf 85' lang='grc' dir='ltr'><strong>ό</strong></span> <span class='ocrx_word' id='word_1_185' title='bbox 433 2207 692 2279; x_wconf 82' lang='grc' dir='ltr'>Ἰεζεκιὴλ</span> <span class='ocrx_word' id='word_1_186' title='bbox 718 2210 1001 2265; x_wconf 78' lang='grc' dir='ltr'>ἐκκόπτων</span> <span class='ocrx_word' id='word_1_187' title='bbox 1027 2213 1127 2286; x_wconf 82' lang='grc' dir='ltr'>τὴν</span> <span class='ocrx_word' id='word_1_188' title='bbox 1166 2214 1275 2268; x_wconf 81' lang='grc' dir='ltr'>τῶν</span> <span class='ocrx_word' id='word_1_189' title='bbox 1313 2216 1598 2288; x_wconf 88' lang='grc' dir='ltr'>κακοήθων</span> <span class='ocrx_word' id='word_1_190' title='bbox 1627 2219 1761 2273; x_wconf 87' lang='grc' dir='ltr'>ὑπό-</span> 
     </span>
    </p>
   </div>
   <div class='ocr_carea' id='block_1_25' title="bbox 153 2298 1758 2382">
    <p class='ocr_par' dir='ltr' id='par_1_25' title="bbox 153 2298 1758 2382">
     <span class='ocr_line' id='line_1_25' title="bbox 153 2298 1758 2382; baseline 0.009 -31"><span class='ocrx_word' id='word_1_191' title='bbox 153 2312 311 2353; x_wconf 80' lang='grc' dir='ltr'>νοιαν</span> <span class='ocrx_word' id='word_1_192' title='bbox 340 2298 512 2369; x_wconf 80' lang='grc' dir='ltr'>λέγει’</span> <span class='ocrx_word' id='word_1_193' title='bbox 550 2320 570 2354; x_wconf 78' lang='grc' dir='ltr'><strong>ι</strong></span> <span class='ocrx_word' id='word_1_194' title='bbox 608 2302 674 2355; x_wconf 89' lang='grc' dir='ltr'>Τί</span> <span class='ocrx_word' id='word_1_195' title='bbox 705 2304 862 2373; x_wconf 85' lang='grc' dir='ltr'>ὑμεῖς</span> <span class='ocrx_word' id='word_1_196' title='bbox 891 2304 1077 2373; x_wconf 84' lang='grc' dir='ltr'>λέγετε</span> <span class='ocrx_word' id='word_1_197' title='bbox 1106 2308 1287 2370; x_wconf 84' lang='grc' dir='ltr'>αὐτοῖς</span> <span class='ocrx_word' id='word_1_198' title='bbox 1315 2309 1413 2380; x_wconf 85' lang='grc' dir='ltr'><strong>τὴν</strong></span> <span class='ocrx_word' id='word_1_199' title='bbox 1444 2310 1758 2382; x_wconf 80' lang='grc' dir='ltr'>παραϐολὴν</span> 
     </span>
    </p>
   </div>
   <div class='ocr_carea' id='block_1_26' title="bbox 151 2396 1759 2476">
    <p class='ocr_par' dir='ltr' id='par_1_26' title="bbox 151 2396 1759 2476">
     <span class='ocr_line' id='line_1_26' title="bbox 151 2396 1759 2476; baseline 0.006 -28"><span class='ocrx_word' id='word_1_200' title='bbox 151 2396 371 2467; x_wconf 61' lang='lat' dir='ltr'><strong>11&#39;3qu</strong></span> <span class='ocrx_word' id='word_1_201' title='bbox 426 2396 519 2449; x_wconf 77' lang='grc' dir='ltr'><strong>ἐπὶ</strong></span> <span class='ocrx_word' id='word_1_202' title='bbox 577 2396 682 2467; x_wconf 85' lang='grc' dir='ltr'>γῆς</span> <span class='ocrx_word' id='word_1_203' title='bbox 750 2397 984 2470; x_wconf 78' lang='grc' dir='ltr'>’1σραήλ’</span> <span class='ocrx_word' id='word_1_204' title='bbox 1030 2401 1093 2453; x_wconf 89' lang='grc' dir='ltr'>Οί</span> <span class='ocrx_word' id='word_1_205' title='bbox 1136 2401 1371 2473; x_wconf 87' lang='grc' dir='ltr'>πατέρες</span> <span class='ocrx_word' id='word_1_206' title='bbox 1412 2402 1613 2472; x_wconf 76' lang='grc' dir='ltr'>ἔφαγον</span> <span class='ocrx_word' id='word_1_207' title='bbox 1666 2404 1759 2476; x_wconf 80' lang='grc' dir='ltr'><strong>ὅμ-</strong></span> 
     </span>
    </p>
   </div>
   <div class='ocr_carea' id='block_1_27' title="bbox 152 2486 1753 2565">
    <p class='ocr_par' dir='ltr' id='par_1_27' title="bbox 152 2486 1753 2565">
     <span class='ocr_line' id='line_1_27' title="bbox 152 2486 1753 2565; baseline 0.004 -23"><span class='ocrx_word' id='word_1_208' title='bbox 152 2504 311 2557; x_wconf 70' lang='grc' dir='ltr'>φακα</span> <span class='ocrx_word' id='word_1_209' title='bbox 356 2486 495 2560; x_wconf 89' lang='grc'>(70),</span> <span class='ocrx_word' id='word_1_210' title='bbox 537 2490 710 2543; x_wconf 83' lang='grc' dir='ltr'>καὶοί</span> <span class='ocrx_word' id='word_1_211' title='bbox 753 2490 962 2556; x_wconf 84' lang='grc' dir='ltr'>ὀδόντες</span> <span class='ocrx_word' id='word_1_212' title='bbox 1004 2492 1113 2546; x_wconf 83' lang='grc' dir='ltr'>τῶν</span> <span class='ocrx_word' id='word_1_213' title='bbox 1152 2493 1359 2547; x_wconf 86' lang='grc' dir='ltr'>τέκνων</span> <span class='ocrx_word' id='word_1_214' title='bbox 1400 2495 1753 2565; x_wconf 82' lang='grc' dir='ltr'>ᾑμωδίασαν;</span> 
     </span>
    </p>
   </div>
   <div class='ocr_carea' id='block_1_28' title="bbox 155 2580 1756 2659">
    <p class='ocr_par' dir='ltr' id='par_1_28' title="bbox 155 2580 1756 2659">
     <span class='ocr_line' id='line_1_28' title="bbox 155 2580 1756 2659; baseline 0.004 -24"><span class='ocrx_word' id='word_1_215' title='bbox 155 2582 239 2645; x_wconf 78' lang='grc' dir='ltr'><strong>ζῶ</strong></span> <span class='ocrx_word' id='word_1_216' title='bbox 268 2580 408 2650; x_wconf 75' lang='grc' dir='ltr'>ἐγὼ,</span> <span class='ocrx_word' id='word_1_217' title='bbox 439 2581 588 2650; x_wconf 83' lang='grc' dir='ltr'>λέγει</span> <span class='ocrx_word' id='word_1_218' title='bbox 643 2582 867 2636; x_wconf 78' lang='grc' dir='ltr'>Ἀδωναῗ</span> <span class='ocrx_word' id='word_1_219' title='bbox 909 2585 1136 2656; x_wconf 83' lang='grc' dir='ltr'>Κύριος,</span> <span class='ocrx_word' id='word_1_220' title='bbox 1167 2589 1215 2639; x_wconf 84' lang='grc' dir='ltr'><strong>εί</strong></span> <span class='ocrx_word' id='word_1_221' title='bbox 1244 2586 1323 2640; x_wconf 74' lang='grc' dir='ltr'>ἔτι</span> <span class='ocrx_word' id='word_1_222' title='bbox 1354 2588 1463 2659; x_wconf 83' lang='grc'>(71)</span> <span class='ocrx_word' id='word_1_223' title='bbox 1505 2588 1655 2642; x_wconf 80' lang='grc' dir='ltr'>ἔσται</span> <span class='ocrx_word' id='word_1_224' title='bbox 1698 2591 1756 2642; x_wconf 79' lang='grc' dir='ltr'>ὲν</span> 
     </span>
    </p>
   </div>
   <div class='ocr_carea' id='block_1_29' title="bbox 154 2674 1755 2754">
    <p class='ocr_par' dir='ltr' id='par_1_29' title="bbox 154 2674 1755 2754">
     <span class='ocr_line' id='line_1_29' title="bbox 154 2674 1755 2754; baseline 0.004 -25"><span class='ocrx_word' id='word_1_225' title='bbox 154 2674 290 2748; x_wconf 81' lang='grc' dir='ltr'>ὑμῖν</span> <span class='ocrx_word' id='word_1_226' title='bbox 318 2675 588 2747; x_wconf 81' lang='grc' dir='ltr'>λεγομένη</span> <span class='ocrx_word' id='word_1_227' title='bbox 618 2677 652 2747; x_wconf 89' lang='grc' dir='ltr'><strong>ἡ</strong></span> <span class='ocrx_word' id='word_1_228' title='bbox 682 2677 964 2750; x_wconf 76' lang='grc' dir='ltr'>παραϐολὴ</span> <span class='ocrx_word' id='word_1_229' title='bbox 993 2679 1131 2751; x_wconf 75' lang='grc' dir='ltr'>αὕτη</span> <span class='ocrx_word' id='word_1_230' title='bbox 1162 2681 1219 2733; x_wconf 82' lang='grc' dir='ltr'>ὲν</span> <span class='ocrx_word' id='word_1_231' title='bbox 1260 2680 1338 2751; x_wconf 85' lang='grc' dir='ltr'><strong>τῷ</strong></span> <span class='ocrx_word' id='word_1_232' title='bbox 1381 2682 1628 2754; x_wconf 86' lang='grc' dir='ltr'>Ἰσραήλ·</span> <span class='ocrx_word' id='word_1_233' title='bbox 1673 2683 1755 2736; x_wconf 82' lang='grc' dir='ltr'><strong>ὅτι</strong></span> 
     </span>
    </p>
   </div>
   <div class='ocr_carea' id='block_1_30' title="bbox 156 2768 1757 2846">
    <p class='ocr_par' dir='ltr' id='par_1_30' title="bbox 156 2768 1757 2846">
     <span class='ocr_line' id='line_1_30' title="bbox 156 2768 1757 2846; baseline 0.005 -25"><span class='ocrx_word' id='word_1_234' title='bbox 156 2771 336 2822; x_wconf 79' lang='grc' dir='ltr'>πᾶσαι</span> <span class='ocrx_word' id='word_1_235' title='bbox 370 2769 426 2821; x_wconf 85' lang='grc' dir='ltr'>αἱ</span> <span class='ocrx_word' id='word_1_236' title='bbox 448 2768 619 2839; x_wconf 74' lang='grc' dir='ltr'>ψυχαὶ</span> <span class='ocrx_word' id='word_1_237' title='bbox 647 2770 775 2840; x_wconf 75' lang='grc' dir='ltr'>ἐμαί</span> <span class='ocrx_word' id='word_1_238' title='bbox 806 2772 961 2823; x_wconf 81' lang='grc' dir='ltr'>είσιν’</span> <span class='ocrx_word' id='word_1_239' title='bbox 992 2771 1051 2824; x_wconf 83' lang='grc' dir='ltr'>ὃν</span> <span class='ocrx_word' id='word_1_240' title='bbox 1079 2772 1278 2843; x_wconf 90' lang='grc' dir='ltr'>τρόπον</span> <span class='ocrx_word' id='word_1_241' title='bbox 1308 2773 1341 2844; x_wconf 85' lang='grc' dir='ltr'>ἡ</span> <span class='ocrx_word' id='word_1_242' title='bbox 1371 2772 1517 2846; x_wconf 79' lang='grc' dir='ltr'>ψυχὴ</span> <span class='ocrx_word' id='word_1_243' title='bbox 1544 2774 1638 2828; x_wconf 90' lang='grc' dir='ltr'><strong>τοῦ</strong></span> <span class='ocrx_word' id='word_1_244' title='bbox 1659 2792 1757 2829; x_wconf 87' lang='grc' dir='ltr'>πα-</span> 
     </span>
    </p>
   </div>
   <div class='ocr_carea' id='block_1_31' title="bbox 155 2856 1752 2940">
    <p class='ocr_par' dir='ltr' id='par_1_31' title="bbox 155 2856 1752 2940">
     <span class='ocr_line' id='line_1_31' title="bbox 155 2856 1752 2940; baseline 0.024 -27"><span class='ocrx_word' id='word_1_245' title='bbox 155 2860 309 2933; x_wconf 74' lang='grc' dir='ltr'>τρδς,</span> <span class='ocrx_word' id='word_1_246' title='bbox 357 2856 535 2924; x_wconf 61' lang='grc' dir='ltr'>οὕτως</span> <span class='ocrx_word' id='word_1_247' title='bbox 564 2863 598 2932; x_wconf 72' lang='grc' dir='ltr'><strong>ἡ</strong></span> <span class='ocrx_word' id='word_1_248' title='bbox 642 2862 789 2934; x_wconf 76' lang='grc' dir='ltr'>ψυχὴ</span> <span class='ocrx_word' id='word_1_249' title='bbox 830 2863 923 2915; x_wconf 75' lang='grc' dir='ltr'>τοῦ</span> <span class='ocrx_word' id='word_1_250' title='bbox 966 2864 1084 2917; x_wconf 75' lang='grc' dir='ltr'><strong>υεοῡ</strong></span> <span class='ocrx_word' id='word_1_251' title='bbox 1125 2866 1232 2937; x_wconf 66' lang='grc' dir='ltr'><strong>ἐμή</strong></span> <span class='ocrx_word' id='word_1_252' title='bbox 1263 2867 1445 2918; x_wconf 62' lang='grc' dir='ltr'>ἐστιν·</span> <span class='ocrx_word' id='word_1_253' title='bbox 1483 2867 1752 2940; x_wconf 63' lang='lat' dir='ltr'><strong>Mum</strong></span> 
     </span>
    </p>
   </div>
   <div class='ocr_carea' id='block_1_32' title="bbox 156 2950 1751 3031">
    <p class='ocr_par' dir='ltr' id='par_1_32' title="bbox 156 2950 1751 3031">
     <span class='ocr_line' id='line_1_32' title="bbox 156 2950 1751 3031; baseline 0.006 -26"><span class='ocrx_word' id='word_1_254' title='bbox 156 2950 555 3024; x_wconf 75' lang='grc' dir='ltr'>ἁμαρτάνουσα</span> <span class='ocrx_word' id='word_1_255' title='bbox 584 2955 721 3026; x_wconf 83' lang='grc' dir='ltr'>αὐτὴ</span> <span class='ocrx_word' id='word_1_256' title='bbox 745 2954 856 3027; x_wconf 80' lang='lat'><strong>(7‘2)</strong></span> <span class='ocrx_word' id='word_1_257' title='bbox 879 2956 1250 3012; x_wconf 86' lang='grc' dir='ltr'>ἀποθανεῖται.</span> <span class='ocrx_word' id='word_1_258' title='bbox 1294 2959 1351 3011; x_wconf 87' lang='lat'><strong>&#39;0</strong></span> <span class='ocrx_word' id='word_1_259' title='bbox 1369 2959 1424 3012; x_wconf 81' lang='grc' dir='ltr'>δὲ</span> <span class='ocrx_word' id='word_1_260' title='bbox 1445 2959 1751 3031; x_wconf 82' lang='grc' dir='ltr'>ἅνθρωπος,</span> 
     </span>
    </p>
   </div>
   <div class='ocr_carea' id='block_1_33' title="bbox 155 3042 1754 3123">
    <p class='ocr_par' dir='ltr' id='par_1_33' title="bbox 155 3042 1754 3123">
     <span class='ocr_line' id='line_1_33' title="bbox 155 3042 1754 3123; baseline 0.006 -26"><span class='ocrx_word' id='word_1_261' title='bbox 155 3046 213 3108; x_wconf 77' lang='grc' dir='ltr'>ὃς</span> <span class='ocrx_word' id='word_1_262' title='bbox 241 3046 401 3099; x_wconf 76' lang='grc' dir='ltr'>ἔσται</span> <span class='ocrx_word' id='word_1_263' title='bbox 428 3042 656 3110; x_wconf 88' lang='grc' dir='ltr'>δίκαιος,</span> <span class='ocrx_word' id='word_1_264' title='bbox 687 3048 855 3100; x_wconf 84' lang='grc' dir='ltr'>ποιῶν</span> <span class='ocrx_word' id='word_1_265' title='bbox 884 3051 1058 3120; x_wconf 85' lang='grc' dir='ltr'>κρῖμα</span> <span class='ocrx_word' id='word_1_266' title='bbox 1087 3051 1180 3103; x_wconf 76' lang='grc' dir='ltr'><strong>καὶ</strong></span> <span class='ocrx_word' id='word_1_267' title='bbox 1207 3050 1572 3123; x_wconf 88' lang='grc' dir='ltr'>δικαιοσύνην,</span> <span class='ocrx_word' id='word_1_268' title='bbox 1616 3071 1632 3102; x_wconf 78' lang='grc' dir='ltr'><strong>ι</strong></span> <span class='ocrx_word' id='word_1_269' title='bbox 1660 3053 1754 3107; x_wconf 82' lang='grc' dir='ltr'><strong>καὶ</strong></span> 
     </span>
    </p>
   </div>
   <div class='ocr_carea' id='block_1_34' title="bbox 1872 540 3454 615">
    <p class='ocr_par' dir='ltr' id='par_1_34' title="bbox 1872 540 3454 615">
     <span class='ocr_line' id='line_1_34' title="bbox 1872 540 3454 615; baseline 0 -15"><span class='ocrx_word' id='word_1_270' title='bbox 1872 545 1995 614; x_wconf 86' lang='lat' dir='ltr'><strong>ejus</strong></span> <span class='ocrx_word' id='word_1_271' title='bbox 2026 553 2155 599; x_wconf 94' lang='lat' dir='ltr'><strong>ante</strong></span> <span class='ocrx_word' id='word_1_272' title='bbox 2188 542 2384 598; x_wconf 83' lang='lat' dir='ltr'><strong>faciem</strong></span> <span class='ocrx_word' id='word_1_273' title='bbox 2422 542 2575 598; x_wconf 90' lang='lat' dir='ltr'><strong>illius</strong></span> <span class='ocrx_word' id='word_1_274' title='bbox 2601 543 2678 596; x_wconf 71' lang='grc' dir='ltr'>’.ι</span> <span class='ocrx_word' id='word_1_275' title='bbox 2710 542 2730 572; x_wconf 91' lang='grc'>³</span> <span class='ocrx_word' id='word_1_276' title='bbox 2752 540 2867 598; x_wconf 85' lang='lat' dir='ltr'><strong>Nos</strong></span> <span class='ocrx_word' id='word_1_277' title='bbox 2896 550 3080 599; x_wconf 91' lang='lat' dir='ltr'><strong>autem</strong></span> <span class='ocrx_word' id='word_1_278' title='bbox 3113 550 3329 615; x_wconf 82' lang='lat' dir='ltr'><strong>oportet</strong></span> <span class='ocrx_word' id='word_1_279' title='bbox 3349 560 3454 600; x_wconf 87' lang='lat' dir='ltr'><strong>no-</strong></span> 
     </span>
    </p>
   </div>
   <div class='ocr_carea' id='block_1_35' title="bbox 1870 634 3454 709">
    <p class='ocr_par' dir='ltr' id='par_1_35' title="bbox 1870 634 3454 709">
     <span class='ocr_line' id='line_1_35' title="bbox 1870 634 3454 709; baseline 0.003 -19"><span class='ocrx_word' id='word_1_280' title='bbox 1870 637 2004 691; x_wconf 92' lang='lat' dir='ltr'><strong>stris</strong></span> <span class='ocrx_word' id='word_1_281' title='bbox 2050 634 2313 698; x_wconf 88' lang='lat' dir='ltr'><strong>inﬁrmis,</strong></span> <span class='ocrx_word' id='word_1_282' title='bbox 2345 640 2399 689; x_wconf 89' lang='lat' dir='ltr'><strong>et</strong></span> <span class='ocrx_word' id='word_1_283' title='bbox 2438 634 2883 705; x_wconf 84' lang='lat' dir='ltr'><strong>periclitantibus</strong></span> <span class='ocrx_word' id='word_1_284' title='bbox 2912 643 2967 690; x_wconf 88' lang='lat' dir='ltr'><strong>et</strong></span> <span class='ocrx_word' id='word_1_285' title='bbox 3005 635 3249 707; x_wconf 85' lang='lat' dir='ltr'><strong>deceptis</strong></span> <span class='ocrx_word' id='word_1_286' title='bbox 3292 654 3454 709; x_wconf 88' lang='lat' dir='ltr'><strong>opem</strong></span> 
     </span>
    </p>
   </div>
   <div class='ocr_carea' id='block_1_36' title="bbox 1870 726 3455 797">
    <p class='ocr_par' dir='ltr' id='par_1_36' title="bbox 1870 726 3455 797">
     <span class='ocr_line' id='line_1_36' title="bbox 1870 726 3455 797; baseline 0.004 -16"><span class='ocrx_word' id='word_1_287' title='bbox 1870 726 2050 794; x_wconf 81' lang='lat' dir='ltr'><strong>ferre;</strong></span> <span class='ocrx_word' id='word_1_288' title='bbox 2079 736 2134 782; x_wconf 90' lang='lat' dir='ltr'><strong>et</strong></span> <span class='ocrx_word' id='word_1_289' title='bbox 2162 727 2343 797; x_wconf 86' lang='lat' dir='ltr'><strong>quoad</strong></span> <span class='ocrx_word' id='word_1_290' title='bbox 2374 726 2492 781; x_wconf 88' lang='lat' dir='ltr'><strong>ﬁeri</strong></span> <span class='ocrx_word' id='word_1_291' title='bbox 2520 734 2739 797; x_wconf 90' lang='lat' dir='ltr'><strong>potest,</strong></span> <span class='ocrx_word' id='word_1_292' title='bbox 2768 727 3041 783; x_wconf 87' lang='lat' dir='ltr'><strong>sermonis</strong></span> <span class='ocrx_word' id='word_1_293' title='bbox 3067 728 3455 789; x_wconf 84' lang='lat' dir='ltr'><strong>exhortatione</strong></span> 
     </span>
    </p>
   </div>
   <div class='ocr_carea' id='block_1_37' title="bbox 1870 819 3452 890">
    <p class='ocr_par' dir='ltr' id='par_1_37' title="bbox 1870 819 3452 890">
     <span class='ocr_line' id='line_1_37' title="bbox 1870 819 3452 890; baseline 0.001 -15"><span class='ocrx_word' id='word_1_294' title='bbox 1870 834 2069 875; x_wconf 89' lang='lat' dir='ltr'><strong>sanare</strong></span> <span class='ocrx_word' id='word_1_295' title='bbox 2112 834 2241 886; x_wconf 90' lang='lat' dir='ltr'><strong>eos,</strong></span> <span class='ocrx_word' id='word_1_296' title='bbox 2282 828 2445 889; x_wconf 91' lang='lat' dir='ltr'><strong>atque</strong></span> <span class='ocrx_word' id='word_1_297' title='bbox 2490 834 2521 872; x_wconf 90' lang='lat' dir='ltr'><strong>a</strong></span> <span class='ocrx_word' id='word_1_298' title='bbox 2560 826 2738 874; x_wconf 83' lang='lat' dir='ltr'><strong>morte</strong></span> <span class='ocrx_word' id='word_1_299' title='bbox 2781 819 3019 890; x_wconf 87' lang='lat' dir='ltr'><strong>eripere.</strong></span> <span class='ocrx_word' id='word_1_300' title='bbox 3051 838 3071 872; x_wconf 78' lang='grc' dir='ltr'><strong>ι</strong></span> <span class='ocrx_word' id='word_1_301' title='bbox 3098 819 3221 876; x_wconf 84' lang='grc' dir='ltr'>Νοιι</span> <span class='ocrx_word' id='word_1_302' title='bbox 3251 840 3271 874; x_wconf 75' lang='grc' dir='ltr'><strong>ι</strong></span> <span class='ocrx_word' id='word_1_303' title='bbox 3305 822 3452 878; x_wconf 89' lang='lat' dir='ltr'><strong>enim</strong></span> 
     </span>
    </p>
   </div>
   <div class='ocr_carea' id='block_1_38' title="bbox 1876 912 3454 986">
    <p class='ocr_par' dir='ltr' id='par_1_38' title="bbox 1876 912 3454 986">
     <span class='ocr_line' id='line_1_38' title="bbox 1876 912 3454 986; baseline 0.006 -25"><span class='ocrx_word' id='word_1_304' title='bbox 1876 930 1894 961; x_wconf 73' lang='grc' dir='ltr'><strong>ι</strong></span> <span class='ocrx_word' id='word_1_305' title='bbox 1927 926 2067 982; x_wconf 89' lang='lat' dir='ltr'><strong>opus</strong></span> <span class='ocrx_word' id='word_1_306' title='bbox 2108 912 2315 968; x_wconf 83' lang='lat' dir='ltr'><strong>habent</strong></span> <span class='ocrx_word' id='word_1_307' title='bbox 2358 912 2574 966; x_wconf 90' lang='lat' dir='ltr'><strong>medico</strong></span> <span class='ocrx_word' id='word_1_308' title='bbox 2606 952 2621 975; x_wconf 88' lang='lat'><strong>,</strong></span> <span class='ocrx_word' id='word_1_309' title='bbox 2669 912 2762 982; x_wconf 88' lang='lat' dir='ltr'><strong>qui</strong></span> <span class='ocrx_word' id='word_1_310' title='bbox 2801 913 3021 978; x_wconf 89' lang='lat' dir='ltr'><strong>valent,</strong></span> <span class='ocrx_word' id='word_1_311' title='bbox 3048 913 3146 969; x_wconf 90' lang='lat' dir='ltr'><strong>sed</strong></span> <span class='ocrx_word' id='word_1_312' title='bbox 3175 916 3268 986; x_wconf 88' lang='lat' dir='ltr'><strong>qui</strong></span> <span class='ocrx_word' id='word_1_313' title='bbox 3311 917 3454 971; x_wconf 92' lang='lat' dir='ltr'><strong>male</strong></span> 
     </span>
    </p>
   </div>
   <div class='ocr_carea' id='block_1_39' title="bbox 1868 1002 3452 1074">
    <p class='ocr_par' dir='ltr' id='par_1_39' title="bbox 1868 1002 3452 1074">
     <span class='ocr_line' id='line_1_39' title="bbox 1868 1002 3452 1074; baseline 0.004 -17"><span class='ocrx_word' id='word_1_314' title='bbox 1868 1002 2133 1059; x_wconf 73' lang='lat' dir='ltr'><strong>habent“.</strong></span> <span class='ocrx_word' id='word_1_315' title='bbox 2162 1025 2180 1057; x_wconf 85' lang='grc'><strong>›</strong></span> <span class='ocrx_word' id='word_1_316' title='bbox 2209 1003 2663 1074; x_wconf 86' lang='lat' dir='ltr'><strong>Quandoquidem</strong></span> <span class='ocrx_word' id='word_1_317' title='bbox 2697 1023 2715 1056; x_wconf 80' lang='grc' dir='ltr'><strong>ι</strong></span> <span class='ocrx_word' id='word_1_318' title='bbox 2739 1020 2849 1059; x_wconf 83' lang='grc' dir='ltr'>ηοιι</span> <span class='ocrx_word' id='word_1_319' title='bbox 2874 1014 2960 1061; x_wconf 91' lang='lat' dir='ltr'><strong>est</strong></span> <span class='ocrx_word' id='word_1_320' title='bbox 2984 1007 3242 1065; x_wconf 83' lang='lat' dir='ltr'><strong>voluntas</strong></span> <span class='ocrx_word' id='word_1_321' title='bbox 3264 1023 3452 1064; x_wconf 88' lang='lat' dir='ltr'><strong>coram</strong></span> 
     </span>
    </p>
   </div>
   <div class='ocr_carea' id='block_1_40' title="bbox 1867 1092 3454 1170">
    <p class='ocr_par' dir='ltr' id='par_1_40' title="bbox 1867 1092 3454 1170">
     <span class='ocr_line' id='line_1_40' title="bbox 1867 1092 3454 1170; baseline 0.004 -23"><span class='ocrx_word' id='word_1_322' title='bbox 1867 1092 2052 1161; x_wconf 87' lang='lat' dir='ltr'><strong>Patre,</strong></span> <span class='ocrx_word' id='word_1_323' title='bbox 2080 1104 2141 1150; x_wconf 91' lang='lat' dir='ltr'><strong>ut</strong></span> <span class='ocrx_word' id='word_1_324' title='bbox 2165 1103 2354 1166; x_wconf 87' lang='lat' dir='ltr'><strong>pereat</strong></span> <span class='ocrx_word' id='word_1_325' title='bbox 2378 1112 2523 1152; x_wconf 90' lang='lat' dir='ltr'><strong>unus</strong></span> <span class='ocrx_word' id='word_1_326' title='bbox 2551 1096 2618 1152; x_wconf 92' lang='lat' dir='ltr'><strong>de</strong></span> <span class='ocrx_word' id='word_1_327' title='bbox 2645 1098 2862 1167; x_wconf 85' lang='lat' dir='ltr'><strong>pusillis</strong></span> <span class='ocrx_word' id='word_1_328' title='bbox 2886 1098 2927 1153; x_wconf 81' lang='grc'>⁸.</span> <span class='ocrx_word' id='word_1_329' title='bbox 2958 1117 2977 1151; x_wconf 78' lang='grc' dir='ltr'><strong>ι</strong></span> <span class='ocrx_word' id='word_1_330' title='bbox 2998 1098 3120 1154; x_wconf 88' lang='grc' dir='ltr'>Νοιι</span> <span class='ocrx_word' id='word_1_331' title='bbox 3149 1100 3294 1155; x_wconf 87' lang='lat' dir='ltr'><strong>enim</strong></span> <span class='ocrx_word' id='word_1_332' title='bbox 3325 1115 3454 1170; x_wconf 80' lang='lat' dir='ltr'><strong>per—</strong></span> 
     </span>
    </p>
   </div>
   <div class='ocr_carea' id='block_1_41' title="bbox 1869 1190 3452 1260">
    <p class='ocr_par' dir='ltr' id='par_1_41' title="bbox 1869 1190 3452 1260">
     <span class='ocr_line' id='line_1_41' title="bbox 1869 1190 3452 1260; baseline 0.001 -15"><span class='ocrx_word' id='word_1_333' title='bbox 1869 1190 2218 1260; x_wconf 90' lang='lat' dir='ltr'><strong>pendendum</strong></span> <span class='ocrx_word' id='word_1_334' title='bbox 2264 1200 2381 1255; x_wconf 91' lang='lat' dir='ltr'><strong>est,</strong></span> <span class='ocrx_word' id='word_1_335' title='bbox 2424 1206 2547 1260; x_wconf 80' lang='lat' dir='ltr'><strong>quae</strong></span> <span class='ocrx_word' id='word_1_336' title='bbox 2588 1197 2695 1245; x_wconf 90' lang='lat' dir='ltr'><strong>stet</strong></span> <span class='ocrx_word' id='word_1_337' title='bbox 2742 1190 3027 1245; x_wconf 89' lang='lat' dir='ltr'><strong>hominum</strong></span> <span class='ocrx_word' id='word_1_338' title='bbox 3060 1190 3254 1246; x_wconf 88' lang='lat' dir='ltr'><strong>immiti</strong></span> <span class='ocrx_word' id='word_1_339' title='bbox 3283 1191 3452 1248; x_wconf 90' lang='lat' dir='ltr'><strong>corde</strong></span> 
     </span>
    </p>
   </div>
   <div class='ocr_carea' id='block_1_42' title="bbox 1867 1280 3449 1353">
    <p class='ocr_par' dir='ltr' id='par_1_42' title="bbox 1867 1280 3449 1353">
     <span class='ocr_line' id='line_1_42' title="bbox 1867 1280 3449 1353; baseline 0.003 -18"><span class='ocrx_word' id='word_1_340' title='bbox 1867 1282 2138 1337; x_wconf 87' lang='lat' dir='ltr'><strong>sententia</strong></span> <span class='ocrx_word' id='word_1_341' title='bbox 2161 1323 2176 1346; x_wconf 86' lang='lat'><strong>,</strong></span> <span class='ocrx_word' id='word_1_342' title='bbox 2212 1282 2307 1338; x_wconf 88' lang='lat' dir='ltr'><strong>sed</strong></span> <span class='ocrx_word' id='word_1_343' title='bbox 2339 1298 2460 1353; x_wconf 68' lang='lat' dir='ltr'><strong>quae</strong></span> <span class='ocrx_word' id='word_1_344' title='bbox 2488 1281 2585 1337; x_wconf 85' lang='lat' dir='ltr'><strong>Dei</strong></span> <span class='ocrx_word' id='word_1_345' title='bbox 2616 1291 2670 1337; x_wconf 92' lang='lat' dir='ltr'><strong>et</strong></span> <span class='ocrx_word' id='word_1_346' title='bbox 2713 1280 2895 1339; x_wconf 85' lang='lat' dir='ltr'><strong>Patris</strong></span> <span class='ocrx_word' id='word_1_347' title='bbox 2938 1282 3182 1337; x_wconf 90' lang='lat' dir='ltr'><strong>omnium</strong></span> <span class='ocrx_word' id='word_1_348' title='bbox 3227 1300 3449 1352; x_wconf 91' lang='lat' dir='ltr'><strong>rerum,</strong></span> 
     </span>
    </p>
   </div>
   <div class='ocr_carea' id='block_1_43' title="bbox 1866 1373 3451 1448">
    <p class='ocr_par' dir='ltr' id='par_1_43' title="bbox 1866 1373 3451 1448">
     <span class='ocr_line' id='line_1_43' title="bbox 1866 1373 3451 1448; baseline 0.003 -20"><span class='ocrx_word' id='word_1_349' title='bbox 1866 1390 1987 1444; x_wconf 79' lang='lat' dir='ltr'><strong>quae</strong></span> <span class='ocrx_word' id='word_1_350' title='bbox 2017 1385 2103 1430; x_wconf 82' lang='lat' dir='ltr'><strong>est</strong></span> <span class='ocrx_word' id='word_1_351' title='bbox 2132 1391 2231 1445; x_wconf 91' lang='lat' dir='ltr'><strong>per</strong></span> <span class='ocrx_word' id='word_1_352' title='bbox 2259 1373 2448 1430; x_wconf 83' lang='lat' dir='ltr'><strong>Jesum</strong></span> <span class='ocrx_word' id='word_1_353' title='bbox 2498 1374 2778 1430; x_wconf 87' lang='lat' dir='ltr'><strong>Christum</strong></span> <span class='ocrx_word' id='word_1_354' title='bbox 2816 1374 3108 1429; x_wconf 92' lang='lat' dir='ltr'><strong>Dominum</strong></span> <span class='ocrx_word' id='word_1_355' title='bbox 3154 1384 3405 1432; x_wconf 88' lang='lat' dir='ltr'><strong>nostrum</strong></span> <span class='ocrx_word' id='word_1_356' title='bbox 3430 1394 3451 1448; x_wconf 87' lang='lat'><strong>;</strong></span> 
     </span>
    </p>
   </div>
   <div class='ocr_carea' id='block_1_44' title="bbox 1866 1466 3450 1541">
    <p class='ocr_par' dir='ltr' id='par_1_44' title="bbox 1866 1466 3450 1541">
     <span class='ocr_line' id='line_1_44' title="bbox 1866 1466 3450 1541; baseline 0.003 -20"><span class='ocrx_word' id='word_1_357' title='bbox 1866 1468 1954 1521; x_wconf 93' lang='lat' dir='ltr'><strong>cui</strong></span> <span class='ocrx_word' id='word_1_358' title='bbox 1992 1468 2167 1538; x_wconf 85' lang='lat' dir='ltr'><strong>gloria</strong></span> <span class='ocrx_word' id='word_1_359' title='bbox 2217 1468 2271 1522; x_wconf 90' lang='lat' dir='ltr'><strong>in</strong></span> <span class='ocrx_word' id='word_1_360' title='bbox 2318 1468 2541 1524; x_wconf 65' lang='lat' dir='ltr'><strong>saecula.</strong></span> <span class='ocrx_word' id='word_1_361' title='bbox 2587 1466 2784 1523; x_wconf 86' lang='lat' dir='ltr'><strong>Amen.</strong></span> <span class='ocrx_word' id='word_1_362' title='bbox 2818 1466 3008 1538; x_wconf 88' lang='lat' dir='ltr'><strong>Neque</strong></span> <span class='ocrx_word' id='word_1_363' title='bbox 3034 1469 3199 1523; x_wconf 89' lang='lat' dir='ltr'><strong>etiam</strong></span> <span class='ocrx_word' id='word_1_364' title='bbox 3231 1485 3450 1541; x_wconf 82' lang='lat' dir='ltr'><strong>aequum</strong></span> 
     </span>
    </p>
   </div>
   <div class='ocr_carea' id='block_1_45' title="bbox 1864 1560 3451 1631">
    <p class='ocr_par' dir='ltr' id='par_1_45' title="bbox 1864 1560 3451 1631">
     <span class='ocr_line' id='line_1_45' title="bbox 1864 1560 3451 1631; baseline 0.003 -17"><span class='ocrx_word' id='word_1_365' title='bbox 1864 1566 1971 1627; x_wconf 85' lang='lat' dir='ltr'><strong>est,</strong></span> <span class='ocrx_word' id='word_1_366' title='bbox 2001 1574 2035 1615; x_wconf 91' lang='grc' dir='ltr'><strong>ο</strong></span> <span class='ocrx_word' id='word_1_367' title='bbox 2080 1560 2371 1631; x_wconf 90' lang='lat' dir='ltr'><strong>episcope,</strong></span> <span class='ocrx_word' id='word_1_368' title='bbox 2420 1567 2483 1614; x_wconf 93' lang='lat' dir='ltr'><strong>ut</strong></span> <span class='ocrx_word' id='word_1_369' title='bbox 2514 1570 2572 1614; x_wconf 90' lang='lat' dir='ltr'><strong>tu</strong></span> <span class='ocrx_word' id='word_1_370' title='bbox 2620 1560 2716 1631; x_wconf 90' lang='lat' dir='ltr'><strong>qui</strong></span> <span class='ocrx_word' id='word_1_371' title='bbox 2759 1567 2925 1631; x_wconf 88' lang='lat' dir='ltr'><strong>caput</strong></span> <span class='ocrx_word' id='word_1_372' title='bbox 2975 1576 3071 1627; x_wconf 90' lang='lat' dir='ltr'><strong>es,</strong></span> <span class='ocrx_word' id='word_1_373' title='bbox 3124 1562 3451 1619; x_wconf 85' lang='lat' dir='ltr'><strong>assentiaris</strong></span> 
     </span>
    </p>
   </div>
   <div class='ocr_carea' id='block_1_46' title="bbox 1865 1652 3448 1727">
    <p class='ocr_par' dir='ltr' id='par_1_46' title="bbox 1865 1652 3448 1727">
     <span class='ocr_line' id='line_1_46' title="bbox 1865 1652 3448 1727; baseline 0.004 -21"><span class='ocrx_word' id='word_1_374' title='bbox 1865 1652 2088 1717; x_wconf 77' lang='lat' dir='ltr'><strong>caudae,</strong></span> <span class='ocrx_word' id='word_1_375' title='bbox 2128 1652 2235 1707; x_wconf 89' lang='lat' dir='ltr'><strong>hoc</strong></span> <span class='ocrx_word' id='word_1_376' title='bbox 2270 1661 2358 1707; x_wconf 91' lang='lat' dir='ltr'><strong>est</strong></span> <span class='ocrx_word' id='word_1_377' title='bbox 2395 1652 2570 1719; x_wconf 91' lang='lat' dir='ltr'><strong>laico,</strong></span> <span class='ocrx_word' id='word_1_378' title='bbox 2603 1652 2813 1708; x_wconf 89' lang='lat' dir='ltr'><strong>homini</strong></span> <span class='ocrx_word' id='word_1_379' title='bbox 2859 1653 3155 1720; x_wconf 90' lang='lat' dir='ltr'><strong>seditioso,</strong></span> <span class='ocrx_word' id='word_1_380' title='bbox 3190 1655 3356 1727; x_wconf 91' lang='lat' dir='ltr'><strong>idque</strong></span> <span class='ocrx_word' id='word_1_381' title='bbox 3389 1658 3448 1712; x_wconf 90' lang='lat' dir='ltr'><strong>in</strong></span> 
     </span>
    </p>
   </div>
   <div class='ocr_carea' id='block_1_47' title="bbox 1865 1744 3449 1818">
    <p class='ocr_par' dir='ltr' id='par_1_47' title="bbox 1865 1744 3449 1818">
     <span class='ocr_line' id='line_1_47' title="bbox 1865 1744 3449 1818; baseline 0.004 -22"><span class='ocrx_word' id='word_1_382' title='bbox 1865 1744 2092 1799; x_wconf 87' lang='lat' dir='ltr'><strong>alterius</strong></span> <span class='ocrx_word' id='word_1_383' title='bbox 2120 1744 2458 1815; x_wconf 87' lang='lat' dir='ltr'><strong>perniciem;</strong></span> <span class='ocrx_word' id='word_1_384' title='bbox 2488 1745 2583 1801; x_wconf 90' lang='lat' dir='ltr'><strong>sed</strong></span> <span class='ocrx_word' id='word_1_385' title='bbox 2615 1744 2727 1801; x_wconf 90' lang='lat' dir='ltr'><strong>Deo</strong></span> <span class='ocrx_word' id='word_1_386' title='bbox 2759 1746 2864 1801; x_wconf 88' lang='lat' dir='ltr'><strong>soli</strong></span> <span class='ocrx_word' id='word_1_387' title='bbox 2891 1747 2935 1801; x_wconf 77' lang='grc'>⁸.</span> <span class='ocrx_word' id='word_1_388' title='bbox 2972 1746 3110 1801; x_wconf 88' lang='lat' dir='ltr'><strong>Nam</strong></span> <span class='ocrx_word' id='word_1_389' title='bbox 3149 1756 3364 1818; x_wconf 85' lang='lat' dir='ltr'><strong>oportet</strong></span> <span class='ocrx_word' id='word_1_390' title='bbox 3394 1756 3449 1805; x_wconf 93' lang='lat' dir='ltr'><strong>te</strong></span> 
     </span>
    </p>
   </div>
   <div class='ocr_carea' id='block_1_48' title="bbox 1863 1837 3447 1909">
    <p class='ocr_par' dir='ltr' id='par_1_48' title="bbox 1863 1837 3447 1909">
     <span class='ocr_line' id='line_1_48' title="bbox 1863 1837 3447 1909; baseline 0.004 -18"><span class='ocrx_word' id='word_1_391' title='bbox 1863 1837 2144 1906; x_wconf 84' lang='lat' dir='ltr'><strong>subjectos</strong></span> <span class='ocrx_word' id='word_1_392' title='bbox 2172 1852 2393 1907; x_wconf 86' lang='lat' dir='ltr'><strong>regere,</strong></span> <span class='ocrx_word' id='word_1_393' title='bbox 2426 1853 2539 1893; x_wconf 92' lang='lat' dir='ltr'><strong>non</strong></span> <span class='ocrx_word' id='word_1_394' title='bbox 2583 1838 2653 1892; x_wconf 92' lang='lat' dir='ltr'><strong>ab</strong></span> <span class='ocrx_word' id='word_1_395' title='bbox 2697 1838 2766 1894; x_wconf 91' lang='lat' dir='ltr'><strong>iis</strong></span> <span class='ocrx_word' id='word_1_396' title='bbox 2808 1838 2923 1909; x_wconf 91' lang='lat' dir='ltr'><strong>regi</strong></span> <span class='ocrx_word' id='word_1_397' title='bbox 2955 1857 2970 1906; x_wconf 93' lang='lat'><strong>;</strong></span> <span class='ocrx_word' id='word_1_398' title='bbox 3003 1855 3126 1895; x_wconf 92' lang='lat' dir='ltr'><strong>cum</strong></span> <span class='ocrx_word' id='word_1_399' title='bbox 3159 1856 3260 1895; x_wconf 89' lang='lat' dir='ltr'><strong>nec</strong></span> <span class='ocrx_word' id='word_1_400' title='bbox 3302 1840 3447 1897; x_wconf 87' lang='lat' dir='ltr'><strong>ﬁlius</strong></span> 
     </span>
    </p>
   </div>
   <div class='ocr_carea' id='block_1_49' title="bbox 1864 1928 3445 1999">
    <p class='ocr_par' dir='ltr' id='par_1_49' title="bbox 1864 1928 3445 1999">
     <span class='ocr_line' id='line_1_49' title="bbox 1864 1928 3445 1999; baseline 0.004 -19"><span class='ocrx_word' id='word_1_401' title='bbox 1864 1928 2093 1999; x_wconf 89' lang='lat' dir='ltr'><strong>imperet</strong></span> <span class='ocrx_word' id='word_1_402' title='bbox 2138 1930 2281 1998; x_wconf 86' lang='lat' dir='ltr'><strong>patri</strong></span> <span class='ocrx_word' id='word_1_403' title='bbox 2321 1929 2627 1985; x_wconf 92' lang='lat' dir='ltr'><strong>secundum</strong></span> <span class='ocrx_word' id='word_1_404' title='bbox 2672 1931 2941 1986; x_wconf 90' lang='lat' dir='ltr'><strong>rationem</strong></span> <span class='ocrx_word' id='word_1_405' title='bbox 2970 1941 3160 1997; x_wconf 88' lang='lat' dir='ltr'><strong>ortus,</strong></span> <span class='ocrx_word' id='word_1_406' title='bbox 3196 1947 3298 1987; x_wconf 90' lang='lat' dir='ltr'><strong>nec</strong></span> <span class='ocrx_word' id='word_1_407' title='bbox 3323 1949 3445 1987; x_wconf 87' lang='lat' dir='ltr'><strong>ser-</strong></span> 
     </span>
    </p>
   </div>
   <div class='ocr_carea' id='block_1_50' title="bbox 1864 2022 3447 2095">
    <p class='ocr_par' dir='ltr' id='par_1_50' title="bbox 1864 2022 3447 2095">
     <span class='ocr_line' id='line_1_50' title="bbox 1864 2022 3447 2095; baseline 0.004 -21"><span class='ocrx_word' id='word_1_408' title='bbox 1864 2037 1963 2076; x_wconf 93' lang='lat' dir='ltr'><strong>vus</strong></span> <span class='ocrx_word' id='word_1_409' title='bbox 1988 2022 2211 2077; x_wconf 88' lang='lat' dir='ltr'><strong>domino</strong></span> <span class='ocrx_word' id='word_1_410' title='bbox 2240 2038 2342 2077; x_wconf 89' lang='lat' dir='ltr'><strong>suo</strong></span> <span class='ocrx_word' id='word_1_411' title='bbox 2373 2030 2629 2092; x_wconf 85' lang='lat' dir='ltr'><strong>respectu</strong></span> <span class='ocrx_word' id='word_1_412' title='bbox 2661 2025 2949 2093; x_wconf 86' lang='lat' dir='ltr'><strong>potestatis</strong></span> <span class='ocrx_word' id='word_1_413' title='bbox 2968 2064 2982 2088; x_wconf 94' lang='lat'><strong>,</strong></span> <span class='ocrx_word' id='word_1_414' title='bbox 3011 2039 3114 2079; x_wconf 92' lang='lat' dir='ltr'><strong>nec</strong></span> <span class='ocrx_word' id='word_1_415' title='bbox 3141 2023 3447 2095; x_wconf 86' lang='lat' dir='ltr'><strong>discipulus</strong></span> 
     </span>
    </p>
   </div>
   <div class='ocr_carea' id='block_1_51' title="bbox 1862 2114 3445 2187">
    <p class='ocr_par' dir='ltr' id='par_1_51' title="bbox 1862 2114 3445 2187">
     <span class='ocr_line' id='line_1_51' title="bbox 1862 2114 3445 2187; baseline 0.001 -17"><span class='ocrx_word' id='word_1_416' title='bbox 1862 2116 2156 2187; x_wconf 85' lang='lat' dir='ltr'><strong>magistro,</strong></span> <span class='ocrx_word' id='word_1_417' title='bbox 2205 2132 2309 2171; x_wconf 87' lang='lat' dir='ltr'><strong>nec</strong></span> <span class='ocrx_word' id='word_1_418' title='bbox 2354 2116 2512 2170; x_wconf 89' lang='lat' dir='ltr'><strong>miles</strong></span> <span class='ocrx_word' id='word_1_419' title='bbox 2561 2114 2923 2185; x_wconf 89' lang='lat' dir='ltr'><strong>imperatori;</strong></span> <span class='ocrx_word' id='word_1_420' title='bbox 2954 2130 3059 2171; x_wconf 90' lang='lat' dir='ltr'><strong>nec</strong></span> <span class='ocrx_word' id='word_1_421' title='bbox 3099 2131 3230 2187; x_wconf 89' lang='lat' dir='ltr'><strong>ergo</strong></span> <span class='ocrx_word' id='word_1_422' title='bbox 3270 2116 3445 2172; x_wconf 82' lang='lat' dir='ltr'><strong>laicus</strong></span> 
     </span>
    </p>
   </div>
   <div class='ocr_carea' id='block_1_52' title="bbox 1871 2208 3445 2281">
    <p class='ocr_par' dir='ltr' id='par_1_52' title="bbox 1871 2208 3445 2281">
     <span class='ocr_line' id='line_1_52' title="bbox 1871 2208 3445 2281; baseline 0.001 -18"><span class='ocrx_word' id='word_1_423' title='bbox 1871 2209 2153 2280; x_wconf 89' lang='lat' dir='ltr'><strong>episc0po.</strong></span> <span class='ocrx_word' id='word_1_424' title='bbox 2179 2208 2451 2264; x_wconf 84' lang='lat' dir='ltr'><strong>Caeterum</strong></span> <span class='ocrx_word' id='word_1_425' title='bbox 2481 2223 2550 2262; x_wconf 89' lang='lat' dir='ltr'><strong>ne</strong></span> <span class='ocrx_word' id='word_1_426' title='bbox 2576 2210 2944 2274; x_wconf 82' lang='lat' dir='ltr'><strong>existimetur,</strong></span> <span class='ocrx_word' id='word_1_427' title='bbox 2976 2224 3072 2264; x_wconf 92' lang='lat' dir='ltr'><strong>eos</strong></span> <span class='ocrx_word' id='word_1_428' title='bbox 3104 2209 3199 2280; x_wconf 90' lang='lat' dir='ltr'><strong>qui</strong></span> <span class='ocrx_word' id='word_1_429' title='bbox 3232 2208 3445 2281; x_wconf 87' lang='lat' dir='ltr'><strong>impro--</strong></span> 
     </span>
    </p>
   </div>
   <div class='ocr_carea' id='block_1_53' title="bbox 1861 2300 3447 2371">
    <p class='ocr_par' dir='ltr' id='par_1_53' title="bbox 1861 2300 3447 2371">
     <span class='ocr_line' id='line_1_53' title="bbox 1861 2300 3447 2371; baseline 0.003 -16"><span class='ocrx_word' id='word_1_430' title='bbox 1861 2301 1960 2357; x_wconf 91' lang='lat' dir='ltr'><strong>bos</strong></span> <span class='ocrx_word' id='word_1_431' title='bbox 1990 2300 2377 2371; x_wconf 85' lang='lat' dir='ltr'><strong>frequentant,</strong></span> <span class='ocrx_word' id='word_1_432' title='bbox 2410 2301 2681 2356; x_wconf 90' lang='lat' dir='ltr'><strong>sermonis</strong></span> <span class='ocrx_word' id='word_1_433' title='bbox 2708 2316 2897 2356; x_wconf 89' lang='lat' dir='ltr'><strong>eorum</strong></span> <span class='ocrx_word' id='word_1_434' title='bbox 2925 2301 3272 2359; x_wconf 91' lang='lat' dir='ltr'><strong>documentis</strong></span> <span class='ocrx_word' id='word_1_435' title='bbox 3299 2304 3447 2359; x_wconf 86' lang='lat' dir='ltr'><strong>coin-</strong></span> 
     </span>
    </p>
   </div>
   <div class='ocr_carea' id='block_1_54' title="bbox 1859 2393 3444 2464">
    <p class='ocr_par' dir='ltr' id='par_1_54' title="bbox 1859 2393 3444 2464">
     <span class='ocr_line' id='line_1_54' title="bbox 1859 2393 3444 2464; baseline 0.002 -17"><span class='ocrx_word' id='word_1_436' title='bbox 1859 2393 2108 2463; x_wconf 90' lang='lat' dir='ltr'><strong>quinari,</strong></span> <span class='ocrx_word' id='word_1_437' title='bbox 2141 2393 2228 2448; x_wconf 90' lang='lat' dir='ltr'><strong>vel</strong></span> <span class='ocrx_word' id='word_1_438' title='bbox 2256 2399 2485 2463; x_wconf 86' lang='lat' dir='ltr'><strong>peccata</strong></span> <span class='ocrx_word' id='word_1_439' title='bbox 2524 2408 2717 2448; x_wconf 89' lang='lat' dir='ltr'><strong>eorum</strong></span> <span class='ocrx_word' id='word_1_440' title='bbox 2759 2394 3093 2464; x_wconf 89' lang='lat' dir='ltr'><strong>participare</strong></span> <span class='ocrx_word' id='word_1_441' title='bbox 3122 2412 3138 2461; x_wconf 89' lang='lat'><strong>;</strong></span> <span class='ocrx_word' id='word_1_442' title='bbox 3190 2393 3444 2451; x_wconf 84' lang='lat' dir='ltr'><strong>Ezechiel</strong></span> 
     </span>
    </p>
   </div>
   <div class='ocr_carea' id='block_1_55' title="bbox 1860 2484 3439 2558">
    <p class='ocr_par' dir='ltr' id='par_1_55' title="bbox 1860 2484 3439 2558">
     <span class='ocr_line' id='line_1_55' title="bbox 1860 2484 3439 2558; baseline 0.002 -20"><span class='ocrx_word' id='word_1_443' title='bbox 1860 2485 2163 2555; x_wconf 77' lang='lat' dir='ltr'><strong>praecidens</strong></span> <span class='ocrx_word' id='word_1_444' title='bbox 2197 2485 2339 2539; x_wconf 90' lang='lat' dir='ltr'><strong>hanc</strong></span> <span class='ocrx_word' id='word_1_445' title='bbox 2368 2500 2719 2540; x_wconf 90' lang='lat' dir='ltr'><strong>morosorum</strong></span> <span class='ocrx_word' id='word_1_446' title='bbox 2743 2484 3029 2540; x_wconf 89' lang='lat' dir='ltr'><strong>hominum</strong></span> <span class='ocrx_word' id='word_1_447' title='bbox 3063 2487 3439 2558; x_wconf 88' lang='lat' dir='ltr'><strong>suspicionem</strong></span> 
     </span>
    </p>
   </div>
   <div class='ocr_carea' id='block_1_56' title="bbox 1860 2576 3437 2648">
    <p class='ocr_par' dir='ltr' id='par_1_56' title="bbox 1860 2576 3437 2648">
     <span class='ocr_line' id='line_1_56' title="bbox 1860 2576 3437 2648; baseline 0.002 -18"><span class='ocrx_word' id='word_1_448' title='bbox 1860 2577 1936 2631; x_wconf 90' lang='lat' dir='ltr'><strong>ait</strong></span> <span class='ocrx_word' id='word_1_449' title='bbox 1964 2596 1978 2631; x_wconf 87' lang='lat'><strong>:</strong></span> <span class='ocrx_word' id='word_1_450' title='bbox 2008 2595 2027 2627; x_wconf 83' lang='grc'><em>‹</em></span> <span class='ocrx_word' id='word_1_451' title='bbox 2060 2576 2242 2642; x_wconf 88' lang='lat' dir='ltr'><strong>Quare</strong></span> <span class='ocrx_word' id='word_1_452' title='bbox 2290 2576 2437 2631; x_wconf 88' lang='lat' dir='ltr'><strong>inter</strong></span> <span class='ocrx_word' id='word_1_453' title='bbox 2483 2592 2582 2632; x_wconf 89' lang='lat' dir='ltr'><strong>vos</strong></span> <span class='ocrx_word' id='word_1_454' title='bbox 2629 2577 2816 2632; x_wconf 88' lang='lat' dir='ltr'><strong>dicitis</strong></span> <span class='ocrx_word' id='word_1_455' title='bbox 2852 2578 3172 2648; x_wconf 89' lang='lat' dir='ltr'><strong>parabolam</strong></span> <span class='ocrx_word' id='word_1_456' title='bbox 3204 2578 3348 2633; x_wconf 90' lang='lat' dir='ltr'><strong>hanc</strong></span> <span class='ocrx_word' id='word_1_457' title='bbox 3379 2577 3437 2633; x_wconf 90' lang='lat' dir='ltr'><strong>in</strong></span> 
     </span>
    </p>
   </div>
   <div class='ocr_carea' id='block_1_57' title="bbox 1860 2667 3445 2737">
    <p class='ocr_par' dir='ltr' id='par_1_57' title="bbox 1860 2667 3445 2737">
     <span class='ocr_line' id='line_1_57' title="bbox 1860 2667 3445 2737; baseline 0.003 -15"><span class='ocrx_word' id='word_1_458' title='bbox 1860 2676 2007 2724; x_wconf 88' lang='lat' dir='ltr'><strong>terra</strong></span> <span class='ocrx_word' id='word_1_459' title='bbox 2033 2669 2203 2725; x_wconf 90' lang='lat' dir='ltr'><strong>Israel</strong></span> <span class='ocrx_word' id='word_1_460' title='bbox 2229 2688 2241 2723; x_wconf 85' lang='lat'><strong>:</strong></span> <span class='ocrx_word' id='word_1_461' title='bbox 2270 2667 2460 2724; x_wconf 88' lang='lat' dir='ltr'><strong>Patres</strong></span> <span class='ocrx_word' id='word_1_462' title='bbox 2491 2669 2852 2725; x_wconf 90' lang='lat' dir='ltr'><strong>comederunt</strong></span> <span class='ocrx_word' id='word_1_463' title='bbox 2880 2686 3041 2725; x_wconf 91' lang='lat' dir='ltr'><strong>uvam</strong></span> <span class='ocrx_word' id='word_1_464' title='bbox 3074 2671 3325 2727; x_wconf 89' lang='lat' dir='ltr'><strong>acerbam</strong></span> <span class='ocrx_word' id='word_1_465' title='bbox 3346 2710 3361 2737; x_wconf 92' lang='lat'><strong>,</strong></span> <span class='ocrx_word' id='word_1_466' title='bbox 3389 2680 3445 2727; x_wconf 88' lang='lat' dir='ltr'><strong>et</strong></span> 
     </span>
    </p>
   </div>
   <div class='ocr_carea' id='block_1_58' title="bbox 1857 2760 3443 2834">
    <p class='ocr_par' dir='ltr' id='par_1_58' title="bbox 1857 2760 3443 2834">
     <span class='ocr_line' id='line_1_58' title="bbox 1857 2760 3443 2834; baseline 0.001 -19"><span class='ocrx_word' id='word_1_467' title='bbox 1857 2760 2048 2816; x_wconf 86' lang='lat' dir='ltr'><strong>dentes</strong></span> <span class='ocrx_word' id='word_1_468' title='bbox 2077 2761 2315 2816; x_wconf 86' lang='lat' dir='ltr'><strong>ﬁliorum</strong></span> <span class='ocrx_word' id='word_1_469' title='bbox 2340 2763 2748 2833; x_wconf 88' lang='lat' dir='ltr'><strong>obstupuerunt</strong></span> <span class='ocrx_word' id='word_1_470' title='bbox 2769 2762 2791 2815; x_wconf 87' lang='lat'><strong>?</strong></span> <span class='ocrx_word' id='word_1_471' title='bbox 2811 2762 2947 2818; x_wconf 82' lang='lat' dir='ltr'><strong>Vivo</strong></span> <span class='ocrx_word' id='word_1_472' title='bbox 2975 2777 3076 2834; x_wconf 88' lang='lat' dir='ltr'><strong>ego</strong></span> <span class='ocrx_word' id='word_1_473' title='bbox 3093 2802 3109 2829; x_wconf 94' lang='lat'><strong>,</strong></span> <span class='ocrx_word' id='word_1_474' title='bbox 3135 2762 3271 2817; x_wconf 88' lang='lat' dir='ltr'><strong>dicit</strong></span> <span class='ocrx_word' id='word_1_475' title='bbox 3296 2762 3443 2819; x_wconf 83' lang='lat' dir='ltr'><strong>Ado-</strong></span> 
     </span>
    </p>
   </div>
   <div class='ocr_carea' id='block_1_59' title="bbox 1858 2852 3440 2927">
    <p class='ocr_par' dir='ltr' id='par_1_59' title="bbox 1858 2852 3440 2927">
     <span class='ocr_line' id='line_1_59' title="bbox 1858 2852 3440 2927; baseline 0.004 -21"><span class='ocrx_word' id='word_1_476' title='bbox 1858 2853 1947 2906; x_wconf 91' lang='lat' dir='ltr'><strong>nai</strong></span> <span class='ocrx_word' id='word_1_477' title='bbox 1977 2852 2246 2908; x_wconf 86' lang='lat' dir='ltr'><strong>Dominus</strong></span> <span class='ocrx_word' id='word_1_478' title='bbox 2265 2893 2279 2917; x_wconf 90' lang='lat'><strong>,</strong></span> <span class='ocrx_word' id='word_1_479' title='bbox 2315 2854 2362 2909; x_wconf 91' lang='lat' dir='ltr'><strong>si</strong></span> <span class='ocrx_word' id='word_1_480' title='bbox 2389 2856 2535 2908; x_wconf 92' lang='lat' dir='ltr'><strong>ultra</strong></span> <span class='ocrx_word' id='word_1_481' title='bbox 2566 2854 2623 2909; x_wconf 93' lang='lat' dir='ltr'><strong>in</strong></span> <span class='ocrx_word' id='word_1_482' title='bbox 2651 2855 2809 2911; x_wconf 84' lang='lat' dir='ltr'><strong>vobis</strong></span> <span class='ocrx_word' id='word_1_483' title='bbox 2837 2856 2979 2921; x_wconf 89' lang='lat' dir='ltr'><strong>erit,</strong></span> <span class='ocrx_word' id='word_1_484' title='bbox 3011 2862 3073 2910; x_wconf 94' lang='lat' dir='ltr'><strong>ut</strong></span> <span class='ocrx_word' id='word_1_485' title='bbox 3098 2856 3313 2911; x_wconf 89' lang='lat' dir='ltr'><strong>dicatur</strong></span> <span class='ocrx_word' id='word_1_486' title='bbox 3339 2872 3440 2927; x_wconf 82' lang='lat' dir='ltr'><strong>pa-</strong></span> 
     </span>
    </p>
   </div>
   <div class='ocr_carea' id='block_1_60' title="bbox 1856 2944 3441 3016">
    <p class='ocr_par' dir='ltr' id='par_1_60' title="bbox 1856 2944 3441 3016">
     <span class='ocr_line' id='line_1_60' title="bbox 1856 2944 3441 3016; baseline 0.003 -17"><span class='ocrx_word' id='word_1_487' title='bbox 1856 2945 2047 3005; x_wconf 83' lang='lat' dir='ltr'><strong>rahola</strong></span> <span class='ocrx_word' id='word_1_488' title='bbox 2101 2946 2217 2999; x_wconf 64' lang='lat' dir='ltr'><strong>haec</strong></span> <span class='ocrx_word' id='word_1_489' title='bbox 2258 2946 2315 3000; x_wconf 91' lang='lat' dir='ltr'><strong>in</strong></span> <span class='ocrx_word' id='word_1_490' title='bbox 2369 2944 2613 3012; x_wconf 88' lang='lat' dir='ltr'><strong>lsraele;</strong></span> <span class='ocrx_word' id='word_1_491' title='bbox 2658 2947 2789 3016; x_wconf 92' lang='lat' dir='ltr'><strong>quia</strong></span> <span class='ocrx_word' id='word_1_492' title='bbox 2834 2962 3031 3003; x_wconf 91' lang='lat' dir='ltr'><strong>omnes</strong></span> <span class='ocrx_word' id='word_1_493' title='bbox 3073 2948 3269 3003; x_wconf 66' lang='lat' dir='ltr'><strong>animae</strong></span> <span class='ocrx_word' id='word_1_494' title='bbox 3307 2964 3441 3005; x_wconf 65' lang='lat' dir='ltr'><strong>mea</strong></span> 
     </span>
    </p>
   </div>
   <div class='ocr_carea' id='block_1_61' title="bbox 1856 3038 3438 3110">
    <p class='ocr_par' dir='ltr' id='par_1_61' title="bbox 1856 3038 3438 3110">
     <span class='ocr_line' id='line_1_61' title="bbox 1856 3038 3438 3110; baseline 0.002 -17"><span class='ocrx_word' id='word_1_495' title='bbox 1856 3047 1985 3094; x_wconf 91' lang='lat' dir='ltr'><strong>sunt</strong></span> <span class='ocrx_word' id='word_1_496' title='bbox 2015 3058 2027 3093; x_wconf 94' lang='lat'>:</span> <span class='ocrx_word' id='word_1_497' title='bbox 2059 3039 2335 3110; x_wconf 90' lang='lat' dir='ltr'><strong>quomodo</strong></span> <span class='ocrx_word' id='word_1_498' title='bbox 2382 3038 2565 3092; x_wconf 90' lang='lat' dir='ltr'><strong>anima</strong></span> <span class='ocrx_word' id='word_1_499' title='bbox 2602 3038 2775 3108; x_wconf 90' lang='lat' dir='ltr'><strong>patris</strong></span> <span class='ocrx_word' id='word_1_500' title='bbox 2797 3079 2812 3104; x_wconf 94' lang='lat'><strong>,</strong></span> <span class='ocrx_word' id='word_1_501' title='bbox 2859 3039 2934 3092; x_wconf 90' lang='lat' dir='ltr'><strong>ita</strong></span> <span class='ocrx_word' id='word_1_502' title='bbox 2966 3038 3151 3094; x_wconf 88' lang='lat' dir='ltr'><strong>anima</strong></span> <span class='ocrx_word' id='word_1_503' title='bbox 3186 3041 3278 3094; x_wconf 83' lang='lat' dir='ltr'><strong>lilii</strong></span> <span class='ocrx_word' id='word_1_504' title='bbox 3318 3056 3438 3096; x_wconf 86' lang='lat' dir='ltr'><strong>mea</strong></span> 
     </span>
    </p>
   </div>
   <div class='ocr_carea' id='block_1_62' title="bbox 156 3130 1750 3214">
    <p class='ocr_par' dir='ltr' id='par_1_62' title="bbox 156 3138 1750 3214">
     <span class='ocr_line' id='line_1_62' title="bbox 156 3138 1750 3214; baseline 0.003 -22"><span class='ocrx_word' id='word_1_505' title='bbox 156 3138 283 3210; x_wconf 69' lang='grc' dir='ltr'><strong>ἑξῆς</strong></span> <span class='ocrx_word' id='word_1_506' title='bbox 321 3138 597 3207; x_wconf 77' lang='grc' dir='ltr'>ἐπιλέγων</span> <span class='ocrx_word' id='word_1_507' title='bbox 635 3139 734 3204; x_wconf 82' lang='grc' dir='ltr'><strong>τὰς</strong></span> <span class='ocrx_word' id='word_1_508' title='bbox 775 3140 967 3205; x_wconf 81' lang='grc' dir='ltr'>λοιπὰς</span> <span class='ocrx_word' id='word_1_509' title='bbox 1007 3140 1240 3212; x_wconf 81' lang='grc' dir='ltr'>ἀρετὰς,</span> <span class='ocrx_word' id='word_1_510' title='bbox 1297 3144 1750 3214; x_wconf 74' lang='grc' dir='ltr'>ὲπισφραγίζεται</span> 
     </span>
    </p>
   </div>
   <div class='ocr_carea' id='block_1_63' title="bbox 1858 3130 3439 3214">
    <p class='ocr_par' dir='ltr' id='par_1_63' title="bbox 1858 3130 3439 3201">
     <span class='ocr_line' id='line_1_63' title="bbox 1858 3130 3439 3201; baseline 0.001 -15"><span class='ocrx_word' id='word_1_511' title='bbox 1858 3140 1979 3198; x_wconf 86' lang='lat' dir='ltr'><strong>est;</strong></span> <span class='ocrx_word' id='word_1_512' title='bbox 2014 3133 2197 3186; x_wconf 89' lang='lat' dir='ltr'><strong>anima</strong></span> <span class='ocrx_word' id='word_1_513' title='bbox 2228 3147 2350 3201; x_wconf 66' lang='lat' dir='ltr'><strong>quae</strong></span> <span class='ocrx_word' id='word_1_514' title='bbox 2374 3131 2721 3201; x_wconf 88' lang='lat' dir='ltr'><strong>peccaverit,</strong></span> <span class='ocrx_word' id='word_1_515' title='bbox 2765 3130 2887 3200; x_wconf 89' lang='lat' dir='ltr'><strong>ipsa</strong></span> <span class='ocrx_word' id='word_1_516' title='bbox 2929 3132 3216 3187; x_wconf 89' lang='lat' dir='ltr'><strong>morietur.</strong></span> <span class='ocrx_word' id='word_1_517' title='bbox 3262 3131 3439 3188; x_wconf 86' lang='lat' dir='ltr'><strong>Homo</strong></span> 
     </span>
    </p>
   </div>
   <div class='ocr_carea' id='block_1_64' title="bbox 155 3230 1747 3306">
    <p class='ocr_par' dir='ltr' id='par_1_64' title="bbox 155 3230 1747 3306">
     <span class='ocr_line' id='line_1_64' title="bbox 155 3230 1747 3306; baseline 0.005 -24"><span class='ocrx_word' id='word_1_518' title='bbox 155 3230 352 3299; x_wconf 81' lang='grc' dir='ltr'>λέγων·</span> <span class='ocrx_word' id='word_1_519' title='bbox 408 3250 427 3282; x_wconf 89' lang='grc'><em>‹</em></span> <span class='ocrx_word' id='word_1_520' title='bbox 477 3230 536 3284; x_wconf 84' lang='grc' dir='ltr'><strong>Ὀ</strong></span> <span class='ocrx_word' id='word_1_521' title='bbox 564 3232 802 3296; x_wconf 89' lang='grc' dir='ltr'>τοιοῦτος</span> <span class='ocrx_word' id='word_1_522' title='bbox 829 3233 1034 3297; x_wconf 84' lang='grc' dir='ltr'>δίκαιος</span> <span class='ocrx_word' id='word_1_523' title='bbox 1051 3234 1288 3305; x_wconf 84' lang='grc' dir='ltr'>ὑπάρχει</span> <span class='ocrx_word' id='word_1_524' title='bbox 1308 3276 1322 3301; x_wconf 96' lang='grc'><strong>,</strong></span> <span class='ocrx_word' id='word_1_525' title='bbox 1355 3233 1469 3306; x_wconf 77' lang='grc' dir='ltr'><strong>ζωῇ</strong></span> <span class='ocrx_word' id='word_1_526' title='bbox 1502 3234 1747 3306; x_wconf 74' lang='grc' dir='ltr'>ζήσεται,</span> 
     </span>
    </p>
   </div>
   <div class='ocr_carea' id='block_1_65' title="bbox 154 3322 1747 3399">
    <p class='ocr_par' dir='ltr' id='par_1_65' title="bbox 154 3322 1747 3399">
     <span class='ocr_line' id='line_1_65' title="bbox 154 3322 1747 3399; baseline 0.004 -21"><span class='ocrx_word' id='word_1_527' title='bbox 154 3324 303 3393; x_wconf 86' lang='grc' dir='ltr'>λέγει</span> <span class='ocrx_word' id='word_1_528' title='bbox 346 3322 576 3378; x_wconf 81' lang='grc' dir='ltr'>Ἀδωναῖ</span> <span class='ocrx_word' id='word_1_529' title='bbox 604 3324 841 3397; x_wconf 86' lang='grc' dir='ltr'>Κύριος·</span> <span class='ocrx_word' id='word_1_530' title='bbox 871 3324 967 3380; x_wconf 70' lang='grc' dir='ltr'><strong>καὶ</strong></span> <span class='ocrx_word' id='word_1_531' title='bbox 995 3326 1089 3380; x_wconf 84' lang='grc' dir='ltr'><strong>ὲάν</strong></span> <span class='ocrx_word' id='word_1_532' title='bbox 1118 3328 1357 3399; x_wconf 82' lang='grc' dir='ltr'>γεννήσῃ</span> <span class='ocrx_word' id='word_1_533' title='bbox 1391 3328 1505 3381; x_wconf 80' lang='grc' dir='ltr'>υἱὸν</span> <span class='ocrx_word' id='word_1_534' title='bbox 1532 3327 1747 3399; x_wconf 86' lang='grc' dir='ltr'>λοιμὸν,</span> 
     </span>
    </p>
   </div>
   <div class='ocr_carea' id='block_1_66' title="bbox 150 3414 1751 3491">
    <p class='ocr_par' dir='ltr' id='par_1_66' title="bbox 150 3414 1751 3491">
     <span class='ocr_line' id='line_1_66' title="bbox 150 3414 1751 3491; baseline 0.002 -20"><span class='ocrx_word' id='word_1_535' title='bbox 150 3417 421 3490; x_wconf 76' lang='grc' dir='ltr'>ἐκχέοντα</span> <span class='ocrx_word' id='word_1_536' title='bbox 446 3414 610 3488; x_wconf 80' lang='grc' dir='ltr'>αἷμα,</span> <span class='ocrx_word' id='word_1_537' title='bbox 655 3419 713 3469; x_wconf 78' lang='grc' dir='ltr'>ἐν</span> <span class='ocrx_word' id='word_1_538' title='bbox 740 3417 807 3491; x_wconf 76' lang='grc' dir='ltr'>τῇ</span> <span class='ocrx_word' id='word_1_539' title='bbox 837 3419 942 3491; x_wconf 85' lang='grc' dir='ltr'>ὀδῷ</span> <span class='ocrx_word' id='word_1_540' title='bbox 982 3419 1077 3473; x_wconf 92' lang='grc' dir='ltr'><strong>τοῦ</strong></span> <span class='ocrx_word' id='word_1_541' title='bbox 1107 3420 1315 3491; x_wconf 86' lang='grc' dir='ltr'>πατρὸς</span> <span class='ocrx_word' id='word_1_542' title='bbox 1343 3420 1507 3474; x_wconf 80' lang='grc' dir='ltr'>αὐτοῦ</span> <span class='ocrx_word' id='word_1_543' title='bbox 1537 3422 1632 3474; x_wconf 88' lang='grc' dir='ltr'><strong>τοῦ</strong></span> <span class='ocrx_word' id='word_1_544' title='bbox 1671 3423 1751 3476; x_wconf 87' lang='grc' dir='ltr'>δι-</span> 
     </span>
    </p>
   </div>
   <div class='ocr_carea' id='block_1_67' title="bbox 150 3508 1748 3586">
    <p class='ocr_par' dir='ltr' id='par_1_67' title="bbox 150 3508 1748 3586">
     <span class='ocr_line' id='line_1_67' title="bbox 150 3508 1748 3586; baseline 0.002 -20"><span class='ocrx_word' id='word_1_545' title='bbox 150 3513 308 3567; x_wconf 85' lang='grc' dir='ltr'>καίου</span> <span class='ocrx_word' id='word_1_546' title='bbox 339 3511 443 3564; x_wconf 86' lang='grc' dir='ltr'><strong>οὑκ</strong></span> <span class='ocrx_word' id='word_1_547' title='bbox 472 3508 763 3582; x_wconf 77' lang='grc' dir='ltr'>ἐπορεύθη·</span> <span class='ocrx_word' id='word_1_548' title='bbox 817 3531 837 3563; x_wconf 75' lang='grc' dir='ltr'><strong>ι</strong></span> <span class='ocrx_word' id='word_1_549' title='bbox 871 3510 967 3566; x_wconf 67' lang='grc' dir='ltr'><strong>καὶ</strong></span> <span class='ocrx_word' id='word_1_550' title='bbox 992 3513 1289 3583; x_wconf 82' lang='grc' dir='ltr'>ἐπαγαγὼν</span> <span class='ocrx_word' id='word_1_551' title='bbox 1334 3513 1404 3568; x_wconf 88' lang='grc' dir='ltr'><strong>τά</strong></span> <span class='ocrx_word' id='word_1_552' title='bbox 1432 3513 1580 3586; x_wconf 77' lang='grc' dir='ltr'>ἑξῆς,</span> <span class='ocrx_word' id='word_1_553' title='bbox 1610 3516 1748 3569; x_wconf 80' lang='grc' dir='ltr'>ἐπά-</span> 
     </span>
    </p>
   </div>
   <div class='ocr_carea' id='block_1_68' title="bbox 148 3603 1750 3678">
    <p class='ocr_par' dir='ltr' id='par_1_68' title="bbox 148 3603 1750 3678">
     <span class='ocr_line' id='line_1_68' title="bbox 148 3603 1750 3678; baseline 0.003 -21"><span class='ocrx_word' id='word_1_554' title='bbox 148 3621 235 3672; x_wconf 90' lang='grc' dir='ltr'><strong>γει</strong></span> <span class='ocrx_word' id='word_1_555' title='bbox 277 3605 397 3667; x_wconf 85' lang='grc' dir='ltr'>τοῖς</span> <span class='ocrx_word' id='word_1_556' title='bbox 424 3603 775 3668; x_wconf 82' lang='grc' dir='ltr'>τελευταίοις·</span> <span class='ocrx_word' id='word_1_557' title='bbox 825 3624 844 3656; x_wconf 79' lang='grc' dir='ltr'><strong>ι</strong></span> <span class='ocrx_word' id='word_1_558' title='bbox 881 3608 1003 3678; x_wconf 86' lang='grc' dir='ltr'><strong>Ζωῇ</strong></span> <span class='ocrx_word' id='word_1_559' title='bbox 1033 3606 1094 3659; x_wconf 86' lang='grc' dir='ltr'><strong>ού</strong></span> <span class='ocrx_word' id='word_1_560' title='bbox 1125 3605 1371 3678; x_wconf 73' lang='grc' dir='ltr'>ζήσεταιο</span> <span class='ocrx_word' id='word_1_561' title='bbox 1428 3608 1611 3672; x_wconf 86' lang='grc' dir='ltr'>πάσας</span> <span class='ocrx_word' id='word_1_562' title='bbox 1650 3608 1750 3674; x_wconf 88' lang='grc' dir='ltr'><strong>τάς</strong></span> 
     </span>
    </p>
   </div>
   <div class='ocr_carea' id='block_1_69' title="bbox 145 3694 1749 3770">
    <p class='ocr_par' dir='ltr' id='par_1_69' title="bbox 145 3694 1749 3770">
     <span class='ocr_line' id='line_1_69' title="bbox 145 3694 1749 3770; baseline 0.003 -20"><span class='ocrx_word' id='word_1_563' title='bbox 145 3698 385 3768; x_wconf 84' lang='grc' dir='ltr'>ἀνομίας</span> <span class='ocrx_word' id='word_1_564' title='bbox 436 3694 641 3761; x_wconf 85' lang='grc' dir='ltr'>ταύτας</span> <span class='ocrx_word' id='word_1_565' title='bbox 695 3698 940 3769; x_wconf 78' lang='grc' dir='ltr'>ἐποίησε,</span> <span class='ocrx_word' id='word_1_566' title='bbox 986 3697 1200 3770; x_wconf 85' lang='grc' dir='ltr'>θανάτῳ</span> <span class='ocrx_word' id='word_1_567' title='bbox 1228 3698 1614 3754; x_wconf 84' lang='grc' dir='ltr'>ἀποθανεῖται·</span> <span class='ocrx_word' id='word_1_568' title='bbox 1686 3701 1749 3755; x_wconf 83' lang='grc' dir='ltr'><strong>τὸ</strong></span> 
     </span>
    </p>
   </div>
   <div class='ocr_carea' id='block_1_70' title="bbox 144 3784 1745 3867">
    <p class='ocr_par' dir='ltr' id='par_1_70' title="bbox 144 3784 1745 3867">
     <span class='ocr_line' id='line_1_70' title="bbox 144 3784 1745 3867; baseline 0.004 -25"><span class='ocrx_word' id='word_1_569' title='bbox 144 3784 289 3861; x_wconf 77' lang='grc' dir='ltr'>αἷμα</span> <span class='ocrx_word' id='word_1_570' title='bbox 319 3790 488 3843; x_wconf 78' lang='grc' dir='ltr'>αὑτοῦ</span> <span class='ocrx_word' id='word_1_571' title='bbox 530 3791 617 3843; x_wconf 77' lang='grc' dir='ltr'>ἐπ’</span> <span class='ocrx_word' id='word_1_572' title='bbox 646 3786 807 3843; x_wconf 81' lang='grc' dir='ltr'>αὐτὸν</span> <span class='ocrx_word' id='word_1_573' title='bbox 854 3790 1026 3846; x_wconf 76' lang='grc' dir='ltr'>ἔσται’</span> <span class='ocrx_word' id='word_1_574' title='bbox 1086 3792 1180 3845; x_wconf 75' lang='grc' dir='ltr'><strong>καὶ</strong></span> <span class='ocrx_word' id='word_1_575' title='bbox 1221 3793 1478 3864; x_wconf 82' lang='grc' dir='ltr'>ὲρεῖται⁸·</span> <span class='ocrx_word' id='word_1_576' title='bbox 1522 3794 1602 3847; x_wconf 82' lang='grc' dir='ltr'>ὅτι</span> <span class='ocrx_word' id='word_1_577' title='bbox 1634 3792 1745 3867; x_wconf 82' lang='grc'>(75)</span> 
     </span>
    </p>
   </div>
   <div class='ocr_carea' id='block_1_71' title="bbox 143 3877 1748 3959">
    <p class='ocr_par' dir='ltr' id='par_1_71' title="bbox 143 3877 1748 3959">
     <span class='ocr_line' id='line_1_71' title="bbox 143 3877 1748 3959; baseline 0.003 -24"><span class='ocrx_word' id='word_1_578' title='bbox 143 3884 244 3937; x_wconf 68' lang='grc' dir='ltr'>οὐκ</span> <span class='ocrx_word' id='word_1_579' title='bbox 276 3881 470 3935; x_wconf 72' lang='grc' dir='ltr'>ἔλαϐεν</span> <span class='ocrx_word' id='word_1_580' title='bbox 498 3884 527 3936; x_wconf 83' lang='grc' dir='ltr'><strong>ό</strong></span> <span class='ocrx_word' id='word_1_581' title='bbox 554 3877 671 3945; x_wconf 83' lang='grc' dir='ltr'>υίὸς</span> <span class='ocrx_word' id='word_1_582' title='bbox 698 3883 796 3954; x_wconf 83' lang='grc' dir='ltr'>τὴν</span> <span class='ocrx_word' id='word_1_583' title='bbox 824 3878 1039 3937; x_wconf 83' lang='grc' dir='ltr'>ἀδικίαν</span> <span class='ocrx_word' id='word_1_584' title='bbox 1064 3884 1159 3937; x_wconf 90' lang='grc' dir='ltr'><strong>τοῦ</strong></span> <span class='ocrx_word' id='word_1_585' title='bbox 1188 3884 1415 3956; x_wconf 83' lang='grc' dir='ltr'>πατρὸς,</span> <span class='ocrx_word' id='word_1_586' title='bbox 1462 3885 1496 3957; x_wconf 80' lang='grc' dir='ltr'>ἢ</span> <span class='ocrx_word' id='word_1_587' title='bbox 1540 3886 1641 3959; x_wconf 85' lang='grc' dir='ltr'>τὴν</span> <span class='ocrx_word' id='word_1_588' title='bbox 1670 3886 1748 3941; x_wconf 90' lang='grc' dir='ltr'>δι-</span> 
     </span>
    </p>
   </div>
   <div class='ocr_carea' id='block_1_72' title="bbox 143 3974 1743 4050">
    <p class='ocr_par' dir='ltr' id='par_1_72' title="bbox 143 3974 1743 4050">
     <span class='ocr_line' id='line_1_72' title="bbox 143 3974 1743 4050; baseline 0.003 -21"><span class='ocrx_word' id='word_1_589' title='bbox 143 3975 448 4046; x_wconf 85' lang='grc' dir='ltr'>καιοσύνην</span> <span class='ocrx_word' id='word_1_590' title='bbox 495 3974 683 4038; x_wconf 84' lang='grc' dir='ltr'>αὐτοῦ,</span> <span class='ocrx_word' id='word_1_591' title='bbox 717 3975 1065 4048; x_wconf 86' lang='grc' dir='ltr'>δικαιοσύνην</span> <span class='ocrx_word' id='word_1_592' title='bbox 1096 3978 1188 4031; x_wconf 72' lang='grc' dir='ltr'><strong>καὶ</strong></span> <span class='ocrx_word' id='word_1_593' title='bbox 1219 3978 1366 4042; x_wconf 76' lang='grc' dir='ltr'>ἔλεος</span> <span class='ocrx_word' id='word_1_594' title='bbox 1396 3978 1743 4050; x_wconf 86' lang='grc' dir='ltr'>πεποιηκώς;</span> 
     </span>
    </p>
   </div>
   <div class='ocr_carea' id='block_1_73' title="bbox 142 4068 1744 4143">
    <p class='ocr_par' dir='ltr' id='par_1_73' title="bbox 142 4068 1744 4143">
     <span class='ocr_line' id='line_1_73' title="bbox 142 4068 1744 4143; baseline 0.002 -20"><span class='ocrx_word' id='word_1_595' title='bbox 142 4069 238 4123; x_wconf 74' lang='grc' dir='ltr'><strong>κα)⁵</strong></span> <span class='ocrx_word' id='word_1_596' title='bbox 266 4070 420 4141; x_wconf 79' lang='grc' dir='ltr'>ἐρεῖς</span> <span class='ocrx_word' id='word_1_597' title='bbox 447 4068 649 4133; x_wconf 75' lang='grc' dir='ltr'>αὐτοῖς·</span> <span class='ocrx_word' id='word_1_598' title='bbox 694 4069 757 4123; x_wconf 86' lang='grc' dir='ltr'><strong>Ἦ</strong></span> <span class='ocrx_word' id='word_1_599' title='bbox 785 4068 930 4142; x_wconf 79' lang='grc' dir='ltr'>ψυχὴ</span> <span class='ocrx_word' id='word_1_600' title='bbox 958 4072 991 4141; x_wconf 86' lang='grc' dir='ltr'><strong>ή</strong></span> <span class='ocrx_word' id='word_1_601' title='bbox 1023 4070 1414 4142; x_wconf 83' lang='grc' dir='ltr'>ἁμαρτάνουσα</span> <span class='ocrx_word' id='word_1_602' title='bbox 1442 4071 1580 4143; x_wconf 81' lang='grc' dir='ltr'>αὑτὴ</span> <span class='ocrx_word' id='word_1_603' title='bbox 1607 4073 1744 4126; x_wconf 88' lang='grc' dir='ltr'>ἀπο-</span> 
     </span>
    </p>
   </div>
   <div class='ocr_carea' id='block_1_74' title="bbox 141 4158 1744 4237">
    <p class='ocr_par' dir='ltr' id='par_1_74' title="bbox 141 4158 1744 4237">
     <span class='ocr_line' id='line_1_74' title="bbox 141 4158 1744 4237; baseline 0.004 -24"><span class='ocrx_word' id='word_1_604' title='bbox 141 4160 411 4215; x_wconf 73' lang='grc' dir='ltr'>θανεῖταιο</span> <span class='ocrx_word' id='word_1_605' title='bbox 457 4158 572 4225; x_wconf 81' lang='grc' dir='ltr'>υἱὸς</span> <span class='ocrx_word' id='word_1_606' title='bbox 600 4159 661 4214; x_wconf 84' lang='grc' dir='ltr'><strong>ού</strong></span> <span class='ocrx_word' id='word_1_607' title='bbox 689 4161 914 4234; x_wconf 73' lang='grc' dir='ltr'>λήψεται</span> <span class='ocrx_word' id='word_1_608' title='bbox 944 4163 1156 4216; x_wconf 83' lang='grc' dir='ltr'>ἀδικίαν</span> <span class='ocrx_word' id='word_1_609' title='bbox 1185 4162 1411 4235; x_wconf 82' lang='grc' dir='ltr'>πατρὸς,</span> <span class='ocrx_word' id='word_1_610' title='bbox 1442 4159 1537 4218; x_wconf 70' lang='grc' dir='ltr'><strong>καὶ</strong></span> <span class='ocrx_word' id='word_1_611' title='bbox 1563 4163 1744 4237; x_wconf 82' lang='grc' dir='ltr'>πατὴρ</span> 
     </span>
    </p>
   </div>
   <div class='ocr_carea' id='block_1_75' title="bbox 140 4252 1742 4327">
    <p class='ocr_par' dir='ltr' id='par_1_75' title="bbox 140 4252 1742 4327">
     <span class='ocr_line' id='line_1_75' title="bbox 140 4252 1742 4327; baseline 0.001 -18"><span class='ocrx_word' id='word_1_612' title='bbox 140 4257 201 4309; x_wconf 78' lang='grc' dir='ltr'>οὐ</span> <span class='ocrx_word' id='word_1_613' title='bbox 230 4255 467 4327; x_wconf 75' lang='grc' dir='ltr'>λήψεται</span> <span class='ocrx_word' id='word_1_614' title='bbox 498 4256 710 4309; x_wconf 83' lang='grc' dir='ltr'>ἀδικίαν</span> <span class='ocrx_word' id='word_1_615' title='bbox 740 4256 876 4308; x_wconf 89' lang='grc' dir='ltr'>υἱοῦ·</span> <span class='ocrx_word' id='word_1_616' title='bbox 912 4254 1222 4327; x_wconf 84' lang='grc' dir='ltr'>δικαιοσύνη</span> <span class='ocrx_word' id='word_1_617' title='bbox 1251 4256 1459 4310; x_wconf 88' lang='grc' dir='ltr'>δικαίου</span> <span class='ocrx_word' id='word_1_618' title='bbox 1476 4257 1562 4309; x_wconf 78' lang='grc' dir='ltr'>ἐπ’</span> <span class='ocrx_word' id='word_1_619' title='bbox 1581 4252 1742 4311; x_wconf 85' lang='grc' dir='ltr'>αὑτὸν</span> 
     </span>
    </p>
   </div>
   <div class='ocr_carea' id='block_1_76' title="bbox 139 4346 1741 4420">
    <p class='ocr_par' dir='ltr' id='par_1_76' title="bbox 139 4346 1741 4420">
     <span class='ocr_line' id='line_1_76' title="bbox 139 4346 1741 4420; baseline 0 -18"><span class='ocrx_word' id='word_1_620' title='bbox 139 4348 323 4413; x_wconf 73' lang='grc' dir='ltr'>ἔσται,</span> <span class='ocrx_word' id='word_1_621' title='bbox 354 4349 451 4402; x_wconf 75' lang='grc' dir='ltr'>καὶ</span> <span class='ocrx_word' id='word_1_622' title='bbox 479 4347 683 4419; x_wconf 84' lang='grc' dir='ltr'>ἀνομία</span> <span class='ocrx_word' id='word_1_623' title='bbox 714 4348 915 4419; x_wconf 89' lang='grc' dir='ltr'>ἀνόμου</span> <span class='ocrx_word' id='word_1_624' title='bbox 947 4348 1033 4401; x_wconf 77' lang='grc' dir='ltr'><strong>ἐπ’</strong></span> <span class='ocrx_word' id='word_1_625' title='bbox 1060 4347 1224 4401; x_wconf 80' lang='grc' dir='ltr'>αὑτὸν</span> <span class='ocrx_word' id='word_1_626' title='bbox 1240 4346 1413 4401; x_wconf 76' lang='grc' dir='ltr'>ἔσται.</span> <span class='ocrx_word' id='word_1_627' title='bbox 1441 4366 1459 4398; x_wconf 73' lang='grc' dir='ltr'><strong>ι</strong></span> <span class='ocrx_word' id='word_1_628' title='bbox 1495 4349 1603 4402; x_wconf 80' lang='grc' dir='ltr'>Καὶ</span> <span class='ocrx_word' id='word_1_629' title='bbox 1624 4352 1741 4420; x_wconf 86' lang='grc' dir='ltr'>μετ’</span> 
     </span>
    </p>
   </div>
   <div class='ocr_carea' id='block_1_77' title="bbox 139 4438 1741 4512">
    <p class='ocr_par' dir='ltr' id='par_1_77' title="bbox 139 4438 1741 4512">
     <span class='ocr_line' id='line_1_77' title="bbox 139 4438 1741 4512; baseline 0.001 -19"><span class='ocrx_word' id='word_1_630' title='bbox 139 4441 301 4510; x_wconf 78' lang='grc' dir='ltr'>ὀλίγα</span> <span class='ocrx_word' id='word_1_631' title='bbox 344 4442 533 4512; x_wconf 74' lang='grc' dir='ltr'>φησίψ</span> <span class='ocrx_word' id='word_1_632' title='bbox 599 4459 617 4491; x_wconf 78' lang='grc' dir='ltr'><strong>ι</strong></span> <span class='ocrx_word' id='word_1_633' title='bbox 668 4440 757 4495; x_wconf 85' lang='grc' dir='ltr'>Ἐν</span> <span class='ocrx_word' id='word_1_634' title='bbox 801 4440 881 4512; x_wconf 82' lang='grc' dir='ltr'>τῷ</span> <span class='ocrx_word' id='word_1_635' title='bbox 909 4438 1248 4510; x_wconf 75' lang='grc' dir='ltr'>ἀποστρέψαι</span> <span class='ocrx_word' id='word_1_636' title='bbox 1292 4440 1498 4492; x_wconf 88' lang='grc' dir='ltr'>δίκαιον</span> <span class='ocrx_word' id='word_1_637' title='bbox 1540 4442 1605 4494; x_wconf 83' lang='grc' dir='ltr'>ὲκ</span> <span class='ocrx_word' id='word_1_638' title='bbox 1643 4442 1741 4512; x_wconf 87' lang='grc' dir='ltr'>τῆς</span> 
     </span>
    </p>
   </div>
   <div class='ocr_carea' id='block_1_78' title="bbox 1853 3221 3439 3294">
    <p class='ocr_par' dir='ltr' id='par_1_78' title="bbox 1853 3221 3439 3294">
     <span class='ocr_line' id='line_1_78' title="bbox 1853 3221 3439 3294; baseline 0.003 -17"><span class='ocrx_word' id='word_1_639' title='bbox 1853 3231 2036 3279; x_wconf 87' lang='lat' dir='ltr'><strong>autem</strong></span> <span class='ocrx_word' id='word_1_640' title='bbox 2072 3224 2167 3294; x_wconf 91' lang='lat' dir='ltr'><strong>qui</strong></span> <span class='ocrx_word' id='word_1_641' title='bbox 2206 3222 2374 3277; x_wconf 85' lang='lat' dir='ltr'><strong>fuerit</strong></span> <span class='ocrx_word' id='word_1_642' title='bbox 2406 3222 2631 3293; x_wconf 90' lang='lat' dir='ltr'><strong>justus,</strong></span> <span class='ocrx_word' id='word_1_643' title='bbox 2682 3223 2781 3293; x_wconf 91' lang='lat' dir='ltr'><strong>qui</strong></span> <span class='ocrx_word' id='word_1_644' title='bbox 2828 3221 3020 3279; x_wconf 81' lang='lat' dir='ltr'><strong>fecerit</strong></span> <span class='ocrx_word' id='word_1_645' title='bbox 3064 3224 3338 3294; x_wconf 86' lang='lat' dir='ltr'><strong>judicium</strong></span> <span class='ocrx_word' id='word_1_646' title='bbox 3382 3235 3439 3282; x_wconf 90' lang='lat' dir='ltr'><strong>et</strong></span> 
     </span>
    </p>
   </div>
   <div class='ocr_carea' id='block_1_79' title="bbox 1846 3315 3438 3387">
    <p class='ocr_par' dir='ltr' id='par_1_79' title="bbox 1846 3315 3438 3387">
     <span class='ocr_line' id='line_1_79' title="bbox 1846 3315 3438 3387; baseline 0.003 -17"><span class='ocrx_word' id='word_1_647' title='bbox 1846 3316 2120 3386; x_wconf 85' lang='lat' dir='ltr'><strong>justitiam</strong></span> <span class='ocrx_word' id='word_1_648' title='bbox 2149 3316 2193 3381; x_wconf 89' lang='lat'><strong>&quot;,</strong></span> <span class='ocrx_word' id='word_1_649' title='bbox 2231 3336 2250 3367; x_wconf 78' lang='grc' dir='ltr'><strong>ι</strong></span> <span class='ocrx_word' id='word_1_650' title='bbox 2276 3323 2331 3370; x_wconf 91' lang='lat' dir='ltr'><strong>et</strong></span> <span class='ocrx_word' id='word_1_651' title='bbox 2361 3315 2621 3386; x_wconf 89' lang='lat' dir='ltr'><strong>deinceps</strong></span> <span class='ocrx_word' id='word_1_652' title='bbox 2652 3315 2881 3387; x_wconf 87' lang='lat' dir='ltr'><strong>reliquis</strong></span> <span class='ocrx_word' id='word_1_653' title='bbox 2911 3316 3204 3372; x_wconf 87' lang='lat' dir='ltr'><strong>virtutibus</strong></span> <span class='ocrx_word' id='word_1_654' title='bbox 3235 3317 3438 3375; x_wconf 89' lang='lat' dir='ltr'><strong>additis</strong></span> 
     </span>
    </p>
   </div>
   <div class='ocr_carea' id='block_1_80' title="bbox 1851 3406 3438 3477">
    <p class='ocr_par' dir='ltr' id='par_1_80' title="bbox 1851 3406 3438 3477">
     <span class='ocr_line' id='line_1_80' title="bbox 1851 3406 3438 3477; baseline 0.001 -14"><span class='ocrx_word' id='word_1_655' title='bbox 1851 3407 2167 3473; x_wconf 92' lang='lat' dir='ltr'><strong>concludit,</strong></span> <span class='ocrx_word' id='word_1_656' title='bbox 2199 3407 2391 3464; x_wconf 87' lang='lat' dir='ltr'><strong>dicens</strong></span> <span class='ocrx_word' id='word_1_657' title='bbox 2419 3427 2431 3462; x_wconf 92' lang='lat'>:</span> <span class='ocrx_word' id='word_1_658' title='bbox 2464 3428 2481 3458; x_wconf 80' lang='grc' dir='ltr'><strong>ι</strong></span> <span class='ocrx_word' id='word_1_659' title='bbox 2511 3406 2614 3462; x_wconf 86' lang='lat' dir='ltr'><strong>Hic</strong></span> <span class='ocrx_word' id='word_1_660' title='bbox 2633 3407 2819 3477; x_wconf 89' lang='lat' dir='ltr'><strong>justus</strong></span> <span class='ocrx_word' id='word_1_661' title='bbox 2853 3417 2973 3476; x_wconf 89' lang='lat' dir='ltr'><strong>est;</strong></span> <span class='ocrx_word' id='word_1_662' title='bbox 3003 3409 3114 3463; x_wconf 89' lang='lat' dir='ltr'><strong>vita</strong></span> <span class='ocrx_word' id='word_1_663' title='bbox 3148 3409 3323 3475; x_wconf 81' lang='lat' dir='ltr'><strong>vivet,</strong></span> <span class='ocrx_word' id='word_1_664' title='bbox 3359 3411 3438 3466; x_wconf 87' lang='lat' dir='ltr'><strong>ait</strong></span> 
     </span>
    </p>
   </div>
   <div class='ocr_carea' id='block_1_81' title="bbox 1849 3498 3436 3572">
    <p class='ocr_par' dir='ltr' id='par_1_81' title="bbox 1849 3498 3436 3572">
     <span class='ocr_line' id='line_1_81' title="bbox 1849 3498 3436 3572; baseline 0.003 -19"><span class='ocrx_word' id='word_1_665' title='bbox 1849 3499 2062 3555; x_wconf 88' lang='lat' dir='ltr'><strong>Adonai</strong></span> <span class='ocrx_word' id='word_1_666' title='bbox 2092 3498 2380 3554; x_wconf 88' lang='lat' dir='ltr'><strong>Dominus.</strong></span> <span class='ocrx_word' id='word_1_667' title='bbox 2413 3498 2571 3565; x_wconf 86' lang='lat' dir='ltr'><strong>Quod</strong></span> <span class='ocrx_word' id='word_1_668' title='bbox 2607 3500 2652 3555; x_wconf 93' lang='lat' dir='ltr'><strong>si</strong></span> <span class='ocrx_word' id='word_1_669' title='bbox 2687 3500 2938 3570; x_wconf 78' lang='lat' dir='ltr'><strong>genuerit</strong></span> <span class='ocrx_word' id='word_1_670' title='bbox 2967 3500 3137 3555; x_wconf 91' lang='lat' dir='ltr'><strong>ﬁlium</strong></span> <span class='ocrx_word' id='word_1_671' title='bbox 3172 3503 3436 3572; x_wconf 87' lang='lat' dir='ltr'><strong>pestilen-</strong></span> 
     </span>
    </p>
   </div>
   <div class='ocr_carea' id='block_1_82' title="bbox 1850 3588 3426 3663">
    <p class='ocr_par' dir='ltr' id='par_1_82' title="bbox 1850 3588 3426 3663">
     <span class='ocr_line' id='line_1_82' title="bbox 1850 3588 3426 3663; baseline 0.003 -18"><span class='ocrx_word' id='word_1_672' title='bbox 1850 3599 1995 3658; x_wconf 88' lang='lat' dir='ltr'><strong>tem,</strong></span> <span class='ocrx_word' id='word_1_673' title='bbox 2042 3590 2408 3647; x_wconf 73' lang='lat' dir='ltr'><strong>effundentem</strong></span> <span class='ocrx_word' id='word_1_674' title='bbox 2460 3592 2826 3662; x_wconf 89' lang='lat' dir='ltr'><strong>sanguinem;</strong></span> <span class='ocrx_word' id='word_1_675' title='bbox 2878 3588 2935 3647; x_wconf 90' lang='lat' dir='ltr'><strong>in</strong></span> <span class='ocrx_word' id='word_1_676' title='bbox 2977 3592 3068 3646; x_wconf 88' lang='lat' dir='ltr'><strong>via</strong></span> <span class='ocrx_word' id='word_1_677' title='bbox 3109 3594 3282 3663; x_wconf 92' lang='lat' dir='ltr'><strong>patris</strong></span> <span class='ocrx_word' id='word_1_678' title='bbox 3338 3595 3426 3649; x_wconf 92' lang='lat' dir='ltr'><strong>sui</strong></span> 
     </span>
    </p>
   </div>
   <div class='ocr_carea' id='block_1_83' title="bbox 1846 3685 3432 3758">
    <p class='ocr_par' dir='ltr' id='par_1_83' title="bbox 1846 3685 3432 3758">
     <span class='ocr_line' id='line_1_83' title="bbox 1846 3685 3432 3758; baseline 0.003 -19"><span class='ocrx_word' id='word_1_679' title='bbox 1846 3685 1984 3756; x_wconf 88' lang='lat' dir='ltr'><strong>justi</strong></span> <span class='ocrx_word' id='word_1_680' title='bbox 2023 3701 2135 3740; x_wconf 91' lang='lat' dir='ltr'><strong>non</strong></span> <span class='ocrx_word' id='word_1_681' title='bbox 2183 3686 2518 3749; x_wconf 87' lang='lat' dir='ltr'><strong>ambulavit,</strong></span> <span class='ocrx_word' id='word_1_682' title='bbox 2572 3704 2592 3737; x_wconf 80' lang='grc' dir='ltr'><strong>ι</strong></span> <span class='ocrx_word' id='word_1_683' title='bbox 2635 3692 2691 3740; x_wconf 84' lang='lat' dir='ltr'><strong>et</strong></span> <span class='ocrx_word' id='word_1_684' title='bbox 2732 3686 3019 3756; x_wconf 90' lang='lat' dir='ltr'><strong>sequentia</strong></span> <span class='ocrx_word' id='word_1_685' title='bbox 3060 3687 3432 3758; x_wconf 86' lang='lat' dir='ltr'><strong>subjungens,</strong></span> 
     </span>
    </p>
   </div>
   <div class='ocr_carea' id='block_1_84' title="bbox 1849 3775 3434 3849">
    <p class='ocr_par' dir='ltr' id='par_1_84' title="bbox 1849 3775 3434 3849">
     <span class='ocr_line' id='line_1_84' title="bbox 1849 3775 3434 3849; baseline 0.001 -16"><span class='ocrx_word' id='word_1_686' title='bbox 1849 3784 2126 3849; x_wconf 86' lang='lat' dir='ltr'><strong>postremo</strong></span> <span class='ocrx_word' id='word_1_687' title='bbox 2157 3776 2343 3833; x_wconf 89' lang='lat' dir='ltr'><strong>subdit</strong></span> <span class='ocrx_word' id='word_1_688' title='bbox 2372 3795 2384 3831; x_wconf 92' lang='lat'>:</span> <span class='ocrx_word' id='word_1_689' title='bbox 2416 3795 2436 3828; x_wconf 79' lang='grc' dir='ltr'><strong>ι</strong></span> <span class='ocrx_word' id='word_1_690' title='bbox 2466 3775 2590 3832; x_wconf 82' lang='lat' dir='ltr'><strong>Vita</strong></span> <span class='ocrx_word' id='word_1_691' title='bbox 2619 3791 2730 3832; x_wconf 90' lang='lat' dir='ltr'><strong>non</strong></span> <span class='ocrx_word' id='word_1_692' title='bbox 2763 3777 2910 3833; x_wconf 87' lang='lat' dir='ltr'><strong>vivet</strong></span> <span class='ocrx_word' id='word_1_693' title='bbox 2939 3796 2952 3832; x_wconf 90' lang='lat'>:</span> <span class='ocrx_word' id='word_1_694' title='bbox 2985 3793 3177 3834; x_wconf 90' lang='lat' dir='ltr'><strong>omnes</strong></span> <span class='ocrx_word' id='word_1_695' title='bbox 3200 3779 3298 3835; x_wconf 91' lang='lat' dir='ltr'><strong>has</strong></span> <span class='ocrx_word' id='word_1_696' title='bbox 3326 3779 3434 3834; x_wconf 91' lang='lat' dir='ltr'><strong>ini-</strong></span> 
     </span>
    </p>
   </div>
   <div class='ocr_carea' id='block_1_85' title="bbox 1844 3868 3433 3943">
    <p class='ocr_par' dir='ltr' id='par_1_85' title="bbox 1844 3868 3433 3943">
     <span class='ocr_line' id='line_1_85' title="bbox 1844 3868 3433 3943; baseline 0.003 -21"><span class='ocrx_word' id='word_1_697' title='bbox 1844 3870 2088 3939; x_wconf 88' lang='lat' dir='ltr'><strong>quitates</strong></span> <span class='ocrx_word' id='word_1_698' title='bbox 2112 3868 2279 3937; x_wconf 82' lang='lat' dir='ltr'><strong>fecit;</strong></span> <span class='ocrx_word' id='word_1_699' title='bbox 2312 3876 2492 3925; x_wconf 88' lang='lat' dir='ltr'><strong>morte</strong></span> <span class='ocrx_word' id='word_1_700' title='bbox 2517 3870 2787 3925; x_wconf 90' lang='lat' dir='ltr'><strong>morietur</strong></span> <span class='ocrx_word' id='word_1_701' title='bbox 2813 3888 2827 3925; x_wconf 90' lang='lat'>:</span> <span class='ocrx_word' id='word_1_702' title='bbox 2858 3871 3088 3941; x_wconf 86' lang='lat' dir='ltr'><strong>sanguis</strong></span> <span class='ocrx_word' id='word_1_703' title='bbox 3112 3871 3233 3941; x_wconf 91' lang='lat' dir='ltr'><strong>ejus</strong></span> <span class='ocrx_word' id='word_1_704' title='bbox 3266 3888 3433 3943; x_wconf 83' lang='lat' dir='ltr'><strong>super</strong></span> 
     </span>
    </p>
   </div>
   <div class='ocr_carea' id='block_1_86' title="bbox 1848 3958 3432 4034">
    <p class='ocr_par' dir='ltr' id='par_1_86' title="bbox 1848 3958 3432 4034">
     <span class='ocr_line' id='line_1_86' title="bbox 1848 3958 3432 4034; baseline 0.005 -20"><span class='ocrx_word' id='word_1_705' title='bbox 1848 3961 2028 4031; x_wconf 89' lang='lat' dir='ltr'><strong>ipsum</strong></span> <span class='ocrx_word' id='word_1_706' title='bbox 2079 3962 2225 4028; x_wconf 89' lang='lat' dir='ltr'><strong>erit;</strong></span> <span class='ocrx_word' id='word_1_707' title='bbox 2277 3969 2331 4017; x_wconf 90' lang='lat' dir='ltr'><strong>et</strong></span> <span class='ocrx_word' id='word_1_708' title='bbox 2369 3958 2608 4018; x_wconf 89' lang='lat' dir='ltr'><strong>dicetis:</strong></span> <span class='ocrx_word' id='word_1_709' title='bbox 2649 3961 2833 4027; x_wconf 88' lang='lat' dir='ltr'><strong>Quare</strong></span> <span class='ocrx_word' id='word_1_710' title='bbox 2866 3977 2979 4017; x_wconf 90' lang='lat' dir='ltr'><strong>non</strong></span> <span class='ocrx_word' id='word_1_711' title='bbox 3025 3965 3238 4034; x_wconf 90' lang='lat' dir='ltr'><strong>accepit</strong></span> <span class='ocrx_word' id='word_1_712' title='bbox 3284 3965 3432 4022; x_wconf 83' lang='lat' dir='ltr'><strong>ﬁlius</strong></span> 
     </span>
    </p>
   </div>
   <div class='ocr_carea' id='block_1_87' title="bbox 1846 4053 3432 4126">
    <p class='ocr_par' dir='ltr' id='par_1_87' title="bbox 1846 4053 3432 4126">
     <span class='ocr_line' id='line_1_87' title="bbox 1846 4053 3432 4126; baseline 0.003 -19"><span class='ocrx_word' id='word_1_713' title='bbox 1846 4053 2190 4123; x_wconf 88' lang='lat' dir='ltr'><strong>iniquitatem</strong></span> <span class='ocrx_word' id='word_1_714' title='bbox 2248 4054 2422 4122; x_wconf 89' lang='lat' dir='ltr'><strong>patris</strong></span> <span class='ocrx_word' id='word_1_715' title='bbox 2467 4062 2563 4108; x_wconf 90' lang='lat' dir='ltr'><strong>aut</strong></span> <span class='ocrx_word' id='word_1_716' title='bbox 2592 4054 2864 4124; x_wconf 87' lang='lat' dir='ltr'><strong>justitiam</strong></span> <span class='ocrx_word' id='word_1_717' title='bbox 2895 4055 3047 4125; x_wconf 89' lang='lat' dir='ltr'><strong>ejus,</strong></span> <span class='ocrx_word' id='word_1_718' title='bbox 3071 4056 3347 4126; x_wconf 88' lang='lat' dir='ltr'><strong>justitiam</strong></span> <span class='ocrx_word' id='word_1_719' title='bbox 3377 4067 3432 4113; x_wconf 89' lang='lat' dir='ltr'><strong>et</strong></span> 
     </span>
    </p>
   </div>
   <div class='ocr_carea' id='block_1_88' title="bbox 1845 4145 3430 4220">
    <p class='ocr_par' dir='ltr' id='par_1_88' title="bbox 1845 4145 3430 4220">
     <span class='ocr_line' id='line_1_88' title="bbox 1845 4145 3430 4220; baseline 0.004 -22"><span class='ocrx_word' id='word_1_720' title='bbox 1845 4145 2281 4201; x_wconf 88' lang='lat' dir='ltr'><strong>misericordiam</strong></span> <span class='ocrx_word' id='word_1_721' title='bbox 2312 4148 2618 4217; x_wconf 66' lang='lat' dir='ltr'><strong>operatus?</strong></span> <span class='ocrx_word' id='word_1_722' title='bbox 2647 4145 2713 4200; x_wconf 89' lang='lat' dir='ltr'><strong>Et</strong></span> <span class='ocrx_word' id='word_1_723' title='bbox 2739 4147 2890 4203; x_wconf 92' lang='lat' dir='ltr'><strong>dices</strong></span> <span class='ocrx_word' id='word_1_724' title='bbox 2918 4148 3000 4203; x_wconf 89' lang='lat' dir='ltr'><strong>eis</strong></span> <span class='ocrx_word' id='word_1_725' title='bbox 3027 4165 3041 4200; x_wconf 90' lang='lat'><strong>:</strong></span> <span class='ocrx_word' id='word_1_726' title='bbox 3076 4149 3270 4203; x_wconf 90' lang='lat' dir='ltr'><strong>Anima</strong></span> <span class='ocrx_word' id='word_1_727' title='bbox 3301 4165 3430 4220; x_wconf 90' lang='lat' dir='ltr'><strong>pec-</strong></span> 
     </span>
    </p>
   </div>
   <div class='ocr_carea' id='block_1_89' title="bbox 1844 4238 3427 4312">
    <p class='ocr_par' dir='ltr' id='par_1_89' title="bbox 1844 4238 3427 4312">
     <span class='ocr_line' id='line_1_89' title="bbox 1844 4238 3427 4312; baseline 0.001 -19"><span class='ocrx_word' id='word_1_728' title='bbox 1844 4254 2014 4304; x_wconf 87' lang='lat' dir='ltr'><strong>cans,</strong></span> <span class='ocrx_word' id='word_1_729' title='bbox 2050 4238 2171 4309; x_wconf 89' lang='lat' dir='ltr'><strong>ipsa</strong></span> <span class='ocrx_word' id='word_1_730' title='bbox 2202 4239 2471 4294; x_wconf 88' lang='lat' dir='ltr'><strong>morietur</strong></span> <span class='ocrx_word' id='word_1_731' title='bbox 2500 4257 2512 4293; x_wconf 92' lang='lat'>:</span> <span class='ocrx_word' id='word_1_732' title='bbox 2556 4238 2705 4294; x_wconf 82' lang='lat' dir='ltr'><strong>ﬁlius</strong></span> <span class='ocrx_word' id='word_1_733' title='bbox 2743 4254 2854 4294; x_wconf 90' lang='lat' dir='ltr'><strong>non</strong></span> <span class='ocrx_word' id='word_1_734' title='bbox 2892 4240 3126 4310; x_wconf 88' lang='lat' dir='ltr'><strong>accipiet</strong></span> <span class='ocrx_word' id='word_1_735' title='bbox 3162 4241 3427 4312; x_wconf 89' lang='lat' dir='ltr'><strong>iniquita-</strong></span> 
     </span>
    </p>
   </div>
   <div class='ocr_carea' id='block_1_90' title="bbox 1845 4332 3423 4402">
    <p class='ocr_par' dir='ltr' id='par_1_90' title="bbox 1845 4332 3423 4402">
     <span class='ocr_line' id='line_1_90' title="bbox 1845 4332 3423 4402; baseline 0.001 -17"><span class='ocrx_word' id='word_1_736' title='bbox 1845 4340 1953 4386; x_wconf 90' lang='lat' dir='ltr'><strong>tem</strong></span> <span class='ocrx_word' id='word_1_737' title='bbox 1988 4333 2199 4402; x_wconf 89' lang='lat' dir='ltr'><strong>patris;</strong></span> <span class='ocrx_word' id='word_1_738' title='bbox 2231 4338 2285 4386; x_wconf 90' lang='lat' dir='ltr'><strong>et</strong></span> <span class='ocrx_word' id='word_1_739' title='bbox 2317 4337 2469 4400; x_wconf 88' lang='lat' dir='ltr'><strong>pater</strong></span> <span class='ocrx_word' id='word_1_740' title='bbox 2500 4346 2611 4385; x_wconf 94' lang='lat' dir='ltr'><strong>non</strong></span> <span class='ocrx_word' id='word_1_741' title='bbox 2646 4333 2880 4402; x_wconf 88' lang='lat' dir='ltr'><strong>accipiet</strong></span> <span class='ocrx_word' id='word_1_742' title='bbox 2911 4332 3254 4401; x_wconf 88' lang='lat' dir='ltr'><strong>iniquitatem</strong></span> <span class='ocrx_word' id='word_1_743' title='bbox 3287 4332 3382 4386; x_wconf 89' lang='lat' dir='ltr'><strong>ﬁlii</strong></span> <span class='ocrx_word' id='word_1_744' title='bbox 3408 4348 3423 4385; x_wconf 87' lang='lat'><strong>:</strong></span> 
     </span>
    </p>
   </div>
   <div class='ocr_carea' id='block_1_91' title="bbox 1841 4421 3425 4495">
    <p class='ocr_par' dir='ltr' id='par_1_91' title="bbox 1841 4421 3425 4495">
     <span class='ocr_line' id='line_1_91' title="bbox 1841 4421 3425 4495; baseline 0.001 -18"><span class='ocrx_word' id='word_1_745' title='bbox 1841 4423 2058 4493; x_wconf 84' lang='lat' dir='ltr'><strong>justitia</strong></span> <span class='ocrx_word' id='word_1_746' title='bbox 2085 4422 2221 4493; x_wconf 89' lang='lat' dir='ltr'><strong>justi</strong></span> <span class='ocrx_word' id='word_1_747' title='bbox 2255 4437 2420 4491; x_wconf 87' lang='lat' dir='ltr'><strong>super</strong></span> <span class='ocrx_word' id='word_1_748' title='bbox 2452 4421 2635 4491; x_wconf 87' lang='lat' dir='ltr'><strong>ipsum</strong></span> <span class='ocrx_word' id='word_1_749' title='bbox 2669 4422 2808 4486; x_wconf 89' lang='lat' dir='ltr'><strong>erit,</strong></span> <span class='ocrx_word' id='word_1_750' title='bbox 2848 4431 2902 4478; x_wconf 93' lang='lat' dir='ltr'><strong>et</strong></span> <span class='ocrx_word' id='word_1_751' title='bbox 2941 4423 3209 4493; x_wconf 91' lang='lat' dir='ltr'><strong>iniquitas</strong></span> <span class='ocrx_word' id='word_1_752' title='bbox 3245 4423 3425 4495; x_wconf 89' lang='lat' dir='ltr'><strong>iniqui</strong></span> 
     </span>
    </p>
   </div>
   <div class='ocr_carea' id='block_1_92' title="bbox 137 4515 1750 4606">
    <p class='ocr_par' dir='ltr' id='par_1_92' title="bbox 137 4532 1738 4606">
     <span class='ocr_line' id='line_1_92' title="bbox 137 4532 1738 4606; baseline 0.001 -20"><span class='ocrx_word' id='word_1_753' title='bbox 137 4532 493 4605; x_wconf 84' lang='grc' dir='ltr'>δικαιοσύνης</span> <span class='ocrx_word' id='word_1_754' title='bbox 521 4533 707 4598; x_wconf 81' lang='grc' dir='ltr'>αὐτοῦ,</span> <span class='ocrx_word' id='word_1_755' title='bbox 736 4533 830 4587; x_wconf 76' lang='grc' dir='ltr'><strong>καὶ</strong></span> <span class='ocrx_word' id='word_1_756' title='bbox 858 4533 1071 4604; x_wconf 91' lang='grc' dir='ltr'>ποιήσει</span> <span class='ocrx_word' id='word_1_757' title='bbox 1089 4532 1322 4596; x_wconf 86' lang='grc' dir='ltr'>ἀδικίαν,</span> <span class='ocrx_word' id='word_1_758' title='bbox 1355 4534 1525 4585; x_wconf 79' lang='grc' dir='ltr'>πᾶσαι</span> <span class='ocrx_word' id='word_1_759' title='bbox 1553 4532 1662 4606; x_wconf 71' lang='grc'>(74)</span> <span class='ocrx_word' id='word_1_760' title='bbox 1681 4536 1738 4587; x_wconf 76' lang='grc' dir='ltr'>αἱ</span> 
     </span>
    </p>
   </div>
   <div class='ocr_carea' id='block_1_93' title="bbox 1858 4515 3422 4606">
    <p class='ocr_par' dir='ltr' id='par_1_93' title="bbox 1858 4515 3422 4587">
     <span class='ocr_line' id='line_1_93' title="bbox 1858 4515 3422 4587; baseline 0.001 -16"><span class='ocrx_word' id='word_1_761' title='bbox 1858 4532 2010 4586; x_wconf 74' lang='lat' dir='ltr'><strong>super</strong></span> <span class='ocrx_word' id='word_1_762' title='bbox 2044 4518 2223 4587; x_wconf 91' lang='lat' dir='ltr'><strong>ipsum</strong></span> <span class='ocrx_word' id='word_1_763' title='bbox 2252 4516 2357 4570; x_wconf 91' lang='lat' dir='ltr'><strong>erit</strong></span> <span class='ocrx_word' id='word_1_764' title='bbox 2379 4515 2421 4569; x_wconf 75' lang='grc' dir='ltr'>θ.</span> <span class='ocrx_word' id='word_1_765' title='bbox 2456 4534 2474 4566; x_wconf 74' lang='grc' dir='ltr'><strong>ι</strong></span> <span class='ocrx_word' id='word_1_766' title='bbox 2500 4515 2567 4568; x_wconf 88' lang='lat' dir='ltr'><strong>Et</strong></span> <span class='ocrx_word' id='word_1_767' title='bbox 2599 4516 2762 4585; x_wconf 90' lang='lat' dir='ltr'><strong>paulo</strong></span> <span class='ocrx_word' id='word_1_768' title='bbox 2791 4524 2949 4585; x_wconf 92' lang='lat' dir='ltr'><strong>post:</strong></span> <span class='ocrx_word' id='word_1_769' title='bbox 2975 4534 2994 4567; x_wconf 75' lang='grc' dir='ltr'><strong>ι</strong></span> <span class='ocrx_word' id='word_1_770' title='bbox 3017 4516 3178 4581; x_wconf 89' lang='lat' dir='ltr'><strong>Cum,</strong></span> <span class='ocrx_word' id='word_1_771' title='bbox 3210 4518 3422 4587; x_wconf 90' lang='lat' dir='ltr'><strong>inquit,</strong></span> 
     </span>
    </p>
   </div>
   <div class='ocr_carea' id='block_1_94' title="bbox 137 4624 1737 4695">
    <p class='ocr_par' dir='ltr' id='par_1_94' title="bbox 137 4624 1737 4695">
     <span class='ocr_line' id='line_1_94' title="bbox 137 4624 1737 4695; baseline 0.001 -16"><span class='ocrx_word' id='word_1_772' title='bbox 137 4625 481 4681; x_wconf 87' lang='grc' dir='ltr'>δικαιοσύναι</span> <span class='ocrx_word' id='word_1_773' title='bbox 506 4624 694 4691; x_wconf 84' lang='grc' dir='ltr'>αὐτοῦ,</span> <span class='ocrx_word' id='word_1_774' title='bbox 719 4624 862 4680; x_wconf 84' lang='grc' dir='ltr'>κατὰ</span> <span class='ocrx_word' id='word_1_775' title='bbox 884 4625 1067 4688; x_wconf 85' lang='grc' dir='ltr'>πάσας</span> <span class='ocrx_word' id='word_1_776' title='bbox 1088 4624 1186 4689; x_wconf 90' lang='grc' dir='ltr'><strong>τάς</strong></span> <span class='ocrx_word' id='word_1_777' title='bbox 1204 4624 1433 4695; x_wconf 85' lang='grc' dir='ltr'>ἀνομίας</span> <span class='ocrx_word' id='word_1_778' title='bbox 1457 4624 1643 4688; x_wconf 79' lang='grc' dir='ltr'>αὐτοῦ,</span> <span class='ocrx_word' id='word_1_779' title='bbox 1669 4626 1737 4690; x_wconf 80' lang='grc' dir='ltr'><strong>ἀς</strong></span> 
     </span>
    </p>
   </div>
   <div class='ocr_carea' id='block_1_95' title="bbox 1843 4607 3424 4681">
    <p class='ocr_par' dir='ltr' id='par_1_95' title="bbox 1843 4607 3424 4681">
     <span class='ocr_line' id='line_1_95' title="bbox 1843 4607 3424 4681; baseline 0.002 -19"><span class='ocrx_word' id='word_1_780' title='bbox 1843 4609 2101 4665; x_wconf 79' lang='lat' dir='ltr'><strong>averterit</strong></span> <span class='ocrx_word' id='word_1_781' title='bbox 2123 4624 2182 4664; x_wconf 91' lang='lat' dir='ltr'><strong>se</strong></span> <span class='ocrx_word' id='word_1_782' title='bbox 2200 4608 2387 4678; x_wconf 88' lang='lat' dir='ltr'><strong>justus</strong></span> <span class='ocrx_word' id='word_1_783' title='bbox 2408 4622 2437 4660; x_wconf 89' lang='lat' dir='ltr'><strong>a</strong></span> <span class='ocrx_word' id='word_1_784' title='bbox 2455 4607 2669 4677; x_wconf 90' lang='lat' dir='ltr'><strong>justitia</strong></span> <span class='ocrx_word' id='word_1_785' title='bbox 2700 4622 2830 4673; x_wconf 87' lang='lat' dir='ltr'><strong>sua,</strong></span> <span class='ocrx_word' id='word_1_786' title='bbox 2854 4617 2909 4663; x_wconf 91' lang='lat' dir='ltr'><strong>et</strong></span> <span class='ocrx_word' id='word_1_787' title='bbox 2939 4608 3129 4665; x_wconf 83' lang='lat' dir='ltr'><strong>fecerit</strong></span> <span class='ocrx_word' id='word_1_788' title='bbox 3157 4609 3424 4681; x_wconf 88' lang='lat' dir='ltr'><strong>iniquita-</strong></span> 
     </span>
    </p>
   </div>
   <div class='ocr_carea' id='block_1_96' title="bbox 213 4742 3420 4843">
    <p class='ocr_par' dir='ltr' id='par_1_96' title="bbox 213 4742 3420 4843">
     <span class='ocr_line' id='line_1_96' title="bbox 213 4742 3420 4843; baseline 0.003 -24"><span class='ocrx_word' id='word_1_789' title='bbox 213 4766 232 4843; x_wconf 65' lang='grc' dir='ltr'><strong>ξ</strong></span> <span class='ocrx_word' id='word_1_790' title='bbox 266 4766 434 4843; x_wconf 58' lang='lat' dir='ltr'><strong>Prov.</strong></span> <span class='ocrx_word' id='word_1_791' title='bbox 468 4782 522 4832; x_wconf 90' lang='lat' dir='ltr'><strong>v,</strong></span> <span class='ocrx_word' id='word_1_792' title='bbox 558 4765 643 4820; x_wconf 68' lang='lat'><strong>2‘2.</strong></span> <span class='ocrx_word' id='word_1_793' title='bbox 725 4765 882 4843; x_wconf 61' lang='lat' dir='ltr'><strong>&#39;_|_sa.</strong></span> <span class='ocrx_word' id='word_1_794' title='bbox 906 4781 1049 4843; x_wconf 43' lang='lat' dir='ltr'><strong>‘anj</strong></span> <span class='ocrx_word' id='word_1_795' title='bbox 1083 4766 1171 4843; x_wconf 52' lang='grc' dir='ltr'><strong>ιι.</strong></span> <span class='ocrx_word' id='word_1_796' title='bbox 1207 4766 1430 4843; x_wconf 69' lang='lat' dir='ltr'><strong>’_lgnat.</strong></span> <span class='ocrx_word' id='word_1_797' title='bbox 1464 4768 1720 4843; x_wconf 71' lang='lat' dir='ltr'><strong>interpol.</strong></span> <span class='ocrx_word' id='word_1_798' title='bbox 1758 4771 1825 4843; x_wconf 82' lang='lat' dir='ltr'><strong>ad</strong></span> <span class='ocrx_word' id='word_1_799' title='bbox 1860 4770 2080 4843; x_wconf 83' lang='lat' dir='ltr'><strong>Smyrn.</strong></span> <span class='ocrx_word' id='word_1_800' title='bbox 2256 4771 2279 4803; x_wconf 70' lang='grc'>⁸</span> <span class='ocrx_word' id='word_1_801' title='bbox 2304 4769 2493 4843; x_wconf 86' lang='lat' dir='ltr'><strong>Matth.</strong></span> <span class='ocrx_word' id='word_1_802' title='bbox 2529 4787 2604 4843; x_wconf 71' lang='lat' dir='ltr'><strong>Ix,</strong></span> <span class='ocrx_word' id='word_1_803' title='bbox 2648 4770 2738 4825; x_wconf 69' lang='grc'><strong>12.</strong></span> <span class='ocrx_word' id='word_1_804' title='bbox 2815 4771 2835 4801; x_wconf 80' lang='grc'><strong><em>⁵</em></strong></span> <span class='ocrx_word' id='word_1_805' title='bbox 2861 4769 3053 4827; x_wconf 84' lang='lat' dir='ltr'><strong>Matth.</strong></span> <span class='ocrx_word' id='word_1_806' title='bbox 3118 4786 3253 4826; x_wconf 81' lang='lat' dir='ltr'><strong>xvm</strong></span> <span class='ocrx_word' id='word_1_807' title='bbox 3278 4811 3293 4837; x_wconf 96' lang='lat'><strong>,</strong></span> <span class='ocrx_word' id='word_1_808' title='bbox 3330 4773 3420 4830; x_wconf 74' lang='grc'><strong>14.</strong></span> 
     </span>
    </p>
   </div>
   <div class='ocr_carea' id='block_1_97' title="bbox 208 4834 1593 4901">
    <p class='ocr_par' dir='ltr' id='par_1_97' title="bbox 208 4834 1593 4901">
     <span class='ocr_line' id='line_1_97' title="bbox 208 4834 1593 4901; baseline 0.001 -10"><span class='ocrx_word' id='word_1_809' title='bbox 208 4837 232 4868; x_wconf 83' lang='grc'><strong><em>⁸</em></strong></span> <span class='ocrx_word' id='word_1_810' title='bbox 262 4835 424 4891; x_wconf 90' lang='lat' dir='ltr'><strong>Deut.</strong></span> <span class='ocrx_word' id='word_1_811' title='bbox 486 4852 681 4901; x_wconf 76' lang='lat' dir='ltr'><strong>xxvur,</strong></span> <span class='ocrx_word' id='word_1_812' title='bbox 744 4838 831 4900; x_wconf 82' lang='grc'><strong>15,</strong></span> <span class='ocrx_word' id='word_1_813' title='bbox 856 4834 946 4892; x_wconf 71' lang='grc' dir='ltr'>Η.</span> <span class='ocrx_word' id='word_1_814' title='bbox 1022 4838 1043 4868; x_wconf 84' lang='grc'><strong>⁷</strong></span> <span class='ocrx_word' id='word_1_815' title='bbox 1080 4834 1306 4892; x_wconf 54' lang='grc' dir='ltr'>Ειοοιιξ</span> <span class='ocrx_word' id='word_1_816' title='bbox 1340 4850 1474 4893; x_wconf 79' lang='lat' dir='ltr'><strong>xvm</strong></span> <span class='ocrx_word' id='word_1_817' title='bbox 1496 4878 1511 4901; x_wconf 91' lang='lat'><strong>,</strong></span> <span class='ocrx_word' id='word_1_818' title='bbox 1538 4839 1593 4894; x_wconf 72' lang='grc'>2.</span> 
     </span>
    </p>
   </div>
   <div class='ocr_carea' id='block_1_98' title="bbox 1702 4841 2628 4913">
    <p class='ocr_par' dir='ltr' id='par_1_98' title="bbox 1702 4841 2628 4913">
     <span class='ocr_line' id='line_1_98' title="bbox 1702 4841 2628 4913; baseline 0 -19"><span class='ocrx_word' id='word_1_819' title='bbox 1702 4844 1723 4870; x_wconf 78' lang='grc'>⁸</span> <span class='ocrx_word' id='word_1_820' title='bbox 1755 4842 1796 4895; x_wconf 79' lang='lat' dir='ltr'><strong>f.</strong></span> <span class='ocrx_word' id='word_1_821' title='bbox 1826 4841 2020 4913; x_wconf 78' lang='grc' dir='ltr'>ἐρεῖτε.</span> <span class='ocrx_word' id='word_1_822' title='bbox 2058 4843 2079 4873; x_wconf 81' lang='grc'><strong><em>⁹</em></strong></span> <span class='ocrx_word' id='word_1_823' title='bbox 2105 4842 2462 4907; x_wconf 80' lang='lat' dir='ltr'><strong>Anastasius,</strong></span> <span class='ocrx_word' id='word_1_824' title='bbox 2494 4841 2628 4896; x_wconf 83' lang='lat' dir='ltr'><strong>ibid.</strong></span> 
     </span>
    </p>
   </div>
   <div class='ocr_carea' id='block_1_99' title="bbox 1458 4974 2095 5042">
    <p class='ocr_par' dir='ltr' id='par_1_99' title="bbox 1458 4974 2095 5042">
     <span class='ocr_line' id='line_1_99' title="bbox 1458 4974 2095 5042; baseline 0.024 -15"><span class='ocrx_word' id='word_1_825' title='bbox 1458 4974 1825 5032; x_wconf 79' lang='lat' dir='ltr'><strong>VARIORUM</strong></span> <span class='ocrx_word' id='word_1_826' title='bbox 1860 4980 1987 5037; x_wconf 87' lang='lat' dir='ltr'><strong>NO&#39;]</strong></span> <span class='ocrx_word' id='word_1_827' title='bbox 2005 4982 2095 5042; x_wconf 66' lang='lat' dir='ltr'><strong>1E.</strong></span> 
     </span>
    </p>
   </div>
   <div class='ocr_carea' id='block_1_100' title="bbox 205 5088 1750 5183">
    <p class='ocr_par' dir='ltr' id='par_1_100' title="bbox 205 5088 1729 5183">
     <span class='ocr_line' id='line_1_100' title="bbox 205 5088 1729 5183; baseline 0.002 -40"><span class='ocrx_word' id='word_1_828' title='bbox 205 5088 325 5161; x_wconf 84' lang='lat'><strong>(67)</strong></span> <span class='ocrx_word' id='word_1_829' title='bbox 359 5091 659 5183; x_wconf 51' lang='grc' dir='ltr'>Ἔχοντες.</span> <span class='ocrx_word' id='word_1_830' title='bbox 712 5089 861 5183; x_wconf 50' lang='lat' dir='ltr'><strong>Alter</strong></span> <span class='ocrx_word' id='word_1_831' title='bbox 904 5089 1055 5171; x_wconf 78' lang='lat' dir='ltr'><strong>addit</strong></span> <span class='ocrx_word' id='word_1_832' title='bbox 1098 5108 1112 5144; x_wconf 92' lang='lat'><strong>:</strong></span> <span class='ocrx_word' id='word_1_833' title='bbox 1152 5091 1319 5183; x_wconf 61' lang='grc' dir='ltr'>Φησὶν</span> <span class='ocrx_word' id='word_1_834' title='bbox 1366 5092 1393 5142; x_wconf 85' lang='grc' dir='ltr'>ὁ</span> <span class='ocrx_word' id='word_1_835' title='bbox 1437 5091 1627 5183; x_wconf 48' lang='lat' dir='ltr'><strong>ETw-ri]?</strong></span> <span class='ocrx_word' id='word_1_836' title='bbox 1671 5095 1729 5147; x_wconf 80' lang='grc' dir='ltr'><strong>ἐν</strong></span> 
     </span>
    </p>
   </div>
   <div class='ocr_carea' id='block_1_101' title="bbox 1858 5088 3421 5183">
    <p class='ocr_par' dir='ltr' id='par_1_101' title="bbox 1860 5097 3421 5183">
     <span class='ocr_line' id='line_1_101' title="bbox 1860 5097 3421 5183; baseline 0.001 -33"><span class='ocrx_word' id='word_1_837' title='bbox 1860 5105 2186 5183; x_wconf 69' lang='lat' dir='ltr'><strong>interpretes,</strong></span> <span class='ocrx_word' id='word_1_838' title='bbox 2220 5100 2456 5183; x_wconf 67' lang='grc' dir='ltr'>νοσοῦσι,</span> <span class='ocrx_word' id='word_1_839' title='bbox 2488 5101 2581 5153; x_wconf 69' lang='grc' dir='ltr'><strong>καὶ</strong></span> <span class='ocrx_word' id='word_1_840' title='bbox 2597 5098 2964 5183; x_wconf 70' lang='grc' dir='ltr'>κινδυνεύουσι</span> <span class='ocrx_word' id='word_1_841' title='bbox 2995 5100 3090 5183; x_wconf 50' lang='grc' dir='ltr'>κα).</span> <span class='ocrx_word' id='word_1_842' title='bbox 3116 5097 3421 5183; x_wconf 74' lang='grc' dir='ltr'>σφαλλομέ-</span> 
     </span>
    </p>
   </div>
   <div class='ocr_carea' id='block_1_102' title="bbox 137 5159 1730 5230">
    <p class='ocr_par' dir='ltr' id='par_1_102' title="bbox 137 5159 1730 5230">
     <span class='ocr_line' id='line_1_102' title="bbox 137 5159 1730 5230; baseline 0.001 -15"><span class='ocrx_word' id='word_1_843' title='bbox 137 5159 520 5229; x_wconf 75' lang='grc' dir='ltr'>Εὑαγγελίοις,</span> <span class='ocrx_word' id='word_1_844' title='bbox 551 5163 646 5214; x_wconf 80' lang='grc' dir='ltr'><strong>καὶ</strong></span> <span class='ocrx_word' id='word_1_845' title='bbox 675 5159 857 5225; x_wconf 85' lang='grc' dir='ltr'>πάλιν,</span> <span class='ocrx_word' id='word_1_846' title='bbox 886 5162 1093 5215; x_wconf 88' lang='lat' dir='ltr'><strong>omisso</strong></span> <span class='ocrx_word' id='word_1_847' title='bbox 1126 5162 1269 5230; x_wconf 86' lang='lat' dir='ltr'><strong>quod</strong></span> <span class='ocrx_word' id='word_1_848' title='bbox 1296 5162 1545 5230; x_wconf 80' lang='lat' dir='ltr'><strong>sequitur</strong></span> <span class='ocrx_word' id='word_1_849' title='bbox 1578 5159 1730 5216; x_wconf 72' lang='grc' dir='ltr'>ἒπει-</span> 
     </span>
    </p>
   </div>
   <div class='ocr_carea' id='block_1_103' title="bbox 134 5231 438 5303">
    <p class='ocr_par' dir='ltr' id='par_1_103' title="bbox 134 5231 438 5303">
     <span class='ocr_line' id='line_1_103' title="bbox 134 5231 438 5303; baseline -0.003 -18"><span class='ocrx_word' id='word_1_850' title='bbox 134 5234 197 5303; x_wconf 85' lang='grc' dir='ltr'><strong>δή</strong></span> <span class='ocrx_word' id='word_1_851' title='bbox 208 5273 223 5303; x_wconf 15' lang='grc' dir='ltr'>,ν</span> <span class='ocrx_word' id='word_1_852' title='bbox 246 5231 438 5303; x_wconf 63' lang='lat' dir='ltr'><strong>Cum.</strong></span> 
     </span>
    </p>
   </div>
   <div class='ocr_carea' id='block_1_104' title="bbox 203 5299 1727 5372">
    <p class='ocr_par' dir='ltr' id='par_1_104' title="bbox 203 5299 1727 5372">
     <span class='ocr_line' id='line_1_104' title="bbox 203 5299 1727 5372; baseline 0.001 -17"><span class='ocrx_word' id='word_1_853' title='bbox 203 5302 322 5372; x_wconf 86' lang='lat'><strong>(68)</strong></span> <span class='ocrx_word' id='word_1_854' title='bbox 362 5301 443 5369; x_wconf 77' lang='grc' dir='ltr'><strong>Τῇ</strong></span> <span class='ocrx_word' id='word_1_855' title='bbox 472 5300 578 5355; x_wconf 81' lang='grc' dir='ltr'><strong>τοῦ</strong></span> <span class='ocrx_word' id='word_1_856' title='bbox 608 5302 794 5371; x_wconf 74' lang='grc' dir='ltr'>λόγου</span> <span class='ocrx_word' id='word_1_857' title='bbox 824 5299 1060 5372; x_wconf 77' lang='grc' dir='ltr'>διδαχῇ.</span> <span class='ocrx_word' id='word_1_858' title='bbox 1086 5301 1272 5356; x_wconf 88' lang='lat' dir='ltr'><strong>Potest</strong></span> <span class='ocrx_word' id='word_1_859' title='bbox 1295 5317 1512 5372; x_wconf 79' lang='lat' dir='ltr'><strong>quoque</strong></span> <span class='ocrx_word' id='word_1_860' title='bbox 1533 5301 1727 5359; x_wconf 79' lang='lat' dir='ltr'><strong>referri</strong></span> 
     </span>
    </p>
   </div>
   <div class='ocr_carea' id='block_1_105' title="bbox 135 5371 1728 5443">
    <p class='ocr_par' dir='ltr' id='par_1_105' title="bbox 135 5371 1728 5443">
     <span class='ocr_line' id='line_1_105' title="bbox 135 5371 1728 5443; baseline 0.003 -19"><span class='ocrx_word' id='word_1_861' title='bbox 135 5375 203 5427; x_wconf 85' lang='lat' dir='ltr'><strong>ad</strong></span> <span class='ocrx_word' id='word_1_862' title='bbox 227 5372 617 5443; x_wconf 68' lang='lat' dir='ltr'><strong>praecedentia,</strong></span> <span class='ocrx_word' id='word_1_863' title='bbox 638 5374 767 5435; x_wconf 78' lang='grc' dir='ltr'>τοὺς</span> <span class='ocrx_word' id='word_1_864' title='bbox 793 5371 1189 5441; x_wconf 77' lang='grc' dir='ltr'>πλησιάζοντας</span> <span class='ocrx_word' id='word_1_865' title='bbox 1217 5371 1441 5436; x_wconf 80' lang='grc' dir='ltr'>ἀδίκοις,</span> <span class='ocrx_word' id='word_1_866' title='bbox 1475 5374 1728 5442; x_wconf 90' lang='lat' dir='ltr'><strong>ponendo</strong></span> 
     </span>
    </p>
   </div>
   <div class='ocr_carea' id='block_1_106' title="bbox 134 5442 1725 5514">
    <p class='ocr_par' dir='ltr' id='par_1_106' title="bbox 134 5442 1725 5514">
     <span class='ocr_line' id='line_1_106' title="bbox 134 5442 1725 5514; baseline 0.001 -18"><span class='ocrx_word' id='word_1_867' title='bbox 134 5442 408 5514; x_wconf 78' lang='lat' dir='ltr'><strong>virgulam</strong></span> <span class='ocrx_word' id='word_1_868' title='bbox 439 5449 566 5513; x_wconf 89' lang='lat' dir='ltr'><strong>post</strong></span> <span class='ocrx_word' id='word_1_869' title='bbox 596 5442 804 5512; x_wconf 84' lang='grc' dir='ltr'>διδαχῇ,</span> <span class='ocrx_word' id='word_1_870' title='bbox 837 5450 894 5494; x_wconf 88' lang='grc' dir='ltr'><strong>ιιι</strong></span> <span class='ocrx_word' id='word_1_871' title='bbox 920 5443 1275 5513; x_wconf 84' lang='lat' dir='ltr'><strong>signiﬁcetur,</strong></span> <span class='ocrx_word' id='word_1_872' title='bbox 1303 5445 1446 5512; x_wconf 87' lang='lat' dir='ltr'><strong>quod</strong></span> <span class='ocrx_word' id='word_1_873' title='bbox 1472 5445 1605 5513; x_wconf 89' lang='lat' dir='ltr'><strong>justi</strong></span> <span class='ocrx_word' id='word_1_874' title='bbox 1629 5445 1725 5513; x_wconf 91' lang='lat' dir='ltr'><strong>qui</strong></span> 
     </span>
    </p>
   </div>
   <div class='ocr_carea' id='block_1_107' title="bbox 136 5511 1717 5584">
    <p class='ocr_par' dir='ltr' id='par_1_107' title="bbox 136 5511 1717 5584">
     <span class='ocr_line' id='line_1_107' title="bbox 136 5511 1717 5584; baseline 0 -18"><span class='ocrx_word' id='word_1_875' title='bbox 136 5511 346 5582; x_wconf 78' lang='lat' dir='ltr'><strong>iniquis</strong></span> <span class='ocrx_word' id='word_1_876' title='bbox 371 5511 717 5567; x_wconf 79' lang='lat' dir='ltr'><strong>familiariter</strong></span> <span class='ocrx_word' id='word_1_877' title='bbox 751 5511 997 5576; x_wconf 70' lang='lat' dir='ltr'><strong>utuntur,</strong></span> <span class='ocrx_word' id='word_1_878' title='bbox 1038 5529 1147 5581; x_wconf 92' lang='lat' dir='ltr'><strong>quo</strong></span> <span class='ocrx_word' id='word_1_879' title='bbox 1176 5529 1271 5568; x_wconf 92' lang='lat' dir='ltr'><strong>eos</strong></span> <span class='ocrx_word' id='word_1_880' title='bbox 1300 5511 1355 5567; x_wconf 93' lang='lat' dir='ltr'><strong>in</strong></span> <span class='ocrx_word' id='word_1_881' title='bbox 1382 5511 1599 5584; x_wconf 85' lang='lat' dir='ltr'><strong>pietatis</strong></span> <span class='ocrx_word' id='word_1_882' title='bbox 1629 5511 1717 5567; x_wconf 72' lang='lat' dir='ltr'><strong>or.</strong></span> 
     </span>
    </p>
   </div>
   <div class='ocr_carea' id='block_1_108' title="bbox 134 5584 1719 5653">
    <p class='ocr_par' dir='ltr' id='par_1_108' title="bbox 134 5584 1719 5653">
     <span class='ocr_line' id='line_1_108' title="bbox 134 5584 1719 5653; baseline 0.001 -16"><span class='ocrx_word' id='word_1_883' title='bbox 134 5584 279 5638; x_wconf 87' lang='lat' dir='ltr'><strong>ﬁciis</strong></span> <span class='ocrx_word' id='word_1_884' title='bbox 328 5586 639 5649; x_wconf 85' lang='lat' dir='ltr'><strong>instruant;</strong></span> <span class='ocrx_word' id='word_1_885' title='bbox 689 5598 797 5636; x_wconf 91' lang='lat' dir='ltr'><strong>non</strong></span> <span class='ocrx_word' id='word_1_886' title='bbox 845 5584 1205 5653; x_wconf 88' lang='lat' dir='ltr'><strong>inquinentur</strong></span> <span class='ocrx_word' id='word_1_887' title='bbox 1252 5600 1375 5639; x_wconf 90' lang='lat' dir='ltr'><strong>cum</strong></span> <span class='ocrx_word' id='word_1_888' title='bbox 1433 5585 1566 5649; x_wconf 89' lang='lat' dir='ltr'><strong>illis,</strong></span> <span class='ocrx_word' id='word_1_889' title='bbox 1615 5600 1719 5639; x_wconf 83' lang='lat' dir='ltr'><strong>nec</strong></span> 
     </span>
    </p>
   </div>
   <div class='ocr_carea' id='block_1_109' title="bbox 133 5654 1718 5726">
    <p class='ocr_par' dir='ltr' id='par_1_109' title="bbox 133 5654 1718 5726">
     <span class='ocr_line' id='line_1_109' title="bbox 133 5654 1718 5726; baseline 0.001 -19"><span class='ocrx_word' id='word_1_890' title='bbox 133 5661 366 5723; x_wconf 88' lang='lat' dir='ltr'><strong>peccato</strong></span> <span class='ocrx_word' id='word_1_891' title='bbox 412 5669 604 5708; x_wconf 90' lang='lat' dir='ltr'><strong>eorum</strong></span> <span class='ocrx_word' id='word_1_892' title='bbox 638 5654 988 5723; x_wconf 90' lang='lat' dir='ltr'><strong>participent.</strong></span> <span class='ocrx_word' id='word_1_893' title='bbox 1026 5655 1203 5724; x_wconf 87' lang='lat' dir='ltr'><strong>Atque</strong></span> <span class='ocrx_word' id='word_1_894' title='bbox 1237 5670 1299 5708; x_wconf 90' lang='lat' dir='ltr'><strong>ea</strong></span> <span class='ocrx_word' id='word_1_895' title='bbox 1340 5655 1718 5726; x_wconf 85' lang='lat' dir='ltr'><strong>interpretatio</strong></span> 
     </span>
    </p>
   </div>
   <div class='ocr_carea' id='block_1_110' title="bbox 134 5725 1718 5796">
    <p class='ocr_par' dir='ltr' id='par_1_110' title="bbox 134 5725 1718 5796">
     <span class='ocr_line' id='line_1_110' title="bbox 134 5725 1718 5796; baseline 0.001 -19"><span class='ocrx_word' id='word_1_896' title='bbox 134 5739 283 5778; x_wconf 89' lang='lat' dir='ltr'><strong>nunc</strong></span> <span class='ocrx_word' id='word_1_897' title='bbox 316 5726 493 5796; x_wconf 81' lang='lat' dir='ltr'><strong>magis</strong></span> <span class='ocrx_word' id='word_1_898' title='bbox 517 5727 712 5796; x_wconf 80' lang='lat' dir='ltr'><strong>placet,</strong></span> <span class='ocrx_word' id='word_1_899' title='bbox 746 5725 817 5796; x_wconf 86' lang='lat' dir='ltr'><strong>ob</strong></span> <span class='ocrx_word' id='word_1_900' title='bbox 855 5739 919 5777; x_wconf 87' lang='lat' dir='ltr'><strong>ea</strong></span> <span class='ocrx_word' id='word_1_901' title='bbox 949 5740 1070 5795; x_wconf 81' lang='lat' dir='ltr'><strong>quae</strong></span> <span class='ocrx_word' id='word_1_902' title='bbox 1099 5726 1262 5796; x_wconf 84' lang='lat' dir='ltr'><strong>paulo</strong></span> <span class='ocrx_word' id='word_1_903' title='bbox 1285 5734 1411 5780; x_wconf 86' lang='lat' dir='ltr'><strong>ante</strong></span> <span class='ocrx_word' id='word_1_904' title='bbox 1439 5733 1718 5796; x_wconf 91' lang='lat' dir='ltr'><strong>ponuntur</strong></span> 
     </span>
    </p>
   </div>
   <div class='ocr_carea' id='block_1_111' title="bbox 131 5794 1716 5868">
    <p class='ocr_par' dir='ltr' id='par_1_111' title="bbox 131 5794 1716 5868">
     <span class='ocr_line' id='line_1_111' title="bbox 131 5794 1716 5868; baseline -0.002 -16"><span class='ocrx_word' id='word_1_905' title='bbox 131 5795 213 5852; x_wconf 84' lang='lat' dir='ltr'><strong>sic</strong></span> <span class='ocrx_word' id='word_1_906' title='bbox 238 5813 253 5849; x_wconf 86' lang='lat'><strong>:</strong></span> <span class='ocrx_word' id='word_1_907' title='bbox 287 5796 380 5849; x_wconf 86' lang='grc' dir='ltr'>Δεῖ</span> <span class='ocrx_word' id='word_1_908' title='bbox 403 5795 461 5849; x_wconf 78' lang='grc' dir='ltr'><strong>δὲ</strong></span> <span class='ocrx_word' id='word_1_909' title='bbox 488 5796 637 5867; x_wconf 79' lang='grc' dir='ltr'>ἡμᾶς</span> <span class='ocrx_word' id='word_1_910' title='bbox 663 5794 874 5865; x_wconf 81' lang='grc' dir='ltr'>βοηθεῖν</span> <span class='ocrx_word' id='word_1_911' title='bbox 894 5794 1005 5860; x_wconf 85' lang='grc' dir='ltr'>τοῖς</span> <span class='ocrx_word' id='word_1_912' title='bbox 1027 5795 1265 5861; x_wconf 88' lang='grc' dir='ltr'>συνοῦσι,</span> <span class='ocrx_word' id='word_1_913' title='bbox 1296 5806 1408 5862; x_wconf 88' lang='lat' dir='ltr'><strong>aut,</strong></span> <span class='ocrx_word' id='word_1_914' title='bbox 1438 5794 1497 5853; x_wconf 79' lang='lat' dir='ltr'><strong>ut</strong></span> <span class='ocrx_word' id='word_1_915' title='bbox 1531 5798 1716 5868; x_wconf 80' lang='lat' dir='ltr'><strong>legunt</strong></span> 
     </span>
    </p>
   </div>
   <div class='ocr_carea' id='block_1_112' title="bbox 1833 5165 3420 5241">
    <p class='ocr_par' dir='ltr' id='par_1_112' title="bbox 1833 5165 3420 5241">
     <span class='ocr_line' id='line_1_112' title="bbox 1833 5165 3420 5241; baseline 0.002 -22"><span class='ocrx_word' id='word_1_916' title='bbox 1833 5185 1964 5241; x_wconf 86' lang='grc' dir='ltr'>νοις,</span> <span class='ocrx_word' id='word_1_917' title='bbox 1987 5165 2091 5241; x_wconf 66' lang='grc' dir='ltr'>’καὶ</span> <span class='ocrx_word' id='word_1_918' title='bbox 2109 5170 2230 5241; x_wconf 73' lang='grc' dir='ltr'>ὅσον</span> <span class='ocrx_word' id='word_1_919' title='bbox 2259 5165 2369 5225; x_wconf 75' lang='grc' dir='ltr'>οἷόν</span> <span class='ocrx_word' id='word_1_920' title='bbox 2396 5189 2455 5223; x_wconf 86' lang='grc' dir='ltr'><strong>τε</strong></span> <span class='ocrx_word' id='word_1_921' title='bbox 2486 5174 2552 5241; x_wconf 86' lang='grc' dir='ltr'>τῇ</span> <span class='ocrx_word' id='word_1_922' title='bbox 2584 5170 2902 5240; x_wconf 88' lang='grc' dir='ltr'>παραινέσει</span> <span class='ocrx_word' id='word_1_923' title='bbox 2948 5169 3044 5222; x_wconf 87' lang='grc' dir='ltr'><strong>τοῦ</strong></span> <span class='ocrx_word' id='word_1_924' title='bbox 3073 5165 3231 5237; x_wconf 86' lang='grc' dir='ltr'>λόγου</span> <span class='ocrx_word' id='word_1_925' title='bbox 3265 5165 3420 5236; x_wconf 73' lang='grc' dir='ltr'>ὑγιά-</span> 
     </span>
    </p>
   </div>
   <div class='ocr_carea' id='block_1_113' title="bbox 1834 5237 2358 5303">
    <p class='ocr_par' dir='ltr' id='par_1_113' title="bbox 1834 5237 2358 5303">
     <span class='ocr_line' id='line_1_113' title="bbox 1834 5237 2358 5303; baseline 0.011 -14"><span class='ocrx_word' id='word_1_926' title='bbox 1834 5237 1945 5302; x_wconf 83' lang='grc' dir='ltr'>ζειν</span> <span class='ocrx_word' id='word_1_927' title='bbox 1974 5240 2189 5303; x_wconf 88' lang='grc' dir='ltr'>αύτούς.</span> <span class='ocrx_word' id='word_1_928' title='bbox 2222 5241 2358 5295; x_wconf 79' lang='lat' dir='ltr'><strong>Cor.</strong></span> 
     </span>
    </p>
   </div>
   <div class='ocr_carea' id='block_1_114' title="bbox 1902 5307 3083 5447">
    <p class='ocr_par' dir='ltr' id='par_1_114' title="bbox 1902 5307 3083 5447">
     <span class='ocr_line' id='line_1_114' title="bbox 1902 5307 3083 5447; baseline 0.003 -87"><span class='ocrx_word' id='word_1_929' title='bbox 1902 5307 2016 5447; x_wconf 53' lang='grc'>(69)</span> <span class='ocrx_word' id='word_1_930' title='bbox 2054 5311 2203 5376; x_wconf 84' lang='grc' dir='ltr'>Ταῖς.</span> <span class='ocrx_word' id='word_1_931' title='bbox 2236 5312 2401 5365; x_wconf 91' lang='lat' dir='ltr'><strong>Addit</strong></span> <span class='ocrx_word' id='word_1_932' title='bbox 2430 5319 2660 5380; x_wconf 87' lang='lat' dir='ltr'><strong>uterque</strong></span> <span class='ocrx_word' id='word_1_933' title='bbox 2690 5311 2888 5365; x_wconf 82' lang='grc' dir='ltr'>αὐτῶν.</span> <span class='ocrx_word' id='word_1_934' title='bbox 2917 5310 3083 5365; x_wconf 75' lang='grc' dir='ltr'>(ἶιειι.</span> 
     </span>
     <span class='ocr_line' id='line_1_115' title="bbox 1926 5379 2945 5447; baseline 0.002 -16"><span class='ocrx_word' id='word_1_935' title='bbox 1926 5379 1993 5433; x_wconf 86' lang='grc'><strong>70</strong></span> <span class='ocrx_word' id='word_1_936' title='bbox 2054 5382 2347 5447; x_wconf 65' lang='grc' dir='ltr'>Ὀμφακα.</span> <span class='ocrx_word' id='word_1_937' title='bbox 2380 5382 2531 5436; x_wconf 85' lang='lat' dir='ltr'><strong>Alter</strong></span> <span class='ocrx_word' id='word_1_938' title='bbox 2557 5382 2833 5447; x_wconf 79' lang='grc' dir='ltr'>όμφακας.</span> <span class='ocrx_word' id='word_1_939' title='bbox 2867 5382 2945 5440; x_wconf 80' lang='lat' dir='ltr'><strong>In.</strong></span> 
     </span>
    </p>
   </div>
   <div class='ocr_carea' id='block_1_115' title="bbox 1926 5379 2945 5452">
    <p class='ocr_par' dir='ltr' id='par_1_115' title="bbox 1926 5379 2945 5452">
     <span class='ocr_line' id='line_1_116' title="bbox 1926 5379 2945 5452; baseline 0.002 -21"><span class='ocrx_word' id='word_1_940' title='bbox 2054 5382 2347 5450; x_wconf 65' lang='grc' dir='ltr'>Ὀμφακα.</span> <span class='ocrx_word' id='word_1_941' title='bbox 2380 5382 2531 5436; x_wconf 85' lang='lat' dir='ltr'><strong>Alter</strong></span> <span class='ocrx_word' id='word_1_942' title='bbox 2557 5379 2833 5452; x_wconf 69' lang='grc' dir='ltr'>ὄμφακας.</span> <span class='ocrx_word' id='word_1_943' title='bbox 2867 5382 2945 5440; x_wconf 80' lang='lat' dir='ltr'><strong>In.</strong></span> 
     </span>
    </p>
   </div>
   <div class='ocr_carea' id='block_1_116' title="bbox 1902 5446 3317 5521">
    <p class='ocr_par' dir='ltr' id='par_1_116' title="bbox 1902 5446 3317 5521">
     <span class='ocr_line' id='line_1_117' title="bbox 1902 5446 3317 5521; baseline 0 -20"><span class='ocrx_word' id='word_1_944' title='bbox 1902 5446 2016 5521; x_wconf 83' lang='grc'>(71)</span> <span class='ocrx_word' id='word_1_945' title='bbox 2055 5446 2195 5504; x_wconf 52' lang='lat' dir='ltr'><strong>&quot;Eri.</strong></span> <span class='ocrx_word' id='word_1_946' title='bbox 2230 5453 2400 5506; x_wconf 85' lang='lat' dir='ltr'><strong>Abest</strong></span> <span class='ocrx_word' id='word_1_947' title='bbox 2437 5453 2549 5505; x_wconf 70' lang='lat' dir='ltr'><strong>lucc</strong></span> <span class='ocrx_word' id='word_1_948' title='bbox 2576 5446 2843 5521; x_wconf 78' lang='lat' dir='ltr'><strong>particula</strong></span> <span class='ocrx_word' id='word_1_949' title='bbox 2876 5452 2943 5504; x_wconf 88' lang='lat' dir='ltr'><strong>ab</strong></span> <span class='ocrx_word' id='word_1_950' title='bbox 2974 5456 3227 5521; x_wconf 77' lang='lat' dir='ltr'><strong>utroque.</strong></span> <span class='ocrx_word' id='word_1_951' title='bbox 3263 5446 3317 5501; x_wconf 84' lang='lat' dir='ltr'><strong>In</strong></span> 
     </span>
    </p>
   </div>
   <div class='ocr_carea' id='block_1_117' title="bbox 1922 5518 3206 5593">
    <p class='ocr_par' dir='ltr' id='par_1_117' title="bbox 1922 5518 3206 5593">
     <span class='ocr_line' id='line_1_118' title="bbox 1922 5518 3206 5593; baseline -0.002 -20"><span class='ocrx_word' id='word_1_952' title='bbox 1922 5518 2012 5593; x_wconf 67' lang='grc'>72)</span> <span class='ocrx_word' id='word_1_953' title='bbox 2044 5521 2241 5593; x_wconf 60' lang='lat' dir='ltr'><strong>Auni.</strong></span> <span class='ocrx_word' id='word_1_954' title='bbox 2266 5522 2411 5593; x_wconf 79' lang='grc' dir='ltr'>Αὐτὴ</span> <span class='ocrx_word' id='word_1_955' title='bbox 2442 5522 2534 5575; x_wconf 87' lang='grc' dir='ltr'><strong>καί</strong></span> <span class='ocrx_word' id='word_1_956' title='bbox 2567 5518 2729 5576; x_wconf 79' lang='lat' dir='ltr'><strong>liabet</strong></span> <span class='ocrx_word' id='word_1_957' title='bbox 2750 5523 2886 5593; x_wconf 78' lang='lat' dir='ltr'><strong>alter</strong></span> <span class='ocrx_word' id='word_1_958' title='bbox 2911 5520 3102 5573; x_wconf 79' lang='lat' dir='ltr'><strong>codex.</strong></span> <span class='ocrx_word' id='word_1_959' title='bbox 3132 5518 3206 5571; x_wconf 84' lang='lat' dir='ltr'><strong>lo.</strong></span> 
     </span>
    </p>
   </div>
   <div class='ocr_carea' id='block_1_118' title="bbox 1921 5591 2840 5647">
    <p class='ocr_par' dir='ltr' id='par_1_118' title="bbox 1921 5591 2840 5647">
     <span class='ocr_line' id='line_1_119' title="bbox 1921 5591 2840 5647; baseline 0.005 -6"><span class='ocrx_word' id='word_1_960' title='bbox 1921 5591 2009 5647; x_wconf 78' lang='grc'>75)</span> <span class='ocrx_word' id='word_1_961' title='bbox 2040 5592 2179 5645; x_wconf 83' lang='grc' dir='ltr'>Ὅτι.</span> <span class='ocrx_word' id='word_1_962' title='bbox 2212 5591 2498 5647; x_wconf 86' lang='lat' dir='ltr'><strong>Omittitur</strong></span> <span class='ocrx_word' id='word_1_963' title='bbox 2523 5593 2575 5645; x_wconf 88' lang='lat' dir='ltr'><strong>in</strong></span> <span class='ocrx_word' id='word_1_964' title='bbox 2610 5609 2737 5646; x_wconf 86' lang='lat' dir='ltr'><strong>uno.</strong></span> <span class='ocrx_word' id='word_1_965' title='bbox 2765 5592 2840 5646; x_wconf 83' lang='lat' dir='ltr'><strong>In.</strong></span> 
     </span>
    </p>
   </div>
   <div class='ocr_carea' id='block_1_119' title="bbox 1897 5660 3405 5730">
    <p class='ocr_par' dir='ltr' id='par_1_119' title="bbox 1897 5660 3405 5730">
     <span class='ocr_line' id='line_1_120' title="bbox 1897 5660 3405 5730; baseline 0.003 -18"><span class='ocrx_word' id='word_1_966' title='bbox 1897 5660 2009 5730; x_wconf 71' lang='grc'>(74)</span> <span class='ocrx_word' id='word_1_967' title='bbox 2054 5660 2271 5717; x_wconf 78' lang='grc' dir='ltr'>Πᾶσαι.</span> <span class='ocrx_word' id='word_1_968' title='bbox 2325 5662 2450 5717; x_wconf 64' lang='lat' dir='ltr'><strong>llaec</strong></span> <span class='ocrx_word' id='word_1_969' title='bbox 2480 5679 2606 5723; x_wconf 80' lang='lat' dir='ltr'><strong>vox,</strong></span> <span class='ocrx_word' id='word_1_970' title='bbox 2658 5678 2782 5718; x_wconf 93' lang='lat' dir='ltr'><strong>cum</strong></span> <span class='ocrx_word' id='word_1_971' title='bbox 2824 5662 3002 5717; x_wconf 89' lang='lat' dir='ltr'><strong>tribus</strong></span> <span class='ocrx_word' id='word_1_972' title='bbox 3049 5660 3405 5730; x_wconf 81' lang='lat' dir='ltr'><strong>sequentibus</strong></span> 
     </span>
    </p>
   </div>
   <div class='ocr_carea' id='block_1_120' title="bbox 1824 5730 2627 5805">
    <p class='ocr_par' dir='ltr' id='par_1_120' title="bbox 1824 5730 2627 5805">
     <span class='ocr_line' id='line_1_121' title="bbox 1824 5730 2627 5805; baseline 0.005 -23"><span class='ocrx_word' id='word_1_973' title='bbox 1824 5732 2099 5787; x_wconf 84' lang='lat' dir='ltr'><strong>omittitur</strong></span> <span class='ocrx_word' id='word_1_974' title='bbox 2177 5734 2232 5788; x_wconf 91' lang='lat' dir='ltr'><strong>in</strong></span> <span class='ocrx_word' id='word_1_975' title='bbox 2267 5741 2515 5805; x_wconf 89' lang='lat' dir='ltr'><strong>utroque.</strong></span> <span class='ocrx_word' id='word_1_976' title='bbox 2552 5730 2627 5786; x_wconf 82' lang='lat' dir='ltr'><strong>In.</strong></span> 
     </span>
    </p>
   </div>
  </div>
