3884 6180
482 316 588 372 6‘23

1334 320 1390 375 S.
1426 318 1826 376 CLEMENTIS
1857 322 1876 377 1
1913 322 2076 379 ROM.
2115 324 2314 380 PONT.
2352 323 2580 380 OPERA
2612 324 2839 381 DUBlA.

3628 326 3729 382 ῦεᾶ

484 440 591 485 tem
619 448 634 496 ;
664 444 857 485 omnes
879 429 1109 499 justitiaz
1131 429 1251 499 ejus
1269 471 1283 497 ,
1311 434 1613 487 secundum
1638 449 1829 489 omnes
1854 436 2047 507 iniqui-

2162 440 2439 511 ἐποίησεν,
2470 440 2530 493 οὺ
2573 441 2646 511 μὴ
2682 438 3009 511 μνησθῶσιν,
3054 439 3113 492 ἐν
3263 439 3446 511 ἀδικίᾳ
3472 440 3731 518 αὺτοῦ,ᾕ

483 529 623 576 tates
656 535 793 591 quas
824 520 951 575 fecit
971 562 987 586 ,
1018 537 1127 576 non
1159 526 1645 593 memorabuntur;
1683 528 1737 580 in
1770 527 2057 597 iniquitate

482 628 585 669 sua
616 628 724 683 qua
754 614 939 683 inique
960 616 1100 684 egit,
1130 622 1183 669 et
1212 615 1267 669 in
1298 626 1524 685 peccato
1554 633 1657 671 suo
1684 619 1831 689 quod
1863 636 2056 689 pecca-

482 705 594 767 vit,
629 705 683 758 in
715 704 851 774 ipsis
881 706 1169 763 morietur.
1205 725 1223 759 i
1256 706 1321 761 Et
1351 717 1475 778 post
1506 724 1680 779 pauca
1714 714 1879 765 verba
1900 753 1917 781 ,
1959 716 2055 767 ad-

477 796 599 866 jicit
626 815 640 851 :
669 814 688 848 ι
715 797 850 850 Cum
890 799 1150 853 averterit
1175 814 1233 854 se
1258 800 1478 869 iniquus
1503 802 1571 855 ab
1597 802 1885 872 iniquitate
1915 820 2013 859 sua
2038 844 2053 869 ,

479 902 645 956 quam
675 887 835 953 fecit;
863 898 918 943 et
962 888 1153 945 fecerit
1198 891 1471 961 judicium
1511 902 1565 948 et
1604 894 1918 964 justitiam;
1966 899 2055 953 hic

482 978 719 1031 animam
754 994 908 1033 suam
941 982 1212 1048 servavit,
1244 993 1299 1038 et
1339 985 1539 1039 avertit
1579 1000 1637 1040 se
1683 987 1752 1041 ab
1791 989 2048 1046 omnibus

479 1069 854 1137 impietatibus
885 1072 1001 1127 suis
1024 1112 1039 1136 ,
1075 1088 1214 1143 quas
1253 1073 1425 1142 fecit;
1474 1078 1582 1129 vita
1618 1078 1799 1146 vivet,
1829 1088 1885 1135 et
1938 1095 2051 1137 non

481 1160 767 1217 morietur.
804 1182 822 1213 ο
861 1162 924 1216 Et
955 1163 1095 1217 infra
1130 1184 1143 1219 :
1182 1184 1200 1215 ι
1244 1164 1701 1239 Unumquemque
1735 1170 1893 1241 juxta
1934 1173 2051 1227 vias

483 1258 693 1307 vestras
736 1252 997 1322 judicaho
1020 1270 1139 1321 vos,
1178 1255 1377 1313 domus
1417 1258 1619 1326 Israel,
1665 1261 1799 1317 dicit
1840 1262 2053 1319 Adonai

481 1340 745 1399 Dominus
778 1345 841 1400 ".
875 1364 893 1397 ι

1060 1499 1293 1557 CAPUT
1331 1503 1453 1559 XV.

516 1629 669 1696 Quod
703 1637 949 1688 sacerdos
984 1651 1075 1689 nec
1110 1648 1326 1706 peccata
1361 1640 1620 1709 negligere
1655 1640 1879 1708 debeat,
1923 1658 2014 1696 nec

828 1717 1097 1774 promptus
1134 1725 1246 1762 esse
1286 1708 1355 1762 ad
1393 1708 1697 1766 vindictam.

550 1813 738 1871 Videte
759 1856 774 1881 ,
810 1816 905 1871 filii
934 1819 1109 1873 nostri
1136 1820 1453 1877 eharissimi
1474 1865 1489 1890 ,
1518 1840 1627 1894 quo
1669 1833 1831 1895 pacto
1861 1824 2047 1881 Domi-
2080 1829 2123 1885 B

478 1920 583 1961 nus
612 1905 754 1963 Deus
784 1917 992 1974 noster,
1024 1927 1146 1965 cum
1175 1912 1393 1981 justitia
1424 1914 1739 1971 misericors
1779 1926 1863 1971 est
1884 1957 1898 1982 ,
1948 1918 2051 1973 ho-

478 2012 585 2053 nns
608 2005 663 2053 et
691 1998 971 2055 hominum
1002 2017 1229 2071 amans;
1266 2023 1284 2055 ι
1316 2016 1369 2059 et
1398 2007 1689 2063 absolvens
1718 2024 1827 2063 non
1869 2010 2053 2067 absol-

477 2102 569 2147 vet
594 2107 750 2148 reum
780 2094 821 2124 ¹¹
848 2111 862 2160 ;
897 2113 915 2146 ι
945 2110 1272 2151 conversum
1301 2097 1595 2155 admittens
1638 2107 1694 2155 et
1734 2102 2048 2169 vivificans,

478 2198 589 2239 non
623 2185 940 2255 relinquens
977 2188 1308 2258 suspicionis
1348 2190 1529 2245 locum
1573 2192 1642 2247 iis
1687 2194 1781 2264 qui
1826 2196 2052 2264 cupiunt

481 2274 838 2332 inclementer
862 2278 1146 2348 judicare,
1178 2288 1232 2334 et
1265 2289 1582 2350 peccatores
1625 2285 1853 2340 omnino
1897 2302 2053 2340 aver-

478 2367 586 2419 sari
612 2405 627 2431 ,
659 2383 761 2422 nec
790 2384 915 2422 cum
944 2368 1025 2425 eis
1050 2374 1463 2429 communicare
1494 2374 1577 2428 vel
1607 2375 1663 2430 in
1698 2378 2049 2433 sermonibus

480 2457 767 2515 lmrtativis
798 2469 855 2515 et
885 2462 1271 2518 consolatoriis
1294 2505 1307 2527 ,
1340 2465 1540 2535 quibus
1578 2476 1805 2536 possent
1848 2469 2048 2525 adduci

478 2548 544 2602 ad
578 2551 990 2620 pmnitentiam:
1029 2561 1223 2609 contra
1257 2571 1400 2626 quos
1433 2555 1576 2613 Deus
1605 2574 1702 2629 per
1740 2560 1938 2615 Isaiam
1972 2563 2049 2617 ait

475 2641 751 2713 episcopis
798 2662 811 2697 :
851 2660 869 2694 ι
903 2643 1281 2701 Consolamini
1308 2690 1325 2716 ,
1364 2650 1726 2705 consolaminl
1785 2655 2048 2723 populum

478 2747 658 2787 meum
684 2735 1017 2800 sacerdotes,
1034 2737 1317 2807 loquimini
1341 2741 1407 2795 ad
1420 2756 1516 2795 cor
1533 2741 1922 2815 Hierosolyma:
1944 2745 2008 2800 ¹¹.
2024 2765 2042 2797 ι

478 2820 589 2879 Vos
613 2824 779 2894 igitur
806 2836 1058 2896 oportet,
1086 2830 1404 2900 pr0phetam
1431 2832 1739 2899 audientes,
1771 2837 2047 2891 consolari

473 2924 530 2968 ct
594 2916 874 2972 adhortari
914 2929 1261 2989 peccatores,
1313 2922 1380 2977 ad
1424 2925 1809 2995 pmnitentiam
1854 2928 2049 2998 impel—

477 3004 625 3072 lere,
658 3019 711 3063 et
751 3007 820 3063 ad
858 3011 1120 3080 optimam
1164 3028 1315 3083 spem
1360 3015 1671 3084 adducere;
1713 3033 1823 3071 non
1864 3028 2047 3073 autem

480 3097 752 3167 suspicari
804 3101 952 3171 quod
995 3118 1091 3172 per
1132 3105 1453 3161 charitatem
1494 3122 1623 3178 erga
1661 3123 1757 3165 eos
1806 3110 2049 3179 peccatis

474 3206 663 3245 eorum
689 3169 1104 3265 participabitis.
1130 3196 1388 3253 Libenter
1413 3214 1542 3270 ergo
1558 3169 1901 3271 poenitentes
1923 3217 2050 3257 sus-
2076 3169 2118 3227 Ο

474 3282 670 3353 cipite;
693 3284 762 3339 de
791 3301 981 3341 eorum
1021 3291 1381 3346 conversione
1406 3291 1513 3346 laeti
1537 3310 1551 3358 ;
1580 3302 1898 3363 peccatores
1921 3310 2047 3349 cum

475 3377 854 3433 misericordia
901 3388 955 3435 et
995 3382 1443 3438 miserationibus
1483 3384 1749 3453 judicate.
1801 3384 1860 3439 Si
1902 3387 2049 3440 enim

476 3470 848 3527 ambulantem
874 3472 1031 3543 juxta
1061 3473 1260 3529 flumen
1290 3484 1344 3531 et
1381 3476 1748 3533 labescentem
1768 3518 1781 3542 ,
1817 3476 2049 3533 furcillis

478 3562 752 3631 propellas
776 3578 841 3617 ac
872 3562 924 3617 in
952 3578 1167 3620 amnem
1196 3566 1445 3636 dejicias,
1471 3584 1594 3622 cum
1622 3569 1805 3639 potius
1826 3585 2048 3623 manum

481 3654 761 3724 Wrrigere
815 3654 1147 3725 debuisses;
1210 3657 1433 3713 fratrem
1492 3668 1645 3713 tuum
1702 3661 2047 3716 interemisti.

480 3740 716 3799 Prmstat
746 3746 928 3816 itaque
954 3747 1157 3803 labanti
1227 3749 1506 3805 dexteram
1548 3751 1762 3806 tradere
1781 3793 1796 3818 ,
1824 3767 1893 3806 ne
1924 3754 2051 3806 lun-

479 3836 630 3891 ditus
661 3838 925 3905 intereat;
955 3847 1012 3893 ut
1034 3847 1088 3894 et
1112 3842 1346 3911 populus
1376 3842 1753 3907 admoneatur,
1779 3850 1833 3897 et
1856 3858 2051 3913 pecca-

478 3937 563 3983 tor
585 3945 696 3985 non
720 3931 942 3986 omnino
968 3941 1171 4002 pereat.
1201 3932 1427 4003 Oportet
1450 3941 1633 3988 autem
1659 3942 1732 3999 te,
1770 3934 2047 4004 episcope,

478 4039 652 4093 neque
685 4032 911 4095 peccata
941 4025 1128 4094 populi
1162 4025 1436 4095 negligere
1458 4065 1472 4089 ,
1504 4041 1683 4095 neque
1716 4026 2047 4095 poenitentes

477 4115 757 4181 fastidire;
790 4131 858 4172 ne
886 4124 1144 4188 tanquam
1178 4117 1483 4187 imperitus,
1516 4117 1733 4172 Domini
1764 4119 1905 4173 ovile
1934 4117 2049 4173 dis-

478 4208 710 4277 perdas,
763 4224 1071 4281 nomenque
1113 4209 1319 4264 Christi
1380 4225 1612 4275 novum,
1654 4210 1801 4281 quod
1844 4210 2046 4281 popqu

2160 532 2438 603 ἠδίκησεν,
2471 534 2565 587 καὶ
2605 535 2663 586 ἐν
2691 535 2756 605 τῇ
2804 534 3044 604 ἁμαρτίᾳ
3071 531 3261 593 αὑτοῦ,
3369 533 3640 604 ἥμαρτεν,
3680 537 3732 588 ἐν

2162 626 2301 695 αὐτῇ
2345 624 2717 678 ἀποθανεῖται.
2759 644 2778 676 ι
2826 625 2936 677 Καὶ
2979 626 3094 695 μετ’
3125 622 3279 692 ὀλίγα
3319 624 3533 692 ἐπάγει·
3587 645 3605 677 ι
3654 626 3734 681 Ἑν

2162 714 2241 786 τῷ
2285 716 2625 788 ἀποστρέψαι
2665 718 2863 787 ἄνομον
2906 717 3014 770 ἀπὸ
3061 719 3161 787 τῆς
3203 716 3432 787 ἀνομίας
3476 716 3648 770 αὐτοῦ
3676 714 3737 788 ἧς

2162 808 2408 879 ἐποίησε,
2455 811 2550 863 καὶ
2584 811 2799 880 ποιήσει
2838 813 3009 881 κρῖμα
3051 810 3147 864 καὶ
3174 809 3543 880 δικαιοσύνην,
3590 804 3739 875 οὗτος

2158 900 2257 972 τὴν
2290 900 2467 973 ψυχὴν
2497 901 2661 955 αὑτοῦ
2689 901 2943 972 ἐφύλαξε,
2990 902 3083 956 καὶ
3112 901 3454 972 ἀπέστρεψεν
3496 902 3610 954 ἀπὸ
3642 919 3742 954 πα-

2158 993 2266 1045 σῶν
2308 993 2416 1047 τῶν
2446 994 2708 1047 ἀσεόειῶν
2748 993 2914 1047 αὐτοῦ
2942 987 3017 1047 ὧν
3044 994 3289 1063 ἐποίησε,
3322 994 3434 1064 ζωῇ
3480 993 3740 1064 ζήσεται,

2158 1086 2254 1138 κα)⁵
2280 1086 2379 1139 οὐκ
2420 1085 2787 1139 ἀποθανεῖται.
2820 1106 2838 1138 ι
2886 1086 2995 1140 Καὶ
3024 1083 3171 1155 ἐξῆς·
3243 1104 3262 1135 t
3300 1084 3577 1137 Ἕκαστον
3607 1087 3743 1138 κατὰ

2157 1178 2257 1242 τὰς
2286 1179 2440 1243 ὁδοὺς
2469 1178 2622 1250 ὑμῶν
2651 1178 2823 1251 κρινῶ
2855 1179 3020 1250 ὑμᾶς,
3049 1172 3197 1241 οἶκος
3238 1176 3452 1249 Ἰσραὴλ
3486 1176 3627 1246 (75),
3657 1177 3740 1228 λέ-

2156 1288 2243 1339 γει
2274 1271 2498 1325 ’Δδωναῒ
2515 1271 2736 1343 Κύριος.
2763 1289 2780 1323 ι

2661 1492 3055 1546 ΚΕΦΑΛΛΙΟΝ
3094 1494 3192 1547 ίΕ’.

2156 1633 2285 1684 ’Ὀτι
2318 1629 2432 1697 χρὴ
2461 1628 2585 1707 ,τὸν
2614 1628 2771 1707 ἱερέα
2797 1626 3032 1707 μήποτε
3061 1626 3327 1707 πᾳρορέὶν
3370 1628 3444 1682 τὰ
3482 1628 3739 1707 ἁμαρτή-

2186 1696 2366 1771 ματά,
2392 1696 2545 1769 μήτε
2574 1696 2891 1767 πρόχειρον
2918 1699 3071 1751 εἶναι
3102 1699 3173 1751 ὲν
3198 1696 3278 1764 τῷ
3308 1696 3708 1767 τιμωρεῖσθαι.

2233 1816 2448 1886 Ὁρᾶτε,
2486 1814 2653 1867 τέκνα
2698 1813 2855 1884 ἡμῶν
2904 1813 3257 1885 ἠγαπημένα,
3304 1816 3424 1879 πῶς
3470 1814 3744 1884 εὗσπλαγ-

2156 1926 2281 1981 χνος
2313 1908 2449 1978 μετά
2480 1906 2827 1975 δικαιοσύνης
2860 1906 3063 1975 Κύριος
3090 1907 3118 1957 ὁ
3164 1906 3294 1970 Θεὸς
3325 1909 3357 1976 ἡ
3368 1907 3508 1977 μῶν,
3544 1910 3745 1976 ἀγαθὸς

2156 2002 2249 2054 καὶ
2278 1998 2678 2069 φιλάνθρωπος,
2726 2017 2743 2049 ι
2782 1998 2877 2051 καὶ
2906 1997 3097 2051 ἀθωῶν
3126 1999 3225 2052 οὐκ
3254 1998 3502 2051 ἀθωώσει
3531 2001 3628 2053 τὸν
3649 2001 3750 2053 ἕνο-

2154 2109 2248 2163 χον
2286 2091 2418 2163 (76),
2460 2110 2478 2144 ι
2531 2091 2627 2144 καὶ
2664 2089 2755 2144 τὸν
2800 2090 3199 2161 ἐπιστρέφοντα
3240 2090 3613 2161 προσιέμενος
3658 2093 3749 2145 καὶ

2154 2183 2455 2249 ζωοποιῶν,
2492 2182 2569 2253 μὴ
2606 2181 2923 2235 καταλιπὼν
2965 2182 3127 2234 τόπον
3158 2182 3414 2245 ὑπονοίας
3458 2185 3577 2246 τοῖς
3607 2184 3750 2253 ἀπη-

2154 2277 2259 2341 νῶς
2292 2276 2636 2347 βουλομένοις
2678 2274 2907 2345 κρίνειν,
2951 2274 3045 2327 καὶ
3090 2272 3269 2326 τέλεον
3302 2273 3749 2344 ἀποστρέφεσθαι

2152 2370 2279 2433 τοὺς
2306 2368 2739 2440 ἁμαρτάνοντας,
2772 2367 2865 2419 καὶ
2915 2366 2989 2438 μὴ
3032 2368 3305 2419 κοινωνεῖν
3335 2366 3525 2428 αὐτοῖς
3579 2367 3750 2435 λόγων

2152 2460 2580 2534 παρακλητικῶν
2609 2459 2746 2531 πρὸς
2772 2458 3060 2529 μετάνοιαν
3081 2459 3369 2527 ἐναγαγεῖν
3403 2458 3745 2529 δυναμένων·

2151 2549 2233 2618 οἷς
2262 2555 2327 2607 ἐκ
2355 2553 2463 2607 τῶν
2506 2551 2764 2605 ἐναντίων
2806 2553 2834 2603 ὁ
2862 2551 2994 2614 Θεὸς
3021 2549 3108 2604 διὰ
3152 2551 3373 2603 Ἠσαῖου
3419 2550 3573 2618 λέγει
3614 2549 3748 2621 πρὸς

2152 2648 2278 2710 τοὺς
2294 2645 2642 2708 ἐπισκόπους·
2668 2664 2685 2695 t
2710 2643 3105 2715 Παρακαλεῖτε,
3124 2642 3490 2714 παρακαλεῖτε
3506 2643 3603 2695 τὸν
3625 2643 3748 2695 λαόν

2156 2755 2278 2809 μου,
2320 2739 2503 2808 ἱερεῖς,
2533 2736 2803 2808 λαλήσατε
2824 2738 2902 2799 εἰς
2932 2735 3029 2807 τὴν
3058 2735 3286 2805 καρδίαν
3314 2733 3694 2805 Ἰερουσαλήμ.
3725 2754 3742 2784 ι

2152 2832 2272 2903 Χρὴ
2288 2828 2378 2884 οὖν
2396 2831 2539 2901 ὑμᾶς
2556 2828 2721 2882 αὐτοῦ
2737 2827 3052 2891 ἀκούοντας,
3071 2824 3406 2899 παρακαλεῖν
3423 2824 3552 2889 τοὺς
3569 2828 3749 2896 ἡμαρ-

2150 2923 2406 2994 τηκότας,
2429 2923 2522 2975 καὶ
2543 2920 2654 2993 (77)
2674 2920 2810 2994 πρὸς
2832 2920 3117 2991 μετάνοιαν
3139 2918 3455 2989 παρορμᾷν,
3488 2918 3587 2970 καὶ
3606 2919 3664 2969 εὑ
3674 2916 3747 2969 έλ-

2151 3014 2310 3077 πιδας
2366 3017 2560 3078 ποιεῖν,
2605 3014 2700 3067 καὶ
2748 3011 2823 3083 μὴ
2870 3013 3151 3073 ὑπονοεῖν,
3192 3011 3268 3074 ὡς
3310 3011 3609 3073 κοινωνοὺς
3665 3026 3746 3077 γι-

2152 3106 2407 3177 νομένους
2432 3106 2539 3159 τῶν
2572 3103 3071 3176 πλημμεληθέντων
3100 3104 3303 3167 αὐτοῖς,
3337 3103 3524 3169 ἐνεῖχεν
3547 3102 3650 3172 τῆς
3670 3104 3743 3165 εἰς

2152 3198 2349 3260 αὐτοὺς
2395 3196 2635 3267 ἀγάπης.
2710 3196 2987 3268 Ἀσμένως
3044 3194 3101 3248 δὲ
3164 3195 3291 3257 τοὺς
3348 3193 3744 3265 μετανοοῦντας

2152 3288 2537 3361 προσδέχεσθε,
2568 3289 2850 3360 χαίροντες
2892 3289 2979 3341 ἐπ’
3010 3287 3218 3351 αὐτοῖς,
3253 3286 3388 3357 μετά
3418 3286 3609 3350 ἐλέους
3653 3286 3746 3338 καὶ

2151 3381 2450 3454 οἰκτιρμῶν
2497 3382 2775 3453 κρίνοντες
2819 3381 2948 3443 τοὺς
2992 3378 3426 3450 ἁμαρτάνοντας.
3484 3376 3613 3431 Ἐὰν
3639 3376 3746 3447 γὰρ

2151 3473 2242 3527 τὸν
2270 3472 2423 3544 παρὰ
2451 3471 2698 3543 ποταμὸν
2743 3470 3027 3541 βαδίζοντα
3072 3472 3167 3524 καὶ
3210 3469 3471 3541 μέλλοντα
3509 3468 3747 3522 ὀλισθαὶο

2152 3583 2263 3619 νειν
2293 3552 2541 3637 κ”ἕραίαις
2574 3564 2686 3638 (78)
2715 3564 2864 3628 ὦσας
2909 3563 3021 3636 (79)
3055 3565 3134 3627 είς
3162 3563 3252 3615 τὸν
3284 3561 3529 3633 ποταμὸν
3575 3562 3747 3632 ἐμῦἁ-

2157 3655 2256 3729 λῃς
2283 3656 2403 3709 ἀντ)⁸
2430 3655 2523 3709 τοῦ
2553 3659 2709 3727 χεῖρα
2733 3655 2930 3727 μᾶλλον
2962 3654 3170 3727 ὀρέξαι,
3202 3653 3503 3723 ἐφόνευσας
3533 3670 3631 3705 σου
3650 3654 3745 3705 τὸν

2157 3747 2401 3817 ἀδελφόν·
2470 3747 2586 3801 δέον
2654 3747 2852 3818 μᾶλλον
2923 3746 3003 3819 τῷ
3058 3746 3413 3800 ὀλισθαίνοντι
3468 3747 3749 3801 ἐπιδοῦναι

2155 3838 2353 3904 δεξιὰν,
2399 3839 2485 3893 ἵνα
2532 3838 2607 3911 μὴ
2650 3839 2868 3904 τελείως
2898 3838 3201 3909 ἀπόληται,
3248 3839 3395 3902 ὅπως
3425 3838 3520 3892 καὶ
3563 3841 3594 3892 ὁ
3621 3841 3749 3903 11b;

2154 3932 2492 4003 νουθετῆται,
2526 3933 2620 3986 καὶ
2666 3934 2694 3985 ὁ
2739 3932 3065 4005 ἁμαρτήσας
3112 3932 3187 4004 μὴ
3218 3931 3359 3985 κατά
3389 3934 3496 3985 πᾶν
3543 3933 3749 4003 ἀπόληο

2154 4040 2265 4077 ται.
2297 4025 2387 4076 Δεῖ
2412 4023 2469 4077 δέ
2498 4042 2577 4087 σε,
2609 4018 2653 4077 ὦ
2678 4025 2966 4087 ἐπίσκοπε,
3004 4025 3141 4095 μήτε
3188 4025 3438 4097 παρορᾷν
3465 4024 3533 4077 τά
3566 4026 3751 4096 ἀμαρ-

2153 4117 2219 4187 τή
2229 4132 2373 4186 ματα
2401 4115 2495 4168 τοῦ
2528 4115 2681 4181 λαοῦ,
2716 4118 2854 4189 μήτε
2880 4118 3006 4181 τοὺς
3038 4115 3435 4189 μετανοοῦντας
3467 4117 3748 4189 ἀποστρέ-

2153 4206 2369 4277 φεσθαι,
2391 4207 2539 4273 ὅπως
2562 4208 2638 4281 μὴ
2664 4208 3005 4283 διαφθείρῃς,
3035 4208 3111 4273 ὡς
3130 4209 3376 4279 ἄπειρος,
3395 4207 3458 4260 τὸ
3486 4208 3748 4279 ποίμνιον

548 4347 594 4381 ⁸⁸
623 4347 849 4412 Anast.,
896 4349 1029 4405 ibid.
1063 4349 1103 4379 “
1142 4348 1379 4416 Nahum,
1413 4366 1460 4414 ι,
1495 4350 1555 4415 3;
1592 4348 1763 4405 Exod.
1823 4365 2007 4415 xxxiv,
2038 4345 2125 4413 ΓΙ,
2166 4348 2221 4404 in
2247 4347 2406 4406 LXX.
2485 4350 2527 4383 "
2554 4346 2661 4407 lsa.
2686 4362 2775 4413 τι,
2809 4348 2860 4403 l.

1742 4511 2111 4570 VARIORUM
2143 4512 2383 4570 NOTAE.

545 4656 682 4729 (75)_
717 4653 908 4724 Ὺμᾶς,
957 4655 1119 4720 οἶκος
1160 4650 1423 4720 Ἰσραήλ.
1483 4651 1822 4706 Omittuntur
1867 4652 1923 4706 in
1974 4651 2052 4704 al-

2162 4646 2372 4729 ἀθωῶν,
2400 4643 2956 4729 idque-editio'grazca
2982 4643 3462 4729 repraesentatj‘in
3486 4645 3747 4729 testilmo~

601 4768 615 4783 .
725 4739 813 4779 an.

475 4726 789 4889 ίωῖζϐξιιξαῑ
814 4815 1016 4871 ἀθωῶν
1044 4817 1153 4870 οὐκ
1180 4814 1443 4869 ἀθωώσει
1470 4813 1576 4867 τὸν
1601 4814 1840 4889 ἕνοχοις.
1874 4810 2054 4867 Verba

480 4883 767 4969 lle-braica,
794 4904 965 4959 Exod.
993 4919 1181 4967 xxxtv,
1209 4904 1268 4970 '1;
1302 4902 1439 4957 Nab.
1466 4918 1505 4966 ι,
1528 4903 1734 4988 ὄις-φιν
1759 4883 1833 4959 NL)
1853 4911 1982 4980 apri
2001 4910 2052 4955 et

479 4994 794 5051 absolvenda
827 5012 929 5049 non
957 4995 1206 5049 absolvet.
1255 4992 1427 5047 (ἶνα)ρί
1467 4992 1847 5053 reddiderunt,
1880 4993 2047 5060 priori

478 5070 599 5121 loco
631 5082 697 5120 ex
722 5080 905 5127 senSu,
932 5066 1025 5118 καὶ
1052 5066 1112 5118 οὐ
1142 5064 1395 5133 καθαριεῖ
1421 5062 1511 5115 τὸν
1540 5061 1738 5133 ἔνοχον,
1769 5063 1942 5116 altero
1975 5062 2043 5117 ad

477 5137 727 5198 verbum,
777 5136 870 5188 καὶ
897 5135 1088 5188 ἀθωῶν
1120 5136 1218 5187 οὐκ
1247 5131 1511 5201 ἀθωὼσει.
1543 5131 1715 5197 Quam
1761 5140 2050 5201 utramque

480 5208 787 5273 versionem
818 5205 1105 5273 conjunxit
1140 5213 1343 5258 noster.
1398 5200 1525 5255 Scio
1562 5202 1783 5255 Bovium
1814 5209 1866 5273 et
1886 5200 2044 5273 κτὼ·-

480 5279 696 5333 rianum
739 5271 1187 5329 Constitutionum
1242 5274 1565 5341 interpretes
1597 5273 1793 5341 legisse
1832 5271 2047 5341 ἀθῶον,

479 5359 641 5417 atque
672 5346 746 5401 ita
776 5350 1250 5417 impressumesse
1274 5343 1329 5396 in
1351 5339 1589 5417 editione
1611 5339 2043 5417 Graeco-Latina.

480 5411 607 5488 Scin
627 5432 841 5488 quoque
857 5411 989 5470 'eam
1023 5413 1351 5488 scripgiram
1378 5411 1690 5488 conﬁrmari
1716 5411 2051 5488 editionihus

483 5486 619 5541 LXX
636 5481 661 5550 ,’
677 5495 731 5540 et
754 5481 1152 5540 commentario
1176 5482 1232 5536 S.
1258 5481 1595 5552 Hieronymi,
1622 5482 1746 5535 licet
1766 5481 1818 5535 iu
1842 5496 1908 5552 eo
1925 5497 2050 5550 per-

482 5573 664 5625 peram
693 5564 747 5611 et
769 5563 960 5609 contra
978 5560 1217 5625 mentem
1245 5553 1422 5621 magni
1441 5551 1690 5625 Doctoris
1722 5551 2048 5625 excudatur,

480 5621 575 5678 καὶ
616 5625 804 5679 ἀθωῶν
835 5626 936 5678 οὐκ
964 5623 1231 5684 ἀθωώσει,
1261 5629 1425 5691 atque
1453 5621 1521 5675 Et
1545 5629 1938 5691 nocentem_non
1964 5621 2051 5689 fa-

485 5697 624 5747 ciens
655 5696 998 5756 innocentem,
1044 5707 1145 5762 pro
1187 5692 1283 5744 καὶ
1325 5689 1519 5752 ἀθῶον,
1549 5704 1758 5760 proque
1788 5689 1857 5743 Et
1899 5691 2052 5762 inno-

491 5774 705 5817 centem.
757 5763 969 5822 Verum;
999 5760 1061 5816 in
1111 5763 1587 5821 Constitutionibus
1643 5775 1839 5815 sensus
1885 5760 2053 5831 exigit

2161 4719 2252 4771 nio
2276 4725 2454 4770 autem
2475 4713 2717 4769 Nahumi
2743 4714 2935 4767 ἀθωῶν
2965 4722 3188 4767 servant
3224 4713 3465 4783 Cyrillns
3498 4714 3567 4783 (si
3604 4716 3749 4768 bene

2161 4733 2252 4771 mo
2276 4730 2454 4770 autem
2484 4730 2717 4769 Nanumi
2743 4730 2935 4767 αυωων
2965 4730 3188 4767 servant
3224 4730 3266 4767 ι.
3308 4730 3465 4768 riuus
3498 4730 3567 4783 is:
3604 4730 3742 4768 ncne

2160 4786 2394 4856 legatur)
2436 4795 2491 4840 et
2518 4784 2908 4856 Theodoritus,
2941 4730 3355 4856 necnoncogex
3374 4784 3575 4856 Regius
3598 4784 3742 4845 2‘19.

2158 4853 2250 4924 qui
2278 4853 2512 4911 sedecim
2544 4855 2838 4925 prophetas
2869 4868 2976 4925 una
3000 4868 3124 4925 cum
3149 4853 3499 4925 diversorum
3512 4853 3749 4925 Graeco-

2159 4923 2279 4980 rum
2309 4923 2755 4995 interpretatione
2784 4924 3196 4995 complectitur;
3221 4931 3280 4995 ut
3308 4923 3446 4976 nihil
3469 4923 3652 4977 dicam
3672 4927 3750 4981 de

2157 5013 2261 5052 ms.
2284 4992 2672 5055 Alexandrino.
2690 5003 2742 5048 et
2766 4994 2919 5059 aliis;
2951 5008 2981 5046 a
2999 4992 3404 5065 Theophylacto
3427 5008 3558 5049 vero
3589 5003 3751 5049 utra.

2156 5083 2263 5138 que
2286 5067 2457 5138 lectio
2489 5067 2833 5138 proponitur,
2850 5078 2929 5138 _ac
2952 5064 3277 5138 explicatur.
3310 5064 3447 5117 Cor.

2228 5137 2337 5208 (77)
2367 5133 2742 5208 Παρακαλξζν
2768 5133 2912 5208 τοὺς
2931 5134 3349 5208 ᾐμαρτηκότας
3378 5134 3498 5189 καί.
3530 5136 3752 5194 Desunt

2157 5206 2211 5261 in
2238 5203 2413 5260 altero
2441 5206 2631 5259 codice
2662 5203 2895 5257 Vindob.
2929 5204 3096 5257 Οιειι.

2228 5277 2337 5346 (78)
2372 5276 2671 5346 Kspalalq.
2711 5271 2997 5346 Omittitur
3027 5273 3141 5346 __in
3188 5272 3363 5328 altero
3389 5273 3518 5346 cod.
3549 5280 3749 5345 Vind.,

2156 5342 2303 5416 quod
2321 5342 2495 5401 vertit
2524 5344 2852 5406 Cotelerius,
2899 5342 3153 5413 furcillis,
3181 5359 3249 5397 ex
3278 5344 3602 5413 conjectura
3624 5384 3639 5408 ,
3679 5342 3746 5398 ut

2158 5425 2312 5486 puto.
2368 5418 2552 5485 potius
2602 5429 2765 5486 quam
2814 5428 2881 5467 ex
2928 5421 3212 5486 comperto
3264 5429 3367 5468 usu
3421 5416 3605 5486 vocis,
3646 5418 3747 5485 qui

2156 5483 2405 5556 exempli)
2432 5483 2746 5556 probandus
2774 5491 2914 5556 erat,
2949 5484 2996 5538 si
3024 5483 3175 5556 quod
3203 5485 3555 5556 suppetebat.
3574 5483 3667 5556 Δ11).

2227 5552 2349 5627 (79)
2372 5552 2752 5627 ΪΩὶναςί-ᾹΑίιθι·
2782 5554 2946 5627 habet
2992 5552 3290 5627 παντελῶς,
3308 5552 3471 5627 ζῳιοά
3502 5552 3751 5609 infertur

2157 5626 2224 5698 ad
2239 5623 2510 5698 ἐμϐάλῃς.
2543 5623 2672 5679 Vitii
2714 5623 2994 5698 quidpiam
3016 5624 3243 5698 subesse
3271 5623 3512 5689 videtur,
3543 5640 3750 5697 quam-

2156 5696 2240 5752 vis
2270 5692 2538 5753 sententia
2569 5710 2679 5751 non
2709 5692 2780 5751 sit
2808 5692 3064 5750 obscura.
3092 5692 3170 5750 in.
