3884 6180
206 290 322 349 625

1139 286 1739 345 CONSTlTUTlONES
1771 289 2473 347 APOSTOLICJE.—LIB.
2510 293 2577 348 ll.

3359 300 3465 355 69.6
3508 310 3513 315 '

204 404 433 475 Κυρίου,
477 402 571 455 καὶ
610 400 879 474 φαυλίσῃς
908 398 1075 453 αὐτοῦ
1103 400 1164 453 τὸ
1191 401 1362 472 ὄνομα
1416 400 1477 453 τὸ
1518 400 1703 454 καινὸν
1732 401 1779 455 τί

1897 404 2047 458 illius
2074 403 2391 474 impositum
2414 414 2528 470 est,
2559 406 2664 461 vile
2690 406 2921 473 habeas,
2954 417 3009 464 et
3038 411 3154 481 ipse
3190 412 3334 469 feras
3364 433 3436 486 op

198 499 279 559 είς
306 496 401 547 τὸν
428 494 555 548 λαδν
596 492 765 547 αὑτοῦ
807 492 1077 558 ἐπιτεθέν,
1108 494 1203 546 καὶ
1232 494 1592 569 ὀνειδισθήσῃ,
1622 496 1791 550 καθά-

197 606 306 659 περ
337 588 434 641 καὶ⁵
460 589 509 640 οί
538 586 760 639 παλαιοὶ
789 585 1067 656 ποιμένες,
1114 587 1244 658 περὶ
1271 579 1344 640 ὧν
1392 586 1573 655 ἔλεγεν
1599 589 1629 640 ό
1662 589 1793 653 Θεὸς

196 680 275 751 τῷ
317 679 576 752 Ἱερεμίᾳ·
626 696 645 729 ι
682 678 947 748 Ποιμένες
986 677 1172 731 πολλοὶ
1202 678 1513 751 διέφθειραν
1550 679 1642 733 τὸν
1687 681 1793 752 ἀμ-

195 772 420 826 πελῶνα
450 788 574 843 μου,
604 770 872 841 ἐμόλυναν
900 769 1000 841 τὴν
1046 769 1413 842 κληρονομίαν
1446 789 1569 842 μου.
1610 790 1628 823 ι
1683 773 1793 825 Καὶ

198 864 259 915 ἐν
289 863 490 926 ἄλλοις·
529 883 548 915 ι
600 863 722 916 Ἐπὶ
749 864 876 926 τοὺς
917 862 1182 933 ποιμένας
1211 862 1539 934 παρωξύνθη
1566 865 1594 916 ὁ
1623 863 1792 934 θυμός

202 973 331 1026 μου,
378 956 472 1009 καὶ
511 955 607 1007 ἐπὶ
645 956 774 1018 τοὺς
816 956 1023 1026 ἀμνοὺς
1054 954 1474 1027 όργισθήσομαι.
1518 974 1536 1008 ι
1582 957 1693 1009 Καὶ
1732 957 1791 1010 ἐν

197 1047 431 1118 ἑτέροις
485 1066 504 1099 ι
555 1047 744 1118 Ὑμεῖς
784 1048 833 1100 οἱ
866 1048 1029 1119 ἱερεῖς
1059 1049 1110 1100 οί
1155 1048 1505 1118 φαυλίξοντες
1532 1049 1594 1102 τὸ
1620 1049 1791 1121 ὄνομά

200 1158 391 1211 μου.»

719 1254 1117 1309 nmmum
1153 1257 1269 1323 ις’.

193 1394 343 1464 Περὶ
364 1394 706 1465 μετανοίας,
736 1390 835 1447 καὶ
854 1392 945 1459 τίς
963 1391 1156 1465 αὐτῆς
1184 1396 1216 1447 ὁ
1243 1394 1481 1462 τρόπος,
1508 1397 1605 1450 καὶ
1630 1396 1787 1465 ὅπως

792 1464 1196 1532 κατορθοῦται.

284 1596 431 1651 Ἰδὼν
458 1598 515 1651 δέ
547 1599 612 1652 σὺ
638 1597 730 1651 τὸν
760 1597 1145 1669 ἡμαρτηκότα,
1182 1601 1505 1671 πικρανθεὶς
1532 1603 1787 1657 κέλευσον

189 1692 368 1749 αὐτὸν
398 1690 503 1756 ἔξω
533 1689 815 1761 βληθῆναι,
847 1690 941 1743 καὶ
961 1689 1231 1755 ἐξελθόντι
1258 1691 1407 1763 αὐτῷ
1431 1692 1474 1726 ¹⁶
1500 1694 1785 1765 πικραινέ-

1896 497 2179 568 prohrium
2213 497 2674 567 quemadmodum
2712 506 2929 556 veteres
2966 502 3045 555 illi
3085 512 3368 574 pastores,
3402 509 3470 565 de

1892 590 2093 659 quibus
2124 589 2266 644 Deus
2294 589 2512 644 dicebat
2538 589 2787 646 Jeremiae
2814 612 2826 646 :
2859 612 2875 643 ι
2910 593 3165 651 Pastores
3190 601 3347 653 multi
3375 601 3468 656 de-

1890 690 2216 735 struxerunt
2244 683 2460 737 vineam
2493 698 2667 738 meam
2690 723 2705 747 ,
2750 686 3063 754 polluerunt
3098 688 3468 746 haereditatem

1891 789 2069 829 meam
2113 775 2175 829 ³³.
2211 794 2231 827 ι
2260 773 2327 828 Ει
2375 776 2543 829 alibi:
2598 794 2616 826 ς
2652 775 2830 846 Super
2875 788 3125 849 pastores
3165 786 3472 842 concitatus

1892 873 1977 919 est
2002 864 2155 920 furor
2176 882 2351 928 meus.
2372 875 2426 922 et
2449 883 2615 937 super
2639 883 2810 940 agnos
2837 871 3048 926 irascar
3067 872 3129 927 “.
3158 892 3176 924 ι
3205 872 3272 928 Et
3292 876 3427 931 alias
3452 896 3467 934 :

1896 974 1915 1007 ‹
1948 956 2059 1015 Vos
2085 960 2404 1017 sacerdotes
2424 999 2439 1026 ,
2471 959 2884 1032 qui'despicitis
2911 978 3112 1021 nomen
3143 981 3327 1022 meum
3357 968 3422 1024 “.
3444 987 3465 1023 ι
3552 996 3553 999 η

2479 1248 2709 1306 CAPUT
2749 1250 2891 1307 XVI.

1888 1385 1967 1440 De
2008 1386 2331 1454 paenitentia,
2376 1395 2426 1440 et
2470 1386 2587 1457 quis
2624 1387 2772 1443 illius
2815 1389 3022 1455 modus,
3069 1400 3119 1444 et
3165 1410 3265 1463 quo
3314 1409 3468 1464 pacto

2510 1468 2815 1528 peragatur.

1957 1590 2095 1646 Cum
2149 1591 2352 1648 videris
2384 1592 2623 1663 aliquem
2676 1594 2996 1666 deliquisse,
3044 1597 3242 1654 acerbe
3285 1598 3469 1659 ferens

1885 1682 2018 1753 jube
2044 1700 2168 1739 eum
2201 1684 2325 1755 ejici
2357 1684 2543 1753 foras;
2575 1702 2683 1757 quo
2712 1696 2948 1744 exeunte
2990 1689 3208 1745 diaconi
3240 1694 3467 1750 moleste

193 1784 418 1838 σθωσαν
447 1785 497 1836 οί
525 1782 784 1846 διάκονοι,
818 1783 913 1836 καὶ
958 1780 1343 1854 ἐπιζητοῦντες
1415 1786 1779 1857 κατεχέτωσαν

1890 1775 2055 1829 etiam
2091 1774 2291 1841 ferant,
2336 1784 2391 1831 et
2418 1776 2743 1847 inquisitum
2766 1779 3052 1836 detineant
3086 1792 3242 1837 extra
3287 1786 3467 1842 eccle-

188 1877 362 1931 αὐτὺν
394 1875 500 1940 ἔξω
527 1876 627 1946 τῆς
657 1874 975 1946 ἐκκλησίας,
1006 1875 1101 1927 καὶ
1142 1874 1473 1939 εἰσελθόντες
1514 1877 1653 1948 ὑπὲρ
1683 1877 1780 1931 αὑ-

186 1969 289 2023 τοῦ
321 1986 384 2023 σε
415 1968 527 2040 (80)
562 1967 939 2039 ἐρωτάτωσαν.
972 1968 1081 2020 Καὶ
1111 1966 1219 2039 γὰρ
1248 1968 1387 2039 ὑπὲρ
1407 1967 1514 2021 τῶν
1545 1970 1787 2041 ἡμαρτη-

191 2063 372 2115 κότων
404 2064 433 2116 ὁ
460 2061 653 2132 Σωτὴρ
692 2060 785 2112 τὸν
830 2059 1052 2130 Πατέρα
1078 2058 1255 2129 ἠξίου,
1283 2061 1359 2122 ὡς
1390 2061 1696 2151 γέγραπται
1726 2062 1784 2115 ἐν

190 2154 273 2224 τῷ
302 2152 645 2223 Εὐαγγελίῳ·
687 2171 706 2204 ι
737 2152 941 2224 Πάτερ,
962 2152 1099 2219 ἄφες
1132 2151 1335 2214 αὐτοῖς,
1354 2152 1415 2204 οὐ
1445 2151 1555 2223 γὰρ
1581 2154 1784 2207 οἴδασιν

190 2246 221 2297 ὃ
251 2242 493 2297 ποιοῦσι.
530 2262 550 2295 ›
585 2243 718 2297 Τότε
766 2244 830 2297 σὺ
864 2242 1138 2306 κελεύσεις
1178 2241 1437 2296 εἰσελθεῖν
1474 2244 1656 2309 αὐτὸν,
1692 2247 1786 2300 καὶ

188 2337 501 2408 ἀνακρίνας
531 2339 581 2389 εἰ
616 2338 885 2407 μετανοεῖ,
916 2337 1010 2389 καὶ
1039 2335 1187 2401 ἄξιός
1216 2336 1363 2388 ἐστιν
1393 2337 1470 2399 είς
1490 2337 1785 2408 ἐκκλησίαν

188 2430 332 2493 ὅλως
378 2428 825 2499 ωραδεχθῆναι,
881 2427 1153 2492 πιόώσας
1209 2428 1374 2483 αὐτὸν
1426 2428 1638 2499 ἡμέρας
1690 2448 1785 2502 νη-

193 2523 393 2576 στειῶν
435 2521 549 2593 (81)
592 2522 733 2575 κατὰ
775 2522 836 2575 τὸ
878 2521 1203 2593 ἁμάρτημα,
1253 2520 1553 2592 ἑϐδομάδας
1592 2522 1705 2585 δύο,
1750 2524 1783 2595 ἢ

190 2618 367 2685 τρεῖς,
392 2613 426 2684 ἢ
448 2613 631 2676 πέντε,
661 2614 694 2684 ἢ
727 2612 889 2676 ἑπτὰ,
923 2612 1096 2676 οὕτως
1124 2612 1285 2667 αὐτὸν
1305 2613 1593 2677 ἀπόλυσον,
1616 2613 1785 2667 εἰπὼν

189 2705 346 2776 αὑτῷ
393 2705 497 2757 ὅσα
542 2702 771 2775 ἁρμόζει
812 2705 1159 2777 ἡμαρτηκότι
1205 2708 1284 2770 εἰς
1338 2705 1619 2760 νουθεσίαν
1662 2707 1785 2759 ἐπι-

192 2800 515 2869 πλήσσοντα
542 2796 815 2851 διδάσκειν
844 2800 936 2852 καὶ
966 2801 1273 2870 παραινεῖν,
1303 2799 1451 2862 ὅπως
1475 2800 1635 2873 μείνῃ
1656 2801 1785 2871 παρ’

189 2889 379 2961 ἐαυτῷ
411 2889 873 2960 ταπεινψρονῶν,
911 2891 1008 2944 καὶ
1032 2890 1284 2960 δεόμενος
1310 2889 1407 2943 τοῦ
1437 2889 1572 2944 Θεοῦ
1601 2893 1784 2959 τυχεῖν

186 2982 362 3038 αὑτοῦ
392 2981 654 3054 εὐμενοῦς
686 2981 820 3055 (82),
850 2984 945 3037 καὶ¹
1002 2983 1202 3052 λέγειν’
1238 2983 1282 3015 ⁸⁸
1320 3001 1340 3036 ι
1388 2982 1513 3036 Ἐὰν
1558 2984 1787 3055 ἀνομίας

188 3075 589 3145 παρατηρήσῃ,
628 3074 823 3146 Κύριε,
874 3074 1071 3146 Κύριε,
1125 3074 1211 3138 τίς
1260 3076 1662 3147 ὁποστήσεται;
1703 3077 1785 3129 ὅτι

188 3142 352 3236 παρὰ
387 3142 779 3236 σοὶόῖλασμός
808 3167 944 3221 ἐστι.
966 3142 1003 3218 -ι
1029 3165 1280 3221 Τοιοῦτον
1300 3166 1409 3239 γάρ
1434 3142 1486 3221 τι
1518 3168 1786 3238 ὑπεμφαί-
1810 3142 1853 3200 C

188 3275 278 3310 νει
308 3258 407 3311 καὶ
434 3258 497 3310 τὸ
525 3258 582 3309 ἐν
602 3261 669 3328 τῇ
692 3258 905 3311 Γενέσει
926 3259 1212 3330 εἰρημένον
1231 3258 1308 3331 τῷ
1327 3259 1487 3313 Καῒν·
1513 3278 1533 3312 ι
1564 3260 1784 3331 ’Ἥμαρ-

188 3366 322 3414 τεςς
374 3349 679 3419 ἡσύχασον·
713 3369 730 3400 ι
781 3350 1048 3414 τουτέστι,
1098 3350 1173 3421 μὴ
1224 3350 1487 3422 προσθῇς.
1524 3351 1642 3404 Ὅτι
1673 3351 1781 3423 γὰρ

188 3441 289 3494 τὸν
320 3442 720 3512 ἀμαρτήσαντα
748 3442 828 3495 δεῖ
854 3443 995 3513 ὑπὲρ
1026 3442 1120 3496 τοῦ
1150 3444 1348 3497 οἰκείου
1378 3444 1782 3515 πλημμελήμα-

188 3550 288 3597 τος
335 3533 710 3604 αἰσχύνεσθαι,
756 3535 939 3608 ἱκανὸν
985 3536 1045 3589 τὸ
1079 3535 1256 3603 λόγιον
1301 3536 1380 3608 τῷ
1422 3538 1612 3591 Μωσεῖ
1640 3537 1782 3607 ὑπὲρ

190 3626 422 3699 Μαρίας
434 3598 759 3697 εἰρημένον,
790 3598 954 3698 ἡῦίκα
977 3627 1133 3699 ἠξίου
1153 3598 1427 3700 ’ἀφεθῆναι
1455 3630 1614 3700 αὐτῇ·
1645 3598 1781 3700 Φησὶ

191 3717 310 3789 γὰρ
338 3718 490 3789 αὑτῷ
519 3721 547 3772 ὁ
573 3718 725 3782 Θεός·
777 3738 795 3770 ι
821 3719 886 3772 Et
915 3721 944 3773 ό
972 3719 1155 3791 πατὴρ
1173 3720 1343 3791 αὐτῆς
1362 3719 1546 3773 πτύων
1565 3720 1785 3773 ἐνέπτυ-

193 3829 292 3865 σεν
318 3814 402 3875 εἰς
427 3812 490 3865 τὸ
517 3811 807 3883 πρόσωπον
834 3811 1024 3883 αὐτῆς,
1054 3812 1156 3865 οὐκ
1178 3810 1289 3883 (85)
1311 3811 1584 3884 ἐνετράπη
1606 3828 1621 3877 ;
1645 3810 1786 3864 ἑπτὰ

192 3904 417 3976 ἡμέρας
458 3903 806 3975 ἀφορισθήτω
852 3902 956 3968 ἔξω
983 3902 1083 3974 τῆς
1111 3903 1482 3975 παρεμϐολῆς,
1526 3903 1619 3958 καὶ
1650 3901 1787 3973 μετὰ

191 3994 376 4050 ταῦτα
403 3994 786 4048 εἰσελεύσεται.
818 4012 837 4046 ›
871 3993 1059 4058 Οὕτως
1085 3991 1177 4048 οὖν
1210 3996 1304 4050 καὶ
1334 3996 1482 4067 ἡμᾶς
1509 3995 1625 4049 δέον
1670 3995 1786 4047 ἐστὶ

192 4090 398 4151 ποιεῖν,
426 4088 553 4150 τοὺς
589 4088 675 4157 ἐφ’
706 4086 981 4159 ἁμαρτίας
1010 4085 1267 4155 λέγοντας
1309 4089 1615 4159 μετανοεῖν,
1649 4088 1784 4155 ἀφο-

265 4245 311 4277 "
349 4244 462 4302 Jer.
495 4262 592 4313 xu,
630 4245 718 4301 l0.
797 4246 842 4277 ¹¹⁵
874 4245 1041 4301 Zach.
1080 4263 1135 4309 ι,
1169 4248 1223 4303 3.

199 4315 248 4349 ¹⁹
281 4315 375 4372 Ps.
404 4332 589 4371 (λιιι.
624 4319 679 4373 5.
762 4317 808 4348 ²⁶
832 4316 968 4372 Gen.
1001 4332 1073 4383 ιν,
1111 4318 1141 4370 7
1184 4318 1324 4386 apud
1364 4316 1535 4372 LXX.
1636 4318 1680 4346 “

1888 1867 2055 1934 siam;
2080 1876 2378 1939 posteaque
2398 1869 2655 1940 ingressi,
2678 1886 2777 1941 pro
2793 1872 2914 1942 ipso
2945 1881 3137 1943 rogent
3154 1884 3225 1929 te.
3251 1874 3465 1931 Etenim

1889 1957 2139 2014 Salvator
2188 1976 2289 2031 pro
2331 1962 2713 2031 peccatoribus
2765 1962 2980 2019 Patrem
3031 1966 3244 2033 oravit,
3300 1974 3360 2021 ut
3409 1969 3465 2024 in

1891 2052 2179 2125 Evangelia
2209 2056 2474 2125 scriptum
2498 2064 2583 2110 est
2617 2075 2631 2110 :
2666 2072 2685 2105 ι
2718 2054 3127 2116 Pater,dimitte
3158 2058 3305 2126 illis;
3354 2076 3465 2115 non

1885 2148 2031 2201 enim
2061 2147 2391 2217 sciuntquid
2424 2145 2632 2201 faciunt
2656 2148 2719 2201 "’.
2748 2166 2765 2198 ι
2802 2146 2956 2203 Tunc
2982 2148 3200 2217 jubebis
3230 2166 3353 2205 eum
3378 2151 3465 2205 in-

1884 2245 2034 2293 trare
2064 2258 2076 2293 :
2111 2246 2166 2294 et
2194 2239 2448 2294 examine
2494 2238 2664 2304 facto,
2708 2254 2777 2292 an
2824 2239 3061 2294 ducatur
3106 2242 3462 2311 poenitentia,

1885 2329 2195 2401 dignusque
2217 2332 2289 2385 sit
2317 2331 2412 2402 qui
2447 2331 2500 2384 in
2541 2331 2834 2385 ecclesiam
2865 2333 3089 2387 omnino
3112 2332 3463 2401 admittatur;

1886 2424 2144 2478 amictum
2173 2424 2401 2493 jejuniis
2437 2439 2525 2495 per
2560 2423 2679 2478 dies
2708 2423 3173 2479 hebdomadarum
3203 2434 3298 2481 aut
3327 2427 3465 2481 dua-

1885 2531 2030 2580 rum,
2064 2526 2157 2570 aut
2182 2517 2369 2582 trium,
2405 2528 2499 2574 aut
2539 2519 2803 2590 quinque,
2849 2527 2943 2572 aut
2981 2525 3209 2588 septem,
3244 2535 3343 2589 pro
3378 2537 3467 2574 ra-

1884 2612 2034 2666 tione
2062 2610 2283 2679 delicti;
2318 2611 2392 2666 ita
2424 2611 2577 2666 illum
2623 2612 2889 2676 dimittes,
2934 2626 2998 2667 ea
3030 2612 3244 2666 locutus
3285 2627 3406 2680 qua:
3433 2627 3465 2666 a

1885 2703 2216 2774 castigatore
2257 2704 2553 2759 salubriter
2606 2703 2792 2758 doceri
2847 2717 2912 2756 ac
2958 2704 3170 2758 moneri
3210 2704 3466 2759 convenit

1886 2802 2268 2863 peccatorem;
2300 2809 2409 2865 quo
2439 2795 2581 2865 apud
2609 2811 2669 2851 se
2692 2794 2974 2849 humiliter
2996 2802 3234 2859 maneat,
3268 2793 3463 2861 Deum,

1886 2895 1949 2941 ut
1973 2887 2046 2943 sit
2075 2888 2183 2941 sibi
2206 2889 2502 2958 prepitius,
2530 2887 2855 2957 deprecans,
2881 2902 2944 2942 ac
2969 2887 3158 2943 dicens
3182 2907 3194 2941 :
3228 2907 3246 2939 ι
3280 2886 3337 2942 Si
3363 2889 3467 2943 ini-

1886 2980 2127 3050 quitates
2153 2981 2556 3045 observaveris,
2592 2978 2841 3041 Domine,
2889 2978 3139 3043 Domine,
3171 2979 3296 3049 quis
3338 2996 3465 3036 sus-

1890 3073 2122 3127 tinebit?
2145 3071 2418 3138 Quoniam
2460 3071 2602 3141 apud
2640 3080 2692 3125 te
2718 3070 3034 3142 propitiatio
3070 3078 3155 3126 est
3178 3071 3239 3125 ι’.
3276 3091 3295 3123 ι
3330 3070 3464 3126 Nam

1887 3164 1996 3220 tale
2020 3165 2150 3234 quid
2175 3164 2356 3218 innuit
2378 3162 2512 3217 illud
2540 3178 2780 3233 quoque,
2811 3162 2960 3233 quod
2989 3163 3042 3215 in
3068 3161 3266 3219 Genesi
3292 3162 3465 3218 Caino

1888 3258 2092 3313 dictum
2122 3264 2209 3313 est
2248 3276 2263 3313 :
2317 3275 2335 3308 ι
2377 3255 2665 3311 Peccasti?
2696 3254 2930 3322 Quiesce
2987 3256 3096 3306 ὀζ»
3146 3254 3200 3309 id
3248 3265 3353 3317 est,
3395 3272 3464 3311 ne

1888 3365 2082 3421 pergas
2110 3365 2356 3420 peccare.
2382 3350 2425 3385 ¹¹
2452 3347 2609 3415 Quod
2636 3350 2782 3404 enim
2807 3364 2931 3402 eum
2960 3364 3053 3418 qm
3081 3347 3330 3418 deliquit,
3357 3365 3462 3419 pu-

1888 3441 2017 3497 dere
2047 3440 2215 3497 errati
2256 3441 2461 3513 proprii
2495 3447 2766 3511 oporteat,
2812 3441 2947 3495 satis
2975 3440 3316 3495 demonstrat
3338 3454 3465 3495 ora-

1887 3534 2072 3588 culum
2103 3534 2237 3589 illud
2267 3533 2406 3590 Mosi
2452 3535 2508 3587 in
2555 3548 2723 3587 causa
2773 3531 2956 3587 Maria:
2993 3532 3203 3597 datum,
3237 3547 3361 3586 cum
3404 3539 3465 3586 nt

1890 3627 2019 3680 huic
2074 3627 2480 3681 condonaretur
2509 3625 2601 3680 ille
2640 3631 2843 3679 oraret.
2873 3624 2964 3677 Ait
2991 3624 3137 3679 enim
3163 3622 3306 3678 Deus
3334 3622 3414 3676 illi
3445 3665 3460 3678 .

1894 3738 1913 3769 ι
1952 3717 2011 3773 Si
2051 3729 2206 3789 pater
2240 3718 2363 3788 ejus
2413 3733 2617 3788 spuens
2667 3716 2864 3772 fuisset
2912 3717 2964 3770 in
3004 3715 3200 3770 faciem
3276 3715 3460 3779 illius,

1889 3828 2068 3867 nonne
2098 3811 2442 3867 erubuisset?
2473 3809 2691 3880 Septem
2732 3808 2925 3863 diebus
2958 3815 3274 3879 segregetur
3307 3814 3463 3862 citra

1886 3913 2089 3967 castra,
2116 3913 2170 3960 et
2198 3914 2385 3973 postea
2416 3903 2755 3975 ingredietur
2776 3904 2841 3957 “.
2896 3920 2915 3953 ι
2955 3900 3047 3956 Sic
3086 3916 3220 3971 ergo
3267 3908 3322 3955 et
3359 3917 3460 3955 nos

1887 4012 2113 4052 necesse
2134 4005 2219 4051 est
2248 3996 2451 4059 facere,
2485 3996 2767 4057 nimirum,
2796 4009 2891 4050 eos
2922 3996 3015 4065 qui
3040 4010 3098 4049 se
3134 3994 3203 4049 de
3238 4002 3463 4063 peccato

1888 4104 2046 4160 agere
2076 4088 2452 4160 pcenitentiam
2485 4087 2833 4157 proﬁtentur,
2865 4102 2962 4156 per
2984 4094 3200 4156 tempus
3224 4100 3457 4156 propor-

1303 4248 1345 4279 ¹⁵
1377 4246 1501 4301 Mal.
1539 4262 1578 4311 ι,
1611 4245 1663 4299 6.
1745 4244 1779 4277 ¹¹

1912 4244 2216 4311 ἐξελθόντος
2246 4246 2431 4300 αὑτοῦ.
2510 4247 2551 4277 ¹⁷
2584 4246 2715 4301 an.
2763 4260 2916 4303 xvul,
2950 4246 3040 4299 54.
3119 4245 3161 4276 ’⁸
3194 4244 3230 4297 f.
3263 4244 3455 4313 λέγων.

1742 4314 1954 4369 Citatur
1986 4318 2055 4371 ah
2082 4319 2373 4373 Anastasio
2401 4325 2595 4386 quaest.
2626 4318 2679 4370 6.
2759 4319 2802 4347 "
2840 4314 3002 4372 Nunt.
3032 4330 3131 4378 xu,
3161 4315 3250 4369 14.

1504 4472 1864 4530 VARIORUM
1896 4474 2130 4531 ΝΟΤᾹΞ.

292 4655 386 4713 80)
420 4654 515 4709 Σέ.
546 4652 710 4710 Deest
740 4653 800 4708 in
831 4653 1005 4708 altero
1036 4652 1245 4709 codice.
1279 4651 1449 4707 Cum.

293 4657 364 4713 80
420 4655 515 4709 Σέ.
546 4655 710 4710 Deest
740 4655 800 4708 in
831 4655 1005 4708 altero
1036 4655 1245 4709 codice.
1279 4655 1449 4707 Cum.

293 4655 387 4797 Si;
425 4723 995 4797 Ἡμέρας-νηστειῶν,
1024 4740 1077 4775 κ.
1100 4722 1216 4797 τπγλ.
1235 4723 1401 4797 Aiunt
1422 4723 1523 4776 viri
1536 4722 1734 4776 eruditi
1756 4762 1771 4786 ,

194 4814 264 4854 ac
279 4794 549 4868 'pluribus
578 4794 920 4868 documentis
946 4794 1337 4868 aggrediuntur
1357 4794 1769 4868 demonstrare,

195 4862 329 4924 ante
376 4865 621 4921 Montani
667 4865 940 4920 haeresim.
974 4862 1083 4916 non
1114 4863 1209 4917 diu
1251 4864 1507 4917 exclusos
1547 4862 1770 4916 fuissea

192 4937 590 4995 communione
629 4934 1006 4989 ecclesiastica
1050 4942 1369 5002 peceatores
1402 4933 1768 5002 poenitentes;

195 5015 581 5080 per_tempora_
619 5012 803 5059 autem
850 5007 995 5080 inter
1038 5003 1353 5057 Montanum
1397 5001 1463 5056 ac
1490 5001 1769 5080 ‘Novatum

196 5072 409 5140 inedia,
438 5072 678 5131 crevisse
701 5075 1070 5137 severitatem,
1092 5088 1203 5127 non
1229 5081 1408 5127 tamen
1436 5072 1573 5126 adeo
1598 5083 1657 5126 ut
1681 5088 1771 5125 ve-

196 5165 308 5204 nia:
351 5161 508 5200 mora
551 5146 831 5200 biennium
875 5158 1116 5213 unquam
1157 5143 1465 5198 excederet.
1518 5142 1629 5197 Nec
1671 5157 1772 5211 ego

194 5227 395 5275 contra
430 5214 617 5271 tendo.
644 5214 878 5269 Tantum
909 5214 1054 5277 dico,
1099 5213 1245 5282 quod
1275 5213 1432 5267 (idem
1467 5228 1576 5266 non
1607 5227 1771 5282 supe-

196 5297 308 5351 ret,
343 5288 445 5340 hac
473 5300 692 5355 quoque
723 5284 778 5338 iu
806 5294 959 5354 parte
974 5281 1216 5355 variasse
1245 5283 1616 5355 disciplinam.
1641 5281 1776 5355 Quis

195 5360 351 5415 enim
382 5351 554 5426 putet,
588 5351 781 5411 omnes
806 5351 925 5415 eos,
959 5353 1053 5426 qui
1097 5354 1265 5426 semel
1300 5353 1564 5407 duntaxat
1597 5351 1777 5426 paeni-

196 5420 434 5484 tentiam
471 5426 679 5494 suscipi
720 5420 1124 5494 permittebant,
1174 5423 1336 5494 breve
1377 5420 1769 5494 tempus’ileﬁ-

198 5498 413 5554 nivisse
434 5496 502 5549 ad
525 5492 971 5550 satisfaciendum
1000 5492 1221 5562 Deozpro
1250 5493 1503 5562 plurimis
1526 5492 1689 5545 etiam
1708 5506 1773 5545 ac

198 5566 550 5639 gravissimis
576 5565 832 5639 delictis?
862 5561 1127 5639 Praeterea
1157 5561 1472 5639 Victorinus
1495 5577 1776 5639 common.-

197 5630 347 5693 {ario
380 5637 436 5690 in
462 5634 865 5705 Apocalypsim,
895 5633 1085 5705 nescio
1111 5633 1254 5705 unde
1279 5639 1580 5705 mutuatus,
1613 5630 1774 5705 Nico-

202 5708 354 5762 laitis
386 5701 535 5760 hunc
561 5701 805 5759 errorem
842 5703 1036 5757 tribuit
1075 5722 1087 5756 :
1127 5701 1194 5755 Ut
1222 5704 1513 5771 quicunque
1541 5702 1773 5770 fornica-

201 5787 292 5833 tus
319 5787 475 5843 esset,
498 5784 684 5831 octaua
711 5773 793 5830 die
818 5789 997 5845 pacem
1024 5770 1298 5843 acciperet.
1323 5771 1513 5829 Plures
1538 5770 1772 5842 denique

1812 4662 1857 4717 ι)
1887 4653 1967 4708 illi
2007 4654 2269 4722 episCOpi,
2302 4653 2368 4707 ad
2391 4670 2530 4720 quos
2562 4653 2618 4708 S.
2645 4654 2953 4723 Cyprianus
2976 4651 3216 4723 destinat
3242 4653 3448 4720 episto-

1883 4723 1988 4776 lam
2016 4721 2104 4787 53,
2138 4721 2489 4786 dtihitabant,
2524 4724 2577 4777 in
2620 4721 2785 4776 causa
2819 4722 3101 4776 favorabili
3134 4721 3300 4791 trium
3333 4723 3451 4791 lap-

1880 4809 2089 4857 serum,
2120 4797 2212 4863 qui
2244 4809 2366 4845 cum
2396 4809 2590 4847 nomen
2616 4792 2829 4846 Domini
2862 4789 3451 4863 l‘tiissentconl‘essi,'et

1878 4862 2176 4924 carcerem,
2204 4864 2402 4923 minas,
2423 4881 2486 4916 ac
2508 4865 2675 4916 multa
2707 4864 2941 4925 diutina,
2977 4862 3319 4930 repetitaque
3337 4870 3450 4915 tor-

1878 4944 2083 4995 menta,
2116 4949 2213 5003 pro
2256 4933 2357 4985 [ide
2406 4934 2460 4986 in
2491 4933 2771 4987 Christum
2804 4931 3450 5003 pertulissent,_tandem

1878 5000 2468 5058 diritate'cruciatuum
2500 5004 2732 5068 suhaeti,
2775 5000 2843 5057 de
2870 5002 3042 5072 gradu
3074 5000 3263 5071 gloria:
3303 5002 3452 5055 deci-

1877 5072 2091 5136 derant,
2123 5082 2285 5143 atque
2316 5074 2384 5126 ab
2404 5090 2468 5127 eo
2498 5082 2740 5140 tempore
2764 5089 2858 5141 per
2889 5072 3183 5143 triennium
3210 5087 3240 5124 a
3280 5073 3455 5142 pinni-

1879 5145 2047 5199 tentia
2107 5144 2315 5213 agenda
2344 5160 2480 5213 non
2530 5150 2915 5210 cessaverant;
2976 5142 3320 5213 dubitabant,
3369 5144 3454 5213 in-

1878 5229 2062 5283 quam,
2101 5211 2281 5267 utrum
2332 5212 2413 5267 fas
2456 5219 2618 5274 esset,
2658 5228 2753 5267 eos
2788 5214 2971 5282 lapsos
3013 5211 3078 5264 ad
3113 5212 3453 5283 communio-

1880 5279 2005 5339 nem
2054 5285 2360 5345 admittere,
2409 5284 2738 5351 insuperque
2794 5279 3044 5338 volebant
3087 5295 3150 5334 ea
3189 5279 3450 5351 denqum—

1881 5356 2062 5427 stione
2099 5354 2393 5409 concilium
2430 5349 2809 5427 episcoporum
2843 5354 3071 5427 agitari;
3102 5349 3449 5427 nonnilispari

1882 5426 2087 5493 vigore,
2119 5433 2282 5494 atque
2306 5416 2646 5494 conspicitur
2676 5429 2863 5494 postea
2881 5416 2960 5475 'in
2979 5492 2991 5494 _
3033 5416 3337 5494 canonihus
3361 5434 3453 5494 sy:

1878 5484 2005 5549 novdi
2054 5484 2355 5565 Ancy'raum
2426 5484 2488 5546 ac
2548 5484 2694 5565 Petri
2750 5488 3127 5565 Alexandrini.
3190 5484 3323 5539 Vide
3381 5484 3449 5540 ad

1875 5581 2138 5621 canonem
2170 5561 2526 5633 apostolicum
2563 5563 2648 5624 l7,
2683 5579 2775 5616 seu
2805 5562 2894 5617 24.
2928 5561 3063 5633 Co}.

1946 5636 2055 5702 (8:!)
2084 5629 2309 5703 Εὺμὲνο
2323 5637 2410 5701 ῦς.
2440 5635 2586 5687 Alter
2615 5635 2784 5703 codex
2816 5629 3076 5703 εὐμενῶς.
3107 5630 3202 5685 CL.

1947 5697 2056 5776 (85)
2078 5697 2215 5760 Οὺὶι.
2244 5697 2479 5774 Uterque
2507 5701 2795 5758 cod.Vind.
2829 5697 2926 5754 οὐκ
2954 5699 3038 5768 ἄν,
3060 5717 3167 5755 non
3192 5700 3349 5755 male.
3370 5697 3448 5755 In.
