3884 6180
456 270 563 329 6‘21

1324 267 1381 324 S.
1416 265 1813 325 CLEMENTIS
1844 269 1867 325 1
1899 268 2067 325 ROM.
2103 268 2303 325 PUN'I.
2339 270 2571 325 UPERA
2604 271 2824 328 DUBiA.

3620 281 3731 338 623

449 392 597 444 tione
622 387 808 444 delicti
841 386 1127 444 definitum
1172 402 1494 458 segregare;
1532 396 1721 458 postea
1767 389 2039 458 poeniten-

2143 388 2315 460 ρίζειν
2369 388 2560 459 χρόνον
2608 389 2915 461 ὡρισμένον
2960 391 3102 445 κατὰ
3140 392 3243 465 τὴν
3295 394 3591 463 ἀναλογίαν
3637 398 3734 453 τοῦ

448 493 529 537 tes
553 482 855 551 suscipere,
889 488 1152 552 tanquam
1182 487 1367 551 patres
1407 478 1572 535 filios.

1028 678 1261 736 CAPUT
1299 678 1464 734 XVII.

448 774 767 845 Episcopum
796 772 980 829 debere
1006 790 1119 827 esse
1148 772 1683 854 irreprehensibilem,
1714 781 1891 838 utpote
1920 772 2036 841 for-

968 862 1111 899 mam
1142 852 1522 913 subjectorum.

522 937 580 993 Si
608 951 740 993 vero
777 936 1205 1008 episeopusipse
1231 934 1364 1006 quid
1395 918 1704 999 offenderit,
1735 948 1847 1004 quo
1872 933 2036 989 modo

447 1030 628 1085 adhuc
670 1029 895 1085 audebit
943 1029 1000 1083 in
1052 1028 1283 1083 alterius
1331 1026 1542 1082 crimen
1590 1027 1897 1097 inquirere,
1941 1034 2038 1081 aut

446 1122 685 1193 aliquem
718 1122 1038 1192 increpare,
1086 1120 1133 1176 si
1172 1128 1265 1174 aut
1298 1119 1438 1188 ipse,
1464 1126 1561 1172 aut
1602 1117 1819 1174 diaconi
1850 1119 1907 1173 in
1943 1134 2033 1174 ac-

445 1214 699 1285 ceptione
726 1227 977 1285 persona:
1004 1213 1093 1268 vel
1127 1212 1396 1276 muneris,
1423 1211 1819 1267 conscientiam
1849 1226 2038 1266 sense-

446 1310 557 1365 rint
586 1307 1025 1364 accusatricem?
1046 1305 1282 1374 Quando
1314 1305 1459 1360 enim
1489 1303 1845 1373 magistratus
1875 1305 2033 1381 petit,

445 1411 503 1459 ct
535 1403 706 1473 judex
741 1401 965 1472 accipit,
990 1400 1260 1471 judicium
1290 1414 1400 1457 non
1435 1396 1725 1451 deducitur
1757 1395 1826 1450 ad
1852 1396 2032 1451 finem.

451 1514 471 1547 ι
499 1494 804 1566 Participes
842 1512 860 1545 ι
892 1500 1075 1547 autem
1112 1510 1130 1543 ‹
1163 1489 1369 1554 furum,
1414 1497 1468 1544 et
1495 1488 1707 1558 judicio
1748 1489 2033 1543 viduarum

446 1603 557 1644 non
588 1587 938 1643 attendentes
963 1585 1009 1617 “
1043 1603 1063 1637 ι
1098 1584 1194 1655 qui
1226 1583 1331 1639 sub
1366 1582 1631 1653 episcopo
1662 1589 1812 1645 sunt,
1842 1583 1893 1636 ei
1925 1597 2035 1635 non

446 1688 706 1752 poterunt
737 1680 794 1734 in
835 1677 1221 1757 oppugnandis
1268 1675 1419 1729 vitiis
1466 1673 1750 1741 auxiliari;
1793 1688 1919 1728 nam
1952 1672 2036 1727 di-

2141 481 2554 552 ἁμαρτήματος,
2576 481 2765 535 ἔπειτα
2786 482 3175 553 μετανοοῦντας
3195 486 3735 557 προσλαμϐάνεσθαι,

2141 574 2217 637 ὼς
2247 574 2484 645 πατέρες
2513 573 2664 637 υἱούς
2692 574 2824 645 (84).

2662 688 3059 743 ΚΕΦΛΛΑΙΟΝ
3098 691 3194 745 IZ'.

2142 778 2271 833 Ὀτι
2315 778 2733 857 ἀνεπίληπτον
2776 781 2927 857 εἶξαι
2952 781 3089 857 *χρὴ
3126 782 3235 857 τὸν
3261 784 3631 853 ἐπίσκοπον,
3661 789 3744 857 ὡς

2564 851 2758 904 τύπον
2784 850 2903 903 τῶν
2930 852 3298 921 ἀρχομένων.

2213 941 2279 995 El
2306 941 2363 995 δὲ
2390 943 2419 995 6
2449 941 2749 1005 ἐπίσκοπος
2775 943 2936 1006 αὐτὸς
2964 945 3022 996 ὲν
3055 946 3442 1017 προσκόμματι
3471 949 3743 1022 ὑπάρχει,

2137 1031 2257 1096 πῶς
2287 1031 2367 1087 ἔτι
2408 1031 2686 1098 ἐπεξέλθοι
2707 1032 3003 1107 ἐκζητῆσαι
3033 1037 3279 1108 ἀδίκημά
3303 1056 3471 1102 τινος,
3502 1042 3537 1112 ἢ
3571 1043 3748 1098 ἐπιτι-

2141 1126 2309 1197 μῆσαι
2325 1142 2453 1190 τινι,
2470 1126 2559 1179 διὰ
2575 1127 3057 1199 προσωποληψίαν,
3078 1128 3111 1199 ἢ
3128 1130 3217 1183 διὰ
3229 1131 3579 1204 δωροληψίαν
3602 1135 3742 1206 (85),

2138 1216 2171 1287 ἢ
2218 1218 2405 1282 αὐτὸς,
2454 1218 2487 1289 ῆ
2519 1220 2567 1271 οἱ
2605 1220 2862 1286 διάκονοι,
2907 1222 3006 1291 οὺχ
3040 1221 3377 1294 ὑπάρχοντες
3416 1226 3745 1299 εὐωνεὶδηο

2136 1324 2254 1374 τοι;
2286 1309 2413 1363 ὅταν
2442 1308 2551 1380 γὰρ
2578 1313 2605 1364 6
2634 1311 2816 1382 ἄρχων
2865 1314 3013 1383 αἰτῇ,
3049 1314 3143 1366 καὶ
3168 1316 3195 1367 6
3229 1316 3422 1386 κριτὴς
3451 1316 3742 1390 λαμϐάνῃ,

2137 1400 2230 1453 καὶ
2259 1400 2320 1453 οὑ
2345 1399 2648 1469 διεξάγεται
2677 1405 2755 1466 εἰς
2785 1403 2933 1467 τέλος
2958 1405 3156 1475 κρίσις.
3194 1424 3213 1456 ι
3240 1408 3505 1461 Κοινωνοὶ
3536 1409 3597 1463 δὲ
3617 1412 3746 1463 κλε-

2138 1493 2289 1546 πτῶν
2316 1494 2412 1547 καὶ
2439 1496 2618 1564 κρίσει
2661 1495 2847 1567 χηρῶν
2893 1497 2955 1549 οὑ
2995 1497 3375 1569 προσέχοντες,
3416 1519 3437 1552 ›
3474 1503 3541 1554 οὑ
3577 1503 3741 1575 δεινή-ο

2140 1600 2319 1639 σονται
2347 1587 2397 1639 oi
2445 1586 2550 1639 ὑπὸ
2578 1587 2669 1639 τὸν
2713 1588 3012 1641 ἐπίσκοπον
3057 1595 3448 1662 πνεπιμαχεῖν
3491 1593 3577 1664 τῷ
3617 1596 3742 1647 ἐπι-

2142 1678 2349 1749 σκόπῳ·
2406 1679 2593 1751 ἐροῦσι
2624 1679 2734 1753 γὰρ
2776 1682 2927 1753 αὑτῷ
2970 1682 3033 1737 τὸ
3063 1684 3123 1737 ὲν
3161 1684 3240 1755 τῷ
3280 1684 3610 1758 Εὐαγγελίῳ
3647 1705 3740 1755 re.

445 1783 573 1828 cent
626 1772 889 1845 episcopo
936 1768 1083 1840 quod
1135 1769 1192 1824 in
1236 1767 1531 1837 Evangelio
1578 1765 1845 1836 scriptum
1890 1772 1975 1820 est
2018 1784 2031 1820 :

2142 1771 2476 1842 γραμμένον·
2517 1792 2535 1824 ι
2573 1774 2639 1825 Τί
2670 1773 2886 1843 βλέπεις
2913 1774 2973 1828 τὸ
3003 1775 3215 1847 κάρφος
3242 1775 3302 1828 τὸ
3331 1776 3389 1828 ὲν
3419 1776 3499 1846 τῷ
3531 1756 3739 1846 ὀφθαλ-

451 1882 472 1917 ι
508 1863 651 1931 Quid
698 1864 854 1920 vides
898 1860 1162 1921 festucam
1212 1859 1267 1914 in
1307 1859 1469 1914 oculo
1523 1856 1711 1912 fratris
1755 1859 1859 1923 tui,
1921 1864 2033 1912 tra-

445 1954 571 2011 bem
626 1964 807 2010 autem
864 1970 985 2026 qua:
1024 1953 1080 2009 in
1110 1954 1272 2008 oculo
1311 1958 1407 2006 tuo
1463 1960 1578 2019 est,
1619 1965 1728 2005 non
1777 1950 2035 2005 conside-

446 2063 540 2105 ras
616 2044 732 2100 ἐξ»
780 2046 1051 2103 Vereatur
1102 2061 1233 2118 ergo
1272 2044 1566 2123 episcopus
1607 2058 1732 2098 cum
1783 2041 2033 2098 diaconis

444 2143 586 2209 suis,
620 2149 681 2199 ut
708 2141 933 2214 aliquod
963 2140 1236 2211 ejusmodi
1269 2138 1498 2195 verbum
1521 2137 1709 2192 audiat
1736 2155 1750 2192 :
1781 2142 1886 2192 hoc
1922 2144 2029 2203 est,

444 2252 553 2297 non
588 2236 823 2308 praebeat
853 2233 1227 2291 occasionem.
1263 2229 1547 2302 Siquidem
1582 2237 1873 2300 peccator,
1904 2246 2031 2285 cum

442 2330 641 2385 viderit
658 2329 893 2400 aliquem
917 2328 1019 2384 sibi
1042 2326 1302 2399 operibus
1322 2324 1583 2389 similem,
1601 2323 1668 2377 ad
1698 2321 1885 2378 eadem
1908 2338 2033 2394 per-

445 2421 713 2503 petranda
758 2420 1206 2487 confirmabitur;
1256 2419 1332 2473 ita
1390 2416 1677 2487 improbus
1715 2432 1814 2486 per
1859 2432 2031 2472 unum

443 2515 720 2571 hominem
753 2520 972 2584 sumpto
1004 2520 1290 2583 praetextu,
1324 2510 1379 2564 in
1411 2512 1549 2565 alios
1572 2519 1860 2578 Operatur;
1884 2509 2029 2579 quod

444 2608 627 2670 absit!
685 2608 877 2677 sicque
928 2612 1274 2676 pervertetur
1328 2603 1502 2671 ovile;
1571 2610 1627 2656 et
1683 2616 1792 2672 quo
1846 2603 2031 2672 plures

443 2708 608 2755 erunt
663 2698 1069 2769 delinquentes,
1134 2711 1200 2751 eo
1255 2696 1428 2766 magis
1493 2694 1693 2749 existet
1741 2709 1839 2763 per
1884 2694 2033 2763 ipsos

443 2793 742 2855 commissa
769 2790 1036 2861 nequitia.
1065 2789 1111 2821 “
1164 2788 1432 2843 Delictum
1465 2787 1666 2857 quippe
1696 2802 1809 2841 non
1846 2802 2033 2855 repre—

442 2884 700 2948 hensum,
752 2884 937 2955 seipse
968 2882 1215 2938 deterius
1247 2881 1327 2946 fit,
1377 2889 1432 2935 et
1459 2880 1516 2935 in
1554 2888 1783 2935 caeteros
1814 2894 2033 2950 grassa-

2140 1862 2227 1933 μῷ
2271 1861 2366 1915 τοῦ
2398 1864 2628 1933 ἀδελφοῦ
2675 1882 2793 1930 σου,
2840 1866 2941 1940 τὴν
2976 1868 3034 1921 δὲ
3069 1868 3225 1925 δοκὸν
3268 1870 3368 1941 τὴν
3394 1870 3457 1923 ὲν
3488 1872 3574 1943 τῷ
3621 1874 3738 1943 ἰδίῳ

2137 1953 2407 2026 ὀφθαλμῷ
2444 1957 2505 2009 οὑ
2538 1960 2854 2024 κατανοεῖς;
2893 1977 2912 2010 ι
2946 1959 3292 2013 Εὑλαϐείσθω
3324 1957 3417 2014 οὗν
3449 1964 3480 2015 6
3508 1964 3741 2018 ἐπίσκο-

2135 2062 2256 2111 πος,
2292 2048 2389 2101 σὺν
2407 2050 2520 2112 τοῖς
2538 2049 2805 2113 διακόνοις
2826 2050 3014 2115 αὑτοῦ,
3036 2051 3266 2106 ἀκοῦσαι
3300 2054 3455 2124 ῥῆμά
3478 2072 3532 2107 τι
3555 2056 3739 2109 τοιοῦ-

2132 2157 2245 2194 τον*
2298 2141 2565 2207 τουτέστι,
2615 2142 2689 2215 μὴ
2733 2143 2921 2197 διδότω
2958 2145 3232 2216 ἀφορμήν.
3292 2146 3350 2198 '0
3392 2145 3508 2218 γὰρ
3556 2149 3742 2220 ἁμαρ-

2132 2232 2313 2286 τάνων
2342 2233 2483 2288 ἐπὰν
2512 2235 2600 2307 ἴδῃ
2643 2234 2767 2288 τινὰ
2793 2236 2956 2306 ὃμοια
2996 2235 3145 2307 αὑτῷ
3173 2235 3408 2308 δρῶντα,
3442 2241 3742 2312 οἰκοδομη-

2134 2325 2355 2399 θήσεται
2376 2329 2455 2391 sic;
2483 2326 2626 2380 τὸτὰ
2655 2327 2793 2381 αὑτά
2822 2330 3012 2380 ποιεῖν·
3045 2322 3164 2381 εἶτα
3191 2330 3219 2380 6
3248 2330 3487 2400 πονηρὸς
3517 2331 3591 2384 δι’
3619 2334 3741 2397 ἑνὸς

2133 2419 2384 2491 ἀφορμὴν
2399 2418 2598 2482 λαϐὼν,
2629 2421 2708 2484 εἰς
2728 2421 2947 2490 ἐτέρους
2967 2420 3195 2491 ἐνεργεῖ·
3215 2420 3243 2473 ὃ
3262 2422 3335 2494 μὴ
3357 2423 3579 2505 [everte
3601 2425 3736 2497 (86)·

2133 2514 2227 2565 καὶ
2258 2510 2429 2575 οὑτως
2456 2512 2915 2583 διαστραφήσεται
2944 2512 3005 2565 τὸ
3029 2512 3277 2583 ποίμνιον
3296 2531 3310 2543 ·
3340 2514 3613 2571 πλειόνων
3629 2518 3739 2589 γὰρ

2130 2604 2301 2657 ὄντων
2316 2603 2421 2656 τῶν
2438 2592 2879 2674 ἁμαρτανόντων,
2904 2604 3102 2657 πλείων
3118 2604 3271 2658 ἔσται
3290 2606 3384 2659 καὶ
3401 2608 3435 2677 ἡ
3460 2607 3529 2659 δι’
3551 2610 3737 2662 αὐτῶν

2132 2694 2524 2767 ἐπιτελουμένη
2542 2696 2726 2749 κακία.
2746 2696 3013 2767 Ἀμαρτία
3024 2695 3133 2768 γὰρ
3144 2697 3616 2771 άνέλεγκτος(87),
3631 2702 3738 2771 χεί-

2134 2804 2243 2866 ρων
2272 2788 2471 2858 ἑαυτῆς
2501 2787 2731 2855 γίνεται,
2750 2788 2844 2840 καὶ
2874 2790 2952 2854 είς
2968 2788 3161 2852 ἄλλους
3179 2788 3290 2859 (88)
3324 2790 3425 2861 τὴν
3463 2791 3735 2863 διανομὴν

2131 2878 2397 2949 λαμϐάνει
2427 2878 2561 2950 (89),
2593 2880 2716 2932 ἐπεὶ
2745 2881 2838 2933 καὶ
2874 2898 2892 2931 ι
2930 2880 3075 2951 ζύμη
3111 2881 3285 2953 μικρὰ
3314 2881 3605 2953 πλήρωμα
3642 2903 3737 2952 φυ-

443 2984 567 3045 tur;
598 2977 858 3048 quoniam
887 2994 907 3029 ι
935 2975 1213 3030 modicum
1234 2973 1563 3028 fermentum
1592 2980 1761 3026 totam
1791 2987 2032 3027 massam

2142 2970 2378 3042 ράματος
2402 2970 2594 3024 δολοῖ’⁷
2617 2970 2750 3042 (90),
2780 2990 2800 3023 ι
2833 2973 2929 3026 καὶ
2958 2966 3039 3035 εἷς
3068 2973 3307 3043 κλέπτης
3330 2976 3409 3037 είς
3422 2975 3550 3028 ὅλον
3581 2975 3735 3038 ἔθνος

443 3070 751 3148 corrumpit
773 3069 855 3136 ²⁶;
893 3085 915 3122 ι
964 3074 1021 3123 et
1069 3066 1159 3121 fur
1205 3083 1348 3121 unus
1397 3067 1706 3120 universam
1754 3065 2030 3120 nationem

2142 3062 2194 3116 τὸ
2214 3064 2380 3134 μύσος
2399 3062 2509 3134 (91)
2530 3064 2797 3134 ἐπήγαγε,
2824 3082 2843 3115 ι
2864 3065 2957 3118 καὶ
2977 3067 3130 3135 μυῖαι
3152 3064 3407 3120 θανοῦσαι
3434 3068 3733 3139 σαπριοῦσι

444 3160 709 3229 infamat;
738 3166 839 3217 ett
881 3174 1085 3218 muscae
1131 3167 1362 3221 mortuae
1402 3156 1774 3228 putrefaciunt
1805 3172 2031 3227 compo-

2142 3155 2431 3209 σκευασίαν
2463 3155 2768 3227 ἡδύσματος
2789 3156 2992 3222 ἐλαίου,
3023 3159 3118 3211 καὶ
3140 3157 3402 3228 βασιλέως
3424 3160 3735 3213 ὑπακούον-

444 3252 699 3315 sitionem
748 3252 1013 3331 unguenti
1060 3250 1348 3305 aromatici
1388 3250 1469 3317 ἐς
1503 3265 1744 3319 cumque
1776 3265 1872 3305 rex
1913 3265 2032 3305 ser-

2142 3268 2226 3314 τος
2253 3249 2408 3319 λόγον
2436 3249 2641 3314 ἄδικον,
2690 3249 2892 3313 πάντες
2918 3251 2967 3303 oi
2998 3251 3091 3303 ὑπ’
3119 3249 3281 3304 αὑτὸν
3312 3250 3591 3322 ὑπηρέται
3628 3271 3733 3307 πα-

444 3344 595 3406 moni
641 3343 830 3423 iniquo
877 3358 1066 3399 aurem
1098 3343 1319 3414 praebet,
1358 3358 1551 3398 omnes
1600 3342 1749 3398 illius
1791 3342 2031 3398 ministri

2142 3342 2384 3414 ράνομοι·
2421 3360 2439 3393 ι
2460 3340 2603 3394 οὑτω
2639 3343 2734 3396 καὶ
2762 3343 3035 3414 πρόϐατον
3067 3341 3349 3415 ψωραλέον
3369 3346 3731 3414 μεταδίδωσιν

446 3437 619 3509 iniqui
647 3444 777 3499 sunt
800 3437 880 3505 ²⁹;
924 3456 943 3489 ι
980 3437 1061 3492 sic
1091 3437 1212 3491 ovis
1246 3435 1525 3501 scabiosa,
1559 3435 1670 3490 nisi
1699 3452 1729 3489 a
1761 3436 1913 3491 sanis
1943 3450 2031 3490 se-

2142 3439 2345 3509 ὲτέροις
2371 3435 2471 3507 τῆς
2498 3435 2677 3499 νόσου,
2708 3435 2781 3507 μὴ
2811 3433 3075 3507 χωρισθὲν
3102 3434 3212 3487 τῶν
3240 3435 3490 3503 ὑγιεινῶν
3521 3437 3733 3509 προϐά-

445 3537 691 3601 paretur,
741 3529 993 3584 morbum
1026 3544 1186 3585 suum
1219 3543 1343 3584 cum
1392 3526 1501 3583 illis
1533 3530 1932 3595 communicat;
1976 3536 2030 3581 et

2142 3546 2265 3593 των,
2287 3530 2379 3582 καὶ
2405 3527 2500 3581 ἄνθ
2510 3544 2691 3599 ρωπος
2716 3526 3035 3597 λοιμώσσων
3064 3526 3279 3589 πολλοῖς
3305 3527 3641 3597 φυλακταίος
3663 3531 3727 3594 ³⁸,

442 3623 611 3676 homo
655 3630 808 3692 peste
848 3622 1130 3686 laborans,
1155 3621 1406 3693 pluribus
1444 3619 1809 3674 formidabilis
1839 3627 1954 3687 est;
1977 3629 2032 3674 et

2142 3623 2231 3675 καὶ
2278 3621 2422 3674 κύων
2459 3620 2632 3692 λύσσῃ
2672 3618 2956 3690 συσχεθεὶς
2992 3620 3334 3683 ἐπικίνδυνος
3371 3622 3571 3685 παντὶ,
3614 3618 3659 3690 ᾧ
3685 3624 3730 3676 δ’

444 3715 603 3770 canis
634 3715 787 3770 rabie
814 3730 1127 3785 possessus,
1160 3714 1419 3768 omnibus
1451 3728 1592 3785 quos
1625 3713 1868 3782 attigerit
1893 3713 2033 3782 peri-

2142 3713 2199 3767 ἂν
2218 3713 2607 3786 προσάψῃ(92).
2628 3711 2751 3765 Ἐὰν
2767 3708 2859 3765 οὖν
2876 3713 2969 3766 καὶ
2980 3712 3265 3783 ἄνθρωπον
3280 3712 3388 3784 (95)
3406 3715 3730 3786 παράνομον

444 3806 635 3867 culum
665 3813 836 3867 creat.
872 3803 929 3860 Si
960 3821 1092 3875 ergo
1127 3805 1408 3859 hominem
1458 3818 1693 3873 nequam
1743 3804 1811 3857 ab
1843 3803 2031 3858 Eccle-

2142 3805 2212 3876 μὴ
2224 3807 2320 3877 τῆς
2349 3806 2670 3877 Ἐκκλησίας
2680 3804 2775 3857 τοῦ
2789 3803 2922 3856 Θεοῦ
2936 3805 3283 3875 χωρίσωμεν,
3313 3808 3619 3879 ποιήσομεν
3638 3811 3731 3863 τὸν

447 3897 530 3953 sia
558 3896 655 3952 Dei
688 3914 798 3951 non
829 3912 1169 3967 separemus,
1202 3913 1267 3951 ex
1300 3897 1463 3950 domo
1491 3896 1583 3949 Dei
1616 3895 1882 3951 faciemus
1907 3911 2031 3966 spe-

2142 3892 2281 3951 aixov
2311 3898 2517 3969 Κυρίου
2551 3898 2809 3969 σπήλαιον
2837 3897 3068 3970 λῃστῶν.
3100 3900 3190 3951 Δεῖ
3215 3899 3325 3970 γὰρ
3354 3900 3449 3953 ἐπὶ
3478 3901 3593 3973 (94)
3620 3905 3730 3961 τῶν

447 3988 666 4051 luncam
713 3989 1008 4044 latronum.
1038 3990 1077 4027 ³¹
1128 3987 1246 4042 Non
1276 3988 1421 4042 enim
1456 3994 1669 4056 oportet
1704 3995 2027 4057 peccatores

2142 3989 2556 4061 ἁμαρτανόντων
2591 3992 2664 4062 μὴ
2698 3991 3081 4061 παρασιωπᾷν,
3111 3990 3225 4043 ἀλλ’
3245 3991 3508 4062 ἐλέγχειν,
3541 3995 3731 4048 νουθε-

521 4099 702 4172 ¹ξιεε.
741 4117 781 4166 ι,
813 4101 905 4156 25.
978 4103 1023 4133 ’⁸
1046 4100 1182 4172 Luc.
1208 4118 1282 4165 νι,
1311 4101 1399 4155 41.
1480 4101 1523 4172 ἠδ
1555 4100 1721 4172 (litat.
1776 4100 2055 4156 Anastasii

2178 4114 2371 4172 quaest.
2404 4104 2493 4167 60,
2571 4105 2618 4135 ’°
2644 4103 2761 4158 Gal.
2792 4121 2856 4167 ν,
2899 4104 2954 4161 9.

448 4171 497 4204 ’⁸
538 4171 718 4227 Eccle.
743 4188 799 4238 ι,
840 4172 892 4235 1.
971 4173 1016 4205 ¹⁹
1048 4171 1210 4233 Prov.
1258 4187 1411 4235 xxxx,
1448 4170 1527 4234 l2.
1613 4170 1656 4199 ³⁰
1696 4170 1886 4227 Anast.
1926 4172 2055 4241 φυλο

2142 4170 2247 4237 έος.
2324 4175 2366 4205 ³⁸
2392 4175 2581 4235 Matth,
2631 4175 2859 4241 “1,13.

1770 4306 2136 4364 VARIORUM
2170 4307 2403 4366 ΝΟΤΑΞ.

523 4421 633 4496 (84)
675 4425 771 4489 Ὠς
800 4422 1051 4505 πατέρες
1081 4421 1269 4485 υἱούς.
1314 4420 1398 4474 Al.
1452 4418 2037 4505 «arripe-Corrigere

2142 4424 2438 4489 Anastasii,
2484 4426 2669 4505 verba.
2703 4441 2825 4505 quae
2867 4441 2897 4479 a
2927 4427 3173 4505 margine
3212 4428 3269 4481 in
3300 4434 3510 4505 textum
3546 4428 3727 4502 irrep-

451 4490 634 4568 auteni
664 4502 878 4568 oportet
901 4490 1072 4568 etiam
1115 4507 1190 4568 ριξ-
1208 4505 1443 4568 _mss_._ac
1464 4507 1530 4568 ex
1559 4490 2033 4568 Niconisdveicw-
2068 4490 2107 4500 “’
2140 4510 2284 4568 sere,
2311 4511 2539 4568 quaeque
2567 4490 2736 4568 etiam
2762 4499 2963 4568 absunt
2988 4512 3018 4549 a
3044 4490 3175 4553 mss.
3205 4509 3443 4568 suntque
3470 4490 3725 4567 Apostoli

3047 4104 3093 4136 ’τ
3116 4105 3171 4159 in
3224 4104 3524 4163 Anastasio
3564 4108 3747 4181 ζυμοῖ.

450 4584 565 4629 τοις
585 4561 946 4622 Collectaneis
968 4576 1134 4615 serm.
1164 4562 1254 4622 51,
1281 4561 1473 4615 vitium
1499 4562 1750 4617 lectionis
1783 4562 1838 4616 in
1861 4562 2034 4615 Anas-

452 4636 685 4692 tasianis
723 4633 1142 4705 quaestionibus,
1192 4630 1382 4705 ὥσπερ
1431 4631 1601 4696 υἱούς,
1644 4633 1734 4687 cui
1764 4634 2031 4702 originem

460 4706 614 4762 dedit
645 4703 961 4759 abbreviata
989 4704 1284 4771 scriptura.
1310 4703 1447 4755 Cor.

525 4775 635 4847 (85)
671 4775 745 4847 "_H
763 4772 1291 4847 διὰδωροληψιάν.
1313 4771 1671 4847 Exciderunt
1695 4772 1811 4847 hinc
1842 4788 1916 4847 ex_
1948 4772 2029 4847 al—

451 4841 572 4901 tero
609 4841 756 4908 cod.,
789 4846 917 4917 quia
950 4859 1055 4917 vos
1098 4841 1430 4917 antecedens
1459 4844 1648 4917 eodem
1681 4844 1862 4917 modo
1887 4843 2034 4895 desi‘

454 4917 557 4974 nit.
588 4930 708 4983 quae
735 4911 826 4969 res
856 4914 1184 4983 emissiones
1216 4911 1528 4981 frequentes
1559 4914 1615 4966 in
1656 4914 1899 4983 antiquis
1940 4928 2034 4966 co-

453 4979 671 5056 dicibus
695 4984 921 5056 peperit.
948 4979 1117 5056 Cncn.

547 5055 635 5122 86)
665 5051 1041 5122 Μῆτένοιτο.
1072 5053 1239 5107 Addit
1275 5054 1411 5107 alter
1436 5054 1514 5113 εἰς
1544 5053 1707 5122 ὑμᾶς.
1740 5051 1815 5107 Ιι).

548 5122 651 5247 87)l
681 5122 1082 5192 Ἀγέλεγκτος.
1132 5123 1377 5194 Uterque
1405 5122 1528 5178 cod.
1560 5122 1724 5180 Vind.
1752 5122 2032 5191 ἀνεξέλεγ-

548 5213 600 5247 ις.
656 5211 709 5247 ι).

454 5212 600 5257 κτος.
632 5211 709 5249 ιι).

550 5265 640 5330 88)
673 5265 955 5329 Ἄλλους.
990 5262 1140 5321 Alter
1166 5263 1501 5330 ἀλλήλους.
1536 5265 1613 5318 In.

550 5271 618 5320 88
673 5271 955 5329 ΙἌλλους.
990 5271 1140 5321 Alter
1166 5271 1501 5330 ἀλλήλους.
1537 5271 1613 5318 ΙΙ).

527 5271 640 5406 (89)
667 5333 965 5406 Διανομῂν
991 5334 1300 5404 λαμϐάνει.
1326 5335 1483 5406 Alter
1507 5335 1539 5404 ὴ
1568 5333 1706 5405 νομὴ
1735 5333 1913 5406 ἕρπει,
1941 5333 2033 5387 de—

457 5403 630 5475 pastio
663 5404 844 5474 serpit.
876 5404 1032 5475 Νομή
1061 5403 1142 5460 est
1168 5405 1370 5459 ulceris
1399 5403 1713 5466 virulent’ia‘,
1745 5403 1851 5473 qua
1884 5403 1943 5457 fit
1972 5413 2031 5457 ut

460 5474 786 5545 depascatur
810 5474 1041 5545 vicinam
1091 5490 1335 5545 carnem,
1369 5475 1639 5545 serpendo
1684 5489 2030 5545 quaquaver-

461 5543 581 5606 sus.
627 5546 734 5598 ἀπὸ
762 5544 856 5597 τοῦ
884 5543 1166 5613 νέμεσθαι
1198 5544 1428 5612 depasci.
1457 5543 1643 5614 itaque
1673 5549 1751 5607 εἰς
1771 5544 2031 5615 ἀλλήλους

462 5616 597 5684 νομὴ
626 5616 782 5684 ἕρπει
811 5624 916 5677 est,
952 5616 1092 5669 virus
1136 5618 1293 5736 serpit
1319 5618 1579 5681 vicissim;
1610 5617 1713 5670 hoc
1741 5623 1849 5681 est,
1893 5616 2031 5677 alios

465 5683 555 5734 nlii
586 5685 735 5736 vitiis
765 5687 881 5736 suis
913 5686 1183 5736 inliciunt.
1240 5702 1290 5736 ιι.

465 5683 555 5734 nlii
586 5683 735 5737 vitiis
765 5687 881 5739 suis
913 5686 1183 5738 inliciunt.
1218 5683 1290 5739 In.

534 5751 642 5823 (90)
691 5753 984 5825 Πλήρωμα
1012 5754 1357 5827 φυράματος
1400 5756 1588 5814 δολοῖ.
1624 5754 1774 5813 Tolle
1804 5772 1834 5813 e
1874 5756 2030 5817 libris

2139 4564 2159 4618 Ι
2190 4566 2316 4638 Cor.
2335 4582 2398 4638 _v,
2424 4565 2479 4629 6,
2503 4575 2556 4620 et
2580 4564 2698 4638 Gal.
2732 4584 2786 4638 ν,
2813 4568 2861 4628 9,
2896 4566 3015 4619 ὅλον
3043 4568 3103 4621 τὸ
3123 4564 3563 4638 φύραμαζυμά.
3598 4570 3725 4627 Pari

2139 4636 2301 4710 modo
2334 4636 2495 4689 iidem
2519 4637 2737 4710 eodices
2753 4637 2901 4710 Regii
2925 4646 3113 4710 postea
3139 4636 3339 4694 melius
3366 4636 3595 4703 habent,
3622 4661 3729 4710 χω-

2139 4705 2343 4777 ρισθὲν,
2379 4712 2449 4777 ut
2506 4700 2947 4777 ponstitutiones:
2993 4707 3096 4772 Qui
3140 4718 3322 4762 autem
3371 4700 3723 4777 sequituruin

2136 4776 2450 4847 énastasio.
2499 4775 2809 4830 Salomonis
2852 4780 3027 4838 locus,
3066 4794 3129 4830 ex
3167 4787 3320 4846 parte
3344 4775 3551 4847 petitus
3578 4789 3666 4836 est
3694 4799 3727 4838 e

2131 4843 2580 4900 Constitutionum
2631 4847 2724 4899 lib.
2759 4862 2819 4907 ιι,
2859 4862 2980 4916 cap.
3010 4850 3062 4902 9.
3094 4843 3325 4917 Reliqua
3345 4843 3490 4903 ’νει-ο
3534 4855 3726 4907 omnia

2136 4919 2530 4977 Anastasiana,
2588 4934 2697 4970 non
2752 4917 2935 4970 inveni
2995 4919 3048 4970 in
3102 4919 3311 4973 nostris
3366 4917 3720 4979 Diataxibus.

2134 4986 2275 5040 Cor.
2299 4984 2440 5038 ——ln
2458 4988 2629 5064 altero
2642 4987 2764 5064 eqd.
2784 4986 3092 5042 Vindobon.
3112 4989 3310 5058 legitur
3338 4989 3521 5061 πλήρη
3546 4996 3728 5064 φυρά-

2138 5073 2302 5127 ματα,
2334 5072 2443 5109 non
2475 5059 2636 5111 male.
2667 5056 2835 5110 Cum.

2207 5128 2316 5197 (9i)
2353 5127 2421 5179 Τὸ
2448 5129 2665 5195 μύσος.
2712 5127 2875 5179 Addit
2925 5128 3062 5182 alter
3106 5126 3568 5192 πολλάκις.νει’ῑθ
3603 5150 3617 5186 :
3656 5133 3730 5189 In

2136 5208 2302 5255 tatam
2332 5206 2534 5265 gentem
2561 5198 2729 5250 scelus
2756 5197 2994 5259 inducit;
3028 5201 3129 5253 hoc
3157 5210 3262 5264 est,
3299 5215 3423 5256 eam
3452 5201 3523 5256 ad
3561 5202 3731 5260 latru-

2136 5268 2433 5321 cinandum
2463 5270 2714 5336 exemplo
2744 5268 2970 5335 pellicit.
3000 5268 3078 5322 In.

2207 5337 2317 5409 (92)
2339 5336 2653 5409 Προσάψῃ.
2686 5337 2836 5391 Alter
2866 5338 3201 5409 Προάψηται.
3240 5339 3317 5393 In.

2204 5408 2315 5478 (95)
2351 5408 2487 5482 Καὶ-
2508 5408 2837 5482 ἄνθρωπον.
2859 5408 3156 5482 *Αιιθν-και
3197 5410 3357 5482 ἡμεῖς
3391 5410 3689 5482 ἄνθρωπον

2134 5457 2226 5601 np;
2250 5457 2449 5599 quopue
2469 5457 2728 5532 Ιιοιιιὶἦειιι
2753 5457 2834 5529 αδ

2136 5564 2169 5601 ι)
2194 5558 2319 5601 lcet.
2381 5565 2432 5601 υ.

2194 5558 2319 5602 lcet.
2358 5558 2432 5601 Ιυ.

2136 5564 2319 5743 pulta).
2523 5617 2805 5675 Omittitur
2834 5636 2888 5674 ιιι
2915 5620 3110 5687 altero,
3142 5636 3451 5694 perperam,
3487 5623 3611 5678 Ἐπί
3630 5624 3718 5683 ω(

2136 5704 2191 5745 es
2249 5707 2392 5747 craa.
2448 5706 2501 5747 ι),

2134 5699 2216 5745 est
2249 5707 2392 5764 erga.
2426 5699 2501 5747 ID.
