3884 6180
214 305 325 364 629

1140 300 1738 359 CONSTITUTIONES
1775 301 2457 359 APOSTOLIC/E.—LIB.
2493 303 2558 357 Il.

3361 305 3468 364 650

205 421 345 483 τεῖν,
392 418 731 483 ύποπιέζειν,
778 417 994 474 οτιὸοῦν
1028 419 1329 488 νηστείαις,
1370 417 1519 479 ὅπως
1556 417 1648 469 καὶ
1686 417 1793 479 τοῖς

1900 417 2246 471 conniventia
2293 430 2358 469 ac
2431 414 2653 471 silentio
2709 414 3020 485 praeterire;
3061 416 3308 486 quinimo
3376 435 3468 473 ar-

205 513 425 583 ἑτέροις
451 512 735 567 εὐλάϐειαν
774 512 1067 584 ἐμποιήσῃ.
1102 530 1122 562 ι
1159 510 1417 572 Εύλαϐεῖς
1452 509 1580 578 γὰρ,
1612 509 1795 580 φησὶν,

204 606 479 676 ποιήσατε
504 607 630 669 τοὺς
658 605 809 667 υίοὺς
848 603 1081 675 Ἰσραήλ.
1121 621 1140 654 ι
1174 603 1297 675 Χρὴ
1324 600 1434 674 γὰρ
1460 601 1551 654 τὸν
1577 600 1799 653 ἐπίσκο-

202 713 305 748 πον
342 698 437 752 καὶ
462 697 552 750 τὸν
581 696 863 768 ἁμαρτιῶν
891 696 1138 767 κωλυτὴν
1165 695 1254 748 διὰ
1280 695 1379 766 τῆς
1406 693 1687 757 νουθεσίας
1714 694 1798 761 γί-

208 790 425 855 νεσθαι,
465 791 561 844 καὶ⁸
597 791 698 860 τῆς
742 788 1090 858 δικαιοσύνης
1129 786 1349 851 σκοπὸν,
1387 787 1480 840 καὶ
1518 785 1624 838 τῶν
1661 786 1799 855 ἡτοι-

209 883 514 954 μασμένων
552 881 660 935 ὑπὸ
694 879 830 933 Θεοῦ
871 880 1089 948 ἀγαθῶν
1128 880 1366 950 κήρυκα,
1408 878 1500 930 καὶ
1532 877 1632 947 τῆς
1673 875 1798 947 μελ-

205 973 413 1045 λούσης
440 973 609 1045 ὀργῆς
637 974 695 1027 ἐν
722 974 790 1043 τῇ
819 972 998 1043 κρίσει
1022 970 1399 1041 διαγγελτῆραο
1433 970 1580 1031 ὃπως
1604 968 1677 1039 μὴ
1707 984 1799 1021 κα-

204 1066 559 1137 ταφρονήσας
592 1065 691 1135 τῆς
734 1063 830 1117 τοῦ
878 1062 1013 1117 Θεοῦ
1058 1063 1409 1133 φυτουργίας,
1456 1059 1663 1131 ἀκούσῃ
1708 1060 1798 1113 διά

206 1157 498 1227 ἀμέλειαν,
527 1156 586 1211 τὸ
617 1157 676 1209 ἐν
703 1155 782 1228 τῷ
823 1156 981 1227 Ὠσηὲ
1007 1154 1319 1227 εἰρημένον·
1357 1172 1376 1205 ι
1406 1153 1521 1207 Ἵνα
1546 1153 1598 1205 τί
1628 1168 1797 1223 παρε-

208 1252 530 1323 σιωπήσατε
556 1250 831 1316 ἀσέϐειαν,
887 1250 980 1304 καὶ
1005 1249 1096 1302 τὸν
1125 1248 1339 1320 καρπὸν
1365 1247 1536 1318 αὐτῆς
1563 1246 1793 1316 ἐτρυγή-

208 1357 367 1411 σατε;
405 1360 425 1396 ι

726 1498 1119 1553 ΚΕΦΑΛΑΙΟΝ
1158 1500 1265 1551 IH’.

206 1633 344 1687 ὀτι
373 1633 628 1717 χρὴ-τὸν
655 1634 998 1717 ἐπίσκοπον·
1017 1631 1365 1717 φροντίζειη,
1398 1633 1554 1700 ὅπως
1585 1637 1624 1717 ὁ,
1645 1634 1795 1701 λαὸς

312 1704 406 1773 μὴ
436 1704 782 1774 πλημμελῇ,
814 1705 914 1759 διὰ
939 1705 1005 1758 τὸ
1034 1705 1187 1759 εἶναι
1213 1704 1401 1758 αὐτὸν
1426 1705 1681 1758 σκοπόν.

280 1842 509 1896 Πάντων
538 1837 632 1895 οῦν
661 1839 992 1913 φροντιζέτω
1019 1842 1048 1894 ό
1086 1840 1405 1905 ἐπίσκοπος,
1444 1839 1538 1894 καὶ
1563 1838 1671 1892 τῶν
1719 1838 1794 1910 μὴ

204 1934 636 2006 ἡμαρτηκότων,
677 1933 764 1986 ἵνα
811 1932 1068 2004 μείνωσιν
1115 1931 1511 2005 ἀναμάρτητοι,
1564 1930 1796 1984 καὶτῶν

204 2026 660 2099 ἁμαρτανόντων,
701 2025 789 2078 ἵνα
827 2023 1148 2095 μετανοῶσι.
1186 2024 1348 2093 Λέγει
1384 2022 1493 2096 γὰρ
1529 2025 1558 2077 ὁ
1593 2023 1795 2095 Κύριος

204 2119 352 2191 πρὸς
391 2118 537 2189 ὑμᾶς
575 2116 705 2187 (95)·
765 2136 783 2167 ι
833 2117 1023 2187 Ὁρᾶτε
1071 2116 1146 2188 μὴ
1184 2117 1631 2188 καταφρονήσητε
1678 2116 1796 2179 ἐνὸς

202 2212 318 2265 τῶν
347 2210 561 2283 μικρῶν
587 2209 810 2263 τούτων.
836 2228 853 2260 ι
887 2209 997 2262 Καὶ
1026 2208 1136 2281 (96)
1164 2211 1277 2272 τοῖς
1299 2207 1645 2279 μετανοοῦσιν
1674 2209 1799 2277 ἄφε-

206 2322 297 2359 σιν
325 2303 527 2358 διδόναι
557 2303 684 2374 χρή.
719 2302 868 2374 ’Ἅμα
895 2300 1004 2372 γὰρ
1029 2300 1106 2372 τῷ
1136 2302 1309 2354 εἰπεῖν
1337 2318 1462 2356 τινα
1488 2301 1595 2355 τῶν
1624 2301 1795 2371 πλημ-

205 2395 570 2468 μελησάντων
607 2394 807 2465 γνησία
842 2394 1106 2448 διαθέσει·
1143 2412 1162 2444 ι
1211 2393 1537 2464 Ἡμάρτηκα
1573 2391 1650 2462 τῷ
1684 2394 1795 2445 Κυ-

204 2489 344 2560 ρίῳ’
388 2507 407 2538 ι
440 2486 794 2557 ἀποκρίνεται
822 2484 882 2537 τὸ
918 2486 1071 2555 ἀγιον
1099 2483 1352 2554 Πνεῦμα·
1399 2502 1419 2536 ι
1454 2484 1565 2536 Καὶ
1592 2482 1794 2554 Κύριος

202 2579 395 2652 ἀφῆκέ
422 2597 503 2632 σοι
530 2579 631 2649 τὴν
660 2578 952 2649 ἁμαρτίαν,
984 2576 1195 2648 θάρσει,
1228 2578 1288 2630 ού
1321 2576 1395 2649 μὴ
1434 2575 1729 2649 ἀποθάνῃς.
1771 2596 1788 2627 i

201 2670 453 2744 Γνώριζε
482 2667 597 2736 οὖν,
625 2664 670 2722 ὦ
698 2671 983 2733 ἐπίσκοπε,
1012 2669 1073 2722 τὸ
1099 2669 1317 2740 ἀξίωμά
1347 2686 1461 2733 σου,
1491 2670 1570 2721 ὅτι
1599 2668 1674 2730 ὡς
1698 2666 1791 2720 τοῦ

200 2766 428 2835 δεσμεῖν
458 2762 758 2835 ἐκληρώσω
782 2762 880 2835 τὴν
909 2761 1178 2826 ἐξουσίαν,
1210 2760 1352 2813 οὓτω
1380 2761 1474 2814 καὶ
1501 2758 1594 2813 τοῦ
1624 2759 1789 2813 λύειν.

215 2858 508 2923 Ἑξουσίαν
536 2852 630 2910 οὖν
659 2856 797 2927 ἔχων
824 2853 917 2909 τοῦ
953 2854 1122 2918 λύειν,
1153 2851 1383 2926 γνὼριξε
1415 2853 1659 2917 σεαυτὸν,
1699 2854 1792 2907 καὶ

201 2950 379 3015 ἀξίως
404 2945 501 3002 τοῦ
527 2948 693 3001 τόπου
726 2964 819 3000 σου
847 2948 905 3000 ἐν
929 2946 1064 3018 τῷδε
1090 2946 1166 3016 τῷ
1197 2944 1295 3016 βίῳ
1324 2944 1684 3017 ἀναστρέφου,
1712 2946 1789 2996 εί-

332 3042 419 3094 ὂτι
436 3041 656 3095 πλείονα
670 3039 830 3103 αὐτὸς
845 3037 1191 3109 ἀπαιτηθήσῃ
1208 3036 1297 3089 τὸν
1318 3036 1473 3105 λόγον
1487 3053 1499 3065 ·
1522 3053 1541 3088 ι
1562 3027 1634 3103 ᾯ
1660 3035 1788 3107 γὰρ,

1899 526 2084 581 guere,
2131 523 2377 572 monere,
2434 507 2815 577 comprimere,
2866 506 3093 577 jejuniis
3148 524 3467 581 macerare,

1898 618 2008 671 quo
2058 604 2241 658 caeteri
2272 604 2340 657 ad
2389 604 2493 658 sibi
2525 602 2826 658 cavendum
2864 604 3233 659 inducantur:
3277 623 3297 657 ‹
3335 604 3475 660 Cau-

1898 701 1984 749 tos
2032 695 2201 760 enim,
2247 695 2445 765 inquit,
2494 694 2660 749 facite
2696 694 2837 751 ﬁlios
2886 696 3106 751 lsraelis
3158 696 3253 748 "-i
3306 696 3472 754 Decet

1899 786 2101 855 quippe
2159 787 2483 858 episcopum
2521 787 2845 842 delictorum
2902 788 3332 858 propulsatorem
3376 806 3470 859 per

1899 878 2325 935 admonitionem
2370 879 2529 945 ellici,
2556 880 2786 951 justitia:
2829 881 3251 951 speculatorem,
3295 881 3470 936 bono-

1898 986 2020 1025 rum
2051 970 2221 1026 a‘Deo
2265 981 2692 1041 prwparatorum
2721 988 3049 1043 praeconem,
3081 983 3136 1029 et
3183 974 3381 1029 futurae
3415 977 3471 1030 in

1892 1064 2103 1134 judicio
2130 1065 2218 1118 ira
2243 1063 2714 1132 denuntiatorem;
2755 1080 2824 1121 ne
2855 1072 3165 1135 contempta
3196 1064 3289 1121 Dei
3319 1067 3474 1136 plau-

1897 1156 2103 1211 tatione
2151 1156 2359 1221 audiat,
2394 1164 2615 1227 propter
2660 1156 3075 1227 negligentiam,
3122 1157 3267 1226 quod
3325 1158 3471 1227 apud

1896 1244 2093 1301 Oscam
2121 1245 2327 1301 dictum
2358 1255 2443 1303 est
2478 1268 2490 1302 :
2529 1265 2547 1299 ι
2586 1248 2729 1314 Quid
2762 1248 3061 1304 retieuistis
3093 1249 3428 1320 impietatem
3450 1288 3467 1315 ,

1894 1347 1951 1393 et
1976 1336 2214 1393 fructum
2245 1338 2397 1395 illius
2424 1338 2804 1395 vindemiastis
2878 1329 2978 1391 ³³ἳο

2455 1495 2684 1552 CAPUT
2724 1495 2911 1551 XVIII.

1898 1631 2051 1699 Quod
2065 1643 2263 1702 oportet
2311 1633 2611 1701 episcopum
2639 1647 2845 1704 curare,
2870 1649 2933 1686 ne
2958 1642 3127 1701 peccet
3156 1632 3319 1702 plebs,
3344 1634 3467 1704 quia
3498 1694 3501 1695 ν

2396 1704 2509 1771 ipse
2529 1713 2607 1757 eu
2634 1703 2954 1772 speculator.

1970 1838 2225 1893 Omnium
2274 1838 2457 1910 itaque
2498 1853 2688 1894 curam
2732 1832 2931 1894 habeat
2969 1838 3299 1909 episcopus;
3350 1845 3469 1894 tum

1898 1954 2087 1993 eorum
2117 1940 2210 2009 qui
2255 1955 2366 1995 non
2412 1946 2728 2011 peccarunt,
2779 1947 2836 1993 ut
2881 1938 3020 1994 tales
3059 1953 3182 1994 esse
3214 1954 3467 2009 perseve-

1898 2047 2054 2107 rent;
2099 2048 2219 2096 tum
2263 2054 2455 2095 eorum
2504 2039 2597 2110 qui
2645 2038 3013 2109 deliquerunt,
3041 2046 3100 2093 ut
3146 2038 3467 2109 pmnitentia

1897 2141 2188 2197 ducantur.
2218 2140 2301 2194 Ad
2329 2155 2429 2196 vos
2456 2142 2601 2196 enim
2629 2140 2763 2196 dicit
2788 2138 3053 2195 Dominus
3085 2157 3101 2194 ε
3137 2157 3155 2189 ι
3186 2138 3379 2195 Videte
3398 2156 3468 2195 ne

1898 2244 2263 2300 contemnatis
2287 2259 2454 2299 unum
2479 2259 2548 2298 ex
2573 2242 2659 2297 his
2686 2241 2905 2312 pusillis
2925 2241 2989 2297 “.
3021 2260 3039 2293 ι
3065 2240 3468 2299 Paznitentibus

1898 2352 2080 2400 autem
2108 2344 2269 2401 venia
2297 2342 2646 2399 concedenda
2679 2351 2783 2397 est.
2816 2340 2951 2396 Nam
2986 2342 3149 2397 simul
3180 2356 3245 2397 ac
3272 2357 3468 2412 pecca-

1896 2455 1985 2502 tor
2012 2448 2283 2518 quispiam
2331 2448 2549 2502 sincero
2591 2444 2786 2502 aﬁ‘ectu
2818 2445 3188 2516 pronuntiavit
3223 2464 3237 2500 :
3274 2463 3293 2496 ι
3339 2443 3468 2500 Pec-

1896 2550 2017 2604 cavi
2060 2548 2324 2614 Domino;
2364 2568 2382 2599 ι
2421 2545 2656 2617 Spiritus
2705 2552 2931 2600 sanctus
2976 2544 3307 2614 respondet:
3347 2562 3366 2595 ι
3404 2543 3471 2600 Et

1898 2651 2161 2706 Dominus
2178 2650 2389 2706 remisit
2406 2650 2502 2705 tibi
2529 2656 2814 2719 peccatum
2833 2666 2847 2715 ;
2869 2648 3101 2711 conﬁde,
3136 2664 3245 2703 non
3268 2650 3469 2705 morie-

1894 2745 1973 2801 ris
1996 2744 2061 2800 ³⁸.
2103 2764 2121 2797 ι
2158 2744 2403 2814 Agnosce
2425 2742 2609 2813 igitur,
2644 2742 2920 2811 episcope,
2943 2740 3259 2811 dignitatem
3284 2749 3467 2809 tuam;

1895 2838 2042 2908 quod
2075 2837 2219 2891 sicut
2244 2835 2471 2889 sortitus
2497 2848 2556 2888 es
2581 2840 2903 2904 potestatem
2935 2831 3158 2903 ligandi,
3186 2833 3261 2886 ita
3282 2840 3336 2887 et
3356 2834 3465 2888 sol-

1892 2928 2076 2985 vendi.
2108 2926 2375 2993 Quocirca
2396 2920 2669 2995 potestate
2698 2923 3012 2982 absolvendi
3054 2924 3333 2993 praeditus,
3373 2940 3467 2979 co-

1894 3037 2096 3093 gnosce
2126 3019 2389 3090 teipsum,
2419 3026 2473 3073 et
2503 3018 2825 3087 condignam
2873 3016 2993 3070 loco
3022 3023 3117 3070 tuo
3144 3016 3308 3071 vitam
3342 3032 3462 3089 age,

202 3096 367 3205 φησὶ,
387 3132 689 3204 παρέθεντο
706 3096 861 3196 πολῦ,
885 3096 1269 3203 περισσότερον
1286 3096 1645 3201 ἀπαιτήσουσι
1658 3096 1789 3199 αἰτία-ρζ

1897 3132 2005 3170 non
2044 3115 2253 3169 inscius
2293 3111 2441 3184 quod
2491 3111 2753 3180 majorem
2802 3109 3106 3179 reposceris
3156 3109 3458 3165 rationem:

203 3224 403 3280 αὐτοῦ.
444 3244 463 3275 ι
520 3223 926 3295 Ἀναμάρτητος
965 3223 1063 3293 μὲν
1112 3221 1224 3293 γὰρ
1270 3220 1571 3292 ἀνθρώπων
1616 3219 1790 3283 οὐδεὶς

204 3315 394 3388 παρὲξ
425 3314 520 3368 τοῦ
566 3315 855 3386 γενομένου
900 3314 966 3367 δι’
995 3315 1140 3384 ἡμᾶς
1184 3311 1469 3384 ἀνθρώπου
1490 3329 1502 3341 ·
1553 3313 1674 3364 ἐπεὶ
1700 3312 1795 3398 7g:

203 3424 485 3481 79amat'
524 3426 543 3460 ι
580 3407 769 3470 Οὐδεὶς
796 3406 1037 3477 καθαρὸς
1079 3406 1188 3460 ἀπὸ
1220 3404 1414 3475 ῥύπου,
1458 3404 1566 3459 οὐδ’
1597 3404 1662 3457 ἂν
1694 3405 1792 3474 μία

202 3502 401 3573 ἡμέρα
428 3498 540 3571 (97)
584 3500 623 3569 ἠ
647 3497 767 3568 ζωὴ
786 3496 971 3553 αὑτοῦ.
1013 3515 1032 3548 ι
1065 3495 1358 3563 Διὰδτοῦτο
1384 3497 1477 3549 καὶ
1513 3495 1621 3549 τῶν
1660 3513 1794 3568 προ-

204 3592 599 3663 γεγενημένων
629 3590 741 3661 (98)
767 3589 991 3644 δικαίων
1018 3605 1078 3641 τε
1106 3590 1200 3642 καὶ
1229 3587 1582 3660 πατριαρχῶν
1608 3588 1658 3641 οἱ
1690 3587 1793 3658 βίοι

204 3686 304 3739 καὶ
354 3684 411 3738 αι
459 3682 796 3754 ἀναστροφαί.
835 3681 1251 3753 ἀνεγράφησαν·
1300 3682 1397 3750 οὐχ
1440 3679 1526 3734 ἵνα
1554 3680 1795 3744 ἐκείνους

204 3776 562 3846 ὀνειδίζωμεν
616 3772 1099 3843 ἀναγινώσκοντες,
1156 3772 1268 3827 ἀλλ’
1303 3773 1394 3826 ἵνα
1434 3774 1592 3843 ἡμεῖς
1634 3789 1794 3843 μετα-

206 3868 447 3941 νοῶμεν,
489 3869 582 3921 καὶ
620 3865 895 3929 εὐέλπιδες
921 3863 1204 3936 γενώμεθα
1240 3864 1317 3928 ὼς
1343 3864 1587 3932 ἀφέσεως
1612 3863 1795 3928 τευξό-

209 3979 391 4035 μενοι.
422 3960 505 4014 Τὰ
531 3958 640 4031 γὰρ
669 3958 893 4012 ἐκείνων
924 3957 1091 4029 ῥύπη,
1123 3956 1367 4028 ήμετέρα
1407 3954 1673 4024 ἀσφάλεια
1700 3959 1794 4010 καὶ

206 4054 558 4126 παραίνεσις,
598 4053 679 4105 ὅτι
707 4050 800 4103 καὶ
836 4051 995 4120 ἡμεῖς
1023 4047 1454 4119 ἀμαρτήσαντες,
1493 4046 1589 4099 ἐὰν
1628 4064 1791 4117 μετα-

206 4149 519 4218 νοήσωμεν,
545 4142 872 4214 συγγνώμην
891 4141 1082 4211 ἕξομεν
1100 4157 1114 4170 ’
1140 4141 1262 4193 ἐπεὶ⁸
1286 4139 1616 4218 γέγραπται·
1655 4158 1673 4189 ‹
1698 4140 1795 4202 Τίς

207 4240 550 4310 καυχήσεται
594 4236 764 4307 ἁγνὴν
802 4234 943 4305 ἔχειν
978 4234 1077 4306 τὴν
1113 4233 1353 4305 καρδίαν,
1381 4233 1426 4303 ἢ
1453 4233 1537 4296 τίς
1574 4233 1791 4303 παρρη-

210 4330 461 4385 σιάσεται
508 4328 745 4399 καθαρὸς
780 4322 916 4381 εἶναι
944 4326 1053 4379 ἀπὸ
1090 4326 1393 4397 ἀμαρτίας;
1432 4342 1450 4376 ι
1484 4324 1670 4387 Οὐδεὶς
1701 4322 1794 4378 οὖν

1898 3226 1918 3259 c
1949 3208 2048 3263 Cui
2078 3206 2242 3273 enim,
2274 3205 2470 3275 inquit,
2500 3200 3019 3257 commendaverunt
3044 3202 3295 3264 multum,
3340 3201 3465 3271 plus

1893 3307 2071 3372 petent
2104 3300 2172 3354 ab
2196 3313 2262 3353 eo
2313 3297 2409 3347 ³⁸.»
2440 3295 2634 3350 Nullus
2662 3292 2931 3364 siquidem
2958 3292 3238 3347 hominum
3268 3308 3466 3362 expers

1892 3392 2099 3465 peccati
2130 3390 2420 3461 reperitur,
2442 3398 2637 3458 praeter
2662 3402 2786 3441 eum
2816 3384 2911 3456 qui
2932 3390 3155 3455 propter
3180 3399 3281 3439 nos
3303 3384 3468 3439 homo

1896 3488 2074 3542 factus
2109 3491 2214 3548 cst,
2264 3481 2551 3553 Scriptura
2596 3479 2809 3534 dicente
2839 3497 2853 3533 :
2894 3496 2913 3530 ι
2949 3476 3143 3533 Nullus
3170 3478 3407 3533 mundus
3436 3494 3468 3532 a

1895 3580 2078 3643 sorde,
2123 3593 2301 3649 neque
2338 3578 2385 3633 si
2430 3590 2573 3631 unus
2610 3574 2729 3629 dies
2757 3573 2867 3627 vita
2899 3573 3044 3628 illius
3092 3572 3189 3623 "oi
3241 3571 3469 3643 Propter

1895 3676 1999 3729 hoc
2018 3674 2290 3743 justorum
2320 3684 2385 3724 ac
2406 3668 2843 3740 patriarcharum
2865 3666 2955 3736 qui
2976 3666 3107 3719 olim
3134 3665 3463 3731 ﬂoruerunt,

1896 3774 2052 3821 actus
2078 3772 2132 3819 et
2163 3777 2345 3819 mores
2373 3759 2672 3830 conscripti
2701 3766 2860 3825 sunt;
2891 3774 3003 3813 uou
3031 3757 3250 3827 quidem
3282 3766 3342 3811 ut
3363 3758 3469 3828 piis

1895 3858 2232 3919 hominibus,
2265 3855 2391 3909 dum
2423 3853 2674 3924 legimus,
2720 3851 2887 3904 vitam
2917 3849 3340 3919 exprobremus;
3373 3850 3468 3905 sed

1896 3960 1955 4005 ut
1991 3965 2091 4004 nos
2131 3954 2483 4019 peccatorum
2527 3951 2843 4000 nostrorum
2882 3942 3163 4011 poeniteat,
3200 3948 3366 4010 utque
3412 3942 3467 3997 in

1895 4052 2101 4098 certam
2130 4038 2478 4095 remissionis
2521 4033 2889 4107 adipiscendae
2918 4048 3070 4103 spem
3117 4032 3463 4089 inducainur.

1896 4134 2117 4189 Illorum
2164 4132 2311 4188 enim
2340 4131 2478 4186 naavi
2516 4136 2704 4185 nostra
2748 4126 3016 4181 securitas
3063 4132 3118 4179 et
3162 4125 3467 4179 consolatio

1897 4234 2047 4293 sunt,
2072 4225 2215 4297 quod
2250 4239 2350 4279 nos
2378 4236 2616 4293 quoque,
2648 4219 2693 4273 si
2728 4218 2797 4274 de
2833 4218 3071 4289 peccatis
3104 4217 3307 4271 nostris
3335 4232 3465 4285 ege-

1896 4321 2070 4375 rimus
2109 4316 2504 4388 pmmtentiam,
2536 4312 2694 4367 venia
2724 4310 3080 4375 donabimur;
3122 4308 3466 4379 quandoqui-

208 4424 616 4496 ἀναμάρτητος.
646 4422 720 4475 Σὺ
749 4418 841 4474 οὖν
868 4418 1010 4474 κατὰ
1034 4417 1283 4490 δύναμιν,
1317 4416 1583 4482 σπούδαζε
1613 4418 1793 4471 ἀνεπί-

1898 4414 2021 4467 dem
2071 4410 2335 4479 scriptum
2366 4415 2491 4462 est:
2548 4423 2567 4455 ι
2597 4403 2731 4469 Quis
2775 4402 3097 4472 gloriabitur
3145 4408 3357 4454 castum
3406 4415 3466 4454 se

209 4493 421 4589 ληπτός
447 4510 605 4568 εἶναι·
662 4513 758 4567 καὶ
791 4513 920 4584 περὶ
955 4511 1173 4565 πάντων
1211 4510 1469 4581 μερίμνα,
1512 4509 1586 4580 μὴ
1614 4508 1703 4563 διὰ
1732 4510 1792 4563 σέ

1897 4506 2097 4560 habere
2135 4518 2265 4569 cor;
2309 4508 2402 4553 aut
2439 4498 2563 4569 quis
2604 4495 2839 4551 conﬁdet
2884 4493 3142 4547 mundum
3194 4507 3252 4546 se
3283 4506 3405 4545 esse
3434 4507 3463 4543 a

207 4625 298 4671 τις
326 4604 735 4668 σκανδαλισθεὶς
762 4604 1047 4675 ἀπόληται.
1090 4604 1147 4656 '0
1173 4603 1282 4673 7&9
1308 4602 1492 4665 λαῖκὸς
1519 4602 1647 4673 περὶ
1674 4602 1796 4655 ἐαυ-

208 4696 308 4754 τοῦ
342 4698 513 4770 μόνου
555 4698 813 4769 μεριμνᾷ,
857 4697 922 4749 σὺ
962 4695 1019 4750 δὲ
1055 4695 1183 4765 περὶ
1220 4693 1459 4757 πάντων,
1489 4693 1565 4756 ὼς
1610 4693 1791 4747 πλεῖον

1896 4605 2123 4670 peccato
2177 4596 2276 4649 "1':
2308 4594 2479 4648 Nemo
2521 4592 2685 4663 igitur
2715 4590 2922 4658 absque
2967 4593 3194 4656 peccato
3224 4592 3327 4639 est.
3380 4582 3461 4636 Tu

1894 4707 2046 4757 vero,
2077 4687 2257 4761 quoad
2291 4696 2464 4758 potes,
2494 4683 2803 4752 inculpatus
2840 4694 2961 4735 esse
2992 4675 3151 4732 stude
3173 4683 3226 4730 et
3257 4674 3324 4730 de
3346 4689 3464 4727 om-

285 4877 488 4934 ”Lev.
536 4894 628 4943 xv,
671 4878 762 4933 '51.
840 4878 886 4909 ³³
919 4875 1046 4933 Ose.
1075 4894 1129 4940 κ,
1164 4878 1249 4935 l5.
1282 4877 1442 4945 juxta
1471 4874 1641 4930 LXX.
1720 4874 1793 4927 “1

1898 4872 1979 4927 th.
2017 4887 2171 4932 xvm,
2207 4869 2293 4923 IO.
2371 4866 2416 4898 ³⁵
2441 4864 2637 4935 ιιιιυε.
2671 4878 2770 4927 xu,
2803 4860 2886 4915 15'.
2976 4859 3022 4890 ³⁸
3048 4857 3180 4911 Luc.
3225 4871 3320 4919 ιιι,
3368 4855 3457 4907 48-

229 4962 277 4995 ³⁷
361 4950 469 5006 Job
490 4965 605 5018 xxv,
638 4950 693 5015 4,
716 4949 772 5001 in
808 4946 982 5002 LXX.
1060 4949 1104 4980 ³⁸
1136 4947 1296 5002 Prov.
1336 4963 1429 5010 xx,
1464 4948 1516 5001 9.

1520 5136 1884 5195 VARIORUM
1914 5134 2145 5192 NOTJE.

289 5327 607 5405 (95)_dec
646 5324 821 5397 ὑμᾶς.
868 5326 1021 5380 Alter
1072 5322 1228 5378 Vind.
1276 5321 1399 5376 cod.
1442 5320 1501 5373 ἐν
1541 5318 1786 5385 Εύαγγε-

210 5400 370 5458 λίοις.
386 5400 569 5455 CLI-".3.

312 5419 370 5464 ις.
400 5419 569 5455 una.

312 5471 405 5534 96)
432 5469 563 5523 Καί.
596 5468 765 5530 Alter,
796 5463 1014 5529 οὐκοῦν,
1041 5479 1183 5534 ergo.
1214 5462 1291 5534 In.

310 5530 404 5605 97)
432 5539 553 5592 Mla
595 5536 801 5605 ἡμέρα.
834 5537 984 5589 Alter
1027 5530 1150 5588 cod.
1196 5532 1321 5603 μιᾶς
1348 5530 1589 5605 ἡμέρας,
1634 5544 1788 5597 πηυο

215 5600 396 5667 δεξιοί
424 5609 535 5662 imo
568 5600 783 5663 mélius.
819 5605 1070 5673 quamvis
1100 5600 1317 5673 vulgata
1348 5601 1515 5655 lectio
1538 5600 1608 5654 sit
1650 5614 1784 5653 con-

218 5689 485 5739 sentauea
516 5678 647 5732 edit.
677 5675 817 5731 LXX
848 5674 974 5728 lntt.
1006 5674 1080 5727 lo.

290 5750 407 5813 (98)
436 5750 541 5804 Διά
580 5747 754 5802 τοῦτο
792 5745 889 5801 καὶ
928 5744 1045 5799 τῶν
1090 5739 1631 5813 προγεγεντυιένων,
1672 5745 1777 5793 etc.

1896 5315 2059 5384 Lege,
2091 5314 2137 5369 si
2167 5318 2347 5372 vacat,
2371 5324 2492 5384 qua:
2521 5311 2574 5362 in
2604 5308 2747 5384 hanc
2775 5306 3097 5384 sententiam
3146 5304 3462 5384 edisseriiil-

1891 5373 2152 5453 turva'pud
2186 5373 2413 5453 sanctos
2437 5378 2944 5453 Patres,_lrena:um
2979 5376 3072 5453 lib.
3109 5390 3183 5438 Iv,
3218 5389 3338 5453 cap.
3364 5373 3457 5427 45;

1890 5444 2581 5525 Chrysostomumtuom“.
2614 5447 2691 5525 ἐίε
2736 5447 3037 5525 poenitentia
3079 5455 3139 5525 _e_t
3185 5444 3455 5525 oratione,

1890 5511 2023 5579 ιυιιιῖ
2064 5523 2113 5583 Ι;
2149 5511 2435 5574 11011111ξῖ9
2509 5521 2564 5571 in
2605 5511 2865 5575 Genesim,
2899 5523 3027 5568 tom.
3078 5513 3151 5577 Il;
3185 5511 3373 5583 homil.
3401 5511 3453 5564 in

1888 5581 2153 5663 psalnnim
2177 5599 2384 5663 1.,_tom.
2414 5590 2477 5641 Ill
2500 5607 2513 5652 ;
2537 5587 2971 5663 et_r_\ugnstinuu_i
2998 5584 3177 5663 lib.nm
3230 5581 3307 5663 De
3330 5581 3454 5663 (κυεῖ

1888 5652 2030 5717 trina
2062 5660 2390 5719 Christiana,
2423 5675 2541 5726 cap.
2575 5659 2665 5723 ‘23,
2700 5652 2862 5725 atque
2901 5654 3038 5708 libro
3081 5652 3158 5707 De
3187 5662 3382 5707 natura
3404 5659 3451 5706 et

1886 5735 2081 5804 gratia,
2106 5746 2226 5801 cap.
2256 5730 2344 5785 55.
2378 5729 2512 5783 Cor.
