3884 6180
428 275 519 333 631
1285 274 1342 330 S.
1377 273 1770 333 CLEMENTIS
1802 276 1823 333 l
1857 275 1994 332 BHM

2106 277 2262 334 ΟΝΤ.
2298 276 2529 334 ΟΡΕΗΑ
2560 276 2786 335 DUBIA.
3580 282 3692 337 633

423 391 590 447 nibus
618 395 741 445 esto
770 387 1078 457 sollicitus;
1109 405 1178 445 ne
1200 398 1425 461 propter
1445 399 1500 446 te
1529 389 1773 446 offensus
1801 390 1994 461 aliquis

2106 390 2242 462 ἔχων
2288 390 2450 462 βάρος
2489 392 2620 463 (99),
2659 394 2751 446 mi.
2791 392 2974 462 μεῖζον
3004 362 3287 462 βαστάζων
3324 394 3559 465 φορτίον·
3592 400 3691 464 γέ-

423 489 631 553 pereat.
681 481 882 535 Laicus
925 481 1072 536 enim
1119 482 1207 537 sui
1249 489 1461 536 tantum
1509 497 1699 536 curam
1741 484 1911 552 gerit;
1947 489 1994 535 tu

2107 499 2347 555 γραπται
2386 483 2512 553 γάρ·
2551 503 2568 535 ι
2605 485 2712 537 Καὶ
2740 479 2860 536 εἷπε
2889 484 3091 556 Κύριος
3117 486 3271 556 ,πρὸς
3307 487 3567 556 Μωῦσῆν·
3612 489 3688 542 Σὺ

418 575 694 638 omnium,
728 581 787 627 ut
818 574 909 644 qui
942 574 1068 644 plus
1098 574 1284 629 oneris
1321 573 1523 629 habeas
1554 580 1608 629 et
1636 575 1845 645 majore
1870 593 2005 647 pon-

418 666 549 721 dere
588 665 853 735 graveris.
909 663 1183 735 Scriptum
1225 680 1463 735 namque
1500 673 1631 720 est:
1690 684 1709 718 ι
1757 666 1823 721 Et
1865 668 2004 729 dixit

420 757 684 813 Dominus
712 756 779 811 ad
811 755 1050 826 Moysem
1080 774 1095 813 :
1129 754 1212 809 Tu
1243 762 1298 811 et
1319 755 1503 811 Aaron
1533 758 1846 829 suscipietis
1875 775 2005 829 pec-

418 857 541 904 cata
574 849 865 905 sacerdotii
892 849 937 879 “
964 890 977 902 .
1020 866 1041 901 ι
1094 847 1439 917 Quapropter
1489 856 1748 918 Ianquam
1779 850 1847 905 de
1882 850 2004 920 plu-

422 944 578 998 ribus
606 943 872 997 rationem
903 940 1243 1003 redditurus,
1270 955 1459 997 curam
1481 940 1727 996 omnium
1755 942 1997 1011 sustine;

424 1051 491 1092 ac
518 1050 684 1092 sanos
710 1035 931 1105 quidem
961 1048 1266 1101 conserva;
1298 1048 1394 1089 eos
1427 1049 1578 1099 vero,
1614 1034 1707 1105 qui
1738 1051 2001 1105 peccave-

424 1135 572 1195 runt,
606 1128 860 1199 increpa;
889 1124 1211 1197 jejunioque
1232 1125 1474 1191 attritos,
1498 1126 1824 1182 remissione
1845 1127 1994 1195 leva;

420 1229 473 1276 et
506 1220 972 1289 ingemiscentem,
1012 1220 1265 1272 universa
1294 1225 1551 1288 precante
1581 1233 1681 1288 pro
1711 1234 1777 1274 eo
1805 1218 1997 1274 Eccle-

420 1313 522 1379 sia,
545 1312 751 1381 recipe,
769 1325 1055 1380 manuque
1078 1310 1351 1380 imposita,
1377 1311 1634 1380 permitte
1656 1319 1715 1365 ut
1734 1312 1995 1383 deinceps

417 1421 543 1461 cum
573 1420 735 1476 grege
762 1411 1003 1459 maneat.
1029 1402 1098 1459 At
1123 1403 1526 1457 somniculosos
1557 1409 1611 1457 et
1634 1402 1859 1472 ignavos
1874 1419 1997 1458 ver-

418 1512 502 1562 sa,
532 1496 774 1560 suﬂ'ulci,
806 1496 999 1559 incita,
1031 1495 1340 1557 consolare,
1375 1509 1537 1561 sana;
1567 1494 1795 1549 edoctus
1818 1510 1996 1564 quan—

416 1599 527 1644 tam
556 1588 885 1653 mercedem,
919 1586 967 1643 si
999 1586 1196 1642 feceris
1227 1586 1361 1651 haac,
1395 1585 1610 1656 capies;
1645 1594 1837 1640 contra
1865 1602 1995 1643 vero

2104 575 2199 629 καὶ
2241 574 2447 645 Ἀαρὼν
2482 574 2715 645 λήψεσθε
2760 576 3031 646 ἁμαρτίας
3057 577 3155 647 τῆς
3186 576 3475 647 ίερατείας.
3515 597 3533 629 ι
3599 579 3691 644 Ὠς

2104 667 2234 736 περὶ
2262 666 2519 720 πλειόνων
2547 663 2639 719 οὖν
2660 666 3115 738 ἀπολογούμενος,
3136 669 3265 739 περὶ
3285 668 3502 722 πάντων
3529 671 3696 741 φρόν-

2100 757 2240 821 τιζε,
2273 759 2367 813 καὶ
2408 760 2532 822 τοὺς
2575 759 2671 829 μὲν
2715 761 2906 827 ὑγιεῖς,
2939 761 3223 830 συντήρει·
3255 762 3380 824 τοὺς
3405 760 3461 814 δὲ
3504 762 3695 833 ἡμαρ-

2100 850 2356 921 τηκότας,
2400 850 2661 914 νουθέτει,
2701 851 2795 905 καὶ
2827 850 3025 903 στιϐὦν
3052 852 3110 905 ὲν
3152 853 3219 923 τῇ
3250 852 3496 923 νηστείᾳ,
3526 854 3587 905 ὲν
3619 857 3692 925 τῇ

2101 943 2291 1011 ἀφέσει
2322 944 2617 1015 ὲλάφρυνον
2648 944 2738 997 καὶ
2758 943 3212 1010 προσκλαύσαντα
3239 945 3477 1015 εἰσδέχου
3512 946 3693 1015 (ίοθ),

2100 1034 2283 1106 πάσης
2338 1036 2437 1107 τῆς
2490 1036 2813 1107 Ἐκχλησίας
2858 1037 2998 1107 ὑπὲρ
3040 1034 3203 1090 αὑτοῦ
3254 1037 3534 1109 δεομένης,
3592 1040 3696 1092 καὶ¹

2100 1126 2483 1199 χειροθετήσας
2510 1129 2693 1192 αὐτὸν,
2724 1128 2786 1182 ἔα
2827 1129 3011 1182 λοιπὸν
3056 1123 3194 1183 εἶναι
3223 1130 3282 1182 ὲν
3309 1129 3386 1200 τῷ
3425 1131 3693 1201 ποιμνίῳ.

2099 1221 2239 1283 Τοὺς
2266 1220 2323 1274 δὲ
2370 1219 2634 1284 ὑπνώδεις
2662 1222 2755 1275 καὶ
2790 1222 3154 1293 παρειμένους
3196 1222 3511 1293 ἐπίστρεφε,
3553 1223 3697 1277 ὑπο-

2099 1309 2344 1382 στήριζε,
2380 1311 2706 1383 παρακάλει,
2754 1313 3043 1384 θεράπευε,
3093 1315 3451 1385 ἐπιστάμενος
3496 1315 3695 1384 ἡλίκον

2099 1402 2288 1475 μισθὸν
2316 1402 2459 1473 ἔχεις
2485 1403 2656 1458 ταῦτα
2683 1404 2945 1459 ἐπιτελῶν
2976 1405 3072 1477 (1),
3104 1406 3294 1478 ὥσπερ
3321 1403 3413 1460 οὖν
3445 1408 3540 1461 καὶ
3573 1408 3694 1460 κίν-

2094 1496 2249 1549 δυνον
2276 1494 2371 1547 ὲάν
2400 1494 2678 1569 ἀμελήσῃς
2708 1495 2782 1567 (2)
2812 1496 3036 1550 τούτων.
3068 1492 3229 1566 Λέγει
3256 1497 3365 1569 γάρ
3394 1498 3531 1570 πρὸς
3556 1501 3695 1563 τοὺς

2096 1585 2430 1658 ἀμελοῦντας
2474 1586 2569 1641 τοῦ
2609 1586 2739 1641 λαοῦ
2784 1589 3119 1652 ἐπισκόπους
3158 1588 3436 1661 Ίεζεκιήλ·
3492 1608 3510 1640 1
3548 1591 3698 1645 Οὐαὶ

416 1692 682 1755 quantum
725 1681 1043 1743 discrimen,
1077 1679 1124 1735 si
1156 1677 1485 1749 neglexeris.
1523 1676 1658 1730 Nam
1703 1679 1993 1748 episcopos

2106 1682 2207 1743 τοῖς
2226 1679 2443 1750 ποιμέσι
2462 1679 2555 1733 τοῦ
2583 1679 2819 1751 Ἰσραὴλ,
2840 1681 2920 1735 ὅτι
2943 1680 3078 1751 (5-4)
3100 1682 3411 1751 ἐποίμαινον
3431 1681 3692 1746 ἑαυτούς’

417 1744 677 1848 populum
711 1772 1170 1846 parvipendentes
1198 1744 1345 1825 hunc
1375 1772 1431 1825 in
1459 1769 1679 1825 modum
1699 1744 1994 1840 alloquitur

2106 1774 2161 1827 οὐ
2203 1770 2273 1825 τά
2310 1744 2559 1842 πρόϐατα
2599 1744 2977 1842 ποιμαίνουσιν
3017 1744 3069 1825 oi
3098 1744 3373 1844 ποιμένες,

416 1867 664 1925 Ezechiel
696 1886 709 1921 :
748 1886 765 1917 ι
810 1864 899 1920 Va:
931 1863 1246 1935 pastoribus
1276 1860 1515 1928 lsraelis,
1547 1862 1676 1932 quia
1702 1862 1998 1931 pascebant

417 1959 745 2030 semetipsos
780 1977 791 2012 :
827 1965 1077 2027 pastores
1107 1971 1220 2010 non
1268 1961 1502 2027 pascunt
1535 1967 1667 2010 oves
1708 1968 1859 2020 suas,
1901 1954 1997 2011 sed

416 2051 668 2123 seipsos‘i
712 2048 822 2105 Lac
867 2048 1177 2114 comeditis,
1227 2057 1282 2103 et
1314 2048 1458 2102 lanis
1501 2045 1802 2111 vestimini,
1850 2047 1997 2117 quod

413 2143 653 2198 validum
681 2150 766 2197 est
794 2142 1080 2209 occiditis;
1117 2156 1249 2197 oves
1278 2156 1389 2196 non
1421 2139 1650 2210 pascitis
1683 2158 1697 2195 :
1732 2139 1879 2210 quod
1906 2141 1994 2195 in-

418 2234 632 2295 ﬁrmum
663 2242 747 2289 est
772 2250 884 2289 non
915 2233 1243 2296 roborastis,
1278 2232 1424 2303 quod
1459 2240 1723 2302 aegrotum
1753 2246 1862 2286 non
1902 2248 1994 2287 sa-

414 2327 614 2391 nastis,
650 2325 795 2401 quod
821 2326 1163 2380 confractum
1212 2339 1322 2379 non
1371 2324 1660 2395 alligastis,
1709 2324 1856 2393 quod
1899 2325 1998 2379 ab-

412 2419 617 2488 jectum
655 2434 766 2473 non
813 2417 1133 2481 reduxistis,
1181 2424 1236 2471 et
1260 2416 1407 2487 quod
1454 2415 1728 2487 perditum
1757 2431 1868 2471 non
1909 2432 1997 2472 re—

414 2512 699 2583 quisistis;
742 2520 797 2566 et
847 2512 1142 2581 imperiose
1187 2510 1498 2581 castigastis
1537 2525 1631 2565 eas
1678 2525 1803 2564 cum
1848 2510 1995 2564 ludi-

416 2606 538 2661 brio
572 2625 586 2660 :
619 2614 673 2660 et
703 2605 967 2675 dispersae
998 2610 1152 2669 sunt,
1182 2618 1248 2658 eo
1279 2602 1423 2672 quod
1455 2616 1565 2656 non
1595 2609 1743 2657 esset
1773 2610 1993 2671 pastor,

416 2705 473 2753 et
500 2696 655 2757 facta).
671 2705 801 2753 sunt
832 2696 888 2750 in
919 2695 1328 2754 devorationem
1375 2694 1632 2748 omnibus
1663 2694 1854 2749 bestiis
1893 2694 1999 2747 sal-

416 2798 508 2847 tus
528 2788 596 2845 ‘°.
630 2809 647 2841 ι
682 2789 745 2842 Et.
778 2789 977 2844 iterum
1011 2806 1023 2841 :
1060 2805 1079 2838 ‹
1117 2785 1184 2840 Et
1228 2801 1340 2840 non
1371 2786 1707 2855 quzesierunt
1746 2793 1995 2855 pastores

414 2896 547 2937 oves
576 2896 763 2948 meas;
791 2888 847 2935 et
880 2879 1178 2950 pascebant
1210 2888 1455 2949 pastores
1480 2876 1714 2946 seipsos,
1741 2891 1871 2931 oves
1897 2892 1995 2930 au-

416 2981 527 3028 tem
558 2987 709 3027 meas
732 2987 839 3027 non
864 2971 1162 3041 pascebant
1180 2969 1245 3023 δι.
1278 2987 1297 3020 ι
1334 2969 1399 3022 Et
1423 2969 1587 3039 paulo
1610 2975 1769 3036 post:
1804 2985 1823 3018 ‹
1858 2968 1996 3023 Ecce

415 3080 517 3136 ego
545 3064 614 3120 ad
659 3072 938 3135 pastores;
986 3071 1040 3123 et
1085 3062 1360 3132 requiram
1411 3075 1513 3130 ego
1554 3074 1685 3114 oves
1733 3074 1886 3115 meas
1926 3060 1993 3114 de
2020 3090 2062 3148 ρ

417 3173 583 3219 manu
624 3172 846 3223 eorum;
896 3165 948 3212 et
999 3156 1197 3215 faciam
1241 3162 1303 3209 ut
1335 3159 1553 3209 cessent
1594 3166 1820 3222 pascere
1863 3166 1992 3208 oves

417 3264 600 3317 meas;
632 3256 687 3304 et
715 3264 825 3305 non
851 3246 1090 3317 amplius
1112 3254 1362 3316 pastores
1384 3251 1607 3319 pascent
1632 3243 1990 3314 semetipsos;

415 3349 471 3401 et,
499 3341 740 3404 liberabo
767 3356 897 3397 oves
917 3354 1066 3395 meas
1093 3338 1162 3394 de
1191 3355 1355 3395 manu
1378 3353 1599 3403 eorum;
1623 3344 1675 3391 et
1698 3353 1809 3401 non
1830 3344 1993 3391 erunt

418 3434 528 3489 illis
549 3435 606 3489 in
629 3434 1039 3495 devoratiouem
1061 3433 1127 3486 ".
1160 3450 1180 3484 ι
1208 3429 1274 3485 Ει
1301 3429 1368 3483 ad
1393 3431 1653 3500 populum
1677 3430 1842 3484 etiam
1866 3444 1993 3484 con-

416 3542 612 3583 versus
640 3527 715 3580 ait
741 3544 753 3581 :
785 3544 802 3577 ι
829 3524 971 3581 Ecce
986 3524 1361 3595 egojudicabo
1383 3523 1526 3578 inter
1545 3539 1700 3577 ovem
1722 3522 1790 3576 ad
1810 3537 1988 3587 ovem,

416 3625 473 3676 et
511 3619 739 3675 arietem
788 3618 857 3674 ad
889 3618 1139 3675 arietem.
1171 3615 1447 3679 Parumne
1492 3626 1611 3671 erat
1648 3616 1828 3680 vobis,
1863 3617 1993 3685 quia

418 3710 618 3766 bonam
656 3725 917 3785 pascuam
954 3709 1365 3779 depascehatis;
1396 3719 1449 3763 et
1471 3708 1733 3778 reliquias
1772 3723 1992 3778 pascua:

417 3801 827 3859 conculcabatis
857 3801 1088 3871 pedibus
1120 3800 1342 3864 vestris,
1386 3812 1441 3854 et
1469 3816 1599 3855 oves
1624 3799 1994 3857 conculcatio-

419 3907 519 3950 nes
534 3894 733 3965 pedum
752 3900 1058 3951 vestrorum
1078 3893 1438 3948 comedebant.
1452 3891 1497 3925 ⁸³
1513 3892 1535 3945 ?
1554 3912 1571 3944 ι
1598 3892 1665 3947 Ει
1684 3900 1806 3963 post
1818 3907 1993 3963 pauca

486 4091 533 4125 ²¹
570 4090 732 4147 Num.
777 4108 935 4157 xvnI,
971 4092 1023 4146 1.
1100 4094 1145 4127 ιο
1186 4091 1384 4149 Ezech.
1442 4109 1631 4159 xxxw,
1685 4092 1801 4149 2-5.

2092 1860 2325 1917 τού5·Τὸ
2340 1862 2482 1932 γάλα
2509 1863 2844 1929 κατεσθίετε,
2876 1865 2969 1917 καὶ
2996 1863 3066 1917 τά
3107 1864 3228 1936 ἔρια
3269 1865 3695 1935 περιϐάλλεσθε,

2097 1967 2159 2005 το
2189 1954 2409 2025 ἰσχυρὸν
2452 1954 2707 2023 σφάζετε,
2751 1955 2821 2009 τά
2862 1956 3112 2027 πρόϐατα
3138 1957 3198 2010 ού
3241 1957 3581 2028 ποιμαίνετε,
3631 1958 3698 2013 τὸ

2097 2043 2480 2115 ἐνοχλούμενον
2520 2046 2619 2099 οὐκ
2652 2046 2989 2118 ἐνισχύσατε,
3033 2051 3128 2102 καὶ
3168 2050 3227 2103 τὸ
3262 2052 3543 2122 ἄρρωστον
3586 2056 3696 2110 οὐκ

2101 2137 2345 2201 ίάσασθε,
2395 2139 2489 2193 καὶ
2530 2138 2590 2191 τὸ
2629 2140 3087 2211 συντετριμμένον
3117 2141 3177 2195 ού
3226 2142 3581 2213 κατεδήσατε,
3631 2145 3698 2197 τὸ

2097 2229 2402 2305 ὲξωσμένον
2463 2230 2524 2283 ού
2585 2231 3093 2301 κατεπεστρέψατε,
3145 2233 3239 2286 καί
3289 2233 3349 2285 τὸ
3409 2234 3698 2299 ἀπολωλὸς

2096 2323 2195 2376 οὐκ
2222 2320 2522 2394 ἐζητήσατε
2540 2339 2553 2352 °
2586 2323 2679 2375 καὶ
2707 2324 2765 2375 ἐν
2794 2324 2983 2395 κράτει
3005 2324 3365 2380 ἐπαιδεύσατε
3386 2326 3528 2379 αὐτὰ
3551 2328 3696 2397 μετά

2096 2414 2413 2487 ὲμπαιγμοῦ
2434 2432 2446 2445 ·
2480 2415 2573 2469 καὶ
2600 2415 2970 2487 διεσπάρησαν
3008 2417 3159 2489 παρὰ
3200 2418 3261 2471 τὸ
3293 2419 3366 2491 μὴ
3398 2414 3542 2472 εἶναι
3572 2437 3697 2474 ποι·-

2100 2508 2254 2579 μένα,
2286 2506 2379 2560 καὶ
2407 2506 2656 2576 ἐγένοντο
2687 2509 2766 2571 εἰς
2794 2508 3137 2581 κατάϐρωμα
3165 2511 3300 2563 πᾶσι
3329 2514 3443 2574 τοϊς
3475 2511 3695 2582 θηρίοις

2095 2599 2188 2652 τοῦ
2217 2599 2541 2672 δρυμοῦ
2580 2618 2599 2652 ι
2647 2603 2757 2655 Καὶ
2786 2601 2969 2656 πάλιν·
3021 2622 3038 2654 ι
3076 2604 3185 2657 Καὶ
3213 2603 3312 2656 οὐκ
3350 2600 3695 2675 ἐξεζήτησαν

2096 2694 2144 2744 οἱ
2179 2691 2435 2762 ποιμένες
2462 2691 2532 2745 τά
2557 2693 2805 2765 πρόϐατά
2852 2712 2975 2765 μου,
3022 2696 3115 2748 καὶ
3144 2695 3461 2765 ὲποίμαινον
3492 2696 3543 2749 οἱ
3574 2713 3696 2753 ποι-

2099 2783 2258 2857 μένες
2287 2783 2531 2847 ἑαυτοὺς,
2561 2783 2631 2837 τὰ
2658 2785 2713 2839 δὲ
2742 2785 2991 2858 πρόϐατά
3022 2804 3122 2857 μου
3152 2787 3251 2844 οὐκ
3280 2787 3625 2857 ὲποίμαινον.
3668 2807 3689 2841 ι

2096 2875 2204 2929 Καὶ
2235 2876 2350 2944 μετ’
2394 2874 2591 2942 ὀλίγον’
2647 2896 2665 2927 ι
2720 2877 2848 2931 Ἰδοὺ
2895 2878 3006 2945 ἐγὼ
3048 2877 3185 2950 πρὸς
3217 2879 3341 2942 τοὺς
3384 2882 3693 2950 ποιμένας,

2096 2968 2190 3020 καὶ
2217 2965 2505 3040 ὲκζητήσω
2533 2968 2644 3037 ἐγὼ
2671 2968 2741 3021 τὰ
2769 2968 3019 3041 πρόϐατά
3049 2987 3151 3041 μου
3180 2971 3244 3023 ἐκ
3271 2970 3455 3041 χειρὸς
3483 2974 3692 3039 αὐτῶν,

2097 3060 2191 3112 καὶ
2235 3063 2574 3115 καταπαύσω
2619 3062 2815 3125 αὐτοὺς
2854 3061 2948 3114 τοῦ
2992 3063 3299 3132 ποιμαίνειν
3326 3062 3396 3115 τὰ
3439 3065 3695 3136 πρόϐατά

2104 3169 2227 3223 μου,
2280 3154 2373 3207 καὶ
2412 3155 2473 3207 οὐ
2507 3153 2864 3225 ποιμανοῦσιν
2910 3154 2990 3206 ἔτι
3036 3156 3085 3206 οἰ
3130 3155 3385 3224 ποιμένες
3427 3156 3690 3220 ἑαυτοὺς,

2099 3246 2193 3299 καὶ
2237 3246 2470 3317 ῥύσομαι
2499 3246 2569 3300 τά
2616 3246 2864 3317 πρόϐατά
2896 3263 2996 3317 μου
3028 3246 3092 3299 ἐκ
3112 3245 3301 3317 ,χειρὸς
3328 3247 3515 3299 αὐτῶν
3535 3288 3551 3311 ,
3599 3249 3693 3303 καὶ

2099 3341 2198 3394 οὐκ
2225 3340 2433 3395 ἔσονται
2462 3342 2645 3405 αὐτοῖς
2672 3343 2752 3404 είς
2794 3341 3152 3411 κατάϐρωμα.
3193 3360 3211 3392 ›
3250 3343 3357 3395 Καὶ
3388 3341 3463 3411 (6)
3496 3342 3693 3409 ἐπιφέ-

2102 3450 2186 3504 ρει
2215 3435 2308 3488 καὶ
2337 3435 2473 3505 πρὸς
2499 3433 2589 3486 τὸν
2616 3432 2742 3486 λαὸν
2771 3432 2963 3499 λέγων·
3016 3451 3034 3482 ι
3086 3433 3214 3485 Ἰδοὺ
3242 3431 3351 3500 ἐγὼ
3381 3433 3558 3504 κρινῶ
3586 3432 3693 3488 ἀνὰ

2105 3525 2268 3595 μέσον
2296 3524 2568 3596 προϐάτου
2599 3527 2678 3588 εἰς
2707 3525 2999 3597 πρόϐατον,
3032 3526 3125 3581 καὶ⁵
3154 3525 3310 3596 κριὸν
3339 3524 3480 3595 πρὸς
3510 3524 3688 3595 κριόν.

2099 3618 2192 3689 Μὴ
2240 3617 2434 3689 μικρὸν
2478 3613 2545 3689 ἦν
2590 3618 2741 3687 ὑμῖν,
2785 3618 2864 3670 ὅτι
2892 3618 2993 3688 τὴν
3021 3613 3192 3688 νομὴν
3219 3618 3318 3688 τὴν
3365 3618 3542 3689 καλὴν
3584 3617 3694 3671 ὲνέ-

2103 3708 2287 3779 μεσθε,
2319 3710 2411 3762 καὶ
2438 3708 2507 3761 τά
2535 3709 2838 3763 κατάλοιπα
2864 3710 2963 3779 τῆς
2990 3706 3160 3780 νομῆς
3188 3712 3547 3763 κατεπατεῖτε
3577 3710 3692 3774 τοῖς

2099 3802 2259 3853 ποσὶν
2288 3802 2316 3853 ὑ
2326 3800 2463 3871 μῶν,
2495 3802 2588 3854 καὶ
2614 3799 2684 3853 τά
2714 3801 2961 3872 πρόϐατα
2989 3800 3059 3853 τά
3103 3802 3399 3871 πατήματα
3441 3801 3553 3853 τῶν
3589 3817 3691 3858 πο-

2098 3891 2205 3946 δῶν
2233 3891 2385 3963 ὑμῶν
2414 3891 2635 3963 ἦσθιον;
2675 3911 2693 3944 ι
2728 3894 2836 3947 Καὶ
2863 3893 3111 3964 ἐπιφέρει
3142 3894 3261 3965 μετ’
3289 3892 3464 3962 όλίγα’
3517 3911 3539 3946 ι
3576 3892 3693 3948 Καὶ

1894 4094 1937 4131 δι
1972 4088 2145 4155 lhid.,
2199 4091 2252 4145 8.
2331 4091 2377 4127 δ’
2426 4090 2594 4157 Ihid.,
2626 4091 2711 4145 11.
2790 4089 3027 4159 ⁸³1ὓὶ(1.,
3058 4096 3242 4156 19-20.

1724 4263 2089 4320 VARIORUM
2124 4264 2357 4322 NOTAI.

489 4450 601 4521 (99)
622 4519 631 4521 _
652 4450 747 4514 Ὠς
773 4448 984 4521 «item?
1010 4448 1169 4521 ἔχων
1190 4448 1401 4521 βάρος.
1435 4451 1587 4509 Alter
1623 4449 1745 4504 cod.
1790 4447 1994 4521 Vindo-

2114 4447 2433 4521 presbvtcro
2454 4450 2564 4520 egit
2589 4448 2872 4521 Synesius,
2905 4448 3066 4515 cujus
3102 4448 3226 4502 vide
3268 4448 3430 4503 sodes
3470 4448 3677 4521 episto.

418 4516 548 4587 bun.
581 4516 761 4573 πλεῖον
790 4516 883 4573 οὖν
918 4516 1081 4590 βάρος
1110 4516 1495 4590 ἔχωνζῡοευηι
1523 4520 1575 4573 in
1612 4536 1677 4573 eo
1705 4520 1865 4573 verba
1907 4534 1995 4572 se—

418 4590 643 4662 quentia
672 4591 815 4662 :K_ai.
839 4588 1019 4660 μεῖζον
1044 4588 1326 4662 βαστάζων
1356 4590 1591 4661 φορτίον.
1616 4590 1746 4662 Quin
1768 4595 1999 4662 possunt

421 4655 635 4720 abesse,
670 4660 764 4715 sed
794 4655 989 4716 melius
1028 4655 1114 4715 est
1151 4661 1227 4725 ὡς
1269 4655 1451 4715 πλεῖον
1480 4655 1652 4730 quam
1672 4655 1852 4712 πλεῖον
1880 4655 1994 4711 οὖν.

418 4734 589 4785 Casa.

548 4798 638 4861 00)
656 4798 766 4854 Καὶ
780 4803 1314 4882 προσκλαύσᾳντα,
1344 4820 1398 4884 κ.
1416 4819 1465 4853 τ.
1480 4799 1666 4881 1._llic,
1682 4815 1801 4869 cap.
1826 4798 1911 4861 16,
1928 4797 1991 4854 61

526 4871 600 4923 Ib.
628 4885 748 4923 νιιι.
779 4884 899 4923 can.
931 4870 985 4923 8.
1020 4873 1317 4923 nIultIsuue
1358 4888 1411 4923 In
1452 4872 1585 4923 loms
1614 4870 1859 4923 Patrum.
1898 4867 1991 4922 de-

420 4879 474 4925 ct
502 4867 600 4923 lib.
628 4885 748 4933 νιιι,
779 4884 899 4938 cap.
931 4870 985 4931 8,
1020 4872 1317 4940 multisque
1358 4872 1411 4925 in
1452 4871 1585 4924 locis
1614 4867 1859 4930 Patrum,
1898 4867 1997 4940 de-

421 4941 661 5009 claratur
696 4952 814 4992 mos
840 4940 1119 5009 antiquus,
1156 4939 1457 4995 secundum
1486 4956 1646 5009 quem
1680 4941 1725 5009 is
1771 4939 1863 5007 qui
1905 4939 1992 5009 in-

422 5008 733 5082 nocentiam
772 5011 1284 5082 peccatoramissam
1318 5008 1638 5082 poenitentia
1670 5008 1870 5082 ductus
1898 5008 1994 5062 de-

421 5078 606 5141 ﬂebat,
638 5078 853 5148 cunctis
882 5095 980 5148 pro
1012 5081 1103 5133 illo
1132 5080 1299 5135 Deum
1319 5078 1404 5135 ac
1448 5081 1744 5135 antistitem
1791 5079 1991 5148 depre-

422 5148 699 5211 cantibus,
748 5146 1003 5209 Ecclesiae
1040 5151 1433 5207 restituebatur
1483 5165 1513 5203 a
1567 5148 1818 5215 praesule.
1851 5147 1997 5216 Lege

422 5219 702 5273 ordinaria
730 5218 1000 5273 videlicet.
1032 5218 1306 5274 Interdum
1328 5222 1471 5276 enim
1499 5219 1739 5287 episcopi
1768 5218 1995 5271 utebanv

425 5300 514 5344 tur
540 5295 806 5357 potestate
835 5303 933 5341 sua
960 5307 973 5353 ;
1006 5298 1167 5357 atque
1197 5297 1291 5343 aut
1332 5286 1632 5345 reluctante
1680 5289 1882 5358 populo
1923 5286 1991 5340 ad

425 5359 725 5413 Ecclesiam
749 5365 1085 5414 revertentes
1116 5361 1489 5423 admittebant,
1524 5367 1615 5411 aut
1645 5365 1835 5411 contra
1875 5358 1993 5427 ple-

426 5430 547 5500 hem
579 5444 679 5500 pro
704 5429 1081 5500 peccatoribus
1116 5432 1481 5500 postulantem
1521 5428 1850 5500 recusabant
1892 5442 1992 5479 au-

424 5498 560 5568 dire.
596 5497 801 5551 Prioris
839 5498 978 5564 juris
1006 5497 1310 5568 eer'nplunI
1343 5498 1651 5567 suppeditat
1685 5498 1990 5567 Cyprianus

428 5569 481 5619 in
516 5567 751 5635 Epistola
783 5569 871 5629 55,
918 5569 984 5622 ad
1025 5570 1359 5630 Cornelium,
1410 5579 1535 5621 ante
1571 5568 1752 5630 ﬁnem,
1800 5569 1869 5620 ah
1903 5567 1987 5621 his

426 5638 608 5706 verbis
635 5655 649 5688 :
677 5637 722 5690 0
744 5639 791 5690 si
820 5654 1019 5705 posses,
1046 5639 1213 5706 frater
1237 5638 1565 5699 charissime,
1596 5639 1717 5689 istic
1742 5644 1988 5691 interesse

430 5704 716 5759 uobiscum.
765 5704 1057 5765 Pustcriori
1105 5725 1230 5765 vero
1274 5708 1397 5778 jure
1444 5725 1568 5763 cum
1610 5707 1987 5778 Lamponiauo

2109 4508 2214 4569 iam
2249 4508 2337 4571 67.
2375 4508 2693 4573 Νθονυιιιὶἰιί
2726 4508 2885 4575 debet
2921 4508 3153 4574 iliustris
3183 4520 3336 4572 locus
3370 4508 3521 4588 apud
3544 4517 3687 4573 Por-

2105 4588 2355 4656 phyrium
2380 4590 2446 4642 de
2468 4590 2658 4659 Styge:
2679 4589 3148 4659 Ἐξομολογοῦνται
3171 4589 3391 4659 ἐπὶτῶν
3406 4589 3495 4641 ἑτέ

2100 4674 2153 4708 τι
2174 4658 2439 4730 ἥμαρτον·
2466 4660 2558 4730 καὶ
2575 4659 2756 4730 δέησιν
2777 4658 3075 4730 ποιοῦνται,
3094 4660 3195 4730 ἵνα.
3208 4659 3256 4710 οι
3276 4658 3454 4730 λοιποὶ
3474 4658 3689 4730 sitiun-

2099 4744 2189 4798 ται
2219 4728 2345 4798 περὶ
2371 4729 2569 4798 αύτῶν,
2600 4728 2692 4782 καὶ
2720 4729 3055 4798 νηστεύσωσι
3100 4728 3290 4797 χρόνον
3318 4728 3442 4781 τινὰ
3472 4728 3683 4783 ἱκανόν.

2100 4795 2214 4849 lloc
2245 4795 2349 4861 est,
2393 4797 2721 4866 Conﬁtentur
2770 4795 2883 4852 lndi
2930 4799 2994 4851 ad
3048 4795 3191 4851 antri
3237 4798 3441 4851 ostium
3496 4813 3687 4851 coram

2100 4868 2245 4930 aliis,
2276 4868 2323 4920 si
2353 4868 2477 4937 quid
2508 4871 2707 4937 peccati
2736 4869 3120 4932 commiserint;
3149 4877 3441 4936 rogantque
3464 4876 3523 4919 ut
3555 4868 3686 4921 reli-

2099 4939 2189 5018 qui
2234 4953 2328 5018 pro
2366 4936 2514 5018 ipsis
2548 4950 2718 5003 orent,
2766 4949 2816 5003 et
2866 4938 3111 4992 idoneum
3151 4936 3422 5007 quoddam
3474 4946 3686 5005 tempus

2089 5006 2349 5075 jejunent.
2382 5007 2518 5063 Cor.

2169 5077 2246 5148 (1)
2300 5077 2637 5131 Ἐπιτελῶν.
2683 5077 2852 5133 Alter.
2885 5078 3008 5132 cod.
3041 5078 3211 5132 ποιῶν
3247 5078 3443 5132 eodem
3483 5092 3683 5134 sensu.

3501 4606 3612 4657 ρων
3636 4590 3690 4642 ετ

2095 5145 2173 5202 lo.

2168 5215 2244 5287 (‘2)
2298 5215 2656 5289 Ἀμελήσῃς.
2699 5216 2850 5281 Alter
2901 5217 3025 5289 cod.
3073 5213 3307 5289 ἀμελήςρ
3351 5218 3451 5273 sed
3523 5219 3686 5289 sequi

2095 5284 2374 5409 pipertergt
2402 5284 2754 5359 ﬁgmegligens
2784 5291 2881 5351 sis,
2915 5288 3061 5343 unde
3092 5284 3232 5344 forte
3283 5288 3494 5343 factum
3540 5284 3685 5359 ἀμε-

2168 5374 2283 5409 anc.
2358 5373 2479 5409 LER.

2168 5374 2283 5419 σῃς.
2312 5373 2479 5410 uuas.

2128 5360 2283 5429 ήσῃς.
2312 5360 2479 5410 CLER.

2165 5424 2305 5497 (5-4)
2350 5427 2495 5481 Ὅτι.
2525 5427 2588 5479 Οἱ
2618 5427 2671 5481 in
2700 5427 2874 5483 altero
2899 5426 3023 5481 eod.
3067 5427 3143 5483 lu.

2193 5496 2245 5568 5)
2286 5494 2535 5568 Δρυμορ.
2555 5498 2703 5551 Alter
2726 5497 2920 5568 ἀγροῦ,
2949 5505 3009 5551 ιιι
3037 5498 3238 5568 habent
3268 5494 3410 5547 LXX
3445 5495 3578 5551 lntt.
3607 5496 3684 5554 lu.

2187 5563 2240 5637 (5)
2279 5563 2412 5621 Καίζ
2446 5563 2597 5648 gica,
2639 5563 2975 5637 alter—cod“
3006 5567 3153 5648 quod
3178 5568 3405 5634 rectius,
3452 5578 3686 5641 propter

2095 5636 2348 5708 sequens,
2382 5636 2492 5691 καί.
2526 5637 2601 5698 In.
