3884 6180
224 307 330 365 633

1156 299 1754 361 CONSTITUTIONES
1785 299 2471 358 APOSTOLICZE.-LIB.
2507 302 2573 357 1'.

3396 305 3503 362 οσι

222 418 523 490 γνώσεσθε,
566 420 648 475 δτι
678 417 789 489 ἐγὼ
832 416 1059 491 Κύριος,
1104 418 1197 471 καὶ
1239 418 1397 488 ὑμεῖς
1427 416 1678 487 πρόϐατα
1716 417 1807 487 τῆς

1922 415 2206 485 subiungit
2238 435 2252 470 :
2293 434 2310 466 ι
2353 415 2417 469 Et
2451 417 2799 487 cognoscetis
2832 417 2963 488 quia
2993 432 3097 489 ego
3131 419 3419 484 Dominus,
3452 437 3507 477 ct

223 520 398 592 νομῆς
425 535 550 591 μου,
580 515 858 589 ἄνθρωποί
890 531 991 587 μου
1034 514 1186 578 ἐστὲ,
1219 512 1315 566 καὶ
1343 510 1451 579 ἐγὼ
1480 510 1611 572 Θεὸς
1640 508 1815 579 ὑμῶν,

221 616 373 685 λέγει
415 613 639 669 Ἀδωναῖ
669 614 891 685 Κύριος.
934 630 951 664 ι

758 702 1154 760 ΚΕΦΑΛΑΙυΝ
1190 700 1293 753 ῙΘ¹.

226 802 349 855 Ὅτι
395 800 496 855 καὶ
541 803 574 855 ὁ
616 799 862 870 ποιμὴν,
908 795 1144 867 ἀμελῶς
1188 793 1513 864 φερόμενος
1565 786 1700 855 περὶ
1744 787 1820 840 τὰ

294 897 565 964 πρόϐατα
587 935 602 960 ,
661 895 840 963 δίκην
889 892 1191 951 τιγνυσιν,
1248 886 1347 941 καὶ
1399 887 1464 938 τὸ
1522 883 1821 951 πρόϐατον

288 988 379 1058 μὴ
410 988 488 1059 (7)
520 984 884 1056 πειθαρχοῦν
910 983 991 1050 τῷ
1018 981 1273 1051 ποιμένι,
1302 974 1626 1038 κολάζεται.

309 1080 604 1134 Ἀκούσατε
632 1081 681 1133 oi
711 1079 1030 1141 ἐπίσκοποι,
1076 1075 1169 1128 καὶ
1212 1070 1481 1127 ἀκούσατε
1519 1068 1569 1121 οἱ
1612 1063 1813 1129 λαῖκοὶ,

220 1172 300 1236 ὥς
330 1172 408 1244 (8)
440 1189 604 1243 φησιν
632 1174 659 1226 6
685 1172 835 1234 Θεὸς
876 1190 895 1222 ι
943 1168 1132 1241 Κρινῶ
1161 1165 1313 1237 κριὸν
1346 1163 1482 1235 πρὸς
1509 1158 1682 1231 κριὸν,
1716 1155 1813 1210 καὶ

222 1266 500 1337 πρόϐατον
545 1266 681 1338 πρὸς
724 1263 1015 1336 πρόϐατον·
1061 1280 1079 1313 ι
1105 1260 1199 1314 καὶ
1226 1256 1364 1329 πρὸς
1391 1254 1518 1315 τοὺς
1542 1248 1806 1320 ποιμένας

220 1359 395 1428 λέγει’
441 1357 783 1430 Κριθήσεσθε
828 1357 1011 1410 ἕνεκεν
1056 1355 1155 1425 τῆς
1196 1348 1451 1421 ἀπειρίας
1495 1343 1671 1400 αὐτῶν
1718 1341 1812 1395 καὶ

218 1453 321 1523 τῆς
354 1454 435 1516 είς
461 1453 529 1504 τά
556 1451 802 1521 πρόϐατα
829 1448 1143 1519 διαφθορᾶς
1185 1442 1482 1503 τουτέστιν,
1514 1437 1813 1491 ἐπίσκοπον

1920 526 2020 565 vos
2049 523 2181 564 oves
2227 525 2451 579 pascuae
2492 526 2666 577 mete;
2699 511 2952 567 homines
2986 513 3091 566 mei
3132 514 3291 575 estis,
3323 523 3377 569 et
3406 532 3508 587 ego

1921 602 2065 659 Deus
2096 610 2300 671 vester,
2332 603 2469 657 dicit
2498 603 2709 658 Adonai
2742 603 3008 660 Dominus
3029 606 3098 661 “.
3132 624 3152 658 ι

2503 717 2734 774 CAPUT
2773 719 2915 775 XIX.

1920 809 2076 877 Quod
2102 820 2309 879 pastor,
2340 812 2515 866 ovium
2552 813 2842 883 negligens,
2867 830 3045 869 poenas
3086 816 3294 882 solvat;
3323 826 3371 872 et
3396 820 3505 875 ovis

2233 929 2335 968 non
2368 915 2608 971 obediens
2637 922 2864 987 pastori,
2893 912 3164 988 punibtur.

1992 1061 2193 1117 Audite
2236 1062 2502 1135 cpiSCOpi,
2549 1070 2605 1119 et
2630 1062 2817 1119 audite
2848 1069 2994 1128 latet,
3027 1079 3137 1133 quo
3167 1065 3330 1121 modo
3370 1065 3504 1122 dicit

1919 1152 2105 1209 Deus:
2144 1172 2161 1204 ι
2200 1153 2470 1210 Judicabo
2498 1155 2724 1210 arietem
2759 1155 2826 1208 ad
2858 1155 3109 1222 arietem,
3158 1166 3215 1211 et
3246 1173 3401 1213 ovem
3434 1158 3503 1216 ad

1918 1261 2074 1301 ovem
2095 1247 2172 1313 “;
2210 1266 2229 1298 ι
2265 1255 2319 1301 et
2349 1262 2459 1317 quo
2500 1248 2663 1301 modo
2711 1248 3029 1317 pastoribus
3072 1249 3179 1304 ait:
3218 1249 3499 1307 Judicabi-

1916 1340 2051 1394 mini
2082 1347 2306 1410 propter
2334 1340 2665 1410 imperitiam
2690 1348 2952 1406 vestram,
2984 1349 3035 1396 et
3070 1351 3296 1412 propter
3316 1345 3501 1399 ovium

1917 1433 2281 1502 perditionem
2327 1451 2341 1487 :
2387 1433 2491 1487 hoc
2545 1445 2650 1500 est,
2684 1432 3015 1504 Episcopum
3059 1436 3129 1490 ad
3179 1438 3498 1509 episcopum

219 1544 364 1615 πρὸς
392 1545 690 1597 ἐπίσκοπον
720 1543 911 1616 κρινῶ,
950 1542 1046 1595 κα)⁸
1089 1538 1273 1592 λαῖκὸν
1318 1533 1457 1605 πρὸς
1483 1529 1691 1592 λαῖκδν,
1722 1526 1807 1579 καὶ

1920 1524 2196 1593 iudicabo,
2243 1532 2299 1580 et
2344 1526 2541 1580 laicum
2593 1528 2661 1581 ad
2709 1527 2931 1591 laicum,
2981 1538 3035 1582 et
3086 1530 3390 1599 principem
3433 1530 3499 1585 ad

217 1638 465 1709 ἄρχοντα
492 1637 629 1708 πρὸς
657 1637 912 1708 ἄρχοντα.
940 1632 1148 1703 Λογικὰ
1174 1630 1284 1703 γὰρ
1311 1628 1381 1682 τὰ
1407 1626 1676 1698 πρόϐατα,
1721 1621 1807 1675 καὶ

1920 1616 2243 1688 principem.
2306 1616 2624 1674 Rationales
2653 1619 2799 1672 enim
2830 1626 2961 1674 sunt
3006 1627 3118 1674 tam
3146 1637 3298 1686 oves,
3336 1637 3500 1691 quam

218 1732 273 1784 οἱ
304 1732 451 1803 κριοὶ
478 1725 644 1793 οὗτοι,
674 1729 787 1783 ἀλλ’
832 1729 933 1782 οὐκ
977 1727 1165 1795 ἀλογαο
1215 1723 1305 1777 ἵνα
1354 1722 1565 1793 μήποτε
1612 1717 1740 1786 εἴπῃ
1786 1716 1807 1767 6

1920 1712 2154 1774 arietes,
2210 1727 2320 1765 non
2370 1718 2551 1766 autem
2619 1711 2851 1766 rationis
2899 1720 3188 1782 expertes;
3239 1730 3309 1768 ne
3361 1713 3503 1769 forte

215 1799 432 1887 λαῖκδς,
466 1822 587 1876 Ὅτι
616 1821 727 1892 ἐγὼ
754 1820 1023 1894 πρόϐατόν
1052 1820 1190 1889 είμι,
1227 1816 1322 1869 καὶ
1348 1814 1408 1867 ού
1448 1810 1673 1881 ποιμὴν,
1719 1807 1807 1861 καὶ

1920 1804 2092 1860 laicus
2123 1804 2272 1858 dicat
2298 1823 2311 1858 :
2341 1804 2455 1874 Ego
2484 1804 2603 1859 ovis
2631 1819 2775 1868 sum,
2809 1810 2863 1858 et
2899 1821 3008 1859 non
3050 1812 3271 1873 pastor;
3300 1804 3348 1861 si
3377 1807 3502 1860 nul—-

212 1916 412 1969 οὐδένα
438 1915 595 1985 λόγον
626 1915 700 1989 (9)
730 1913 968 1987 ἐμαυτοῦ
1011 1911 1341 1982 πεποίημαι,
1381 1905 1494 1961 ἀλλ’
1532 1907 1561 1958 6
1608 1901 1807 1972 ποιμὴν

1920 1897 2023 1950 lam
2054 1898 2160 1951 mei
2193 1898 2462 1951 rationem
2506 1896 2697 1959 habui,
2747 1895 2946 1951 viderit
2996 1905 3206 1966 pastor,
3256 1899 3303 1953 is
3348 1899 3502 1953 solus

211 2009 433 2080 δψεται,
475 2012 568 2065 καὶ
606 2009 769 2073 αὐτὸς
816 2008 975 2080 μόνος
1014 2002 1480 2077 εἰσπραχθήσεται
1524 2000 1624 2072 τὴν
1672 1996 1813 2066 ὑπὲρ

212 2103 357 2175 ἐμοῦ
388 2104 563 2175 δίκην.
598 2104 807 2174 Ὥσπερ
836 2100 945 2172 γὰρ
972 2099 1049 2171 τῷ
1078 2097 1228 2169 καλῴ
1257 2097 1476 2167 ποιμένι
1504 2093 1564 2146 τὸ
1590 2092 1662 2164 μὴ
1683 2091 1813 2143 ἀκο-

210 2197 445 2252 λουθοῦν
490 2198 794 2270 πρόϐατον,
841 2196 1025 2259 λύκοις
1069 2193 1312 2249 ἔκκειται
1357 2192 1437 2253 είς
1480 2183 1810 2257 διαφθορὰν,

210 2291 366 2346 οὕτω
393 2292 472 2364 τῷ
516 2290 741 2364 πονηρῷ
785 2290 1006 2363 ποιμένι
1048 2289 1109 2342 τὸ
1150 2284 1499 2347 ἀκολουθοῦν,
1546 2279 1813 2352 πρόδηλον

211 2384 332 2455 ἔχει
361 2384 453 2438 τὸν
484 2384 731 2448 θάνατον,
764 2386 845 2438 ὅτι
887 2380 1291 2453 κατατρώξεται
1332 2377 1481 2431 αύτό.
1530 2374 1619 2428 Διὸ
1647 2390 1813 2443 φευκ-

210 2476 341 2531 τέον
370 2477 480 2531 ἀπὸ
506 2477 615 2531 τῶν
643 2477 890 2550 φθορέων
922 2476 1215 2547 ποιμένων.

750 2590 1146 2646 ΚΕΦΑΛΑΙΟΝ
1185 2590 1269 2642 Κ⁹.

290 2683 495 2752 Ὅπως
519 2684 637 2755 χρὴ
666 2684 811 2751 τοὺς
836 2684 1210 2755 ἀρχομένους
1236 2675 1577 2747 πειθαρχεῖν
1617 2673 1742 2740 τοῖς

671 2754 967 2823 ἄρχουσιν
993 2754 1364 2815 ἐπισκόποις.

286 2844 395 2900 Τδν
426 2847 608 2919 μέντοι
636 2849 868 2919 ποιμένα
896 2848 986 2900 τὸν
1022 2844 1225 2915 ἀγαθὸν
1271 2845 1299 2897 6
1343 2840 1529 2903 λαῖκὸς
1572 2836 1809 2908 τιμάτω,

208 2939 511 3009 ἀγαπάτω,
560 2942 853 3010 φοϐείσθω,
897 2941 971 3004 ὼς
1011 2940 1200 3012 κύριον
1231 2936 1363 3008 (l0),
1405 2935 1481 2998 ὡς
1521 2931 1808 3001 δεσπότην,

1914 2006 2107 2060 poenas
2138 2005 2238 2061 pro
2283 2004 2370 2045 me
2399 1989 2573 2045 dabit.
2604 1988 2739 2043 Nam
2788 1990 2951 2044 sicuti
2992 1990 3114 2044 ovis
3142 2005 3263 2060 quae
3295 1991 3501 2047 bonum

1916 2090 2190 2153 pastorem
2218 2098 2330 2138 non
2362 2083 2633 2153 sequitur,
2665 2083 2810 2153 lupis
2833 2083 3082 2153 exposita
3105 2092 3188 2137 est
3211 2082 3278 2137 ad
3309 2083 3504 2138 interi-

1914 2186 2063 2244 tum;
2113 2178 2189 2231 ita
2238 2192 2359 2247 quae
2390 2179 2595 2231 malum
2634 2186 2913 2247 pastorem
2960 2186 3234 2240 sectatur,
3266 2186 3500 2233 mortem

1914 2270 2090 2325 vitare
2131 2271 2352 2341 nequit;
2387 2270 2455 2325 ab
2493 2286 2589 2334 eo,
2642 2271 2878 2335 scilicet,
2930 2270 3304 2326 devorabitur.
3351 2270 3502 2338 Quo-

1916 2362 2065 2418 circa
2103 2362 2346 2435 fugiendi
2378 2369 2508 2418 sunt
2536 2363 2834 2434 perniciosi
2863 2372 3139 2433 pastores.

2501 2565 2731 2622 CAPUT
2772 2564 2892 2621 XX.

1916 2659 2190 2726 Quomodo
2220 2660 2442 2729 subjecti
2491 2660 2803 2782 praitptli’sitis‘
2834 2658 2935 2712 sibi
2985 2657 3241 2726 episcopis
3289 2656 3498 2712 obedire

2620 2748 2646 2782 e
2682 2747 2779 2782 ean
2810 2771 2824 2782 .

2620 2747 2824 2784 ευεαηι.

1986 2823 2031 2856 ⁸⁸
2058 2822 2119 2875 Ει
2155 2822 2374 2893 quidem
2408 2822 2615 2876 bonum
2655 2828 2931 2891 pastorem
2969 2819 3145 2875 laicus
3176 2829 3494 2883 veneretur,

1914 2924 2081 2982 amet,
2110 2924 2336 2979 metuat,
2370 2922 2628 2984 tanquam
2654 2913 2960 2977 dominum,
2990 2921 3249 2984 tanquam
3275 2915 3493 2981 herum,

207 3006 290 3095 ὡς
321 3006 586 3104 ἀρχιερέα
613 3031 772 3097 Θεοῦ,
802 3034 876 3096 ὡς
905 3006 1219 3086 διδάσκαλον
1242 3006 1559 3089 εὐσεϐείας.
1604 3026 1662 3079 '0
1700 3023 1807 3095 γὰρ

1920 3015 2177 3077 tanquam
2218 3006 2313 3063 Dei
2355 3007 2689 3076 pontiﬁcem,
2735 3018 2997 3077 tanquam
3025 3010 3348 3080 magistrum
3377 3014 3495 3082 pie-

208 3125 384 3181 αύτοῦ
412 3125 647 3190 ἀκούων,
678 3126 915 3199 Χριστοῦ
945 3126 1153 3190 ἀκούει,
1186 3124 1280 3178 καὶ
1318 3125 1347 3177 6
1387 3121 1548 3176 αὐτὸν
1577 3118 1805 3180 ἀθετῶν,

1920 3101 2067 3156 tatis.
2099 3100 2203 3166 Qui
2232 3100 2377 3154 enim
2410 3102 2563 3155 audit
2585 3117 2733 3166 cum,
2777 3103 3058 3158 Christum
3091 3104 3274 3173 audit;
3306 3114 3360 3162 et
3398 3110 3494 3179 qui

1920 3195 2123 3221 ηηι-..ιηει
2152 3210 2272 3221 Au.“
2329 3193 2607 3221 Πιιηεηι..ηιι
2643 3197 2881 3221 -..η-...ει.
2919 3203 2966 3221 ...ι
3015 3198 3102 3221 ...ηε
3158 3214 3260 3221 ...ι-
3296 3202 3489 3221 _-_2_9-

208 3221 455 3292 Χριστὸν
484 3220 685 3283 ἀθετεῖ,
715 3193 811 3274 καὶ
839 3223 866 3274 6
905 3220 995 3272 τὸν
1037 3218 1273 3289 Χριστὸν
1306 3214 1378 3287 μὴ
1407 3212 1714 3283 δεχόμενος,
1746 3208 1807 3262 ού

1920 3195 2125 3263 spernit
2150 3210 2296 3258 eum,
2329 3193 2609 3249 Christum
2643 3197 2883 3264 spernit;
2916 3203 2970 3250 et
3011 3198 3106 3267 qui
3156 3214 3264 3253 non
3296 3202 3494 3273 recipit

206 3287 430 3386 δέχεται
459 3313 549 3367 τὸν
578 3312 744 3367 αὑτοῦ
773 3313 903 3367 Θεὸν
932 3314 1025 3366 καὶ
1052 3287 1291 3381 Πατέρα.
1330 3328 1348 3360 ι
1389 3307 1447 3360 Ὀ
1492 3305 1666 3377 ὑμῶν,
1699 3302 1807 3375 γάρ

1920 3288 2214 3353 Bhristum,
2245 3302 2357 3341 non
2379 3288 2572 3357 recipit
2620 3289 2767 3343 illius
2810 3287 2979 3343 Deum
3032 3306 3096 3344 ac
3137 3291 3377 3347 Patrem.
3404 3295 3494 3350 Ait

208 3380 405 3479 φησιν,
436 3405 672 3471 ἀκούων,
702 3404 836 3478 ἐμοῦ
866 3404 1073 3468 ἀκούει,
1104 3380 1252 3457 καὶίὸ
1283 3401 1426 3472 ὑμᾶς
1446 3396 1677 3459 ἀθετῶν,
1707 3396 1807 3466 ἐμὲ

1920 3381 2055 3436 enim
2089 3400 2100 3435 :
2144 3400 2161 3432 ι
2199 3380 2303 3447 Qui
2333 3396 2432 3436 vos
2463 3381 2634 3444 audit,
2661 3397 2748 3436 me
2791 3382 2971 3448 audit;
3004 3391 3058 3437 et
3087 3385 3178 3453 qui
3210 3401 3307 3439 vos
3332 3402 3491 3456 sper-

208 3501 419 3563 ἀθετεί,
452 3500 547 3553 καὶ
572 3501 600 3554 6
640 3499 740 3571 ἐμὲ
780 3498 1007 3562 ἀθετῶν,
1053 3496 1235 3551 ἀθετεῖ
1277 3495 1368 3547 τὸν
1413 3486 1809 3546 ἀποστείλαντά

210 3611 303 3666 με.
336 3613 358 3646 ι
408 3592 641 3663 Ὁμοίως
669 3594 697 3646 6
723 3592 1021 3654 ἐπίσκοπος
1065 3591 1140 3653 ὡς
1190 3588 1356 3641 τέκνα
1398 3585 1525 3646 τοὺς
1585 3582 1808 3645 λαῑκοὺς

207 3683 510 3755 ἀγαπάτω,
552 3683 773 3737 θάλπων
816 3683 912 3738 καὶ
958 3685 1199 3755 στέργων
1230 3679 1341 3751 (11)
1380 3680 1447 3750 τῇ
1478 3676 1679 3747 σπουδῇ
1708 3675 1807 3747 τῆς

208 3780 462 3850 ἀγάπης,
494 3778 569 3842 ὡς
596 3776 700 3842 ὠά,
730 3778 810 3841 είς
835 3776 1185 3848 περιποίησιν
1211 3772 1461 3833 νοσσίων,
1504 3769 1538 3842 ἢ
1582 3769 1657 3831 ὡς
1684 3786 1806 3823 νοσ-

211 3873 329 3935 σία,
362 3868 791 3941 ἀγκαλιζόμενος
817 3872 898 3933 εἰς
923 3868 1272 3941 περιποίησιν
1299 3863 1547 3935 ὀρνίθων
1598 3863 1806 3925 πάντας

208 3966 507 4030 νουθετῶν,
551 3965 686 4019 πᾶσι
733 3966 845 4026 τοῖς
888 3958 1232 4035 πληκτισμοῦ
1279 3956 1391 4030 (12)
1439 3956 1805 4026 ὲπιδεομένοις

209 4051 592 4131 ὲπιπλῆσσων,
623 4057 760 4112 ἀλλά
790 4057 863 4130 μὴ
894 4057 1170 4128 πλήσσων,
1194 4050 1503 4115 ὑποπιέζων
1523 4051 1602 4113 είς
1620 4049 1804 4119 ἐντρο-

210 4154 346 4224 πὴν,
377 4151 516 4206 ἀλλά
544 4150 655 4225 (15)
690 4150 764 4224 μὴ
795 4153 875 4213 είς
914 4147 1248 4219 ἀνατροπὴν,
1279 4142 1543 4198 νουθετῶν
1574 4144 1653 4204 είς
1683 4141 1805 4193 ὲπι-

213 4245 483 4319 στροφὴν,
524 4244 794 4315 ἐπιτιμῶν
835 4244 915 4306 είς
948 4240 1254 4314 διόρθωσιν,
1284 4238 1380 4291 καὶ
1407 4234 1677 4306 εὐθύτητα
1705 4249 1804 4286 πο-

211 4339 371 4412 ρείας
394 4355 407 4368 ·
439 4338 501 4391 τὸ
532 4337 750 4410 ἰσχυρὸν
776 4334 1082 4406 φυλάσσων,
1114 4332 1381 4392 τουτέστι,
1408 4328 1470 4381 τὸ
1498 4327 1707 4399 ἑδραῖον
1734 4326 1799 4396 τῇ

210 4433 398 4486 πίστει
417 4430 656 4499 ἀσφαλὲς
674 4428 876 4502 τηρῶν·
906 4427 998 4481 τὸν
1015 4426 1143 4480 λαὸν
1163 4422 1453 4497 εἰρηνικῶς
1472 4438 1563 4474 ποι
1571 4436 1644 4490 μα
1653 4418 1795 4472 ίνων’

1909 3475 2013 3538 nit,
2055 3490 2141 3530 me
2172 3475 2412 3545 spernit;
2456 3481 2511 3527 et
2560 3475 2653 3543 qui
2700 3491 2786 3529 me
2834 3477 3065 3545 spernit,
3111 3479 3321 3547 spernit
3365 3494 3492 3532 eum

1908 3568 2003 3637 qui
2033 3584 2119 3622 me
2154 3568 2384 3624 misit".
2420 3586 2438 3618 ι
2493 3565 2757 3621 Similiter
2804 3570 3096 3638 episcopus
3130 3570 3300 3626 laicos
3336 3578 3395 3623 ut
3430 3572 3493 3623 li-

1908 3661 2013 3716 lios
2044 3661 2265 3731 diligat;
2300 3661 2568 3714 naturalis
2597 3660 2781 3715 studio
2811 3662 3093 3715 charitatis
3123 3678 3489 3733 prosequens,

1908 3769 1972 3809 ac
1997 3754 2209 3817 fovens,
2241 3755 2400 3825 quasi
2425 3769 2527 3809 ova
2561 3755 2627 3808 ad
2653 3756 3024 3810 exclusionem
3062 3758 3359 3824 pullorum,
3395 3768 3489 3811 aut

1906 3849 2067 3919 quasi
2115 3848 2292 3919 pullos
2333 3855 2393 3902 ut
2441 3847 2496 3900 in
2546 3848 2778 3917 gallinas
2820 3847 3125 3902 educentur
3165 3847 3291 3902 sinu
3339 3865 3491 3903 com-

1907 3943 2153 4012 plectens
2189 3961 2202 3996 :
2238 3950 2470 3995 cunctos
2516 3940 2850 4006 admonens;
2890 3956 3083 3995 omnes
3122 3943 3216 4010 qui
3248 3944 3488 4014 castiga-

1908 4036 2055 4089 tione
2084 4033 2329 4104 indigent
2362 4034 2584 4097 laedens,
2619 4033 2714 4088 sed
2741 4048 2850 4087 non
2885 4033 3136 4093 illidens;
3168 4033 3233 4087 ad
3265 4050 3488 4090 conver-

1906 4133 2115 4186 sionem
2163 4145 2438 4201 premens,
2474 4143 2584 4181 non
2616 4138 2798 4182 autem
2844 4127 2912 4180 ad
2940 4128 3312 4195 eversionem;
3353 4144 3488 4185 sua-

1904 4226 2040 4280 dens
2063 4224 2129 4278 ad
2148 4238 2486 4295 regressum;
2518 4222 2810 4291 increpans
2831 4228 2891 4274 ut
2919 4221 3159 4289 corrigat
3185 4227 3238 4273 et
3260 4221 3316 4274 in
3339 4220 3485 4274 viam

1905 4329 2112 4374 rectam
2167 4316 2401 4371 deducat
2456 4333 2470 4369 :
2529 4312 2673 4383 quod
2715 4313 2930 4366 ﬁrmum
2969 4320 3055 4367 est
3103 4312 3377 4379 retinens;
3428 4311 3485 4365 id

1903 4424 2011 4480 est,
2064 4413 2211 4484 quod
2267 4410 2372 4465 ﬁde
2418 4408 2707 4463 fundatum
2755 4414 2861 4471 est,
2926 4405 2983 4458 in
3034 4412 3149 4459 tuto
3195 4419 3423 4458 servans
3464 4423 3478 4463 :

207 4525 273 4578 τὸ
299 4523 689 4594 ἐνοχλούμενον
708 4499 991 4593 ἐνισχύων,
1022 4519 1287 4579 τουτέστι,
1316 4515 1378 4568 τὸ
1406 4510 1799 4584 πειραζόμενον

1920 4508 2164 4578 )opulum
2230 4502 2456 4575 paciﬁce
2517 4516 2750 4571 pascens
2807 4519 2820 4555 :
2871 4499 3019 4570 quod
3073 4511 3339 4568 quassum
3396 4504 3482 4552 est

209 4619 271 4670 ἐν
295 4618 365 4687 τῇ
394 4615 645 4687 νουθεσίᾳ
677 4613 1064 4688 στερῤοποιῶν·
1096 4612 1158 4665 τὸ
1186 4607 1507 4682 ἀρῤωστοῦν
1550 4604 1798 4675 ἰώμενος,

1898 4603 2199 4666 roborans;
2245 4601 2348 4654 hoc
2399 4606 2521 4661 est,
2571 4595 2718 4667 quod
2762 4593 3066 4649 tentatione
3124 4592 3478 4654 concutitur,

208 4709 483 4773 τουτέστι,
526 4708 589 4761 τὸ
622 4708 811 4762 νοσοῦν
838 4708 903 4760 ὲκ
946 4708 1045 4777 τῆς
1074 4704 1310 4767 πίστεως
1338 4703 1396 4755 έν
1424 4698 1679 4771 διχονοίᾳ,
1714 4695 1802 4749 διὰ

1920 4695 2275 4750 idmonitione
2321 4691 2674 4747 consolidans
2722 4707 2734 4743 :
2788 4687 2936 4757 quod
2967 4692 3229 4756 aegrotum
3261 4693 3347 4739 est
3390 4699 3479 4737 sa-

208 4804 310 4874 τῆς
334 4801 684 4865 διδασκαλίας
734 4798 1071 4873 θεραπεύωψ
1117 4797 1178 4851 τὸ
1219 4792 1673 4868 συντετριμμένον
1704 4806 1803 4842 κα-

208 4896 519 4968 ταδεσμῶν,
547 4894 815 4959 τουτέστι,
846 4893 908 4947 τὸ
936 4888 1432 4962 πεπλανημένον,ἢ
1459 4887 1519 4940 τὸ
1537 4883 1801 4956 τεθραυσ-

1900 4804 2068 4853 nans;
2124 4789 2171 4842 Id
2201 4794 2306 4848 est,
2341 4783 2487 4854 quod
2518 4798 2585 4837 ex
2631 4779 2737 4836 ﬁde
2764 4780 3055 4835 vacillante
3106 4778 3348 4841 laborat,
3380 4792 3479 4846 per

1899 4879 2208 4934 doctrinam
2232 4891 2433 4931 curans
2468 4894 2481 4930 :
2513 4872 2659 4944 quod
2692 4874 2992 4928 contritum
3022 4878 3107 4928 cst
3132 4871 3341 4941 ligans;
3374 4868 3478 4922 hoc

248 5032 297 5064 “
326 5029 530 5086 Ezech.
556 5043 747 5091 xxxw,
772 5026 864 5092 ὃς),
892 5023 976 5080 3i.
1007 5021 1195 5078 "Ibid.
1224 5022 1308 5079 17.
1362 5023 1409 5055 ⁸⁸
1440 5022 1477 5075 l.
1538 5018 1711 5090 lgnat.
1754 5016 2009 5087 interpol.
2088 5015 2156 5070 ad
2192 5014 2361 5069 Trall.
2390 5014 2441 5068 7.
2510 5012 2556 5044 "'
2576 5011 2707 5067 Luc.
2728 5027 2784 5075 ι,
2809 5010 2895 5064 16.

1526 5172 1892 5230 VARIORUM
1929 5170 2167 5229 NOTAE.

404 5319 611 5388 Μή.Τδ
626 5320 699 5392 μή
733 5319 988 5392 ἰηᾉιιιιετο
1017 5316 1407 5381 codicum,nec
1439 5313 1783 5370 malc.CLsr..

407 5393 532 5457 Ὣς.
562 5390 649 5453 Τί,
679 5390 825 5460 quid.
860 5392 933 5444 In.

400 5460 514 5516 Kal
553 5461 772 5515 οὐδένα
811 5462 955 5528 λόγο

363 5549 466 5614 κην
491 5532 691 5586 des-unt
730 5532 785 5583 in
830 5531 1000 5583 altero
1030 5530 1238 5610 codice.
1262 5528 1409 5614 ‘Sunt
1444 5542 1633 5614 revera
1669 5540 1787 5614 am;

284 5320 342 5534 li

212 5534 340 5587 ad6

344 5320 368 5584 Ξ

958 5476 1015 5513 ν.
1060 5458 1185 5513 Haec
1213 5457 1378 5513 verba
1407 5463 1462 5510 et
1500 5456 1785 5525 sequentia

213 5595 479 5673 pliticatio
504 5616 714 5673 eorum,
745 5616 867 5670 quae
908 5600 1155 5669 proxime
1188 5605 1637 5673 antecesserunt;
1689 5595 1783 5650 sed
1884 5608 2015 5673 νοις.

213 5666 353 5803 inilhil
395 5680 541 5736 vetat
580 5672 697 5728 hac
731 5666 947 5747 quoque
985 5684 1109 5728 esse
1164 5684 1195 5726 a
1241 5666 1542 5740 Scriptoris
1594 5681 1781 5723 manu.

288 5760 344 5799 υ.

288 5760 344 5799 υ.

1977 5307 2087 5379 (10)
2132 5306 2227 5372 Ὠς
2254 5306 2480 5379 κύριον.
2497 5303 2940 5379 Ριῇιεῐιιίιιίιλθίιθις
2964 5299 3133 5379 code}
3149 5295 3225 5361 ὡς
3247 5299 3478 5365 πατέρα,

1905 5370 2215 5445 cuiittitque
2237 5370 2381 5445 quod
2408 5376 2656 5445 sequitur
2676 5373 2751 5445 ᾡς
2775 5371 3060 5445 δεσπότῃ-α.
3093 5370 3170 5445 in=

1981 5449 2069 5516 ll)
2107 5434 2392 5516 Στέρῖγων.
2426 5434 2570 5516 Idem
2598 5434 2767 5516 habet
2793 5434 3120 5516 θερμαίνων.
3157 5434 3230 5511 In.

1981 5449 2038 5501 ll
2107 5449 2392 5516 Στέργων.
2428 5449 2570 5497 Idem
2607 5449 2767 5495 habet
2796 5449 3120 5509 θερμαινων.
3157 5449 3230 5511 ιιι.

1954 5449 2069 5642 lla:
2122 5513 2529 5585 Πληιιτισμοῦ.
2581 5513 2733 5565 Alter
2789 5508 3221 5576 διαπληκτισμου
3284 5498 3472 5570 δεομέν

1954 5608 2015 5642 ις.
2076 5604 2130 5642 ι).

1955 5604 2325 5732 δ’ὅςυίιιλλά.
2372 5654 2524 5707 Hanc
2548 5667 2757 5732 _voccm
2802 5657 2855 5706 et
2888 5658 3001 5704 tres
3033 5648 3326 5715 sequentes
3359 5655 3479 5697 non

1915 5723 2142 5803 legimus
2177 5731 2232 5785 in
2262 5728 2430 5783 altero
2461 5723 2581 5779 cod.
2618 5724 2690 5777 in.
