3884 6180
399 282 508 339 655

1182 358 1190 365 ξ
1247 282 1307 342 3.
1341 282 1735 341 CLEMENTIS
1768 286 1787 340 Ι
1823 284 1988 340 ROM.
2025 283 2227 340 PONT.
2262 282 2493 341 OPERA
2524 282 2750 340 DUBIA.

3538 283 3655 340 636

396 411 506 463 est,
537 398 686 470 quod
727 414 924 469 vagum
952 407 1060 466 est,
1092 403 1177 457 vel
1208 404 1482 467 collisum,
1516 405 1595 459 vel
1629 406 1701 458 ita
1734 408 1971 476 peccatis

2078 409 2255 479 μένον,
2286 408 2318 478 ἡ
2348 408 2408 459 τὺ
2437 405 2806 476 κατεαγμένον
2850 404 2907 456 ἐν
2955 401 3251 473 ἁμαρτίαις
3292 401 3372 464 είς
3416 401 3656 472 χωλείαν

396 492 745 548 confractum
775 503 834 546 ut
866 493 920 547 in
950 494 1037 547 via
1070 495 1362 560 claudicet,
1407 512 1503 566 per
1540 498 1971 554 exhortationem

395 585 823 639 consolatoriam
853 585 1121 642 vinciens.
1144 585 1517 652 Peccatorem,
1561 590 1837 659 episcope,
1877 592 1973 644 dc—

399 677 547 732 lictis
573 677 907 744 deonerans,
939 686 993 733 et
1019 680 1225 749 optima
1254 696 1349 750 spe
1372 682 1609 750 replens,
1636 689 1748 751 jam
1774 684 1973 737 robus-

400 776 515 822 tum
553 769 609 822 in
639 768 941 824 Ecclesiam
987 773 1236 835 restitue,
1272 780 1433 841 atque
1482 773 1647 827 reduc
1694 773 1762 827 ad
1808 775 1969 830 ovile.

399 858 556 927 Quod
578 862 865 931 expulsum
899 862 1002 915 fuit
1031 878 1255 932 revoca;
1288 865 1392 918 hoc
1434 873 1539 928 est,
1572 866 1716 936 quod
1764 866 1818 919 in
1860 883 1975 937 pm-

398 966 525 1006 nam
555 960 905 1022 peccatorum
930 970 1155 1010 suorum
1186 956 1420 1024 ejectum
1454 956 1583 1021 fuit,
1614 973 1682 1012 ne
1710 959 1859 1013 sinas
1893 960 1975 1011 fo-

399 1046 478 1100 ris
496 1060 848 1115 permanere;
876 1047 970 1101 sed
1002 1058 1347 1118 assumptum
1368 1058 1421 1104 et
1441 1065 1786 1115 conversum,
1810 1052 1974 1107 redde

396 1138 569 1208 gregi,
602 1153 698 1193 seu
728 1139 1091 1195 immaculata:
1114 1139 1372 1197 Ecclesia:
1402 1144 1603 1212 p0pulo
1631 1162 1643 1197 :
1669 1143 1815 1213 quod
1844 1160 1974 1200 vero

400 1232 641 1301 perierat
678 1232 925 1301 require;
959 1232 1013 1287 id
1040 1242 1146 1299 est,
1178 1235 1323 1304 quod
1350 1236 1698 1290 multitudine
1730 1245 1975 1306 peccato-

398 1340 521 1379 rum
558 1340 783 1380 suorum
812 1342 966 1396 spem
993 1327 1188 1383 salutis
1220 1328 1494 1391 amiserat,
1528 1327 1773 1383 funditus
1804 1328 1974 1383 inter-

398 1419 479 1474 ire
504 1434 573 1474 ne
600 1420 919 1489 permiseris
948 1438 960 1474 :
991 1420 1138 1490 quod
1167 1436 1234 1475 ex
1273 1421 1441 1475 animi
1482 1431 1700 1492 torpore
1726 1439 1789 1477 ac
1819 1424 1973 1494 supi-

396 1510 572 1565 nitate
616 1512 671 1564 in
700 1526 953 1581 soporem
994 1513 1143 1567 venit
1189 1519 1244 1567 et
1272 1512 1410 1568 adeo
1438 1528 1657 1584 gravem
1694 1529 1970 1580 somnum,

401 1610 463 1657 ut
489 1618 645 1658 suam
677 1604 842 1657 vitam
870 1619 980 1658 non
1020 1605 1366 1672 recordetur;
1397 1606 1654 1677 quodque
1684 1608 1844 1678 longe
1887 1623 1981 1680 re,

399 1702 569 1753 cessit
598 1713 629 1752 a
660 1698 880 1767 proprio
907 1714 1090 1769 grege,
1130 1700 1205 1753 ita
1234 1708 1292 1754 ut
1331 1700 1586 1755 inciderit
1617 1701 1672 1755 in
1708 1702 1865 1771 lupos
1905 1703 1973 1758 ad

399 1805 614 1857 escam;
646 1791 699 1844 id
735 1798 794 1845 tu
824 1792 1149 1861 pervestiga,
1181 1800 1235 1847 et
1262 1792 1534 1847 monendo
1576 1806 1863 1861 converte,
1909 1810 1973 1851 ac
2004 1773 2046 1827 Β

399 1890 463 1936 ιιι
497 1882 683 1952 vigilet
711 1882 953 1947 hortare,
986 1892 1042 1938 et
1067 1900 1217 1953 spem
1250 1884 1460 1953 insere;
1492 1901 1668 1955 neque
1696 1888 1812 1957 ipse
1842 1902 1974 1943 cou-

397 1978 561 2032 cedas
584 1987 645 2031 ut
675 1977 820 2031 dicat
840 1976 985 2047 quod
1017 1992 1047 2029 a
1067 1976 1395 2047 quibusdam
1425 1977 1629 2031 dictum
1659 1987 1743 2033 est
1779 1998 1793 2029 :
1824 1997 1843 2029 ι
1869 1979 1975 2032 lm-

400 2070 631 2139 pietates
662 2077 863 2124 nostrae
890 2085 1054 2139 super
1097 2085 1219 2135 nos,
1250 2077 1304 2124 et
1351 2085 1453 2125 nos
1484 2071 1539 2123 in
1572 2071 1708 2140 ipsis
1738 2072 1975 2127 tabesci-

399 2176 544 2224 mus,
576 2168 631 2216 et
662 2177 771 2231 quo
800 2162 963 2217 modo
991 2163 1234 2217 vivemus
1254 2162 1339 2218 "2
1378 2181 1397 2213 ι
1434 2162 1758 2233 Episcopus,
1787 2164 1832 2218 si
1858 2166 1973 2219 ﬁeri

399 2255 596 2324 possit,
630 2256 885 2310 delictum
928 2256 1156 2309 alterius
1196 2256 1356 2325 quasi
1400 2254 1679 2325 proprium
1720 2257 1974 2312 conside-

402 2356 504 2413 ret,
530 2356 583 2404 et
610 2351 883 2419 peccatori
915 2348 1062 2403 dicat
1093 2368 1105 2404 :
1140 2348 1216 2404 Te
1248 2350 1411 2404 modo
1442 2349 1529 2404 fac
1576 2358 1886 2414 convertas,
1918 2360 1972 2406 et

396 2457 500 2513 ego
527 2450 754 2496 mortem
782 2442 878 2495 tibi
906 2441 1142 2495 debitam
1166 2442 1482 2509 suscipiam,
1512 2442 1969 2511 quemadmodum

400 2533 666 2589 Dominus
690 2548 787 2602 pro
816 2548 900 2587 me
922 2539 975 2587 et
1004 2548 1101 2602 pro
1131 2534 1383 2589 omnibus
1414 2544 1664 2591 mortuus
1700 2545 1805 2591 est.
1835 2536 1969 2589 Nam

2071 500 2212 561 ὁδοῦ,
2256 500 2541 551 ἐπιδέννων
2590 499 2701 567 (14)
2730 496 2829 549 ’διὰ
2890 495 3302 566 παρακλητικῆς
3345 494 3653 557 νουθεσίας,

2073 593 2386 663 ἐλαφρύνων
2416 592 2523 646 ἀπὸ
2554 588 3036 662 παραπτωμάτων,
3069 589 3163 641 καὶ
3198 586 3414 640 εὔελπιν
3453 586 3651 648 ποιῶν,

2071 685 2233 747 οὑτω,
2266 685 2544 756 ῥωμαλέον
2572 687 2629 737 ἐν
2663 686 2729 753 τῇ
2775 682 3066 753 Ἐκκλησία
3094 679 3452 741 ἀποκαθίστα,
3481 680 3654 731 ἐπαν-

2073 777 2220 845 άγων
2261 778 2320 828 ἐν
2366 779 2431 845 τῇ
2461 776 2683 846 ποίμνῃ.
2715 775 2787 829 Τὸ
2825 773 3129 843 ἐξωσμένον
3167 772 3483 843 ἐπίστρεφε,
3524 788 3653 823 του-

2071 871 2240 931 τέστι,
2269 868 2329 921 τὸ
2357 870 2414 921 ἐν
2443 869 2735 940 ἁμαρτίαις
2762 867 3048 935 γενόμενον
3076 865 3169 918 καί
3209 866 3289 926 είς
3332 864 3656 933 ἐπιτίμησιν

2072 961 2467 1031 ἐκϐεϐλημένον
2501 962 2573 1032 μὴ
2604 961 2707 1014 ἐῶν
2736 959 2839 1024 ἔξω
2863 958 3157 1029 διαμένειν,
3204 954 3338 1009 ἀλλὰ
3364 954 3656 1026 προσλαμρ

2072 1054 2365 1124 δανόμενος
2392 1055 2485 1106 καὶ
2512 1051 2851 1123 ἐπιστρέφων
2874 1048 3211 1104 ἀποκαθίστα
3240 1048 3298 1099 ὲν
3323 1050 3390 1117 τῇ
3417 1046 3654 1117 ποίμνῃ,

2072 1147 2367 1210 τουτέστιν,
2398 1146 2455 1198 ἐν
2484 1144 2560 1216 τῷ
2591 1144 2704 1215 λαῷ
2731 1144 2829 1215 τῆς
2856 1142 3086 1213 ἀμώμου
3135 1138 3442 1209 ἐκκλησίας·
3488 1137 3549 1189 τὸ
3592 1136 3656 1189 δὲ

2072 1238 2348 1301 ἀπολωλὸς
2376 1236 2615 1308 ἐκζήτει,
2644 1236 2905 1299 τουτέστι,
2944 1235 3004 1287 τὸ
3046 1233 3151 1287 ὑπὸ
3194 1232 3426 1303 πλήθους
3468 1247 3655 1302 παρα-

2073 1330 2379 1401 πτωμάτων
2410 1328 2602 1382 ἐαυτοῦ
2636 1328 2747 1401 (15)
2779 1328 3083 1381 ἁπελπίσαν
3108 1326 3205 1396 τῆς
3246 1325 3536 1397 σωτηρίας,
3571 1325 3657 1394 μὴ

2073 1422 2240 1493 ἐάσῃς
2266 1422 2463 1484 τελέως
2492 1420 2804 1474 ἀπολέσθαι·
2851 1419 2911 1471 τὸ
2954 1418 3060 1471 ὑπὸ
3087 1417 3287 1487 πολλῆς
3312 1416 3523 1485 ψύξεως
3546 1414 3654 1482 ψυ-

2073 1516 2231 1585 χικῆς
2260 1514 2368 1584 (16)
2400 1514 2493 1567 καὶ
2520 1513 2779 1583 νωχελίας
2806 1510 3076 1565 κάθυπνον
3105 1509 3411 1579 γενόμενον,
3440 1508 3533 1560 καὶ
3560 1505 3655 1559 διὰ

2075 1605 2269 1676 βαρέος
2313 1604 2481 1658 ὑπνου
2524 1606 2621 1675 τῆς
2663 1603 2855 1658 ἑαυτοῦ
2898 1602 3043 1673 ζωῆς
3087 1599 3505 1671 ἐπιλαθόμενον,
3554 1598 3657 1652 καὶ

2079 1697 2294 1769 μακρὰν
2323 1698 2705 1767 ἀποστατῆσαν
2735 1696 2833 1766 τῆς
2866 1694 2999 1757 ιδίας
3028 1693 3282 1763 ποίμνης,
3313 1692 3388 1754 ὡς
3428 1691 3522 1743 καὶ
3560 1688 3657 1740 λύ-

2076 1810 2193 1855 κοις
2237 1792 2551 1862 περιπεσεῖν
2595 1791 2675 1852 είς
2719 1786 2882 1858 βοράν
2927 1786 3059 1857 (17),
3106 1786 3171 1838 σὺ
3215 1782 3509 1854 ἀναζήτει,
3553 1781 3658 1833 καὶ

2076 1883 2339 1937 νουθετῶν
2368 1884 2684 1954 ἐπίστρεφε,
2715 1881 2809 1934 καὶ
2839 1880 3027 1950 νήφειν
3058 1875 3385 1949 παρακάλει,
3424 1874 3520 1927 καὶ
3558 1870 3655 1923 ἐλο

2076 1976 2205 2030 πίδα
2236 1974 2555 2047 ὑπόσπειρε,
2587 1974 2661 2045 μὴ
2705 1970 3001 2043 συγχωρῶν
3042 1970 3189 2040 αὑτῷ
3228 1968 3405 2036 λέγειν
3445 1966 3507 2018 τὸ
3544 1965 3659 2018 ὑπό

2074 2085 2234 2123 τινων
2265 2068 2375 2139 (18)
2409 2066 2715 2138 εἰρημένον,
2747 2066 2827 2117 ὅτι
2858 2082 2877 2114 ι
2917 2062 2998 2115 Τά
3028 2062 3349 2132 ἀσεϐήματα
3380 2058 3535 2129 ἡμῶν
3565 2058 3657 2126 ἐφ’

2074 2164 2225 2233 ἡμῖν,
2255 2161 2347 2214 καὶ
2376 2162 2534 2230 ἡμεῖς
2562 2160 2621 2212 ἐν
2651 2158 2833 2220 αὑτοῖς
2861 2154 3160 2227 τηκόμεθα,
3191 2154 3283 2206 καὶ
3325 2152 3442 2214 πῶς
3488 2150 3658 2222 ζησό-

2078 2254 2249 2326 μεθα;
2286 2272 2305 2304 ι
2340 2254 2403 2306 Et
2430 2246 2539 2305 οἷόν
2567 2269 2627 2304 τε
2659 2246 2771 2314 οὑν,
2804 2248 3161 2302 ίδιοποιείσθω
3200 2249 3227 2299 6
3270 2246 3567 2306 ἐπίσκοπος·
3595 2244 3660 2295 τὸ

2074 2345 2470 2416 πλημμέλημα,
2518 2345 2612 2398 καὶ
2660 2342 2863 2410 λεγέτω
2907 2340 2984 2411 τῷ
3033 2338 3411 2411 ἡμαρτηκότι,
3459 2339 3543 2390 ὅτι
3592 2338 3657 2389 σὺ

2077 2439 2233 2510 μόνον
2262 2436 2608 2509 ἐπίστρεψον,
2652 2433 2805 2503 κάγὼ
2835 2434 2925 2486 τὸν
2959 2434 3096 2503 ὑπὲρ
3126 2431 3217 2485 σοῦ
3251 2431 3480 2484 θάνατον
3526 2432 3659 2483 ἀνα-

2072 2529 2313 2600 δέξομαι,
2358 2529 2433 2591 ὡς
2474 2532 2502 2581 6
2546 2528 2748 2600 Κύριος
2792 2527 2883 2579 τὸν
2929 2527 3067 2596 ὑπὲρ
3108 2523 3239 2595 ἐμοῦ
3275 2526 3367 2576 καὶ
3411 2523 3655 2575 πάντων.

405 2644 425 2677 ι
462 2626 639 2680 bonus
688 2632 875 2695 pastor
921 2626 1159 2679 animam
1218 2642 1372 2681 suam
1436 2628 1587 2697 ponit
1630 2644 1729 2697 pro
1776 2630 1972 2684 ovibus

2089 2623 2143 2675 '0
2192 2622 2394 2693 ποιμὴν
2442 2620 2550 2691 γὰρ
2591 2622 2619 2673 6
2662 2619 2822 2681 καλὸς
2878 2619 2975 2689 τὴν
3008 2617 3184 2687 ψυχὴν
3230 2614 3395 2669 αὑτοῦ
3440 2614 3659 2684 τίθησιν

401 2718 519 2773 suis
551 2737 565 2773 :
599 2717 971 2773 mercenarius
1015 2724 1195 2771 autem
1224 2725 1278 2773 et
1321 2720 1413 2788 qui
1448 2735 1556 2773 non
1604 2726 1689 2773 est
1739 2728 1929 2789 pastor
1952 2761 1967 2785 ,

396 2813 561 2883 cujus
591 2827 700 2867 non
732 2819 861 2865 sunt
886 2826 1016 2867 oves
1053 2812 1308 2881 pr0prize,
1345 2811 1490 2866 videt
1519 2812 1708 2880 lupum
1748 2814 1971 2867 venien-

398 2915 533 2972 tem,
574 2925 595 2959 ι
629 2906 733 2960 hoc
761 2911 865 2969 est,
896 2904 1196 2967 diabolum,
1236 2922 1255 2954 ι
1292 2912 1346 2958 et
1368 2904 1591 2957 dimittit
1620 2920 1771 2971 oves,
1802 2914 1855 2960 et
1880 2906 1967 2959 fu-

398 3002 514 3071 git;
546 3007 601 3055 ct
629 2999 791 3068 lupus
814 2997 956 3066 rapit
981 3012 1076 3051 eas
1100 2996 1164 3050 ".
1205 3015 1223 3048 ι
1264 2996 1533 3061 Quocirca
1565 2997 1707 3051 scire
1733 3004 1965 3065 oportet,

2074 2715 2213 2785 ὑπὲρ
2240 2712 2347 2765 τῶν
2384 2712 2685 2783 προϐάτων·
2729 2714 2758 2765 6
2786 2710 2841 2763 δὲ
2874 2709 3139 2781 μισθωτὸς
3181 2708 3274 2760 καὶ
3299 2707 3401 2758 οὑκ
3429 2704 3508 2757 ῶν
3540 2722 3661 2756 ποι-

2077 2806 2205 2877 μὴν,
2236 2797 2295 2857 οὑ
2323 2804 2422 2857 οὑκ
2452 2804 2565 2857 ἐστι
2594 2802 2663 2856 τὰ
2691 2802 2940 2873 πρόϐατα
2972 2800 3110 2863 ίδια,
3155 2798 3347 2869 θεωρεῖ
3374 2797 3466 2849 τὸν
3494 2796 3660 2849 λύκον

2074 2896 2703 2970 ἐρχόμενονητουτέστι,
2745 2896 2834 2947 τὸν
2855 2893 3097 2947 διάϐολον
3131 2891 3404 2963 (19),ικαὶ
3459 2890 3661 2959 ἀφίησι

2073 2992 2143 3044 τά
2172 2991 2441 3062 πρόόατα,
2472 2991 2564 3043 καὶ
2593 2989 2803 3058 φεύγει,
2834 2989 2927 3040 καὶ
2945 2989 2973 3040 ὁ
3000 2985 3159 3048 λύκος
3202 2981 3435 3055 ἁρπάζει
3462 2979 3624 3035 αὑτά.
3643 2998 3658 3028 ι

397 3093 543 3164 quod
572 3092 738 3156 Deus,
769 3091 861 3161 qui
893 3091 1207 3145 misericors
1234 3100 1338 3155 est,
1378 3090 1823 3161 delinquentibus
1853 3110 1969 3164 pa:-

2078 3084 2286 3139 Είδέναι
2338 3079 2431 3137 οὖν
2480 3083 2788 3154 προσήκει,
2851 3080 2932 3133 ὅτι
2985 3081 3096 3141 τοῖς
3141 3079 3524 3149 ἡμαρτηκόσιν
3570 3075 3662 3127 εὑ-

398 3184 683 3240 nitentiam
710 3182 1067 3252 jurejurando
1100 3183 1371 3252 promisit.
1405 3182 1507 3248 Qui
1554 3199 1683 3238 vero
1714 3184 1963 3254 deliquit,

396 3291 453 3333 et
474 3278 619 3332 hanc
640 3277 707 3331 de
737 3276 1059 3346 pmnitentia
1090 3274 1491 3345 professionem
1522 3275 1617 3331 Dei
1646 3278 1881 3347 ignorat,
1915 3286 1971 3333 et

396 3370 635 3425 divinam
665 3367 1141 3423 mansuetudinem
1184 3376 1347 3438 atque
1392 3370 1711 3439 patientiam
1756 3372 1967 3438 nescit,

399 3464 733 3533 insuperque
759 3470 979 3517 sanctas
1019 3460 1332 3531 Scripturas
1370 3464 1742 3532 penitentiam
1776 3465 1972 3534 praedi-

397 3564 589 3613 cantes
614 3572 725 3611 non
757 3556 1059 3627 cognoscit,
1094 3556 1324 3620 scilicet,
1361 3570 1392 3608 a
1417 3563 1469 3611 te
1497 3572 1605 3611 non
1633 3557 1892 3623 edoctus;
1923 3558 1970 3613 is

398 3658 620 3720 propter
657 3649 934 3704 inscitiam
971 3649 1142 3719 perit;
1170 3655 1226 3701 at
1258 3655 1339 3713 tu,
1372 3656 1634 3719 tanquam
1685 3649 1971 3720 indulgens

400 3748 588 3810 pastor
621 3747 675 3796 et
706 3738 987 3794 studiosus
1038 3740 1343 3809 pabulator,
1390 3743 1628 3810 require,
1672 3758 1969 3801 numerans

398 3846 615 3903 gregem
685 3849 697 3884 :
756 3830 900 3902 quod
958 3829 1303 3885 desideratur
1337 3833 1635 3905 investiga,
1681 3835 1824 3889 sicut
1864 3836 1972 3891 Do-

399 3926 583 3980 minus
611 3924 775 3987 Deus,
804 3924 979 3979 bonus
1007 3924 1167 3978 Pater
1197 3932 1404 3989 noster,
1440 3926 1534 3994 qui
1564 3925 1841 3981 doctorem
1871 3943 1972 3982 no-

399 4026 574 4073 strum
618 4013 828 4078 Jesum,
868 4013 1063 4068 Filium
1107 4031 1288 4078 suum,
1327 4024 1604 4083 pastorem
1653 4019 1859 4072 bonum
1907 4035 1971 4076 ac

400 4107 739 4163 Salvatorem
777 4106 948 4171 misit,
987 4113 1036 4161 .:t
1070 4106 1348 4159 mandavit
1378 4107 1425 4161 ei
1460 4108 1769 4179 relinquere
1799 4126 1973 4166 nona-

397 4199 550 4273 ginta
595 4214 788 4253 novem
835 4213 966 4254 oves
1013 4198 1070 4252 in
1099 4198 1403 4264 montibus,
1451 4207 1505 4255 et
1558 4217 1857 4272 pr0perare
1903 4204 1971 4258 ad

397 4290 745 4363 quaarendam
775 4306 895 4346 eam
924 4306 1045 4361 quae
1072 4298 1369 4357 erraverat,
1392 4292 1777 4365 inventamque
1807 4312 1973 4365 super

398 4384 656 4440 humeros
687 4399 817 4439 suos
844 4384 1114 4449 attollere,
1139 4390 1193 4438 et
1214 4383 1280 4436 ad
1311 4400 1526 4455 gregem
1559 4396 1797 4455 portare,
1838 4403 1973 4458 gau-

2074 3178 2378 3249 σπλαγχνος
2405 3175 2479 3230 ῶν
2520 3178 2548 3229 6
2578 3174 2730 3238 Θεδς,
2779 3172 2918 3245 μετά
2945 3174 3109 3244 ὅρκου
3143 3171 3429 3243 μετάνοιαν
3476 3171 3658 3240 ἐπηγ-

2069 3271 2301 3340 γείλατο·
2347 3273 2376 3324 6
2436 3269 2491 3321 δὲ
2536 3268 2858 3339 ἁμαρτήσας
2907 3267 2999 3319 καὶ
3039 3266 3139 3338 τὴν
3183 3262 3517 3331 ἐπαγγελίαν
3560 3261 3658 3313 τοῦ

2070 3363 2205 3418 θεοῦ
2225 3363 2325 3435 τὴν
2354 3362 2481 3433 περὶ
2515 3360 2799 3431 μετάνοιαν
2831 3355 3060 3425 ἀγνοῶν,
3091 3357 3184 3409 καὶ
3210 3355 3269 3407 τὸ
3300 3353 3659 3426 μακρόθυμον

2070 3456 2165 3510 καὶ
2194 3453 2512 3521 ἀνεξίκακον
2542 3451 2705 3505 αὑτοῦ
2750 3451 2824 3523 μὴ
2862 3448 3239 3519 ἐπιστάμενος,
3284 3446 3363 3499 ἐτι
3413 3444 3523 3516 μὴν
3563 3446 3665 3499 καὶ

2070 3546 2168 3611 τὰς
2202 3546 2362 3615 ἁγίας
2390 3543 2612 3616 Γραφάς
2639 3542 2739 3605 τὰς
2765 3541 2967 3612 ταύτην
2997 3538 3374 3614 κηρυσσοὺσας
3401 3538 3463 3590 οὑ
3492 3536 3662 3605 γινώ-

2074 3654 2241 3702 σκων,
2264 3638 2359 3691 ἀτε
2384 3637 2457 3709 μὴ
2490 3633 2824 3708 μεμαθηκὼς
2852 3632 3003 3704 παρά
3033 3632 3148 3695 σοῦ,
3170 3629 3461 3685 ἀπόλλυται
3484 3630 3556 3693 ⁵⁸,
3588 3632 3659 3683 σὺ

2071 3730 2126 3785 δὲ
2158 3731 2233 3793 ὡς
2262 3729 2611 3801 φιλόστοργος
2652 3717 2855 3797 ποιμὴν
2902 3725 2996 3779 καὶ
3038 3725 3113 3788 ὡς
3145 3723 3426 3785 σπουδαῖος
3456 3724 3659 3793 νομεὺς

2071 3820 2345 3892 ἀναζήτει,
2388 3820 2637 3893 ἀριθμῶν
2664 3820 2762 3889 τὴν
2794 3818 3047 3889 ποίμνην·
3081 3816 3141 3869 τὸ
3187 3816 3369 3867 λεῖπον
3408 3814 3655 3885 ἐκξήτει,

2071 3914 2147 3977 ὡς
2177 3913 2381 3985 Κύριος
2409 3916 2437 3966 6
2466 3912 2597 3976 Θεὸς
2626 3914 2654 3965 ὁ
2684 3910 2887 3980 ἀγαθὸς
2908 3910 3095 3982 Πατὴρ
3115 3908 3292 3979 ἡμῶν,
3324 3905 3658 3969 ἀποστείλας

2070 4006 2159 4060 τὸν
2189 4005 2379 4059 ἑαυτοῦ
2408 4005 2534 4057 Υίὸν
2566 4003 2798 4073 ποιμένα
2842 4002 3001 4056 καλὸν
3032 4002 3125 4054 καὶ
3162 4000 3389 4070 Σωτῆρα
3436 3998 3530 4052 τὸν
3576 3997 3655 4049 δι-

2071 4097 2334 4152 δάσκαλον
2383 4096 2537 4167 ἡμῶν
2579 4094 2805 4166 Ἰησοῦν,
2840 4093 3139 4165 ἐπιτρέψας
3186 4091 3333 4161 αὑτῷ
3378 4089 3537 4143 ὲάσαι
3584 4092 3663 4143 τὰ

2072 4189 2581 4263 ἐννενηκονταεννέα
2622 4189 2714 4241 ἐπὶ
2756 4187 2867 4260 (20)
2914 4186 2983 4239 τά
3026 4186 3150 4258 ὅρη,
3185 4186 3278 4238 καὶ
3319 4182 3655 4255 πορευθῆναι

2072 4284 2165 4336 ἐπὶ
2194 4284 2293 4354 τὴν
2326 4280 2550 4353 ζήτησιν
2571 4280 2664 4333 τοῦ
2687 4280 2931 4350 πεπλανη
2942 4279 3122 4349 μένου,
3152 4278 3244 4331 καὶ
3272 4276 3500 4347 εὑρόντα
3520 4271 3657 4347 ἆραι

2073 4377 2165 4429 ἐπὶ
2189 4378 2313 4439 τοὺς
2345 4374 2536 4429 ἐαυτοῦ
2586 4372 2788 4445 ὤμους,
2837 4373 2930 4426 καὶ
2978 4373 3163 4442 φέρειν
3209 4372 3268 4423 ἐν
3312 4372 3381 4440 τῇ
3423 4368 3655 4439 ποίμνῃ,

398 4477 578 4533 dendo
616 4478 684 4533 de
724 4478 842 4532 ovis
879 4478 1103 4547 perdita:
1146 4479 1558 4548 recuperatione
1585 4480 1652 4534 δι.
1678 4478 1803 4533 Pari
1838 4495 1969 4550 ergo

2078 4471 2331 4542 χαίροντα
2356 4469 2450 4522 ἐπὶ
2485 4470 2550 4539 τῇ
2581 4468 2793 4538 εὑρέσει
2820 4465 2914 4518 τοῦ
2946 4463 3299 4526 ἀπολωλότος.
3336 4462 3525 4527 Οὕτως
3559 4458 3653 4514 οὖν

399 4569 583 4635 modo,
614 4584 648 4623 0
690 4569 969 4639 episcope,
1012 4576 1066 4623 et
1092 4577 1148 4622 tu
1198 4568 1308 4623 Deo
1338 4570 1702 4625 obedientiam
1737 4579 1965 4641 pra'sta,

398 4660 528 4716 dum
562 4663 707 4732 quod
739 4660 973 4730 perierat
995 4662 1252 4732 requiris,
1284 4663 1431 4733 quod
1463 4664 1810 4719 aberraverat
1838 4664 1969 4717 diri-

470 4816 515 4850 ⁸⁸
546 4814 743 4871 Ezech.
766 4818 1064 4885 xxxm,l0.
1140 4818 1184 4851 ⁸⁸
1204 4816 1359 4874 Joan.
1403 4835 1457 4883 x,
1492 4820 1577 4873 11.
1657 4820 1702 4852 ⁵ο
1733 4820 1804 4875 al.
1837 4820 1965 4874 add.

2078 4819 2106 4873 ὸ
2132 4821 2315 4885 ἀνοίας
2347 4861 2360 4873 .

2076 4567 2311 4636 ὑπήκοος
2340 4564 2491 4632 γίνου
2521 4563 2613 4618 καὶ
2642 4556 2791 4627 σὺ,ὧ
2810 4562 3097 4626 ἐπίσκοπε,
3120 4559 3366 4632 ἐκζητῶν
3396 4560 3457 4612 τὸ
3484 4558 3652 4613 ἀπολ-

2070 4660 2225 4725 ωλὸς,
2257 4658 2600 4712 κατευθύνων
2639 4657 2701 4710 τὸ
2741 4655 3177 4726 πεπλανημένον,
3212 4654 3562 4725 ἐπιστρέφων
3589 4652 3655 4705 τὸ

2434 4821 2478 4853 ⁸⁸
2511 4819 2697 4875 Matth.
2734 4833 2899 4884 xvul;
2940 4816 3073 4872 Luc.
3119 4834 3209 4875 xv.

1708 4973 2075 5032 VARIORUM
2108 4975 2339 5035 NOTIE.

470 5123 584 5196 (H)
635 5125 1008 5199 Ἐστιδέννων.
1039 5124 1156 5182 Vox
1177 5135 1260 5199 est
1287 5127 1479 5193 nihili,
1511 5143 1610 5198 pro
1639 5142 1746 5197 qua
1776 5128 1960 5199 legen-

398 5195 549 5268 dum,
568 5195 687 5268 aut
716 5196 963 5262 ἐπιὸέων,
993 5206 1087 5251 aut
1115 5198 1439 5268 ἐπιδεσμῶν,
1483 5195 1541 5251 ut
1568 5195 1671 5254 est
1692 5199 1747 5251 in
1791 5195 1964 5254 altero

398 5265 587 5348 codice
631 5264 1167 5348 Vindobonensimut
1212 5264 1417 5348 postea
1455 5270 1810 5348 rescivimus;
1858 5270 1963 5324 hoc

398 5346 503 5408 est,
537 5336 726 5408 ligans,
760 5344 819 5391 ut
860 5338 1037 5392 solent
1068 5337 1104 5390 ii
1134 5336 1227 5408 qui
1260 5340 1503 5393 membra
1549 5341 1722 5392 fracta
1768 5355 1963 5396 curare

398 5407 610 5461 volunt.
641 5406 807 5461 Miror
834 5406 1165 5462 Cotelerium'
1191 5410 1291 5463 hoc
1320 5424 1427 5462 non
1452 5409 1675 5473 vidisse,
1708 5425 1833 5462 nam
1858 5410 1963 5465 hoc

399 5476 552 5530 verbi
591 5486 895 5533 monstrum
926 5479 978 5531 in
1011 5477 1126 5533 Ind.
1155 5477 1342 5531 Grzeco
1372 5481 1663 5533 recensuit.
1708 5481 1962 5534 (Ima.—

399 5543 632 5598 Tautum
661 5549 815 5602 abest
840 5556 900 5602 ut
957 5548 1214 5602 ὲπιδέννω
1241 5548 1453 5601 verbum
1483 5550 1742 5612 sitnihili,
1778 5559 1835 5604 ut
1866 5552 1963 5603 ha-

399 5615 787 5688 beatur,seusu
807 5618 992 5688 ligo,in
1011 5618 1324 5687 Symmachi
1348 5618 1964 5685 versiouels.v1,tcstan-

401 5693 457 5740 te
477 5683 771 5759 krocopio:
795 5683 1200 5759 ἐπιδεννομένου
1225 5687 1324 5758 (sc.
1347 5690 1697 5759 τραύματος),
1727 5683 1931 5745 DuAcu.

469 5754 581 5827 (15)
597 5756 1026 5814 ἙαυτοῦΛΙιοι
1039 5754 1199 5816 habet
1212 5754 1455 5823 ἑαυτούς,
1484 5754 1758 5817 uicnduse.
1790 5760 1957 5817 CLEI.

220 6070 459 6143 ..4"\

2147 5127 2261 5201 (l6)
2304 5128 2595 5197 Ψυχικῆς.
2629 5126 2842 5201 Omittit
2872 5135 3120 5201 uterque.
3158 5142 3261 5183 nec
3290 5144 3425 5185 sane
3455 5146 3651 5188 neces-

2072 5198 2275 5255 sarium
2308 5208 2391 5253 est
2421 5206 2475 5252 et
2500 5199 2726 5253 oll'endit
2757 5214 2936 5252 aures.
2976 5198 3050 5253 lo.

2139 5268 2251 5343 (17)
2289 5271 2393 5343 Εἰς
2416 5268 2629 5343 βοράν.
2662 5267 2885 5325 Rectius
2913 5284 3077 5339 quam
3109 5268 3278 5342 βορᾷ,
3302 5272 3452 5342 quod
3477 5282 3563 5328 est
3591 5274 3646 5327 in

2070 5339 2242 5393 altero
2271 5340 2479 5393 codice.
2514 5339 2587 5392 lo.

2166 5410 2252 5465 18)
2302 5409 2449 5460 ’Υπό
2476 5425 2669 5461 τινων.
2702 5407 2981 5464 Omittitur
3009 5408 3064 5462 in
3093 5410 3285 5465 altero.
3319 5408 3397 5465 lo.

2166 5410 2229 5461 18
2302 5410 2449 5460 ’Υπό
2476 5425 2669 5461 τινων.
2702 5410 2981 5464 Omittitur
3009 5410 3064 5462 in
3093 5410 3285 5465 altero.
3319 5410 3397 5465 lo.

2138 5410 2252 5550 (19)
2294 5478 2569 5550 Τουτέστι
2596 5477 2702 5550 τὸν
2724 5478 3026 5550 διάϐολον.
3073 5478 3416 5535 Omittuntur
3455 5480 3513 5535 in
3562 5484 3645 5537 al-

2068 5547 2208 5610 tero,
2233 5547 2293 5603 et
2321 5549 2555 5616 glossam
2585 5548 2849 5602 redolent.
2882 5547 2959 5603 lo.

2138 5620 2251 5741 (20)
2280 5618 2426 5698 ’ῌπι
2448 5618 2733 5698 Antecedit
2758 5621 2811 5673 in
2839 5619 3011 5674 altero
3046 5621 3296 5702 eodem
3330 5624 3399 5692 τῇ
3430 5622 3650 5692 ἐρήμῳ,

2142 5706 2186 5741 ae
2244 5689 2380 5741 aCIlc
2407 5688 2747 5741 exciderunt.
2778 5697 3001 5741 nronter
3031 5698 3408 5741 repetitionem
3439 5698 3650 5741 Vocula

2066 5706 2186 5814 ἓιιέιξ
2209 5688 2380 5813 lfacile
2407 5688 2747 5757 exciderunt,
2778 5697 3001 5761 propter
3031 5688 3409 5763 repetitionem
3439 5688 3656 5749 vocula

2098 5778 2176 5814 π.
2230 5775 2285 5814 n.

2098 5775 2176 5815 πι.
2209 5775 2285 5816 ω.
