3884 6180
1236 279 1843 347 CONSTITUTIONES
1874 290 2556 361 APOSTOLICJE.—LIB.
2596 304 2663 363 ll.

3453 323 3562 381 658

305 383 560 453 ἀφεστός·
606 386 856 453 ἐξουσίαν
900 389 1010 463 γάρ
1041 389 1186 463 ἔχεις
1213 394 1584 469 ἐπιστρέφειν,
1615 403 1709 455 καὶ
1754 405 1843 458 ἀπε

1953 447 1964 469 ι
1991 408 2097 477 gis,
2130 411 2277 481 quod
2315 428 2617 473 secesserat
2652 436 2907 494 revocas;
2937 436 3259 497 potestatem
3289 435 3434 489 enim
3463 437 3562 491 ha-

306 477 546 532 στέλλειν
585 479 1019 553 τεθραυσμένους
1058 485 1117 538 ὲν
1144 485 1356 555 ἀφέσει·
1387 488 1476 543 διά
1518 491 1611 545 σοῦ
1641 495 1669 547 ὁ
1697 496 1843 569 Σωτὴ

2148 477 2163 481 _
2760 477 2767 479 τ
2795 477 2907 494 η,
2938 477 3259 497 τ--------.-.
3463 477 3562 491 ....-

1990 500 2087 556 bes
2129 506 2445 571 revocandi,
2478 517 2533 564 et
2558 510 2868 570 dimittendi
2918 518 3232 579 contractos
3266 525 3319 579 in
3366 530 3563 585 remis-

300 568 451 638 λέγει
493 570 571 642 τῷ
598 574 914 645 παρειμένῳ
941 576 1000 629 ὲν
1033 576 1329 650 ἁμαρτίαις
1349 596 1364 612 ·
1392 600 1414 634 ι
1462 580 1760 653 ’Δφὲωνταί
1794 568 1843 640 σι

1986 593 2199 685 sionem
2219 598 2294 665 ⁸²;
2330 616 2427 669 per
2467 610 2521 659 te
2552 602 2824 674 Salvator,
2856 612 2923 665 ad
2953 616 3187 685 paralysi
3232 616 3557 676 delictorum

297 663 358 714 at
393 663 681 733 ἁμαρτίαι.
726 665 791 718 Ἠ
820 667 1006 732 πίστις
1033 686 1127 722 σου
1158 670 1366 725 σέσωκέ
1409 690 1489 726 σε’
1538 676 1772 747 πορεύου
1806 681 1843 732 ε]

1986 684 2327 744 laborantem
2359 692 2476 747 ait:
2527 714 2548 746 ι
2582 663 3205 774 Remittunturrpeccitta
3252 720 3343 765 tua
3375 711 3442 769 ⁸⁸.
3475 712 3558 770 Fi-

297 754 544 827 είρήνην.
580 774 598 807 ι
634 757 839 830 Εἰρήνη
868 758 925 813 δὲ
955 762 1049 814 καὶ¹
1076 761 1243 835 λιμὴν
1266 760 1379 836 (21)
1408 766 1643 838 γαληνὸς
1672 770 1819 823 ἐστιν
1849 773 1881 843 ὴ

294 847 395 901 τοῦ
415 849 649 920 Χριστοῦ
684 851 996 924 Ἐκκλησία·
1020 855 1100 917 είς
1115 855 1179 926 ἢν
1194 854 1337 909 λύων
1355 858 1481 921 τοὺς
1495 859 1884 932 ἡμαρτηκότας

292 939 638 997 ἀποκαθίστα
683 942 855 1011 ὑγιεῖς
892 944 987 998 κα)⁸
1030 944 1313 1017 ἀμώμους,
1358 948 1663 1016 εὐέλπιδας,
1711 969 1880 1007 σπου-

288 1031 497 1097 δαίους,
510 1035 840 1106 ὲργοπόνους
859 1039 915 1090 ὲν
934 1040 1046 1101 τοῖς
1063 1039 1286 1108 ἀγαθοῖς
1303 1040 1502 1117 ξργοις·
1525 1043 1603 1108 ὡς
1620 1044 1881 1119 ἔμπειρος

289 1125 389 1179 καὶ
418 1126 712 1199 συμπαθὴς
744 1128 928 1199 ἰατρὸς
954 1131 1163 1195 πάντας
1186 1132 1249 1185 ίῶ
1271 1132 1383 1207 (22)
1400 1136 1528 1200 τοὺς
1546 1138 1603 1189 ὲν
1632 1138 1877 1212 ἁμαρτίᾳ

288 1217 759 1289 πεπλανημένους.
799 1239 816 1272 ι
845 1221 921 1273 Οὐ
948 1220 1059 1292 γὰρ
1078 1222 1267 1293 χρείαν
1289 1223 1503 1295 ἔχουσιν
1528 1228 1578 1280 οἰ
1603 1228 1876 1299 ίσχύοντες

289 1309 501 1378 ἰατροῦ,
535 1310 647 1364 ἀλλ’
678 1312 727 1365 oi
756 1312 943 1377 κακῶς
986 1312 1219 1384 ἔχοντες.
1266 1311 1470 1370 Ἦλθεν
1513 1318 1622 1390 γὰρ
1669 1322 1699 1374 ό
1745 1322 1875 1387 Υίὸς

282 1399 381 1455 τοῦ
401 1400 689 1473 ἀνθρώπου
720 1402 891 1456 σῶσαι
923 1404 1018 1457 καὶ
1045 1402 1278 1475 ζητῆσαι
1303 1405 1365 1458 τὸ
1391 1407 1820 1481 πεπλανημένον.
1849 1431 1866 1464 ι

294 1490 504 1561 Ἰατρὸς
545 1490 638 1546 οὖν
686 1491 763 1547 ὢν
808 1493 921 1565 (25)
974 1495 1073 1566 τῆς
1132 1496 1455 1568 Ἑκκλησίας
1498 1498 1594 1553 τοῦ
1640 1502 1868 1573 Κυρίου,

278 1583 530 1656 πρόσαγε
560 1584 859 1657 θεραπείαν
888 1587 1221 1660 κατάλληλον
1253 1590 1469 1662 ἑκάστῳ
1510 1591 1621 1646 τῶν
1647 1594 1868 1649 νοσούν-

276 1692 413 1739 των,
441 1677 603 1729 παντὶ
631 1678 839 1749 τρόπῳ,
864 1677 1154 1751 θεράπευε,
1187 1680 1400 1750 ύγίαζε,
1424 1681 1596 1747 σώους
1624 1685 1868 1739 ἀποκαθ-

278 1766 406 1820 ίστα
456 1771 523 1840 τῇ
568 1768 880 1842 Ἐκκλησία·
932 1771 1188 1842 ποίμαινε
1242 1772 1305 1826 τὸ
1350 1774 1634 1846 ποίμνιον,
1687 1777 1761 1849 μὴ
1808 1779 1867 1833 ὲν
1898 1761 1942 1819 Β

274 1861 472 1931 κράτει
504 1861 644 1932 μετά
669 1863 1012 1935 ὲμπαιγμοῦ,
1042 1864 1119 1929 ὼς
1146 1865 1599 1933 κατεξουσιάζων,
1638 1868 1751 1922 ἀλλ’
1788 1869 1865 1935 ὡς

273 1952 483 2023 ποιμὴν
512 1954 747 2025 χρηστὸς
771 1954 850 2027 τῷ
878 1955 1064 2027 κόλπῳ
1112 1956 1361 2026 συνάγων
1405 1958 1475 2013 τά
1520 1960 1681 2031 ἀρνία
1726 1960 1861 2033 (24),

273 2044 373 2100 καὶ
400 2044 500 2109 τὰς
526 2045 585 2099 ὲν
612 2048 811 2119 γαστρὶ
841 2048 1070 2118 ἐχούσας
1100 2050 1453 2123 παρακαλῶν.

787 2162 1182 2216 ΚΕΦΑΛΑΙΟΝ
1219 2164 1349 2217 KA'.

273 2269 407 2324 Ὀτι
434 2271 721 2339 κίνδυνος
741 2274 1046 2343 μονομερῆ
1074 2276 1277 2343 κρίσιν
1319 2275 1711 2342 ποιήσασθαι,
1758 2278 1860 2333 καὶ

304 2342 592 2411 τιμωρίαν
619 2342 819 2412 ὁρίσαι
848 2342 998 2399 κατὰ
1017 2342 1123 2400 τοῦ
1145 2345 1391 2414 μηδέπω
1413 2347 1819 2416 ἐλεγχθέντος.

343 2501 477 2553 Ἔσο
520 2500 578 2553 δὲ
622 2499 896 2572 χρηστὸς,
943 2500 1147 2569 ἀγαθὸς
1174 2541 1187 2564 ,
1238 2502 1419 2572 ἤπιος,
1470 2502 1655 2567 ἄδολος
1703 2504 1853 2577 (25),

264 2592 527 2663 ἀψευδὴς,
561 2593 635 2665 μὴ
668 2592 922 2664 σκληρὸς,
955 2595 1028 2665 μὴ
1060 2592 1321 2665 αὐθάδης,
1356 2594 1430 2666 μὴ
1452 2595 1744 2666 ἀπότομος,
1779 2599 1852 2670 μὴ

262 2682 503 2747 ἀλαζὼν,
540 2683 616 2756 μὴ
644 2684 896 2757 ἀνηλεὴς,
930 2685 1004 2756 μὴ
1034 2686 1433 2756 τετυφωμένος,
1468 2687 1541 2759 μὴ
1565 2687 1855 2759 ἀνθρωπά-

266 2793 485 2852 ρεσκος,
518 2778 593 2849 μὴ
621 2776 812 2840 δειλὸς,
850 2777 923 2847 μὴ
955 2776 1243 2847 δίγνωμος,
1276 2776 1560 2847 ὲμπαίζων
1594 2780 1705 2841 τοῖς
1749 2780 1853 2833 ὑπὸ

264 2871 327 2925 σὲ
355 2870 524 2934 λαοῖς,
571 2870 647 2943 μὴ
688 2869 1055 2941 ἀποκρύπτων
1102 2869 1197 2921 ἀπ’
1239 2868 1418 2922 αὐτῶν
1464 2869 1534 2923 τὰ
1578 2870 1672 2923 τοῦ
1717 2871 1851 2925 Θεοῦ

262 2961 474 3033 νόμιμα
503 2962 598 3015 καὶ
626 2962 753 3024 τοὺς
772 2962 901 3031 περὶ
924 2960 1211 3031 μετανοίας
1229 2959 1439 3028 λόγους,
1467 2961 1541 3032 μὴ
1563 2962 1852 3034 πρόχειρος

262 3052 404 3124 πρὸς
431 3052 495 3106 τδ
536 3052 735 3117 ἐξῶσαι
772 3053 865 3106 καὶ
892 3051 1164 3117 ἐκϐαλεῖν,
1196 3052 1309 3105 ἀλλ’
1338 3052 1606 3124 ἀσφαλὴς,
1639 3054 1712 3126 μὴ
1757 3073 1848 3123 φι-

1983 776 2081 832 des
2105 786 2194 834 tua
2222 790 2275 837 te
2307 785 2518 840 salvum
2545 788 2715 858 fecit;
2760 794 2896 849 vade
2927 797 2979 850 in
3007 816 3139 868 pace
3161 802 3223 854 “.
3266 824 3284 855 ι
3316 804 3427 860 Pax
3459 822 3558 862 au-

1983 876 2092 923 tem
2127 879 2181 925 et
2210 878 2545 945 tranquillus
2575 892 2771 950 portus
2802 898 2886 943 est
2917 888 3159 947 Ecclesia
3188 895 3393 953 Christi
3430 920 3443 955 :
3486 901 3555 958 ad

1982 976 2146 1031 quam
2178 976 2496 1035 peccatores
2536 974 2874 1034 absolvendo
2919 985 3147 1040 restitue
3178 1002 3342 1043 sanos
3370 1001 3423 1045 et
3453 993 3556 1046 im-

1980 1058 2309 1126 maculatos,
2355 1064 2496 1121 bene
2545 1078 2872 1137 sperantes,
2922 1076 3236 1142 studiosos,
3286 1080 3342 1135 in
3394 1082 3554 1139 bonis

1976 1152 2238 1222 operibus
2273 1156 2576 1216 laboriosos
2603 1181 2615 1216 :
2644 1171 2702 1217 ut
2724 1166 2931 1234 peritus
2952 1174 3007 1221 et
3041 1169 3353 1229 misericors
3380 1176 3554 1230 medi-

1976 1262 2077 1303 cus
2105 1252 2363 1307 omnibus
2389 1253 2442 1307 in
2474 1265 2698 1323 peccato
2733 1260 3082 1317 versantibus
3110 1264 3348 1321 medere.
3380 1286 3399 1318 ι
3428 1268 3549 1323 Non

1973 1343 2119 1397 enim
2145 1360 2283 1415 opus
2311 1347 2514 1401 habent
2542 1349 2755 1405 medico
2778 1353 2872 1421 qui
2903 1355 3106 1418 valent,
3139 1356 3237 1412 sed
3267 1360 3361 1428 qui
3405 1364 3550 1419 male

1972 1436 2177 1493 habent
2209 1440 2255 1471 ⁸⁵
2394 1440 2555 1496 Venit
2584 1444 2727 1499 enim
2760 1444 2931 1503 Filius
2964 1449 3202 1509 hominis
3248 1454 3463 1511 salvare
3491 1467 3549 1513 et

1971 1547 2217 1601 quaerere
2242 1534 2389 1604 quod
2416 1544 2697 1591 erraverat
2716 1538 2783 1594 ".
2816 1558 2835 1591 ι
2869 1539 3005 1597 Cum
3026 1559 3157 1616 ergo
3184 1548 3262 1604 sis
3288 1547 3547 1609 Ecclesia:

1934 1622 2183 1685 ,Domini
2221 1628 2482 1694 medicus,
2521 1631 2565 1662 ’τ
2597 1633 2829 1703 singulis
2876 1639 3096 1707 aegrotis
3126 1643 3543 1701 convenientem

1969 1722 2294 1777 medicinam
2330 1724 2548 1789 adhibe,
2579 1728 2723 1781 omni
2756 1730 2936 1792 modo.
2972 1747 3126 1797 cura,
3168 1749 3327 1801 sana,
3362 1740 3543 1809 sospi-

1961 1820 2044 1870 tes
2076 1812 2242 1869 redde
2260 1813 2555 1873 Ecclesiae:
2581 1830 2746 1885 pasce
2772 1833 2987 1893 gregem
3018 1826 3085 1893 ⁸⁸,
3106 1845 3216 1885 non
3245 1833 3541 1904 imperiose

1963 1919 2089 1960 cum
2140 1906 2373 1961 ludibrio
2401 1946 2419 1969 ,
2475 1908 2632 1977 quasi
2666 1919 2988 1981 potestatem
3014 1932 3272 1979 exercens
3307 1925 3385 1991 l”;
3441 1928 3537 1983 sed

1963 1998 2307 2069 utbenignus
2336 2008 2542 2070 pastor,
2576 2003 2630 2058 in
2668 1994 2851 2061 sinum
2882 2025 3053 2080 agnos
3082 2030 3452 2091 congregans,
3483 2034 3539 2079 et

1962 2090 2101 2147 fetas
2130 2091 2442 2149 rel‘ocillans
2464 2096 2532 2152 ⁶⁰.

2545 2208 2774 2266 CAPUT
2811 2212 2952 2272 XXI.

1960 2320 2113 2389 Quod
2152 2323 2439 2392 periculum
2480 2326 2554 2408 sit.
2588 2341 2693 2377 una
2739 2335 2943 2381 tantum
2966 2340 3115 2397 parte
3159 2336 3343 2391 audita
3385 2340 3536 2408 judi-

2029 2410 2177 2477 care,
2206 2403 2255 2447 et
2278 2410 2481 2461 poenam
2519 2394 2790 2451 decernere
2831 2394 3013 2453 contra
3049 2419 3166 2456 eum
3186 2408 3274 2476 qui
3302 2394 3532 2466 nondum

2028 2475 2293 2519 convictus
2324 2475 2423 2520 est.

2025 2558 2156 2614 Esto
2204 2565 2384 2613 autem
2440 2558 2732 2624 humanus,
2784 2561 2984 2629 bonus,
3038 2565 3199 2632 lenis,
3256 2571 3527 2640 sincerus,

1953 2670 2139 2722 verax,
2168 2671 2278 2710 non
2312 2655 2504 2719 durus,
2535 2672 2640 2710 non
2672 2665 2986 2725 contumax,
3013 2677 3121 2717 non
3157 2666 3386 2736 rigidus,
3419 2687 3529 2727 non

1954 2763 2237 2819 arrogans,
2271 2765 2380 2803 non
2420 2750 2832 2812 immisericors,
2860 2769 2970 2809 non
3016 2756 3256 2824 inﬂatus,
3290 2778 3397 2817 non
3440 2780 3531 2821 as-

1954 2851 2219 2906 sentator,
2250 2858 2361 2897 non
2410 2842 2713 2912 improbus,
2762 2860 2871 2899 non
2912 2849 3235 2918 versipellis,
3263 2871 3370 2911 non
3404 2859 3531 2914 illu-

1953 2936 2089 2993 dens
2117 2935 2216 2989 tibi
2244 2936 2505 3004 subjectis
2532 2938 2767 3006 populis,
2811 2938 2903 2994 Dei
2945 2941 3089 3012 leges
3125 2954 3287 3017 atque
3314 2953 3381 3007 de
3409 2970 3529 3023 pag-

1950 3031 2181 3086 nitentia
2224 3046 2504 3085 sermones
2556 3031 2665 3086 illis
2719 3048 2827 3086 non
2864 3037 3169 3104 occultans,
3205 3058 3311 3095 non
3344 3060 3530 3114 prom-

258 3110 626 3216 λέπιτιμητης
655 3144 764 3215 (26)
794 3144 1093 3215 προπετὴς,
1229 3110 1667 3216 παραδεχόμενος
1701 3110 1843 3201 κατά

1953 3134 2074 3196 ptus
2104 3125 2172 3179 ad
2200 3126 2579 3195 expellendum
2628 3134 2683 3183 et
2722 3128 3087 3199 ejiciendum;
3121 3135 3215 3189 sed
3246 3110 3525 3208 prudens,

256 3249 407 3298 τινος
451 3236 755 3307 μαρτυρίαν
797 3236 924 3289 ἀνευ
952 3234 1120 3306 τριῶν
1150 3235 1357 3289 πιστῶν
1387 3236 1497 3308 (27)
1530 3236 1842 3310 μαρτύρων,

260 3327 359 3382 acui.
384 3326 588 3381 τούτων
629 3321 704 3380 ὧν
731 3329 759 3380 ό
788 3327 987 3399 τρόπος
1114 3328 1607 3400 μεμαρτυρημένος
1650 3330 1841 3396 πάλαι,

1950 3238 2053 3277 nec
2098 3224 2191 3292 qui
2233 3222 2466 3277 libenter
2502 3238 2565 3277 ac
2596 3225 2901 3293 procaciter
2944 3227 3233 3299 increpes;
3282 3249 3383 3289 nec
3429 3236 3525 3306 qui

1949 3317 2318 3373 testimonium
2363 3316 2626 3373 adversus
2683 3321 2989 3390 quempiam
3048 3323 3344 3391 admittas,
3402 3331 3523 3388 sine

258 3418 357 3472 καὶ
386 3420 433 3471 εί
466 3418 539 3490 μὴ
569 3419 661 3472 ἀπ’
694 3418 894 3490 ἔχθρας
927 3418 1236 3488 κινούμενοι
1264 3419 1297 3490 ἢ
1336 3419 1551 3488 φθόνου.
1582 3421 1702 3474 Εἰσὶ
1732 3422 1842 3494 γὰρ

1953 3411 2123 3465 tribus
2152 3409 2403 3465 fidelibus
2433 3410 2685 3476 testibus,
2720 3412 2894 3483 iisque
2922 3431 3152 3484 quormn
3188 3432 3367 3476 mores
3387 3422 3523 3492 jam.

257 3510 447 3563 πολλοὶ
486 3509 978 3582 ὲπιχαιρεσίκακοι,
1018 3509 1382 3583 πρόγλωσσοι,
1411 3512 1634 3585 τριττὴν
1662 3512 1839 3581 γλῶσ-

258 3617 362 3655 σαν
391 3599 602 3672 ἔχοντες
629 3602 763 3673 (28),
797 3602 1132 3674 μισάδελφοι,
1175 3602 1335 3674 ἔργον
1361 3602 1633 3674 τιθέμενοι
1679 3621 1840 3677 σκορ-

1947 3502 2156 3571 pridem
2186 3502 2469 3572 approbali
2504 3503 2635 3564 sint.
2675 3512 2729 3558 et
2757 3503 3052 3562 dummodo
3086 3525 3260 3580 neque
3284 3513 3522 3571 inimici-

1946 3594 2036 3648 tiis
2064 3609 2238 3663 neque
2276 3594 2478 3649 invidia
2504 3594 2797 3651 ducantur.
2832 3596 2982 3651 Multi
3009 3601 3211 3671 quippe
3254 3616 3383 3660 sunt
3410 3623 3521 3663 ina-

253 3692 440 3757 πίζειν
484 3692 553 3747 τά
612 3693 847 3765 Χριστοῦ
898 3694 1165 3766 πρόϐατω
1213 3688 1289 3747 ὧν
1345 3695 1393 3747 εί
1438 3694 1839 3767 παραδέχεσθαι

1953 3687 2125 3751 levoli,
2156 3686 2395 3752 dicaces,
2416 3688 2631 3743 tertiam
2660 3688 2899 3758 linguam
2939 3690 3199 3748 habentes
3231 3694 3293 3759 “,
3326 3712 3519 3756 osores

253 3785 436 3849 θέλεις
464 3787 590 3849 τοὺς
616 3786 809 3855 λόγους
836 3787 1096 3858 ἀκρίτως,
1125 3787 1438 3859 διασπερεῖς
1482 3804 1576 3840 σου
1624 3788 1687 3841 τὸ
1716 3788 1838 3841 ποί-

253 3894 435 3947 μνιον,
466 3877 561 3931 καὶ
587 3876 928 3950 παραδώσεις
959 3876 1145 3941 λύκοις
1173 3880 1253 3942 είς
1284 3878 1645 3950 κατάϐρωμα,
1678 3897 1834 3932 τουτ-

320 4033 372 4065 ³²
401 4032 535 4089 Luc.
576 4048 652 4097 tv,
676 4034 765 4089 l9.
816 4034 862 4067 ⁵³
881 4032 1073 4089 Matth.
1105 4049 1180 4097 rx,
1211 4033 1265 4086 2.
1343 4034 1388 4066 ⁵⁸
1413 4033 1579 4088 Marc.
1611 4050 1664 4098 v,
1700 4034 1791 4087 5i.

1858 4034 1904 4066 ⁸⁵
1962 4033 2152 4088 Matth.
2182 4050 2259 4099 Ix,
2287 4034 2374 4088 12.

1941 3779 2191 3843 fratrum,
2227 3779 2280 3833 id
2308 3795 2527 3849 operam
2570 3781 2784 3846 dantes,
2814 3790 2871 3835 ut
2899 3781 3100 3839 Christi
3148 3801 3277 3843 oves
3305 3789 3519 3861 disper-

1940 3882 2069 3947 gant
2094 3892 2109 3929 :
2143 3873 2335 3927 horum
2361 3872 2407 3927 si
2435 3871 2733 3927 delationes
2764 3879 2966 3931 temere
2988 3877 3071 3932 vis
3092 3880 3362 3949 excipere,
3390 3898 3513 3953 gre—

2479 4032 2682 4113 f'fLuc.
2716 4037 2985 4113 x1x_,A10.
3046 4040 3150 4095 ⁸⁷1.
3213 4040 3388 4113 lgnat.
3441 4045 3512 4102 ad

246 4104 441 4176 Polyc.
466 4105 522 4160 2.
578 4105 625 4137 ⁸⁸
654 4104 853 4161 Ezech.
889 4121 1075 4161 xxxiv.
1104 4105 1160 4159 4.
1236 4105 1280 4138 ⁸³
1313 4104 1503 4160 Matth.
1533 4120 1625 4169 xx,
1647 4106 1741 4159 25.
1815 4104 1843 4135 ⁶⁴

1953 4119 1994 4161 a.
2024 4120 2113 4169 ιι,
2148 4106 2236 4159 ii.
2301 4105 2343 4136 “
2366 4102 2531 4160 Eccli.
2568 4121 2763 4171 xxvm,
2795 4106 2881 4161 16.

1570 4258 1935 4317 VARIORUM
1966 4260 2199 4318 NOTAE.

322 4398 439 4483 (‘2!)
466 4398 683 4483 έιμήν.
720 4397 857 4454 Male
886 4397 1147 4453 omittunt
1192 4395 1251 4451 in
1292 4404 1524 4468 utroque
1555 4396 1831 4455 Vindobo—
1862 4404 1907 4459 D
1935 4401 2076 4483 rium
2108 4407 2211 4460 est.
2244 4398 2370 4483 quia
2393 4412 2700 4483 resperse
2736 4398 2871 4483 satis
2901 4399 3238 4483 intplligitur.
3278 4402 3383 4459 Pro
3428 4403 3505 4462 ὧν

320 4469 432 4525 nsi.
462 4469 630 4525 Cncn.

243 4488 432 4529 nensi.
462 4488 630 4525 una.

318 4541 436 4610 (22)
455 4540 564 4595 Ἰῶ.
596 4538 820 4610 Rectius
851 4536 989 4593 alter
1020 4535 1264 4609 ἰώμενος.
1291 4533 1437 4592 Idem
1458 4552 1556 4608 pro
1587 4539 1829 4610 ἁμαρτία

244 4607 431 4699 habet;
444 4611 774 4699 iambis;
792 4607 866 4699 'P:

340 4681 434 4750 25)
469 4673 594 4750 “of.
627 4679 775 4733 Alter
801 4678 923 4733 cod.
953 4676 1242 4750 bndpxtov.
1264 4673 1341 4750 In.

318 4746 437 4821 (24)
471 4749 554 4815 Τῷ
582 4750 784 4813 κόλπῳ
812 4746 1191 4821 conﬁrma-fa
1212 4746 1405 4821 ἀρνία,
1429 4765 1482 4801 κ.
1509 4765 1558 4801 τ.
1578 4748 1627 4801 λ.
1647 4748 1826 4821 Habes

243 4815 481 4887 vestigia
524 4822 746 4887 integra:
791 4818 1058 4872 versionis
1114 4815 1317 4887 Senum
1366 4816 1435 4887 is.
1470 4834 1557 4881 XL,
1595 4820 1654 4873 11
1691 4839 1703 4873 :
1736 4820 1825 4887 Τῷ

284 4874 497 4964 ραχῖονι
518 4874 697 4964 αι’δτουῖἷ)Δ
714 4887 1137 4964 συνάξει-ἄρνας,
1154 4886 1246 4938 καὶ
1267 4886 1324 4937 ὲν
1348 4886 1425 4957 τῷ
1455 4874 1637 4964 κόλξπῳ
1657 4874 1822 4964 αύτοῧ

284 4894 497 4964 ραχίονι
518 4894 682 4942 αὐτοῦ
714 4894 928 4951 συνάξει
949 4894 1137 4957 ἄρνας,
1154 4894 1246 4938 καὶ
1267 4894 1324 4937 εν
1348 4894 1425 4957 τῷ
1455 4894 1637 4958 κόλπῳ
1657 4894 1822 4942 αὑτοῦ

245 4894 656 5037 ἑαστάσεμικαὶ
682 4960 739 5011 ὲν
762 4958 959 5028 γαστρὶ
1000 4955 1247 5037 ἐχούσας,
1270 4958 1664 5035 ςπαρακαλὲσει.
1708 4958 1824 5037 Hoc

242 5024 332 5087 cst
360 5028 507 5101 apud
534 5024 960 5099 Hieronymum:
992 5024 1063 5101 In:
1086 5024 1313 5101 brachio
1353 5024 1449 5079 suo
1491 5027 1823 5097 congregabit

244 5095 522 5171 agnos-{et
537 5101 595 5171 in
626 5095 753 5171 sinit
772 5115 866 5153 suo
892 5095 1140 5165 portabit,
1181 5104 1229 5148 et
1272 5095 1602 5171 prwgnantes
1635 5095 1821 5152 conso-

246 5167 467 5225 labitur.
505 5168 684 5224 Minus
726 5169 863 5223 bene
911 5171 1178 5237 quotquot
1217 5175 1480 5219 venerunt
1527 5167 1579 5220 in
1624 5183 1819 5221 manus

244 5257 400 5295 meas
448 5239 595 5303 libri,
624 5242 739 5294 sive
777 5238 987 5303 excusi,
1029 5237 1143 5291 sive
1194 5250 1358 5288 manu
1397 5237 1625 5297 exarati,
1662 5244 1720 5290 ut
1765 5245 1821 5291 et

242 5310 485 5377 Cyrillus
533 5325 597 5363 ac
638 5308 959 5376 Procopius,
988 5306 1242 5377 omittunt
1292 5320 1475 5377 voces,
1519 5308 1713 5377 mtiév
1741 5306 1818 5377 τῷ

310 5381 431 5450 λπῳ
458 5378 625 5433 αὑτοῦ
657 5374 947 5450 βαστάσει,
968 5390 1106 5445 quas
1138 5374 1304 5450 codex
1342 5374 1572 5450 celeber.
1621 5374 1816 5450 Ren_ati

243 5433 507 5504 Iarchali
562 5433 752 5503 tribuit
792 5433 1001 5516 Aquila;
1027 5452 1090 5516 et
1148 5443 1494 5514 Symmacho,
1530 5461 1656 5502 cum
1705 5448 1817 5501 sint

241 5520 421 5596 etiam
439 5521 793 5596 interpretum
824 5514 986 5596 LXX.
1012 5514 1149 5596 C91.
1314 5583 1331 5596 ,
1381 5582 1444 5596 ,η

315 5589 430 5657 (25)
458 5582 727 5655 Ἀδόλος.
751 5586 913 5657 Deest
942 5586 998 5657 in
1038 5586 1208 5657 altero
1231 5583 1354 5657 cod.
1381 5582 1690 5657 Yindobon.
1713 5583 1810 5657 (ξι.

336 5589 409 5643 25
458 5589 727 5655 Ἀδολος.
751 5589 913 5642 Deest
942 5589 998 5640 in
1038 5589 1208 5639 altero
1231 5589 1354 5638 cod.
1382 5589 1690 5639 Viudobon.
1713 5589 1809 5639 CL.

336 5589 430 5729 26)
458 5654 1243 5729 Φιλεπιτιιιητήςηοῐηῇῑιὶιυι·
1282 5654 1354 5729 in_
1369 5655 1542 5715 altero
1569 5653 1691 5709 cod.
1734 5652 1809 5709 lo.

336 5662 428 5729 26)
458 5662 931 5727 Φιλεπιτιμητής.
962 5662 1243 5709 Omittitur
1282 5662 1337 5708 in
1369 5662 1542 5715 altero
1569 5662 1691 5709 cod.
1734 5662 1809 5709 lo.

311 5662 429 5803 i2?)
460 5728 713 5789 Πιστῶν.
744 5727 904 5785 Deest
930 5726 987 5784 in
1030 5725 1202 5782 altero
1255 5724 1375 5782 cod.
1410 5740 1511 5782 nec
1558 5739 1815 5783 necessa-

1933 4469 2077 4541 quod
2108 4469 2356 4537 sequitur
2383 4468 2585 4541 ρει-ἐάν
2616 4468 2669 4521 in
2703 4476 2948 4541 utroque.
2982 4469 3054 4541 lp.

2002 4541 2114 4609 (28)
2150 4541 2357 4609 Τρίτηκ
2383 4538 2671 4609 γλῶσσαν
2695 4538 2937 4609 ἔχοντες
2987 4539 3246 4608 Linguam
3289 4546 3499 4600 tertiam

1930 4608 2143 4664 Hebraei
2180 4608 2472 4680 appellant,
2498 4608 2733 4677 linguam
2776 4608 3131 4680 oblocutoris,
3166 4620 3350 4680 utpote
3385 4632 3501 4670 me-

1928 4680 2070 4733 diam
2096 4682 2237 4734 inter
2256 4677 2560 4731 auditorem
2585 4692 2647 4729 ac
2666 4693 2786 4731 eum
2811 4677 2877 4731 de
2902 4695 3007 4747 quo
3030 4696 3208 4734 sermo
3230 4677 3494 4741 habetur:

1927 4750 2188 4819 aiuntque
2219 4749 2419 4820 rlingua
2458 4748 2621 4820 tertia
2652 4748 2827 4820 tribus
2854 4752 3154 4820 perniciem
3192 4752 3494 4820 importari,

1925 4818 2251 4878 detrahenti.
2284 4818 2609 4873 auscultanti
2656 4826 2710 4871 et
2759 4818 3091 4873 insimulato.

1912 4888 2072 4959 τρίτη
2101 4896 2303 4959 quanta
2328 4888 2465 4939 mala
2495 4887 2712 4945 excitet.
2731 4885 3065 4959 describitur
3085 4888 3146 4959 in
3170 4885 3334 4941 Eccli.
3364 4905 3483 4956 cap.

1916 4954 2131 5019 ixviiii
2177 4957 2266 5011 ubi
2312 4967 2490 5010 tamen
2554 4954 2814 5009 nonnulla
2858 4956 3185 5023 exemplaria
3236 4954 3488 5011 videntur

1915 5027 2175 5082 habuisse
2208 5028 2378 5097 τρητή
2402 5066 2415 5087 ,
2452 5027 2551 5079 hoc
2578 5034 2662 5078 est
2705 5025 3093 5097 τετρυπημένη
3117 5064 3131 5089 ,
3174 5029 3486 5095 perforata;

1920 5100 2112 5151 eodem
2159 5092 2321 5150 sensu
2368 5092 2477 5166 quo
2504 5108 2712 5166 servus
2752 5092 2841 5166 ille
2866 5092 3227 5166 Terentianus
3253 5092 3490 5166 j‘ocatur,

1921 5180 1981 5220 se
2017 5167 2233 5235 quando
2274 5163 2557 5235 mendacia
2580 5172 2760 5219 tacere
2798 5163 3037 5235 jubetur,
3081 5163 3295 5235 plenum
3328 5163 3494 5221 rima-'-

1919 5232 2049 5306 rum'
2069 5252 2211 5297 esse,
2235 5238 2336 5306 hac
2359 5234 2671 5306 atqne_illac
2694 5232 2984 5306 perﬂuere.
3014 5232 3235 5306 Egregie
3257 5237 3310 5288 in
3337 5238 3493 5291 scho-

1919 5305 1992 5359 lio
2015 5306 2050 5358 2
2076 5306 2141 5359 ad
2165 5305 2389 5375 gradum
2421 5308 2488 5357 10
2511 5303 2687 5375 Scala:
2700 5302 2936 5375 dominis
2961 5302 3206 5366 Climaci,
3236 5306 3489 5360 Κατάλαη

1917 5375 2007 5447 λος
2033 5373 2197 5447 ψυχὴ,
2228 5373 2468 5447 τρίὸολον
2495 5373 2605 5447 ἔχει
2625 5373 2890 5447 γλῶσσανσ
2921 5375 3017 5447 ἐαυ

1918 5392 2007 5438 Αος
2033 5392 2197 5447 ψυχη,
2228 5392 2468 5445 τριοοΑον
2495 5392 2567 5495 eg:

1916 5445 2200 5504 ἀκούονται,
2233 5444 2341 5496 ἔσθ’
2383 5444 2469 5496 ὅτε

1916 5531 2060 5567 πτει.
2100 5515 2287 5567 Anima
2314 5530 2428 5584 qua:
2467 5512 2873 5584 detractionibus
2910 5522 2987 5564 est
3030 5512 3273 5584 obnoxia.
3303 5512 3486 5567 tristi.

1917 5600 2032 5637 eam
2071 5584 2221 5637 habet
2257 5583 2487 5653 linguam
2512 5599 2530 5637 :
2554 5592 2700 5637 nocet
2724 5583 2874 5653 enim;
2899 5592 2947 5653 et
2978 5583 3078 5653 sibi
3105 5584 3227 5650 ipsi,
3255 5593 3307 5637 et
3328 5584 3481 5641 audi-

1918 5657 2039 5723 tori,
2070 5665 2119 5709 et
2143 5656 2225 5713 illi
2251 5651 2559 5726 quandoque
2590 5654 2675 5709 cui
2701 5651 3017 5707 detrahitur.
3040 5651 3177 5708 Cor.

3118 4820 3248 4889 Quae
3278 4822 3497 4889 γλῶσσα

2625 5375 2890 5440 γλῶσσαν
2921 5375 3117 5495 saucii»;
3134 5375 3261 5459 γὰρ,
3282 5377 3375 5428 καὶ
3396 5377 3487 5428 τὸν

2614 5444 2708 5495 καὶ
2736 5444 2826 5513 τὸν
2856 5445 3064 5495 καταλα
3095 5460 3320 5513 ουμενον
3358 5444 3483 5513 βλά-
