3884 6180
353 304 460 359 639

1209 299 1266 355 ὃ.
1305 297 1702 355 CLEMENTIS
1735 300 1753 353 1
1794 297 1962 353 ΒΟΜ.
2002 295 2205 351 ΡΟΝΤ.
2244 295 2472 350 OPERA
2510 294 2735 352 DUBIA.

3534 294 3654 351 (ειθ

354 434 474 490 gem
502 426 658 473 tuum
698 416 1020 487 dissipabis.
1050 425 1106 471 et
1145 415 1520 471 devorandum
1560 414 1746 470 trades
1780 416 1944 485 lupis.

2063 436 2167 489 ἔστι
2196 432 2434 502 δαίμοσι,
2471 433 2563 485 καὶ
2595 433 2850 503 πονηροῖς
2877 429 3206 503 ἀνθρώποις,
3241 428 3437 500 μᾶλλον
3456 427 3511 483 δέ
3543 431 3657 484 οὐκ

354 514 457 566 hoc
486 519 571 566 est
602 511 944 565 daamonibus
975 518 1029 564 et
1057 510 1239 580 pravis
1288 509 1636 573 hominibus;
1687 510 1795 562 imo
1825 524 1954 563 vero

358 621 465 659 non
495 604 834 665 hominibus,
871 603 965 657 sed
1015 602 1147 657 feris
1182 602 1419 655 humana
1466 601 1637 655 forma
1686 600 1950 670 pneditis,

354 698 593 755 ethnicis
624 713 837 767 nempe,
871 696 1075 752 Iudaeis
1106 707 1157 751 et
1187 697 1369 767 impiis
1411 696 1704 750 haereticis.
1744 695 1789 726 ⁶¹
1818 694 1951 748 Nam

356 790 424 843 ad
455 805 579 844 eum
609 792 703 859 qui
736 805 800 844 ex
836 788 1085 843 Ecclesia
1116 789 1329 857 ejectus
1358 795 1463 853 est,
1496 788 1760 841 continuo
1798 801 1956 840 acce-

356 882 497 938 dunt
525 883 821 937 truculenti
858 883 993 953 lupi,
1031 889 1085 937 et
1113 883 1270 952 quasi
1314 896 1514 951 agnum
1565 881 1829 935 devorare
1858 895 1955 949 ge-

357 978 553 1040 stiunt,
585 976 640 1030 in
672 974 954 1046 proprium
988 976 1203 1028 lucrum
1252 980 1486 1027 mortem
1520 972 1666 1025 illius
1695 978 1956 1041 reputan-

356 1078 443 1126 tes
458 1087 472 1126 :
487 1068 689 1125 etenim
713 1069 930 1122 illorum
952 1077 1105 1137 pater
1120 1066 1391 1129 diabolus,
1408 1063 1681 1119 homicida
1703 1072 1788 1118 est
1806 1064 1878 1118 “2
1903 1068 1957 1119 et

356 1163 451 1232 qui
486 1160 1033 1232 Per-imprudentiam
1068 1166 1218 1214 tuam
1251 1160 1455 1227 injuste
1485 1165 1804 1227 segregatus
1832 1156 1954 1222 fuit,

359 1264 473 1310 tum
504 1255 729 1309 tristitia
773 1269 1093 1325 oppressus,
1132 1260 1186 1308 et
1229 1252 1430 1322 pusillo
1474 1252 1657 1305 animo
1693 1252 1954 1320 efTectus;

359 1356 455 1401 aut
484 1347 549 1402 ad
578 1357 765 1419 gentes
794 1348 1131 1419 evagabitur,
1178 1354 1272 1399 aut
1322 1346 1696 1415 implicabitur
1729 1344 1960 1399 haeresi-

359 1439 499 1505 bus;
533 1448 587 1493 et
621 1440 689 1494 ab
718 1438 960 1495 Ecclesia
1003 1454 1067 1492 ac
1090 1454 1187 1509 spe
1218 1440 1272 1492 in
1306 1438 1474 1493 Deum
1505 1439 1723 1508 penitus
1751 1437 1957 1493 abalie—

358 1532 599 1598 nabitur,
640 1538 803 1602 atque
852 1533 922 1587 ab
972 1533 1253 1603 impietate
1303 1530 1716 1601 compedietur;
1752 1530 1960 1599 fiesque

361 1633 418 1677 tu
468 1624 536 1679 de
590 1624 738 1680 illius
786 1625 1008 1680 interitu
1068 1640 1215 1680 reus.
1248 1622 1421 1678 Porro
1461 1638 1679 1693 azquum
1725 1637 1835 1676 non
1874 1630 1958 1677 est

362 1727 672 1788 promptum
701 1717 923 1787 quidem
953 1732 1077 1773 esse
1120 1717 1186 1771 ad
1226 1714 1555 1785 ejiciendum
1588 1722 1955 1784 peccatorem,

360 1809 579 1863 tardum
604 1824 733 1863 vero
779 1809 845 1863 ad
895 1808 1269 1879 recipiendum
1308 1822 1673 1874 conversum;
1704 1816 1758 1861 et
1784 1814 1954 1862 teme-

362 1903 569 1956 rarium
601 1901 822 1970 quidem
854 1902 921 1957 ad
948 1899 1342 1972 amputandum
1388 1900 1657 1963 existere,
1690 1899 1954 1953 immitem

361 2003 543 2051 autem
591 1995 657 2049 ad
700 1994 1026 2049 medendum
1077 1994 1323 2061 dolenti;
1374 1994 1444 2047 de
1484 1993 1689 2048 talibus
1736 1993 1956 2047 dicente

363 2087 647 2159 Scriptura
687 2087 910 2141 divina:
950 2106 969 2138 ‹
1014 2085 1188 2141 Pedes
1232 2101 1423 2139 eorum
1448 2084 1513 2138 ad
1539 2084 1803 2138 malitiam
1836 2099 1956 2138 cur-

363 2191 493 2234 runt
527 2200 539 2235 :
569 2181 783 2235 veloces
825 2178 953 2235 sunt
995 2179 1061 2233 ad
1089 2178 1478 2235 effundendum
1510 2176 1834 2246 sanguinem
1858 2176 1903 2208 ⁶⁴⁵
1936 2196 1949 2231 :

361 2274 624 2329 contritio
648 2281 702 2328 et
728 2274 948 2328 miseria
975 2274 1029 2327 in
1054 2273 1155 2327 viis
1180 2287 1393 2335 eorum,
1419 2276 1473 2324 et
1495 2270 1637 2323 viam
1663 2269 1815 2339 pacis
1845 2284 1953 2323 non

362 2374 736 2437 cognoverunt
770 2383 785 2421 :
820 2380 931 2419 non
977 2372 1063 2421 est
1110 2366 1275 2418 timor
1322 2362 1415 2417 Dei
1449 2373 1575 2417 ante
1615 2362 1806 2416 oculos
1863 2376 1957 2416 e0-

365 2475 483 2513 rum
514 2458 580 2512 ⁶⁸.
613 2476 631 2508 ι
663 2456 762 2510 Via
785 2464 963 2512 autem
992 2459 1143 2528 pacis
1182 2467 1265 2511 est
1289 2455 1553 2510 Servator
1584 2460 1771 2509 noster
1793 2452 1956 2507 Jesus

361 2551 640 2611 Christus,
674 2550 767 2619 qui
812 2551 974 2603 etiam
1002 2565 1102 2603 nos
1133 2548 1320 2603 docuit
1345 2548 1429 2601 his
1455 2546 1634 2601 verbis
1664 2564 1676 2599 :
1706 2563 1724 2595 ι
1760 2543 1957 2598 Dimit-

363 2646 482 2707 tite,
506 2652 573 2714 et,
597 2642 904 2697 dimittetur
935 2643 1121 2709 vobis;
1144 2642 1287 2705 date,
1319 2649 1373 2694 et
1409 2640 1627 2694 dabitur
1645 2638 1798 2693 vobis
1818 2641 1892 2705 ⁶⁶;
1936 2659 1953 2690 ι

363 2738 467 2792 hoc
486 2748 592 2799 est,
610 2737 733 2791 date
749 2746 1098 2806 peccatorum
1122 2734 1522 2796 remissionem,
1537 2742 1590 2787 et
1608 2731 1957 2786 remittentur

364 2831 518 2885 vobis
540 2830 737 2884 delicta
766 2848 777 2883 :
797 2826 1256 2898 quemadmodum
1280 2833 1335 2879 et
1358 2840 1456 2893 per
1476 2823 1779 2876 orationem
1804 2820 1957 2876 insti-

364 2924 469 2977 tuit
490 2938 612 2986 nos,
638 2930 698 2975 ut
714 2921 778 2973 ad
802 2920 968 2973 Deum
998 2920 1307 2973 diceremus
1334 2936 1346 2971 :
1386 2935 1403 2967 ι
1430 2915 1655 2970 Dimitte
1675 2914 1834 2968 nobis
1856 2913 1954 2968 de-

364 3015 477 3067 bita
506 3022 717 3077 nostra,
749 3015 893 3069 sicut
932 3021 986 3066 et
1014 3027 1115 3065 nos
1136 3010 1467 3064 dimittimus
1490 3008 1830 3063 debitoribus
1856 3023 1957 3061 non

2056 524 2363 596 ἀνθρώποις
2389 565 2402 588 ,
2482 524 2617 577 ἀλλά
2673 523 2882 595 θηρίοις
2937 519 3405 593 ἀνθρωποειδέσιν,
3495 521 3660 574 ἐθνι-

2058 621 2173 679 κοῖς
2209 616 2343 687 (‘29),
2376 617 2471 669 καὶ
2512 614 2878 677 Ἰουδαῖσταῖς,
2929 613 3024 665 καὶ
3057 612 3403 683 αἱρεσώταις
3435 611 3655 675 ἀθέοις·

2056 709 2133 780 τῷ
2162 707 2272 779 γάρ
2301 705 2620 777 ἐκϐληθέντι
2648 706 2745 776 τῆς
2779 705 3124 776 Ἐκκλησίας,
3159 704 3317 766 εὐθὺς
3336 702 3663 773 προσπελά-

2058 799 2243 863 ζουσιν
2275 798 2385 869 (50)
2416 799 2464 851 οἱ
2493 798 2769 868 λυμεῶνες
2809 797 2983 861 λύκοι,
3034 798 3128 850 καὶ
3172 796 3247 859 ὠς
3293 797 3429 866 ἀρνα
3476 793 3663 864 βορὰν

2058 890 2338 962 ήγοῦνται,
2373 889 2563 961 κέρδος
2611 889 2740 942 ῖδιον
2784 890 3075 961 ήγούμενοι
3123 889 3222 959 τὴν
3254 888 3460 940 ἐκείνου
3489 885 3666 939 ἀπώ-

2059 984 2227 1037 λειαν·
2279 984 2375 1037 καὶ
2420 982 2530 1053 γὰρ
2573 986 2603 1036 6
2645 982 2851 1035 τούτων
2880 982 3065 1054 πατὴρ
3094 980 3336 1043 διάϐολος
3361 980 3666 1050 ἀνθρωπο-

2059 1076 2246 1139 κτόνος
2310 1076 2447 1128 ἐστί·
2498 1076 2593 1128 καὶ
2638 1076 2666 1127 6
2709 1074 2798 1128 διὰ
2841 1075 2939 1146 τῆς
2988 1075 3085 1145 σῆς
3127 1074 3397 1145 ἀκρισίας,
3443 1071 3665 1135 ἀδίκως

2060 1167 2396 1240 ἀφορισθεὶς,
2419 1168 2512 1220 καὶ
2534 1166 2745 1237 ἀθυμίᾳ
2774 1166 3077 1236 συσχεθεὶς,
3103 1167 3196 1218 καὶ
3225 1164 3661 1234 ὀλιγαζνυχήσας,

2059 1261 2093 1333 ἢ
2128 1264 2207 1324 είς
2237 1260 2363 1332 ἔθνη
2396 1258 2934 1330 ἀποπλανηθήσεται,
2969 1258 3001 1329 ἧ
3048 1260 3129 1322 είς
3170 1259 3408 1329 αἱρέσεις
3435 1273 3668 1327 συμπο-

2059 1351 2392 1424 δισθήσεται,
2443 1353 2536 1404 καὶ
2571 1350 2848 1413 παντελῶς
2892 1350 2992 1421 τῆς
3051 1350 3371 1421 Ἑκκλησίας
3410 1349 3502 1401 καὶ
3546 1349 3666 1419 τῆς

2060 1445 2139 1506 εἰς
2182 1444 2313 1496 Θεὸν
2360 1443 2573 1506 ἐλπίδος
2616 1441 3209 1513 ἀπαλλοτριωθήσεται,
3254 1444 3347 1495 καὶ
3387 1442 3671 1511 cupa-:06:-

2062 1536 2317 1608 σθήσεται
2349 1536 2454 1589 ὑπὸ
2482 1536 2756 1599 ἀσεϐείας,
2806 1537 2899 1589 καὶ
2943 1537 3148 1608 γενήσῃ
3191 1536 3254 1588 σὺ
3299 1535 3397 1606 τῆς
3437 1535 3668 1587 ἐκείνου

2061 1628 2337 1690 ἀπωλείας
2367 1628 2566 1699 ἔνοχος.
2599 1629 2673 1681 Οὐ
2704 1626 2813 1697 γάρ
2840 1626 3047 1681 δίκαιόν
3076 1629 3245 1691 ἐστιν,
3290 1628 3503 1698 ἕτοιμον
3553 1629 3671 1697 μὲν

2062 1714 2201 1773 εἶναι
2229 1719 2510 1772 ἐκϐάλλειν
2539 1720 2629 1773 τὸν
2659 1719 3037 1791 ἡμαρτηκότα,
3058 1720 3289 1791 ὀκνηρὸν
3308 1720 3364 1772 δὲ
3385 1720 3672 1789 ὑπάρχειν

2058 1814 2138 1876 είς
2166 1812 2227 1865 τὸ
2256 1811 2650 1885 προσδέχεσθαι
2679 1811 2768 1863 τὸν
2797 1811 3217 1882 ἐπιστρέφοντα,
3245 1813 3338 1863 καὶ
3359 1812 3669 1882 πρόχειρον

2060 1905 2160 1977 μὲν
2191 1907 2271 1969 είς
2297 1906 2358 1958 τὺ
2386 1904 2741 1968 ἀποκόπτειν,
2765 1905 2965 1976 ἀνηλεῆ
2994 1904 3049 1956 δέ
3071 1906 3151 1967 είς
3176 1903 3236 1956 τὸ
3262 1904 3353 1957 τὸν
3381 1903 3670 1972 ἀλγοῦντα

2061 1997 2262 2052 ίᾶσθαι’
2316 1999 2443 2070 περὶ
2473 1998 2582 2069 γὰρ
2609 1997 2718 2051 τῶν
2746 1997 3005 2051 τοιούτων
3034 1998 3179 2065 λέγει
3210 1998 3243 2068 ἡ
3274 1997 3393 2050 θεία
3421 1998 3625 2069 ringi}
3646 2015 3663 2028 ’

2063 2110 2082 2144 ι
2111 2093 2174 2145 Οἱ
2208 2092 2366 2155 πόδες
2399 2092 2578 2144 αὐτῶν
2626 2093 2706 2155 είς
2737 2092 2934 2144 κακίαν
2974 2092 3245 2163 τρέχουσι·
3290 2092 3498 2162 ταχινοί
3543 2094 3668 2144 εἰσι

2056 2183 2151 2237 τοῦ
2197 2184 2409 2253 ἐκχέειν
2454 2178 2612 2252 αῗμω
2686 2182 2999 2254 σύντριμμα
3060 2184 3154 2235 καὶ¹
3197 2184 3541 2256 ταλαιπωρία
3601 2189 3669 2241 ἐν

2055 2279 2176 2340 ταῖς
2203 2276 2341 2339 ὁδοῖς
2369 2276 2569 2337 αὐτῶν,
2600 2277 2693 2329 καὶ
2714 2276 2831 2329 ὁδὸν
2861 2278 3085 2348 εἰρήνης
3110 2278 3209 2329 οὐκ
3241 2277 3506 2345 έγνωσαψ
3553 2280 3667 2334 οὐκ

2059 2369 2172 2423 ἔστι
2218 2369 2379 2438 φόϐος
2424 2368 2557 2421 Θεοῦ
2602 2370 2865 2426 ἀπέναντι
2910 2370 3018 2423 τῶν
3057 2370 3350 2441 ὀφθαλμῶν
3398 2373 3602 2425 αὐτῶν.
3640 2394 3662 2426 ι

2070 2462 2218 2525 Ὁδὸς
2245 2462 2302 2515 δὲ
2331 2463 2552 2533 εἰρήνης
2580 2463 2726 2515 ἐστὶν
2756 2464 2785 2516 6
2812 2463 3004 2533 Σωτὴρ
3032 2463 3188 2533 ήμῶν
3232 2463 3435 2533 Ἰησοῦς
3461 2466 3491 2517 6
3522 2466 3669 2535 Χρι-

2061 2555 2204 2618 στὸς,
2250 2554 2310 2617 ὃς
2355 2554 2448 2608 καὶ
2503 2553 2739 2618 ἐδίδαξεν
2791 2554 2938 2624 ἡμᾶς
3000 2553 3193 2622 λέγων·
3232 2574 3252 2606 ‹
3287 2556 3507 2623 Ἄφετε,
3562 2560 3667 2611 καὶ

2059 2645 2391 2716 ἀφεθήσεται
2423 2647 2571 2717 ὑμῖν,
2603 2646 2791 2711 δίδοτε,
2824 2647 2918 2699 καὶ
2958 2645 3240 2717 δοθήσεται
3270 2648 3416 2717 ὑμῖν·
3446 2668 3466 2699 ι
3500 2666 3662 2701 τουτ-

2060 2737 2195 2800 έστι,
2226 2737 2395 2789 δίδοτε
2441 2739 2634 2807 ἄφεσιν
2678 2738 2982 2809 ἁμαρτιῶν,
3026 2740 3121 2791 καὶ
3162 2739 3492 2811 ἀφεθήσεται
3524 2741 3659 2811 ὑμῖν

2057 2830 2128 2883 τὰ
2157 2830 2580 2903 παραπτώματα
2611 2832 2743 2902 (51)·
2794 2832 2871 2895 ὡς
2899 2835 2993 2886 καὶ
3032 2832 3121 2885 διὰ
3160 2834 3257 2904 τῆς
3299 2835 3465 2905 εὐχῆς
3508 2837 3662 2905 ἡμεῖς

2059 2921 2343 2975 ἐπαίδευσε
2384 2923 2562 2991 λέγειν
2608 2924 2743 2994 πρὸς
2796 2924 2887 2978 τὸν
2941 2924 3091 2978 Θεὸν·
3131 2945 3149 2977 ι
3194 2927 3361 2995 ’Ἄφες
3406 2928 3541 2997 ἡμῖν
3590 2928 3664 2982 τὰ

2059 3013 2400 3086 ὀφειλήματα
2428 3016 2607 3086 ήμῶν,
2630 3017 2705 3079 ὡς
2734 3019 2827 3070 καὶ
2859 3019 3019 3089 ἡμεῖς
3047 3019 3277 3089 ἀφίεμεν
3304 3021 3416 3082 τοῖς
3447 3020 3663 3087 ὀφειλέ-

364 3106 573 3161 stris".
598 3126 616 3158 ι
634 3105 814 3171 Quare
840 3105 885 3160 si
916 3104 1298 3174 peccatoribus
1325 3102 1541 3156 veniam
1564 3100 1952 3160 nontribuitis,

2063 3124 2178 3170 ταις
2209 3106 2384 3178 ήμῶν.
2420 3126 2437 3158 ι
2488 3107 2612 3161 Ἐἀν
2654 3104 2745 3161 οὖν
2793 3109 2867 3181 μὴ
2914 3110 3087 3181 ἀφῆτε
3128 3112 3239 3173 τοῖς
3284 3111 3663 3183 ἡμαρτηκόσι,

364 3199 639 3268 qucnmdo
672 3206 1019 3268 peccatorum
1053 3202 1361 3251 vestrorum
1396 3193 1609 3248 veniam
1638 3192 1957 3264 accipietis?

363 3293 447 3347 An
474 3307 583 3346 non
604 3298 795 3346 contra
818 3306 915 3345 vos
958 3289 1107 3358 ipsos
1140 3286 1355 3357 ligatis,
1382 3301 1509 3339 cum
1542 3284 1727 3340 dicitis
1758 3299 1856 3339 vos
1882 3284 1960 3336 di-

364 3385 601 3445 mittere.
629 3390 683 3438 et
708 3399 813 3437 non
838 3381 1152 3436 dimittitis?
1177 3380 1370 3433 Annon
1393 3388 1576 3433 vestro
1596 3379 1676 3432 ori
1694 3392 1960 3447 repugna-

367 3477 515 3540 bitis,
539 3474 793 3535 dicendo,
826 3474 1175 3536 Dimittimus,
1207 3481 1261 3527 et
1296 3488 1406 3527 non
1437 3470 1795 3526 dimittenda?
1841 3468 1958 3524 Sci-

364 3578 479 3625 tote
505 3570 650 3625 enim
681 3569 827 3639 quod
865 3570 955 3639 qui
990 3568 1139 3621 nulla
1171 3567 1461 3636 iniquitate
1505 3574 1819 3619 contactum
1870 3565 1962 3618 ab-

360 3663 504 3734 jicit,
531 3669 626 3715 aut
649 3662 714 3715 ad
750 3662 946 3715 bonam
982 3662 1189 3731 frugem
1230 3674 1509 3715 reversum
1540 3674 1649 3713 non
1694 3656 1955 3720 admittit,

367 3757 557 3811 fratris
581 3756 667 3811 sui
691 3755 1011 3809 interfector
1032 3763 1136 3820 est,
1160 3763 1214 3809 et
1236 3754 1561 3826 sanguinem
1598 3753 1722 3821 ejus
1755 3751 1956 3815 fundit,

368 3850 658 3905 utCainus
693 3849 848 3903 Abeli
890 3848 1111 3916 fratris;
1146 3849 1483 3919 sanguisque
1523 3848 1673 3902 illius
1714 3848 1959 3901 clamans

369 3942 437 3995 ad
491 3940 683 4009 Deum,
725 3941 1039 4011 requiretur
1090 3941 1156 3997 ⁸⁸.
1201 3940 1393 3996 Justus
1434 3940 1637 4010 quippe
1684 3940 1885 4009 injuste
1929 3954 1959 3992 a

368 4049 646 4105 quoquam
690 4035 932 4097 occisus,
958 4034 1102 4103 apud
1145 4032 1316 4089 Deum
1356 4034 1666 4103 requiescet
1709 4032 1764 4085 in
1809 4038 1963 4086 aeter-

372 4141 525 4188 num,
559 4133 615 4180 et
644 4126 810 4180 simili
834 4126 996 4181 modo
1029 4126 1122 4195 qui
1154 4126 1222 4179 ab
1255 4125 1517 4194 episcopo
1541 4139 1826 4195 perperam
1850 4122 1964 4178 fue-

372 4218 441 4271 rit
461 4219 991 4273 excommunicatus.
1018 4216 1126 4272 Sed
1146 4218 1238 4287 qui
1255 4217 1612 4286 inculpatum,
1629 4215 1786 4286 quasi
1815 4226 1961 4271 esset

371 4311 704 4376 scelerosus,
746 4312 1028 4379 eliminat,
1076 4312 1125 4367 is
1165 4312 1558 4380 interemptore
1605 4310 1801 4365 savior
1851 4316 1958 4374 est,

370 4418 482 4457 non
513 4405 813 4476 respiciens
863 4406 930 4460 ad
974 4404 1410 4461 misericordiam
1450 4402 1569 4466 Dei,
1608 4418 1709 4459 nec
1751 4418 1961 4458 memor

443 4565 489 4597 ⁶¹
516 4564 687 4625 ικιιςιι.
721 4566 789 4619 ad
838 4565 1056 4629 Smyrn.
1092 4566 1145 4618 αἱ.
1228 4564 1272 4594 ⁸³
1308 4562 1447 4618 Joan
1480 4578 1603 4629 vm,
1641 4564 1732 4619 44.

1843 4563 1890 4595 ⁸⁸
1922 4563 2089 4620 Prov.
2130 4578 2171 4630 ι,
2232 4564 2330 4633 l6;
2384 4563 2455 4623 ls.
2488 4582 2612 4634 ux;
2662 4567 2824 4625 Rom.
2882 4586 2962 4636 ιιι,
3017 4572 3104 4627 l5.

370 4635 430 4696 2.
506 4632 1010 4698 “Luc.vi,57,58.
1079 4635 1121 4666 ⁸⁷
1157 4632 1351 4689 Matth.
1393 4650 1473 4698 vi,
1512 4634 1600 4687 12.
1677 4636 1722 4667 ⁸⁸
1752 4634 1889 4691 Gen.
1924 4650 2000 4689 tv.

2062 3199 2178 3262 πῶς
2212 3201 2366 3270 ὑμεῖς
2395 3200 2628 3272 λήψεσθε
2657 3202 2756 3273 τὴν
2788 3202 2981 3270 ἄφεσιν
3009 3202 3117 3254 τῶν
3148 3203 3431 3273 ἁμαρτιῶν
3462 3205 3663 3275 ὑμῶν;

2060 3291 2180 3361 οὐχὶ
2199 3292 2504 3344 τούναντίον
2526 3295 2749 3356 ἑαυτοὺς
2771 3293 2881 3363 (52)
2898 3293 3210 3364 δεσμεύετε,
3231 3295 3485 3363 λέγοντες
3506 3298 3664 3367 ἀφιέ-

2060 3402 2167 3449 ναι,
2199 3385 2292 3438 καὶ
2336 3385 2409 3457 μὴ
2440 3386 2726 3455 ἀφιέντες;
2760 3388 2820 3440 οὐ
2864 3387 2941 3458 τῷ
2984 3388 3192 3441 ἑαυτῶν
3233 3389 3461 3459 στόματι
3506 3392 3657 3444 ἐναν·

2059 3477 2411 3550 τιωθήσεσθε,
2443 3479 2692 3548 λέγοντες
2720 3480 2961 3549 ἀφιέναι,
2993 3482 3088 3534 καὶ
3120 3482 3194 3554 μή
3236 3482 3531 3550 ἀφιέντες;
3578 3503 3656 3553 γι-

2060 3570 2297 3625 νώσκετε
2344 3571 2454 3644 γὰρ
2499 3573 2581 3626 ὅτι
2624 3575 2652 3626 6
2694 3573 2785 3625 τὸν
2816 3573 2890 3645 μὴ
2925 3574 3260 3646 ἀδικήσαντα
3287 3575 3596 3638 ἐκϐάλλων,
3628 3578 3662 3648 ἢ

2060 3664 2151 3716 τὸν
2179 3664 2573 3735 ἐπιστρέφοντα
2606 3664 2679 3735 μὴ
2710 3665 3159 3737 προσδεχόμενος,
3194 3670 3386 3737 φονεὺς
3418 3669 3538 3741 (55)
3569 3670 3666 3723 τοῦ

2061 3755 2289 3825 ἀδελφοῦ
2319 3756 2483 3809 αὐτοῦ
2512 3758 2652 3819 ἐστι,
2684 3758 2777 3809 καὶ
2805 3752 2947 3828 αἷμα
2975 3759 3178 3829 ἐκχέει,
3210 3761 3286 3823 ὡς
3314 3759 3455 3813 Καῒν
3494 3762 3661 3815 Ἀϐελ

2060 3849 2155 3902 τοῦ
2186 3848 2414 3918 ἀδελφοῦ
2446 3849 2580 3921 (54),
2612 3851 2705 3903 καὶ
2732 3851 2792 3903 τὸ
2822 3846 2960 3922 αἷμα
2988 3852 3153 3906 αὑτοῦ
3188 3852 3325 3923 βοῶν
3356 3854 3497 3925 πρὸς
3526 3855 3663 3909 Θεὸν

2060 3941 2513 4015 ἐκζητηθήσεται·
2581 3943 2788 4007 δίκαιος
2832 3946 2940 4018 γὰρ
2984 3946 3183 4011 ἀδίκως
3226 3947 3509 4015 φονευθεὶς
3556 3949 3665 4001 ύπό

2060 4054 2225 4099 τινος,
2258 4036 2412 4109 παρά
2439 4037 2558 4109 Θεῷ
2586 4038 2644 4090 ἐν
2673 4038 2976 4092 ἀναπαύσει
3006 4039 3157 4094 ἔσται
3202 4043 3285 4105 είς
3323 4041 3417 4094 τὸν
3460 4042 3660 4095 αἰῶνα·

2062 4129 2322 4194 ὡσαύτως
2352 4133 2445 4185 καὶ
2474 4134 2502 4185 6
2533 4133 2777 4203 ματαίως
2803 4131 2914 4203 (55)
2938 4132 3252 4204 άφορισθεὶς
3281 4134 3389 4187 ὑπὸ
3408 4134 3505 4188 τοῦ
3534 4137 3664 4188 ἐπι-

2065 4223 2286 4277 σκόπου.
2332 4225 2390 4277 Ὀ
2426 4225 2524 4295 μὲν
2553 4224 2801 4278 ἐκϐαλὼν
2829 4227 2906 4289 ὡς
2938 4226 3122 4296 λοιμὸν
3152 4227 3242 4280 τὸν
3274 4229 3539 4291 ἀναίτιον,
3568 4246 3668 4281 πι-

2062 4315 2320 4387 κρότερος
2362 4317 2569 4385 φονέως
2612 4320 2640 4370 6
2682 4317 2941 4381 τοιοῦτος,
2973 4320 3072 4373 ούκ
3114 4320 3335 4391 ἀφορῶν
3362 4324 3445 4385 εἰς
3472 4322 3535 4375 τὸ
3562 4322 3664 4375 τοῦ

2064 4407 2199 4461 Θεοῦ
2254 4407 2422 4473 ἔλεος,
2470 4410 2590 4463 οὐδὲ
2640 4412 2996 4482 μνημονεύων
3042 4413 3207 4468 αὐτοῦ
3261 4416 3362 4487 τὴν
3409 4417 3508 4469 ἐπὶ
3548 4417 3664 4479 τοῖς

3214 4572 3260 4603 ⁸⁵
3282 4572 3430 4629 Psal.
3487 4589 3660 4643 xxxv,

1682 4813 2052 4870 VARIORUM
2086 4813 2320 4871 NOTAE.

443 4989 908 5073 (29)"E_Qrtxoi'q,
940 4991 1038 5072 καὶ
1080 4990 1493 5073 Ἰουδαῖςταῖς,
1542 4989 1642 5073 καὶ
1696 4990 1963 5073 αἱρεᾳιώ-

2066 4988 2437 5073 ξιιιὶιιίεῑριιμιιι
2486 4994 2601 5060 dat,
2659 5012 2725 5052 eo
2772 4996 2919 5066 quod
2975 4996 3195 5073 Legem,
3227 5000 3536 5073 Prophetas
3588 5020 3657 5060 ac

372 5059 851 5128 ταὶς.’.1υ(1;ιὶειιιε,
896 5062 1113 5131 Opinor,
1157 5062 1412 5131 appellat,
1451 5077 1561 5115 non
1600 5070 1710 5115 tam
1742 5059 1959 5118 Judaeos

415 5148 535 5186 nam
564 5132 925 5200 judaizantes.
967 5132 1237 5197 Quocirca
1285 5135 1464 5187 statim
1517 5139 1657 5201 post,
1686 5134 1955 5202 _gentium

2065 5059 2237 5115 Deum
2266 5059 2717 5123 Judaeorumrnon
2752 5059 3095 5123 aversentuF.
3121 5059 3258 5126 Cd'r.

2131 5131 2246 5202 (50)
2274 5136 2785 5213 [φορ-πελάζουσι.
2832 5140 2983 5213 Alter
3016 5138 3175 5213 Vind.
3224 5144 3653 5213 προσπαίζουσι,

416 5209 638 5283 unta_xat
661 5216 725 5254 ac
769 5202 1067 5283 h-zercscon.
1108 5203 1451 5283 mentionem
1490 5200 1641 5283 facit,
1678 5200 1962 5283 Judaistas

2063 5209 2112 5254 et
2142 5200 2265 5283 mox
2298 5200 2374 5270 ὡς
2400 5206 2572 5272 λύκοι,
2607 5209 2802 5264 deinde
2828 5224 2929 5278 pro
2954 5210 3235 5279 ἡγοῦνται,
3268 5200 3401 5267 αὐτὸ
3434 5200 3657 5271 πόιοῦνξ

373 5273 745 5343 complectens
792 5273 845 5326 in
886 5273 1156 5343 lnaareticis
1189 5274 1358 5343 :f'Om
1400 5273 1962 5343 οὑᾲδείγΧριστιανοὺς

2063 5286 2167 5325 ται.
2202 5276 2373 5331 CLER.

387 5341 714 5406 Ἰουδαΐζειν,
756 5353 841 5397 est
877 5342 948 5397 29
996 5358 1174 5397 canon
1215 5342 1417 5406 Synodi
1459 5341 1807 5403 Laodicenze,
1863 5343 1957 5397 καὶ

374 5414 431 5469 ἐν
468 5413 546 5484 τῷ
592 5403 853 5482 Σαϐϐάτῳ
892 5413 1192 5483 σχολάζειν,
1228 5403 1363 5465 ἀλλά
1398 5412 1726 5483 ἐργάζεσθαι
1759 5414 1957 5477 αὐτοὺς

373 5484 435 5535 ἐν
466 5487 543 5605 τῇ
580 5485 714 5555 αὐτῇ
755 5483 958 5554 ήμέρα,
996 5485 1095 5555 τὴν
1142 5484 1197 5536 δὲ
1229 5484 1511 5554 Κυριακὴν
1556 5501 1598 5535 π
1635 5485 1956 5553 οτιμῶντας,

375 5554 488 5605 εῐγε
546 5553 778 5605 ύναιντο.
809 5538 1089 5605 σγολάζειν
1128 5554 1204 5605 ὡς
1238 5554 1568 5605 Χοιστιανοί.
1601 5501 1663 5605 Et
1706 5554 1761 5605 δὲ
1805 5555 1956 5605 εύοε-

375 5554 488 5621 εῐγε
510 5538 1089 5623 δύναιύῶΓσίολάζείν
1128 5554 1204 5616 ὡς
1238 5538 1568 5624 Χριστιανοί,
1601 5538 1663 5605 Ἐἰ
1706 5538 1761 5605 δὲ
1805 5538 1959 5624 εύρέλ

379 5625 518 5694 θεῖεν
548 5623 879 5694 ἰουδαῖστα“ι,
902 5624 1142 5694 ἔστωσαν
1161 5623 1407 5693 ἀνάθεμα
1429 5623 1581 5693 παρά
1600 5624 1833 5694 Χριστῷ.
1867 5623 1958 5677 Sic

378 5692 435 5763 in
487 5691 723 5763 Dialogis
773 5696 866 5762 qui
912 5692 1131 5761 Origeni
1186 5691 1568 5757 ascribuntur,
1625 5691 1842 5763 dialogo
1898 5695 1953 5755 2,

381 5760 596 5818 Marcus
648 5760 934 5821 haereticus
998 5764 1350 5822 Marcionista
1401 5764 1721 5822 Catholicis
1757 5760 1956 5822 nomen

2129 5344 2241 5483 ἓὸΙ)
2273 5346 2735 5417 Παραπτώματα.
2768 5348 2935 5405 Addit
2971 5352 3109 5408 alter
3136 5353 3308 5409 codex
3348 5355 3525 5426 ὑμῶν.
3567 5355 3645 5411 lo.

2153 5415 2241 5483 52)
2269 5418 2574 5483 Ἑαυτοὺς.
2605 5420 2756 5475 Alter
2784 5422 2978 5475 ἑαυτὸν
3006 5422 3292 5483 δεσμεύεις
3319 5424 3519 5483 λέγων.
3550 5427 3645 5482 Mi-

2065 5415 2574 5542 lllfg?0;iaq;oéct
2605 5420 2756 5475 Alter
2784 5422 2978 5475 ἑαυτὸν
3006 5422 3292 5494 δεσμεύεις
3319 5415 3519 5493 λέγων.
3550 5427 3654 5482 Mi-

2065 5556 2255 5682 αὐξῗὲ)
2282 5560 2528 5681 ﬂoream
2578 5557 2819 5631 Uterque
2864 5561 3015 5630 cod.,
3058 5563 3273 5633 φονεύει
3299 5564 3393 5618 τὸν
3423 5565 3655 5635 ἀδελφὸν

2282 5669 2389 5753 ιτιὲῡ
2416 5699 2701 5769 ἀδελφοῦ.
2733 5700 2909 5755 Αὐτοῦ
2939 5703 2995 5758 in
3018 5701 3209 5769 Vind.,
3236 5704 3462 5763 rectius.
3498 5706 3576 5762 ιιι.

2136 5769 2226 5839 (05
2271 5770 2563 5838 Ματαιως.
2617 5770 2839 5837 Ἀδίκως
2861 5773 2999 5831 alter
3020 5774 3145 5833 cod.
3176 5775 3252 5832 In.

2135 5769 2247 5839 (55)
2271 5770 2563 5838 Ματαιως.
2617 5770 2839 5837 Ἀδίκως
2861 5773 2999 5831 alter
3020 5774 3145 5833 cod.
3176 5775 3252 5832 In.
