3884 6180
380 299 489 357 645

1240 300 1300 357 S.
1336 298 1737 357 CLEMENTIS
1787 302 1806 356 1
1843 301 2011 358 ROM.
2053 300 2257 360 PONT.
2291 301 2521 360 OPERA
2554 301 2781 359 DUBIA.

3548 311 3661 367 6“

380 432 575 473 versus
619 424 705 472 est
755 413 1064 483 Manasses,
1109 431 1173 472 ac
1221 416 1511 471 :edificavit
1557 417 1806 483 excelsa,
1850 432 1971 487 qua:

2081 417 2191 471 ἀπὸ
2218 418 2326 471 τῶν
2344 419 2726 490 βδελυγμάτων
2744 418 2852 472 τῶν
2867 417 3037 473 ἐθνῶν
3063 412 3138 474 ὧν
3166 419 3528 493 ἐξωλόθρευσε
3547 425 3663 479 Κύ-

379 510 727 565 destruxerat
776 509 1039 564 Ezechias
1084 516 1240 579 pater
1276 510 1434 579 ejus:
1465 517 1521 563 et
1558 512 1751 566 statuit
1774 511 1963 581 cippos

380 602 555 666 Baali,
603 611 659 656 et
711 602 885 657 erexit
934 603 1105 657 altare
1137 602 1285 657 Baali
1320 622 1331 657 :
1372 610 1423 657 ct
1459 603 1583 657 fecit
1612 604 1789 668 lucos,
1822 604 1965 659 sicut

382 694 584 751 fecerat
613 696 802 750 Achab
827 712 923 750 rex
954 697 1173 752 lsraelis
1203 716 1215 751 :
1248 705 1302 752 et
1328 696 1454 751 fecit
1486 697 1679 751 altaria
1715 698 1767 751 in
1800 697 1965 752 domo

382 787 621 853 Domini,
650 790 717 843 de
741 804 848 859 qua
882 789 997 843 haec
1024 790 1161 844 dixit
1205 789 1467 844 Dominus
1514 789 1580 843 ad
1624 789 1887 844 Davidenr
1912 797 1967 844 et

382 881 447 935 ad
484 882 651 935 lilium
688 882 808 950 ejus
858 881 1201 936 Salomonem
1235 898 1249 933 :
1292 882 1349 936 In
1388 883 1478 935 illa
1526 898 1725 952 ponam
1764 897 1967 937 nomen

382 989 583 1027 meum.
618 972 683 1027 Et
706 975 979 1028 exstruxit
1014 974 1294 1029 Manasscs
1324 974 1537 1039 altaria,
1568 984 1622 1028 et
1650 975 1703 1028 in
1737 976 1818 1029 eis
1850 990 1968 1030 ser—

380 1066 514 1120 vivit
543 1066 712 1121 Baali.
740 1066 798 1120 Et
831 1067 968 1120 dixit
996 1086 1006 1119 :
1034 1065 1150 1120 Erit
1176 1082 1373 1120 nomen
1392 1082 1570 1120 meum
1594 1067 1648 1121 in
1682 1068 1963 1122 saeculum.

382 1158 448 1214 Et
492 1159 781 1213 aedificavit
826 1160 1040 1222 altaria,
1092 1160 1147 1212 in
1186 1159 1402 1213 duobus
1451 1158 1609 1213 atriis
1642 1158 1839 1213 domus
1868 1157 1971 1211 Do—

381 1252 536 1315 mini,
578 1253 786 1306 militiae
816 1251 940 1305 ωεΙί
968 1270 982 1307 :
1012 1259 1065 1306 et
1094 1252 1211 1322 ipse
1241 1251 1484 1305 traduxit
1528 1250 1669 1305 ﬁlios
1702 1266 1833 1305 suos
1871 1265 1971 1319 per

382 1343 558 1413 ignem
588 1346 641 1397 in
673 1342 749 1398 Ge
778 1342 1149 1398 Bcn-Hennon
1184 1364 1196 1398 :
1230 1351 1284 1398 et
1315 1344 1670 1407 ariolabatur,
1712 1359 1775 1397 ac
1808 1344 1971 1398 male-

382 1434 501 1490 ficis
546 1436 760 1491 artibus
806 1436 1175 1492 inserviebat:
1211 1437 1448 1507 fecitque
1492 1437 1867 1507 ventriloquos
1916 1443 1971 1491 et

384 1527 776 1591 incantatores,
814 1536 870 1582 et
906 1544 1116 1599 magos,
1160 1537 1215 1584 et
1250 1528 1541 1599 Teraphim
1569 1547 1583 1583 :
1611 1538 1664 1583 et
1710 1530 1974 1599 multipli-

380 1621 527 1673 cavit
563 1626 623 1673 ut
652 1619 852 1675 faceret
898 1621 1101 1674 malum
1150 1620 1203 1675 in
1252 1622 1429 1676 oculis
1472 1620 1710 1686 Domini,
1736 1622 1801 1675 ad
1840 1622 1972 1676 irri-

380 1711 611 1766 tandum
641 1728 768 1767 eum
796 1732 808 1767 :
836 1720 891 1767 et
919 1717 1102 1783 posuit
1146 1713 1421 1768 conﬂatile
1456 1721 1511 1768 et
1552 1714 1809 1785 sculptile
1836 1715 1966 1781 luci,

2070 528 2187 581 ριος
2231 512 2340 565 ἀπὸ
2391 513 2687 583 προσώπου
2752 513 2885 565 υἱῶν
2928 514 3163 584 Ἰσραήλο
3223 514 3316 567 καὶ
3359 516 3665 587 ἐπέστρεψε

2068 602 2389 675 Μανασσῆς,
2419 605 2513 657 καί.
2540 604 2857 677 ᾠκοδόμησε
2893 605 2963 658 τὰ
3011 604 3209 676 ὑψηλὰ,
3238 605 3274 659 ἃ
3315 608 3669 663 κατέσπασεν

2082 694 2330 760 Ἐζεκίας
2347 698 2375 750 ὁ
2396 697 2579 769 πατὴρ
2618 698 2804 752 αὑτοῦ·
2834 699 2928 751 καὶ
2958 698 3151 768 ἔστησε
3176 698 3375 769 στήλας
3400 702 3467 769 τῇ
3492 700 3665 764 Βάαλ,

2068 788 2164 841 καὶ
2200 788 2463 860 ἀνέστησε
2506 789 2892 862 θυσιαστήριον
2927 792 2993 861 τῇ
3040 790 3219 843 Βάαλ·
3265 791 3359 843 καί.
3405 791 3668 861 ἐποίησεν

2068 882 2229 954 ἄλση,
2269 880 2454 945 καθώς
2478 883 2731 955 ἐποίησεν
2762 882 2963 954 Ἀχαὰὸ
2996 882 3249 953 βασιλεὺς
3290 882 3528 954 Ἰσραήλ·
3573 884 3666 936 καὶ

2068 974 2293 1044 ἐποίησε
2324 975 2689 1047 θυσιαστήρια
2720 976 2831 1047 (44)
2862 978 2919 1028 ἐν
2946 976 3079 1045 οἴκῳ
3108 976 3336 1046 Κυρίου,
3368 977 3427 1028 ἐν
3468 970 3514 1043 ᾦ
3540 970 3668 1030 εἶπε

2070 1066 2277 1137 Κύριος
2306 1067 2443 1139 πρὸς
2472 1067 2655 1130 Δαὸὶδ,
2686 1068 2779 1121 καὶ
2810 1067 2946 1138 πρὸς
2960 1066 3281 1137 Σολομῶντα
3306 1066 3396 1120 τὸν
3422 1068 3540 1121 υἱὸν
3570 1068 3673 1122 αὑ-

2067 1157 2185 1224 τοῦ,
2219 1159 2416 1228 λέγων,
2446 1160 2529 1212 δτι
2570 1160 2659 1214 Ἐν
2687 1160 2835 1231 αὐτῷ
2880 1160 3029 1232 θήσω
3056 1159 3118 1213 τὸ
3168 1159 3342 1231 ὄνομά
3400 1178 3524 1231 μου.
3558 1163 3672 1215 Καὶ

2069 1251 2266 1323 ἔστησε
2308 1252 2609 1323 Μανασσῆς
2654 1252 3032 1324 θυσιαστήρια,
3064 1253 3159 1306 καὶ
3204 1253 3262 1305 ἐν
3307 1254 3493 1316 αὐτοῖς
3521 1253 3674 1306 ἐδού-

2069 1342 2227 1396 λευσε
2255 1346 2322 1414 τῇ
2354 1343 2523 1397 Βάαλ.
2570 1345 2683 1397 Καὶ
2710 1338 2883 1397 εἶπεν·
2933 1345 3125 1398 Ἔσται
3151 1345 3212 1398 τὸ
3237 1345 3410 1416 δνομά
3440 1364 3544 1417 μου
3592 1349 3674 1410 εἰς

2068 1434 2161 1488 τὸν
2188 1435 2379 1489 αἰῶνα.
2412 1437 2522 1489 Καὶ
2564 1436 2883 1509 ᾠκοδόμησε
2928 1435 3291 1509 θυσιαστήρια
3332 1439 3391 1491 ἐν
3418 1441 3541 1496 ταῖς
3582 1439 3676 1492 δυ-

2072 1528 2157 1581 σὶν
2184 1528 2378 1591 αὐλαῖς
2404 1528 2556 1582 οἴκου
2602 1529 2834 1601 Κυρίου,
2872 1531 2941 1601 τῇ
2987 1532 3219 1601 στρατιᾷ
3256 1529 3353 1583 τοῦ
3397 1531 3669 1602 ούρανοῦ·

2072 1621 2166 1673 καὶ
2195 1618 2359 1683 αὐτὸς
2384 1620 2613 1691 διήγαγε
2639 1621 2710 1675 τὰ
2735 1622 2902 1676 τέκνα
2930 1621 3097 1676 αὑτοῦ
3142 1622 3201 1675 ἐν
3244 1623 3381 1694 πυρὶ
3414 1624 3471 1675 ἐν
3501 1624 3677 1677 Γεϐα-

2072 1712 2162 1765 ναὶ
2190 1711 2301 1783 (45)
2332 1714 2391 1766 ἐν
2436 1714 2676 1784 ὀνόματι·
2718 1715 2813 1768 καὶ
2857 1713 3247 1785 ἐκλῃδονίζετο,
3276 1716 3372 1768 καί
3413 1716 3676 1787 ἐφαρμα-

379 1805 695 1875 imaginem,
721 1822 883 1876 quam
908 1806 1036 1861 fecit
1068 1807 1121 1860 in
1151 1807 1312 1861 domo
1342 1805 1577 1869 Domini,
1608 1806 1662 1859 in
1676 1822 1783 1876 qua
1806 1808 1969 1878 elegit

2081 1804 2283 1858 κεύετο’
2318 1806 2411 1859 καί⁵
2439 1806 2695 1877 ἐποίησεν
2724 1804 3217 1877 ἐγγαστριμύθους,
3248 1807 3343 1859 καὶ
3362 1807 3676 1873 ἐπαοιδοῦς,

380 1896 647 1953 Dominus
676 1914 877 1969 ponere
905 1914 1102 1954 nomen
1132 1915 1314 1963 suum,
1352 1899 1425 1953 ibi
1467 1900 1522 1953 in
1554 1899 1969 1971 Hierosolymis,

382 1991 518 2045 urbe
566 2000 778 2056 sancta,
807 1992 861 2045 in
891 1995 1173 2057 saeculum,
1214 2000 1269 2047 et
1316 1993 1455 2047 dixit
1498 2012 1511 2047 :
1554 1992 1672 2047 Non
1712 1993 1971 2063 adjiciam

380 2097 726 2139 commovere
772 2085 963 2155 pedem
1014 2101 1193 2139 meum
1248 2101 1279 2139 a
1328 2094 1474 2141 terra
1514 2088 1754 2151 lsraelis,
1805 2102 1970 2157 quam

381 2175 509 2231 dedi
539 2178 783 2245 patribus
807 2193 1021 2241 eorum,
1048 2180 1093 2233 si
1140 2187 1321 2234 tamen
1349 2182 1689 2235 servaverint
1720 2196 1975 2250 quaecun-

380 2285 488 2340 que
516 2270 748 2341 praecepi
781 2272 881 2333 eis,
916 2279 970 2325 et
1007 2289 1167 2327 omne
1197 2281 1513 2327 mandatum
1554 2273 1700 2345 quod
1753 2276 1975 2330 manda-

381 2364 461 2417 vit
494 2379 687 2419 servus
716 2380 869 2419 meus
907 2364 1105 2423 Moses.
1135 2366 1202 2420 Et
1230 2383 1340 2421 non
1373 2368 1702 2435 audierunt;
1738 2376 1791 2422 ct
1821 2368 1976 2423 doce.

382 2456 462 2525 pit
500 2470 594 2509 eos
631 2455 935 2522 Manasses,
988 2466 1047 2511 ut
1089 2457 1331 2515 facerent
1377 2461 1581 2514 malum
1633 2476 1819 2516 coram
1866 2461 1973 2517 Do-

384 2549 557 2615 mino,
588 2564 753 2619 super
780 2559 971 2619 gentes
1012 2567 1151 2621 quas
1198 2553 1424 2607 sustulit
1456 2552 1719 2610 Dominus
1757 2571 1787 2608 a
1833 2554 1972 2611 facie

383 2640 620 2696 filiorum
651 2640 838 2697 Israel.
872 2641 937 2695 Et
972 2644 1189 2699 locutus
1238 2653 1324 2701 est
1366 2643 1631 2701 Dominus
1661 2647 1727 2700 ad
1758 2647 1967 2704 Manas-

385 2750 501 2788 sem
527 2742 579 2787 et
609 2733 675 2787 ad
708 2735 965 2804 populum
994 2734 1135 2804 ejus,
1163 2735 1218 2790 in
1243 2751 1407 2789 manu
1429 2752 1711 2791 servorum
1746 2755 1972 2793 suorum

385 2827 800 2897 proplictarmn,
833 2828 1022 2883 dicens
1052 2847 1063 2881 :
1095 2826 1201 2882 Pro
1238 2843 1304 2882 eo
1340 2827 1487 2899 quod
1526 2829 1653 2884 fecit
1692 2830 1973 2888 Manasscs

386 2936 480 2974 rex
505 2919 676 2982 ludas,
701 2920 1137 2976 abominationes
1166 2925 1303 2977 istas
1354 2924 1547 2985 malas,
1595 2940 1759 2994 super
1787 2927 1971 2979 omnia

386 3026 509 3081 quae
547 3012 674 3066 fecit
720 3013 1068 3067 Amorrhaaus
1109 3029 1293 3069 coram
1343 3031 1441 3083 eo;
1484 3025 1537 3070 et
1565 3032 1793 3085 peccare
1845 3018 1973 3073 fecit

385 3103 584 3159 Judam
609 3106 664 3159 in
683 3105 844 3161 idolis
868 3107 1005 3171 suis,
1025 3107 1137 3161 liazc
1162 3108 1295 3161 dicit
1319 3107 1579 3163 Dominus
1604 3108 1745 3164 Deus
1765 3111 1969 3168 lsrael:
1999 3138 2044 3195 ε

389 3197 528 3254 Ecce
553 3215 655 3271 ego
690 3199 865 3254 infero
894 3201 1035 3253 mala
1070 3200 1123 3253 in
1155 3198 1532 3273 Hierosolyma
1571 3210 1625 3257 et
1670 3202 1889 3271 Iudam,
1913 3213 1973 3259 ut

388 3293 705 3365 quicunque
743 3310 807 3349 ea
838 3294 1097 3355 audierit,
1144 3293 1383 3348 tinniant
1415 3296 1587 3350 ambae
1633 3311 1794 3353 aures
1817 3298 1977 3367 ejus;

385 3396 443 3444 et
471 3388 761 3444 extendam
791 3403 956 3457 super
977 3385 1320 3442 Hierusalem
1344 3402 1659 3442 mensuram
1688 3388 1975 3455 Samariaa,

388 3490 441 3535 et
467 3480 685 3551 pondus
716 3479 913 3535 domus
955 3477 1193 3545 Aehabi;
1241 3486 1295 3534 et
1335 3480 1527 3534 delebo
1572 3478 1972 3553 Hierosolyma,

390 3575 534 3631 sicut
564 3576 777 3630 deletur
806 3574 989 3628 tabula
1012 3588 1133 3643 quae
1170 3572 1403 3633 deletur,
1432 3581 1487 3627 et
1526 3580 1841 3627 convertam
1881 3589 1976 3629 su-

391 3685 489 3740 per
514 3668 705 3724 faciem
730 3683 916 3731 suam;
945 3674 999 3721 et
1027 3665 1297 3719 dimittam
1330 3663 1608 3719 residuum
1641 3664 1975 3721 hereditatis

393 3776 547 3825 meae,
578 3767 633 3815 et
661 3759 872 3813 tradam
896 3773 990 3813 eos
1024 3758 1078 3811 in
1111 3772 1306 3811 manus
1336 3756 1684 3811 inimicorum
1717 3772 1973 3824 suorum;

391 3860 663 3922 eruntque
700 3851 755 3904 in
800 3848 1037 3921 praedam
1078 3856 1132 3903 et
1175 3846 1537 3917 direptionem
1573 3848 1813 3904 inimicis
1834 3849 1972 3912 suis,

392 3958 459 3998 eo
486 3942 633 4013 quod
662 3942 892 3997 fecerint
913 3941 1055 3994 mala
1086 3940 1141 3994 in
1168 3940 1343 3995 oculis
1368 3940 1525 4003 meis,
1550 3948 1604 3995 et
1627 3942 1829 3995 fuerint
1849 3941 1977 3994 irri-

394 4044 573 4091 tantes
598 4050 702 4102 me,
728 4049 759 4088 a
790 4034 877 4088 die
911 4049 1019 4104 qua
1044 4032 1209 4089 eduxi
1245 4041 1429 4103 patres
1470 4047 1659 4087 eorum
1712 4048 1781 4089 ex
1827 4041 1977 4087 terra

395 4127 640 4198 Egypti,
664 4135 718 4183 et
757 4142 929 4197 usque
971 4124 1041 4179 ad
1080 4125 1221 4179 hanc
1251 4124 1417 4182 diem.
1449 4125 1627 4181 Etiam
1655 4126 1979 4197 sanguinem

397 4223 679 4290 innoxium
730 4220 921 4277 effudit
960 4218 1242 4275 Manasses
1292 4220 1520 4274 multum
1566 4218 1747 4285 valde,
1801 4218 1980 4274 donec

2073 1899 2166 1952 καὶ
2193 1898 2462 1967 γνώστας,
2495 1899 2587 1952 καὶ
2616 1898 2892 1971 θεραφείψ
2936 1897 3029 1952 καὶ
3058 1898 3325 1969 ἐπλήθυνε
3370 1898 3468 1951 τοῦ
3516 1901 3679 1970 ποιῆ-

2074 2009 2164 2046 σαι
2196 1991 2305 2062 (46)
2335 1991 2394 2045 τὸ
2441 1991 2675 2062 πονηρὸν
2708 1993 2765 2043 ἐν
2794 1990 3093 2061 ὀφθαλμοῖς
3143 1988 3373 2061 Κυρίου,
3404 1988 3499 2043 τοῦ
3531 2008 3679 2061 παρ-

2070 2085 2291 2157 οργίσαι
2336 2085 2530 2138 αὐτόν·
2576 2085 2671 2138 καὶ
2715 2084 2880 2157 ἔθηκε
2920 2084 2979 2137 τὸ
3022 2082 3293 2154 χωνευτὸν
3322 2085 3417 2136 καὶ
3453 2083 3516 2135 τὸ
3544 2084 3679 2151 γλυ-

2072 2179 2204 2232 πτδν
2233 2178 2328 2232 τοῦ
2372 2180 2587 2243 ἄλσους,
2637 2178 2734 2249 τὴν
2780 2178 2985 2241 εἰκόνα,
3032 2178 3098 2248 ἢν
3142 2175 3397 2247 ἐποίησεν
3437 2176 3498 2227 ἐν
3537 2174 3678 2246 οἴκῳ

2074 2271 2305 2342 Κυρίου,
2336 2271 2394 2323 ἐν
2424 2264 2468 2337 ᾧ
2498 2270 2779 2335 ἐξελέξατο
2806 2270 3012 2342 Κύριος
3040 2267 3228 2322 θέσθαι
3273 2269 3334 2321 τὸ
3376 2268 3549 2339 ὄνομα
3577 2269 3678 2322 αὐ-

2072 2364 2188 2429 τοῦ,
2217 2366 2335 2418 ἐκεῖ
2362 2367 2420 2419 ἐν
2462 2365 2819 2437 Ἰερουσαλὴμ
2845 2366 2912 2434 τῇ
2933 2364 3063 2434 ἁγίᾳ
3081 2362 3230 2415 πόλει
3249 2364 3330 2425 εἰς
3356 2362 3448 2414 τὸν
3477 2362 3674 2425 αἰῶνα,

2075 2459 2169 2513 καὶ
2197 2453 2369 2512 εἶπεν·
2412 2458 2488 2511 UO
2521 2457 2814 2529 προσθήσω
2858 2456 2950 2508 τὸν
2979 2454 3114 2509 πόδα
3146 2472 3248 2526 μου
3279 2452 3541 2507 σαλεῦσαι
3565 2453 3679 2507 ἀπὸ

2072 2552 2173 2622 τῆς
2200 2552 2302 2622 γῆς
2328 2549 2424 2603 τοῦ
2468 2549 2704 2621 Ἰσραὴλ,
2728 2550 2793 2621 ἥν
2824 2547 3001 2601 ἔδωκα
3028 2550 3140 2610 τοῖς
3169 2546 3439 2617 πατράσιν
3469 2546 3675 2609 αὐτῶν,

2076 2643 2217 2715 πλὴν
2262 2642 2358 2696 ἐὰν
2389 2642 2730 2712 φυλάξωνται
2772 2639 2916 2695 κατὰ
2964 2640 3141 2693 πάντα
3182 2639 3283 2693 ὅσα
3317 2638 3679 2711 ἐνετειλάμην

2075 2736 2284 2801 αὐτοῖς,
2316 2735 2459 2790 κατὰ
2486 2738 2669 2789 πᾶσαν
2713 2732 2954 2805 ἐντολὴν,
2990 2734 3056 2803 ἣν
3103 2732 3407 2785 ἐνετείλατο
3433 2734 3462 2785 ὁ
3489 2730 3679 2794 δοῦλός

2078 2844 2182 2899 μου
2212 2830 2437 2899 Μωσῆς.
2471 2828 2581 2882 Καὶ
2608 2828 2707 2880 οὐκ
2729 2827 2989 2898 ἥκουσαν,
3021 2826 3115 2879 καὶ
3143 2825 3445 2895 ἐπλάνησεν
3478 2825 3681 2889 αὐτοὺς

2076 2922 2377 2992 Μανασσῆς
2404 2920 2499 2973 τοῦ
2532 2921 2755 2990 ποιῆσαι
2784 2918 2845 2971 τὸ
2883 2918 3118 2989 πονηρὸν
3165 2917 3393 2969 ἐνώπιον
3439 2917 3677 2989 Κυρίου,

2077 3014 2217 3086 ὑπὲρ
2258 3012 2328 3066 τὰ
2372 3012 2497 3084 ἔθνη
2538 3012 2575 3066 ἆ
2621 3011 2780 3082 ἐξῆρε
2825 3009 3030 3080 Κύριος
3083 3010 3190 3063 ἀπὸ
3231 3009 3524 3081 προσώπου
3568 3009 3681 3062 τῶν

2078 3106 2209 3158 υἰῶν
2252 3104 2488 3176 Ἰσραήλ.
2546 3104 2656 3157 Καὶ
2702 3102 2931 3175 ἐλάλησε
2973 3100 3178 3175 Κύριος
3242 3103 3336 3155 ἐπὶ
3381 3103 3680 3173 Μανασσῇ,

2080 3197 2174 3250 καί⁵
2201 3197 2294 3249 ἐπὶ
2322 3196 2412 3249 τὸν
2441 3195 2568 3249 λαὸν
2598 3193 2786 3259 αὐτοῦ,
2836 3195 2894 3246 ἐν
2941 3194 3087 3266 χειρὶ
3125 3193 3328 3245 δούλων
3366 3192 3535 3246 αὑτοῦ
3570 3194 3682 3245 τῶν

2078 3287 2393 3361 προφητῶν,
2441 3287 2641 3355 λέγων·
2684 3285 2824 3339 'AvG‘
2856 3280 2932 3339 ὧν
2973 3287 3076 3339 ὅσα
3111 3285 3333 3356 ἐποίησε
3374 3286 3682 3357 Μανασσῆς

2076 3382 2105 3434 ό
2135 3380 2387 3450 βασιλεὺς
2427 3378 2595 3432 Ἰούδα
2623 3377 2693 3432 τὰ
2722 3377 3066 3449 βδελύγματα
3112 3376 3182 3430 τὰ
3224 3378 3440 3448 πονηρὰ
3481 3376 3681 3441 ταῦτα,

2078 3472 2187 3526 ἀπὸ
2234 3471 2451 3525 πάντων
2494 3464 2569 3524 ὧν
2610 3471 2867 3542 ἐποίησεν
2920 3473 2949 3523 ὁ
3002 3470 3326 3542 Ἀμορραῖος
3367 3468 3685 3540 ἔμπροσθεν

2080 3563 2244 3619 αὐτοῦ
2268 3606 2284 3630 ,
2332 3565 2427 3618 καὶ
2479 3564 2754 3636 ἐξήμαρτε
2796 3564 2888 3618 τὸν
2930 3563 3128 3618 Ἰούδαν
3175 3564 3235 3616 ἐν
3288 3564 3400 3625 τοῖς
3442 3561 3687 3625 εἰδώλοις

2081 3657 2269 3723 αὐτοῦ,
2300 3658 2424 3711 τάδε
2468 3657 2617 3725 λέγει
2661 3655 2867 3729 Κύριος
2911 3658 2940 3709 ὁ
2978 3656 3111 3720 Θεὸς
3127 3656 3361 3727 Ἰσραήλ·
3408 3654 3541 3708 Ἰδοὺ
3572 3654 3687 3723 ἐγὼ

2082 3750 2233 3822 φέρω
2288 3750 2434 3804 κακὰ
2487 3750 2581 3803 ἐπὶ
2648 3748 3025 3821 Ἰερουσαλὴμ,
3087 3750 3183 3803 καὶ
3249 3748 3469 3812 Ἰούδαν,
3540 3747 3685 3800 ὥστε

2083 3844 2286 3908 παντὸς
2333 3843 2622 3906 ἀκούοντος
2676 3841 2836 3907 αὐτὰ,
2880 3844 3083 3914 ήχῆσαι
3128 3843 3412 3914 ἀμφότερα
3454 3842 3526 3895 τὰ
3566 3837 3684 3895 ὦτα

2084 3937 2273 4003 αὐτοῦ,
2304 3938 2399 3991 καὶ
2425 3936 2629 3991 ἐκτενῶ
2656 3936 2751 3989 ἐπὶ
2788 3936 3147 4007 Ἰερουσαλὴμ
3174 3936 3236 3989 τὸ
3266 3938 3465 4008 μέτρον
3494 3937 3685 4006 Σαμα-

2086 4032 2258 4103 ρείας,
2290 4032 2386 4085 καὶ
2412 4030 2504 4083 τὸν
2535 4027 2773 4100 σταθμὸν
2814 4028 2967 4082 οῐκου
3013 4028 3237 4099 Ἀχαὰϐ,
3268 4031 3363 4083 καὶ
3398 4029 3689 4098 ἁπαλείψω

2083 4124 2185 4195 τὴν
2218 4122 2576 4195 Ἰερουσαλὴμ
2590 4119 2774 4185 καθὼς
2793 4121 3153 4191 ἀπαλείφεται
3168 4122 3230 4175 τδ
3248 4122 3438 4187 πυξίον
3454 4123 3687 4176 άπαλει-

2086 4216 2317 4287 φόμενον
2344 4215 2555 4288 (47-19)
2580 4255 2596 4281 ,
2616 4215 2713 4269 καὶ
2739 4214 3101 4287 καταστρέφω
3129 4216 3223 4270 ἐπὶ
3250 4216 3361 4289 (20)
3394 4217 3691 4289 πρόσωπον

1711 4466 2080 4523 νΑῐιιοιιυΜ
2118 4466 2354 4523 NOTAE.

463 4652 582 4735 SM)
614 4650 1237 4735 6vq¢acrzyipm.MAddit
1268 4652 1406 4735 alter
1439 4651 1612 4735 codex
1764 4652 1991 4723 στρατιᾷ

2095 4651 2197 4733 the
2227 4652 2292 4735 τέ
2315 4668 2416 4735 Pro
2444 4651 2623 4735 Τοφξθ.
2646 4652 2727 4716 τόν
2760 4649 2907 4735 «ιυρά
2942 4646 3300 4735 δῆδθξθάἱκιὶο
3330 4644 3692 4735 ςρφωεεεὶιξ·

399 4722 492 4777 τοῦ
514 4722 768 4794 ούρανοῦ,
799 4724 892 4794 καὶ
916 4722 1237 4794 ᾠκοδόμησε
1269 4722 1647 4794 θυσιαστήρια.
1669 4722 1841 4794 Cum.

468 4790 594 4861 (45f
616 4792 871 4846 Γεϐαναὶ
901 4790 970 4845 ἐν
1000 4790 1259 4861 ὀνόματι.
1288 4790 1441 4847 Unde
1473 4790 1778 4845 monstrum
1803 4792 1994 4861 lectio-

401 4860 527 4919 niS?
556 4863 634 4916 An
668 4879 733 4917 ex
770 4864 1034 4918 vocabulo
1066 4860 1373 4924 cnntextus,
1407 4863 1474 4914 Γέ
1504 4861 1778 4932 βενεννόμ,
1816 4861 1859 4915 ll
1889 4860 1994 4916 Pa-

400 4936 503 4989 ral.
529 4948 723 4993 xxxm,
754 4933 808 4997 6,
842 4940 896 4987 et
958 4934 1305 4988 nonneminis
1349 4933 1417 4987 ad
1459 4933 1591 4986 illud
1632 4942 1761 4985 nota
1791 4934 1992 5001 margi-

402 5005 537 5067 nali,
568 5003 740 5073 ὅνομά
772 5021 845 5066 τι,
876 5004 1143 5073 quoddam
1177 5020 1384 5067 nomen,
1416 5002 1781 5073 simulprimo
1810 5003 1990 5058 mistis

404 5090 470 5129 ac
521 5072 716 5144 postea,
738 5072 1044 5144 corruptis?
1086 5075 1162 5128 lla
1204 5077 1401 5130 sentio.
1439 5072 1680 5144 Corrigo
1714 5073 1877 5144 etiam
1930 5074 1987 5127 in

402 5142 669 5201 bac'voce
700 5142 1008 5197 Luciferum
1041 5147 1182 5199 libro
1211 5145 1282 5199 De
1323 5161 1423 5197 non
1454 5142 1714 5211 parcendo
1743 5144 1796 5195 in
1822 5142 1989 5196 Deum

403 5215 849 5285 delinquentibus,
894 5214 1087 5284 pagina
1123 5215 1539 5285 2597extrema,
1579 5228 1695 5285 quo
1730 5213 1831 5267 loci
1865 5229 1993 5281 pro-

404 5283 1205 5354 ducitltestimoniumsant-tm
1238 5284 1535 5354 Scripturtc
1567 5284 1644 5354 ιν
1666 5283 1801 5351 Reg.
1830 5298 1991 5351 xxm,

408 5356 476 5409 10
503 5374 517 5409 :
552 5352 940 5409 Contaminavit
962 5371 1162 5424 quoque
1194 5352 1478 5420 Thoplieth,
1510 5353 1646 5424 quod
1680 5362 1757 5406 est
1791 5354 1994 5424 incon~

407 5424 670 5495 palleﬁlt'i
716 5424 919 5495 Ennont
951 5440 968 5477 :
998 5422 1205 5484 Graece,
1232 5427 1324 5477 καὶ
1353 5422 1543 5495 ἐμίανε
1572 5424 1662 5476 τὸν
1698 5422 1871 5492 Τοφέθ
1902 5425 1994 5477 τὸν

408 5494 468 5547 ιν
498 5494 742 5565 φάραγγι
772 5494 890 5546 υἱοῦ
908 5494 1122 5565 Ἑννόμε
1142 5496 1409 5565 dicitque,
1435 5496 1480 5565 si
1508 5495 1661 5548 libris
1685 5495 1846 5565 editis
1868 5509 1990 5549 cre-

410 5565 591 5634 dimus
619 5581 634 5618 :
662 5564 729 5616 Et
752 5564 1103 5633 coinquinavit
1130 5564 1314 5627 Phem,
1337 5564 1474 5634 quod
1492 5566 1682 5617 eratin
1705 5564 1984 5634 Cepenam.

411 5630 521 5685 Sed
545 5630 963 5702 rescribendum
1004 5634 1245 5695 :Pheth,
1289 5630 1427 5702 qtiod
1465 5643 1579 5687 erat
1628 5635 1682 5686 in
1728 5630 1991 5687 thenam

415 5709 510 5753 aut
530 5700 843 5766 Geltennam,
865 5702 1177 5766 Cehennom,
1205 5700 1581 5759 Gebenennom.
1615 5703 1880 5757 Nimirum
1906 5704 1991 5759 his

417 5773 731 5827 nominibus
760 5773 995 5829 donatur
1024 5790 1087 5831 ea
1115 5776 1292 5832 vallis.
1328 5774 1392 5831 Et
1435 5776 1643 5844 legebat
1686 5773 1903 5830 Lucifer
1933 5774 1994 5827 τὸ

2098 4724 2196 4783 sis,
2239 4716 2332 4777 ubi
2352 4726 2404 4777 in
2430 4716 2542 4777 ms;
2563 4716 2932 4777 Alexandrino
2971 4719 3060 4771 τὸν
3089 4718 3294 4787 Θοφθά,
3340 4716 3395 4771 in
3424 4717 3696 4787 versioni-

2101 4793 2201 4864 bus
2233 4792 2454 4864 Syriaca
2481 4800 2535 4847 et
2567 4793 2797 4864 Arabica
2839 4789 3100 4864 Taphaﬂt,
3214 4787 3435 4864 Scholio
3463 4786 3694 4864 antiquo

2097 4862 2188 4915 τὸν
2207 4855 2411 4937 -Θόφόθ,
2438 4863 2579 4933 apud
2600 4855 2995 4916 Theodoritum
3027 4859 3097 4937 τὸ⁵
3150 4857 3530 4937 Ταφέθειρριις]
3556 4855 3695 4937 Pro-

2098 4927 2315 5002 c0piuni
2364 4927 2616 4987 Gazamm
2668 4948 2951 5002 perperam
2995 4930 3056 4982 τὸ
3085 4928 3268 4997 Ἀφέθ,
3311 4927 3441 4981 alibi
3473 4927 3693 4996 Τωφέθ.

2096 5002 2234 5057 Cor.
2258 5034 2329 5043 ——
2356 5005 2507 5057 Alter
2536 5002 2699 5058 Vind.
2732 5004 2856 5056 cod.
2891 5001 3054 5055 habet
3085 4999 3272 5067 γε6άν.
3300 4998 3471 5067 CLen.

2168 5073 2280 5143 (46)
2314 5074 2421 5128 Τοῦ
2454 5071 2721 5141 ποιῆσαι.
2752 5073 2913 5126 Deest
2943 5072 2995 5124 in
3031 5066 3203 5124 altero
3232 5066 3392 5143 Yind.
3420 5066 3497 5121 In.

2168 5138 2381 5215 (157419)
2408 5138 2610 5208 Καθὼζ⁵
2638 5144 3138 5215 ἀπαλείφεταιηκ.
3160 5157 3211 5192 τ.
3253 5138 3477 5215 λκῌοιιι
3510 5142 3698 5192 varias

2097 5207 2379 5276 lectiones,
2418 5214 2776 5284 καταστρέφω
2815 5207 2875 5267 εί
2905 5211 3277 5284 ἀποδώσομαι.
3318 5207 3456 5263 Nam
3492 5219 3697 5262 vertam

2099 5301 2316 5354 quoque
2335 5286 2554 5338 exhibet
2583 5281 2841 5353 vulgata;
2867 5281 3219 5354 ἀποδώσομαι
3242 5288 3422 5354 autem
3450 5294 3607 5349 aeque
3628 5294 3701 5354 ac

2100 5350 2306 5409 editum
2344 5354 2666 5421 άπεώσομαι
2689 5350 2780 5407 νει
2818 5350 3135 5421 ἀπώσομαι,
3188 5351 3484 5421 respondet
3526 5350 3700 5403 verbo

2103 5424 2390 5480 llebraico.
2433 5422 2588 5490 Quod
2619 5425 2664 5481 si
2704 5440 2828 5477 cum
2862 5440 2968 5478 ms.
2998 5422 3368 5476 Alexandrino
3395 5431 3701 5490 reponatur

2095 5496 2152 5549 in
2201 5494 2341 5549 LXX
2374 5515 2386 5550 :
2422 5494 2619 5558 Καθὼς
2657 5494 3015 5562 άπαλείφεται
3056 5493 3117 5563 τὸ
3159 5492 3500 5563 ἀλάϐαστρον
3552 5490 3696 5563 απα-

2096 5566 2413 5637 λειφόμενος
2468 5566 2561 5618 καὶ
2590 5559 3025 5635 καταστρέφεται
3054 5562 3147 5616 ἐπὶ
3176 5559 3468 5633 πρόσωπον
3497 5559 3701 5622 αὐτοῦ,

3340 5640 3704 5701 vertaturque

2172 5770 2285 5843 (9.0)
2304 5769 2453 5827 Ἐπί.
2485 5768 2634 5827 Alter
2662 5767 2770 5823 ἀπὸ
2791 5765 3107 5841 προσώπου.
3138 5766 3335 5823 Cum:
