3884 6180
1115 229 1422 291 CONSTIT
1434 236 1732 299 UTIONES
1765 245 2452 316 APOSTOLICJE.—LlB.
2492 265 2557 319 II.

3379 283 3484 340 651)

184 327 311 431 ,Καὶ
323 328 421 383 νῦν
450 331 625 459 διλῖιῖ
650 334 778 403 γόνυ
808 339 1039 411 καρδίας
1076 361 1204 415 μου,
1240 348 1498 421 δεόμενος
1524 356 1624 427 τῆς
1650 376 1760 433 παρ

189 438 294 459 nn”
351 439 528 459 vnum
632 444 727 459 μιν.
804 430 1135 459 'I]..1.-_..-_._
1224 440 1306 459 υυ
1485 448 1499 459 .
1572 448 1584 459 .

1907 367 1993 424 nis
2028 369 2205 428 virtus
2257 377 2559 447 caelorum;
2593 388 2647 436 et
2696 391 2790 439 tua
2842 396 2923 442 est
2952 388 3123 459 gloria
3145 432 3159 457 ,
3186 392 3240 448 in
3266 401 3485 455 saecula.

189 420 294 524 σού
351 423 745 524 γρηστότητος.
804 430 1161 507 Ἠμάρτηκα,
1224 420 1422 514 Κύριε,
1474 420 1796 524 ἡμάρτηκα,

186 514 289 567 καὶ
444 516 682 613 ἀνομίας
716 538 818 593 μου
858 524 973 594 ἐγὼ
1018 529 1294 597 γινώσκωο
1328 514 1799 613 ‘an'éoiazéoaL

188 622 294 711 μαι
324 606 579 711 δεόμενός
774 616 936 682 ’Λνες
967 637 1081 690 μοι,
1125 622 1324 697 Κύριε,
1357 606 1489 695 ἄνες.
1517 606 1608 705 μοι
1659 636 1794 711 (50),

183 699 287 799 καὶ
430 704 815 799 συναπολέσῃς
848 728 917 781 με
948 716 1072 779 ταῖς
1100 716 1356 790 ἀνομίαις
1385 699 1678 799 μουξμηδέ

179 790 282 889 τὸν
308 793 486 889 αἰῶνα
536 798 775 869 μηνίσας
802 805 1055 880 τηρήσῃς
1086 808 1157 862 τὰ
1184 813 1334 866 κακά
1364 790 1477 887 μοι,
1513 790 1651 889 μηδὲ
1694 790 1796 875 καί

176 885 489 980 factum;
534 907 604 961 με
653 892 713 947 ὲν
740 896 857 960 τοῖς
891 900 1233 968 κατωτάτοις
1405 885 1529 980 γῆς.
1572 885 1693 966 Ὅτι
1727 913 1792 968 σὺ

175 976 342 1072 Θεὸς,
385 979 522 1045 Θεὸς
566 982 678 1038 τῶν
726 989 1135 1058 μετανοούντων
1156 1034 1171 1059 ,
1200 996 1295 1050 κα).
1326 976 1414 1052 ἐπ’
1446 976 1571 1072 έμο).
1597 1002 1792 1069 δείξεις

174 1068 284 1142 τὴν
315 1070 430 1143 (51)
460 1074 824 1151 ἀγαθωσύνην
874 1098 991 1136 σου·
1024 1083 1107 1139 ὅτι
1147 1086 1368 1154 ἀνάξιον
1408 1068 1541 1146 ὅντα
1595 1068 1791 1160 σώσεις

175 1162 299 1234 (52)
320 1164 468 1220 κατά
493 1165 556 1221 τὸ
597 1168 735 1224 πολὺ
765 1172 914 1239 ἔλεός
944 1193 1061 1231 σουο
1112 1180 1208 1236 καὶ
1236 1182 1439 1238 αἰνέσω
1468 1202 1529 1239 σε
1558 1186 1789 1243 διαπαν-

170 1255 274 1347 τὸς
302 1259 363 1310 ἐν
402 1257 609 1326 πάσαις
639 1264 762 1328 ταῖς
801 1266 1039 1340 ἡμέραις
1067 1272 1167 1344 τῆς
1210 1271 1358 1347 ζωῆς
1402 1293 1523 1347 μου.
1561 1279 1682 1333 ’Ότι
1728 1298 1788 1335 σε

170 1346 344 1417 ὑμνεί
373 1351 526 1405 πᾶσα
555 1354 589 1424 ἡ
620 1352 851 1427 δύναμις
880 1359 990 1413 τῶν
1019 1363 1289 1435 οὐρανῶν,
1324 1369 1420 1422 κα).
1450 1369 1544 1423 σοῦ
1576 1372 1723 1426 ἐστιν
1752 1376 1786 1445 ἠ

166 1437 327 1537 δόξα,
380 1443 462 1506 εἰς
501 1445 630 1537 τους
675 1448 898 1513 αἰῶνας.
980 1452 1169 1526 Ἀμήν.
1221 1458 1332 1512 Kal.
1372 1461 1645 1533 ἐπήκουσε
1687 1437 1788 1537 τῆς

166 1534 369 1605 φωνῆς
419 1536 588 1591 αὑτοῦ
632 1539 873 1614 Κύριος,
908 1545 1004 1600 καὶ
1059 1547 1399 1623 ᾠκτείρησεν
1445 1555 1628 1610 αὐτόν.
1675 1534 1786 1613 Καὶ

165 1626 415 1722 ἐγένετο
436 1632 577 1722 περ).
611 1634 773 1689 αὐτὸν
816 1638 949 1706 φλὸξ
981 1640 1155 1713 πυρὸς
1200 1643 1338 1716 (55),
1372 1647 1468 1701 καὶ
1507 1649 1783 1722 ὲτάκησαν

164 1719 361 1813 παντα
390 1720 460 1775 τὰ
487 1725 618 1796 περ).
646 1727 812 1782 αὐτὸν
845 1730 1059 1803 σίδηραο
1094 1734 1189 1788 καὶ
1244 1736 1434 1793 ἰάσατο
1461 1719 1675 1813 Κύριος
1692 1744 1783 1798 τὸν
1814 1725 1857 1781 Β

162 1811 480 1886 Μανασσῆν
494 1817 558 1870 ἐκ
573 1817 671 1890 τῆς
686 1819 918 1891 θλίψεως
933 1824 1122 1888 αὐτοῦ,
1146 1827 1240 1881 καὶ
1253 1811 1587 1903 ἐπέστρεψεν
1618 1835 1782 1890 αὐτὸν

1275 1921 1464 1976 αὑτοῦ.
1498 1925 1610 1979 Καὶ
1638 1926 1780 1996 ἔγνω

160 1995 499 2087 Μανασσῆς,
556 2001 639 2054 ὅτι
678 2002 886 2077 Κύριος
926 2008 1090 2073 αὐτός
1132 2011 1249 2065 ἐστι
1290 2012 1425 2079 Θεὸς
1467 2016 1647 2087 μόνος,
1683 1995 1779 2075 κα).

161 2086 503 2182 ὲλατρευσεν
539 2093 688 2165 μόνῳ
717 2097 909 2170 Κυρίῳ
937 2100 1017 2171 τῷ
1054 2100 1173 2173 Θεῷ
1212 2103 1272 2155 ἐν
1312 2104 1409 2178 ὅλῃ
1451 2108 1651 2182 καρδίᾳ
1681 2114 1780 2165 αύ-

159 2178 317 2275 τοϋχ
338 2182 435 2236 κα).
479 2184 540 2237 ὲν
568 2185 666 2259 ὅλῃ
695 2192 761 2261 τῇ
795 2189 940 2265 ψυχῇ
983 2195 1173 2258 αὐτοῦ,
1207 2195 1389 2262 πάσας
1428 2178 1539 2264 τὰς)
1560 2178 1775 2275 ἡμέρας

158 2272 267 2343 τῆς
297 2271 450 2345 ζωῆς
481 2276 672 2342 αὐτοῦ,
705 2280 800 2333 καὶ
833 2280 1088 2356 ἐλογίσθη
1118 2284 1345 2351 δίκαιος.
1393 2290 1504 2343 Καὶ
1534 2271 1774 2364 περιεῖλε

156 2366 296 2428 τοὺς
326 2366 489 2432 θεοὺς
507 2370 638 2434 τοὺς
668 2370 1011 2445 ἀλλοτρίους,
1048 2378 1144 2431 καὶ
1172 2377 1235 2431 τὸ
1264 2379 1503 2449 γλυπτὸν
1536 2382 1596 2447 ἐξ
1621 2384 1773 2438 οἴκου

156 2457 402 2529 Κυρίου,
437 2460 535 2515 καὶ
563 2462 746 2519 πάντα
786 2465 857 2519 τὰ
885 2466 1249 2542 θυσιαστήρια
1274 2471 1311 2526 ἃ,
1341 2472 1691 2547 ᾠκοδόμησεν
1711 2476 1772 2530 ἑν

154 2549 299 2621 οἴκῳ
331 2550 449 2623 (54)
479 2554 708 2627 Κυρίου,
745 2558 840 2613 καὶ
871 2560 1053 2616 πάντα
1099 2562 1169 2616 τὰ
1209 2561 1574 2638 θυσιαστήρια
1613 2568 1685 2622 τὰ
1713 2571 1772 2623 ὲν

166 2640 560 2718 Ἰερουσαλὴμ,
591 2649 686 2703 καὶ
707 2650 963 2715 ἐξέϐαλεν
993 2653 1100 2718 ἔξω
1125 2654 1226 2726 τῆς
1252 2654 1481 2721 πόλεως,
1512 2659 1607 2712 καὶ
1634 2677 1768 2714 κατ-

1905 461 2103 520 Amen.
2138 463 2203 519 Et
2236 467 2447 525 audivit
2484 470 2755 531 Dominus
2776 492 2967 534 vocem
3009 481 3180 553 illius,
3231 500 3295 542 ac
3323 489 3489 545 mise-

1902 560 2061 612 ratus
2101 565 2186 613 est
2233 570 2482 619 eum:et
2535 574 2658 620 orta
2715 577 2800 624 cst
2859 570 3008 626 circa
3056 573 3238 643 ipsum
3270 576 3487 635 ﬁamma

1903 648 2046 745 ignis
2071 669 2086 718 ;
2116 658 2172 707 et
2195 651 2490 724 liquefacta
2522 667 2655 714 sunt
2677 663 2865 718 omnia
2900 665 3117 722 vincula
3142 667 3339 737 ferrea,
3365 690 3487 745 qua:

1899 742 2113 798 circum
2168 761 2293 801 eum
2330 766 2343 803 :
2381 756 2436 804 et
2485 752 2704 808 sanavit
2748 752 3017 814 Dominus
3066 742 3485 823 ManasseIn—er.

1898 833 2197 893 afﬂictione
2221 838 2373 910 ejus;
2415 849 2470 898 et
2515 845 2735 901 reduxit
2778 862 2906 903 eum
2950 849 3382 927 Hierosolymam
3415 863 3481 916 ad

1897 944 2125 1002 regnum
2158 930 2353 1002 ipsius.
2390 934 2456 989 Et
2485 939 2746 1008 cognovit
2787 940 3107 1011 Manasses,
3150 948 3277 1017 quia
3307 949 3483 1008 Domi-

1895 1036 2002 1078 nus
2052 1022 2170 1094 ipse
2208 1032 2293 1079 est
2348 1025 2494 1083 Deus
2525 1032 2710 1099 solus;
2760 1042 2815 1089 et
2846 1036 3078 1091 servivit
3102 1040 3203 1095 soli
3248 1040 3481 1100 Domino

1895 1111 2041 1178 Deo,
2071 1132 2138 1170 ex
2175 1123 2296 1172 toto
2324 1120 2492 1176 corde
2525 1138 2647 1187 suo,
2682 1131 2738 1179 et
2766 1141 2834 1181 ex
2862 1135 2973 1182 tota
3007 1131 3189 1186 anima
3223 1149 3345 1201 sua,
3383 1155 3481 1208 per

1893 1223 2087 1265 omnes
2125 1210 2243 1266 dies
2286 1212 2411 1267 vitae
2463 1231 2608 1284 sua};
2640 1226 2696 1272 et
2726 1227 3016 1290 reputalus
3058 1234 3142 1280 est
3182 1225 3385 1297 justus.
3418 1232 3481 1288 Et

1893 1302 2125 1357 abstulit
2152 1303 2285 1361 deos
2316 1307 2547 1372 alienos,
2572 1317 2625 1365 et
2659 1313 2912 1383 sculptile
2940 1315 3007 1372 de
3038 1316 3201 1374 domo
3230 1320 3443 1378 Domini
3462 1367 3475 1386 .

1891 1392 1946 1440 et
1974 1389 2160 1443 omnia
2194 1392 2387 1449 altaria
2419 1411 2545 1467 qum
2572 1398 2941 1462 aediﬁcaverat
2963 1408 3016 1463 in
3042 1410 3210 1471 domo
3235 1415 3478 1486 Domini,

1889 1487 1944 1533 et
1984 1484 2177 1583 omnia
2218 1485 2413 1543 altaria
2448 1507 2571 1562 qua:
2619 1494 2676 1549 in
2708 1495 3124 1574 Hierosolymis,
3163 1518 3215 1564 et
3244 1484 3474 1583 projccit

1887 1581 2044 1675 extra
2075 1576 2387 1675 civitatem;
2415 1591 2468 1638 et
2519 1585 2847 1646 instauravit
2878 1594 3051 1654 altare
3073 1639 3088 1664 ,
3121 1608 3176 1655 et
3202 1576 3370 1675 super
3407 1610 3473 1662 il-

1886 1665 1980 1721 lud
2026 1670 2362 1729 sacriﬁcavit
2398 1680 2729 1736 sacriﬁcium
2778 1687 3039 1748 salutaris
3094 1702 3149 1749 et
3177 1665 3374 1756 laudis.
3410 1701 3473 1757 Et

2238 1863 2505 1921 dormivit
2545 1869 2599 1923 in
2631 1886 2767 1941 pace
2797 1890 2922 1930 cum
2950 1880 3202 1947 patribus
3231 1885 3370 1940 suis.
3406 1885 3469 1939 Et

1878 1951 2128 2044 regnavit
2172 1952 2350 2011 Amon
2386 1958 2531 2015 ﬁlius
2561 1962 2683 2033 ejus
2714 1981 2814 2035 pro
2847 1983 2912 2023 eo
2940 1989 2952 2025 :
2991 1968 3232 2044 fecitque
3261 1977 3462 2031 malum

1880 2041 1935 2095 in
1984 2055 2288 2115 conspectu
2338 2050 2577 2121 Domini,
2612 2060 2915 2116 secundum
2946 2041 3280 2136 omniaquae
3321 2067 3463 2123 fece-

1878 2144 1965 2191 rat
1995 2148 2151 2209 pater
2200 2145 2325 2215 ejus
2374 2147 2429 2203 in
2468 2152 2782 2223 principio;
2814 2165 2870 2212 et
2901 2157 3137 2214 irritavit
3171 2160 3459 2217 Dominum

1872 2230 2044 2289 Deum
2088 2253 2288 2335 suum.
2322 2264 2341 2296 ι
2405 2246 2676 2318 Audistis,
2741 2254 2838 2310 ﬁlii
2889 2259 3053 2316 nobis
3103 2263 3455 2335 cliarissimi,

1869 2330 2333 2425 quemadmodum
2377 2338 2643 2400 Dominus
2692 2344 2837 2407 Deus
2864 2367 2989 2406 eum
3020 2356 3114 2425 qui
3148 2356 3310 2415 idolis
3353 2330 3454 2415 ad;

1868 2418 2123 2488 haeserat,
2175 2435 2231 2482 et
2282 2432 2485 2489 multos
2540 2437 2791 2496 insontes
2844 2418 3227 2514 interemerat,
3262 2451 3453 2508 leviter

1864 2516 2192 2612 castigatum
2212 2522 2437 2595 jamque
2468 2530 2884 2602 resipiscentem
2903 2542 3230 2612 susceperit,
3257 2543 3451 2603 dimis-

1858 2608 2048 2680 sisque
2078 2612 2155 2668 illi
2186 2621 2427 2687 peccatis
2452 2623 2506 2677 in
2534 2640 2765 2697 regnum
2785 2608 3107 2691 restituerit.
3140 2608 3260 2692 Non
3283 2641 3448 2695 modo

151 2701 396 2806 ώρθωσε
580 2701 966 2816 θυσιαστήριον
985 2785 1001 2811 ,
1027 2701 1141 2800 ῐκα).
1180 2701 1484 2804 Ιέθυσίασιζν
1636 2701 1760 2807 ἐξίει

1885 2701 2008 2816 inim
2051 2707 2432 2816 paenitentiam
2462 2719 2754 2787 agentibus
2784 2724 3043 2780 concedit
3072 2729 3313 2797 veniam,
3346 2733 3442 2787 sed

172 2761 396 2806 υρυωσε
462 2761 524 2792 το
580 2761 1001 2811 συσιαστηριον,

153 2823 361 2882 θυσίαν
391 2831 664 2903 σωτηρίου
693 2834 789 2889 καὶ
834 2836 1114 2901 αἰνέσεως.
1149 2839 1260 2893 Καὶ
1298 2834 1421 2894 εἷπε
1467 2843 1760 2917 Μανασσῆς

153 2918 231 2951 ’,τι
266 2917 440 2951 ἸΑΛέ-ιι
520 2920 615 2951 ηπ
675 2921 941 2951 ἒ-..Ἱ-.ζ-...
972 2927 1159 2951 II-.-!-.
1217 2928 1289 2951 __".
1349 2930 1462 2951 ab!
1523 2932 1619 2951 um,
1682 2935 1724 2951 η

1885 2800 1914 2849 ι
1944 2810 2043 2852 eos
2070 2799 2137 2853 ad
2166 2802 2454 2871 pristinam
2479 2807 2798 2881 dignitatem
2833 2826 3072 2876 revocat.

148 2918 231 2988 τῷ
266 2917 466 2992 Ἰούδᾳ,
519 2920 615 2975 τοῦ
674 2921 941 2979 δουλεύειν
972 2927 1164 2999 Κυρίῳ
1215 2928 1294 3001 τῷ
1348 2930 1469 3002 Θεῷ
1523 2932 1758 3008 Ἰσραήλ.
1801 2936 1913 2989 Καὶ
1946 2935 2211 3007 ἐκοιμήθη
2247 2936 2303 2988 ἐν
2333 2936 2525 3009 εἰρήνῃ
2555 2935 2695 3007 μετὰ
2718 2937 2827 2990 τῶν
2858 2937 3111 3008 πατέρων
3133 2938 3320 2991 αὐτοῦ.
3350 2938 3462 2991 Καὶ

148 3009 521 3065 ἐϐασίλευσεν
547 3012 771 3085 Ἀμὼνό
798 3016 914 3081 υίὸς
942 3018 1551 3079 αύτοῢάντάὐτοῦοκα)
1581 3028 1806 3101 ἐποίησε
1834 3027 1896 3083 τὸ
1925 3030 2165 3101 πονηρὸν
2192 3028 2425 3083 ἐνώπιον
2455 3031 2683 3101 Κυρίου,
2715 3030 2858 3085 κατὰ
2877 3032 3057 3085 πάντα
3086 3031 3188 3085 ὅσα
3228 3031 3453 3101 ἐποίησε

151 3102 473 3175 Μανασσῆς
520 3106 549 3158 ό
593 3107 779 3179 πατὴρ
830 3108 997 3163 αὑτοῦ
1038 3111 1098 3165 ἐν
1131 3111 1392 3184 πρώτοις,
1425 3117 1519 3170 καὶ
1549 3117 1838 3190 παρώξυνε
1868 3118 2075 3192 Κύριον
2101 3121 2193 3174 τὸν
2222 3120 2354 3173 Θεὸν
2386 3121 2573 3175 αὑτοῦ.
2603 3142 2621 3173 ι
2662 3122 2981 3187 Ἠκούσατε,
3045 3123 3212 3176 τέκνα
3244 3120 3457 3192 ποθητᾶι

152 3194 349 3266 ήμῶν,
382 3196 534 3261 ὅπως
560 3197 766 3270 Κύριος
802 3202 831 3255 ό
864 3200 1000 3267 Θεὸς
1030 3204 1270 3268 εἰδώλοις
1317 3206 1432 3279 (55)
1474 3210 1928 3283 προσανασχόντα
1966 3214 2062 3267 κα).
2118 3213 2348 3276 πολλοὺς
2398 3212 2607 3278 ἁθώους
2664 3215 3021 3283 φονεύσαντα,
3069 3213 3317 3286 βραχέως
3376 3232 3459 3266 τι·

155 3286 591 3358 μωρησάμενος,
639 3290 979 3360 μεταγνόντα
1032 3294 1405 3366 προσελάϐετο
1424 3335 1439 3361 ,
1482 3299 1577 3352 καὶ
1606 3300 1766 3369 ἀφεὶς
1792 3302 1943 3373 αὐτῷ
1964 3302 2036 3356 τὰ
2064 3303 2533 3375 πλημμελήματα,
2565 3305 2899 3376 ἐπέστρεψεν
2920 3305 3083 3359 αὐτὸν
3112 3306 3241 3376 περ).
3268 3304 3316 3335 ⁷⁵
3334 3305 3447 3375 (56)

150 3379 256 3451 τὴν
302 3377 609 3450 βασιλείαν.
647 3383 722 3437 Οὐ
766 3383 927 3455 μόνον
954 3383 1064 3457 γὰρ
1093 3386 1289 3460 ἀφίησι
1317 3390 1432 3452 τοῖς
1467 3390 1843 3461 μετανοοῦσιν,
1879 3393 2015 3447 ἀλλὰ
2061 3396 2156 3449 καὶ
2196 3397 2278 3460 εἰς
2316 3396 2416 3468 τὴν
2449 3396 2723 3467 προτέραν
2751 3395 2908 3460 ἀξίαν
2936 3396 3134 3460 αὐτοὺς
3164 3397 3450 3466 ἐπανάγει.

681 3492 1081 3548 ΚΕΦΑΛΑῙΟΝ
1107 3495 1234 3549 Kl".

2430 3506 2662 3562 CAPUT
2710 3507 2898 3563 XXIII.

225 3583 394 3652 Πρὸς
432 3584 577 3651 τοὺς
610 3585 681 3639 ἐκ
712 3587 1217 3654 καταφρονήσεως
1244 3589 1697 3660 ἁμαρτάνοντας

485 3656 643 3704 ἔστω
680 3655 1055 3704 παράδειτιια
1096 3657 1278 3704 Ἄιιιῖηο
1306 3659 1435 3704 (37).

1950 3578 2016 3633 1η
2045 3596 2133 3634 eos
2162 3580 2251 3650 qui
2283 3595 2351 3632 ea:
2377 3589 2676 3703 conlemﬁtu
2705 3588 2957 3648 peccant,
2988 3581 3287 3651 exemplum
3312 3585 3382 3638 sit

2632 3667 2775 3704 mon.

485 3656 643 3709 ἔστω
680 3656 1055 3726 παράδειγμα
1096 3656 1292 3727 Ἀμών⁷
1306 3656 1440 3733 (57).
1670 3656 1685 3660 ⁷

488 3746 930 3817 εἰδωλολατρείας
944 3748 1046 3802 οὐκ
1066 3748 1215 3804 ἐστιν
1245 3751 1513 3817 ἁμαρτία·
1538 3755 1619 3817 εἰς
1630 3754 1760 3809 Θεὸν

2581 3656 2775 3706 Aman.

1939 3746 2173 3802 Gravius
2218 3745 2477 3800 delictum
2512 3743 2819 3799 idololatria
2870 3761 2982 3799 non
3025 3748 3338 3817 reperitur:
3369 3757 3455 3804 est

1871 3844 2019 3901 enim
2048 3844 2105 3898 in
2139 3840 2309 3897 Deum
2355 3838 2608 3911 impietas
2636 3857 2649 3894 :
2677 3838 3041 3897 nihilominus
3082 3850 3266 3899 tamen
3291 3850 3344 3899 et
3390 3843 3454 3897 il-

225 3743 457 3809 Μείζων
488 3746 930 3818 εἰδωλολατρείας
944 3748 1046 3802 οὐκ
1066 3748 1215 3804 ἐστιν
1245 3751 1513 3825 ἁμαρτία·
1538 3754 1765 3818 εἰςΘεὸν

155 3836 264 3909 γάρ
320 3838 446 3892 ἐστι
500 3837 807 3894 δυσσέϐειαο
848 3839 963 3895 ἀλλ’
990 3843 1145 3913 ὅμως
1186 3845 1282 3899 κα).
1329 3846 1469 3919 αὐτὴ
1498 3846 1588 3902 διὰ
1627 3864 1760 3920 γνη-

222 3993 272 4026 ’δ
308 3993 389 4049 al.
420 3995 520 4058 είς.

1462 4154 1853 4214 VARIORUM
1886 4155 2121 4212 NOTAE}.

227 4336 353 4410 (29)
386 4336 574 4394 Ἀλλ’.
603 4337 949 4394 Omissumin
972 4338 1145 4394 altero
1171 4337 1333 4394 Vind.
1358 4354 1459 4394 nec
1475 4338 1751 4409 ejusmodi

227 4423 393 4464 ecum
422 4409 600 4476 stylus
634 4410 811 4464 omitti
841 4411 1264 4476 conjunctiones
1295 4418 1465 4466 vetat.
1504 4410 1674 4466 CLER.

1889 4337 1997 4401 uis,
2047 4335 2344 4408 Georgium
2381 4334 2695 4407 Syncellum
2748 4335 2805 4390 in
2855 4335 3347 4409 Chronographia,
3391 4354 3447 4401 et

1885 4408 2092 4463 iuidam
2147 4409 2202 4462 in
2244 4407 2468 4476 Lexicoﬁ.
2501 4405 2702 4461 Cernet
2740 4406 2981 4476 ﬁgmenti
3013 4408 3194 4469 vices,
3228 4425 3292 4464 ac
3319 4419 3443 4466 tan-

156 4409 393 4478 precum
422 4409 600 4479 stylus
634 4410 811 4464 omitti
841 4411 1264 4479 conjunctiones
1295 4418 1465 4466 vetat.
1504 4410 1674 4466 CLER.
1864 4409 2092 4463 Suidam
2147 4409 2202 4462 in
2244 4409 2468 4462 Lexico.
2501 4409 2702 4461 Cernet
2740 4409 2981 4476 ﬁgmenti
3013 4409 3194 4469 vices,
3228 4425 3292 4464 ac
3319 4419 3443 4466 tan-

228 4479 351 4540 (50)
388 4480 569 4540 Ἀνες
593 4497 716 4540 μοι,
770 4482 951 4540 Κύριε
984 4520 1000 4540 ,
1033 4480 1178 4540 ἄνες
1225 4497 1347 4540 μοι.
1384 4480 1460 4536 De
1502 4481 1608 4535 hoc
1633 4482 1755 4535 loco
1862 4488 1977 4534 tum
2013 4494 2125 4532 non
2172 4486 2393 4532 taurum
2436 4475 2770 4531 Phalaridis.
2821 4474 2979 4530 Enim
3011 4493 3143 4533 vero
3172 4487 3298 4540 post
3329 4482 3447 4540 hate

250 4479 351 4548 50)
388 4480 569 4546 Ἀνες
592 4497 716 4548 μοι,
770 4482 951 4548 Κύριε
984 4520 1000 4541 ,
1033 4480 1178 4547 ἄνες
1224 4497 1347 4550 μοι.
1384 4480 1460 4536 De
1502 4481 1608 4535 hoc
1633 4482 1755 4535 loco

250 4548 402 4606 enda
432 4550 657 4603 homilia
682 4550 717 4603 2
749 4550 997 4606 Ceramei
1029 4549 1403 4608 Theonhanis.
1468 4551 1608 4606 Cor.

1888 4496 1977 4534 um
2013 4494 2125 4532 non
2172 4486 2393 4532 taurum
2436 4479 2770 4531 Phalaridis.
2821 4479 2979 4530 Enim
3011 4493 3143 4533 vero
3172 4487 3298 4548 post
3329 4482 3412 4536 ha:

1885 4549 2073 4608 cripta
2109 4549 2259 4602 venit
2300 4549 2353 4603 in
2407 4562 2606 4601 manus
2641 4561 2795 4602 meas
2828 4545 2887 4603 S.
2927 4544 3175 4608 Gregorii
3211 4548 3413 4608 Nazian

151 4548 402 4609 videnda
432 4550 657 4603 homilia
682 4550 717 4603 2
749 4550 997 4606 Ceramei
1029 4548 1403 4621 Theophanis.
1468 4551 1608 4606 Cor.
1860 4549 2073 4619 scripta
2109 4549 2259 4602 venit
2300 4549 2353 4603 in
2407 4562 2606 4601 manus
2641 4561 2795 4602 meas
2828 4548 2887 4603 S.
2927 4548 3175 4619 Gregorii
3211 4548 3445 4608 Nazian-

224 4621 347 4677 (51)
388 4619 526 4677 Τήν.
559 4620 710 4675 Alter
741 4622 912 4677 codex
936 4621 1101 4676 habet
1132 4623 1232 4677 τὴν
1262 4622 1465 4677 πᾶσαν.
1496 4619 1643 4677 uuod
1668 4627 1754 4677 est
1863 4621 1983 4674 zeni
2034 4619 2210 4673 codex
2254 4634 2359 4672 ms.
2402 4618 2623 4677 optima:
2668 4626 2812 4671 notae
2838 4632 2903 4672 ac
2940 4619 3259 4674 venerandae
3303 4625 3445 4677 anti-

246 4621 347 4691 51)
388 4619 526 4702 Τῄν.
559 4620 710 4702 Alter
741 4622 912 4677 codex
936 4621 1101 4676 habet
1132 4619 1232 4695 τήν
1262 4622 1465 4685 πᾶσαν,
1496 4619 1643 4693 quod
1668 4627 1754 4677 est

1885 4621 1983 4702 aeni
2034 4619 2375 4702 codexuns.’
2402 4619 2623 4698 optimae
2668 4626 2903 4698 notarac
2940 4619 3265 4702 venerandze
3303 4625 3447 4677 anti-

224 4626 347 4691 (51)
388 4626 526 4686 Τὴν.
559 4626 710 4675 Alter
741 4626 912 4677 codex
937 4626 1101 4676 habet
1132 4626 1232 4695 τὴν
1262 4626 1465 4685 πᾶσαν,
1496 4626 1643 4693 quod
1668 4627 1754 4677 est
1863 4626 1983 4674 zeni
2034 4626 2210 4673 codex
2254 4634 2359 4672 ms.
2402 4626 2623 4687 optima:
2668 4626 2812 4671 notae
2838 4632 2903 4672 ac
2940 4626 3259 4674 venerandae
3303 4626 3441 4677 anti-

224 4690 635 4758 partxcirrepov.
663 4690 833 4747 Cum.
1838 4689 2115 4758 ‘quitatis,
2148 4689 2243 4758 qui
2278 4688 2607 4743 ditissimani
2645 4687 2827 4757 magni
2868 4689 3014 4758 regis
3049 4689 3441 4748 Bibliotliecam

153 4690 635 4762 ἔμφατικώτερον.
663 4690 833 4747 Cum.
1188 4690 1200 4695 ’
1512 4690 1531 4693 “
1838 4703 1843 4708 ‘
1900 4690 2115 4753 uitatis,
2148 4690 2243 4758 qui
2278 4690 2607 4743 ditissimani
2645 4690 2827 4757 magni
2868 4690 3014 4758 regis
3049 4690 3441 4748 Bibliotliecam

156 4833 172 4845 _
224 4763 347 4832 (32)
402 4759 628 4828 Σώσεις
679 4779 778 4831 με.
834 4762 926 4819 Sic
979 4762 1148 4818 habet
1196 4762 1336 4817 alter
1375 4762 1549 4818 codex
1582 4759 1748 4816 Vind.
1855 4706 2110 4815 ditiorem
2146 4760 2327 4845 _facit;
2382 4764 2575 4826 estque
2624 4759 3061 4845 octingentorum
3109 4758 3444 4845 'fereanno-

224 4764 347 4832 (32)
402 4764 628 4828 Σώσεις
679 4779 778 4831 με.
834 4764 926 4819 Sic
979 4764 1148 4818 habet
1196 4764 1336 4817 alter
1375 4764 1549 4818 codex
1582 4764 1748 4816 Vind.
1855 4764 2110 4815 ditiorem
2169 4764 2327 4825 facit;
2382 4764 2575 4826 estque
2624 4764 3061 4827 octingentorum
3124 4764 3238 4815 fere
3270 4776 3443 4818 anno-

224 4876 333 4912 ..-ω
390 4905 437 4912 _-
479 4901 493 4912 _
560 4902 574 4912 ι
633 4902 646 4912 _
956 4904 968 4912 _
1073 4905 1086 4912 _
1148 4904 1159 4912 _
1299 4903 1393 4912 ﬂ“
1578 4902 1589 4912 .
1677 4900 1724 4912 η
1856 4847 2013 4912 rum;
2048 4829 2295 4912 scriptus
2324 4836 2681 4912 mggngarge
2724 4830 3081 4912 temporibus"
3109 4828 3443 4912 Leonisim-

155 4833 343 4975 ll3.653)
384 4901 497 4956 Καὶ
548 4902 786 4971 ἐγένετο
838 4904 973 4972 περί
1019 4904 1208 4958 αὐτὸν
1232 4903 1393 4972 φλὸξ
1432 4902 1642 4971 πυρός.
1677 4900 1751 4958 Ut.

155 4974 449 5029 mendacia
478 4974 841 5028 instabilitate
881 4990 946 5028 ac
971 4975 1242 5039 portentis
1267 4974 1540 5039 gaudent,
1570 4975 1745 5030 variis

1890 4848 2013 4896 um;
2048 4833 2292 4900 scriptus
2324 4843 2519 4898 magna
2563 4836 2681 4882 arte
2724 4833 3058 4898 temporibus
3109 4833 3309 4888 Leonis
3340 4834 3440 4887 im-

1885 4902 2154 4963 peratoris,
2201 4900 2300 4953 ﬁlii
2358 4898 2546 4955 Basilii
2601 4898 2918 4955 Macedonis
2946 4909 3001 4956 et
3042 4899 3298 4956 Eudocia:
3325 4902 3440 4957 Au—

1885 4979 2052 5034 rustze,
2106 4985 2344 5039 quorum
2388 4970 2575 5039 icones
2622 4969 2892 5039 principio
2944 4971 3211 5038 exhibet,
3270 4979 3331 5026 ut
3385 4982 3440 5027 et

153 4974 449 5029 mendacia
478 4974 841 5028 instabilitate
881 4990 946 5028 ac
971 4975 1242 5044 portentis
1267 4974 1540 5043 gaudent,
1570 4975 1745 5030 variis
1892 4979 2052 5034 ustae,
2106 4985 2344 5040 quorum
2388 4974 2575 5024 icones
2622 4974 2892 5039 principio
2944 4974 3211 5038 exhibet,

153 5046 429 5095 mirisnue
453 5043 631 5095 modis
654 5051 912 5095 narratur
936 5044 1206 5095 Manassis
1235 5044 1515 5095 Iiberatio.
1552 5052 1747 5095 contra
1852 4990 2153 5095 ﬁlexandri
2185 5040 2372 5095 fratris
2396 5038 2617 5094 Leonis.
2644 5037 2699 5092 In
2730 5055 2841 5095 duo
2868 5041 3060 5095 codice
3082 5041 3211 5095 circ:

210 5046 429 5125 irisque
453 5043 912 5125 modis_na_rratu£
936 5037 1206 5125 bianassis
1235 5037 1515 5107 Iiberatio,
1552 5052 1747 5125 contra
1852 5037 2153 5122 Alexandri
2185 5040 2372 5125 fratris
2391 5037 2699 5125 Leonisln
2730 5037 2841 5108 quo
2868 5041 3060 5125 codice
3082 5037 3230 5124 circa
3252 5040 3434 5125 ﬁnem,

152 5046 429 5114 mirisque
453 5043 631 5099 modis
654 5051 912 5099 narratur
936 5043 1206 5100 Manassis
1235 5044 1515 5107 Iiberatio,
1552 5052 1747 5098 contra

151 5114 574 5192 simplicitatem
621 5116 821 5192 divinae
874 5114 1216 5192 Scriptura},
1255 5125 1311 5192 e_t
1356 5115 1745 5192 auctoritatem

1885 5043 2153 5097 ilexandri
2185 5043 2372 5095 fratris
2396 5043 2617 5094 Leonis.
2644 5043 2699 5092 In
2730 5055 2841 5108 quo
2868 5043 3060 5096 codice
3082 5043 3230 5096 circa
3252 5043 3434 5106 ﬁnem,

1885 5128 1966 5166 ιοη
2011 5112 2131 5167 sine
2161 5110 2585 5192 voluptatenvidi
2624 5108 2857 5181 ﬁguram
2900 5110 3173 5168 Manassis
3199 5112 3343 5183 regis
3381 5114 3436 5168 in

150 5180 388 5256 Iosephi
440 5183 723 5240 Historici.
767 5185 889 5241 Non
934 5180 1090 5256 juvat
1146 5185 1519 5241 fabulatorum
1574 5185 1744 5239 verba
1849 5192 2013 5237 tauro
2044 5196 2195 5237 aeneo
2228 5181 2416 5250 positi.
2447 5180 2588 5235 Cor.
2676 5180 2679 5181 ⁷
3268 5180 3283 5183 ⁷

153 5256 555 5307 transcribere.
596 5256 764 5307 Leuat
791 5258 886 5307 aui
919 5264 1136 5307 tempus
1170 5266 1224 5307 et
1263 5270 1485 5307 operam
1517 5256 1745 5307 nerdere
1922 5253 2037 5307 (54)
2074 5253 2176 5307 Ἑν
2197 5252 2361 5307 οἴκῳ.
2401 5252 2550 5306 Alter
2581 5248 2741 5306 Vind.
2770 5252 2830 5305 ὲν
2859 5252 2976 5307 ὄρει
3020 5252 3193 5307 οἴκου.
3238 5250 3397 5307 deleti

153 5248 555 5337 transcribere.
596 5256 764 5337 Legat
791 5258 886 5326 qui
919 5248 1745 5337 tempus‘ent.operamgperdere

1922 5253 2037 5337 (54)
2074 5253 2176 5307 Ἑν
2197 5248 2361 5315 οἴκῳ.
2386 5252 2550 5337 ΫΛμθτ
2581 5248 2741 5337 Vind.
2770 5252 2830 5305 ὲν
2859 5252 2976 5326 ὄρει
3020 5252 3193 5318 οἴκου,
3238 5250 3433 5309 deletis

153 5327 321 5390 volet,
354 5335 556 5395 praeter
596 5321 997 5382 Dainaséenum
1033 5321 1105 5382 ex
1139 5321 1421 5391 Africano,
1456 5321 1744 5382 et‘aucto-
1848 5321 2094 5394 quinque
2127 5338 2287 5391 seqq.
2340 5322 2587 5377 vocibus.
2632 5321 2801 5377 Cum.
2893 5321 2904 5326 ’

153 5412 266 5450 rem
285 5397 484 5451 Operi:
523 5397 837 5451 imoerfecli.
867 5397 1060 5451 naucis
1082 5397 1152 5451 ab
1182 5397 1309 5451 hinc
1339 5397 1486 5451 notis
1514 5398 1740 5451 citatos.
1921 5393 2035 5451 (55)
2064 5392 2370 5451 Εὶδώλοις.
2401 5390 2578 5446 Ambo
2603 5393 2727 5446 cod.
2750 5395 2868 5451 τοῖς
2895 5391 3160 5451 εἰδώλοις.
3194 5391 3253 5451 In

151 5412 266 5450 rem
285 5369 484 5478 ὀῷτεε
523 5397 1152 5478 imperfecti,_paucis_ab
1182 5397 1309 5478 hinc
1339 5369 1740 5478 no’tis_c_itatos,

1890 5369 2868 5478 “laesissem;cura
3194 5391 3275 5451 ιι»⁴

152 5469 481 5534 quastione:
528 5484 623 5522 seu
672 5465 990 5522 traditiones
1035 5467 1337 5522 Ilebraicas
1368 5468 1424 5521 in
1464 5465 1504 5519 II
1530 5465 1741 5521 Parali-

153 5550 453 5610 pomenong
471 5552 596 5610 qua:
636 5554 764 5610 cum
808 5537 1556 5610 Hieronyinoiexcuduntur,
1589 5537 1739 5610 Ana-

152 5608 391 5662 stasium
422 5604 690 5663 Sinaitam
712 5604 1034 5689 homilia
1052 5609 1442 5689 psalmumjt,
1469 5604 1736 5689 ‘Iandla‘to-

154 5692 387 5750 remque
425 5693 491 5735 ac
530 5686 859 5736 sectatorem
895 5671 1302 5751 illius'Glycam
1339 5678 1396 5735 in
1430 5671 1743 5732 Annalibus

538 5774 810 5833 Ρηιιοι.
849 5773 969 5833 Gn.
1016 5772 1067 5836 Ι.

1921 5460 2038 5543 (59)
2068 5464 2236 5543 lla-pl.
2272 5462 2617 5543 meliusccd.
2654 5462 2893 5543 Vindob.
2925 5464 3037 5543 ἐπί.
3068 5460 3144 5543 In.

1918 5531 2279 5607 (57)·ᾼμῴν.
2317 5532 2631 5607 Additurin
2659 5534 2831 5607 altero
2866 5533 3040 5607 cod._:
3072 5532 3183 5587 Kal.
3216 5531 3430 5607 61::st-

1847 5602 1956 5676 ρων
1986 5602 2561 5685 ε’ἰδωλολατρείαςρύκ
2608 5602 3041 5685 ἐστιγάμαρτία
3082 5620 3095 5657 :
3130 5620 3222 5658 nec
3259 5602 3430 5660 ullum

1845 5673 2112 5731 baceolum
2142 5692 2255 5731 esse
2281 5673 2591 5729 idololatria
2612 5673 2865 5730 deterius.
2898 5673 2976 5730 In.

2995 5768 3069 5831 21
