3884 6180
416 283 525 339 Μὶδ

1306 283 1365 341 S.
1407 283 1809 343 CLEMENTIS
1842 286 1860 341 I
1895 287 2063 346 ROM.
2099 290 2306 347 ΡΟΝΤ.
2346 290 2579 349 OPEIIA
2628 291 2859 351 DUBIA.

3610 296 3719 354 6ΰὶ

412 405 661 462 omnium
698 411 952 461 nostrum
983 410 1210 475 peccata
1236 403 1295 458 in
1321 404 1473 476 ligno
1517 405 1704 461 crucis
1738 405 1977 476 portavit

2072 428 2086 468 ι
2115 407 2449 480 καρποῦσθε.
2478 411 2732 483 Μιμηταὶ
2758 411 2867 483 γάρ
2895 411 3016 465 ἐστε
3060 411 3297 485 Χριστοῦ
3325 411 3422 466 τοῦ
3468 414 3682 486 Κυρίου
3701 435 3719 446 ·

410 497 799 555 immaculatus
819 511 919 567 pro
948 497 1291 553 merentibus
1320 496 1651 567 supplicium
1683 498 2004 564 cruciﬁxus;

410 592 485 645 ita
514 599 569 645 et
598 604 697 645 vos
728 589 902 659 plebis
931 597 1158 658 peccata
1187 588 1471 645 vindicare
1501 597 1749 660 oportet;
1782 606 1907 645 cum
1938 589 2007 647 de

411 682 697 736 Salvatore
722 682 777 735 in
802 681 941 736 Isaia
974 680 1183 736 dictum
1212 682 1284 736 sit
1318 700 1332 736 :
1371 700 1397 733 ο
1426 681 1538 737 Iste
1565 692 1790 753 peccata
1814 691 2003 738 nostra

409 784 614 845 portat,
647 782 701 831 et
731 791 831 845 pro
870 775 1032 831 nobis
1065 774 1309 840 dolet”;
1348 794 1367 828 ι
1405 785 1461 830 et
1491 782 1648 845 post:
1674 792 1692 825 ι
1726 773 1845 845 Ipse
1876 790 2004 845 pec-

408 877 530 922 cata
560 868 855 922 multorum
904 867 1070 932 tulit,
1104 876 1161 923 et
1191 874 1417 938 propter
1454 867 1773 937 iniquitates
1808 882 1999 922 eorum

407 961 642 1016 traditus
672 969 775 1016 est.
812 980 830 1012 ι
866 959 934 1014 Ut
963 975 1097 1030 ergo
1131 975 1229 1015 vos
1257 959 1411 1030 scopi
1442 959 1599 1023 estis,
1632 960 1707 1014 ita
1740 967 1795 1013 et
1834 957 1996 1014 Chri-

402 1061 550 1108 stum
592 1068 819 1123 scepum
864 1053 1116 1120 habetis;
1149 1060 1205 1109 et
1243 1059 1305 1106 ut
1350 1052 1441 1108 ille
1470 1051 1719 1107 omnium
1752 1058 1996 1107 vestrum

400 1146 683 1217 exemplar
704 1152 810 1213 est,
840 1144 915 1200 ita
944 1153 1000 1201 et
1027 1161 1127 1203 vos
1167 1146 1439 1201 laicorum
1471 1144 1677 1215 quibus
1723 1143 1991 1213 praeestis.

398 1236 520 1293 Non
550 1237 697 1294 enim
722 1237 1147 1294 existimandum
1175 1246 1287 1301 est,
1334 1237 1714 1308 episcopatum
1748 1236 1906 1291 facile
1928 1252 1993 1291 ac

396 1332 515 1388 leve
536 1346 677 1388 onus
702 1347 845 1388 esse.
878 1329 1151 1398 Quocirca
1182 1336 1327 1387 sicut
1350 1331 1567 1401 pondus
1600 1330 1793 1395 fertis;
1828 1331 1909 1386 sic
1936 1339 1993 1386 et

393 1424 551 1478 decet
568 1433 628 1479 ut
647 1423 816 1493 primi
848 1423 1066 1481 fructus
1103 1424 1448 1495 percipiatis,
1496 1439 1639 1494 quos
1676 1438 1803 1479 cum
1834 1440 1992 1495 egen-

392 1516 543 1571 tibus
569 1515 1019 1583 communicetis;
1069 1526 1259 1586 utpote
1307 1517 1579 1572 rationem
1625 1515 1893 1571 reddituri
1936 1515 1989 1572 ei

388 1610 487 1681 qui
532 1625 660 1666 cum
692 1608 1057 1664 ratiocinator
1087 1616 1273 1664 vester
1305 1607 1542 1675 sederit,
1576 1608 1731 1662 nulla
1772 1608 1988 1664 ratione

2114 501 2208 553 καὶ
2235 500 2498 567 ὡσαύτως
2521 503 2567 535 ⁸²
2596 504 2707 575 (69)
2739 504 2957 557 πάντων
2985 504 3083 568 τὰς
3104 505 3380 577 ἁμαρτίας
3407 507 3718 577 ἀνήνεγκεν

2108 591 2204 645 ἐπὶ
2242 593 2305 647 τὸ
2338 592 2514 660 ξύλον,
2548 596 2881 668 σταυρωθεὶς
2908 599 2937 650 ὁ
2965 597 3194 669 ἄμωμος
3238 598 3378 670 ὑπὲρ
3406 598 3517 652 τῶν
3546 600 3719 653 κολά-

2108 701 2246 750 σεως
2272 687 2460 753 ἀξίων,
2488 688 2634 742 οὕτω
2662 690 2757 743 καὶ
2804 690 2950 762 ὑμᾶς
2988 690 3083 743 τοῦ
3125 690 3259 744 λαοῦ
3294 690 3396 755 τάς
3425 693 3717 764 ἁμαρτίας

2104 776 2538 842 ὲξιδιοποιεῖσθαι
2565 782 2695 854 χρή·
2712 784 2925 854 εἴρηται
2954 781 3063 855 γάρ
3090 784 3219 854 περὶ
3244 782 3339 836 τοῦ
3362 784 3625 855 Σωτῆρος
3654 787 3715 837 ἐν

2114 872 2335 946 Ἡσαΐᾳ,
2365 876 2446 929 ὅτι
2480 896 2499 928 ι
2541 868 2711 940 Οὗτος
2750 875 2850 939 τὰς
2890 876 3167 947 ἁμαρτίας
3192 876 3351 947 ἡμῶν
3382 876 3562 948 φέρει,
3610 877 3713 931 καὶ

2100 968 2229 1040 περὶ
2258 968 2415 1041 ἡμῶν
2444 969 2713 1023 ὀδυνᾶται.
2757 987 2774 1021 ι
2807 970 2918 1022 Καὶ
2941 969 3119 1024 πάλιν·
3157 986 3177 1019 ι
3216 968 3389 1033 Αὐτὸς
3420 970 3710 1041 ἁμαρτίας

2098 1060 2311 1115 πολλῶν
2338 1062 2605 1133 ἀνήνεγκε
2626 1101 2641 1126 ,
2672 1063 2767 1116 καὶ
2796 1062 2884 1116 διὰ
2924 1062 3024 1126 τὰς
3064 1062 3295 1133 ἀνομίας
3330 1062 3511 1116 αὑτῶν
3554 1080 3709 1135 παρ-

2096 1152 2529 1226 εδόθη.›Ὦσπερ
2556 1150 2648 1208 οὖν
2678 1156 2837 1225 ὑμεῖς
2867 1154 3059 1208 σκοποί
3086 1155 3231 1218 ἐστε,
3260 1153 3403 1208 οὕτω
3440 1156 3536 1208 καὶ
3573 1173 3707 1209 σκο-

2094 1247 2195 1299 πὸν
2222 1246 2374 1318 ἔχετε
2392 1248 2485 1301 τὸν
2514 1250 2769 1321 Χριστόν·
2816 1247 2892 1312 ὡς
2939 1245 3033 1302 οὖν
3062 1248 3226 1311 αὐτὸς
3256 1249 3473 1301 πάντων
3512 1249 3700 1319 ὑμῶν,

2091 1337 2235 1393 οὕτω
2262 1340 2357 1393 καὶ
2386 1342 2543 1411 ὑμεῖς
2579 1341 2689 1394 τῶν
2733 1342 2835 1410 ὑφ’
2882 1341 3026 1411 ὑμᾶς
3074 1339 3300 1393 λαῖκῶν.
3334 1339 3425 1410 Μὴ
3454 1340 3567 1411 γὰρ
3611 1341 3701 1393 νό-

2094 1432 2216 1501 μιζε
2238 1432 2372 1503 (70),
2392 1433 2474 1486 ὅτι
2493 1433 2716 1505 εὐχερὲς
2744 1433 2778 1504 ἢ
2811 1432 3043 1505 ἐλαφρὸν
3072 1432 3291 1504 φορτίον
3318 1432 3468 1486 ἐστὶν
3495 1435 3530 1504 ὴ
3566 1434 3698 1486 ὲπι-

2092 1525 2293 1594 σκοπή.
2324 1524 2447 1597 Χρὴ
2472 1522 2566 1579 οὖν
2600 1525 2677 1589 ὡς
2703 1525 2765 1579 τὸ
2798 1524 2963 1597 βάρος
2991 1524 3207 1597 φέρετε,
3236 1524 3410 1588 οὕτως
3451 1526 3548 1577 καὶ
3582 1525 3700 1579 τῶν

2089 1615 2320 1687 καρπῶν
2352 1615 2601 1688 πρώτους
2633 1617 3093 1689 μεταλαμϐάνειν,
3122 1617 3217 1671 xal.
3261 1619 3376 1680 τοῖς
3411 1616 3699 1687 δεομένοις

388 1702 589 1772 poterit
621 1701 833 1757 seduci.
860 1701 1091 1772 Oportet
1121 1700 1307 1771 itaque
1331 1716 1428 1756 eos
1446 1741 1463 1767 ,
1486 1699 1581 1771 qui
1611 1698 1875 1755 Ecclesia:
1902 1716 1987 1756 as-

2093 1708 2449 1777 μεταδιδόναι,
2480 1710 2557 1774 ὡς
2598 1709 2757 1778 λόγον
2790 1708 3082 1780 ὑφέξοντες
3119 1708 3199 1780 τῷ
3226 1708 3698 1781 ἀπαραλογίστως

387 1794 549 1851 siduo
571 1793 918 1861 incumbunt,
949 1808 1014 1849 ex
1044 1793 1309 1849 Ecclesiae
1339 1793 1498 1850 bonis
1527 1792 1751 1858 nutriri,
1781 1792 1983 1863 quippe

2087 1800 2231 1871 ὑμᾶς
2254 1801 2498 1871 μέλλοντι
2528 1777 2880 1871 λογιστεύειν.
2926 1805 3018 1856 Δεῖ
3042 1777 3306 1874 73:91:00;
3456 1800 3696 1872 Ἐκκλη-

387 1887 729 1952 sacerdotes,
770 1887 989 1951 levitas,
1021 1886 1309 1958 praesides,
1356 1884 1453 1941 Dei
1485 1886 1806 1952 ministros;
1837 1886 1982 1941 sicut

385 1981 442 2033 in
476 1977 851 2035 Numerorum
881 1978 1027 2035 libro
1056 1978 1125 2034 de
1156 1977 1544 2035 sacerdotibus
1578 1977 1845 2049 scriptum
1892 1994 1980 2034 re-

382 2072 618 2144 peritur.
650 2092 670 2127 ι
712 2074 779 2127 Ει
809 2073 949 2128 dixit
974 2072 1243 2129 Dominus
1267 2072 1336 2126 ad
1358 2073 1634 2127 Aaronem
1678 2072 1804 2139 :Tu,
1834 2079 1888 2127 et
1925 2072 1983 2127 ll-

382 2166 441 2220 lii
467 2165 570 2233 tui,
599 2173 655 2221 et
686 2166 885 2222 domus
914 2166 1095 2237 patria
1132 2175 1248 2230 tua,
1281 2166 1568 2236 accipietis
1603 2174 1823 2235 peccata
1848 2179 1979 2220 san-

380 2260 604 2326 ctuarii,
634 2266 688 2315 et
719 2260 1013 2316 sacerdotii
1042 2259 1238 2316 vestri.
1274 2258 1411 2315 Ecce
1440 2257 1565 2313 dedi
1595 2259 1753 2315 vobis
1791 2266 1980 2314 custo-

379 2351 526 2407 diam
548 2354 913 2422 primitiarum
934 2370 950 2419 ;
975 2352 1043 2409 de
1062 2352 1321 2409 omnibus
1342 2368 1462 2423 qua:
1482 2351 1822 2408 sanctiﬁcata
1848 2360 1978 2408 sunt

379 2443 514 2498 mihi
545 2459 575 2498 a
606 2444 732 2500 ﬁliis
760 2445 953 2510 Israel,
998 2444 1098 2499 tibi
1128 2444 1255 2502 dedi
1285 2460 1351 2501 ea
1377 2487 1392 2513 ,
1426 2446 1480 2499 in
1517 2446 1806 2512 honorem,
1835 2455 1889 2502 et
1920 2446 1976 2500 Ii-

379 2537 471 2593 liis
500 2537 611 2594 tuis
636 2546 759 2608 post
784 2547 856 2603 te,
888 2538 1192 2609 legitimum
1219 2540 1635 2609 sempiternum.
1660 2538 1725 2593 Et
1743 2540 1846 2594 hoc
1868 2540 1976 2596 erit

376 2631 535 2686 vobis
560 2630 629 2687 de
662 2632 1047 2697 sanctiﬁcatis,
1078 2630 1147 2687 de
1172 2631 1569 2697 oblationibus,
1603 2640 1657 2686 et
1701 2632 1767 2687 de
1789 2647 1977 2687 mune-

377 2724 533 2787 ribus
558 2764 575 2791 ,
617 2734 673 2779 et
702 2724 771 2779 de
802 2725 1059 2780 omnibus
1100 2724 1394 2780 sacriﬁciis
1418 2765 1435 2791 ,
1485 2732 1539 2780 et
1587 2724 1654 2779 de
1684 2722 1835 2778 omni
1876 2724 1971 2779 de-

374 2816 548 2881 licto,
601 2827 653 2873 et
701 2816 770 2872 de
823 2816 1068 2885 peccatis
1125 2832 1139 2868 :
1200 2825 1255 2873 et
1326 2831 1668 2887 quwcunque
1731 2815 1970 2871 reddunt

374 2910 511 2964 mihi
574 2910 642 2966 de
718 2910 976 2966 omnibus
1031 2909 1283 2974 sanctis,
1343 2908 1439 2963 tibi
1494 2915 1659 2963 erunt
1715 2922 1781 2963 ac
1842 2907 1970 2963 ﬁliis

344 3004 506 3059 -tuis.
562 3001 622 3057 In
681 3013 873 3060 sancto
919 3002 1222 3058 comedetis
1247 3002 1341 3057 illa
1364 3002 1431 3055 ".
1458 3020 1476 3053 ι
1506 3000 1572 3056 Ει
1601 3001 1767 3073 paulo
1793 3009 1921 3072 post
1948 3017 1962 3054 :

377 3114 396 3147 ι
428 3094 637 3151 Omnes
689 3096 947 3171 primitiae
1003 3096 1111 3151 olei
1152 3135 1169 3160 ,
1218 3102 1273 3151 et
1335 3094 1446 3149 vini
1481 3136 1495 3159 ,
1538 3102 1596 3150 et
1660 3093 1960 3160 frumenti,

369 3204 713 3257 qumounque
760 3187 1010 3244 dederint
1041 3187 1272 3241 Domino
1292 3227 1307 3253 ,
1350 3186 1448 3241 tibi
1479 3186 1603 3241 dedi
1632 3201 1696 3241 ea
1724 3202 1736 3237 :
1765 3202 1960 3242 omnes

370 3282 642 3351 primitias
670 3281 885 3353 frugum
920 3281 1020 3336 tibi
1060 3280 1207 3337 dedi.
1243 3279 1341 3337 His
1374 3280 1585 3334 accedit
1614 3280 1795 3335 omnis
1825 3295 1961 3335 con-

368 3376 631 3431 sccratio.
679 3374 951 3430 Prmterea
998 3390 1162 3429 omne
1211 3374 1453 3429 hominis
1482 3388 1547 3427 ac
1580 3372 1809 3443 pecudis
1844 3372 1959 3428 sive
1990 3428 1997 3445 ,

366 3469 587 3523 munda:
602 3469 718 3524 sive
740 3468 1039 3525 immunda:
1060 3467 1487 3539 primogenitum
1512 3486 1525 3521 :
1548 3467 1677 3521 item
1695 3466 1953 3529 victimm,

364 3577 664 3633 earumque
698 3562 1078 3632 pectusculum
1131 3576 1195 3615 ac
1244 3561 1530 3615 brachium
1564 3558 1847 3626 dextrum,
1889 3558 1958 3613 ad

368 3655 686 3711 sacerdotes
716 3655 1016 3726 pertinent,
1048 3662 1105 3708 et
1127 3652 1196 3708 ad
1226 3654 1422 3709 levitas
1454 3653 1728 3723 reliquos,
1761 3667 1953 3707 eorum

367 3749 678 3803 comites".
713 3766 731 3799 ι
766 3748 967 3803 Audite
997 3747 1113 3801 ἱ]ωο
1140 3761 1241 3801 vos
1261 3745 1426 3801 etiam
1455 3745 1619 3809 laici,
1652 3744 1827 3799 electa
1858 3742 1954 3799 Dei

367 3838 636 3895 Ecclesia.
667 3838 803 3894 Nam
836 3848 891 3894 et
920 3839 1070 3909 prior
1093 3839 1353 3910 populus,
1391 3856 1409 3889 ι
1445 3837 1538 3892 Dei
1566 3838 1821 3907 populus,
1855 3856 1873 3888 ι
1900 3846 1955 3893 et

371 3951 389 3981 ι
421 3946 556 4001 gens
581 3938 771 3987 sancta
788 3932 834 3963 ”
864 3950 883 3982 ι
918 3932 1237 3986 vocabatur.
1283 3930 1348 3983 Et
1379 3946 1476 3985 vos
1505 3930 1671 4001 igitur
1700 3932 1834 3987 estis
1863 3948 1951 3987 sa—

365 4031 655 4080 crosancta
686 4022 780 4079 Dei
812 4023 1059 4079 Ecclesia
1079 4024 1393 4094 conscripta
1424 4025 1478 4077 in
1504 4025 1681 4088 cmlis,
1726 4043 1744 4075 ι
1771 4027 1952 4096 regale

367 4117 760 4182 sacerdotium,
786 4133 921 4188 gens
957 4124 1173 4180 sancta,
1193 4116 1429 4188 populus
1446 4116 1827 4187 acquisitionis
1844 4118 1910 4183 “,
1924 4136 1943 4169 ι

366 4225 570 4282 sponsa
594 4219 790 4265 ornata
842 4208 1074 4265 Domino
1099 4207 1230 4264 Deo.
1272 4207 1515 4264 Ecclesia
1550 4224 1781 4281 magna,
1839 4209 1947 4264 Ec-

363 4303 534 4359 clesia
562 4303 739 4361 ﬁdelis
760 4344 774 4369 ,
806 4303 1035 4358 auribus
1058 4302 1281 4373 percipe
1317 4317 1438 4372 qua:
1466 4302 1621 4371 prius
1652 4301 1799 4357 dicta
1831 4301 1947 4357 fue-

362 4404 531 4451 runt:
578 4395 907 4467 exceptitia,
957 4403 1011 4450 et
1041 4392 1301 4459 declina},
1336 4402 1391 4449 et
1423 4394 1679 4464 primitiae
1720 4394 1946 4450 Christo

2087 1892 2179 1964 σία
2208 1894 2695 1967 προσεδρεύοντας,
2728 1895 2792 1949 ὲκ
2818 1894 2921 1966 τῆς
2950 1894 3245 1966 ἐκκλησίας
3273 1893 3692 1965 διατρέφεσθαι,

2084 1983 2181 2037 ac;
2227 1985 2411 2057 ἱερεῖς,
2460 1982 2714 2050 λευὶτας,
2759 1987 3076 2059 προέδρους,
3118 1985 3465 2058 λειτουργοὺς
3505 1985 3686 2039 Θεοῦ·

2082 2076 2265 2142 καθὼς
2293 2080 2351 2131 ὲν
2379 2078 2545 2149 βίϐλῳ
2559 2079 2667 2133 τῶν
2683 2078 2956 2152 Ἀριθμῶν
2981 2080 3289 2151 γέγραπται
3317 2080 3445 2149 περὶ
3472 2080 3585 2132 τῶν
3610 2080 3690 2131 ἱε-

2084 2168 2243 2240 ρέων·
2267 2188 2285 2223 ι
2322 2171 2432 2224 Kal.
2458 2166 2579 2224 εἷπε
2609 2172 2813 2244 Κύριος
2838 2171 2977 2245 πρὸς
3006 2172 3233 2245 Ἀαρών⁸
3266 2172 3361 2237 Σὺ,
3382 2172 3480 2226 καὶ
3510 2173 3557 2224 oi
3576 2172 3689 2227 υἱοί

2083 2277 2197 2325 σου,
2229 2262 2323 2315 καὶ
2367 2264 2396 2315 ὁ
2423 2258 2572 2327 οἱκος
2599 2266 2836 2336 πατριᾶς
2876 2282 2971 2319 σου
2999 2264 3232 2337 λήψεσθε
3273 2264 3375 2328 τάς
3402 2264 3688 2336 ἁμαρτίας

2079 2354 2187 2407 τῶν
2213 2355 2406 2423 ἁγίων,
2439 2354 2541 2425 τῆς
2574 2357 2846 2427 ἱερατείας
2892 2357 3067 2429 ὑμῶν.
3123 2356 3251 2411 Ἰδοὺ
3294 2355 3503 2410 δέδωκα
3547 2357 3685 2429 ὑμῖν

2076 2445 2176 2517 τὴν
2203 2446 2521 2520 διατήρησιν
2541 2448 2649 2501 τῶν
2678 2449 2964 2520 ἀπαρχῶν·
2996 2449 3106 2503 ἀπὸ
3135 2450 3354 2503 πάντων
3385 2449 3495 2502 τῶν
3524 2452 3683 2521 ἡγιαο

2079 2540 2290 2612 σμένων
2314 2558 2403 2611 μοι
2432 2541 2584 2613 παρά
2610 2541 2719 2595 τῶν
2747 2541 2880 2595 υἱῶν
2914 2542 3149 2614 Ἰσραὴλ,
3180 2543 3264 2596 σοὶ
3296 2541 3505 2595 δέδωκα
3533 2543 3681 2596 αὑτά

2075 2637 2155 2699 εἱς
2182 2635 2373 2706 γέρας,
2405 2635 2501 2689 καὶ
2541 2638 2655 2699 τοῖς
2695 2636 2832 2698 υἱοῖς
2863 2652 2956 2689 σου
2989 2634 3125 2706 μετά
3155 2635 3235 2697 σὲ,
3265 2634 3499 2705 νόμιμον
3541 2634 3679 2689 αἰῶ-

2073 2746 2203 2781 νιον.
2236 2728 2347 2781 Kal.
2374 2726 2532 2781 τοῦτο
2572 2727 2724 2781 ἔσται
2753 2728 2882 2799 ὑμῖν
2907 2726 3017 2781 ἀπὸ
3047 2727 3155 2781 τῶν
3198 2727 3569 2799 ἠγιασμένων,
3609 2728 3677 2780 ἐκ

2071 2819 2180 2874 τῶν
2199 2817 2611 2891 καρπωμάτων,
2643 2820 2738 2873 καὶ
2765 2819 2875 2874 ἀπὸ
2906 2819 3015 2873 τῶν
3040 2818 3248 2891 δώρων,
3279 2822 3375 2873 καὶ
3402 2820 3513 2873 ἀπὸ
3535 2820 3675 2875 πάν-

2070 2928 2180 2963 των
2200 2910 2312 2981 (Ἠ)
2327 2910 2435 2963 τῶν
2456 2910 2677 2975 θυσιῶν,
2696 2911 2792 2964 καὶ
2806 2911 2915 2964 ἀπὸ
2937 2911 3119 2981 πάσης
3135 2912 3539 2984 πλημμελείας,
3572 2917 3672 2968 καὶ

2070 3004 2198 3075 περὶ
2230 3002 2533 3075 ἁμαρτιῶν·
2565 3003 2661 3056 καὶ
2686 3003 2786 3056 ὅσα
2827 3003 3137 3056 ἀποδιδόασί
3170 3022 3258 3076 μοι
3299 3004 3409 3057 ἀπὸ
3447 3006 3672 3060 πάντων

2071 3097 2178 3151 τῶν
2206 3096 2398 3164 ἁγίων,
2427 3096 2510 3149 σοὶ
2540 3095 2693 3150 ἔσται
2722 3097 2817 3150 καὶ
2842 3100 2956 3161 τοῖς
2989 3098 3125 3160 υἱοῖς
3154 3114 3267 3150 σου.
3306 3098 3394 3150 Ἐν
3422 3098 3502 3169 τῷ
3524 3100 3672 3171 ἁγίῳ

2067 3187 2432 3259 φάγεσθεΠΞ)
2464 3186 2625 3241 αὐτά..
2665 3206 2684 3239 ι
2710 3188 2821 3240 Kal.
2850 3188 3157 3259 μετ’ὂλίγα’
3183 3208 3201 3241 ε
3240 3190 3396 3243 Πίσα
3436 3191 3670 3264 ἀπαρχὴ

2062 3281 2239 3334 ἐλαίου
2271 3280 2365 3334 καὶ
2392 3280 2537 3333 οῖνου
2580 3281 2676 3335 καὶ
2724 3280 2871 3333 σίτου
2894 3319 2909 3343 ,
2938 3281 3039 3333 ὃσα
3067 3280 3134 3335 ἂν
3160 3281 3291 3335 δῶσι
3319 3282 3543 3354 Κυρίῳ,
3576 3286 3667 3337 σοι

2060 3373 2267 3427 δέδωκα
2308 3373 2467 3428 αὑτάο
2512 3372 2608 3426 xal.
2633 3372 2703 3427 τὰ
2730 3376 3076 3445 πρωτογεννή
3086 3391 3229 3445 ματα
3257 3375 3436 3429 πάντα
3466 3394 3549 3429 σοι
3576 3378 3667 3431 δὲ-

2058 3467 2225 3521 δωκα.
2274 3466 2387 3521 Kal.
2415 3467 2665 3538 συνέρρει
2695 3466 2805 3519 πᾶν
2847 3465 3119 3536 ἀνάθεμα·
3154 3468 3262 3520 πᾶν
3304 3468 3665 3538 πρωτὰτοκον

2058 3558 2344 3631 ἀνθρώπου
2391 3560 2487 3613 καὶ
2514 3560 2743 3631 κτήνους
2784 3558 3026 3629 καθαροῦ
3055 3558 3149 3611 καὶ
3178 3559 3491 3631 ἀκαθάρτου
3518 3603 3534 3628 ,
3561 3563 3663 3614 καὶ

2058 3652 2396 3724 θυσίας(75),
2418 3652 2513 3705 καὶ
2542 3650 2852 3722 στηθηνίου,
2882 3652 2979 3705 καὶ
3010 3651 3294 3723 βραχίονος
3320 3651 3498 3719 δεξιοῦ
3543 3658 3662 3719 τοῖς

2061 3744 2261 3818 ἱερεῦσι
2302 3747 2675 3818 προσανήκει,
2720 3745 2815 3798 καὶ
2852 3748 2967 3809 τοῖς
2996 3745 3205 3809 λοιποῖς
3244 3749 3359 3809 τοῖς
3406 3749 3663 3818 παραμέ-

2056 3856 2234 3893 νουσιν
2263 3839 2446 3901 αὑτοῖς
2508 3834 2768 3899 λευίταις.
2806 3855 2826 3888 ι
2874 3836 3123 3890 Ἀκούετε
3152 3838 3323 3891 ταῦτα
3352 3841 3447 3892 καὶ
3494 3842 3659 3911 ὑμεῖς

2054 3932 2103 3983 ol
2138 3930 2335 3995 λαῖκοὶ,
2367 3929 2599 3999 ὲκλεκτὴ
2640 3928 2938 3999 Ἐκκλησία
2962 3928 3057 3982 τοῦ
3089 3928 3255 3985 Θεοῦ.
3289 3932 3404 3985 Ka‘t
3460 3933 3574 4005 γὰρ
3622 3936 3653 3987 ὁ

2052 4024 2178 4087 λαὸς
2207 4023 2468 4095 πρότερον
2501 4041 2521 4075 ι
2543 4022 2677 4075 Θεοῦ
2719 4021 2848 4086 λαὸς
2890 4022 2986 4075 καὶ
3022 4022 3169 4087 ἔθνος
3201 4024 3355 4092 ἆγιον
3380 4046 3398 4078 ι
3432 4026 3655 4098 ὠνομά-

2052 4117 2192 4181 ζετο·
2225 4117 2317 4170 καὶ
2347 4116 2505 4186 ὑμεῖς
2532 4112 2625 4169 οὖν
2654 4116 2777 4167 ἐστε
2807 4113 2937 4183 ἀγία
2963 4114 3056 4167 τοῦ
3084 4115 3219 4168 Θεοῦ
3253 4116 3375 4187 ἱερά
3419 4119 3653 4190 Ἐκκλη-

2052 4209 2142 4262 σία
2159 4207 2627 4279 ἀπογεγραμμένη
2648 4208 2705 4259 ὲν
2724 4204 3270 4278 οὐρανῷ,σβασίλειον
3320 4210 3648 4282 ἱεράτευμα,

2050 4300 2199 4363 ἔθνος
2226 4300 2399 4368 ἆγιον,
2427 4299 2660 4361 λαὸςέἱς
2691 4297 3297 4370 περιποίησιν,›νὺμφη
3365 4303 3622 4356 κεχαλλω
3642 4332 3655 4341 .

2049 4392 2286 4463 πισμένη
2316 4392 2505 4462 Κυρίῳ
2531 4390 2610 4461 τῷ
2636 4389 2775 4460 Θεῷ.
2805 4388 3099 4459 Ἐκκλησία
3132 4392 3366 4462 μεγάλη,
3411 4394 3649 4464 Ἐκκλη-

366 4490 616 4563 pontillci
646 4498 701 4545 et
730 4488 1004 4544 ministris
1024 4487 1146 4557 ejus
1174 4504 1186 4537 :
1218 4486 1445 4541 decimae
1473 4487 1754 4551 salutaris,
1795 4489 1945 4557 prin-
1976 4480 1987 4537 l

2072 4484 2143 4537 ςία
2170 4484 2338 4554 πιστὴ
2362 4525 2377 4549 ,
2405 4482 2442 4536 ἀ
2471 4483 2734 4555 πρότερον
2762 4481 2995 4553 ἐρρέθη,
3027 4480 3122 4535 νῦν
3166 4483 3445 4548 ὲνωτίζου·
3478 4486 3648 4557 ἀφαι-

359 4581 564 4652 cipium
616 4581 857 4636 nominis
886 4578 1039 4635 Iesu.
1069 4577 1236 4643 Audi,
1267 4593 1426 4633 sacra
1454 4579 1724 4633 catholica
1756 4578 1944 4635 Eccle-

360 4676 462 4743 sia,
492 4690 613 4746 qua:
635 4676 823 4730 decem
848 4673 972 4728 illas
1003 4672 1192 4743 plagas
1212 4668 1477 4741 cﬂ‘ugisti,
1508 4679 1562 4725 et
1583 4670 1770 4726 decem
1817 4671 1941 4728 illos

360 4783 643 4824 sermones
670 4782 767 4823 seu
793 4766 1125 4835 Decalogum
1166 4763 1449 4833 accepisti,
1476 4773 1531 4819 et
1585 4762 1758 4834 legem
1792 4764 1937 4819 didi-

2054 4578 2263 4648 ρέματα
2281 4618 2296 4643 ,
2327 4575 2423 4628 καὶ
2449 4574 2674 4627 δεκάται
2693 4615 2709 4641 ,
2737 4573 2983 4644 ἀπαρχαὶ
3009 4572 3090 4643 τῷ
3129 4574 3379 4647 ἀρχιερεῖ
3420 4579 3647 4651 Χριστῷ

2050 4671 2144 4724 καὶ
2169 4672 2281 4732 τοῖς
2310 4665 2715 4738 λειτουργοῦσιν
2743 4665 3155 4735 αὺτῴ,δεκάται
3186 4669 3482 4739 σωτηρίου,
3500 4671 3645 4744 ἁρχὴ

2043 4764 2305 4835 ὀνόματος
2321 4760 2494 4833 Ἰησοῦ
2523 4759 2657 4831 (74).
2694 4761 2914 4823 Ἄκουε,
2949 4758 3069 4830 ἱερά
3098 4760 3364 4835 καθολικὴ
3408 4764 3641 4837 Ἐκκλη-

428 4882 473 4913 ⁸⁹
513 4881 575 4936 L.
626 4881 713 4943 Ὡς
742 4881 933 4941 αὑτάς.
1004 4878 1051 4909 ⁹⁰
1092 4878 1163 4933 Is.
1198 4892 1320 4943 Lm,
1347 4876 1521 4944 4,12.
1595 4877 1640 4907 ³⁸
1684 4874 1849 4933 Num.
1875 4892 1986 4932 xvu

2072 4878 2118 4939 l,
2154 4876 2208 4929 8.
2285 4877 2330 4909 ³³
2365 4873 2502 4929 Ibid.
2539 4872 2625 4929 12.
2705 4873 2752 4905 ’³
2781 4871 2957 4927 Exod.
3005 4888 3120 4937 xxx,
3150 4873 3208 4939 5,
3241 4873 3297 4929 6.
3375 4876 3425 4909 ’δ
3467 4878 3643 4937 Hebr.

359 4967 458 5020 xu,
486 4952 587 5019 25;
609 4952 630 5006 I
653 4950 771 5006 Pet.
806 4966 869 5017 II,
895 4950 948 5005 9.

424 5185 534 5258 (69)
566 5186 885 5258 Ὡσαύτως.
912 5184 1058 5258 Bene
1080 5181 1639 5258 eonje_cit_(_lot_ele_rius
1660 5182 1735 5244 ὡς
1755 5182 1937 5245 αὑτός.

358 5251 450 5314 Sic
469 5251 615 5311 enim
639 5256 837 5326 legitur
861 5255 913 5308 in
948 5254 1271 5326 alterocod.
1301 5251 1636 5326 Yind.__C0'r.

427 5326 540 5398 (70)
567 5327 664 5395 Μὴ
694 5321 807 5396 Ῠὰρ
835 5324 1049 5395 νόμιζε.
1084 5323 1231 5379 Idem
1254 5323 1329 5395 μὴ
1346 5321 1617 5392 νομίζετε,
1644 5338 1755 5377 nou
1778 5324 1939 5379 male.

352 5398 503 5453 Insu.

445 5466 536 5522 7i)
564 5466 829 5522 Πάντων.
862 5465 1025 5521 Deest
1049 5466 1105 5519 in
1136 5465 1308 5519 altero
1336 5480 1441 5520 ms.
1477 5464 1641 5518 Vind.
1683 5464 1761 5517 In.

445 5471 506 5520 7i
564 5471 829 5522 Πάντων.
863 5471 1025 5521 Deest
1049 5471 1105 5519 in
1136 5471 1308 5519 altero
1336 5480 1441 5520 ms.
1480 5471 1641 5518 Vind.
1686 5471 1761 5517 In.

420 5471 536 5607 ίγεζ
565 5536 850 5606 may-eoos.
900 5537 1049 5607 Idem
1080 5536 1245 5592 habet
1272 5534 1567 5605 φάγεσθαι,
1604 5536 1709 5590 hoc
1744 5544 1850 5599 cst,
1884 5544 1945 5587 ut

350 5603 690 5660 remetiuntur
713 5625 745 5660 a
766 5608 929 5662 vobis.
965 5603 1047 5657 ID.

424 5677 538 5747 (73)
576 5677 687 5729 Kal
714 5678 949 5743 θυσίας.
991 5678 1109 5733 Νοη
1142 5678 1259 5732 sine
1291 5692 1455 5747 causa
1486 5676 1679 5732 Photio
1708 5677 1975 5730 critico-7'

351 5761 472 5799 rum
520 5746 758 5803 maxime
827 5749 1111 5821 displicuit
1166 5746 1611 5804 Constitutionum
1669 5747 1929 5819 phrasis,

1668 5060 2036 5117 VARIURUM
2077 5058 2312 5115 NOTAE.

2046 5177 2451 5248 dVQXOXODOOl-qr
2496 5177 2733 5248 aliisque
2781 5176 2929 5233 vitiis
2978 5178 3253 5234 sermonis
3320 5177 3633 5233 abundans.

2044 5250 2409 5317 Quamobrem
2440 5247 2529 5302 hic
2557 5247 2785 5304 coaetus
2818 5264 2941 5305 sum
2971 5265 3081 5303 non
3113 5256 3224 5302 tam
3247 5249 3319 5303 ad
3336 5250 3511 5303 verba
3562 5262 3641 5302 at-

2042 5322 2299 5383 tendere,
2338 5334 2503 5389 quam
2542 5318 2611 5373 ad
2641 5335 2888 5383 sensum,
2924 5327 2980 5373 et
3012 5318 3083 5373 ad
3116 5325 3326 5373 textum
3361 5319 3640 5375 Numero-

2047 5408 2209 5456 rum,
2243 5389 2337 5460 qui
2376 5389 2607 5458 carptim
2639 5390 2863 5445 citatur.
2902 5389 3083 5458 Atque
3123 5390 3291 5444 simili
3336 5390 3506 5445 modo
3556 5390 3639 5443 fa-

2046 5463 2304 5589 giendum
2352 5476 2497 5531 sarpe
2535 5460 2638 5515 fuit
2690 5460 3086 5530 interpretibus
3131 5461 3365 5530 hujusce
3420 5461 3634 5532 operis.

2079 5546 2190 5587 .or.

2079 5546 2190 5587 ξοτ.

2114 5603 2227 5675 (74)
2258 5602 2437 5673 Ἀρχὴ
2466 5602 2757 5675 ὀνᾴματος
2788 5602 3025 5675 μηροῦ.
3046 5600 3302 5675 Forsitan
3332 5601 3636 5675 istehlocus

2043 5671 2389 5730 occasionem
2440 5673 2734 5742 praebuerit
2782 5671 2840 5728 S.
2875 5672 3183 5742 Epiphanio
3229 5674 3304 5726 ita
3344 5673 3631 5727 scribendi

2045 5747 2237 5803 haeresi
2290 5748 2343 5815 8,
2393 5741 2634 5802 sectione
2678 5743 2714 5799 6
2740 5763 2754 5801 :
2781 5745 2891 5799 Καὶ
2938 5741 3005 5817 ἦν
3054 5744 3171 5796 ἐκ;ῖ
3216 5743 3631 5807 suasua:ng
