  <div class='ocr_page' id='page_1' title='image "/cluster/home/n/w/nwhite01/storage/ocr_20150623/1/nnc1.0022106693/363.png"; bbox 0 0 3884 6180; ppageno 0'>
   <div class='ocr_carea' id='block_1_1' title="bbox 400 285 509 341">
    <p class='ocr_par' dir='ltr' id='par_1_1' title="bbox 400 285 509 341">
     <span class='ocr_line' id='line_1_1' title="bbox 400 285 509 341; baseline 0.028 -3"><span class='ocrx_word' id='word_1_1' title='bbox 400 285 509 341; x_wconf 63' lang='grc' dir='ltr'><strong>(ἠῢ</strong></span> 
     </span>
    </p>
   </div>
   <div class='ocr_carea' id='block_1_2' title="bbox 1289 282 2843 346">
    <p class='ocr_par' dir='ltr' id='par_1_2' title="bbox 1289 282 2843 346">
     <span class='ocr_line' id='line_1_2' title="bbox 1289 282 2843 346; baseline 0.002 -6"><span class='ocrx_word' id='word_1_2' title='bbox 1289 282 1349 340; x_wconf 80' lang='lat' dir='ltr'><strong>S.</strong></span> <span class='ocrx_word' id='word_1_3' title='bbox 1390 282 1793 341; x_wconf 77' lang='lat' dir='ltr'><strong>CLEMENTIS</strong></span> <span class='ocrx_word' id='word_1_4' title='bbox 1826 284 1845 339; x_wconf 88' lang='lat' dir='ltr'><strong>l</strong></span> <span class='ocrx_word' id='word_1_5' title='bbox 1879 284 2047 343; x_wconf 75' lang='lat' dir='ltr'><strong>ROM.</strong></span> <span class='ocrx_word' id='word_1_6' title='bbox 2084 286 2290 343; x_wconf 78' lang='lat' dir='ltr'><strong>PONT.</strong></span> <span class='ocrx_word' id='word_1_7' title='bbox 2331 285 2564 345; x_wconf 72' lang='lat' dir='ltr'><strong>OPERA</strong></span> <span class='ocrx_word' id='word_1_8' title='bbox 2612 286 2843 346; x_wconf 73' lang='lat' dir='ltr'><strong>DUBIA.</strong></span> 
     </span>
    </p>
   </div>
   <div class='ocr_carea' id='block_1_3' title="bbox 3591 288 3714 346">
    <p class='ocr_par' dir='ltr' id='par_1_3' title="bbox 3591 288 3714 346">
     <span class='ocr_line' id='line_1_3' title="bbox 3591 288 3714 346; baseline 0 0"><span class='ocrx_word' id='word_1_9' title='bbox 3591 288 3714 346; x_wconf 73' lang='grc'><strong>661</strong></span> 
     </span>
    </p>
   </div>
   <div class='ocr_carea' id='block_1_4' title="bbox 397 402 1979 479">
    <p class='ocr_par' dir='ltr' id='par_1_4' title="bbox 397 402 1979 475">
     <span class='ocr_line' id='line_1_4' title="bbox 397 402 1979 475; baseline -0.006 -11"><span class='ocrx_word' id='word_1_10' title='bbox 397 407 646 464; x_wconf 86' lang='lat' dir='ltr'><strong>omnium</strong></span> <span class='ocrx_word' id='word_1_11' title='bbox 682 412 936 462; x_wconf 87' lang='lat' dir='ltr'><strong>nostrum</strong></span> <span class='ocrx_word' id='word_1_12' title='bbox 967 410 1195 475; x_wconf 83' lang='lat' dir='ltr'><strong>peccata</strong></span> <span class='ocrx_word' id='word_1_13' title='bbox 1221 403 1279 458; x_wconf 91' lang='lat' dir='ltr'><strong>in</strong></span> <span class='ocrx_word' id='word_1_14' title='bbox 1305 404 1457 475; x_wconf 77' lang='lat' dir='ltr'><strong>ligno</strong></span> <span class='ocrx_word' id='word_1_15' title='bbox 1501 402 1689 459; x_wconf 86' lang='lat' dir='ltr'><strong>crucis</strong></span> <span class='ocrx_word' id='word_1_16' title='bbox 1721 402 1979 474; x_wconf 21' lang='lat' dir='ltr'><strong>portavit.</strong></span> 
     </span>
    </p>
   </div>
   <div class='ocr_carea' id='block_1_5' title="bbox 2056 402 3714 479">
    <p class='ocr_par' dir='ltr' id='par_1_5' title="bbox 2056 403 3714 479">
     <span class='ocr_line' id='line_1_5' title="bbox 2056 403 3714 479; baseline 0.002 -22"><span class='ocrx_word' id='word_1_17' title='bbox 2056 424 2071 465; x_wconf 60' lang='grc' dir='ltr'><strong>ι</strong></span> <span class='ocrx_word' id='word_1_18' title='bbox 2099 403 2434 477; x_wconf 86' lang='grc' dir='ltr'>καρποῦσθε.</span> <span class='ocrx_word' id='word_1_19' title='bbox 2463 406 2717 479; x_wconf 75' lang='grc' dir='ltr'>Μιμηταὶ.</span> <span class='ocrx_word' id='word_1_20' title='bbox 2742 406 2851 477; x_wconf 76' lang='grc' dir='ltr'>γάρ</span> <span class='ocrx_word' id='word_1_21' title='bbox 2879 406 3000 459; x_wconf 75' lang='grc' dir='ltr'>ἐστε</span> <span class='ocrx_word' id='word_1_22' title='bbox 3044 404 3282 479; x_wconf 85' lang='grc' dir='ltr'>Χριστοῦ</span> <span class='ocrx_word' id='word_1_23' title='bbox 3310 404 3406 459; x_wconf 91' lang='grc' dir='ltr'><strong>τοῦ</strong></span> <span class='ocrx_word' id='word_1_24' title='bbox 3451 408 3670 479; x_wconf 72' lang='grc' dir='ltr'>Κυρίου</span> <span class='ocrx_word' id='word_1_25' title='bbox 3695 427 3714 439; x_wconf 74' lang='grc' dir='ltr'><strong><em>ο</em></strong></span> 
     </span>
    </p>
   </div>
   <div class='ocr_carea' id='block_1_6' title="bbox 395 496 1989 568">
    <p class='ocr_par' dir='ltr' id='par_1_6' title="bbox 395 496 1989 568">
     <span class='ocr_line' id='line_1_6' title="bbox 395 496 1989 568; baseline -0.003 -12"><span class='ocrx_word' id='word_1_26' title='bbox 395 499 784 557; x_wconf 89' lang='lat' dir='ltr'><strong>immaculatus</strong></span> <span class='ocrx_word' id='word_1_27' title='bbox 804 512 904 568; x_wconf 90' lang='lat' dir='ltr'><strong>pro</strong></span> <span class='ocrx_word' id='word_1_28' title='bbox 933 496 1275 553; x_wconf 89' lang='lat' dir='ltr'><strong>merentibus</strong></span> <span class='ocrx_word' id='word_1_29' title='bbox 1305 496 1636 566; x_wconf 85' lang='lat' dir='ltr'><strong>supplicium</strong></span> <span class='ocrx_word' id='word_1_30' title='bbox 1667 496 1989 561; x_wconf 78' lang='lat' dir='ltr'><strong>cruciﬁxus;</strong></span> 
     </span>
    </p>
   </div>
   <div class='ocr_carea' id='block_1_7' title="bbox 2098 496 3714 571">
    <p class='ocr_par' dir='ltr' id='par_1_7' title="bbox 2098 496 3714 571">
     <span class='ocr_line' id='line_1_7' title="bbox 2098 496 3714 571; baseline 0.002 -22"><span class='ocrx_word' id='word_1_31' title='bbox 2098 498 2193 549; x_wconf 75' lang='grc' dir='ltr'>καὶ</span> <span class='ocrx_word' id='word_1_32' title='bbox 2220 496 2483 562; x_wconf 79' lang='grc' dir='ltr'><strong>ὡσαύτως</strong></span> <span class='ocrx_word' id='word_1_33' title='bbox 2506 498 2552 531; x_wconf 75' lang='grc'><strong>⁸³</strong></span> <span class='ocrx_word' id='word_1_34' title='bbox 2581 499 2692 571; x_wconf 82' lang='grc'><strong>(69)</strong></span> <span class='ocrx_word' id='word_1_35' title='bbox 2723 498 2941 553; x_wconf 83' lang='grc' dir='ltr'>πάντων</span> <span class='ocrx_word' id='word_1_36' title='bbox 2969 499 3068 562; x_wconf 88' lang='grc' dir='ltr'><strong>τάς</strong></span> <span class='ocrx_word' id='word_1_37' title='bbox 3089 499 3363 571; x_wconf 79' lang='grc' dir='ltr'>ἁμαρτίας</span> <span class='ocrx_word' id='word_1_38' title='bbox 3392 500 3714 569; x_wconf 71' lang='grc' dir='ltr'><strong>ἀνήνεγκεν</strong></span> 
     </span>
    </p>
   </div>
   <div class='ocr_carea' id='block_1_8' title="bbox 396 586 1979 663">
    <p class='ocr_par' dir='ltr' id='par_1_8' title="bbox 396 586 1979 660">
     <span class='ocr_line' id='line_1_8' title="bbox 396 586 1979 660; baseline -0.003 -13"><span class='ocrx_word' id='word_1_39' title='bbox 396 594 469 647; x_wconf 81' lang='lat' dir='ltr'><strong>ita</strong></span> <span class='ocrx_word' id='word_1_40' title='bbox 500 601 555 647; x_wconf 90' lang='lat' dir='ltr'><strong>et</strong></span> <span class='ocrx_word' id='word_1_41' title='bbox 582 606 683 647; x_wconf 82' lang='lat' dir='ltr'><strong>vos</strong></span> <span class='ocrx_word' id='word_1_42' title='bbox 713 590 888 660; x_wconf 88' lang='lat' dir='ltr'><strong>plebis</strong></span> <span class='ocrx_word' id='word_1_43' title='bbox 916 597 1143 659; x_wconf 89' lang='lat' dir='ltr'><strong>peccata</strong></span> <span class='ocrx_word' id='word_1_44' title='bbox 1172 587 1456 645; x_wconf 79' lang='lat' dir='ltr'><strong>vindicare</strong></span> <span class='ocrx_word' id='word_1_45' title='bbox 1486 596 1734 659; x_wconf 89' lang='lat' dir='ltr'><strong>oportet;</strong></span> <span class='ocrx_word' id='word_1_46' title='bbox 1767 603 1892 642; x_wconf 90' lang='lat' dir='ltr'><strong>cum</strong></span> <span class='ocrx_word' id='word_1_47' title='bbox 1924 586 1979 643; x_wconf 65' lang='lat' dir='ltr'><strong>de</strong></span> 
     </span>
    </p>
   </div>
   <div class='ocr_carea' id='block_1_9' title="bbox 2056 586 3717 663">
    <p class='ocr_par' dir='ltr' id='par_1_9' title="bbox 2093 588 3717 663">
     <span class='ocr_line' id='line_1_9' title="bbox 2093 588 3717 663; baseline 0.003 -22"><span class='ocrx_word' id='word_1_48' title='bbox 2093 588 2189 641; x_wconf 77' lang='grc' dir='ltr'><strong>ἐπὶ</strong></span> <span class='ocrx_word' id='word_1_49' title='bbox 2228 590 2291 643; x_wconf 84' lang='grc' dir='ltr'>τὸ</span> <span class='ocrx_word' id='word_1_50' title='bbox 2323 589 2499 656; x_wconf 74' lang='grc' dir='ltr'>ξύλον,</span> <span class='ocrx_word' id='word_1_51' title='bbox 2533 591 2866 663; x_wconf 73' lang='grc' dir='ltr'>παυρωθεὶς</span> <span class='ocrx_word' id='word_1_52' title='bbox 2893 593 2923 645; x_wconf 84' lang='grc' dir='ltr'>ὁ</span> <span class='ocrx_word' id='word_1_53' title='bbox 2950 592 3179 663; x_wconf 81' lang='grc' dir='ltr'><strong>ἄμωμος</strong></span> <span class='ocrx_word' id='word_1_54' title='bbox 3223 592 3361 663; x_wconf 79' lang='grc' dir='ltr'>ὑπὲρ</span> <span class='ocrx_word' id='word_1_55' title='bbox 3389 592 3503 645; x_wconf 88' lang='grc' dir='ltr'><strong>τῶν</strong></span> <span class='ocrx_word' id='word_1_56' title='bbox 3536 594 3717 646; x_wconf 75' lang='grc' dir='ltr'>κολά-</span> 
     </span>
    </p>
   </div>
   <div class='ocr_carea' id='block_1_10' title="bbox 397 680 1988 752">
    <p class='ocr_par' dir='ltr' id='par_1_10' title="bbox 397 680 1988 752">
     <span class='ocr_line' id='line_1_10' title="bbox 397 680 1988 752; baseline -0.003 -15"><span class='ocrx_word' id='word_1_57' title='bbox 397 684 682 738; x_wconf 82' lang='lat' dir='ltr'><strong>Salvatore</strong></span> <span class='ocrx_word' id='word_1_58' title='bbox 707 683 762 736; x_wconf 91' lang='lat' dir='ltr'><strong>in</strong></span> <span class='ocrx_word' id='word_1_59' title='bbox 786 682 928 737; x_wconf 92' lang='lat' dir='ltr'><strong>lsaia</strong></span> <span class='ocrx_word' id='word_1_60' title='bbox 960 680 1168 735; x_wconf 89' lang='lat' dir='ltr'><strong>dictum</strong></span> <span class='ocrx_word' id='word_1_61' title='bbox 1197 681 1269 735; x_wconf 85' lang='lat' dir='ltr'><strong>sit</strong></span> <span class='ocrx_word' id='word_1_62' title='bbox 1304 699 1317 736; x_wconf 90' lang='lat'><strong>:</strong></span> <span class='ocrx_word' id='word_1_63' title='bbox 1356 699 1383 732; x_wconf 70' lang='grc' dir='ltr'><strong>ο</strong></span> <span class='ocrx_word' id='word_1_64' title='bbox 1412 680 1522 736; x_wconf 85' lang='lat' dir='ltr'><strong>iste</strong></span> <span class='ocrx_word' id='word_1_65' title='bbox 1550 689 1775 752; x_wconf 87' lang='lat' dir='ltr'><strong>peccata</strong></span> <span class='ocrx_word' id='word_1_66' title='bbox 1799 688 1988 735; x_wconf 90' lang='lat' dir='ltr'><strong>nostra</strong></span> 
     </span>
    </p>
   </div>
   <div class='ocr_carea' id='block_1_11' title="bbox 395 771 1990 848">
    <p class='ocr_par' dir='ltr' id='par_1_11' title="bbox 395 771 1990 848">
     <span class='ocr_line' id='line_1_11' title="bbox 395 771 1990 848; baseline -0.001 -19"><span class='ocrx_word' id='word_1_67' title='bbox 395 785 599 848; x_wconf 75' lang='lat' dir='ltr'><strong>portat,</strong></span> <span class='ocrx_word' id='word_1_68' title='bbox 633 784 687 832; x_wconf 89' lang='lat' dir='ltr'><strong>et</strong></span> <span class='ocrx_word' id='word_1_69' title='bbox 716 792 817 846; x_wconf 91' lang='lat' dir='ltr'><strong>pro</strong></span> <span class='ocrx_word' id='word_1_70' title='bbox 856 775 1018 830; x_wconf 90' lang='lat' dir='ltr'><strong>nobis</strong></span> <span class='ocrx_word' id='word_1_71' title='bbox 1051 774 1293 839; x_wconf 78' lang='lat' dir='ltr'><strong>dolet&quot;;</strong></span> <span class='ocrx_word' id='word_1_72' title='bbox 1332 793 1352 827; x_wconf 71' lang='grc' dir='ltr'><strong>ι</strong></span> <span class='ocrx_word' id='word_1_73' title='bbox 1390 784 1446 829; x_wconf 91' lang='lat' dir='ltr'><strong>et</strong></span> <span class='ocrx_word' id='word_1_74' title='bbox 1475 781 1633 844; x_wconf 84' lang='lat' dir='ltr'><strong>post:</strong></span> <span class='ocrx_word' id='word_1_75' title='bbox 1659 790 1677 823; x_wconf 76' lang='grc' dir='ltr'><strong>ι</strong></span> <span class='ocrx_word' id='word_1_76' title='bbox 1710 771 1831 843; x_wconf 91' lang='lat' dir='ltr'><strong>Ipse</strong></span> <span class='ocrx_word' id='word_1_77' title='bbox 1862 788 1990 842; x_wconf 88' lang='lat' dir='ltr'><strong>pec-</strong></span> 
     </span>
    </p>
   </div>
   <div class='ocr_carea' id='block_1_12' title="bbox 394 866 1985 937">
    <p class='ocr_par' dir='ltr' id='par_1_12' title="bbox 394 866 1985 937">
     <span class='ocr_line' id='line_1_12' title="bbox 394 866 1985 937; baseline -0.004 -13"><span class='ocrx_word' id='word_1_78' title='bbox 394 879 516 925; x_wconf 88' lang='lat' dir='ltr'><strong>cata</strong></span> <span class='ocrx_word' id='word_1_79' title='bbox 546 869 841 923; x_wconf 89' lang='lat' dir='ltr'><strong>multorum</strong></span> <span class='ocrx_word' id='word_1_80' title='bbox 890 867 1056 932; x_wconf 88' lang='lat' dir='ltr'><strong>tulit,</strong></span> <span class='ocrx_word' id='word_1_81' title='bbox 1090 876 1147 922; x_wconf 87' lang='lat' dir='ltr'><strong>et</strong></span> <span class='ocrx_word' id='word_1_82' title='bbox 1177 873 1402 937; x_wconf 89' lang='lat' dir='ltr'><strong>pr0pter</strong></span> <span class='ocrx_word' id='word_1_83' title='bbox 1438 866 1759 936; x_wconf 89' lang='lat' dir='ltr'><strong>iniquitates</strong></span> <span class='ocrx_word' id='word_1_84' title='bbox 1794 880 1985 919; x_wconf 88' lang='lat' dir='ltr'><strong>eorum</strong></span> 
     </span>
    </p>
   </div>
   <div class='ocr_carea' id='block_1_13' title="bbox 393 955 1982 1031">
    <p class='ocr_par' dir='ltr' id='par_1_13' title="bbox 393 955 1982 1031">
     <span class='ocr_line' id='line_1_13' title="bbox 393 955 1982 1031; baseline -0.002 -16"><span class='ocrx_word' id='word_1_85' title='bbox 393 963 628 1017; x_wconf 86' lang='lat' dir='ltr'><strong>traditus</strong></span> <span class='ocrx_word' id='word_1_86' title='bbox 659 970 762 1017; x_wconf 90' lang='lat' dir='ltr'><strong>est.</strong></span> <span class='ocrx_word' id='word_1_87' title='bbox 798 980 816 1013; x_wconf 73' lang='grc' dir='ltr'><strong>ι</strong></span> <span class='ocrx_word' id='word_1_88' title='bbox 852 959 920 1015; x_wconf 87' lang='lat' dir='ltr'><strong>Ut</strong></span> <span class='ocrx_word' id='word_1_89' title='bbox 949 975 1083 1031; x_wconf 82' lang='lat' dir='ltr'><strong>ergo</strong></span> <span class='ocrx_word' id='word_1_90' title='bbox 1117 974 1215 1015; x_wconf 88' lang='lat' dir='ltr'><strong>vos</strong></span> <span class='ocrx_word' id='word_1_91' title='bbox 1243 958 1397 1029; x_wconf 89' lang='lat' dir='ltr'><strong>scopi</strong></span> <span class='ocrx_word' id='word_1_92' title='bbox 1428 958 1584 1023; x_wconf 80' lang='lat' dir='ltr'><strong>estis.</strong></span> <span class='ocrx_word' id='word_1_93' title='bbox 1617 959 1691 1012; x_wconf 89' lang='lat' dir='ltr'><strong>ita</strong></span> <span class='ocrx_word' id='word_1_94' title='bbox 1725 964 1781 1011; x_wconf 92' lang='lat' dir='ltr'><strong>et</strong></span> <span class='ocrx_word' id='word_1_95' title='bbox 1820 955 1982 1012; x_wconf 87' lang='lat' dir='ltr'><strong>Chri-</strong></span> 
     </span>
    </p>
   </div>
   <div class='ocr_carea' id='block_1_14' title="bbox 389 1050 1982 1125">
    <p class='ocr_par' dir='ltr' id='par_1_14' title="bbox 389 1050 1982 1125">
     <span class='ocr_line' id='line_1_14' title="bbox 389 1050 1982 1125; baseline -0.005 -15"><span class='ocrx_word' id='word_1_96' title='bbox 389 1062 537 1110; x_wconf 85' lang='lat' dir='ltr'><strong>stum</strong></span> <span class='ocrx_word' id='word_1_97' title='bbox 578 1069 805 1125; x_wconf 88' lang='lat' dir='ltr'><strong>scopum</strong></span> <span class='ocrx_word' id='word_1_98' title='bbox 850 1053 1103 1119; x_wconf 83' lang='lat' dir='ltr'><strong>habetis;</strong></span> <span class='ocrx_word' id='word_1_99' title='bbox 1135 1060 1191 1109; x_wconf 88' lang='lat' dir='ltr'><strong>et</strong></span> <span class='ocrx_word' id='word_1_100' title='bbox 1230 1059 1291 1106; x_wconf 92' lang='lat' dir='ltr'><strong>ut</strong></span> <span class='ocrx_word' id='word_1_101' title='bbox 1336 1052 1427 1107; x_wconf 92' lang='lat' dir='ltr'><strong>illc</strong></span> <span class='ocrx_word' id='word_1_102' title='bbox 1456 1050 1705 1106; x_wconf 88' lang='lat' dir='ltr'><strong>omnium</strong></span> <span class='ocrx_word' id='word_1_103' title='bbox 1738 1056 1982 1104; x_wconf 91' lang='lat' dir='ltr'><strong>vestrum</strong></span> 
     </span>
    </p>
   </div>
   <div class='ocr_carea' id='block_1_15' title="bbox 386 1140 1978 1218">
    <p class='ocr_par' dir='ltr' id='par_1_15' title="bbox 386 1140 1978 1218">
     <span class='ocr_line' id='line_1_15' title="bbox 386 1140 1978 1218; baseline -0.005 -15"><span class='ocrx_word' id='word_1_104' title='bbox 386 1148 669 1218; x_wconf 77' lang='lat' dir='ltr'><strong>exemplar</strong></span> <span class='ocrx_word' id='word_1_105' title='bbox 691 1153 796 1214; x_wconf 88' lang='lat' dir='ltr'><strong>est,</strong></span> <span class='ocrx_word' id='word_1_106' title='bbox 827 1145 902 1200; x_wconf 89' lang='lat' dir='ltr'><strong>ita</strong></span> <span class='ocrx_word' id='word_1_107' title='bbox 930 1154 987 1201; x_wconf 91' lang='lat' dir='ltr'><strong>et</strong></span> <span class='ocrx_word' id='word_1_108' title='bbox 1013 1160 1114 1203; x_wconf 86' lang='lat' dir='ltr'><strong>vos</strong></span> <span class='ocrx_word' id='word_1_109' title='bbox 1153 1145 1424 1200; x_wconf 88' lang='lat' dir='ltr'><strong>laicorum</strong></span> <span class='ocrx_word' id='word_1_110' title='bbox 1457 1143 1663 1214; x_wconf 86' lang='lat' dir='ltr'><strong>quibus</strong></span> <span class='ocrx_word' id='word_1_111' title='bbox 1710 1140 1978 1211; x_wconf 73' lang='lat' dir='ltr'><strong>prmestis.</strong></span> 
     </span>
    </p>
   </div>
   <div class='ocr_carea' id='block_1_16' title="bbox 385 1234 1980 1307">
    <p class='ocr_par' dir='ltr' id='par_1_16' title="bbox 385 1234 1980 1307">
     <span class='ocr_line' id='line_1_16' title="bbox 385 1234 1980 1307; baseline -0.004 -13"><span class='ocrx_word' id='word_1_112' title='bbox 385 1239 507 1295; x_wconf 83' lang='lat' dir='ltr'><strong>Non</strong></span> <span class='ocrx_word' id='word_1_113' title='bbox 537 1239 684 1295; x_wconf 90' lang='lat' dir='ltr'><strong>enim</strong></span> <span class='ocrx_word' id='word_1_114' title='bbox 709 1237 1134 1295; x_wconf 80' lang='lat' dir='ltr'><strong>existimandum</strong></span> <span class='ocrx_word' id='word_1_115' title='bbox 1162 1244 1274 1301; x_wconf 89' lang='lat' dir='ltr'><strong>est,</strong></span> <span class='ocrx_word' id='word_1_116' title='bbox 1321 1236 1701 1307; x_wconf 85' lang='lat' dir='ltr'><strong>episcopatum</strong></span> <span class='ocrx_word' id='word_1_117' title='bbox 1734 1234 1893 1288; x_wconf 77' lang='lat' dir='ltr'><strong>facile</strong></span> <span class='ocrx_word' id='word_1_118' title='bbox 1915 1249 1980 1288; x_wconf 90' lang='lat' dir='ltr'><strong>ac</strong></span> 
     </span>
    </p>
   </div>
   <div class='ocr_carea' id='block_1_17' title="bbox 383 1328 1981 1401">
    <p class='ocr_par' dir='ltr' id='par_1_17' title="bbox 383 1328 1981 1401">
     <span class='ocr_line' id='line_1_17' title="bbox 383 1328 1981 1401; baseline -0.004 -14"><span class='ocrx_word' id='word_1_119' title='bbox 383 1334 503 1390; x_wconf 81' lang='lat' dir='ltr'><strong>leve</strong></span> <span class='ocrx_word' id='word_1_120' title='bbox 524 1348 665 1389; x_wconf 87' lang='lat' dir='ltr'><strong>onus</strong></span> <span class='ocrx_word' id='word_1_121' title='bbox 689 1348 833 1388; x_wconf 87' lang='lat' dir='ltr'><strong>esse.</strong></span> <span class='ocrx_word' id='word_1_122' title='bbox 865 1330 1139 1398; x_wconf 87' lang='lat' dir='ltr'><strong>Quocirca</strong></span> <span class='ocrx_word' id='word_1_123' title='bbox 1169 1335 1314 1386; x_wconf 86' lang='lat' dir='ltr'><strong>sicut</strong></span> <span class='ocrx_word' id='word_1_124' title='bbox 1336 1330 1553 1401; x_wconf 87' lang='lat' dir='ltr'><strong>pondus</strong></span> <span class='ocrx_word' id='word_1_125' title='bbox 1586 1328 1779 1393; x_wconf 78' lang='lat' dir='ltr'><strong>fertis;</strong></span> <span class='ocrx_word' id='word_1_126' title='bbox 1814 1329 1896 1383; x_wconf 90' lang='lat' dir='ltr'><strong>sic</strong></span> <span class='ocrx_word' id='word_1_127' title='bbox 1923 1335 1981 1383; x_wconf 88' lang='lat' dir='ltr'><strong>et</strong></span> 
     </span>
    </p>
   </div>
   <div class='ocr_carea' id='block_1_18' title="bbox 381 1423 1979 1494">
    <p class='ocr_par' dir='ltr' id='par_1_18' title="bbox 381 1423 1979 1494">
     <span class='ocr_line' id='line_1_18' title="bbox 381 1423 1979 1494; baseline -0.003 -14"><span class='ocrx_word' id='word_1_128' title='bbox 381 1426 538 1480; x_wconf 86' lang='lat' dir='ltr'><strong>decet</strong></span> <span class='ocrx_word' id='word_1_129' title='bbox 556 1434 615 1480; x_wconf 91' lang='lat' dir='ltr'><strong>ut</strong></span> <span class='ocrx_word' id='word_1_130' title='bbox 634 1425 803 1494; x_wconf 86' lang='lat' dir='ltr'><strong>primi</strong></span> <span class='ocrx_word' id='word_1_131' title='bbox 836 1423 1053 1480; x_wconf 82' lang='lat' dir='ltr'><strong>fructus</strong></span> <span class='ocrx_word' id='word_1_132' title='bbox 1091 1424 1435 1494; x_wconf 87' lang='lat' dir='ltr'><strong>percipiatis,</strong></span> <span class='ocrx_word' id='word_1_133' title='bbox 1484 1438 1625 1493; x_wconf 84' lang='lat' dir='ltr'><strong>quos</strong></span> <span class='ocrx_word' id='word_1_134' title='bbox 1663 1436 1789 1477; x_wconf 86' lang='lat' dir='ltr'><strong>cum</strong></span> <span class='ocrx_word' id='word_1_135' title='bbox 1820 1437 1979 1492; x_wconf 83' lang='lat' dir='ltr'><strong>egen-</strong></span> 
     </span>
    </p>
   </div>
   <div class='ocr_carea' id='block_1_19' title="bbox 380 1513 1976 1585">
    <p class='ocr_par' dir='ltr' id='par_1_19' title="bbox 380 1513 1976 1585">
     <span class='ocr_line' id='line_1_19' title="bbox 380 1513 1976 1585; baseline -0.002 -15"><span class='ocrx_word' id='word_1_136' title='bbox 380 1517 530 1572; x_wconf 84' lang='lat' dir='ltr'><strong>tibus</strong></span> <span class='ocrx_word' id='word_1_137' title='bbox 557 1516 1007 1583; x_wconf 89' lang='lat' dir='ltr'><strong>communicctis;</strong></span> <span class='ocrx_word' id='word_1_138' title='bbox 1056 1524 1246 1585; x_wconf 89' lang='lat' dir='ltr'><strong>utpote</strong></span> <span class='ocrx_word' id='word_1_139' title='bbox 1294 1516 1566 1570; x_wconf 88' lang='lat' dir='ltr'><strong>rationem</strong></span> <span class='ocrx_word' id='word_1_140' title='bbox 1611 1513 1880 1569; x_wconf 86' lang='lat' dir='ltr'><strong>reddituri</strong></span> <span class='ocrx_word' id='word_1_141' title='bbox 1924 1513 1976 1569; x_wconf 88' lang='lat' dir='ltr'><strong>ei</strong></span> 
     </span>
    </p>
   </div>
   <div class='ocr_carea' id='block_1_20' title="bbox 376 1605 1975 1682">
    <p class='ocr_par' dir='ltr' id='par_1_20' title="bbox 376 1605 1975 1682">
     <span class='ocr_line' id='line_1_20' title="bbox 376 1605 1975 1682; baseline -0.002 -17"><span class='ocrx_word' id='word_1_142' title='bbox 376 1611 475 1682; x_wconf 89' lang='lat' dir='ltr'><strong>qui</strong></span> <span class='ocrx_word' id='word_1_143' title='bbox 519 1625 647 1667; x_wconf 92' lang='lat' dir='ltr'><strong>cum</strong></span> <span class='ocrx_word' id='word_1_144' title='bbox 680 1609 1045 1665; x_wconf 85' lang='lat' dir='ltr'><strong>ratiocinator</strong></span> <span class='ocrx_word' id='word_1_145' title='bbox 1075 1615 1261 1663; x_wconf 83' lang='lat' dir='ltr'><strong>vester</strong></span> <span class='ocrx_word' id='word_1_146' title='bbox 1292 1606 1529 1673; x_wconf 89' lang='lat' dir='ltr'><strong>sederit,</strong></span> <span class='ocrx_word' id='word_1_147' title='bbox 1562 1605 1719 1661; x_wconf 86' lang='lat' dir='ltr'><strong>nulla</strong></span> <span class='ocrx_word' id='word_1_148' title='bbox 1760 1605 1975 1662; x_wconf 86' lang='lat' dir='ltr'><strong>ratione</strong></span> 
     </span>
    </p>
   </div>
   <div class='ocr_carea' id='block_1_21' title="bbox 376 1696 1977 1774">
    <p class='ocr_par' dir='ltr' id='par_1_21' title="bbox 376 1696 1977 1774">
     <span class='ocr_line' id='line_1_21' title="bbox 376 1696 1977 1774; baseline -0.004 -15"><span class='ocrx_word' id='word_1_149' title='bbox 376 1703 577 1774; x_wconf 79' lang='lat' dir='ltr'><strong>poterit</strong></span> <span class='ocrx_word' id='word_1_150' title='bbox 608 1701 822 1758; x_wconf 85' lang='lat' dir='ltr'><strong>seduci.</strong></span> <span class='ocrx_word' id='word_1_151' title='bbox 848 1701 1079 1772; x_wconf 80' lang='lat' dir='ltr'><strong>Oportet</strong></span> <span class='ocrx_word' id='word_1_152' title='bbox 1109 1700 1295 1770; x_wconf 87' lang='lat' dir='ltr'><strong>itaque</strong></span> <span class='ocrx_word' id='word_1_153' title='bbox 1319 1714 1416 1755; x_wconf 89' lang='lat' dir='ltr'><strong>eos</strong></span> <span class='ocrx_word' id='word_1_154' title='bbox 1434 1740 1451 1766; x_wconf 96' lang='lat'><strong>,</strong></span> <span class='ocrx_word' id='word_1_155' title='bbox 1474 1698 1568 1769; x_wconf 90' lang='lat' dir='ltr'><strong>qui</strong></span> <span class='ocrx_word' id='word_1_156' title='bbox 1598 1696 1863 1753; x_wconf 69' lang='lat' dir='ltr'><strong>Ecclesiae</strong></span> <span class='ocrx_word' id='word_1_157' title='bbox 1890 1714 1977 1753; x_wconf 83' lang='lat' dir='ltr'><strong>as-</strong></span> 
     </span>
    </p>
   </div>
   <div class='ocr_carea' id='block_1_22' title="bbox 2093 683 3716 757">
    <p class='ocr_par' dir='ltr' id='par_1_22' title="bbox 2093 683 3716 757">
     <span class='ocr_line' id='line_1_22' title="bbox 2093 683 3716 757; baseline 0.002 -23"><span class='ocrx_word' id='word_1_158' title='bbox 2093 698 2231 747; x_wconf 88' lang='grc' dir='ltr'>σεως</span> <span class='ocrx_word' id='word_1_159' title='bbox 2257 683 2446 749; x_wconf 81' lang='grc' dir='ltr'>ἀξίων,</span> <span class='ocrx_word' id='word_1_160' title='bbox 2473 683 2619 738; x_wconf 78' lang='grc' dir='ltr'>οὕτω</span> <span class='ocrx_word' id='word_1_161' title='bbox 2647 685 2743 739; x_wconf 74' lang='grc' dir='ltr'><strong>καὶ⁵</strong></span> <span class='ocrx_word' id='word_1_162' title='bbox 2789 686 2935 756; x_wconf 83' lang='grc' dir='ltr'>ὑμᾶς</span> <span class='ocrx_word' id='word_1_163' title='bbox 2973 683 3068 737; x_wconf 87' lang='grc' dir='ltr'><strong>τοῦ</strong></span> <span class='ocrx_word' id='word_1_164' title='bbox 3110 683 3243 738; x_wconf 85' lang='grc' dir='ltr'>λαοῦ</span> <span class='ocrx_word' id='word_1_165' title='bbox 3280 684 3379 748; x_wconf 83' lang='grc' dir='ltr'>τὰς</span> <span class='ocrx_word' id='word_1_166' title='bbox 3410 686 3716 757; x_wconf 75' lang='grc' dir='ltr'>ἁμαρτίας</span> 
     </span>
    </p>
   </div>
   <div class='ocr_carea' id='block_1_23' title="bbox 2090 773 3714 849">
    <p class='ocr_par' dir='ltr' id='par_1_23' title="bbox 2090 773 3714 849">
     <span class='ocr_line' id='line_1_23' title="bbox 2090 773 3714 849; baseline 0.002 -23"><span class='ocrx_word' id='word_1_167' title='bbox 2090 773 2523 839; x_wconf 83' lang='grc' dir='ltr'>ὲξιδιοποιεῖσθαι</span> <span class='ocrx_word' id='word_1_168' title='bbox 2551 778 2910 849; x_wconf 74' lang='grc' dir='ltr'>χρή-εἴρηται</span> <span class='ocrx_word' id='word_1_169' title='bbox 2939 776 3048 849; x_wconf 84' lang='grc' dir='ltr'><strong>γὰρ</strong></span> <span class='ocrx_word' id='word_1_170' title='bbox 3076 778 3205 848; x_wconf 77' lang='grc' dir='ltr'>περὶ</span> <span class='ocrx_word' id='word_1_171' title='bbox 3230 776 3324 830; x_wconf 89' lang='grc' dir='ltr'><strong>τοῦ</strong></span> <span class='ocrx_word' id='word_1_172' title='bbox 3347 777 3609 848; x_wconf 77' lang='grc' dir='ltr'><strong>Σωτῆρος</strong></span> <span class='ocrx_word' id='word_1_173' title='bbox 3638 780 3714 830; x_wconf 74' lang='grc' dir='ltr'>ἐν</span> 
     </span>
    </p>
   </div>
   <div class='ocr_carea' id='block_1_24' title="bbox 2100 864 3713 943">
    <p class='ocr_par' dir='ltr' id='par_1_24' title="bbox 2100 864 3713 943">
     <span class='ocr_line' id='line_1_24' title="bbox 2100 864 3713 943; baseline 0.001 -20"><span class='ocrx_word' id='word_1_174' title='bbox 2100 870 2321 943; x_wconf 71' lang='grc' dir='ltr'>Ἡσαΐᾳ,</span> <span class='ocrx_word' id='word_1_175' title='bbox 2351 872 2432 925; x_wconf 84' lang='grc' dir='ltr'>ὅτι</span> <span class='ocrx_word' id='word_1_176' title='bbox 2465 892 2484 924; x_wconf 82' lang='grc' dir='ltr'><strong>ι</strong></span> <span class='ocrx_word' id='word_1_177' title='bbox 2526 864 2697 936; x_wconf 75' lang='grc' dir='ltr'>Οὗτος</span> <span class='ocrx_word' id='word_1_178' title='bbox 2736 870 2835 935; x_wconf 79' lang='grc' dir='ltr'><strong>τὰς</strong></span> <span class='ocrx_word' id='word_1_179' title='bbox 2876 871 3153 942; x_wconf 85' lang='grc' dir='ltr'>ἁμαρτίας</span> <span class='ocrx_word' id='word_1_180' title='bbox 3178 869 3336 941; x_wconf 86' lang='grc' dir='ltr'>ἡμῶν</span> <span class='ocrx_word' id='word_1_181' title='bbox 3367 869 3552 942; x_wconf 79' lang='grc' dir='ltr'>φέρει,</span> <span class='ocrx_word' id='word_1_182' title='bbox 3598 870 3713 924; x_wconf 77' lang='grc' dir='ltr'>καὶ</span> 
     </span>
    </p>
   </div>
   <div class='ocr_carea' id='block_1_25' title="bbox 2086 962 3710 1037">
    <p class='ocr_par' dir='ltr' id='par_1_25' title="bbox 2086 962 3710 1037">
     <span class='ocr_line' id='line_1_25' title="bbox 2086 962 3710 1037; baseline -0.001 -20"><span class='ocrx_word' id='word_1_183' title='bbox 2086 965 2215 1037; x_wconf 78' lang='grc' dir='ltr'>περὶ</span> <span class='ocrx_word' id='word_1_184' title='bbox 2243 964 2400 1037; x_wconf 89' lang='grc' dir='ltr'>ήμῶν</span> <span class='ocrx_word' id='word_1_185' title='bbox 2430 965 2699 1019; x_wconf 75' lang='grc' dir='ltr'>ὀδυνᾶται.</span> <span class='ocrx_word' id='word_1_186' title='bbox 2742 982 2760 1016; x_wconf 75' lang='grc' dir='ltr'><strong>ι</strong></span> <span class='ocrx_word' id='word_1_187' title='bbox 2794 964 2904 1017; x_wconf 82' lang='grc' dir='ltr'><strong>Καὶ</strong></span> <span class='ocrx_word' id='word_1_188' title='bbox 2926 963 3105 1017; x_wconf 78' lang='grc' dir='ltr'>πάλιν·</span> <span class='ocrx_word' id='word_1_189' title='bbox 3144 980 3163 1014; x_wconf 80' lang='grc' dir='ltr'><strong>ι</strong></span> <span class='ocrx_word' id='word_1_190' title='bbox 3202 962 3374 1026; x_wconf 74' lang='grc' dir='ltr'>Αὐτὸς</span> <span class='ocrx_word' id='word_1_191' title='bbox 3407 962 3710 1035; x_wconf 81' lang='grc' dir='ltr'>ἁμαρτίας</span> 
     </span>
    </p>
   </div>
   <div class='ocr_carea' id='block_1_26' title="bbox 2085 1056 3708 1129">
    <p class='ocr_par' dir='ltr' id='par_1_26' title="bbox 2085 1056 3708 1129">
     <span class='ocr_line' id='line_1_26' title="bbox 2085 1056 3708 1129; baseline -0.002 -18"><span class='ocrx_word' id='word_1_192' title='bbox 2085 1057 2297 1111; x_wconf 83' lang='grc' dir='ltr'>πολλῶν</span> <span class='ocrx_word' id='word_1_193' title='bbox 2324 1059 2592 1129; x_wconf 85' lang='grc' dir='ltr'>ἀνήνεγκε</span> <span class='ocrx_word' id='word_1_194' title='bbox 2612 1097 2628 1121; x_wconf 94' lang='grc'><strong>,</strong></span> <span class='ocrx_word' id='word_1_195' title='bbox 2658 1058 2753 1111; x_wconf 79' lang='grc' dir='ltr'>καὶ</span> <span class='ocrx_word' id='word_1_196' title='bbox 2782 1057 2871 1111; x_wconf 74' lang='grc' dir='ltr'><strong>διὰ</strong></span> <span class='ocrx_word' id='word_1_197' title='bbox 2910 1057 3011 1121; x_wconf 81' lang='grc' dir='ltr'><strong>τὰς</strong></span> <span class='ocrx_word' id='word_1_198' title='bbox 3050 1056 3280 1127; x_wconf 82' lang='grc' dir='ltr'><strong>ἀνομίας</strong></span> <span class='ocrx_word' id='word_1_199' title='bbox 3316 1056 3497 1109; x_wconf 83' lang='grc' dir='ltr'>αὑτῶν</span> <span class='ocrx_word' id='word_1_200' title='bbox 3545 1074 3708 1128; x_wconf 83' lang='grc' dir='ltr'>παρ-</span> 
     </span>
    </p>
   </div>
   <div class='ocr_carea' id='block_1_27' title="bbox 2082 1146 3707 1222">
    <p class='ocr_par' dir='ltr' id='par_1_27' title="bbox 2082 1146 3707 1222">
     <span class='ocr_line' id='line_1_27' title="bbox 2082 1146 3707 1222; baseline 0 -20"><span class='ocrx_word' id='word_1_201' title='bbox 2082 1148 2515 1222; x_wconf 77' lang='grc' dir='ltr'>εδόθη.»Ὧσπερ</span> <span class='ocrx_word' id='word_1_202' title='bbox 2542 1146 2634 1203; x_wconf 82' lang='grc' dir='ltr'>οὖν</span> <span class='ocrx_word' id='word_1_203' title='bbox 2664 1152 2823 1221; x_wconf 84' lang='grc' dir='ltr'>ὑμεῖς</span> <span class='ocrx_word' id='word_1_204' title='bbox 2853 1149 3045 1203; x_wconf 82' lang='grc' dir='ltr'>σκοποί</span> <span class='ocrx_word' id='word_1_205' title='bbox 3073 1150 3217 1212; x_wconf 80' lang='grc' dir='ltr'>ἐστε,</span> <span class='ocrx_word' id='word_1_206' title='bbox 3247 1147 3389 1202; x_wconf 81' lang='grc' dir='ltr'>οὑτω</span> <span class='ocrx_word' id='word_1_207' title='bbox 3427 1148 3527 1202; x_wconf 73' lang='grc' dir='ltr'>καὶ</span> <span class='ocrx_word' id='word_1_208' title='bbox 3564 1166 3707 1202; x_wconf 77' lang='grc' dir='ltr'>σκοο</span> 
     </span>
    </p>
   </div>
   <div class='ocr_carea' id='block_1_28' title="bbox 2080 1240 3699 1317">
    <p class='ocr_par' dir='ltr' id='par_1_28' title="bbox 2080 1240 3699 1317">
     <span class='ocr_line' id='line_1_28' title="bbox 2080 1240 3699 1317; baseline -0.002 -20"><span class='ocrx_word' id='word_1_209' title='bbox 2080 1243 2182 1297; x_wconf 78' lang='grc' dir='ltr'>πὸν</span> <span class='ocrx_word' id='word_1_210' title='bbox 2210 1243 2361 1315; x_wconf 80' lang='grc' dir='ltr'>ἔχετε</span> <span class='ocrx_word' id='word_1_211' title='bbox 2380 1244 2471 1297; x_wconf 83' lang='grc' dir='ltr'>τὸν</span> <span class='ocrx_word' id='word_1_212' title='bbox 2501 1245 2756 1317; x_wconf 85' lang='grc' dir='ltr'>Χριστόν·</span> <span class='ocrx_word' id='word_1_213' title='bbox 2802 1242 2879 1307; x_wconf 84' lang='grc' dir='ltr'>ὡς</span> <span class='ocrx_word' id='word_1_214' title='bbox 2926 1240 3020 1297; x_wconf 81' lang='grc' dir='ltr'><strong>οῦν</strong></span> <span class='ocrx_word' id='word_1_215' title='bbox 3050 1242 3213 1305; x_wconf 81' lang='grc' dir='ltr'>αὐτὸς</span> <span class='ocrx_word' id='word_1_216' title='bbox 3242 1242 3460 1295; x_wconf 77' lang='grc' dir='ltr'>πάντων</span> <span class='ocrx_word' id='word_1_217' title='bbox 3499 1241 3699 1313; x_wconf 83' lang='grc' dir='ltr'>ὑμῶν,</span> 
     </span>
    </p>
   </div>
   <div class='ocr_carea' id='block_1_29' title="bbox 2078 1332 3701 1407">
    <p class='ocr_par' dir='ltr' id='par_1_29' title="bbox 2078 1332 3701 1407">
     <span class='ocr_line' id='line_1_29' title="bbox 2078 1332 3701 1407; baseline -0.001 -20"><span class='ocrx_word' id='word_1_218' title='bbox 2078 1334 2221 1389; x_wconf 81' lang='grc' dir='ltr'>οὑτω</span> <span class='ocrx_word' id='word_1_219' title='bbox 2249 1336 2344 1389; x_wconf 86' lang='grc' dir='ltr'><strong>καί</strong></span> <span class='ocrx_word' id='word_1_220' title='bbox 2372 1338 2531 1407; x_wconf 82' lang='grc' dir='ltr'><strong>ὑμεῖς</strong></span> <span class='ocrx_word' id='word_1_221' title='bbox 2566 1336 2675 1391; x_wconf 91' lang='grc' dir='ltr'><strong>τῶν</strong></span> <span class='ocrx_word' id='word_1_222' title='bbox 2719 1337 2822 1405; x_wconf 78' lang='grc' dir='ltr'>ὑφ’</span> <span class='ocrx_word' id='word_1_223' title='bbox 2868 1336 3013 1406; x_wconf 80' lang='grc' dir='ltr'>ὑμᾶς</span> <span class='ocrx_word' id='word_1_224' title='bbox 3061 1333 3287 1387; x_wconf 89' lang='grc' dir='ltr'>λαῖκῶν.</span> <span class='ocrx_word' id='word_1_225' title='bbox 3320 1332 3413 1403; x_wconf 82' lang='grc' dir='ltr'><strong>Μὴ</strong></span> <span class='ocrx_word' id='word_1_226' title='bbox 3441 1333 3555 1404; x_wconf 76' lang='grc' dir='ltr'><strong>γὰρ</strong></span> <span class='ocrx_word' id='word_1_227' title='bbox 3596 1334 3701 1385; x_wconf 80' lang='grc' dir='ltr'><strong>νό-</strong></span> 
     </span>
    </p>
   </div>
   <div class='ocr_carea' id='block_1_30' title="bbox 2082 1426 3695 1500">
    <p class='ocr_par' dir='ltr' id='par_1_30' title="bbox 2082 1426 3695 1500">
     <span class='ocr_line' id='line_1_30' title="bbox 2082 1426 3695 1500; baseline -0.001 -20"><span class='ocrx_word' id='word_1_228' title='bbox 2082 1428 2204 1498; x_wconf 74' lang='grc' dir='ltr'>μιζε</span> <span class='ocrx_word' id='word_1_229' title='bbox 2226 1428 2359 1497; x_wconf 87' lang='grc'>(70),</span> <span class='ocrx_word' id='word_1_230' title='bbox 2379 1430 2461 1482; x_wconf 82' lang='grc' dir='ltr'>ὅτι</span> <span class='ocrx_word' id='word_1_231' title='bbox 2480 1428 2703 1500; x_wconf 78' lang='grc' dir='ltr'>εὐχερὲς</span> <span class='ocrx_word' id='word_1_232' title='bbox 2732 1428 2765 1499; x_wconf 80' lang='grc' dir='ltr'>ἢ</span> <span class='ocrx_word' id='word_1_233' title='bbox 2798 1427 3031 1499; x_wconf 70' lang='grc' dir='ltr'>ἐλαφρὸν</span> <span class='ocrx_word' id='word_1_234' title='bbox 3059 1426 3278 1499; x_wconf 74' lang='grc' dir='ltr'>φορτίον</span> <span class='ocrx_word' id='word_1_235' title='bbox 3306 1426 3454 1479; x_wconf 73' lang='grc' dir='ltr'>ἐστὶν</span> <span class='ocrx_word' id='word_1_236' title='bbox 3481 1428 3518 1497; x_wconf 86' lang='grc' dir='ltr'><strong>ή</strong></span> <span class='ocrx_word' id='word_1_237' title='bbox 3556 1427 3695 1479; x_wconf 80' lang='grc' dir='ltr'>ὲπι-</span> 
     </span>
    </p>
   </div>
   <div class='ocr_carea' id='block_1_31' title="bbox 2080 1517 3699 1595">
    <p class='ocr_par' dir='ltr' id='par_1_31' title="bbox 2080 1517 3699 1595">
     <span class='ocr_line' id='line_1_31' title="bbox 2080 1517 3699 1595; baseline 0.001 -23"><span class='ocrx_word' id='word_1_238' title='bbox 2080 1521 2281 1591; x_wconf 86' lang='grc' dir='ltr'>σκοπή.</span> <span class='ocrx_word' id='word_1_239' title='bbox 2311 1520 2435 1595; x_wconf 81' lang='grc' dir='ltr'>Χρὴ</span> <span class='ocrx_word' id='word_1_240' title='bbox 2460 1518 2554 1575; x_wconf 74' lang='grc' dir='ltr'>οὖν</span> <span class='ocrx_word' id='word_1_241' title='bbox 2587 1520 2664 1585; x_wconf 82' lang='grc' dir='ltr'>ὡς</span> <span class='ocrx_word' id='word_1_242' title='bbox 2691 1520 2753 1574; x_wconf 81' lang='grc' dir='ltr'>τὸ</span> <span class='ocrx_word' id='word_1_243' title='bbox 2786 1519 2951 1591; x_wconf 79' lang='grc' dir='ltr'>βάρος</span> <span class='ocrx_word' id='word_1_244' title='bbox 2979 1518 3195 1592; x_wconf 83' lang='grc' dir='ltr'>φέρετε,</span> <span class='ocrx_word' id='word_1_245' title='bbox 3224 1517 3399 1582; x_wconf 75' lang='grc' dir='ltr'>οὕτως</span> <span class='ocrx_word' id='word_1_246' title='bbox 3439 1520 3538 1571; x_wconf 73' lang='grc' dir='ltr'>καὶ</span> <span class='ocrx_word' id='word_1_247' title='bbox 3570 1517 3699 1573; x_wconf 81' lang='grc' dir='ltr'><strong>τῶν</strong></span> 
     </span>
    </p>
   </div>
   <div class='ocr_carea' id='block_1_32' title="bbox 2077 1610 3695 1685">
    <p class='ocr_par' dir='ltr' id='par_1_32' title="bbox 2077 1610 3695 1685">
     <span class='ocr_line' id='line_1_32' title="bbox 2077 1610 3695 1685; baseline -0.002 -20"><span class='ocrx_word' id='word_1_248' title='bbox 2077 1612 2308 1684; x_wconf 82' lang='grc' dir='ltr'>καρπῶν</span> <span class='ocrx_word' id='word_1_249' title='bbox 2339 1611 2589 1685; x_wconf 78' lang='grc' dir='ltr'>πρώτους</span> <span class='ocrx_word' id='word_1_250' title='bbox 2621 1612 3080 1685; x_wconf 78' lang='grc' dir='ltr'>μεταλαμϐάνειν,</span> <span class='ocrx_word' id='word_1_251' title='bbox 3109 1612 3205 1665; x_wconf 70' lang='grc' dir='ltr'>καὶ</span> <span class='ocrx_word' id='word_1_252' title='bbox 3248 1612 3363 1674; x_wconf 89' lang='grc' dir='ltr'>τοῖς</span> <span class='ocrx_word' id='word_1_253' title='bbox 3399 1610 3695 1680; x_wconf 72' lang='grc' dir='ltr'>δεομένας</span> 
     </span>
    </p>
   </div>
   <div class='ocr_carea' id='block_1_33' title="bbox 2081 1702 3693 1775">
    <p class='ocr_par' dir='ltr' id='par_1_33' title="bbox 2081 1702 3693 1775">
     <span class='ocr_line' id='line_1_33' title="bbox 2081 1702 3693 1775; baseline 0 -18"><span class='ocrx_word' id='word_1_254' title='bbox 2081 1704 2438 1774; x_wconf 82' lang='grc' dir='ltr'>μεταδιδόναι,</span> <span class='ocrx_word' id='word_1_255' title='bbox 2469 1706 2545 1770; x_wconf 82' lang='grc' dir='ltr'>ὡς</span> <span class='ocrx_word' id='word_1_256' title='bbox 2586 1704 2745 1774; x_wconf 87' lang='grc' dir='ltr'>λόγον</span> <span class='ocrx_word' id='word_1_257' title='bbox 2778 1704 3070 1775; x_wconf 75' lang='grc' dir='ltr'>ὑφέξοντες</span> <span class='ocrx_word' id='word_1_258' title='bbox 3107 1702 3187 1774; x_wconf 82' lang='grc' dir='ltr'>τῷ</span> <span class='ocrx_word' id='word_1_259' title='bbox 3214 1702 3693 1775; x_wconf 76' lang='grc' dir='ltr'>ἀπαραλογίστως</span> 
     </span>
    </p>
   </div>
   <div class='ocr_carea' id='block_1_34' title="bbox 375 1774 1979 1869">
    <p class='ocr_par' dir='ltr' id='par_1_34' title="bbox 375 1789 1971 1861">
     <span class='ocr_line' id='line_1_34' title="bbox 375 1789 1971 1861; baseline -0.006 -10"><span class='ocrx_word' id='word_1_260' title='bbox 375 1795 537 1852; x_wconf 77' lang='lat' dir='ltr'><strong>siduo</strong></span> <span class='ocrx_word' id='word_1_261' title='bbox 560 1793 907 1861; x_wconf 88' lang='lat' dir='ltr'><strong>incumbunt,</strong></span> <span class='ocrx_word' id='word_1_262' title='bbox 937 1808 1003 1849; x_wconf 80' lang='lat' dir='ltr'><strong>ex</strong></span> <span class='ocrx_word' id='word_1_263' title='bbox 1033 1792 1297 1847; x_wconf 66' lang='lat' dir='ltr'><strong>Ecclesiae</strong></span> <span class='ocrx_word' id='word_1_264' title='bbox 1327 1792 1486 1849; x_wconf 87' lang='lat' dir='ltr'><strong>bonis</strong></span> <span class='ocrx_word' id='word_1_265' title='bbox 1514 1790 1739 1857; x_wconf 91' lang='lat' dir='ltr'><strong>nutriri,</strong></span> <span class='ocrx_word' id='word_1_266' title='bbox 1769 1789 1971 1861; x_wconf 89' lang='lat' dir='ltr'><strong>quippe</strong></span> 
     </span>
    </p>
   </div>
   <div class='ocr_carea' id='block_1_35' title="bbox 2056 1774 3691 1869">
    <p class='ocr_par' dir='ltr' id='par_1_35' title="bbox 2076 1774 3691 1869">
     <span class='ocr_line' id='line_1_35' title="bbox 2076 1774 3691 1869; baseline -0.002 -19"><span class='ocrx_word' id='word_1_267' title='bbox 2076 1797 2219 1868; x_wconf 75' lang='grc' dir='ltr'>ὑμᾶς</span> <span class='ocrx_word' id='word_1_268' title='bbox 2243 1797 2487 1869; x_wconf 81' lang='grc' dir='ltr'>μέλλοντι</span> <span class='ocrx_word' id='word_1_269' title='bbox 2516 1774 2869 1867; x_wconf 86' lang='grc' dir='ltr'>λογιστεύειν.</span> <span class='ocrx_word' id='word_1_270' title='bbox 2915 1799 3006 1851; x_wconf 88' lang='grc' dir='ltr'><strong>Δεῖ</strong></span> <span class='ocrx_word' id='word_1_271' title='bbox 3031 1796 3141 1868; x_wconf 79' lang='grc' dir='ltr'><strong>γὰρ</strong></span> <span class='ocrx_word' id='word_1_272' title='bbox 3166 1796 3294 1859; x_wconf 78' lang='grc' dir='ltr'>τοὺς</span> <span class='ocrx_word' id='word_1_273' title='bbox 3328 1797 3396 1866; x_wconf 78' lang='grc' dir='ltr'>τῇ</span> <span class='ocrx_word' id='word_1_274' title='bbox 3444 1794 3691 1864; x_wconf 77' lang='grc' dir='ltr'>Ἐκκλη-</span> 
     </span>
    </p>
   </div>
   <div class='ocr_carea' id='block_1_36' title="bbox 376 1883 1970 1957">
    <p class='ocr_par' dir='ltr' id='par_1_36' title="bbox 376 1883 1970 1957">
     <span class='ocr_line' id='line_1_36' title="bbox 376 1883 1970 1957; baseline -0.006 -12"><span class='ocrx_word' id='word_1_275' title='bbox 376 1888 718 1953; x_wconf 79' lang='lat' dir='ltr'><strong>sacerdotes,</strong></span> <span class='ocrx_word' id='word_1_276' title='bbox 759 1887 978 1952; x_wconf 86' lang='lat' dir='ltr'><strong>levitas,</strong></span> <span class='ocrx_word' id='word_1_277' title='bbox 1010 1886 1297 1957; x_wconf 70' lang='lat' dir='ltr'><strong>praesides,</strong></span> <span class='ocrx_word' id='word_1_278' title='bbox 1344 1883 1441 1940; x_wconf 87' lang='lat' dir='ltr'><strong>Dei</strong></span> <span class='ocrx_word' id='word_1_279' title='bbox 1473 1884 1793 1950; x_wconf 89' lang='lat' dir='ltr'><strong>ministros;</strong></span> <span class='ocrx_word' id='word_1_280' title='bbox 1826 1884 1970 1939; x_wconf 89' lang='lat' dir='ltr'><strong>sicut</strong></span> 
     </span>
    </p>
   </div>
   <div class='ocr_carea' id='block_1_37' title="bbox 374 1975 1969 2047">
    <p class='ocr_par' dir='ltr' id='par_1_37' title="bbox 374 1975 1969 2047">
     <span class='ocr_line' id='line_1_37' title="bbox 374 1975 1969 2047; baseline -0.001 -14"><span class='ocrx_word' id='word_1_281' title='bbox 374 1982 431 2035; x_wconf 87' lang='lat' dir='ltr'><strong>in</strong></span> <span class='ocrx_word' id='word_1_282' title='bbox 465 1978 840 2035; x_wconf 84' lang='lat' dir='ltr'><strong>Numerorum</strong></span> <span class='ocrx_word' id='word_1_283' title='bbox 870 1978 1016 2034; x_wconf 89' lang='lat' dir='ltr'><strong>libro</strong></span> <span class='ocrx_word' id='word_1_284' title='bbox 1045 1978 1114 2033; x_wconf 93' lang='lat' dir='ltr'><strong>de</strong></span> <span class='ocrx_word' id='word_1_285' title='bbox 1145 1976 1532 2034; x_wconf 89' lang='lat' dir='ltr'><strong>sacerdotibus</strong></span> <span class='ocrx_word' id='word_1_286' title='bbox 1567 1975 1833 2047; x_wconf 88' lang='lat' dir='ltr'><strong>scriptum</strong></span> <span class='ocrx_word' id='word_1_287' title='bbox 1880 1991 1969 2031; x_wconf 88' lang='lat' dir='ltr'><strong>re-</strong></span> 
     </span>
    </p>
   </div>
   <div class='ocr_carea' id='block_1_38' title="bbox 371 2069 1972 2145">
    <p class='ocr_par' dir='ltr' id='par_1_38' title="bbox 371 2069 1972 2145">
     <span class='ocr_line' id='line_1_38' title="bbox 371 2069 1972 2145; baseline -0.002 -17"><span class='ocrx_word' id='word_1_288' title='bbox 371 2074 607 2145; x_wconf 88' lang='lat' dir='ltr'><strong>peritur.</strong></span> <span class='ocrx_word' id='word_1_289' title='bbox 639 2093 658 2128; x_wconf 73' lang='grc' dir='ltr'><strong>ι</strong></span> <span class='ocrx_word' id='word_1_290' title='bbox 701 2074 768 2128; x_wconf 84' lang='grc' dir='ltr'>Ει</span> <span class='ocrx_word' id='word_1_291' title='bbox 798 2073 938 2129; x_wconf 79' lang='lat' dir='ltr'><strong>dixit</strong></span> <span class='ocrx_word' id='word_1_292' title='bbox 963 2072 1232 2127; x_wconf 87' lang='lat' dir='ltr'><strong>Dominus</strong></span> <span class='ocrx_word' id='word_1_293' title='bbox 1256 2071 1324 2125; x_wconf 91' lang='lat' dir='ltr'><strong>ad</strong></span> <span class='ocrx_word' id='word_1_294' title='bbox 1347 2071 1622 2126; x_wconf 79' lang='lat' dir='ltr'><strong>Aaronem</strong></span> <span class='ocrx_word' id='word_1_295' title='bbox 1666 2070 1793 2137; x_wconf 89' lang='lat' dir='ltr'><strong>:Tu,</strong></span> <span class='ocrx_word' id='word_1_296' title='bbox 1823 2076 1878 2125; x_wconf 89' lang='lat' dir='ltr'><strong>et</strong></span> <span class='ocrx_word' id='word_1_297' title='bbox 1914 2069 1972 2124; x_wconf 88' lang='lat' dir='ltr'><strong>ﬁ-</strong></span> 
     </span>
    </p>
   </div>
   <div class='ocr_carea' id='block_1_39' title="bbox 372 2164 1968 2237">
    <p class='ocr_par' dir='ltr' id='par_1_39' title="bbox 372 2164 1968 2237">
     <span class='ocr_line' id='line_1_39' title="bbox 372 2164 1968 2237; baseline -0.003 -16"><span class='ocrx_word' id='word_1_298' title='bbox 372 2168 430 2221; x_wconf 91' lang='lat' dir='ltr'><strong>lii</strong></span> <span class='ocrx_word' id='word_1_299' title='bbox 456 2166 559 2234; x_wconf 89' lang='lat' dir='ltr'><strong>tui,</strong></span> <span class='ocrx_word' id='word_1_300' title='bbox 588 2173 644 2222; x_wconf 90' lang='lat' dir='ltr'><strong>et</strong></span> <span class='ocrx_word' id='word_1_301' title='bbox 675 2166 875 2222; x_wconf 90' lang='lat' dir='ltr'><strong>domus</strong></span> <span class='ocrx_word' id='word_1_302' title='bbox 904 2166 1084 2237; x_wconf 89' lang='lat' dir='ltr'><strong>patria</strong></span> <span class='ocrx_word' id='word_1_303' title='bbox 1122 2175 1237 2229; x_wconf 90' lang='lat' dir='ltr'><strong>tua,</strong></span> <span class='ocrx_word' id='word_1_304' title='bbox 1270 2164 1557 2234; x_wconf 87' lang='lat' dir='ltr'><strong>accipietis</strong></span> <span class='ocrx_word' id='word_1_305' title='bbox 1591 2172 1813 2233; x_wconf 86' lang='lat' dir='ltr'><strong>peccata</strong></span> <span class='ocrx_word' id='word_1_306' title='bbox 1838 2176 1968 2218; x_wconf 86' lang='lat' dir='ltr'><strong>san-</strong></span> 
     </span>
    </p>
   </div>
   <div class='ocr_carea' id='block_1_40' title="bbox 370 2256 1969 2327">
    <p class='ocr_par' dir='ltr' id='par_1_40' title="bbox 370 2256 1969 2327">
     <span class='ocr_line' id='line_1_40' title="bbox 370 2256 1969 2327; baseline -0.003 -13"><span class='ocrx_word' id='word_1_307' title='bbox 370 2261 593 2327; x_wconf 74' lang='lat' dir='ltr'><strong>ctuarii,</strong></span> <span class='ocrx_word' id='word_1_308' title='bbox 623 2266 677 2315; x_wconf 86' lang='lat' dir='ltr'><strong>ct</strong></span> <span class='ocrx_word' id='word_1_309' title='bbox 708 2260 1003 2316; x_wconf 85' lang='lat' dir='ltr'><strong>sacerdotii</strong></span> <span class='ocrx_word' id='word_1_310' title='bbox 1032 2259 1227 2315; x_wconf 83' lang='lat' dir='ltr'><strong>vestri.</strong></span> <span class='ocrx_word' id='word_1_311' title='bbox 1263 2257 1401 2313; x_wconf 85' lang='lat' dir='ltr'><strong>Ecce</strong></span> <span class='ocrx_word' id='word_1_312' title='bbox 1429 2256 1553 2312; x_wconf 88' lang='lat' dir='ltr'><strong>dedi</strong></span> <span class='ocrx_word' id='word_1_313' title='bbox 1584 2256 1741 2313; x_wconf 91' lang='lat' dir='ltr'><strong>vobis</strong></span> <span class='ocrx_word' id='word_1_314' title='bbox 1780 2263 1969 2312; x_wconf 88' lang='lat' dir='ltr'><strong>custo-</strong></span> 
     </span>
    </p>
   </div>
   <div class='ocr_carea' id='block_1_41' title="bbox 369 2349 1968 2423">
    <p class='ocr_par' dir='ltr' id='par_1_41' title="bbox 369 2349 1968 2423">
     <span class='ocr_line' id='line_1_41' title="bbox 369 2349 1968 2423; baseline -0.003 -15"><span class='ocrx_word' id='word_1_315' title='bbox 369 2352 515 2408; x_wconf 86' lang='lat' dir='ltr'><strong>diam</strong></span> <span class='ocrx_word' id='word_1_316' title='bbox 538 2354 903 2423; x_wconf 88' lang='lat' dir='ltr'><strong>primitiarum</strong></span> <span class='ocrx_word' id='word_1_317' title='bbox 924 2370 940 2419; x_wconf 88' lang='lat'><strong>;</strong></span> <span class='ocrx_word' id='word_1_318' title='bbox 965 2352 1033 2408; x_wconf 91' lang='lat' dir='ltr'><strong>dc</strong></span> <span class='ocrx_word' id='word_1_319' title='bbox 1052 2352 1310 2407; x_wconf 87' lang='lat' dir='ltr'><strong>omnibus</strong></span> <span class='ocrx_word' id='word_1_320' title='bbox 1331 2367 1451 2421; x_wconf 74' lang='lat' dir='ltr'><strong>qua:</strong></span> <span class='ocrx_word' id='word_1_321' title='bbox 1472 2349 1813 2406; x_wconf 89' lang='lat' dir='ltr'><strong>sanctiﬁcata</strong></span> <span class='ocrx_word' id='word_1_322' title='bbox 1838 2358 1968 2405; x_wconf 89' lang='lat' dir='ltr'><strong>sunt</strong></span> 
     </span>
    </p>
   </div>
   <div class='ocr_carea' id='block_1_42' title="bbox 369 2443 1967 2511">
    <p class='ocr_par' dir='ltr' id='par_1_42' title="bbox 369 2443 1967 2511">
     <span class='ocr_line' id='line_1_42' title="bbox 369 2443 1967 2511; baseline 0 -14"><span class='ocrx_word' id='word_1_323' title='bbox 369 2444 505 2498; x_wconf 85' lang='lat' dir='ltr'><strong>mihi</strong></span> <span class='ocrx_word' id='word_1_324' title='bbox 534 2460 565 2499; x_wconf 90' lang='lat' dir='ltr'><strong>a</strong></span> <span class='ocrx_word' id='word_1_325' title='bbox 596 2445 722 2500; x_wconf 87' lang='lat' dir='ltr'><strong>ﬁliis</strong></span> <span class='ocrx_word' id='word_1_326' title='bbox 752 2445 943 2509; x_wconf 88' lang='lat' dir='ltr'><strong>Israel,</strong></span> <span class='ocrx_word' id='word_1_327' title='bbox 988 2443 1088 2498; x_wconf 91' lang='lat' dir='ltr'><strong>tibi</strong></span> <span class='ocrx_word' id='word_1_328' title='bbox 1118 2443 1245 2501; x_wconf 90' lang='lat' dir='ltr'><strong>dedi</strong></span> <span class='ocrx_word' id='word_1_329' title='bbox 1275 2458 1340 2499; x_wconf 86' lang='lat' dir='ltr'><strong>ea</strong></span> <span class='ocrx_word' id='word_1_330' title='bbox 1366 2485 1382 2511; x_wconf 96' lang='lat'><strong>,</strong></span> <span class='ocrx_word' id='word_1_331' title='bbox 1415 2445 1469 2498; x_wconf 92' lang='lat' dir='ltr'><strong>in</strong></span> <span class='ocrx_word' id='word_1_332' title='bbox 1506 2444 1795 2510; x_wconf 91' lang='lat' dir='ltr'><strong>honorem,</strong></span> <span class='ocrx_word' id='word_1_333' title='bbox 1825 2453 1879 2499; x_wconf 88' lang='lat' dir='ltr'><strong>et</strong></span> <span class='ocrx_word' id='word_1_334' title='bbox 1910 2443 1967 2497; x_wconf 88' lang='lat' dir='ltr'><strong>ﬁ-</strong></span> 
     </span>
    </p>
   </div>
   <div class='ocr_carea' id='block_1_43' title="bbox 370 2535 1967 2608">
    <p class='ocr_par' dir='ltr' id='par_1_43' title="bbox 370 2535 1967 2608">
     <span class='ocr_line' id='line_1_43' title="bbox 370 2535 1967 2608; baseline -0.001 -17"><span class='ocrx_word' id='word_1_335' title='bbox 370 2538 461 2594; x_wconf 89' lang='lat' dir='ltr'><strong>liis</strong></span> <span class='ocrx_word' id='word_1_336' title='bbox 490 2538 602 2594; x_wconf 89' lang='lat' dir='ltr'><strong>tuis</strong></span> <span class='ocrx_word' id='word_1_337' title='bbox 626 2546 749 2608; x_wconf 85' lang='lat' dir='ltr'><strong>post</strong></span> <span class='ocrx_word' id='word_1_338' title='bbox 774 2547 847 2603; x_wconf 89' lang='lat' dir='ltr'><strong>te,</strong></span> <span class='ocrx_word' id='word_1_339' title='bbox 879 2537 1183 2608; x_wconf 78' lang='lat' dir='ltr'><strong>legitimum</strong></span> <span class='ocrx_word' id='word_1_340' title='bbox 1209 2538 1625 2607; x_wconf 88' lang='lat' dir='ltr'><strong>sempiternum.</strong></span> <span class='ocrx_word' id='word_1_341' title='bbox 1650 2535 1714 2590; x_wconf 91' lang='lat' dir='ltr'><strong>Et</strong></span> <span class='ocrx_word' id='word_1_342' title='bbox 1733 2537 1836 2592; x_wconf 84' lang='lat' dir='ltr'><strong>hoc</strong></span> <span class='ocrx_word' id='word_1_343' title='bbox 1858 2537 1967 2593; x_wconf 87' lang='lat' dir='ltr'><strong>erit</strong></span> 
     </span>
    </p>
   </div>
   <div class='ocr_carea' id='block_1_44' title="bbox 367 2629 1968 2697">
    <p class='ocr_par' dir='ltr' id='par_1_44' title="bbox 367 2629 1968 2697">
     <span class='ocr_line' id='line_1_44' title="bbox 367 2629 1968 2697; baseline -0.001 -10"><span class='ocrx_word' id='word_1_344' title='bbox 367 2632 525 2687; x_wconf 78' lang='lat' dir='ltr'><strong>vobis</strong></span> <span class='ocrx_word' id='word_1_345' title='bbox 550 2630 619 2688; x_wconf 91' lang='lat' dir='ltr'><strong>de</strong></span> <span class='ocrx_word' id='word_1_346' title='bbox 652 2630 1037 2697; x_wconf 89' lang='lat' dir='ltr'><strong>sanctiﬁcatis,</strong></span> <span class='ocrx_word' id='word_1_347' title='bbox 1068 2630 1137 2685; x_wconf 91' lang='lat' dir='ltr'><strong>de</strong></span> <span class='ocrx_word' id='word_1_348' title='bbox 1163 2630 1559 2695; x_wconf 87' lang='lat' dir='ltr'><strong>oblationibus,</strong></span> <span class='ocrx_word' id='word_1_349' title='bbox 1593 2638 1648 2684; x_wconf 90' lang='lat' dir='ltr'><strong>et</strong></span> <span class='ocrx_word' id='word_1_350' title='bbox 1692 2629 1758 2685; x_wconf 89' lang='lat' dir='ltr'><strong>de</strong></span> <span class='ocrx_word' id='word_1_351' title='bbox 1780 2644 1968 2685; x_wconf 87' lang='lat' dir='ltr'><strong>mune-</strong></span> 
     </span>
    </p>
   </div>
   <div class='ocr_carea' id='block_1_45' title="bbox 367 2720 1962 2792">
    <p class='ocr_par' dir='ltr' id='par_1_45' title="bbox 367 2720 1962 2792">
     <span class='ocr_line' id='line_1_45' title="bbox 367 2720 1962 2792; baseline -0.001 -13"><span class='ocrx_word' id='word_1_352' title='bbox 367 2725 524 2785; x_wconf 84' lang='lat' dir='ltr'><strong>ribus</strong></span> <span class='ocrx_word' id='word_1_353' title='bbox 548 2764 565 2792; x_wconf 90' lang='lat'><strong>,</strong></span> <span class='ocrx_word' id='word_1_354' title='bbox 608 2734 664 2779; x_wconf 89' lang='lat' dir='ltr'><strong>et</strong></span> <span class='ocrx_word' id='word_1_355' title='bbox 694 2724 762 2779; x_wconf 91' lang='lat' dir='ltr'><strong>de</strong></span> <span class='ocrx_word' id='word_1_356' title='bbox 792 2724 1050 2779; x_wconf 90' lang='lat' dir='ltr'><strong>omnibus</strong></span> <span class='ocrx_word' id='word_1_357' title='bbox 1090 2722 1384 2779; x_wconf 82' lang='lat' dir='ltr'><strong>sacriﬁciis</strong></span> <span class='ocrx_word' id='word_1_358' title='bbox 1409 2763 1425 2790; x_wconf 95' lang='lat'><strong>,</strong></span> <span class='ocrx_word' id='word_1_359' title='bbox 1475 2730 1530 2778; x_wconf 92' lang='lat' dir='ltr'><strong>ct</strong></span> <span class='ocrx_word' id='word_1_360' title='bbox 1578 2722 1645 2777; x_wconf 90' lang='lat' dir='ltr'><strong>de</strong></span> <span class='ocrx_word' id='word_1_361' title='bbox 1675 2720 1825 2776; x_wconf 89' lang='lat' dir='ltr'><strong>omni</strong></span> <span class='ocrx_word' id='word_1_362' title='bbox 1867 2722 1962 2777; x_wconf 91' lang='lat' dir='ltr'><strong>de-</strong></span> 
     </span>
    </p>
   </div>
   <div class='ocr_carea' id='block_1_46' title="bbox 366 2812 1961 2886">
    <p class='ocr_par' dir='ltr' id='par_1_46' title="bbox 366 2812 1961 2886">
     <span class='ocr_line' id='line_1_46' title="bbox 366 2812 1961 2886; baseline -0.003 -15"><span class='ocrx_word' id='word_1_363' title='bbox 366 2816 539 2881; x_wconf 88' lang='lat' dir='ltr'><strong>licto,</strong></span> <span class='ocrx_word' id='word_1_364' title='bbox 592 2827 644 2873; x_wconf 88' lang='lat' dir='ltr'><strong>et</strong></span> <span class='ocrx_word' id='word_1_365' title='bbox 692 2817 761 2872; x_wconf 90' lang='lat' dir='ltr'><strong>de</strong></span> <span class='ocrx_word' id='word_1_366' title='bbox 815 2816 1059 2886; x_wconf 87' lang='lat' dir='ltr'><strong>peccatis</strong></span> <span class='ocrx_word' id='word_1_367' title='bbox 1116 2831 1129 2867; x_wconf 93' lang='lat'><strong>:</strong></span> <span class='ocrx_word' id='word_1_368' title='bbox 1190 2823 1246 2871; x_wconf 87' lang='lat' dir='ltr'><strong>et</strong></span> <span class='ocrx_word' id='word_1_369' title='bbox 1317 2830 1660 2885; x_wconf 64' lang='lat' dir='ltr'><strong>quiscunque</strong></span> <span class='ocrx_word' id='word_1_370' title='bbox 1722 2812 1961 2869; x_wconf 89' lang='lat' dir='ltr'><strong>reddunt</strong></span> 
     </span>
    </p>
   </div>
   <div class='ocr_carea' id='block_1_47' title="bbox 365 2905 1961 2972">
    <p class='ocr_par' dir='ltr' id='par_1_47' title="bbox 365 2905 1961 2972">
     <span class='ocr_line' id='line_1_47' title="bbox 365 2905 1961 2972; baseline -0.003 -9"><span class='ocrx_word' id='word_1_371' title='bbox 365 2910 502 2965; x_wconf 85' lang='lat' dir='ltr'><strong>mihi</strong></span> <span class='ocrx_word' id='word_1_372' title='bbox 564 2911 633 2967; x_wconf 89' lang='lat' dir='ltr'><strong>de</strong></span> <span class='ocrx_word' id='word_1_373' title='bbox 710 2909 968 2965; x_wconf 89' lang='lat' dir='ltr'><strong>omnibus</strong></span> <span class='ocrx_word' id='word_1_374' title='bbox 1023 2908 1274 2972; x_wconf 86' lang='lat' dir='ltr'><strong>sanctis,</strong></span> <span class='ocrx_word' id='word_1_375' title='bbox 1334 2906 1430 2961; x_wconf 91' lang='lat' dir='ltr'><strong>tibi</strong></span> <span class='ocrx_word' id='word_1_376' title='bbox 1486 2913 1651 2961; x_wconf 90' lang='lat' dir='ltr'><strong>erunt</strong></span> <span class='ocrx_word' id='word_1_377' title='bbox 1706 2921 1772 2961; x_wconf 89' lang='lat' dir='ltr'><strong>ac</strong></span> <span class='ocrx_word' id='word_1_378' title='bbox 1833 2905 1961 2960; x_wconf 88' lang='lat' dir='ltr'><strong>ﬁliis</strong></span> 
     </span>
    </p>
   </div>
   <div class='ocr_carea' id='block_1_48' title="bbox 336 2998 1954 3071">
    <p class='ocr_par' dir='ltr' id='par_1_48' title="bbox 336 2998 1954 3071">
     <span class='ocr_line' id='line_1_48' title="bbox 336 2998 1954 3071; baseline -0.002 -15"><span class='ocrx_word' id='word_1_379' title='bbox 336 3004 498 3059; x_wconf 75' lang='lat' dir='ltr'><strong>~tuis.</strong></span> <span class='ocrx_word' id='word_1_380' title='bbox 553 3002 614 3058; x_wconf 90' lang='lat' dir='ltr'><strong>ln</strong></span> <span class='ocrx_word' id='word_1_381' title='bbox 672 3012 865 3060; x_wconf 87' lang='lat' dir='ltr'><strong>sancto</strong></span> <span class='ocrx_word' id='word_1_382' title='bbox 911 3000 1213 3057; x_wconf 88' lang='lat' dir='ltr'><strong>comedetis</strong></span> <span class='ocrx_word' id='word_1_383' title='bbox 1238 3001 1333 3056; x_wconf 91' lang='lat' dir='ltr'><strong>illa</strong></span> <span class='ocrx_word' id='word_1_384' title='bbox 1355 3001 1421 3054; x_wconf 86' lang='lat'><strong>&quot;.</strong></span> <span class='ocrx_word' id='word_1_385' title='bbox 1449 3019 1467 3051; x_wconf 82' lang='grc'><strong>›</strong></span> <span class='ocrx_word' id='word_1_386' title='bbox 1496 2998 1564 3055; x_wconf 84' lang='grc' dir='ltr'>Ει</span> <span class='ocrx_word' id='word_1_387' title='bbox 1593 2999 1759 3071; x_wconf 88' lang='lat' dir='ltr'><strong>paulo</strong></span> <span class='ocrx_word' id='word_1_388' title='bbox 1785 3007 1911 3070; x_wconf 88' lang='lat' dir='ltr'><strong>post</strong></span> <span class='ocrx_word' id='word_1_389' title='bbox 1939 3014 1954 3052; x_wconf 89' lang='lat'><strong>:</strong></span> 
     </span>
    </p>
   </div>
   <div class='ocr_carea' id='block_1_49' title="bbox 369 3091 2024 3191">
    <p class='ocr_par' dir='ltr' id='par_1_49' title="bbox 369 3091 2024 3191">
     <span class='ocr_line' id='line_1_49' title="bbox 369 3091 2024 3191; baseline -0.001 -44"><span class='ocrx_word' id='word_1_390' title='bbox 369 3115 388 3147; x_wconf 76' lang='grc' dir='ltr'><strong>ι</strong></span> <span class='ocrx_word' id='word_1_391' title='bbox 420 3095 629 3152; x_wconf 86' lang='lat' dir='ltr'><strong>Omnes</strong></span> <span class='ocrx_word' id='word_1_392' title='bbox 681 3095 939 3171; x_wconf 69' lang='lat' dir='ltr'><strong>primitiae</strong></span> <span class='ocrx_word' id='word_1_393' title='bbox 994 3094 1102 3149; x_wconf 87' lang='lat' dir='ltr'><strong>olei</strong></span> <span class='ocrx_word' id='word_1_394' title='bbox 1144 3134 1160 3159; x_wconf 92' lang='lat'><strong>,</strong></span> <span class='ocrx_word' id='word_1_395' title='bbox 1210 3100 1265 3150; x_wconf 89' lang='lat' dir='ltr'><strong>et</strong></span> <span class='ocrx_word' id='word_1_396' title='bbox 1327 3092 1437 3148; x_wconf 87' lang='lat' dir='ltr'><strong>vini</strong></span> <span class='ocrx_word' id='word_1_397' title='bbox 1473 3134 1487 3158; x_wconf 97' lang='lat'><strong>,</strong></span> <span class='ocrx_word' id='word_1_398' title='bbox 1530 3100 1588 3148; x_wconf 85' lang='lat' dir='ltr'><strong>et</strong></span> <span class='ocrx_word' id='word_1_399' title='bbox 1652 3091 1952 3157; x_wconf 79' lang='lat' dir='ltr'><strong>frumenti,</strong></span> <span class='ocrx_word' id='word_1_400' title='bbox 1983 3135 2024 3191; x_wconf 66' lang='grc' dir='ltr'><strong>Ο</strong></span> 
     </span>
    </p>
   </div>
   <div class='ocr_carea' id='block_1_50' title="bbox 362 3184 1953 3258">
    <p class='ocr_par' dir='ltr' id='par_1_50' title="bbox 362 3184 1953 3258">
     <span class='ocr_line' id='line_1_50' title="bbox 362 3184 1953 3258; baseline -0.002 -16"><span class='ocrx_word' id='word_1_401' title='bbox 362 3204 705 3258; x_wconf 72' lang='lat' dir='ltr'><strong>qumounque</strong></span> <span class='ocrx_word' id='word_1_402' title='bbox 752 3186 1003 3243; x_wconf 89' lang='lat' dir='ltr'><strong>dederint</strong></span> <span class='ocrx_word' id='word_1_403' title='bbox 1032 3186 1264 3240; x_wconf 88' lang='lat' dir='ltr'><strong>Domino</strong></span> <span class='ocrx_word' id='word_1_404' title='bbox 1285 3226 1300 3251; x_wconf 94' lang='lat'><strong>,</strong></span> <span class='ocrx_word' id='word_1_405' title='bbox 1342 3185 1441 3240; x_wconf 92' lang='lat' dir='ltr'><strong>tibi</strong></span> <span class='ocrx_word' id='word_1_406' title='bbox 1471 3184 1596 3239; x_wconf 88' lang='lat' dir='ltr'><strong>dedi</strong></span> <span class='ocrx_word' id='word_1_407' title='bbox 1624 3199 1689 3239; x_wconf 91' lang='lat' dir='ltr'><strong>ea</strong></span> <span class='ocrx_word' id='word_1_408' title='bbox 1716 3200 1728 3235; x_wconf 94' lang='lat'>:</span> <span class='ocrx_word' id='word_1_409' title='bbox 1757 3199 1953 3239; x_wconf 90' lang='lat' dir='ltr'><strong>omnes</strong></span> 
     </span>
    </p>
   </div>
   <div class='ocr_carea' id='block_1_51' title="bbox 363 3278 1953 3352">
    <p class='ocr_par' dir='ltr' id='par_1_51' title="bbox 363 3278 1953 3352">
     <span class='ocr_line' id='line_1_51' title="bbox 363 3278 1953 3352; baseline -0.003 -16"><span class='ocrx_word' id='word_1_410' title='bbox 363 3282 635 3352; x_wconf 84' lang='lat' dir='ltr'><strong>primitias</strong></span> <span class='ocrx_word' id='word_1_411' title='bbox 662 3281 879 3352; x_wconf 81' lang='lat' dir='ltr'><strong>frugum</strong></span> <span class='ocrx_word' id='word_1_412' title='bbox 913 3280 1012 3335; x_wconf 87' lang='lat' dir='ltr'><strong>tibi</strong></span> <span class='ocrx_word' id='word_1_413' title='bbox 1052 3279 1199 3336; x_wconf 90' lang='lat' dir='ltr'><strong>dedi.</strong></span> <span class='ocrx_word' id='word_1_414' title='bbox 1236 3278 1333 3335; x_wconf 87' lang='lat' dir='ltr'><strong>His</strong></span> <span class='ocrx_word' id='word_1_415' title='bbox 1366 3278 1578 3333; x_wconf 89' lang='lat' dir='ltr'><strong>accedit</strong></span> <span class='ocrx_word' id='word_1_416' title='bbox 1607 3278 1787 3334; x_wconf 90' lang='lat' dir='ltr'><strong>omnis</strong></span> <span class='ocrx_word' id='word_1_417' title='bbox 1817 3293 1953 3333; x_wconf 84' lang='lat' dir='ltr'><strong>con-</strong></span> 
     </span>
    </p>
   </div>
   <div class='ocr_carea' id='block_1_52' title="bbox 361 3370 1990 3444">
    <p class='ocr_par' dir='ltr' id='par_1_52' title="bbox 361 3370 1990 3444">
     <span class='ocr_line' id='line_1_52' title="bbox 361 3370 1990 3444; baseline -0.003 -13"><span class='ocrx_word' id='word_1_418' title='bbox 361 3376 623 3431; x_wconf 85' lang='lat' dir='ltr'><strong>secratio.</strong></span> <span class='ocrx_word' id='word_1_419' title='bbox 672 3375 944 3429; x_wconf 67' lang='lat' dir='ltr'><strong>Praeterea</strong></span> <span class='ocrx_word' id='word_1_420' title='bbox 991 3389 1155 3428; x_wconf 91' lang='lat' dir='ltr'><strong>omne</strong></span> <span class='ocrx_word' id='word_1_421' title='bbox 1204 3372 1445 3428; x_wconf 88' lang='lat' dir='ltr'><strong>hominis</strong></span> <span class='ocrx_word' id='word_1_422' title='bbox 1475 3387 1539 3425; x_wconf 90' lang='lat' dir='ltr'><strong>ac</strong></span> <span class='ocrx_word' id='word_1_423' title='bbox 1573 3370 1802 3441; x_wconf 88' lang='lat' dir='ltr'><strong>pecudis</strong></span> <span class='ocrx_word' id='word_1_424' title='bbox 1837 3370 1953 3426; x_wconf 90' lang='lat' dir='ltr'><strong>sive</strong></span> <span class='ocrx_word' id='word_1_425' title='bbox 1983 3426 1990 3444; x_wconf 62' lang='grc'><em>,</em></span> 
     </span>
    </p>
   </div>
   <div class='ocr_carea' id='block_1_53' title="bbox 360 3464 1947 3537">
    <p class='ocr_par' dir='ltr' id='par_1_53' title="bbox 360 3464 1947 3537">
     <span class='ocr_line' id='line_1_53' title="bbox 360 3464 1947 3537; baseline -0.002 -15"><span class='ocrx_word' id='word_1_426' title='bbox 360 3469 580 3524; x_wconf 69' lang='lat' dir='ltr'><strong>munda:</strong></span> <span class='ocrx_word' id='word_1_427' title='bbox 596 3469 711 3525; x_wconf 88' lang='lat' dir='ltr'><strong>sive</strong></span> <span class='ocrx_word' id='word_1_428' title='bbox 733 3467 1032 3523; x_wconf 69' lang='lat' dir='ltr'><strong>immunda:</strong></span> <span class='ocrx_word' id='word_1_429' title='bbox 1052 3466 1480 3537; x_wconf 81' lang='lat' dir='ltr'><strong>primogenitum</strong></span> <span class='ocrx_word' id='word_1_430' title='bbox 1506 3484 1518 3519; x_wconf 90' lang='lat'><strong>:</strong></span> <span class='ocrx_word' id='word_1_431' title='bbox 1541 3465 1670 3519; x_wconf 89' lang='lat' dir='ltr'><strong>item</strong></span> <span class='ocrx_word' id='word_1_432' title='bbox 1689 3464 1947 3527; x_wconf 62' lang='lat' dir='ltr'><strong>victima},</strong></span> 
     </span>
    </p>
   </div>
   <div class='ocr_carea' id='block_1_54' title="bbox 358 3556 1951 3633">
    <p class='ocr_par' dir='ltr' id='par_1_54' title="bbox 358 3556 1951 3633">
     <span class='ocr_line' id='line_1_54' title="bbox 358 3556 1951 3633; baseline -0.004 -16"><span class='ocrx_word' id='word_1_433' title='bbox 358 3578 657 3633; x_wconf 81' lang='lat' dir='ltr'><strong>earumque</strong></span> <span class='ocrx_word' id='word_1_434' title='bbox 690 3561 1071 3632; x_wconf 90' lang='lat' dir='ltr'><strong>pectusculum</strong></span> <span class='ocrx_word' id='word_1_435' title='bbox 1124 3574 1189 3613; x_wconf 90' lang='lat' dir='ltr'><strong>ac</strong></span> <span class='ocrx_word' id='word_1_436' title='bbox 1237 3559 1523 3614; x_wconf 84' lang='lat' dir='ltr'><strong>brachium</strong></span> <span class='ocrx_word' id='word_1_437' title='bbox 1557 3557 1841 3624; x_wconf 81' lang='lat' dir='ltr'><strong>dextrum,</strong></span> <span class='ocrx_word' id='word_1_438' title='bbox 1882 3556 1951 3611; x_wconf 89' lang='lat' dir='ltr'><strong>ad</strong></span> 
     </span>
    </p>
   </div>
   <div class='ocr_carea' id='block_1_55' title="bbox 361 3651 1947 3726">
    <p class='ocr_par' dir='ltr' id='par_1_55' title="bbox 361 3651 1947 3726">
     <span class='ocr_line' id='line_1_55' title="bbox 361 3651 1947 3726; baseline -0.004 -17"><span class='ocrx_word' id='word_1_439' title='bbox 361 3655 679 3711; x_wconf 84' lang='lat' dir='ltr'><strong>sacerdotes</strong></span> <span class='ocrx_word' id='word_1_440' title='bbox 708 3654 1010 3726; x_wconf 84' lang='lat' dir='ltr'><strong>pertinent,</strong></span> <span class='ocrx_word' id='word_1_441' title='bbox 1042 3661 1098 3707; x_wconf 91' lang='lat' dir='ltr'><strong>et</strong></span> <span class='ocrx_word' id='word_1_442' title='bbox 1120 3651 1189 3707; x_wconf 91' lang='lat' dir='ltr'><strong>ad</strong></span> <span class='ocrx_word' id='word_1_443' title='bbox 1220 3652 1416 3708; x_wconf 90' lang='lat' dir='ltr'><strong>levitas</strong></span> <span class='ocrx_word' id='word_1_444' title='bbox 1448 3652 1722 3721; x_wconf 88' lang='lat' dir='ltr'><strong>reliquos,</strong></span> <span class='ocrx_word' id='word_1_445' title='bbox 1754 3666 1947 3706; x_wconf 90' lang='lat' dir='ltr'><strong>eorum</strong></span> 
     </span>
    </p>
   </div>
   <div class='ocr_carea' id='block_1_56' title="bbox 361 3741 1948 3807">
    <p class='ocr_par' dir='ltr' id='par_1_56' title="bbox 361 3741 1948 3807">
     <span class='ocr_line' id='line_1_56' title="bbox 361 3741 1948 3807; baseline -0.004 -4"><span class='ocrx_word' id='word_1_446' title='bbox 361 3749 672 3804; x_wconf 80' lang='lat' dir='ltr'><strong>comites&quot;.</strong></span> <span class='ocrx_word' id='word_1_447' title='bbox 707 3767 725 3799; x_wconf 70' lang='grc' dir='ltr'><strong>ι</strong></span> <span class='ocrx_word' id='word_1_448' title='bbox 760 3747 961 3802; x_wconf 86' lang='lat' dir='ltr'><strong>Audite</strong></span> <span class='ocrx_word' id='word_1_449' title='bbox 990 3746 1106 3800; x_wconf 59' lang='lat' dir='ltr'><strong>hare</strong></span> <span class='ocrx_word' id='word_1_450' title='bbox 1134 3760 1235 3801; x_wconf 88' lang='lat' dir='ltr'><strong>vos</strong></span> <span class='ocrx_word' id='word_1_451' title='bbox 1255 3744 1421 3800; x_wconf 89' lang='lat' dir='ltr'><strong>etiam</strong></span> <span class='ocrx_word' id='word_1_452' title='bbox 1450 3744 1614 3807; x_wconf 87' lang='lat' dir='ltr'><strong>laici,</strong></span> <span class='ocrx_word' id='word_1_453' title='bbox 1646 3743 1822 3797; x_wconf 87' lang='lat' dir='ltr'><strong>electa</strong></span> <span class='ocrx_word' id='word_1_454' title='bbox 1852 3741 1948 3797; x_wconf 90' lang='lat' dir='ltr'><strong>Dei</strong></span> 
     </span>
    </p>
   </div>
   <div class='ocr_carea' id='block_1_57' title="bbox 361 3835 1949 3910">
    <p class='ocr_par' dir='ltr' id='par_1_57' title="bbox 361 3835 1949 3910">
     <span class='ocr_line' id='line_1_57' title="bbox 361 3835 1949 3910; baseline -0.002 -17"><span class='ocrx_word' id='word_1_455' title='bbox 361 3839 630 3896; x_wconf 84' lang='lat' dir='ltr'><strong>Ecclesia.</strong></span> <span class='ocrx_word' id='word_1_456' title='bbox 661 3838 797 3895; x_wconf 83' lang='lat' dir='ltr'><strong>Nam</strong></span> <span class='ocrx_word' id='word_1_457' title='bbox 830 3847 885 3895; x_wconf 90' lang='lat' dir='ltr'><strong>et</strong></span> <span class='ocrx_word' id='word_1_458' title='bbox 913 3838 1064 3910; x_wconf 83' lang='lat' dir='ltr'><strong>prior</strong></span> <span class='ocrx_word' id='word_1_459' title='bbox 1087 3838 1347 3910; x_wconf 91' lang='lat' dir='ltr'><strong>populus,</strong></span> <span class='ocrx_word' id='word_1_460' title='bbox 1386 3855 1404 3888; x_wconf 79' lang='grc' dir='ltr'><strong>ι</strong></span> <span class='ocrx_word' id='word_1_461' title='bbox 1440 3835 1533 3891; x_wconf 88' lang='lat' dir='ltr'><strong>Dei</strong></span> <span class='ocrx_word' id='word_1_462' title='bbox 1561 3837 1816 3906; x_wconf 89' lang='lat' dir='ltr'><strong>populus,</strong></span> <span class='ocrx_word' id='word_1_463' title='bbox 1850 3855 1867 3886; x_wconf 76' lang='grc' dir='ltr'><strong>ι</strong></span> <span class='ocrx_word' id='word_1_464' title='bbox 1894 3844 1949 3890; x_wconf 88' lang='lat' dir='ltr'><strong>et</strong></span> 
     </span>
    </p>
   </div>
   <div class='ocr_carea' id='block_1_58' title="bbox 366 3929 1946 4002">
    <p class='ocr_par' dir='ltr' id='par_1_58' title="bbox 366 3929 1946 4002">
     <span class='ocr_line' id='line_1_58' title="bbox 366 3929 1946 4002; baseline -0.003 -15"><span class='ocrx_word' id='word_1_465' title='bbox 366 3952 383 3981; x_wconf 75' lang='grc' dir='ltr'><strong>ι</strong></span> <span class='ocrx_word' id='word_1_466' title='bbox 415 3947 550 4002; x_wconf 81' lang='lat' dir='ltr'><strong>gens</strong></span> <span class='ocrx_word' id='word_1_467' title='bbox 575 3938 765 3987; x_wconf 87' lang='lat' dir='ltr'><strong>sancta</strong></span> <span class='ocrx_word' id='word_1_468' title='bbox 782 3932 829 3963; x_wconf 79' lang='lat'>”</span> <span class='ocrx_word' id='word_1_469' title='bbox 858 3950 877 3983; x_wconf 83' lang='grc'>›</span> <span class='ocrx_word' id='word_1_470' title='bbox 911 3931 1232 3986; x_wconf 88' lang='lat' dir='ltr'><strong>vocabatur.</strong></span> <span class='ocrx_word' id='word_1_471' title='bbox 1278 3929 1343 3982; x_wconf 89' lang='lat' dir='ltr'><strong>Et</strong></span> <span class='ocrx_word' id='word_1_472' title='bbox 1374 3945 1472 3984; x_wconf 90' lang='lat' dir='ltr'><strong>vos</strong></span> <span class='ocrx_word' id='word_1_473' title='bbox 1500 3930 1666 3999; x_wconf 78' lang='lat' dir='ltr'><strong>igitur</strong></span> <span class='ocrx_word' id='word_1_474' title='bbox 1694 3931 1829 3986; x_wconf 89' lang='lat' dir='ltr'><strong>estis</strong></span> <span class='ocrx_word' id='word_1_475' title='bbox 1858 3946 1946 3985; x_wconf 87' lang='lat' dir='ltr'><strong>sa-</strong></span> 
     </span>
    </p>
   </div>
   <div class='ocr_carea' id='block_1_59' title="bbox 360 4022 1947 4095">
    <p class='ocr_par' dir='ltr' id='par_1_59' title="bbox 360 4022 1947 4095">
     <span class='ocr_line' id='line_1_59' title="bbox 360 4022 1947 4095; baseline -0.001 -14"><span class='ocrx_word' id='word_1_476' title='bbox 360 4032 650 4081; x_wconf 84' lang='lat' dir='ltr'><strong>crosancta</strong></span> <span class='ocrx_word' id='word_1_477' title='bbox 680 4023 774 4080; x_wconf 88' lang='lat' dir='ltr'><strong>Dei</strong></span> <span class='ocrx_word' id='word_1_478' title='bbox 806 4022 1053 4079; x_wconf 88' lang='lat' dir='ltr'><strong>Ecclesia</strong></span> <span class='ocrx_word' id='word_1_479' title='bbox 1073 4023 1389 4093; x_wconf 90' lang='lat' dir='ltr'><strong>conscripta</strong></span> <span class='ocrx_word' id='word_1_480' title='bbox 1419 4024 1473 4076; x_wconf 91' lang='lat' dir='ltr'><strong>in</strong></span> <span class='ocrx_word' id='word_1_481' title='bbox 1500 4023 1676 4086; x_wconf 73' lang='lat' dir='ltr'><strong>cmlis,</strong></span> <span class='ocrx_word' id='word_1_482' title='bbox 1722 4041 1739 4073; x_wconf 76' lang='grc' dir='ltr'><strong>ι</strong></span> <span class='ocrx_word' id='word_1_483' title='bbox 1766 4026 1947 4095; x_wconf 83' lang='lat' dir='ltr'><strong>regale</strong></span> 
     </span>
    </p>
   </div>
   <div class='ocr_carea' id='block_1_60' title="bbox 362 4115 1938 4189">
    <p class='ocr_par' dir='ltr' id='par_1_60' title="bbox 362 4115 1938 4189">
     <span class='ocr_line' id='line_1_60' title="bbox 362 4115 1938 4189; baseline -0.003 -16"><span class='ocrx_word' id='word_1_484' title='bbox 362 4118 755 4183; x_wconf 85' lang='lat' dir='ltr'><strong>sacerdotium,</strong></span> <span class='ocrx_word' id='word_1_485' title='bbox 780 4132 916 4189; x_wconf 78' lang='lat' dir='ltr'><strong>gens</strong></span> <span class='ocrx_word' id='word_1_486' title='bbox 952 4124 1168 4179; x_wconf 89' lang='lat' dir='ltr'><strong>sancta,</strong></span> <span class='ocrx_word' id='word_1_487' title='bbox 1188 4115 1425 4187; x_wconf 90' lang='lat' dir='ltr'><strong>populus</strong></span> <span class='ocrx_word' id='word_1_488' title='bbox 1442 4115 1822 4185; x_wconf 88' lang='lat' dir='ltr'><strong>acquisitionis</strong></span> <span class='ocrx_word' id='word_1_489' title='bbox 1839 4117 1905 4181; x_wconf 59' lang='grc' dir='ltr'>κ,</span> <span class='ocrx_word' id='word_1_490' title='bbox 1920 4134 1938 4168; x_wconf 72' lang='grc' dir='ltr'><strong>ι</strong></span> 
     </span>
    </p>
   </div>
   <div class='ocr_carea' id='block_1_61' title="bbox 362 4206 1943 4283">
    <p class='ocr_par' dir='ltr' id='par_1_61' title="bbox 362 4206 1943 4283">
     <span class='ocr_line' id='line_1_61' title="bbox 362 4206 1943 4283; baseline -0.003 -16"><span class='ocrx_word' id='word_1_491' title='bbox 362 4226 565 4283; x_wconf 87' lang='lat' dir='ltr'><strong>sponsa</strong></span> <span class='ocrx_word' id='word_1_492' title='bbox 589 4220 785 4267; x_wconf 83' lang='lat' dir='ltr'><strong>ornata</strong></span> <span class='ocrx_word' id='word_1_493' title='bbox 836 4208 1069 4264; x_wconf 87' lang='lat' dir='ltr'><strong>Domino</strong></span> <span class='ocrx_word' id='word_1_494' title='bbox 1094 4207 1226 4264; x_wconf 90' lang='lat' dir='ltr'><strong>Deo.</strong></span> <span class='ocrx_word' id='word_1_495' title='bbox 1267 4206 1512 4263; x_wconf 87' lang='lat' dir='ltr'><strong>Ecclesia</strong></span> <span class='ocrx_word' id='word_1_496' title='bbox 1546 4223 1776 4279; x_wconf 80' lang='lat' dir='ltr'><strong>magna,</strong></span> <span class='ocrx_word' id='word_1_497' title='bbox 1835 4207 1943 4263; x_wconf 85' lang='lat' dir='ltr'><strong>Ec-</strong></span> 
     </span>
    </p>
   </div>
   <div class='ocr_carea' id='block_1_62' title="bbox 359 4300 1943 4373">
    <p class='ocr_par' dir='ltr' id='par_1_62' title="bbox 359 4300 1943 4373">
     <span class='ocr_line' id='line_1_62' title="bbox 359 4300 1943 4373; baseline -0.002 -14"><span class='ocrx_word' id='word_1_498' title='bbox 359 4304 529 4360; x_wconf 85' lang='lat' dir='ltr'><strong>clesia</strong></span> <span class='ocrx_word' id='word_1_499' title='bbox 557 4304 734 4361; x_wconf 83' lang='lat' dir='ltr'><strong>ﬁdelis</strong></span> <span class='ocrx_word' id='word_1_500' title='bbox 755 4344 770 4369; x_wconf 90' lang='lat'><strong>,</strong></span> <span class='ocrx_word' id='word_1_501' title='bbox 801 4303 1031 4358; x_wconf 88' lang='lat' dir='ltr'><strong>auribus</strong></span> <span class='ocrx_word' id='word_1_502' title='bbox 1054 4301 1277 4373; x_wconf 90' lang='lat' dir='ltr'><strong>percipe</strong></span> <span class='ocrx_word' id='word_1_503' title='bbox 1313 4316 1434 4371; x_wconf 66' lang='lat' dir='ltr'><strong>quae</strong></span> <span class='ocrx_word' id='word_1_504' title='bbox 1462 4301 1617 4371; x_wconf 90' lang='lat' dir='ltr'><strong>prius</strong></span> <span class='ocrx_word' id='word_1_505' title='bbox 1648 4300 1795 4355; x_wconf 92' lang='lat' dir='ltr'><strong>dicta</strong></span> <span class='ocrx_word' id='word_1_506' title='bbox 1826 4300 1943 4356; x_wconf 79' lang='lat' dir='ltr'><strong>fuc-</strong></span> 
     </span>
    </p>
   </div>
   <div class='ocr_carea' id='block_1_63' title="bbox 358 4391 1941 4467">
    <p class='ocr_par' dir='ltr' id='par_1_63' title="bbox 358 4391 1941 4467">
     <span class='ocr_line' id='line_1_63' title="bbox 358 4391 1941 4467; baseline -0.002 -17"><span class='ocrx_word' id='word_1_507' title='bbox 358 4404 527 4452; x_wconf 84' lang='lat' dir='ltr'><strong>runt:</strong></span> <span class='ocrx_word' id='word_1_508' title='bbox 574 4396 903 4467; x_wconf 81' lang='lat' dir='ltr'><strong>cxceptitia,</strong></span> <span class='ocrx_word' id='word_1_509' title='bbox 952 4403 1007 4449; x_wconf 89' lang='lat' dir='ltr'><strong>et</strong></span> <span class='ocrx_word' id='word_1_510' title='bbox 1036 4391 1262 4450; x_wconf 75' lang='lat' dir='ltr'><strong>decima:</strong></span> <span class='ocrx_word' id='word_1_511' title='bbox 1283 4434 1297 4458; x_wconf 91' lang='lat'><strong>,</strong></span> <span class='ocrx_word' id='word_1_512' title='bbox 1332 4401 1387 4448; x_wconf 88' lang='lat' dir='ltr'><strong>et</strong></span> <span class='ocrx_word' id='word_1_513' title='bbox 1420 4393 1675 4463; x_wconf 76' lang='lat' dir='ltr'><strong>primitia:</strong></span> <span class='ocrx_word' id='word_1_514' title='bbox 1716 4392 1941 4448; x_wconf 87' lang='lat' dir='ltr'><strong>Christo</strong></span> 
     </span>
    </p>
   </div>
   <div class='ocr_carea' id='block_1_64' title="bbox 2075 1886 3686 1964">
    <p class='ocr_par' dir='ltr' id='par_1_64' title="bbox 2075 1886 3686 1964">
     <span class='ocr_line' id='line_1_64' title="bbox 2075 1886 3686 1964; baseline -0.002 -23"><span class='ocrx_word' id='word_1_515' title='bbox 2075 1889 2167 1962; x_wconf 75' lang='grc' dir='ltr'><strong>σία</strong></span> <span class='ocrx_word' id='word_1_516' title='bbox 2198 1890 2684 1964; x_wconf 80' lang='grc' dir='ltr'>προσεδρεύοντας,</span> <span class='ocrx_word' id='word_1_517' title='bbox 2716 1890 2781 1944; x_wconf 79' lang='grc' dir='ltr'>ἐκ</span> <span class='ocrx_word' id='word_1_518' title='bbox 2806 1889 2909 1960; x_wconf 81' lang='grc' dir='ltr'>τῆς</span> <span class='ocrx_word' id='word_1_519' title='bbox 2938 1888 3233 1961; x_wconf 77' lang='grc' dir='ltr'><strong>ἐκκλησίας</strong></span> <span class='ocrx_word' id='word_1_520' title='bbox 3261 1886 3686 1959; x_wconf 60' lang='grc' dir='ltr'>διατρέφεσθαι,</span> 
     </span>
    </p>
   </div>
   <div class='ocr_carea' id='block_1_65' title="bbox 2072 1977 3680 2054">
    <p class='ocr_par' dir='ltr' id='par_1_65' title="bbox 2072 1977 3680 2054">
     <span class='ocr_line' id='line_1_65' title="bbox 2072 1977 3680 2054; baseline -0.002 -19"><span class='ocrx_word' id='word_1_521' title='bbox 2072 1980 2169 2035; x_wconf 60' lang='lat' dir='ltr'><strong>ﬁt:</strong></span> <span class='ocrx_word' id='word_1_522' title='bbox 2216 1982 2400 2054; x_wconf 81' lang='grc' dir='ltr'>ἱερεῖς,</span> <span class='ocrx_word' id='word_1_523' title='bbox 2449 1978 2664 2046; x_wconf 86' lang='grc' dir='ltr'>λευιτας</span> <span class='ocrx_word' id='word_1_524' title='bbox 2688 2020 2703 2044; x_wconf 88' lang='grc'><strong>,</strong></span> <span class='ocrx_word' id='word_1_525' title='bbox 2748 1982 3064 2054; x_wconf 81' lang='grc' dir='ltr'>προέδρους,</span> <span class='ocrx_word' id='word_1_526' title='bbox 3107 1979 3453 2052; x_wconf 75' lang='grc' dir='ltr'>λειτουργοὺς</span> <span class='ocrx_word' id='word_1_527' title='bbox 3491 1977 3633 2032; x_wconf 85' lang='grc' dir='ltr'>Θεοῦ</span> <span class='ocrx_word' id='word_1_528' title='bbox 3661 1996 3680 2009; x_wconf 89' lang='grc'><strong>·</strong></span> 
     </span>
    </p>
   </div>
   <div class='ocr_carea' id='block_1_66' title="bbox 2071 2072 3685 2148">
    <p class='ocr_par' dir='ltr' id='par_1_66' title="bbox 2071 2072 3685 2148">
     <span class='ocr_line' id='line_1_66' title="bbox 2071 2072 3685 2148; baseline -0.003 -20"><span class='ocrx_word' id='word_1_529' title='bbox 2071 2072 2255 2139; x_wconf 85' lang='grc' dir='ltr'>καθὼς</span> <span class='ocrx_word' id='word_1_530' title='bbox 2282 2076 2340 2128; x_wconf 81' lang='grc' dir='ltr'>ὲν</span> <span class='ocrx_word' id='word_1_531' title='bbox 2369 2074 2535 2146; x_wconf 77' lang='grc' dir='ltr'>βίϐλῳ</span> <span class='ocrx_word' id='word_1_532' title='bbox 2548 2075 2656 2129; x_wconf 89' lang='grc' dir='ltr'><strong>τῶν</strong></span> <span class='ocrx_word' id='word_1_533' title='bbox 2672 2074 2945 2148; x_wconf 85' lang='grc' dir='ltr'>Ἀριθμῶν</span> <span class='ocrx_word' id='word_1_534' title='bbox 2970 2074 3278 2146; x_wconf 81' lang='grc' dir='ltr'>γέγραπται</span> <span class='ocrx_word' id='word_1_535' title='bbox 3306 2073 3433 2143; x_wconf 76' lang='grc' dir='ltr'>περὶ</span> <span class='ocrx_word' id='word_1_536' title='bbox 3459 2072 3573 2125; x_wconf 90' lang='grc' dir='ltr'><strong>τῶν</strong></span> <span class='ocrx_word' id='word_1_537' title='bbox 3598 2073 3685 2124; x_wconf 87' lang='grc' dir='ltr'>ἱε-</span> 
     </span>
    </p>
   </div>
   <div class='ocr_carea' id='block_1_67' title="bbox 2074 2162 3683 2240">
    <p class='ocr_par' dir='ltr' id='par_1_67' title="bbox 2074 2162 3683 2240">
     <span class='ocr_line' id='line_1_67' title="bbox 2074 2162 3683 2240; baseline 0 -21"><span class='ocrx_word' id='word_1_538' title='bbox 2074 2165 2232 2237; x_wconf 83' lang='grc' dir='ltr'>ρέων·</span> <span class='ocrx_word' id='word_1_539' title='bbox 2256 2185 2274 2219; x_wconf 81' lang='grc' dir='ltr'><strong>ι</strong></span> <span class='ocrx_word' id='word_1_540' title='bbox 2312 2167 2422 2220; x_wconf 79' lang='grc' dir='ltr'><strong>Καὶ</strong></span> <span class='ocrx_word' id='word_1_541' title='bbox 2448 2162 2569 2220; x_wconf 84' lang='grc' dir='ltr'>εἷπε</span> <span class='ocrx_word' id='word_1_542' title='bbox 2598 2167 2803 2239; x_wconf 81' lang='grc' dir='ltr'>Κύριος</span> <span class='ocrx_word' id='word_1_543' title='bbox 2827 2166 2966 2240; x_wconf 77' lang='grc' dir='ltr'>πρὸς</span> <span class='ocrx_word' id='word_1_544' title='bbox 2995 2166 3223 2239; x_wconf 84' lang='grc' dir='ltr'>Ἀαρών·</span> <span class='ocrx_word' id='word_1_545' title='bbox 3255 2167 3348 2229; x_wconf 85' lang='grc' dir='ltr'><strong>Σὺ,</strong></span> <span class='ocrx_word' id='word_1_546' title='bbox 3370 2165 3466 2219; x_wconf 68' lang='grc' dir='ltr'>καὶ</span> <span class='ocrx_word' id='word_1_547' title='bbox 3495 2165 3683 2219; x_wconf 82' lang='grc' dir='ltr'>οῖυὶοι</span> 
     </span>
    </p>
   </div>
   <div class='ocr_carea' id='block_1_68' title="bbox 2072 2253 3683 2332">
    <p class='ocr_par' dir='ltr' id='par_1_68' title="bbox 2072 2253 3683 2332">
     <span class='ocr_line' id='line_1_68' title="bbox 2072 2253 3683 2332; baseline -0.001 -21"><span class='ocrx_word' id='word_1_548' title='bbox 2072 2274 2187 2321; x_wconf 83' lang='grc' dir='ltr'>σου,</span> <span class='ocrx_word' id='word_1_549' title='bbox 2218 2258 2313 2311; x_wconf 77' lang='grc' dir='ltr'>καὶ</span> <span class='ocrx_word' id='word_1_550' title='bbox 2356 2260 2386 2311; x_wconf 85' lang='grc' dir='ltr'>ὀ</span> <span class='ocrx_word' id='word_1_551' title='bbox 2413 2253 2562 2323; x_wconf 76' lang='grc' dir='ltr'>οἶκος</span> <span class='ocrx_word' id='word_1_552' title='bbox 2589 2261 2826 2332; x_wconf 80' lang='grc' dir='ltr'>πατριᾶς</span> <span class='ocrx_word' id='word_1_553' title='bbox 2866 2277 2961 2314; x_wconf 89' lang='grc' dir='ltr'><strong>σου</strong></span> <span class='ocrx_word' id='word_1_554' title='bbox 2988 2258 3222 2331; x_wconf 73' lang='grc' dir='ltr'>λήψεσθε</span> <span class='ocrx_word' id='word_1_555' title='bbox 3262 2258 3361 2321; x_wconf 87' lang='grc' dir='ltr'><strong>τάς</strong></span> <span class='ocrx_word' id='word_1_556' title='bbox 3388 2258 3683 2329; x_wconf 75' lang='grc' dir='ltr'>ἁμαρτίας</span> 
     </span>
    </p>
   </div>
   <div class='ocr_carea' id='block_1_69' title="bbox 2069 2349 3679 2424">
    <p class='ocr_par' dir='ltr' id='par_1_69' title="bbox 2069 2349 3679 2424">
     <span class='ocr_line' id='line_1_69' title="bbox 2069 2349 3679 2424; baseline 0 -22"><span class='ocrx_word' id='word_1_557' title='bbox 2069 2350 2177 2404; x_wconf 87' lang='grc' dir='ltr'><strong>τῶν</strong></span> <span class='ocrx_word' id='word_1_558' title='bbox 2203 2351 2396 2419; x_wconf 80' lang='grc' dir='ltr'>ἁγίων,</span> <span class='ocrx_word' id='word_1_559' title='bbox 2430 2351 2531 2422; x_wconf 81' lang='grc' dir='ltr'>τῆς</span> <span class='ocrx_word' id='word_1_560' title='bbox 2564 2352 2835 2423; x_wconf 86' lang='grc' dir='ltr'>ἱερατείας</span> <span class='ocrx_word' id='word_1_561' title='bbox 2882 2352 3057 2424; x_wconf 85' lang='grc' dir='ltr'>ὑμῶν.</span> <span class='ocrx_word' id='word_1_562' title='bbox 3113 2351 3241 2405; x_wconf 75' lang='grc' dir='ltr'>Ἰδοὺ</span> <span class='ocrx_word' id='word_1_563' title='bbox 3283 2349 3489 2404; x_wconf 81' lang='grc' dir='ltr'>δέδωκα</span> <span class='ocrx_word' id='word_1_564' title='bbox 3535 2351 3679 2421; x_wconf 85' lang='grc' dir='ltr'>ὑμῖν</span> 
     </span>
    </p>
   </div>
   <div class='ocr_carea' id='block_1_70' title="bbox 2067 2442 3677 2517">
    <p class='ocr_par' dir='ltr' id='par_1_70' title="bbox 2067 2442 3677 2517">
     <span class='ocr_line' id='line_1_70' title="bbox 2067 2442 3677 2517; baseline 0 -22"><span class='ocrx_word' id='word_1_565' title='bbox 2067 2442 2166 2514; x_wconf 84' lang='grc' dir='ltr'>τὴν</span> <span class='ocrx_word' id='word_1_566' title='bbox 2193 2443 2512 2517; x_wconf 84' lang='grc' dir='ltr'>διατήρησιν</span> <span class='ocrx_word' id='word_1_567' title='bbox 2532 2444 2640 2497; x_wconf 88' lang='grc' dir='ltr'><strong>τῶν</strong></span> <span class='ocrx_word' id='word_1_568' title='bbox 2668 2444 2955 2516; x_wconf 84' lang='grc' dir='ltr'>ἀπαρχῶν·</span> <span class='ocrx_word' id='word_1_569' title='bbox 2986 2444 3095 2497; x_wconf 82' lang='grc' dir='ltr'>ἀπὸ</span> <span class='ocrx_word' id='word_1_570' title='bbox 3126 2444 3343 2498; x_wconf 80' lang='grc' dir='ltr'>πάντων</span> <span class='ocrx_word' id='word_1_571' title='bbox 3373 2442 3480 2496; x_wconf 87' lang='grc' dir='ltr'><strong>τῶν</strong></span> <span class='ocrx_word' id='word_1_572' title='bbox 3508 2445 3677 2514; x_wconf 84' lang='grc' dir='ltr'>ήγια-</span> 
     </span>
    </p>
   </div>
   <div class='ocr_carea' id='block_1_71' title="bbox 2069 2535 3675 2609">
    <p class='ocr_par' dir='ltr' id='par_1_71' title="bbox 2069 2535 3675 2609">
     <span class='ocr_line' id='line_1_71' title="bbox 2069 2535 3675 2609; baseline -0.001 -18"><span class='ocrx_word' id='word_1_573' title='bbox 2069 2537 2281 2609; x_wconf 84' lang='grc' dir='ltr'>σμένων</span> <span class='ocrx_word' id='word_1_574' title='bbox 2304 2554 2394 2608; x_wconf 89' lang='grc' dir='ltr'><strong>μοι</strong></span> <span class='ocrx_word' id='word_1_575' title='bbox 2422 2536 2575 2609; x_wconf 88' lang='grc' dir='ltr'><strong>παρά</strong></span> <span class='ocrx_word' id='word_1_576' title='bbox 2601 2536 2709 2590; x_wconf 92' lang='grc' dir='ltr'><strong>τῶν</strong></span> <span class='ocrx_word' id='word_1_577' title='bbox 2738 2536 2871 2590; x_wconf 89' lang='grc' dir='ltr'>υἱῶν</span> <span class='ocrx_word' id='word_1_578' title='bbox 2904 2536 3140 2609; x_wconf 75' lang='grc' dir='ltr'>Ἰσραὴλ,</span> <span class='ocrx_word' id='word_1_579' title='bbox 3171 2538 3254 2590; x_wconf 76' lang='grc' dir='ltr'>σοὶ</span> <span class='ocrx_word' id='word_1_580' title='bbox 3285 2535 3489 2589; x_wconf 80' lang='grc' dir='ltr'>δέδωκα</span> <span class='ocrx_word' id='word_1_581' title='bbox 3518 2536 3675 2589; x_wconf 65' lang='grc' dir='ltr'>αὐτὰ</span> 
     </span>
    </p>
   </div>
   <div class='ocr_carea' id='block_1_72' title="bbox 2066 2628 3671 2703">
    <p class='ocr_par' dir='ltr' id='par_1_72' title="bbox 2066 2628 3671 2703">
     <span class='ocr_line' id='line_1_72' title="bbox 2066 2628 3671 2703; baseline -0.007 -15"><span class='ocrx_word' id='word_1_582' title='bbox 2066 2634 2145 2696; x_wconf 87' lang='grc' dir='ltr'><strong>εἱς</strong></span> <span class='ocrx_word' id='word_1_583' title='bbox 2173 2631 2365 2703; x_wconf 81' lang='grc' dir='ltr'>γέρας,</span> <span class='ocrx_word' id='word_1_584' title='bbox 2396 2631 2492 2685; x_wconf 72' lang='grc' dir='ltr'>καὶ</span> <span class='ocrx_word' id='word_1_585' title='bbox 2532 2633 2647 2695; x_wconf 88' lang='grc' dir='ltr'>τοῖς</span> <span class='ocrx_word' id='word_1_586' title='bbox 2687 2631 2823 2694; x_wconf 88' lang='grc' dir='ltr'>υἱοῖς</span> <span class='ocrx_word' id='word_1_587' title='bbox 2854 2648 2947 2684; x_wconf 92' lang='grc' dir='ltr'><strong>σου</strong></span> <span class='ocrx_word' id='word_1_588' title='bbox 2980 2629 3117 2701; x_wconf 82' lang='grc' dir='ltr'><strong>μετά</strong></span> <span class='ocrx_word' id='word_1_589' title='bbox 3146 2629 3225 2692; x_wconf 80' lang='grc' dir='ltr'>σὲ,</span> <span class='ocrx_word' id='word_1_590' title='bbox 3256 2628 3485 2699; x_wconf 78' lang='grc' dir='ltr'>νόμιμον</span> <span class='ocrx_word' id='word_1_591' title='bbox 3527 2628 3671 2682; x_wconf 78' lang='grc' dir='ltr'><strong>αἰώ-</strong></span> 
     </span>
    </p>
   </div>
   <div class='ocr_carea' id='block_1_73' title="bbox 2064 2721 3669 2795">
    <p class='ocr_par' dir='ltr' id='par_1_73' title="bbox 2064 2721 3669 2795">
     <span class='ocr_line' id='line_1_73' title="bbox 2064 2721 3669 2795; baseline -0.002 -17"><span class='ocrx_word' id='word_1_592' title='bbox 2064 2742 2194 2778; x_wconf 90' lang='grc' dir='ltr'>νιον.</span> <span class='ocrx_word' id='word_1_593' title='bbox 2227 2725 2338 2778; x_wconf 77' lang='grc' dir='ltr'><strong>Καὶ</strong></span> <span class='ocrx_word' id='word_1_594' title='bbox 2365 2723 2523 2777; x_wconf 83' lang='grc' dir='ltr'>τοῦτο</span> <span class='ocrx_word' id='word_1_595' title='bbox 2563 2723 2716 2777; x_wconf 78' lang='grc' dir='ltr'>ἐσται</span> <span class='ocrx_word' id='word_1_596' title='bbox 2744 2724 2873 2795; x_wconf 89' lang='grc' dir='ltr'>ὑμῖν</span> <span class='ocrx_word' id='word_1_597' title='bbox 2898 2721 3007 2776; x_wconf 82' lang='grc' dir='ltr'>ἀπὸ</span> <span class='ocrx_word' id='word_1_598' title='bbox 3037 2722 3145 2775; x_wconf 86' lang='grc' dir='ltr'><strong>τῶν</strong></span> <span class='ocrx_word' id='word_1_599' title='bbox 3190 2721 3558 2793; x_wconf 83' lang='grc' dir='ltr'>ήγιασμὲνων,</span> <span class='ocrx_word' id='word_1_600' title='bbox 3596 2721 3669 2774; x_wconf 80' lang='grc' dir='ltr'>ἐκ</span> 
     </span>
    </p>
   </div>
   <div class='ocr_carea' id='block_1_74' title="bbox 2062 2813 3665 2888">
    <p class='ocr_par' dir='ltr' id='par_1_74' title="bbox 2062 2813 3665 2888">
     <span class='ocr_line' id='line_1_74' title="bbox 2062 2813 3665 2888; baseline -0.001 -19"><span class='ocrx_word' id='word_1_601' title='bbox 2062 2816 2172 2871; x_wconf 87' lang='grc' dir='ltr'><strong>τῶν</strong></span> <span class='ocrx_word' id='word_1_602' title='bbox 2190 2814 2603 2888; x_wconf 85' lang='grc' dir='ltr'>καρπωμάτων,</span> <span class='ocrx_word' id='word_1_603' title='bbox 2635 2816 2730 2869; x_wconf 79' lang='grc' dir='ltr'>καὶ</span> <span class='ocrx_word' id='word_1_604' title='bbox 2756 2814 2867 2869; x_wconf 78' lang='grc' dir='ltr'>ἀπὸ</span> <span class='ocrx_word' id='word_1_605' title='bbox 2897 2814 3006 2867; x_wconf 86' lang='grc' dir='ltr'><strong>τῶν</strong></span> <span class='ocrx_word' id='word_1_606' title='bbox 3032 2813 3239 2885; x_wconf 85' lang='grc' dir='ltr'>δώρων,</span> <span class='ocrx_word' id='word_1_607' title='bbox 3270 2815 3363 2867; x_wconf 76' lang='grc' dir='ltr'>καὶ</span> <span class='ocrx_word' id='word_1_608' title='bbox 3390 2813 3498 2867; x_wconf 81' lang='grc' dir='ltr'>ἀπὸ</span> <span class='ocrx_word' id='word_1_609' title='bbox 3522 2814 3665 2868; x_wconf 76' lang='grc' dir='ltr'>πάν-</span> 
     </span>
    </p>
   </div>
   <div class='ocr_carea' id='block_1_75' title="bbox 2061 2906 3663 2978">
    <p class='ocr_par' dir='ltr' id='par_1_75' title="bbox 2061 2906 3663 2978">
     <span class='ocr_line' id='line_1_75' title="bbox 2061 2906 3663 2978; baseline 0 -17"><span class='ocrx_word' id='word_1_610' title='bbox 2061 2925 2171 2961; x_wconf 91' lang='grc' dir='ltr'><strong>των</strong></span> <span class='ocrx_word' id='word_1_611' title='bbox 2192 2906 2304 2978; x_wconf 76' lang='grc'><strong>(71)</strong></span> <span class='ocrx_word' id='word_1_612' title='bbox 2319 2906 2427 2960; x_wconf 91' lang='grc' dir='ltr'><strong>τῶν</strong></span> <span class='ocrx_word' id='word_1_613' title='bbox 2448 2906 2669 2971; x_wconf 77' lang='grc' dir='ltr'>θυσιῶν,</span> <span class='ocrx_word' id='word_1_614' title='bbox 2687 2906 2783 2960; x_wconf 75' lang='grc' dir='ltr'>καὶ</span> <span class='ocrx_word' id='word_1_615' title='bbox 2797 2906 2907 2961; x_wconf 81' lang='grc' dir='ltr'>ἀπὸ</span> <span class='ocrx_word' id='word_1_616' title='bbox 2929 2906 3111 2977; x_wconf 79' lang='grc' dir='ltr'>πάσης</span> <span class='ocrx_word' id='word_1_617' title='bbox 3127 2907 3526 2978; x_wconf 82' lang='grc' dir='ltr'>πλημμελείας,</span> <span class='ocrx_word' id='word_1_618' title='bbox 3561 2910 3663 2961; x_wconf 78' lang='grc' dir='ltr'>καὶ</span> 
     </span>
    </p>
   </div>
   <div class='ocr_carea' id='block_1_76' title="bbox 2062 2997 3663 3072">
    <p class='ocr_par' dir='ltr' id='par_1_76' title="bbox 2062 2997 3663 3072">
     <span class='ocr_line' id='line_1_76' title="bbox 2062 2997 3663 3072; baseline 0 -19"><span class='ocrx_word' id='word_1_619' title='bbox 2062 3001 2190 3072; x_wconf 84' lang='grc' dir='ltr'><strong>περὶ</strong></span> <span class='ocrx_word' id='word_1_620' title='bbox 2222 2998 2525 3071; x_wconf 82' lang='grc' dir='ltr'>ἁμαρτιῶν·</span> <span class='ocrx_word' id='word_1_621' title='bbox 2558 2999 2653 3052; x_wconf 80' lang='grc' dir='ltr'>καὶ</span> <span class='ocrx_word' id='word_1_622' title='bbox 2677 2998 2778 3051; x_wconf 82' lang='grc' dir='ltr'>ὅσα</span> <span class='ocrx_word' id='word_1_623' title='bbox 2819 2997 3129 3051; x_wconf 85' lang='grc' dir='ltr'>ἀποδιδόασί</span> <span class='ocrx_word' id='word_1_624' title='bbox 3161 3016 3249 3070; x_wconf 90' lang='grc' dir='ltr'><strong>μοι</strong></span> <span class='ocrx_word' id='word_1_625' title='bbox 3291 2998 3397 3051; x_wconf 81' lang='grc' dir='ltr'>ἀπὸ</span> <span class='ocrx_word' id='word_1_626' title='bbox 3437 2999 3663 3053; x_wconf 75' lang='grc' dir='ltr'>πάντων</span> 
     </span>
    </p>
   </div>
   <div class='ocr_carea' id='block_1_77' title="bbox 2062 3091 3663 3164">
    <p class='ocr_par' dir='ltr' id='par_1_77' title="bbox 2062 3091 3663 3164">
     <span class='ocr_line' id='line_1_77' title="bbox 2062 3091 3663 3164; baseline -0.001 -17"><span class='ocrx_word' id='word_1_627' title='bbox 2062 3094 2170 3148; x_wconf 89' lang='grc' dir='ltr'><strong>τῶν</strong></span> <span class='ocrx_word' id='word_1_628' title='bbox 2198 3093 2390 3161; x_wconf 82' lang='grc' dir='ltr'>ἁγίων,</span> <span class='ocrx_word' id='word_1_629' title='bbox 2419 3092 2503 3146; x_wconf 73' lang='grc' dir='ltr'>σοὶ</span> <span class='ocrx_word' id='word_1_630' title='bbox 2533 3091 2685 3146; x_wconf 76' lang='grc' dir='ltr'>ἔσται</span> <span class='ocrx_word' id='word_1_631' title='bbox 2715 3092 2809 3146; x_wconf 79' lang='grc' dir='ltr'>καὶ</span> <span class='ocrx_word' id='word_1_632' title='bbox 2834 3095 2948 3156; x_wconf 90' lang='grc' dir='ltr'>τοῖς</span> <span class='ocrx_word' id='word_1_633' title='bbox 2981 3093 3117 3155; x_wconf 83' lang='grc' dir='ltr'>υἱοῖς</span> <span class='ocrx_word' id='word_1_634' title='bbox 3146 3108 3259 3145; x_wconf 91' lang='grc' dir='ltr'>σου.</span> <span class='ocrx_word' id='word_1_635' title='bbox 3298 3092 3383 3144; x_wconf 87' lang='grc' dir='ltr'>Ἐν</span> <span class='ocrx_word' id='word_1_636' title='bbox 3411 3091 3489 3162; x_wconf 82' lang='grc' dir='ltr'><strong>τῷ</strong></span> <span class='ocrx_word' id='word_1_637' title='bbox 3511 3093 3663 3164; x_wconf 82' lang='grc' dir='ltr'>ἁγίῳ</span> 
     </span>
    </p>
   </div>
   <div class='ocr_carea' id='block_1_78' title="bbox 2060 3182 3658 3257">
    <p class='ocr_par' dir='ltr' id='par_1_78' title="bbox 2060 3182 3658 3257">
     <span class='ocr_line' id='line_1_78' title="bbox 2060 3182 3658 3257; baseline -0.002 -18"><span class='ocrx_word' id='word_1_638' title='bbox 2060 3184 2425 3255; x_wconf 71' lang='grc' dir='ltr'>φάγεσθε(7⁴2)</span> <span class='ocrx_word' id='word_1_639' title='bbox 2457 3182 2618 3237; x_wconf 76' lang='grc' dir='ltr'>αὐτα.</span> <span class='ocrx_word' id='word_1_640' title='bbox 2658 3202 2677 3235; x_wconf 72' lang='grc' dir='ltr'><strong>ι</strong></span> <span class='ocrx_word' id='word_1_641' title='bbox 2702 3183 2813 3236; x_wconf 75' lang='grc' dir='ltr'><strong>Καὶ</strong></span> <span class='ocrx_word' id='word_1_642' title='bbox 2843 3184 3149 3254; x_wconf 77' lang='grc' dir='ltr'>μετ’ὁλίγα·</span> <span class='ocrx_word' id='word_1_643' title='bbox 3175 3202 3193 3235; x_wconf 84' lang='grc' dir='ltr'><strong>ι</strong></span> <span class='ocrx_word' id='word_1_644' title='bbox 3232 3184 3387 3237; x_wconf 81' lang='grc' dir='ltr'>Πᾶσα</span> <span class='ocrx_word' id='word_1_645' title='bbox 3427 3185 3658 3257; x_wconf 72' lang='grc' dir='ltr'>ἀπαρχὴ</span> 
     </span>
    </p>
   </div>
   <div class='ocr_carea' id='block_1_79' title="bbox 2055 3275 3656 3348">
    <p class='ocr_par' dir='ltr' id='par_1_79' title="bbox 2055 3275 3656 3348">
     <span class='ocr_line' id='line_1_79' title="bbox 2055 3275 3656 3348; baseline -0.001 -17"><span class='ocrx_word' id='word_1_646' title='bbox 2055 3278 2232 3331; x_wconf 77' lang='grc' dir='ltr'>ἐλαίου</span> <span class='ocrx_word' id='word_1_647' title='bbox 2264 3278 2358 3331; x_wconf 76' lang='grc' dir='ltr'>καὶ</span> <span class='ocrx_word' id='word_1_648' title='bbox 2384 3277 2530 3330; x_wconf 80' lang='grc' dir='ltr'>οἴνου</span> <span class='ocrx_word' id='word_1_649' title='bbox 2573 3277 2669 3331; x_wconf 67' lang='grc' dir='ltr'><strong>κα)⁸</strong></span> <span class='ocrx_word' id='word_1_650' title='bbox 2716 3275 2864 3329; x_wconf 83' lang='grc' dir='ltr'>σίτου</span> <span class='ocrx_word' id='word_1_651' title='bbox 2888 3314 2902 3339; x_wconf 91' lang='grc'><strong>,</strong></span> <span class='ocrx_word' id='word_1_652' title='bbox 2932 3277 3032 3329; x_wconf 85' lang='grc' dir='ltr'>ὅσα</span> <span class='ocrx_word' id='word_1_653' title='bbox 3060 3275 3126 3330; x_wconf 79' lang='grc' dir='ltr'>ἂν</span> <span class='ocrx_word' id='word_1_654' title='bbox 3153 3276 3283 3329; x_wconf 88' lang='grc' dir='ltr'>δῶσι</span> <span class='ocrx_word' id='word_1_655' title='bbox 3312 3276 3498 3348; x_wconf 82' lang='grc' dir='ltr'>Κυρίῳ</span> <span class='ocrx_word' id='word_1_656' title='bbox 3516 3320 3533 3343; x_wconf 84' lang='grc'><strong>,</strong></span> <span class='ocrx_word' id='word_1_657' title='bbox 3569 3279 3656 3330; x_wconf 80' lang='grc' dir='ltr'>σοὶ</span> 
     </span>
    </p>
   </div>
   <div class='ocr_carea' id='block_1_80' title="bbox 2052 3368 3656 3440">
    <p class='ocr_par' dir='ltr' id='par_1_80' title="bbox 2052 3368 3656 3440">
     <span class='ocr_line' id='line_1_80' title="bbox 2052 3368 3656 3440; baseline -0.001 -15"><span class='ocrx_word' id='word_1_658' title='bbox 2052 3371 2261 3425; x_wconf 81' lang='grc' dir='ltr'>δέδωκα</span> <span class='ocrx_word' id='word_1_659' title='bbox 2301 3370 2461 3424; x_wconf 84' lang='grc' dir='ltr'>αὑτά·</span> <span class='ocrx_word' id='word_1_660' title='bbox 2505 3369 2601 3422; x_wconf 77' lang='grc' dir='ltr'>καὶ</span> <span class='ocrx_word' id='word_1_661' title='bbox 2626 3368 2696 3422; x_wconf 88' lang='grc' dir='ltr'><strong>τά</strong></span> <span class='ocrx_word' id='word_1_662' title='bbox 2723 3370 3069 3440; x_wconf 87' lang='grc' dir='ltr'>πρωτογεννή</span> <span class='ocrx_word' id='word_1_663' title='bbox 3079 3386 3222 3440; x_wconf 87' lang='grc' dir='ltr'>ματα</span> <span class='ocrx_word' id='word_1_664' title='bbox 3250 3370 3428 3423; x_wconf 74' lang='grc' dir='ltr'>πάντα</span> <span class='ocrx_word' id='word_1_665' title='bbox 3457 3387 3540 3423; x_wconf 93' lang='grc' dir='ltr'><strong>σοι</strong></span> <span class='ocrx_word' id='word_1_666' title='bbox 3570 3371 3656 3425; x_wconf 80' lang='grc' dir='ltr'><strong>δέ·-</strong></span> 
     </span>
    </p>
   </div>
   <div class='ocr_carea' id='block_1_81' title="bbox 2052 3460 3655 3534">
    <p class='ocr_par' dir='ltr' id='par_1_81' title="bbox 2052 3460 3655 3534">
     <span class='ocr_line' id='line_1_81' title="bbox 2052 3460 3655 3534; baseline -0.002 -15"><span class='ocrx_word' id='word_1_667' title='bbox 2052 3464 2218 3519; x_wconf 87' lang='grc' dir='ltr'>δωκα.</span> <span class='ocrx_word' id='word_1_668' title='bbox 2267 3464 2380 3518; x_wconf 77' lang='grc' dir='ltr'><strong>Καὶ</strong></span> <span class='ocrx_word' id='word_1_669' title='bbox 2408 3464 2659 3534; x_wconf 78' lang='grc' dir='ltr'>συνέρρει</span> <span class='ocrx_word' id='word_1_670' title='bbox 2688 3462 2797 3515; x_wconf 78' lang='grc' dir='ltr'><strong>πᾶν</strong></span> <span class='ocrx_word' id='word_1_671' title='bbox 2841 3460 3113 3531; x_wconf 81' lang='grc' dir='ltr'>ἀνάθεμα·</span> <span class='ocrx_word' id='word_1_672' title='bbox 3147 3463 3255 3514; x_wconf 81' lang='grc' dir='ltr'>πᾶν</span> <span class='ocrx_word' id='word_1_673' title='bbox 3298 3462 3655 3532; x_wconf 82' lang='grc' dir='ltr'>πρωτότοκον</span> 
     </span>
    </p>
   </div>
   <div class='ocr_carea' id='block_1_82' title="bbox 2052 3552 3655 3629">
    <p class='ocr_par' dir='ltr' id='par_1_82' title="bbox 2052 3552 3655 3629">
     <span class='ocr_line' id='line_1_82' title="bbox 2052 3552 3655 3629; baseline -0.002 -19"><span class='ocrx_word' id='word_1_674' title='bbox 2052 3556 2338 3629; x_wconf 86' lang='grc' dir='ltr'>ἀνθρώπου</span> <span class='ocrx_word' id='word_1_675' title='bbox 2385 3556 2480 3610; x_wconf 71' lang='grc' dir='ltr'>καὶ</span> <span class='ocrx_word' id='word_1_676' title='bbox 2508 3557 2737 3628; x_wconf 87' lang='grc' dir='ltr'>κτήνους</span> <span class='ocrx_word' id='word_1_677' title='bbox 2777 3552 3019 3625; x_wconf 77' lang='grc' dir='ltr'>καθαροῦ</span> <span class='ocrx_word' id='word_1_678' title='bbox 3049 3554 3143 3606; x_wconf 75' lang='grc' dir='ltr'>καὶ</span> <span class='ocrx_word' id='word_1_679' title='bbox 3171 3553 3483 3625; x_wconf 77' lang='grc' dir='ltr'>ἀκαθάρτου</span> <span class='ocrx_word' id='word_1_680' title='bbox 3506 3596 3523 3621; x_wconf 87' lang='grc'><strong>,</strong></span> <span class='ocrx_word' id='word_1_681' title='bbox 3554 3557 3655 3607; x_wconf 85' lang='grc' dir='ltr'>καὶ</span> 
     </span>
    </p>
   </div>
   <div class='ocr_carea' id='block_1_83' title="bbox 2052 3646 3654 3721">
    <p class='ocr_par' dir='ltr' id='par_1_83' title="bbox 2052 3646 3654 3721">
     <span class='ocr_line' id='line_1_83' title="bbox 2052 3646 3654 3721; baseline -0.001 -18"><span class='ocrx_word' id='word_1_682' title='bbox 2052 3650 2389 3721; x_wconf 80' lang='grc' dir='ltr'>θυσίας(75),</span> <span class='ocrx_word' id='word_1_683' title='bbox 2412 3650 2507 3702; x_wconf 73' lang='grc' dir='ltr'>καὶ</span> <span class='ocrx_word' id='word_1_684' title='bbox 2537 3647 2847 3719; x_wconf 81' lang='grc' dir='ltr'>στηθηνίου,</span> <span class='ocrx_word' id='word_1_685' title='bbox 2876 3648 2973 3701; x_wconf 75' lang='grc' dir='ltr'>καὶ</span> <span class='ocrx_word' id='word_1_686' title='bbox 3004 3646 3287 3719; x_wconf 80' lang='grc' dir='ltr'>βραχίονος</span> <span class='ocrx_word' id='word_1_687' title='bbox 3314 3646 3489 3712; x_wconf 77' lang='grc' dir='ltr'>δεξιοῦ</span> <span class='ocrx_word' id='word_1_688' title='bbox 3535 3652 3654 3713; x_wconf 84' lang='grc' dir='ltr'>τοῖς</span> 
     </span>
    </p>
   </div>
   <div class='ocr_carea' id='block_1_84' title="bbox 2054 3741 3654 3816">
    <p class='ocr_par' dir='ltr' id='par_1_84' title="bbox 2054 3741 3654 3816">
     <span class='ocr_line' id='line_1_84' title="bbox 2054 3741 3654 3816; baseline -0.001 -20"><span class='ocrx_word' id='word_1_689' title='bbox 2054 3742 2255 3816; x_wconf 86' lang='grc' dir='ltr'>ἱερεῦσι</span> <span class='ocrx_word' id='word_1_690' title='bbox 2296 3744 2669 3815; x_wconf 86' lang='grc' dir='ltr'>προσανήκει,</span> <span class='ocrx_word' id='word_1_691' title='bbox 2714 3741 2809 3794; x_wconf 75' lang='grc' dir='ltr'>καὶ</span> <span class='ocrx_word' id='word_1_692' title='bbox 2846 3743 2961 3804; x_wconf 89' lang='grc' dir='ltr'>τοῖς</span> <span class='ocrx_word' id='word_1_693' title='bbox 2990 3741 3199 3804; x_wconf 85' lang='grc' dir='ltr'>λοιποῖς</span> <span class='ocrx_word' id='word_1_694' title='bbox 3238 3744 3352 3803; x_wconf 83' lang='grc' dir='ltr'>τοῖς</span> <span class='ocrx_word' id='word_1_695' title='bbox 3398 3742 3654 3812; x_wconf 82' lang='grc' dir='ltr'>παραμέ-</span> 
     </span>
    </p>
   </div>
   <div class='ocr_carea' id='block_1_85' title="bbox 2050 3830 3653 3905">
    <p class='ocr_par' dir='ltr' id='par_1_85' title="bbox 2050 3830 3653 3905">
     <span class='ocr_line' id='line_1_85' title="bbox 2050 3830 3653 3905; baseline -0.001 -15"><span class='ocrx_word' id='word_1_696' title='bbox 2050 3854 2227 3891; x_wconf 87' lang='grc' dir='ltr'>νουσιν</span> <span class='ocrx_word' id='word_1_697' title='bbox 2257 3836 2441 3899; x_wconf 85' lang='grc' dir='ltr'>αὑτοῖς</span> <span class='ocrx_word' id='word_1_698' title='bbox 2503 3830 2762 3896; x_wconf 87' lang='grc' dir='ltr'>λευίταις.</span> <span class='ocrx_word' id='word_1_699' title='bbox 2802 3851 2821 3884; x_wconf 73' lang='grc' dir='ltr'><strong>ι</strong></span> <span class='ocrx_word' id='word_1_700' title='bbox 2868 3830 3117 3885; x_wconf 82' lang='grc' dir='ltr'>Ἀκούετε</span> <span class='ocrx_word' id='word_1_701' title='bbox 3146 3832 3317 3886; x_wconf 89' lang='grc' dir='ltr'>ταῦτα</span> <span class='ocrx_word' id='word_1_702' title='bbox 3345 3835 3441 3886; x_wconf 71' lang='grc' dir='ltr'>καὶ</span> <span class='ocrx_word' id='word_1_703' title='bbox 3486 3836 3653 3905; x_wconf 80' lang='grc' dir='ltr'>ὑμεῖς</span> 
     </span>
    </p>
   </div>
   <div class='ocr_carea' id='block_1_86' title="bbox 2048 3923 3647 3998">
    <p class='ocr_par' dir='ltr' id='par_1_86' title="bbox 2048 3923 3647 3998">
     <span class='ocr_line' id='line_1_86' title="bbox 2048 3923 3647 3998; baseline -0.001 -17"><span class='ocrx_word' id='word_1_704' title='bbox 2048 3930 2098 3981; x_wconf 91' lang='grc' dir='ltr'><strong>οἱ</strong></span> <span class='ocrx_word' id='word_1_705' title='bbox 2132 3928 2330 3992; x_wconf 76' lang='grc' dir='ltr'>λαῖκοὶ,</span> <span class='ocrx_word' id='word_1_706' title='bbox 2362 3926 2594 3997; x_wconf 83' lang='grc' dir='ltr'>ὲκλεκτὴ</span> <span class='ocrx_word' id='word_1_707' title='bbox 2634 3924 2933 3995; x_wconf 84' lang='grc' dir='ltr'>Ἐκκλησία</span> <span class='ocrx_word' id='word_1_708' title='bbox 2957 3924 3052 3977; x_wconf 89' lang='grc' dir='ltr'><strong>τοῦ</strong></span> <span class='ocrx_word' id='word_1_709' title='bbox 3082 3923 3249 3979; x_wconf 83' lang='grc' dir='ltr'>Θεοῦ.</span> <span class='ocrx_word' id='word_1_710' title='bbox 3282 3926 3396 3979; x_wconf 76' lang='grc' dir='ltr'><strong>Καὶ</strong></span> <span class='ocrx_word' id='word_1_711' title='bbox 3453 3926 3570 3998; x_wconf 73' lang='grc' dir='ltr'>γὰρ</span> <span class='ocrx_word' id='word_1_712' title='bbox 3617 3930 3647 3980; x_wconf 80' lang='grc' dir='ltr'>ὁ</span> 
     </span>
    </p>
   </div>
   <div class='ocr_carea' id='block_1_87' title="bbox 2047 4017 3650 4093">
    <p class='ocr_par' dir='ltr' id='par_1_87' title="bbox 2047 4017 3650 4093">
     <span class='ocr_line' id='line_1_87' title="bbox 2047 4017 3650 4093; baseline -0.001 -19"><span class='ocrx_word' id='word_1_713' title='bbox 2047 4022 2173 4085; x_wconf 86' lang='grc' dir='ltr'>λαὸς</span> <span class='ocrx_word' id='word_1_714' title='bbox 2202 4020 2463 4093; x_wconf 86' lang='grc' dir='ltr'>πρότερον</span> <span class='ocrx_word' id='word_1_715' title='bbox 2496 4038 2515 4072; x_wconf 82' lang='grc' dir='ltr'><strong>ι</strong></span> <span class='ocrx_word' id='word_1_716' title='bbox 2538 4018 2672 4072; x_wconf 82' lang='grc' dir='ltr'>Θεοῦ</span> <span class='ocrx_word' id='word_1_717' title='bbox 2714 4018 2843 4083; x_wconf 79' lang='grc' dir='ltr'>λαὸς</span> <span class='ocrx_word' id='word_1_718' title='bbox 2885 4018 2981 4071; x_wconf 75' lang='grc' dir='ltr'>καὶ</span> <span class='ocrx_word' id='word_1_719' title='bbox 3017 4017 3163 4082; x_wconf 80' lang='grc' dir='ltr'>ἔθνος</span> <span class='ocrx_word' id='word_1_720' title='bbox 3195 4018 3349 4087; x_wconf 85' lang='grc' dir='ltr'>ἀγιον</span> <span class='ocrx_word' id='word_1_721' title='bbox 3373 4040 3391 4072; x_wconf 77' lang='grc' dir='ltr'><strong>ι</strong></span> <span class='ocrx_word' id='word_1_722' title='bbox 3425 4021 3650 4091; x_wconf 78' lang='grc' dir='ltr'>ῶνομά-</span> 
     </span>
    </p>
   </div>
   <div class='ocr_carea' id='block_1_88' title="bbox 2047 4108 3648 4184">
    <p class='ocr_par' dir='ltr' id='par_1_88' title="bbox 2047 4108 3648 4184">
     <span class='ocr_line' id='line_1_88' title="bbox 2047 4108 3648 4184; baseline -0.002 -16"><span class='ocrx_word' id='word_1_723' title='bbox 2047 4115 2187 4179; x_wconf 79' lang='grc' dir='ltr'>ζετο·</span> <span class='ocrx_word' id='word_1_724' title='bbox 2220 4115 2313 4168; x_wconf 73' lang='grc' dir='ltr'>καὶ</span> <span class='ocrx_word' id='word_1_725' title='bbox 2343 4114 2501 4184; x_wconf 87' lang='grc' dir='ltr'>ὑμεῖς</span> <span class='ocrx_word' id='word_1_726' title='bbox 2528 4108 2620 4166; x_wconf 81' lang='grc' dir='ltr'><strong>οῦν</strong></span> <span class='ocrx_word' id='word_1_727' title='bbox 2649 4112 2772 4164; x_wconf 77' lang='grc' dir='ltr'>ἐστε</span> <span class='ocrx_word' id='word_1_728' title='bbox 2802 4109 2932 4179; x_wconf 86' lang='grc' dir='ltr'>ἁγία</span> <span class='ocrx_word' id='word_1_729' title='bbox 2958 4109 3051 4162; x_wconf 89' lang='grc' dir='ltr'><strong>τοῦ</strong></span> <span class='ocrx_word' id='word_1_730' title='bbox 3079 4110 3214 4163; x_wconf 87' lang='grc' dir='ltr'>Θεοῦ</span> <span class='ocrx_word' id='word_1_731' title='bbox 3247 4110 3368 4182; x_wconf 83' lang='grc' dir='ltr'><strong>ἱερά</strong></span> <span class='ocrx_word' id='word_1_732' title='bbox 3412 4113 3648 4184; x_wconf 77' lang='grc' dir='ltr'>Ἐκκλη-</span> 
     </span>
    </p>
   </div>
   <div class='ocr_carea' id='block_1_89' title="bbox 2047 4200 3643 4277">
    <p class='ocr_par' dir='ltr' id='par_1_89' title="bbox 2047 4200 3643 4277">
     <span class='ocr_line' id='line_1_89' title="bbox 2047 4200 3643 4277; baseline -0.001 -17"><span class='ocrx_word' id='word_1_733' title='bbox 2047 4208 2137 4260; x_wconf 87' lang='grc' dir='ltr'><strong>σία</strong></span> <span class='ocrx_word' id='word_1_734' title='bbox 2155 4204 2622 4277; x_wconf 82' lang='grc' dir='ltr'>ἀπογεγραμμένη</span> <span class='ocrx_word' id='word_1_735' title='bbox 2644 4205 2700 4256; x_wconf 78' lang='grc' dir='ltr'>ὲν</span> <span class='ocrx_word' id='word_1_736' title='bbox 2719 4204 2781 4256; x_wconf 90' lang='grc' dir='ltr'><strong>οὑ</strong></span> <span class='ocrx_word' id='word_1_737' title='bbox 2790 4200 3264 4274; x_wconf 77' lang='grc' dir='ltr'>ρανῷ,ιβασίλειον</span> <span class='ocrx_word' id='word_1_738' title='bbox 3314 4204 3643 4276; x_wconf 76' lang='grc' dir='ltr'>ἱεράτευμα,</span> 
     </span>
    </p>
   </div>
   <div class='ocr_carea' id='block_1_90' title="bbox 2045 4292 3653 4367">
    <p class='ocr_par' dir='ltr' id='par_1_90' title="bbox 2045 4292 3653 4367">
     <span class='ocr_line' id='line_1_90' title="bbox 2045 4292 3653 4367; baseline -0.011 -15"><span class='ocrx_word' id='word_1_739' title='bbox 2045 4298 2194 4361; x_wconf 70' lang='grc' dir='ltr'>ἔθνος</span> <span class='ocrx_word' id='word_1_740' title='bbox 2222 4298 2395 4367; x_wconf 76' lang='grc' dir='ltr'>ἅγιον,</span> <span class='ocrx_word' id='word_1_741' title='bbox 2422 4296 2656 4359; x_wconf 87' lang='grc' dir='ltr'>λαὸςέἱς</span> <span class='ocrx_word' id='word_1_742' title='bbox 2686 4292 3291 4366; x_wconf 72' lang='grc' dir='ltr'>περιποίησιν,ινύμφη</span> <span class='ocrx_word' id='word_1_743' title='bbox 3359 4297 3619 4351; x_wconf 73' lang='grc' dir='ltr'>κεχαλλω</span> <span class='ocrx_word' id='word_1_744' title='bbox 3640 4324 3653 4335; x_wconf 89' lang='grc'><strong>,</strong></span> 
     </span>
    </p>
   </div>
   <div class='ocr_carea' id='block_1_91' title="bbox 2044 4384 3646 4461">
    <p class='ocr_par' dir='ltr' id='par_1_91' title="bbox 2044 4384 3646 4461">
     <span class='ocr_line' id='line_1_91' title="bbox 2044 4384 3646 4461; baseline -0.001 -18"><span class='ocrx_word' id='word_1_745' title='bbox 2044 4390 2282 4461; x_wconf 78' lang='grc' dir='ltr'>πισμένη</span> <span class='ocrx_word' id='word_1_746' title='bbox 2311 4389 2501 4460; x_wconf 84' lang='grc' dir='ltr'>Κυρίῳ</span> <span class='ocrx_word' id='word_1_747' title='bbox 2527 4387 2605 4458; x_wconf 80' lang='grc' dir='ltr'>τῷ</span> <span class='ocrx_word' id='word_1_748' title='bbox 2632 4386 2771 4457; x_wconf 82' lang='grc' dir='ltr'>Θεῷ.</span> <span class='ocrx_word' id='word_1_749' title='bbox 2801 4384 3094 4455; x_wconf 81' lang='grc' dir='ltr'>Ἐκκλησία</span> <span class='ocrx_word' id='word_1_750' title='bbox 3128 4386 3361 4456; x_wconf 78' lang='grc' dir='ltr'>μεγάλη,</span> <span class='ocrx_word' id='word_1_751' title='bbox 3404 4388 3646 4459; x_wconf 77' lang='grc' dir='ltr'>Ἐκκλη-</span> 
     </span>
    </p>
   </div>
   <div class='ocr_carea' id='block_1_92' title="bbox 362 4476 1979 4565">
    <p class='ocr_par' dir='ltr' id='par_1_92' title="bbox 362 4479 1979 4565">
     <span class='ocr_line' id='line_1_92' title="bbox 362 4479 1979 4565; baseline -0.009 -16"><span class='ocrx_word' id='word_1_752' title='bbox 362 4491 612 4565; x_wconf 87' lang='lat' dir='ltr'><strong>pontiﬁci</strong></span> <span class='ocrx_word' id='word_1_753' title='bbox 642 4498 696 4546; x_wconf 89' lang='lat' dir='ltr'><strong>et</strong></span> <span class='ocrx_word' id='word_1_754' title='bbox 726 4489 1000 4545; x_wconf 88' lang='lat' dir='ltr'><strong>ministris</strong></span> <span class='ocrx_word' id='word_1_755' title='bbox 1020 4487 1141 4557; x_wconf 86' lang='lat' dir='ltr'><strong>ejus</strong></span> <span class='ocrx_word' id='word_1_756' title='bbox 1170 4504 1182 4537; x_wconf 91' lang='lat'>:</span> <span class='ocrx_word' id='word_1_757' title='bbox 1214 4486 1441 4541; x_wconf 58' lang='lat' dir='ltr'><strong>decimae</strong></span> <span class='ocrx_word' id='word_1_758' title='bbox 1470 4486 1751 4550; x_wconf 89' lang='lat' dir='ltr'><strong>salutaris,</strong></span> <span class='ocrx_word' id='word_1_759' title='bbox 1791 4488 1941 4555; x_wconf 89' lang='lat' dir='ltr'><strong>prin-</strong></span> <span class='ocrx_word' id='word_1_760' title='bbox 1972 4479 1979 4535; x_wconf 84' lang='lat' dir='ltr'><strong>l</strong></span> 
     </span>
    </p>
   </div>
   <div class='ocr_carea' id='block_1_93' title="bbox 2056 4476 3645 4565">
    <p class='ocr_par' dir='ltr' id='par_1_93' title="bbox 2056 4476 3645 4552">
     <span class='ocr_line' id='line_1_93' title="bbox 2056 4476 3645 4552; baseline -0.006 -17"><span class='ocrx_word' id='word_1_761' title='bbox 2056 4482 2139 4535; x_wconf 74' lang='grc' dir='ltr'><strong>τία</strong></span> <span class='ocrx_word' id='word_1_762' title='bbox 2166 4481 2334 4552; x_wconf 85' lang='grc' dir='ltr'>πιστὴ</span> <span class='ocrx_word' id='word_1_763' title='bbox 2358 4522 2373 4547; x_wconf 93' lang='grc'><strong>,</strong></span> <span class='ocrx_word' id='word_1_764' title='bbox 2401 4478 2438 4533; x_wconf 81' lang='grc' dir='ltr'>ἃ</span> <span class='ocrx_word' id='word_1_765' title='bbox 2467 4480 2730 4552; x_wconf 86' lang='grc' dir='ltr'>πρότερον</span> <span class='ocrx_word' id='word_1_766' title='bbox 2757 4477 2991 4549; x_wconf 77' lang='grc' dir='ltr'>ἐρρέθη,</span> <span class='ocrx_word' id='word_1_767' title='bbox 3022 4476 3117 4530; x_wconf 88' lang='grc' dir='ltr'><strong>νῦν</strong></span> <span class='ocrx_word' id='word_1_768' title='bbox 3162 4478 3440 4543; x_wconf 75' lang='grc' dir='ltr'>ὲνωτίζου·</span> <span class='ocrx_word' id='word_1_769' title='bbox 3472 4480 3645 4550; x_wconf 47' lang='lat' dir='ltr'><strong>deus-</strong></span> 
     </span>
    </p>
   </div>
   <div class='ocr_carea' id='block_1_94' title="bbox 355 4577 1940 4653">
    <p class='ocr_par' dir='ltr' id='par_1_94' title="bbox 355 4577 1940 4653">
     <span class='ocr_line' id='line_1_94' title="bbox 355 4577 1940 4653; baseline -0.003 -15"><span class='ocrx_word' id='word_1_770' title='bbox 355 4582 560 4653; x_wconf 84' lang='lat' dir='ltr'><strong>cipium</strong></span> <span class='ocrx_word' id='word_1_771' title='bbox 612 4581 853 4637; x_wconf 89' lang='lat' dir='ltr'><strong>nominis</strong></span> <span class='ocrx_word' id='word_1_772' title='bbox 882 4578 1035 4635; x_wconf 82' lang='lat' dir='ltr'><strong>Jesu.</strong></span> <span class='ocrx_word' id='word_1_773' title='bbox 1066 4577 1233 4643; x_wconf 82' lang='lat' dir='ltr'><strong>Audi,</strong></span> <span class='ocrx_word' id='word_1_774' title='bbox 1264 4592 1423 4633; x_wconf 86' lang='lat' dir='ltr'><strong>sacra</strong></span> <span class='ocrx_word' id='word_1_775' title='bbox 1450 4577 1721 4633; x_wconf 88' lang='lat' dir='ltr'><strong>catholica</strong></span> <span class='ocrx_word' id='word_1_776' title='bbox 1752 4577 1940 4633; x_wconf 84' lang='lat' dir='ltr'><strong>Eccle-</strong></span> 
     </span>
    </p>
   </div>
   <div class='ocr_carea' id='block_1_95' title="bbox 356 4668 1937 4747">
    <p class='ocr_par' dir='ltr' id='par_1_95' title="bbox 356 4668 1937 4747">
     <span class='ocr_line' id='line_1_95' title="bbox 356 4668 1937 4747; baseline -0.002 -18"><span class='ocrx_word' id='word_1_777' title='bbox 356 4677 459 4744; x_wconf 76' lang='lat' dir='ltr'><strong>sia,</strong></span> <span class='ocrx_word' id='word_1_778' title='bbox 488 4692 610 4747; x_wconf 65' lang='lat' dir='ltr'><strong>qua:</strong></span> <span class='ocrx_word' id='word_1_779' title='bbox 631 4676 820 4731; x_wconf 86' lang='lat' dir='ltr'><strong>decem</strong></span> <span class='ocrx_word' id='word_1_780' title='bbox 845 4673 968 4727; x_wconf 87' lang='lat' dir='ltr'><strong>illas</strong></span> <span class='ocrx_word' id='word_1_781' title='bbox 999 4672 1188 4742; x_wconf 79' lang='lat' dir='ltr'><strong>plagas</strong></span> <span class='ocrx_word' id='word_1_782' title='bbox 1209 4668 1474 4740; x_wconf 81' lang='lat' dir='ltr'><strong>cll‘ugisti,</strong></span> <span class='ocrx_word' id='word_1_783' title='bbox 1505 4678 1559 4725; x_wconf 91' lang='lat' dir='ltr'><strong>ct</strong></span> <span class='ocrx_word' id='word_1_784' title='bbox 1580 4670 1767 4725; x_wconf 90' lang='lat' dir='ltr'><strong>decem</strong></span> <span class='ocrx_word' id='word_1_785' title='bbox 1814 4670 1937 4726; x_wconf 90' lang='lat' dir='ltr'><strong>illos</strong></span> 
     </span>
    </p>
   </div>
   <div class='ocr_carea' id='block_1_96' title="bbox 356 4761 1933 4835">
    <p class='ocr_par' dir='ltr' id='par_1_96' title="bbox 356 4761 1933 4835">
     <span class='ocr_line' id='line_1_96' title="bbox 356 4761 1933 4835; baseline -0.004 -12"><span class='ocrx_word' id='word_1_786' title='bbox 356 4784 640 4824; x_wconf 82' lang='lat' dir='ltr'><strong>sermones</strong></span> <span class='ocrx_word' id='word_1_787' title='bbox 667 4783 763 4824; x_wconf 86' lang='lat' dir='ltr'><strong>seu</strong></span> <span class='ocrx_word' id='word_1_788' title='bbox 791 4766 1122 4835; x_wconf 81' lang='lat' dir='ltr'><strong>Decalogum</strong></span> <span class='ocrx_word' id='word_1_789' title='bbox 1163 4763 1446 4833; x_wconf 89' lang='lat' dir='ltr'><strong>accepisti,</strong></span> <span class='ocrx_word' id='word_1_790' title='bbox 1474 4772 1529 4818; x_wconf 90' lang='lat' dir='ltr'><strong>et</strong></span> <span class='ocrx_word' id='word_1_791' title='bbox 1582 4761 1755 4834; x_wconf 82' lang='lat' dir='ltr'><strong>legem</strong></span> <span class='ocrx_word' id='word_1_792' title='bbox 1789 4763 1933 4817; x_wconf 88' lang='lat' dir='ltr'><strong>didi-</strong></span> 
     </span>
    </p>
   </div>
   <div class='ocr_carea' id='block_1_97' title="bbox 2050 4567 3645 4646">
    <p class='ocr_par' dir='ltr' id='par_1_97' title="bbox 2050 4567 3645 4646">
     <span class='ocr_line' id='line_1_97' title="bbox 2050 4567 3645 4646; baseline -0.002 -18"><span class='ocrx_word' id='word_1_793' title='bbox 2050 4577 2259 4646; x_wconf 83' lang='grc' dir='ltr'>ρὲματα</span> <span class='ocrx_word' id='word_1_794' title='bbox 2278 4616 2293 4641; x_wconf 88' lang='grc'><strong>,</strong></span> <span class='ocrx_word' id='word_1_795' title='bbox 2323 4572 2419 4626; x_wconf 78' lang='grc' dir='ltr'>καὶ</span> <span class='ocrx_word' id='word_1_796' title='bbox 2445 4571 2671 4625; x_wconf 83' lang='grc' dir='ltr'>δεκάται</span> <span class='ocrx_word' id='word_1_797' title='bbox 2690 4612 2705 4638; x_wconf 86' lang='grc'><strong>,</strong></span> <span class='ocrx_word' id='word_1_798' title='bbox 2734 4569 2979 4640; x_wconf 74' lang='grc' dir='ltr'>ἀπαρχαὶ</span> <span class='ocrx_word' id='word_1_799' title='bbox 3005 4567 3086 4638; x_wconf 85' lang='grc' dir='ltr'>τῷ</span> <span class='ocrx_word' id='word_1_800' title='bbox 3125 4569 3374 4642; x_wconf 86' lang='grc' dir='ltr'>ἀρχιερεῖ</span> <span class='ocrx_word' id='word_1_801' title='bbox 3413 4573 3645 4645; x_wconf 80' lang='grc' dir='ltr'>Χριστῷ</span> 
     </span>
    </p>
   </div>
   <div class='ocr_carea' id='block_1_98' title="bbox 2047 4660 3644 4738">
    <p class='ocr_par' dir='ltr' id='par_1_98' title="bbox 2047 4660 3644 4738">
     <span class='ocr_line' id='line_1_98' title="bbox 2047 4660 3644 4738; baseline -0.004 -16"><span class='ocrx_word' id='word_1_802' title='bbox 2047 4669 2140 4722; x_wconf 77' lang='grc' dir='ltr'>καὶ</span> <span class='ocrx_word' id='word_1_803' title='bbox 2166 4670 2278 4730; x_wconf 89' lang='grc' dir='ltr'>τοῖς</span> <span class='ocrx_word' id='word_1_804' title='bbox 2307 4662 2712 4735; x_wconf 86' lang='grc' dir='ltr'>λειτουργοῦσιν</span> <span class='ocrx_word' id='word_1_805' title='bbox 2740 4661 2910 4732; x_wconf 81' lang='grc' dir='ltr'>αὐτῷ,</span> <span class='ocrx_word' id='word_1_806' title='bbox 2927 4660 3151 4714; x_wconf 81' lang='grc' dir='ltr'>δεκάται</span> <span class='ocrx_word' id='word_1_807' title='bbox 3182 4663 3477 4733; x_wconf 82' lang='grc' dir='ltr'>σωτηρίου,</span> <span class='ocrx_word' id='word_1_808' title='bbox 3494 4665 3644 4738; x_wconf 78' lang='grc' dir='ltr'>ἀρχὴ</span> 
     </span>
    </p>
   </div>
   <div class='ocr_carea' id='block_1_99' title="bbox 2039 4753 3639 4833">
    <p class='ocr_par' dir='ltr' id='par_1_99' title="bbox 2039 4753 3639 4833">
     <span class='ocr_line' id='line_1_99' title="bbox 2039 4753 3639 4833; baseline -0.009 -17"><span class='ocrx_word' id='word_1_809' title='bbox 2039 4762 2302 4833; x_wconf 83' lang='grc' dir='ltr'>ὀνόματος</span> <span class='ocrx_word' id='word_1_810' title='bbox 2318 4758 2492 4830; x_wconf 83' lang='grc' dir='ltr'>Ἰησοῦ</span> <span class='ocrx_word' id='word_1_811' title='bbox 2520 4757 2654 4828; x_wconf 73' lang='grc'><strong>(74).</strong></span> <span class='ocrx_word' id='word_1_812' title='bbox 2691 4757 2911 4819; x_wconf 80' lang='grc' dir='ltr'>Ἀκουε,</span> <span class='ocrx_word' id='word_1_813' title='bbox 2946 4753 3065 4826; x_wconf 84' lang='grc' dir='ltr'><strong>ἱερά</strong></span> <span class='ocrx_word' id='word_1_814' title='bbox 3093 4754 3359 4829; x_wconf 79' lang='grc' dir='ltr'>καθολικὴ</span> <span class='ocrx_word' id='word_1_815' title='bbox 3402 4758 3639 4831; x_wconf 76' lang='grc' dir='ltr'>Ἐκκλη-</span> 
     </span>
    </p>
   </div>
   <div class='ocr_carea' id='block_1_100' title="bbox 425 4867 1979 4944">
    <p class='ocr_par' dir='ltr' id='par_1_100' title="bbox 425 4874 1979 4944">
     <span class='ocr_line' id='line_1_100' title="bbox 425 4874 1979 4944; baseline -0.006 -6"><span class='ocrx_word' id='word_1_816' title='bbox 425 4884 470 4915; x_wconf 78' lang='grc'><strong>⁸⁸</strong></span> <span class='ocrx_word' id='word_1_817' title='bbox 509 4882 571 4938; x_wconf 89' lang='lat' dir='ltr'><strong>L.</strong></span> <span class='ocrx_word' id='word_1_818' title='bbox 623 4882 710 4944; x_wconf 84' lang='grc' dir='ltr'>Ὠς</span> <span class='ocrx_word' id='word_1_819' title='bbox 739 4881 930 4942; x_wconf 86' lang='grc' dir='ltr'>αὑτάς.</span> <span class='ocrx_word' id='word_1_820' title='bbox 1001 4878 1048 4909; x_wconf 80' lang='grc'><strong>⁹⁰</strong></span> <span class='ocrx_word' id='word_1_821' title='bbox 1088 4878 1161 4933; x_wconf 90' lang='lat' dir='ltr'><strong>ls.</strong></span> <span class='ocrx_word' id='word_1_822' title='bbox 1195 4892 1317 4943; x_wconf 84' lang='grc' dir='ltr'>ιιιι,</span> <span class='ocrx_word' id='word_1_823' title='bbox 1344 4878 1399 4944; x_wconf 58' lang='lat' dir='ltr'><strong>ei,</strong></span> <span class='ocrx_word' id='word_1_824' title='bbox 1432 4876 1519 4933; x_wconf 74' lang='grc'><strong>12.</strong></span> <span class='ocrx_word' id='word_1_825' title='bbox 1592 4876 1638 4907; x_wconf 75' lang='grc'><strong>⁹¹</strong></span> <span class='ocrx_word' id='word_1_826' title='bbox 1681 4874 1846 4932; x_wconf 89' lang='lat' dir='ltr'><strong>Num.</strong></span> <span class='ocrx_word' id='word_1_827' title='bbox 1872 4891 1979 4931; x_wconf 74' lang='lat' dir='ltr'><strong>xvu</strong></span> 
     </span>
    </p>
   </div>
   <div class='ocr_carea' id='block_1_101' title="bbox 2056 4867 3641 4944">
    <p class='ocr_par' dir='ltr' id='par_1_101' title="bbox 2064 4867 3641 4938">
     <span class='ocr_line' id='line_1_101' title="bbox 2064 4867 3641 4938; baseline -0.001 -11"><span class='ocrx_word' id='word_1_828' title='bbox 2064 4876 2115 4938; x_wconf 83' lang='lat' dir='ltr'><strong>l,</strong></span> <span class='ocrx_word' id='word_1_829' title='bbox 2152 4874 2205 4927; x_wconf 87' lang='grc'><strong>8.</strong></span> <span class='ocrx_word' id='word_1_830' title='bbox 2282 4875 2327 4908; x_wconf 80' lang='grc'><strong>⁹¹</strong></span> <span class='ocrx_word' id='word_1_831' title='bbox 2362 4871 2499 4927; x_wconf 82' lang='lat' dir='ltr'><strong>Ibid.</strong></span> <span class='ocrx_word' id='word_1_832' title='bbox 2536 4870 2622 4927; x_wconf 70' lang='grc'><strong>12.</strong></span> <span class='ocrx_word' id='word_1_833' title='bbox 2702 4870 2750 4901; x_wconf 75' lang='grc'><strong><em>’³</em></strong></span> <span class='ocrx_word' id='word_1_834' title='bbox 2778 4867 2954 4923; x_wconf 71' lang='lat' dir='ltr'><strong>Exod.</strong></span> <span class='ocrx_word' id='word_1_835' title='bbox 3002 4883 3116 4932; x_wconf 74' lang='lat' dir='ltr'><strong>XIX,</strong></span> <span class='ocrx_word' id='word_1_836' title='bbox 3148 4868 3204 4933; x_wconf 85' lang='lat'><strong>5,</strong></span> <span class='ocrx_word' id='word_1_837' title='bbox 3237 4868 3292 4923; x_wconf 87' lang='lat'><strong>6.</strong></span> <span class='ocrx_word' id='word_1_838' title='bbox 3370 4870 3419 4903; x_wconf 73' lang='lat'><strong>”</strong></span> <span class='ocrx_word' id='word_1_839' title='bbox 3462 4872 3641 4930; x_wconf 78' lang='lat' dir='ltr'><strong>Hebr.</strong></span> 
     </span>
    </p>
   </div>
   <div class='ocr_carea' id='block_1_102' title="bbox 356 4950 945 5023">
    <p class='ocr_par' dir='ltr' id='par_1_102' title="bbox 356 4950 945 5023">
     <span class='ocr_line' id='line_1_102' title="bbox 356 4950 945 5023; baseline -0.005 -15"><span class='ocrx_word' id='word_1_840' title='bbox 356 4969 454 5023; x_wconf 73' lang='lat' dir='ltr'><strong>xu,</strong></span> <span class='ocrx_word' id='word_1_841' title='bbox 483 4954 585 5021; x_wconf 69' lang='lat'><strong>23;</strong></span> <span class='ocrx_word' id='word_1_842' title='bbox 606 4954 627 5007; x_wconf 89' lang='grc' dir='ltr'><strong>ι</strong></span> <span class='ocrx_word' id='word_1_843' title='bbox 650 4951 768 5008; x_wconf 86' lang='lat' dir='ltr'><strong>Pet.</strong></span> <span class='ocrx_word' id='word_1_844' title='bbox 803 4967 867 5018; x_wconf 84' lang='grc' dir='ltr'><strong>ιι,</strong></span> <span class='ocrx_word' id='word_1_845' title='bbox 892 4950 945 5005; x_wconf 85' lang='grc'><strong>9.</strong></span> 
     </span>
    </p>
   </div>
   <div class='ocr_carea' id='block_1_103' title="bbox 421 5181 1935 5262">
    <p class='ocr_par' dir='ltr' id='par_1_103' title="bbox 421 5181 1935 5262">
     <span class='ocr_line' id='line_1_103' title="bbox 421 5181 1935 5262; baseline -0.007 -17"><span class='ocrx_word' id='word_1_846' title='bbox 421 5188 883 5262; x_wconf 11' lang='grc' dir='ltr'><strong>(69)Ϋ⁹Ωσαῷτως.</strong></span> <span class='ocrx_word' id='word_1_847' title='bbox 910 5185 1056 5262; x_wconf 77' lang='lat' dir='ltr'><strong>Bene</strong></span> <span class='ocrx_word' id='word_1_848' title='bbox 1079 5181 1637 5262; x_wconf 56' lang='lat' dir='ltr'><strong>conjecitgotelerius</strong></span> <span class='ocrx_word' id='word_1_849' title='bbox 1658 5182 1733 5243; x_wconf 84' lang='grc' dir='ltr'>ὡς</span> <span class='ocrx_word' id='word_1_850' title='bbox 1752 5181 1935 5244; x_wconf 85' lang='grc' dir='ltr'>αὑτός.</span> 
     </span>
    </p>
   </div>
   <div class='ocr_carea' id='block_1_104' title="bbox 355 5251 1635 5328">
    <p class='ocr_par' dir='ltr' id='par_1_104' title="bbox 355 5251 1635 5328">
     <span class='ocr_line' id='line_1_104' title="bbox 355 5251 1635 5328; baseline -0.009 -10"><span class='ocrx_word' id='word_1_851' title='bbox 355 5251 447 5318; x_wconf 74' lang='lat' dir='ltr'><strong>Sic</strong></span> <span class='ocrx_word' id='word_1_852' title='bbox 466 5251 612 5315; x_wconf 78' lang='lat' dir='ltr'><strong>enim</strong></span> <span class='ocrx_word' id='word_1_853' title='bbox 636 5251 911 5328; x_wconf 81' lang='lat' dir='ltr'><strong>legiturin</strong></span> <span class='ocrx_word' id='word_1_854' title='bbox 947 5254 1269 5328; x_wconf 75' lang='lat' dir='ltr'><strong>alterocod.</strong></span> <span class='ocrx_word' id='word_1_855' title='bbox 1299 5251 1635 5328; x_wconf 33' lang='lat' dir='ltr'><strong>_Vind._‘_Cor.</strong></span> 
     </span>
    </p>
   </div>
   <div class='ocr_carea' id='block_1_105' title="bbox 424 5322 1937 5403">
    <p class='ocr_par' dir='ltr' id='par_1_105' title="bbox 424 5322 1937 5403">
     <span class='ocr_line' id='line_1_105' title="bbox 424 5322 1937 5403; baseline -0.006 -18"><span class='ocrx_word' id='word_1_856' title='bbox 424 5330 537 5403; x_wconf 89' lang='lat'><strong>(70)</strong></span> <span class='ocrx_word' id='word_1_857' title='bbox 564 5330 662 5398; x_wconf 80' lang='grc' dir='ltr'><strong>Μὴ</strong></span> <span class='ocrx_word' id='word_1_858' title='bbox 692 5322 805 5398; x_wconf 49' lang='grc' dir='ltr'>γὰρ</span> <span class='ocrx_word' id='word_1_859' title='bbox 833 5326 1047 5397; x_wconf 76' lang='grc' dir='ltr'>νόμιζε.</span> <span class='ocrx_word' id='word_1_860' title='bbox 1082 5325 1229 5380; x_wconf 86' lang='lat' dir='ltr'><strong>Idem</strong></span> <span class='ocrx_word' id='word_1_861' title='bbox 1253 5324 1327 5396; x_wconf 86' lang='grc' dir='ltr'>μὴ</span> <span class='ocrx_word' id='word_1_862' title='bbox 1345 5322 1615 5392; x_wconf 77' lang='grc' dir='ltr'>νομίζετε,</span> <span class='ocrx_word' id='word_1_863' title='bbox 1642 5338 1753 5377; x_wconf 88' lang='lat' dir='ltr'><strong>non</strong></span> <span class='ocrx_word' id='word_1_864' title='bbox 1776 5323 1937 5379; x_wconf 78' lang='lat' dir='ltr'><strong>male.</strong></span> 
     </span>
    </p>
   </div>
   <div class='ocr_carea' id='block_1_106' title="bbox 350 5404 1760 5665">
    <p class='ocr_par' dir='ltr' id='par_1_106' title="bbox 350 5404 1760 5665">
     <span class='ocr_line' id='line_1_106' title="bbox 350 5404 1760 5526; baseline -0.006 0"><span class='ocrx_word' id='word_1_865' title='bbox 350 5404 503 5525; x_wconf 50' lang='grc' dir='ltr'><strong>Ιπξί</strong></span> <span class='ocrx_word' id='word_1_866' title='bbox 561 5470 828 5526; x_wconf 70' lang='grc' dir='ltr'><strong>Πάντων.</strong></span> <span class='ocrx_word' id='word_1_867' title='bbox 860 5468 1023 5524; x_wconf 89' lang='lat' dir='ltr'><strong>Deest</strong></span> <span class='ocrx_word' id='word_1_868' title='bbox 1047 5468 1103 5521; x_wconf 90' lang='lat' dir='ltr'><strong>in</strong></span> <span class='ocrx_word' id='word_1_869' title='bbox 1134 5466 1307 5520; x_wconf 88' lang='lat' dir='ltr'><strong>altero</strong></span> <span class='ocrx_word' id='word_1_870' title='bbox 1334 5481 1440 5521; x_wconf 90' lang='lat' dir='ltr'><strong>ms.</strong></span> <span class='ocrx_word' id='word_1_871' title='bbox 1475 5464 1639 5519; x_wconf 83' lang='lat' dir='ltr'><strong>Vind.</strong></span> <span class='ocrx_word' id='word_1_872' title='bbox 1682 5464 1760 5517; x_wconf 82' lang='lat' dir='ltr'><strong>In.</strong></span> 
     </span>
     <span class='ocr_line' id='line_1_107' title="bbox 417 5471 1760 5665; baseline -0.004 -70"><span class='ocrx_word' id='word_1_873' title='bbox 417 5471 533 5665; x_wconf 40' lang='lat' dir='ltr'><strong>E72}</strong></span> <span class='ocrx_word' id='word_1_874' title='bbox 562 5541 849 5611; x_wconf 78' lang='grc' dir='ltr'>Φάγεσθε.</span> <span class='ocrx_word' id='word_1_875' title='bbox 899 5540 1047 5595; x_wconf 88' lang='lat' dir='ltr'><strong>Idem</strong></span> <span class='ocrx_word' id='word_1_876' title='bbox 1078 5538 1244 5593; x_wconf 84' lang='lat' dir='ltr'><strong>habet</strong></span> <span class='ocrx_word' id='word_1_877' title='bbox 1270 5535 1565 5607; x_wconf 82' lang='grc' dir='ltr'>φάγεσθαι,</span> <span class='ocrx_word' id='word_1_878' title='bbox 1602 5536 1707 5590; x_wconf 89' lang='lat' dir='ltr'><strong>hoc</strong></span> <span class='ocrx_word' id='word_1_879' title='bbox 1743 5550 1760 5589; x_wconf 85' lang='lat'><strong>(</strong></span> 
     </span>
     <span class='ocr_line' id='line_1_108' title="bbox 350 5606 1046 5665; baseline -0.007 0"><span class='ocrx_word' id='word_1_880' title='bbox 350 5629 490 5665; x_wconf 80' lang='lat' dir='ltr'><strong>come</strong></span> <span class='ocrx_word' id='word_1_881' title='bbox 530 5624 688 5665; x_wconf 86' lang='lat' dir='ltr'><strong>antur</strong></span> <span class='ocrx_word' id='word_1_882' title='bbox 711 5630 744 5665; x_wconf 89' lang='lat' dir='ltr'><strong>a</strong></span> <span class='ocrx_word' id='word_1_883' title='bbox 764 5611 927 5665; x_wconf 79' lang='lat' dir='ltr'><strong>vobis.</strong></span> <span class='ocrx_word' id='word_1_884' title='bbox 964 5606 1046 5661; x_wconf 80' lang='lat' dir='ltr'><strong>ID.</strong></span> 
     </span>
    </p>
   </div>
   <div class='ocr_carea' id='block_1_107' title="bbox 442 5535 1945 5611">
    <p class='ocr_par' dir='ltr' id='par_1_107' title="bbox 442 5535 1945 5611">
     <span class='ocr_line' id='line_1_109' title="bbox 442 5535 1945 5611; baseline -0.007 -15"><span class='ocrx_word' id='word_1_885' title='bbox 442 5535 533 5611; x_wconf 71' lang='lat'><strong>72)</strong></span> <span class='ocrx_word' id='word_1_886' title='bbox 562 5541 849 5611; x_wconf 78' lang='grc' dir='ltr'>Φάγεσθε.</span> <span class='ocrx_word' id='word_1_887' title='bbox 899 5540 1047 5611; x_wconf 79' lang='lat' dir='ltr'><strong>Idem</strong></span> <span class='ocrx_word' id='word_1_888' title='bbox 1078 5538 1244 5593; x_wconf 85' lang='lat' dir='ltr'><strong>habet</strong></span> <span class='ocrx_word' id='word_1_889' title='bbox 1270 5535 1565 5607; x_wconf 81' lang='grc' dir='ltr'>φάγεσθαι,</span> <span class='ocrx_word' id='word_1_890' title='bbox 1602 5536 1707 5590; x_wconf 89' lang='lat' dir='ltr'><strong>hoc</strong></span> <span class='ocrx_word' id='word_1_891' title='bbox 1743 5543 1849 5598; x_wconf 89' lang='lat' dir='ltr'><strong>cst,</strong></span> <span class='ocrx_word' id='word_1_892' title='bbox 1883 5543 1945 5587; x_wconf 72' lang='lat' dir='ltr'><strong>ut</strong></span> 
     </span>
    </p>
   </div>
   <div class='ocr_carea' id='block_1_108' title="bbox 347 5606 1046 5668">
    <p class='ocr_par' dir='ltr' id='par_1_108' title="bbox 347 5606 1046 5668">
     <span class='ocr_line' id='line_1_110' title="bbox 347 5606 1046 5668; baseline -0.013 0"><span class='ocrx_word' id='word_1_893' title='bbox 347 5606 688 5668; x_wconf 63' lang='lat' dir='ltr'><strong>remetiuntur</strong></span> <span class='ocrx_word' id='word_1_894' title='bbox 711 5630 744 5665; x_wconf 89' lang='lat' dir='ltr'><strong>a</strong></span> <span class='ocrx_word' id='word_1_895' title='bbox 764 5611 927 5666; x_wconf 77' lang='lat' dir='ltr'><strong>vobis.</strong></span> <span class='ocrx_word' id='word_1_896' title='bbox 964 5606 1046 5661; x_wconf 78' lang='lat' dir='ltr'><strong>In.</strong></span> 
     </span>
    </p>
   </div>
   <div class='ocr_carea' id='block_1_109' title="bbox 420 5677 1975 5755">
    <p class='ocr_par' dir='ltr' id='par_1_109' title="bbox 420 5677 1975 5755">
     <span class='ocr_line' id='line_1_111' title="bbox 420 5677 1975 5755; baseline -0.005 -19"><span class='ocrx_word' id='word_1_897' title='bbox 420 5684 535 5755; x_wconf 76' lang='lat'><strong>(75)</strong></span> <span class='ocrx_word' id='word_1_898' title='bbox 573 5682 685 5736; x_wconf 82' lang='grc' dir='ltr'><strong>Καὶ</strong></span> <span class='ocrx_word' id='word_1_899' title='bbox 712 5680 1108 5755; x_wconf 20' lang='grc' dir='ltr'>θυσίας-,ΜΝο-ιι</span> <span class='ocrx_word' id='word_1_900' title='bbox 1141 5679 1257 5755; x_wconf 81' lang='lat' dir='ltr'><strong>sine</strong></span> <span class='ocrx_word' id='word_1_901' title='bbox 1290 5694 1453 5755; x_wconf 70' lang='lat' dir='ltr'><strong>causa</strong></span> <span class='ocrx_word' id='word_1_902' title='bbox 1484 5677 1678 5733; x_wconf 85' lang='lat' dir='ltr'><strong>Photio</strong></span> <span class='ocrx_word' id='word_1_903' title='bbox 1707 5677 1939 5755; x_wconf 70' lang='lat' dir='ltr'><strong>critico-</strong></span> <span class='ocrx_word' id='word_1_904' title='bbox 1966 5686 1975 5701; x_wconf 86' lang='lat'><strong>&#39;</strong></span> 
     </span>
    </p>
   </div>
   <div class='ocr_carea' id='block_1_110' title="bbox 348 5747 1929 5825">
    <p class='ocr_par' dir='ltr' id='par_1_110' title="bbox 348 5747 1929 5825">
     <span class='ocr_line' id='line_1_112' title="bbox 348 5747 1929 5825; baseline -0.004 -16"><span class='ocrx_word' id='word_1_905' title='bbox 348 5747 469 5809; x_wconf 79' lang='lat' dir='ltr'><strong>rum</strong></span> <span class='ocrx_word' id='word_1_906' title='bbox 518 5747 757 5810; x_wconf 69' lang='lat' dir='ltr'><strong>maximo</strong></span> <span class='ocrx_word' id='word_1_907' title='bbox 825 5752 1109 5825; x_wconf 85' lang='lat' dir='ltr'><strong>displicuit</strong></span> <span class='ocrx_word' id='word_1_908' title='bbox 1164 5748 1610 5806; x_wconf 78' lang='lat' dir='ltr'><strong>Constitutionum</strong></span> <span class='ocrx_word' id='word_1_909' title='bbox 1669 5747 1929 5819; x_wconf 81' lang='lat' dir='ltr'><strong>phrasis,</strong></span> 
     </span>
    </p>
   </div>
   <div class='ocr_carea' id='block_1_111' title="bbox 1666 5056 2309 5115">
    <p class='ocr_par' dir='ltr' id='par_1_111' title="bbox 1666 5056 2309 5115">
     <span class='ocr_line' id='line_1_113' title="bbox 1666 5056 2309 5115; baseline 0.002 -6"><span class='ocrx_word' id='word_1_910' title='bbox 1666 5059 2033 5115; x_wconf 72' lang='lat' dir='ltr'><strong>VARIORUM</strong></span> <span class='ocrx_word' id='word_1_911' title='bbox 2075 5056 2309 5113; x_wconf 69' lang='lat' dir='ltr'><strong>NOTAE.</strong></span> 
     </span>
    </p>
   </div>
   <div class='ocr_carea' id='block_1_112' title="bbox 2043 5171 3633 5245">
    <p class='ocr_par' dir='ltr' id='par_1_112' title="bbox 2043 5171 3633 5245">
     <span class='ocr_line' id='line_1_114' title="bbox 2043 5171 3633 5245; baseline -0.003 -13"><span class='ocrx_word' id='word_1_912' title='bbox 2043 5175 2428 5239; x_wconf 81' lang='grc' dir='ltr'>ὰνακολοὺοοις</span> <span class='ocrx_word' id='word_1_913' title='bbox 2495 5174 2731 5245; x_wconf 88' lang='lat' dir='ltr'><strong>aliisque</strong></span> <span class='ocrx_word' id='word_1_914' title='bbox 2779 5172 2927 5229; x_wconf 91' lang='lat' dir='ltr'><strong>vitiis</strong></span> <span class='ocrx_word' id='word_1_915' title='bbox 2976 5173 3250 5229; x_wconf 89' lang='lat' dir='ltr'><strong>sermonis</strong></span> <span class='ocrx_word' id='word_1_916' title='bbox 3296 5171 3633 5245; x_wconf 76' lang='lat' dir='ltr'><strong>abundans.</strong></span> 
     </span>
    </p>
   </div>
   <div class='ocr_carea' id='block_1_113' title="bbox 2042 5242 3641 5316">
    <p class='ocr_par' dir='ltr' id='par_1_113' title="bbox 2042 5242 3641 5316">
     <span class='ocr_line' id='line_1_115' title="bbox 2042 5242 3641 5316; baseline -0.004 -13"><span class='ocrx_word' id='word_1_917' title='bbox 2042 5248 2407 5316; x_wconf 84' lang='lat' dir='ltr'><strong>Quamobrem</strong></span> <span class='ocrx_word' id='word_1_918' title='bbox 2439 5245 2528 5300; x_wconf 90' lang='lat' dir='ltr'><strong>hic</strong></span> <span class='ocrx_word' id='word_1_919' title='bbox 2556 5242 2782 5301; x_wconf 77' lang='lat' dir='ltr'><strong>coactus</strong></span> <span class='ocrx_word' id='word_1_920' title='bbox 2816 5260 2939 5301; x_wconf 90' lang='lat' dir='ltr'><strong>sum</strong></span> <span class='ocrx_word' id='word_1_921' title='bbox 2969 5260 3078 5316; x_wconf 79' lang='lat' dir='ltr'><strong>non</strong></span> <span class='ocrx_word' id='word_1_922' title='bbox 3110 5251 3222 5297; x_wconf 90' lang='lat' dir='ltr'><strong>tam</strong></span> <span class='ocrx_word' id='word_1_923' title='bbox 3245 5242 3314 5297; x_wconf 84' lang='lat' dir='ltr'><strong>ad</strong></span> <span class='ocrx_word' id='word_1_924' title='bbox 3333 5242 3504 5316; x_wconf 64' lang='lat' dir='ltr'><strong>verba</strong></span> <span class='ocrx_word' id='word_1_925' title='bbox 3557 5256 3641 5296; x_wconf 86' lang='lat' dir='ltr'><strong>at-</strong></span> 
     </span>
    </p>
   </div>
   <div class='ocr_carea' id='block_1_114' title="bbox 2041 5313 3639 5387">
    <p class='ocr_par' dir='ltr' id='par_1_114' title="bbox 2041 5313 3639 5387">
     <span class='ocr_line' id='line_1_116' title="bbox 2041 5313 3639 5387; baseline -0.007 -11"><span class='ocrx_word' id='word_1_926' title='bbox 2041 5313 2297 5381; x_wconf 80' lang='lat' dir='ltr'><strong>tendere,</strong></span> <span class='ocrx_word' id='word_1_927' title='bbox 2337 5332 2501 5387; x_wconf 89' lang='lat' dir='ltr'><strong>quam</strong></span> <span class='ocrx_word' id='word_1_928' title='bbox 2540 5316 2610 5371; x_wconf 87' lang='lat' dir='ltr'><strong>ad</strong></span> <span class='ocrx_word' id='word_1_929' title='bbox 2640 5332 2886 5379; x_wconf 88' lang='lat' dir='ltr'><strong>sensum,</strong></span> <span class='ocrx_word' id='word_1_930' title='bbox 2916 5322 2977 5387; x_wconf 79' lang='lat' dir='ltr'><strong>et</strong></span> <span class='ocrx_word' id='word_1_931' title='bbox 3010 5314 3080 5368; x_wconf 90' lang='lat' dir='ltr'><strong>ad</strong></span> <span class='ocrx_word' id='word_1_932' title='bbox 3113 5321 3322 5387; x_wconf 78' lang='lat' dir='ltr'><strong>textum</strong></span> <span class='ocrx_word' id='word_1_933' title='bbox 3358 5313 3639 5387; x_wconf 63' lang='lat' dir='ltr'><strong>Numero—</strong></span> 
     </span>
    </p>
   </div>
   <div class='ocr_carea' id='block_1_115' title="bbox 2045 5384 3637 5458">
    <p class='ocr_par' dir='ltr' id='par_1_115' title="bbox 2045 5384 3637 5458">
     <span class='ocr_line' id='line_1_117' title="bbox 2045 5384 3637 5458; baseline -0.005 -13"><span class='ocrx_word' id='word_1_934' title='bbox 2045 5406 2168 5445; x_wconf 89' lang='lat' dir='ltr'><strong>rum</strong></span> <span class='ocrx_word' id='word_1_935' title='bbox 2191 5431 2208 5454; x_wconf 96' lang='lat'><strong>,</strong></span> <span class='ocrx_word' id='word_1_936' title='bbox 2242 5387 2336 5458; x_wconf 92' lang='lat' dir='ltr'><strong>qui</strong></span> <span class='ocrx_word' id='word_1_937' title='bbox 2355 5384 2606 5458; x_wconf 53' lang='lat' dir='ltr'><strong>carptim</strong></span> <span class='ocrx_word' id='word_1_938' title='bbox 2639 5388 2860 5441; x_wconf 88' lang='lat' dir='ltr'><strong>eitatur.</strong></span> <span class='ocrx_word' id='word_1_939' title='bbox 2899 5384 3081 5458; x_wconf 82' lang='lat' dir='ltr'><strong>Atque</strong></span> <span class='ocrx_word' id='word_1_940' title='bbox 3120 5384 3288 5458; x_wconf 79' lang='lat' dir='ltr'><strong>simili</strong></span> <span class='ocrx_word' id='word_1_941' title='bbox 3332 5384 3500 5439; x_wconf 89' lang='lat' dir='ltr'><strong>modo</strong></span> <span class='ocrx_word' id='word_1_942' title='bbox 3549 5384 3637 5458; x_wconf 65' lang='lat' dir='ltr'><strong>(a-</strong></span> 
     </span>
    </p>
   </div>
   <div class='ocr_carea' id='block_1_116' title="bbox 2044 5454 3632 5528">
    <p class='ocr_par' dir='ltr' id='par_1_116' title="bbox 2044 5454 3632 5528">
     <span class='ocr_line' id='line_1_118' title="bbox 2044 5454 3632 5528; baseline -0.003 -12"><span class='ocrx_word' id='word_1_943' title='bbox 2044 5454 2302 5516; x_wconf 82' lang='lat' dir='ltr'><strong>ciendum</strong></span> <span class='ocrx_word' id='word_1_944' title='bbox 2351 5454 2496 5528; x_wconf 68' lang='lat' dir='ltr'><strong>saepe</strong></span> <span class='ocrx_word' id='word_1_945' title='bbox 2534 5457 2637 5512; x_wconf 79' lang='lat' dir='ltr'><strong>fuit</strong></span> <span class='ocrx_word' id='word_1_946' title='bbox 2689 5456 3083 5526; x_wconf 87' lang='lat' dir='ltr'><strong>interpretibus</strong></span> <span class='ocrx_word' id='word_1_947' title='bbox 3128 5456 3363 5524; x_wconf 89' lang='lat' dir='ltr'><strong>hujusce</strong></span> <span class='ocrx_word' id='word_1_948' title='bbox 3415 5454 3632 5525; x_wconf 87' lang='lat' dir='ltr'><strong>operis.</strong></span> 
     </span>
    </p>
   </div>
   <div class='ocr_carea' id='block_1_117' title="bbox 2046 5532 2189 5588">
    <p class='ocr_par' dir='ltr' id='par_1_117' title="bbox 2046 5532 2189 5588">
     <span class='ocr_line' id='line_1_119' title="bbox 2046 5532 2189 5588; baseline -0.056 0"><span class='ocrx_word' id='word_1_949' title='bbox 2046 5532 2189 5588; x_wconf 78' lang='lat' dir='ltr'><strong>Cor.</strong></span> 
     </span>
    </p>
   </div>
   <div class='ocr_carea' id='block_1_118' title="bbox 2114 5595 3635 5673">
    <p class='ocr_par' dir='ltr' id='par_1_118' title="bbox 2114 5595 3635 5673">
     <span class='ocr_line' id='line_1_120' title="bbox 2114 5595 3635 5673; baseline -0.005 -18"><span class='ocrx_word' id='word_1_950' title='bbox 2114 5602 2226 5673; x_wconf 70' lang='grc'><strong>(74)</strong></span> <span class='ocrx_word' id='word_1_951' title='bbox 2258 5600 2437 5671; x_wconf 82' lang='grc' dir='ltr'><strong>Ἀρχὴ</strong></span> <span class='ocrx_word' id='word_1_952' title='bbox 2466 5600 2755 5673; x_wconf 65' lang='grc' dir='ltr'>ὀνιξματος</span> <span class='ocrx_word' id='word_1_953' title='bbox 2785 5598 3025 5673; x_wconf 23' lang='grc' dir='ltr'><strong>ςιη-ᾳολῦ..</strong></span> <span class='ocrx_word' id='word_1_954' title='bbox 3044 5595 3299 5673; x_wconf 75' lang='lat' dir='ltr'><strong>Forsitan</strong></span> <span class='ocrx_word' id='word_1_955' title='bbox 3330 5596 3635 5673; x_wconf 21' lang='lat' dir='ltr'><strong>iste__locu‘s</strong></span> 
     </span>
    </p>
   </div>
   <div class='ocr_carea' id='block_1_119' title="bbox 2042 5667 3628 5739">
    <p class='ocr_par' dir='ltr' id='par_1_119' title="bbox 2042 5667 3628 5739">
     <span class='ocr_line' id='line_1_121' title="bbox 2042 5667 3628 5739; baseline -0.003 -14"><span class='ocrx_word' id='word_1_956' title='bbox 2042 5667 2391 5729; x_wconf 76' lang='lat' dir='ltr'><strong>occasionem</strong></span> <span class='ocrx_word' id='word_1_957' title='bbox 2426 5667 2733 5739; x_wconf 62' lang='lat' dir='ltr'><strong>praebuerit</strong></span> <span class='ocrx_word' id='word_1_958' title='bbox 2780 5668 2839 5724; x_wconf 85' lang='lat' dir='ltr'><strong>S.</strong></span> <span class='ocrx_word' id='word_1_959' title='bbox 2872 5668 3181 5739; x_wconf 81' lang='lat' dir='ltr'><strong>Epiphanio</strong></span> <span class='ocrx_word' id='word_1_960' title='bbox 3227 5668 3301 5720; x_wconf 89' lang='lat' dir='ltr'><strong>ita</strong></span> <span class='ocrx_word' id='word_1_961' title='bbox 3327 5667 3628 5739; x_wconf 71' lang='lat' dir='ltr'><strong>scribendi</strong></span> 
     </span>
    </p>
   </div>
   <div class='ocr_carea' id='block_1_120' title="bbox 2044 5737 3630 5814">
    <p class='ocr_par' dir='ltr' id='par_1_120' title="bbox 2044 5737 3630 5814">
     <span class='ocr_line' id='line_1_122' title="bbox 2044 5737 3630 5814; baseline -0.008 -11"><span class='ocrx_word' id='word_1_962' title='bbox 2044 5746 2235 5803; x_wconf 68' lang='lat' dir='ltr'><strong>htct&#39;csi</strong></span> <span class='ocrx_word' id='word_1_963' title='bbox 2289 5746 2343 5814; x_wconf 88' lang='grc'><strong>8,</strong></span> <span class='ocrx_word' id='word_1_964' title='bbox 2392 5737 2633 5800; x_wconf 65' lang='lat' dir='ltr'><strong>sectione</strong></span> <span class='ocrx_word' id='word_1_965' title='bbox 2677 5740 2713 5796; x_wconf 85' lang='grc'>6</span> <span class='ocrx_word' id='word_1_966' title='bbox 2739 5760 2753 5798; x_wconf 83' lang='lat'><strong>:</strong></span> <span class='ocrx_word' id='word_1_967' title='bbox 2781 5742 2889 5795; x_wconf 75' lang='grc' dir='ltr'><strong>Καὶ</strong></span> <span class='ocrx_word' id='word_1_968' title='bbox 2936 5737 3003 5813; x_wconf 76' lang='grc' dir='ltr'>ἦν</span> <span class='ocrx_word' id='word_1_969' title='bbox 3052 5740 3169 5791; x_wconf 81' lang='grc' dir='ltr'>ὲκ;ῖ</span> <span class='ocrx_word' id='word_1_970' title='bbox 3213 5737 3630 5800; x_wconf 73' lang='grc' dir='ltr'>ἁποδεκάτωσις</span> 
     </span>
    </p>
   </div>
  </div>
