3884 6180
346 277 461 333 669

1282 263 1881 324 CONSTITUTIONES
1914 256 2601 320 APOSTOLIC£.—-LIB.
2637 255 2704 311 ll.

3487 247 3594 305 670

343 403 514 447 τύπον
541 390 636 444 τοῦ
667 386 1053 457 θυσιαστηρίου
1096 384 1206 455 (86)
1250 383 1647 452 λελογίσθωσαν
1675 382 1803 452 ὑμῖν
1822 421 1837 445 ,
1870 380 1931 433 αῖ

2040 375 2205 431 ribuli
2262 380 2316 428 et
2359 371 2733 443 thymiamatis
2780 383 2876 423 seu
2939 366 3153 423 suilitus
3205 366 3599 421 honorentur'.

340 503 403 538 τε
432 481 689 556 παρθένοι
735 483 815 545 εἱς
839 480 1009 534 τύπον
1033 476 1130 531 τοῦ
1175 474 1533 549 θυμιατηρίου
1562 473 1673 545 (87)
1697 470 2128 542 τετιμήσθωσαν,
2158 467 2255 521 καὶ
2280 463 2375 518 τοῦ
2405 463 2766 536 θυμιάματος.

859 593 1039 648 ΚΕΦΑ
1047 594 1255 649 ΛΑΙΟΝ
1294 593 1419 644 ΚΖ’.

378 717 477 766 Οτι
538 717 868 799 φρικῶδες,
923 717 1235 787 ἀνθρωπρν
1284 717 1517 793 σαυτον
1540 717 1931 791 νεπιρριπτειν

416 782 702 850 ἀξιωματι
764 798 887 850 τινι
929 783 1215 847 ἱερατικῳο
1265 795 1343 841 ως
1388 777 1442 827 oi
1504 776 1795 840 Δορειται,
1850 789 1931 836 ως

418 847 637 915 Σαοῦλ,
669 851 749 916 ὡς
790 847 993 914 Ὀζῖας.

429 945 517 1005 Ὠς
561 940 654 996 οὖν
691 944 793 995 οὐχ
818 938 886 1015 ἦν
932 939 1050 1004 ἐξὸν
1079 935 1374 1005 ἀᾺογενῆ,
1410 934 1483 1006 μὴ
1513 934 1642 987 ὄντα
1690 928 1928 999 λευὶτην,

345 1034 706 1107 προσενέγκαι
744 1051 833 1101 τι,
881 1032 915 1104 ἢ
959 1029 1274 1102 προσελθεῖν
1318 1030 1397 1090 εἱς
1440 1026 1501 1079 τὸ
1550 1025 1931 1095 θυσιαστήριον

344 1128 475 1181 ἄνευ
518 1125 613 1179 τοῦ
664 1124 885 1197 ἱερέως,
927 1122 1072 1176 οὕτω
1124 1122 1219 1174 καὶ
1278 1120 1436 1189 ὑμεῖς
1491 1118 1620 1172 ἄνευ
1673 1114 1768 1167 τοῦ
1814 1116 1933 1167 ἐπι-

348 1218 555 1272 σκόπου
587 1217 752 1289 μηδὲν
780 1218 981 1269 ποιεῖτε
1188 1213 1251 1266 Εἰ
1294 1210 1351 1265 δέ
1395 1228 1478 1273 τις
1504 1209 1631 1263 ἄνευ
1672 1206 1765 1260 τοῦ
1813 1207 1933 1259 ἑπι-

349 1310 555 1363 σκόπου
588 1309 697 1380 (89)
728 1310 870 1361 ποιεῖ
894 1325 968 1373 τι,
1001 1309 1080 1368 εἱς
1128 1305 1304 1377 μάτην
1332 1305 1474 1356 ποιεῖ
1517 1301 1667 1355 αὑτό·
1715 1302 1777 1353 οὐ
1823 1298 1931 1370 γὰρ

348 1403 500 1474 αὺτῷ
527 1404 607 1466 εἱς
633 1402 791 1473 ἔργον
834 1398 1230 1470 λογισθήσεται.
1287 1396 1375 1458 Ὠς
1402 1392 1510 1464 γὰρ
1537 1395 1565 1445 6
1593 1390 1763 1445 Σαοὺλ
1802 1391 1929 1445 ἄνευ

347 1496 445 1549 τοῦ
460 1493 711 1565 Σαμουὴλ
724 1492 1111 1564 προσενέγκας,
1133 1491 1385 1561 ἤκουσεν,
1409 1487 1489 1540 ὅτι
1509 1505 1527 1538 ι
1553 1483 1930 1557 μματαὶωταὶ

351 1604 456 1641 σοι·
498 1605 517 1637 ι
541 1585 683 1639 οὕτω
710 1586 805 1637 καὶ
833 1585 940 1646 πᾶς
965 1582 1151 1645 λαῖκὸς
1176 1582 1301 1635 ἄνευ
1331 1578 1425 1632 τοῦ
1458 1577 1646 1649 ἱερέως
1672 1574 1934 1629 ἐπιτελῶν

348 1696 428 1741 τι,
464 1678 669 1749 μάταια
697 1678 870 1730 πονεῖ.
904 1677 1013 1729 Καὶ
1040 1674 1117 1737 ὡς
1159 1672 1339 1737 Ὀζίας
1367 1671 1397 1722 6
1427 1669 1700 1740 βασιλεὺς,
1730 1668 1832 1721 οὐκ
1858 1665 1933 1720 ὢν

355 1771 535 1841 ἱερεὺς
561 1769 630 1822 τὰ
652 1768 759 1821 τῶν
789 1768 977 1838 ἱερέων
1005 1762 1287 1826 ἐπιτελῶν,
1330 1759 1612 1831 ὲλεπρώθη
1640 1758 1726 1812 διὰ
1754 1774 1934 1829 παρα-

350 1862 576 1933 νομὶαν⁵
608 1860 751 1914 οὕτω
782 1860 874 1912 καὶ
901 1858 1007 1921 πᾶς
1033 1856 1218 1918 λαῖκδς
1244 1854 1345 1908 οὐκ
1374 1851 1720 1922 ἀτιμώρητος
1759 1848 1931 1911 ἔσται,

1951 600 2000 655 Α

2569 575 2797 633 CAPUT
2835 572 3050 628 XXVII.

582 710 832 779 ιρικῶδες
852 749 868 773 ,
923 710 1235 779 ἀνθρωπρν
1286 701 1931 779 σαυτὸν--ἐπιρρίπτειν

2040 693 2187 761 Quod
2217 691 2478 779 horrenda
2508 709 2590 745 res
2624 691 2714 751 sit,
2748 689 3004 779 hominem
3032 688 3311 779 intulit”???
3338 703 3392 739 se
3411 687 3604 779 ‘in'alil-

2101 782 2260 888 quaén
2276 764 2587 845 dignitatem
2602 759 2981 814 sacerdotalem
3006 775 3024 813 :
3048 767 3104 809 ut
3125 756 3342 821 Coritw,
3368 766 3424 809 ut
3447 756 3602 820 Sani,

2101 845 2157 887 ut
2241 852 2375 887 ztas.

2101 845 2157 887 ut
2191 845 2375 887 Uztas.

2141 925 2611 993 Quemadmodum
2640 922 2803 993 igitur
2832 920 3151 990 alienigenae
3171 962 3184 986 ,
3225 920 3317 989 qui
3353 935 3459 974 non
3488 929 3605 974 erat

2031 1017 2099 1073 de
2141 1018 2287 1073 tribu
2322 1018 2565 1081 levitica,
2615 1031 2723 1070 non
2764 1013 2960 1067 licebat
2999 1011 3196 1067 oiIerre
3244 1010 3481 1081 aliquid,
3510 1021 3606 1065 aut

2033 1110 2101 1164 ad
2150 1111 2342 1163 aram'
2400 1107 2663 1163 accedere
2732 1107 2851 1161 sine
2907 1103 3228 1169 sacerdote;
3276 1104 3352 1157 ita
3397 1109 3453 1158 et
3506 1118 3606 1159 vos

2032 1204 2151 1257 sine
2184 1201 2440 1271 episcopo
2475 1200 2610 1253 nihil
2659 1198 2820 1269 agite.
2862 1195 3019 1263 Quod
3060 1196 3105 1251 si
3145 1195 3271 1265 quis
3327 1196 3448 1250 sine
3490 1197 3609 1266 epi-

2032 1311 2200 1365 scopo
2238 1293 2444 1364 aliquid
2493 1291 2692 1357 faciat,
2729 1289 2863 1344 illud
2904 1288 3110 1343 frustra
3142 1286 3304 1355 facit;
3354 1304 3458 1342 nec
3501 1288 3604 1358 ipsi

2032 1387 2088 1442 in
2116 1402 2255 1456 opus
2284 1385 2643 1455 reputabitur.
2680 1381 2746 1435 Et
2781 1382 2923 1437 sicut
2952 1379 3080 1433 Saul
3104 1394 3228 1433 cum
3258 1380 3464 1449 absque
3507 1379 3609 1433 Sa-

2032 1481 2211 1535 muele
2270 1477 2596 1539 obtulisset,
2650 1475 2898 1529 audivit:
2935 1473 3174 1527 lnaniter
3231 1490 3263 1525 a
3334 1482 3382 1527 te
3430 1483 3607 1526 actum

2031 1571 2142 1625 est’
2170 1589 2183 1624 :
2214 1570 2295 1624 sic
2323 1570 2637 1639 quicunque
2660 1566 2831 1622 laicus
2854 1566 2972 1621 sine
3003 1566 3290 1619 sacerdote
3320 1563 3603 1634 quidpiam

2033 1672 2314 1733 operatur,
2356 1664 2635 1717 incassum
2681 1660 2912 1715 laborat.
2940 1657 3005 1711 Et
3037 1666 3095 1712 ut
3139 1673 3235 1711 rex
3263 1655 3448 1720 Ozias,
3475 1671 3601 1710 cum

2033 1756 2207 1811 oliicia
2231 1755 2578 1811 sacerdotum
2608 1768 2719 1807 non
2752 1750 3011 1806 sacerdos
3036 1755 3346 1818 usurparet,
3378 1755 3605 1817 propter

2032 1848 2522 1919 transgressionem
2538 1847 2685 1915 lepra
2700 1853 2878 1899 tactus
2891 1853 2975 1898 est
2991 1842 3011 1873 ⁸
3036 1862 3049 1897 :
3071 1843 3144 1896 ita
3160 1856 3271 1895 non
3298 1842 3516 1910 impune
3529 1840 3607 1893 fe-

351 1953 773 2024 καταφρονήσας
783 1950 917 2003 Θεοῦ
927 1989 940 2010 ,
957 1946 1173 2002 καὶτῶν
1190 1944 1354 1999 αὐτοῦ
1370 1960 1510 1996 κατα
1517 1942 1703 2013 μανεὶς
1723 1941 1932 2011 ἱερέων,

2040 1949 2117 1997 ret
2142 1943 2337 2006 laicus,
2368 1940 2462 2011 qui
2496 1938 2665 1995 Deum
2688 1937 3098 2007 contempserit,
3121 1943 3175 1989 et
3207 1935 3262 1989 in
3297 1933 3607 1991 sacerdotes

350 2046 449 2099 καὶ
490 2044 589 2115 τὴν
640 2042 804 2115 τιμὴν
854 2040 1106 2113 ἀρπάσας
1166 2036 1341 2108 ἑαυτῷ
1365 2075 1380 2100 ,
1429 2034 1503 2107 μὴ
1554 2033 1934 2106 μιμησάμενος

2040 2033 2153 2103 ejus
2169 2033 2470 2096 insanierit,
2486 2039 2647 2102 atque
2660 2031 2919 2086 honorem
2935 2030 3036 2085 sibi
3050 2029 3340 2098 arripuerit
3355 2046 3369 2095 ;
3385 2028 3609 2083 minimo

352 2135 611 2208 Χριστὸν,
639 2136 698 2200 ὃς
730 2154 749 2186 ι
784 2136 883 2205 οὐχ
911 2132 1103 2187 ἑαυτὸν
1131 2129 1347 2196 ὲδόξασε
1376 2124 1704 2197 γεννηθῆναι
1744 2126 1933 2197 ἀρχιε-

356 2230 520 2299 ρεὺς,
574 2247 594 2277 s
651 2225 786 2280 ἀλλὰ
845 2224 1187 2296 περιέμεινεν
1247 2220 1477 2275 ἀκοῦσαι
1536 2218 1633 2273 τοῦ
1696 2218 1929 2290 Πατρόςο

361 2338 379 2370 ι
413 2321 610 2390 Ὠροσε
650 2318 876 2390 Κύριος,
899 2317 994 2370 καὶ
1021 2317 1082 2368 οὐ
1115 2311 1643 2386 μεταμεληθήσεται,
1666 2313 1731 2366 σὺ
1756 2312 1933 2383 ἱερεὺς

355 2412 435 2474 εἱς
474 2410 565 2463 τὸν
610 2410 781 2463 αἱῶνα
814 2407 954 2462 κατὰ
995 2406 1095 2478 τὴν
1135 2404 1287 2469 τάξιν
1313 2403 1666 2474 Μελχισεδέκ.
1697 2423 1716 2456 ι
1746 2403 1809 2456 Εἱ
1836 2398 1931 2456 οὖν

356 2501 485 2554 ἄνευ
502 2501 596 2554 τοῦ
614 2500 827 2572 Πατρὸς
844 2500 872 2552 6
886 2499 1117 2571 Χριστὸς
1131 2499 1192 2551 οὐ
1207 2497 1415 2562 δοξάζει
1445 2495 1657 2558 ἑαυτὸν,
1680 2494 1798 2557 πῶς
1825 2488 1935 2547 οἷόν

356 2609 415 2646 τε
445 2592 728 2665 ἄνθρωπον
756 2591 947 2645 ἑαυτὸν
976 2592 1055 2655 εἱς
1088 2589 1382 2662 ἱερωσύνην
1430 2586 1770 2660 ἐπιρῤίπτειν
1800 2586 1931 2657 (90),

362 2685 436 2757 μὴ
464 2685 695 2739 λαϐόντα
739 2685 801 2738 τὺ
841 2683 1055 2754 ἀξίωμα
1084 2681 1235 2753 παρὰ
1262 2680 1590 2752 κρείττονος,
1637 2678 1731 2731 καὶ
1759 2680 1933 2730 ποιεῖν

358 2777 583 2840 ἐκεῖνα,
628 2779 664 2834 ἃ
706 2777 887 2847 μόνοις
922 2778 1037 2838 τοῖς
1083 2774 1318 2845 ἱερεῦσιν
1362 2772 1610 2836 Εξεστιν;
1658 2771 1691 2841 ἢ
1736 2771 1858 2840 οὐχὶ
1882 2771 1931 2823 οἱ

359 2868 616 2938 Κορεῖται
644 2867 776 2939 (91),
817 2866 994 2920 καίτοι
1038 2865 1140 2936 τῆς
1184 2864 1315 2919 Δευὶ
1345 2865 1518 2935 φυλῆς
1546 2865 1729 2927 ὄντες,
1772 2863 1935 2935 πυρί-

436 3006 455 3037 ⁸
479 3004 539 3060 ι.
566 2976 935 3077 Ροιγοξερίει.
962 3019 1015 3077 c.
1048 3002 1608 3077 4.—Pseudo_-lgnat._
1630 3001 1697 3056 ad
1712 3000 1884 3077 [ει-ε.
1912 3000 1965 3057 9.
2030 3003 2062 3077 ι’
2093 3002 2262 3072 lgnat.
2299 3002 2367 3056 ad
2390 3000 2561 3056 Trall.
2597 3018 2647 3057 c.
2672 3001 2727 3070 2;
2762 3002 2828 3058 ad
2850 3002 3063 3059 Phlad.
3098 3018 3150 3058 c.
3180 3003 3232 3059 7.

862 3075 999 3129 aral.
1034 3090 1183 3129 xxvt.
1258 3072 1465 3130 “Hebr;
1492 3091 1545 3138 v,
1577 3074 1630 3129 5.
1708 3073 1729 3102 ⁸
1750 3072 1843 3128 Ps.
1873 3087 1985 3136 cu,
2017 3073 2073 3126 4.

362 3090 487 3138 xm,
532 3078 612 3133 I5.
666 3075 710 3108 ⁷⁸
730 3075 777 3131 ll

2033 2126 2277 2181 imitatus
2297 2126 2577 2181 Christum
2597 2164 2612 2189 ,
2666 2124 2757 2194 qui
2784 2123 3116 2192 semetipsum
3138 2138 3239 2176 non
3270 2122 3606 2190 clari/icavit,

2034 2229 2092 2272 ut
2116 2220 2263 2288 fieret
2280 2218 2518 2287 pontifex
2535 2218 2577 2282 ⁸,
2610 2215 2706 2273 sed
2753 2224 3005 2286 exspecta
3020 2215 3118 2277 vit,
3146 2224 3205 2268 ut
3226 2212 3439 2269 Patrem
3454 2213 3611 2267 audi-

2035 2319 2148 2366 ret:
2165 2309 2379 2364 Juravit
2404 2310 2660 2365 Dominus
2682 2318 2732 2362 et
2756 2324 2858 2362 non
2868 2305 3128 2378 paenitebit
3142 2322 3283 2369 eum;
3301 2314 3355 2358 tu
3364 2322 3418 2358 es
3432 2322 3610 2359 sacer-

2036 2401 2132 2457 dos
2164 2403 2221 2456 in
2257 2412 2509 2457 internum
2537 2400 2823 2456 secundum
2860 2400 3093 2477 ordinem
3124 2397 3465 2452 Melchisedec
3483 2397 3523 2452 ⁸.
3551 2396 3609 2451 Si

2034 2508 2164 2563 ergo
2177 2493 2297 2549 sine
2317 2492 2479 2549 Patre
2490 2493 2742 2549 Christus
2766 2493 3006 2563 seipsum
3023 2507 3130 2547 non
3153 2491 3421 2563 gloriﬁcat
3438 2506 3609 2561 ;quo-

2034 2587 2197 2642 modo
2211 2594 2389 2656 potest
2404 2587 2563 2641 homo
2578 2603 2636 2642 se
2648 2587 2703 2641 in
2718 2586 3081 2642 sacerdotium
3096 2586 3340 2655 injicere,
3356 2601 3385 2639 ιι
3398 2587 3609 2655 potiore

2036 2694 2146 2732 non
2179 2686 2405 2748 accepta
2449 2692 2513 2732 ea
2544 2679 2838 2748 dignitate;
2874 2687 2929 2733 et
2961 2678 3051 2731 illa
3089 2676 3289 2742 facere,
3323 2693 3443 2747 quae
3474 2677 3608 2732 solis

2035 2770 2415 2826 sacerdotibus
2443 2771 2644 2825 licent?
2676 2771 2866 2825 Nonne
2911 2770 3110 2826 Caritaa
3130 2811 3145 2834 ,
3171 2785 3486 2841 quanquam
3530 2769 3608 2823 le—

2034 2863 2212 2918 viticae
2233 2864 2407 2919 tribus
2428 2873 2633 2928 essent,
2654 2864 2910 2920 incendio
2936 2864 3362 2936 conﬂagrarunt,
3387 2861 3609 2935 quando

3339 3004 3362 3036 ⁸
3421 3003 3440 3057 l
3472 3000 3603 3074 Reg.

1668 3224 2031 3283 VARIORUM
2065 3224 2300 3282 NOTIE.

431 3370 547 3443 (so)
585 3373 690 3437 Εἰς
719 3370 1043 3443 τύπον-,τοῦ
1072 3371 1521 3443 θυσιαστηρίου.
1571 3371 1933 3443 Mutuavitgex
1963 3380 2006 3440 α

2040 3372 2265 3425 verimus
2294 3370 2434 3441 quod
2474 3370 2835 3425 sacerdotibus
2877 3388 2979 3425 non
3004 3372 3181 3434 liceat,
3229 3371 3379 3426 laicis
3424 3374 3599 3435 licere.

363 3440 789 3512 Si.VPOcharp0.
838 3440 1095 3512 Epistulae
1138 3456 1266 3512 vero
1312 3440 1388 3495 De
1439 3450 1630 3509 septem
1660 3441 1933 3496 ordinibus
2041 3441 2229 3512 1_Vonne
2286 3440 2336 3495 et
2384 3442 2508 3495 laici
2556 3442 2855 3494 sacerdotes
2900 3447 3129 3496 sumus?
3178 3442 3444 3512 Scriptum
3489 3460 3601 3510 est,

367 3511 615 3565 Ecclesia?
644 3521 853 3575 auctor,
886 3511 1105 3582 tomJX
1132 3511 1449 3582 “librorum
1498 3512 1558 3565 Β.
1594 3512 1932 3582 Hieronymi,

362 3583 439 3635 ait
480 3582 547 3636 de
582 3582 865 3636 diaconis:
903 3580 1088 3653 Altare
1117 3577 1495 3653 Christihsunt,
1540 3582 1601 3653 in
1630 3600 1731 3653 quo
1763 3577 1933 3653 con/if

361 3654 577 3706 ciuntur
620 3664 986 3713 sacramenta,
1036 3650 1090 3703 in
1118 3667 1219 3720 quo
1266 3651 1487 3707 oﬂertur
1516 3650 1735 3709 oblatio.
1792 3651 1932 3717 Quid

359 3740 485 3792 ergo
512 3724 567 3775 in
597 3723 784 3789 templo
817 3722 946 3786 Dei,
970 3730 1026 3774 ut
1052 3722 1161 3788 ipse
1188 3722 1345 3792 nosti,
1394 3722 1739 3777 venerabilius
1771 3722 1934 3775 altari

360 3790 476 3847 esse
503 3795 716 3862 potest?
747 3792 877 3858 Quis
919 3808 1020 3845 non
1062 3807 1115 3845 se
1140 3790 1209 3844 ad
1248 3808 1483 3846 mensam
1514 3792 1728 3846 Domini
1758 3808 1934 3846 acces-

361 3879 521 3917 surus
550 3862 828 3917 humi/iet?
852 3863 989 3917 Cor.

361 3879 521 3918 surus
550 3878 828 3917 nummet?
852 3878 989 3917 UOT.

432 3934 548 4014 (87)
591 3933 1004 4014 Θιξμιατηρζρυ.
1047 3930 1176 4014 _H:ec
1216 3931 1411 3987 vocula
1439 3940 1493 3986 et
1521 3939 1634 3988 tres
1682 3947 1802 4003 sqq.
1835 3933 1932 3988 de-

363 4002 496 4059 sunt
520 4002 573 4056 in
600 4004 772 4055 altero
808 4002 1011 4055 codice.
1045 4002 1117 4055 lo.

442 4069 554 4138 (88)
592 4070 764 4138 Ἄνευ
791 4065 898 4119 τοῦ
917 4065 1263 4138 ,ἐπισκόπου
1276 4068 1470 4138 μηδὲν
1492 4071 1728 4130 ποιεῖτε.
1764 4072 1852 4129 Cf.
1882 4073 1944 4129 Β.

368 4133 662 4209 Ιςιιειῖυιη,
686 4137 849 4209 ειιιίει1
865 4136 929 4189 ad
951 4133 1191 4209 Magnes.
1210 4133 1540 4209 Lad‘iTrall.
1562 4141 1616 4209 2,
1643 4143 1708 4195 ad
1724 4143 1939 4200 Philad.

369 4206 423 4270 7,
467 4206 887 4290 ad.$myrn._8,
941 4208 1005 4261 ad
1057 4207 1239 4330 Polsyc.
1269 4207 1323 4262 4.
1355 4208 1522 4291 [fectu
1552 4208 1935 4291 dignissimum

369 4287 452 4330 est
480 4286 695 4330 mitium
740 4278 981 4330 epistolae
1007 4276 1078 4330 27
1176 4320 1186 4330 .
1220 4276 1478 4330 Cvnrlam
1506 4296 1519 4330 :
1555 4278 1812 4330 Dominus
1851 4297 1935 4330 no-

364 4287 452 4332 est
480 4276 695 4331 initium
740 4277 981 4347 epistolae
1007 4276 1078 4330 27
1130 4276 1186 4330 S.
1220 4276 1478 4347 Cypriani
1506 4296 1519 4331 :
1555 4276 1812 4332 Dominus
1851 4297 1942 4332 no-

366 4357 495 4413 ster,
522 4348 718 4417 inquit,
744 4346 893 4417 cujus
922 4357 1183 4416 prwcepta
1212 4346 1437 4417 metuere
1465 4357 1513 4401 et
1545 4348 1819 4402 observare
1846 4349 1939 4403 de-

2037 3510 2271 3580 Regnum
2300 3528 2501 3581 quoque
2534 3528 2627 3564 nos
2654 3521 2703 3566 et
2746 3511 3043 3565 sacerdotes
3079 3512 3187 3565 Deo
3227 3522 3276 3565 et
3300 3510 3479 3569 Patri
3505 3535 3604 3573 suo

2036 3581 2181 3649 fecit.
2213 3581 2577 3649 Di/ferentiam
2610 3584 2750 3634 inter
2779 3581 3013 3635 ordinem
3039 3591 3088 3635 et
3111 3582 3309 3649 plebem
3331 3588 3603 3641 constituit

2037 3651 2286 3705 Ecclesia:
2317 3653 2632 3715 auctoritas,
2665 3662 2711 3704 et
2744 3650 2911 3704 honor
2938 3667 3029 3720 per
3066 3652 3266 3705 ordinis
3301 3670 3601 3710 consessum

2035 3723 2421 3789 sanctiﬁcatus.
2453 3720 2596 3773 Adeo
2641 3721 2728 3774 ubi
2778 3722 3121 3776 ecclesiastici
3145 3722 3348 3776 ordinis
3386 3742 3489 3779 non
3524 3737 3605 3780 est

2042 3808 2316 3845 consessus
2338 3832 2351 3853 ,
2385 3800 2434 3845 et
2462 3792 2648 3859 oﬂ‘ers,
2683 3801 2731 3844 et
2776 3792 2999 3859 tinguis,
3037 3801 3087 3844 et
3121 3793 3368 3848 sacerdos
3402 3812 3455 3848 es
3509 3798 3602 3850 tibi

2041 3862 2208 3915 solus.
2248 3860 2351 3916 Sed
2381 3861 2471 3914 ubi
2507 3870 2646 3923 tres,
2682 3860 2919 3915 Ecclesia
2948 3871 3057 3924 est,
3097 3862 3214 3916 licet
3246 3864 3387 3919 laici.
3422 3864 3601 3919 Unus-

2041 3932 2256 4000 quisque
2279 3933 2416 3984 enim
2445 3948 2543 3984 sua
2572 3932 2677 4000 ﬁde
2719 3932 2880 3984 vivit:
2913 3948 3004 3985 nec
3039 3941 3116 3985 est
3141 3948 3483 4000 personarum
3511 3953 3604 3989 ac-

2040 4004 2205 4075 ceptio
2234 4001 2374 4071 apud
2397 4000 2594 4075 Deum;
2616 4002 2863 4075 quoniam
2893 4018 2995 4055 non
3019 4004 3283 4075 auditores
3313 4004 3414 4075 legi
3437 4005 3603 4073 justi-

2040 4070 2273 4146 ﬁcantur
2322 4070 2566 4146 a_Deo,_
2596 4071 2685 4146 sed
2733 4072 2960 4146 [actores
2985 4112 3012 4146 ,_
3032 4074 3317 4146 secundum
3362 4070 3501 4146 guod
3550 4074 3627 4129 σι’

2038 4141 2321 4209 Apostolus
2349 4140 2497 4196 dicit.
2538 4140 2709 4211 Igitur
2736 4142 2783 4194 si
2812 4141 2967 4211 habes
2983 4142 3077 4210 jus
3108 4140 3399 4197 sacerdotis
3432 4146 3484 4197 in
3518 4156 3598 4198 le-

2040 4212 2277 4278 metipso,
2309 4211 2397 4264 ubi
2428 4210 2629 4265 necesse
2656 4220 2764 4273 est;
2800 4210 2991 4264 habeas
3020 4212 3179 4264 etiam
3209 4223 3409 4280 oportet
3436 4214 3601 4268 disci-

2038 4280 2240 4350 plinam
2282 4280 2601 4341 sacerdotis,
2637 4280 2725 4333 ubi
2755 4296 2957 4350 necesse
2994 4284 3064 4333 sit
3096 4281 3283 4335 habere
3297 4283 3391 4350 jus
3420 4301 3599 4336 sacer-

2039 4348 2200 4403 dolis.
2248 4350 2503 4420 Digamus
2552 4351 2787 4420 tinguis?
2838 4349 3091 4420 Digamus
3139 4348 3336 4419 o/l'ers'?
3385 4353 3599 4417 Quanto

367 4418 569 4490 bemus,
598 4416 848 4490 episcopi_
860 4416 1106 4490 honorem
1126 4456 1154 4490 ,_
1172 4426 1221 4471 et
1251 4416 1501 4490 Ecclesia?
1541 4434 1650 4490 sua:
1685 4420 1939 4490 rationem
1974 4463 2020 4490 η
2044 4422 2213 4490 magis
2245 4416 2381 4473 laico
2410 4416 2879 4488 digamo'capitale
2904 4416 2981 4490 est
3007 4416 3279 4488 agerewpro
3303 4416 3596 4488 sacerdote,

367 4463 665 4561 ιίἱεροιιειιξΔ
694 4489 749 4561 in
771 4463 1082 4557 rEvangelia
1126 4463 1398 4561 vloguitur,
1448 4496 1499 4540 et
1553 4486 1687 4561 dicit
1729 4488 1889 4542 Petro
1921 4503 1939 4541 :
1973 4463 2020 4521 Β
2045 4463 2163 4541 curii
2217 4490 2316 4561 ipsi
2366 4463 2629 4561 sacgrdoti
2670 4463 2880 4561 dignum
2927 4463 3071 4561 [ach
3115 4463 3390 4559 auferatur
3446 4465 3599 4561 agere

375 4576 394 4607 ι
428 4556 539 4627 Ego
571 4558 666 4627 tibi
687 4559 826 4621 dico,
850 4556 975 4627 quia
1018 4568 1072 4610 tu
1094 4574 1146 4610 es

371 4626 513 4680 tram
544 4626 815 4697 wdiﬁcabo

370 4714 475 4751 non
500 4698 700 4750 vincent
728 4712 877 4760 eam;
910 4706 959 4751 et
990 4697 1085 4751 tibi
1113 4697 1249 4749 dabo
1276 4698 1444 4751 claves
1488 4699 1632 4767 regni
1669 4699 1941 4765 caelorum,

370 4777 421 4821 et
450 4784 567 4837 qua:
599 4768 841 4836 ligaveris
872 4783 1028 4836 super
1052 4776 1245 4820 terram
1265 4807 1280 4827 ,
1314 4777 1466 4822 erunt
1489 4768 1654 4837 ligata
1688 4779 1737 4821 et
1766 4770 1818 4822 in
1848 4785 1945 4821 ca:-

374 4838 465 4901 lis,
494 4846 544 4892 et
574 4853 890 4908 quaecunque
910 4838 1127 4908 solveris
1153 4853 1307 4905 super
1347 4846 1561 4908 terram,
1591 4848 1743 4891 erant
1765 4839 1943 4892 soluta

370 4918 420 4961 et
470 4909 525 4961 in
558 4907 699 4962 caelis
733 4907 950 4978 (Matth.
980 4924 1145 4970 xxvr,
1176 4908 1263 4978 18)
1320 4928 1339 4959 ι
1373 4907 1504 4961 Inde
1537 4924 1626 4975 per
1654 4919 1942 4977 temporum

370 4987 423 5032 et
452 4978 837 5031 successionum
866 4979 1021 5040 vices,
1044 4982 1402 5047 episcoporum
1445 4978 1708 5031 ordinatio
1727 5016 1741 5039 ,
1768 4988 1818 5031 et
1845 4978 1943 5031 Ec-

371 5048 550 5103 clesiae
602 5049 746 5101 ratio
784 5047 1048 5109 decurrit,
1091 5056 1149 5101 ut
1192 5047 1430 5117 Ecclesia
1474 5064 1628 5116 super
1673 5049 1938 5117 episcopos

372 5119 754 5183 constituatur,
797 5127 848 5171 et
896 5119 1065 5171 omnis
1110 5128 1257 5171 actus
1307 5116 1557 5173 Ecclesia:
1600 5116 1707 5185 per
1733 5118 1940 5172 eosdem

373 5190 681 5260 prmpositgs
710 5186 1057 5260 gubernetur.
1106 5187 1247 5259 Lege
1296 5188 1459 5242 etiam
1522 5203 1787 5245 canonem
1834 5192 1935 5243 ult.

374 5257 596 5314 concilii
624 5257 871 5313 Toletani
895 5259 946 5313 1.
978 5259 1054 5312 lo.

449 5327 561 5399 (89)
612 5328 998 5383 Ἐπισκόπου.
1031 5327 1251 5399 Legitur
1279 5329 1334 5383 in
1360 5330 1531 5387 altero
1556 5328 1679 5385 cod.
1698 5327 1934 5384 Vindob.

377 5400 588 5471 ἱερέως,
618 5409 677 5453 ut
704 5400 866 5471 paulo
895 5400 1163 5466 superius.
1195 5399 1363 5456 Casa.

448 5469 562 5539 (90)
615 5469 863 5539 Ἑαυτὸν
890 5470 984 5539 ,εὶς
1029 5472 1358 5539 ἱερωσύνην
1402 5469 1784 5537 ἐπιρῤίπτειν.
1834 5468 1937 5521 Ar-

377 5548 621 5608 guuntur
652 5554 683 5592 a
716 5538 1054 5593 Tertulliano
1106 5538 1346 5594 hzcretiCi
1371 5579 1387 5601 ,
1438 5540 1574 5593 libro
1603 5539 1670 5593 de
1715 5539 1934 5592 illorum

378 5610 790 5679 praescriptione
813 5608 1043 5679 (δεμ-41.
1068 5609 1212 5679 quod
1243 5611 1397 5665 laicis
1424 5609 1934 5679 sacerdotaliaimu-

381 5676 512 5732 nera
540 5676 905 5749 inj‘ungerentl
938 5676 1101 5733 ldem'
1130 5695 1195 5733 ex
1225 5680 1530 5734 orthodoxo
1576 5678 1752 5732 factus
1782 5677 1934 5732 Mon-

378 5751 607 5819 tanista,
634 5749 953 5807 duriuscule
982 5750 1253 5822 loquitur:
1286 5750 1419 5806 Vani
1448 5750 1666 5819 erimus,
1696 5750 1742 5805 si
1774 5757 1931 5819 puta-

1227 4567 1392 4619 etrus,
1423 4566 1471 4610 et
1496 4573 1650 4623 super
1673 4560 1831 4611 istam
1857 4574 1943 4627 pe-

901 4627 1145 4698 cclesiam
1164 4644 1353 4698 meam,
1380 4636 1428 4681 et
1452 4637 1617 4695 porta:
1654 4629 1943 4697 inferorum
2043 4628 2182 4682 libro
2218 4631 2295 4684 De
2333 4630 2663 4698 monogamia
2696 4643 2816 4697 cap.
2852 4627 3177 4683 12.Necuon

2042 4559 2407 4631 sacerdotem?
2440 4558 2514 4613 De
2541 4558 2917 4631 exhortatione
2939 4558 3207 4631 castitatis
3228 4576 3348 4630 cap.
3380 4560 3428 4615 7.
3458 4558 3598 4631 [Lege

3251 4630 3296 4683 si
3329 4631 3437 4698 vis)
3471 4630 3598 4698 Epi-

2043 4634 2182 4682 Iibro
2218 4634 2295 4684 De
2333 4634 2663 4698 monogamia
2696 4643 2816 4697 cap.
2852 4634 3177 4683 1‘2.Necuon
3222 4634 3296 4699 (si
3329 4634 3437 4698 vis)
3471 4634 3598 4702 Epi-

2040 4698 2301 4767 phanium
2348 4701 2402 4754 in
2430 4698 2770 4768 Erpositione
2800 4698 2925 4766 ﬁdei
2952 4713 3072 4768 cap.
3105 4700 3193 4765 15,
3215 4708 3269 4754 et
3305 4700 3359 4753 in
3389 4701 3598 4755 Anace—

2039 4768 2294 4836 phalieosi
2323 4785 2443 4838 cap.
2473 4769 2525 4838 5.
2559 4766 2634 4822 lo.

2112 4838 2223 4922 (at)
2264 4840 2328 4891 Ol
2356 4837 2642 4922 Κορεῖιςιῑι,
2680 4844 2788 4893 etc.
2821 4837 3052 4922 Additur
3088 4837 3292 4922 libruvr,
3323 4854 3443 4922 cap.
3474 4841 3499 4894 1
3540 4848 3595 4895 et

2040 4909 2094 4963 5.
2135 4908 2336 4980 Corem‘
2354 4918 2407 4962 et
2438 4908 2673 4980 Coritas,
2706 4924 2801 4980 seu
2848 4910 3114 4963 ducentos
3159 4909 3281 4964 illos
3318 4908 3592 4980 quinqua-

2041 4980 2213 5048 ginta,
2248 4977 2341 5048 qui
2371 4993 2493 5048 cum
2522 4976 2668 5048 Core
2709 4977 2972 5033 adversus
3019 4980 3289 5048 Aarone‘m
3335 4976 3594 5047 coniura-

2040 5046 2513 5111 ireraut,ﬂammis
2546 5047 2833 5103 ultricibus
2865 5049 3117 5117 periisse;
3143 5046 3451 5103 Rubenitas’
3466 5064 3592 5103 vero

2039 5118 2302 5172 Dathanis
2352 5125 2406 5170 et
2446 5117 2689 5189 Abiromi
2741 5119 2920 5172 socios
2968 5119 3024 5171 in
3070 5118 3587 5189 Moysemrebelles.

2038 5189 2355 5243 dehiscente
2369 5194 2528 5257 terra
2560 5187 2728 5241 fuisse
2754 5189 3060 5257 absorptos.
3094 5187 3172 5241 Et‘
3197 5187 3591 5257 quidemquod

2038 5266 2249 5327 spectat
2271 5257 2339 5311 ad
2354 5256 2667 5327 iDathanem
2697 5268 2857 5327 atque
2883 5256 3198 5311 Abiromum
3216 5256 3367 5310 ’ﬁlios
3392 5256 3586 5319 Eliabi,

2035 5326 2091 5383 et
2134 5328 2304 5383 Onem
2354 5326 2600 5382 Phelethi
2650 5326 2783 5381 sive
2807 5326 2995 5380 Phallu
3028 5328 3229 5389 ﬁlium,
3260 5334 3591 5394 metet-osque

2034 5397 2359 5461 Bubenitas,
2392 5406 2541 5452 certa
2587 5413 2677 5452 res
2705 5408 2789 5453 est
2834 5413 2898 5451 ex
2948 5398 3117 5466 ipsius
3163 5395 3420 5451 Veritatis
3450 5398 3593 5450 rela-

2034 5471 2203 5523 tione.
2245 5468 2364 5533 Qua
2402 5476 2616 5521 constat
2662 5468 2841 5521 minus
2875 5466 3155 5520 commode
3186 5466 3259 5518 ita
3302 5466 3590 5533 scripsisse

2036 5546 2312 5591 auctorem
2340 5538 2578 5591 homilia:
2616 5536 2669 5589 in
2700 5537 2997 5591 secundum
3030 5534 3240 5588 Domini
3273 5535 3585 5598 adventum,

2035 5624 2157 5678 quae
2184 5614 2370 5678 exstat
2403 5614 2551 5678 torno
2571 5604 2639 5659 Vl
2690 5606 3181 5678 B._C_hrysostomi:
3214 5604 3591 5678 Ti;_‘§i]v_cuv_-

2033 5673 2253 5748 ἀγωγὴν
2284 5676 2543 5748 Ἀὁειρὰμ
2570 5673 2991 5748 κατέφλεξεςξτίς
3018 5676 3142 5748 τοὺς
3170 5674 3296 5743 περὶ
3326 5673 3589 5748 κορὲ-καὶ

2035 5744 2221 5805 Δειθῆ
2251 5745 2454 5812 ἀνοῖξαι
2499 5744 2568 5818 τῇ
2605 5748 2675 5817 γῇ
2704 5746 2764 5799 τὸ
2808 5744 2978 5817 στόμα
3006 5745 3097 5797 καὶ
3146 5747 3425 5797 καταπιεῖν
3467 5744 3584 5795 ὲκε-
