3884 6180
317 245 425 301 673

1238 248 1838 311 CONSTITUTIONES
1876 254 2552 314 APOSTOLICA3.—LIB.
2593 258 2656 314 ll.

3465 262 3571 319 671

319 377 483 434 pace,
518 363 974 435 προαιρουμένοις
1018 366 1203 421 καλεῖν
1254 370 1628 442 πρεσϐυτέρας
1656 372 1802 444 (96),
1834 374 1895 445 ἣν

2004 374 2217 439 civium,
2248 388 2389 429 anus
2418 374 2653 431 invitare
2682 373 2957 431 voluerint
2976 374 3049 442 ‘°;
3081 373 3131 429 el
3157 389 3320 445 quam
3350 374 3568 431 diaconi

315 452 637 507 ἐπίστανται
667 456 725 531 ὀί
764 455 999 511 διάκονοι
1027 457 1350 530 θλιϐομένην
1378 501 1392 525 ,
1420 463 1557 533 αὐτῇ
1587 463 1901 538 πλειστάκις

315 545 708 615 πεμπέτωσαν.
773 546 1140 620 ’Δφοριζέσθω
1180 551 1237 604 δὲ
1299 554 1358 606 ἐν
1404 556 1470 624 τῇ
1518 554 1646 626 δοχῆ
1708 554 1770 608 τὸ
1821 556 1901 627 τῷ

290 638 536 706 ,ποιμένι
579 637 787 709 ὲθίμιον
816 639 949 710 (97),
994 641 1139 710 λέγω
1179 642 1235 696 δὲ
1266 641 1329 695 τὸ
1379 645 1479 714 τῆς
1506 646 1780 717 ἀπαρχῆς,
1824 648 1901 711 ὡς

318 728 476 799 ἱερεῖ,
508 729 614 783 κᾶν
646 730 719 801 μὴ
750 734 898 803 παρῇ
927 736 993 804 τῇ
1023 733 1175 805 δοχῇ,
1204 737 1284 799 εἰς
1311 736 1475 807 τιμὴν
1509 737 1645 790 Θεοῦ
1680 739 1774 791 τοῦ
1802 739 1900 810 τὴν

317 818 590 889 ἱερατείαν
630 823 780 893 αὐτῷ
809 824 1215 895 ἐγχειρίσαντος
1238 843 1251 856 ·
1295 828 1417 880 ὅσον
1445 827 1501 880 δὲ
1542 829 1745 900 ἑκάστῃ
1790 832 1900 885 τῶν

313 912 692 981 πρεσϐυτίδων
719 914 940 978 δίδοται,
968 916 1189 969 διπλοῦν
1230 917 1452 970 διδόσθω
1495 922 1608 982 τοῖς
1636 920 1899 985 διακόνοις

311 1003 393 1064 είς
424 1002 593 1075 γέρας
637 1006 875 1077 Χριστοῦ
923 1006 1055 1079 (98).
1102 1010 1227 1071 Τοῖς
1269 1008 1325 1061 δὲ
1366 1010 1792 1082 πρεσϐυτέροις,
1823 1012 1899 1076 ὡς

309 1091 380 1145 ἂν
409 1094 679 1165 κάμνουσι
715 1099 844 1169 περὶ
884 1098 976 1152 τὸν
1012 1100 1112 1169 τῆς
1139 1099 1486 1165 διδασκαλίας
1533 1101 1690 1171 λόγον
1726 1104 1899 1174 διηνε-

311 1184 427 1248 κῶς
460 1186 590 1259 (99),
620 1188 783 1259 διπλῆ
813 1190 908 1242 καὶ
940 1190 1124 1253 αὐτοῖς
1152 1192 1496 1263 ἁφοριζέσθω
1523 1195 1555 1265 ἡ
1591 1197 1788 1266 μοῖρα,
1818 1198 1898 1259 εἰς

306 1277 474 1347 χάριν
516 1279 624 1331 τῶν
656 1281 749 1333 τοῦ
794 1282 1002 1353 Κυρίου
1050 1283 1395 1347 ἀποστόλων,
1430 1280 1504 1338 ὧν
1542 1287 1643 1340 καὶ
1677 1286 1769 1339 τὸν
1809 1286 1897 1339 τό-

310 1385 418 1420 πον
440 1368 585 1440 (100)
617 1371 1005 1440 φυλάσσουσιν,
1029 1374 1106 1437 ὠς
1128 1373 1422 1445 σύμϐουλοι
1451 1376 1546 1429 τοῦ
1574 1378 1894 1442 ἐπισκόπου,

309 1461 408 1513 καὶ
436 1462 537 1531 τῆς
567 1463 892 1535 Ἑκκλησίας
924 1466 1187 1536 στέφανος
1210 1484 1223 1497 ·
1247 1468 1353 1520 είσὶ
1380 1468 1489 1541 γὰρ
1513 1469 1782 1541 συνέδριον
1804 1472 1898 1525 καὶ

312 1550 477 1623 βουλὴ
506 1553 609 1623 τῆς
670 1555 993 1626 Ἐκκλησίας
1018 1575 1031 1588 ·
1064 1560 1114 1611 εί
1142 1558 1199 1611 δὲ
1241 1560 1335 1612 καὶ
1362 1560 1716 1632 ἀναγνώστης
1755 1564 1893 1629 ἐστὶ,

307 1642 637 1714 λαμϐανέτω
682 1648 777 1700 καὶ
822 1648 989 1713 αὐτὸς
1032 1654 1224 1722 μοῖραν
1269 1652 1418 1721 μίαν,
1463 1654 1542 1715 εἰς
1583 1652 1746 1725 τιμὴν
1787 1655 1895 1710 τῶν

308 1738 616 1807 προφητῶν
645 1756 660 1769 ο
704 1739 966 1804 ὡσαύτως
1009 1743 1102 1797 καὶ
1143 1742 1437 1814 ψαλτῳδὸς,
1486 1745 1580 1797 καὶ
1625 1745 1891 1818 πυλωρός.
1927 1725 1967 1779 Β

321 1825 572 1901 Ἕκάστῳ
613 1827 709 1885 οὖν
753 1832 1026 1904 ἀξιώματι
1054 1835 1103 1887 οἱ
1147 1834 1326 1888 λαῖκοὶ
1368 1836 1466 1908 τὴν
1508 1840 1892 1909 προσήκουσαν

306 1920 477 1992 τιμὴν
520 1923 833 1993 νεμέτωσαν
878 1926 937 1979 ὲν
981 1928 1093 1989 τοῖς
1134 1925 1327 1997 δόμασι
1372 1929 1467 1981 καὶ
1504 1932 1571 1999 τῇ
1619 1930 1760 1983 κατὰ
1801 1930 1893 1984 τὸν

308 2012 428 2083 βίον
472 2014 745 2087 ὲντροπῇ·
793 2015 870 2088 μὴ
920 2016 1112 2088 ῥᾳδίως
1151 2017 1207 2070 δὲ
1245 2018 1630 2088 ὲνοχλείτωσαν
1674 2021 1753 2092 τῷ
1796 2023 1895 2094 ἆρ-

305 2123 480 2177 χοντι,
509 2108 648 2161 ἀλλὰ
673 2108 761 2161 διὰ
798 2108 908 2161 τῶν
937 2107 1224 2178 ὑπηρετῶν
1253 2108 1288 2161 ἃ
1318 2108 1595 2178 βούλονται
1637 2114 1897 2183 σημαινέ-

305 2214 514 2263 τωσαν,
559 2199 809 2253 τουτέστι
852 2199 939 2253 διὰ
999 2200 1107 2253 τῶν
1151 2199 1411 2253 διακόνων
1461 2202 1558 2273 (1),
1619 2204 1757 2275 πρὸς
1800 2206 1895 2271 οὓς

385 2314 429 2346 ¹⁰
460 2314 591 2368 Luc.
624 2330 737 2380 xxv,
766 2315 855 2368 l3.

306 2383 483 2441 Trall.
510 2385 569 2453 2,
588 2385 643 2451 '5,
674 2385 744 2439 ad
773 2383 987 2439 Philad.
1019 2383 1080 2449 5,7
1105 2384 1173 2439 ad
1200 2383 1315 2440 Sin.
1346 2386 1401 2440 8.

2006 466 2224 535 inopem
2267 481 2391 522 esse
2425 468 2646 531 sciunt,
2693 469 2913 521 mittant
2950 482 3209 538 perszepe.
3237 465 3573 524 “Caeterum

2004 559 2060 612 in
2088 557 2360 623 convivio,
2384 559 2516 613 illud
2543 558 2689 628 quod
2728 560 2933 629 pastori
2963 560 3186 615 solitum
3216 567 3301 614 est
3322 560 3440 613 dari
3466 576 3482 626 ;
3514 560 3571 615 id

2003 652 2151 721 quod
2185 652 2552 722 primitiarum
2582 663 2664 707 est
2693 652 2853 718 dico;
2892 653 3019 723 ipsi,
3052 652 3177 707 licet
3201 667 3312 706 non
3341 653 3412 707 sit
3432 667 3570 706 con—

2004 744 2153 798 vivio
2186 760 2460 814 praesens,
2505 752 2767 815 tanquam
2816 746 3087 800 sacerdoti
3140 753 3467 815 seponatur,
3512 745 3573 802 in

2002 835 2265 890 honorem
2295 835 2412 901 Dei,
2442 852 2472 889 a
2500 851 2609 906 quo
2640 837 3005 891 sacerdotium
3036 838 3265 906 accepit.
3294 836 3573 903 Quantum

2001 936 2182 983 autem
2225 929 2520 999 unicuique
2563 930 2692 982 anui
2726 930 2985 984 tribuitur
3009 969 3025 994 ,
3056 930 3177 999 ejus
3208 930 3432 999 duplum
3453 928 3573 984 diae

1999 1020 2154 1075 conis
2229 1021 2284 1074 in
2341 1020 2549 1076 Christi
2608 1023 2970 1076 reverentiam
3040 1021 3393 1076 concedatur.
3441 1020 3573 1077 Pre-

2000 1112 2236 1181 sbyteris
2256 1128 2407 1175 vero,
2426 1114 2554 1181 quia
2578 1113 2798 1169 assidue
2824 1114 2975 1167 circa
2988 1128 3294 1168 sermonem
3308 1114 3574 1168 doctrina:

1998 1202 2268 1267 laborant,
2302 1204 2466 1275 dupla
2495 1204 2658 1259 etiam
2689 1206 2868 1275 portio
2897 1205 3228 1275 assignetur,
3252 1205 3307 1258 in
3340 1204 3571 1274 gratiam

1998 1296 2366 1363 apostolorum
2400 1294 2887 1365 Domini,quorum
2916 1304 2970 1349 et
3002 1296 3182 1350 locum
3212 1304 3419 1359 tenent,
3450 1297 3568 1351 vel-

1998 1395 2059 1441 ut
2097 1388 2404 1442 consiliarii
2448 1388 2726 1458 episcopi,
2773 1396 2827 1443 et
2877 1387 3136 1443 Ecclesiae
3169 1403 3410 1453 corona;
3442 1397 3573 1443 sunt

1998 1478 2144 1532 enim
2179 1478 2493 1549 synedrium
2524 1489 2579 1534 et
2610 1488 2836 1535 senatus
2882 1478 3166 1535 Ecclesiae.
3194 1476 3235 1507 ¹²
3257 1479 3360 1546 Qui
3390 1488 3571 1536 autem

1997 1569 2170 1625 lector
2198 1578 2303 1635 est,
2330 1571 2446 1640 ipse
2475 1586 2693 1641 quoque
2726 1580 2937 1641 partem
2972 1571 3110 1627 ferat
3134 1588 3322 1639 unam,
3346 1570 3414 1625 ad
3442 1585 3571 1640 pro-

1998 1662 2283 1731 phetarum
2316 1662 2579 1718 honorem
2608 1683 2619 1718 :
2652 1664 2880 1734 parique
2910 1664 3073 1719 modo
3102 1672 3297 1719 cantor
3326 1670 3379 1718 et
3400 1663 3572 1718 ostiao

1997 1754 2135 1807 rius.
2169 1752 2476 1824 Unicuique
2517 1770 2649 1825 ergo
2690 1756 3081 1811 ecclesiastica:
3122 1754 3377 1825 dignitati
3408 1770 3572 1809 vene—

1994 1846 2261 1900 rationem
2290 1847 2529 1901 debitam
2561 1848 2877 1918 impertiant
2910 1846 3057 1912 laici,
3090 1847 3144 1901 in
3178 1847 3497 1901 muneribus
3516 1850 3575 1901 et

1994 1938 2050 1991 in
2083 1938 2383 1993 honorario
2413 1938 2479 1994 ad
2513 1940 2683 1994 vitam
2726 1940 3061 1996 necessario.
3091 1938 3205 1994 Nec
3247 1956 3380 1994 vero
3412 1938 3573 1994 facile

1995 2031 2287 2099 prmposito
2310 2030 2612 2086 molestiam
2639 2030 2897 2095 inferant,
2921 2031 3016 2087 sed
3046 2032 3231 2101 cupita
3261 2030 3573 2102 signiﬁcent

1995 2135 2093 2188 per
2122 2121 2426 2189 ministros,
2462 2121 2517 2176 id
2554 2131 2638 2178 est
2668 2123 2961 2187 diaconos,
2995 2123 3197 2193 quibus
3247 2129 3472 2177 utantur
3502 2122 3572 2176 li-

1997 2211 2206 2268 berius.
2241 2212 2431 2283 Neque
2470 2214 2617 2269 enim
2645 2213 2712 2268 ad
2746 2213 2918 2270 Deum
2946 2214 3377 2284 omnipotentem
3412 2228 3571 2268 acce-

964 2314 1232 2398 “ignat.”
1268 2314 1525 2398 interpol.
1559 2318 1624 2373 ad
1688 2319 1908 2392 Smyrn.
1941 2323 1994 2380 8.
2077 2327 2117 2357 "
2152 2325 2350 2398 Supra,
2397 2342 2517 2397 cap.
2560 2326 2652 2383 26.
2698 2324 2839 2398 Lege
2882 2326 3056 2398 lgnat.
3093 2325 3161 2380 ad
3201 2324 3382 2398 Magn.
3413 2324 3467 2392 6,
3500 2324 3571 2380 ad

1634 2500 1997 2560 VARIORUM
2031 2505 2264 2562 NOTAE.

384 2611 493 2683 (96)
532 2612 967 2683 Πρεσϐυτέρᾳς,
991 2618 1045 2666 et
1060 2612 1505 2683 ίτρεσϐυτίδων.
1528 2611 1897 2678 Quemadmo-

308 2681 443 2738 dum
474 2681 839 2753 πρεσϐύτιδας
879 2682 1033 2735 Pauli
1059 2681 1167 2753 Tit.
1205 2698 1265 2743 ιι,
1304 2683 1359 2745 5,
1389 2683 1730 2753 interpretati
1766 2694 1898 2739 sunt

310 2755 406 2808 alii
436 2752 604 2826 anus,
620 2754 709 2826 alii
728 2753 1102 2826 diaconissas;
1136 2752 1211 2805 ita
1244 2752 1347 2826 hoc
1380 2754 1499 2807 loco
1528 2752 1896 2826 πρεσϐύτεραι

310 2832 369 2894 et
397 2822 753 2894 πρεσϐύτιδες
799 2824 885 2878 vel
928 2832 1056 2878 sunt
1079 2839 1217 2894 anus
1249 2823 1386 2894 illm,
1428 2821 1702 2894 quas'(ut
1728 2821 1895 2879 verba

312 2892 632 2963 Hieronymi
663 2909 919 2961 usurpem
948 2894 1108 2964 epist.
1127 2893 1162 2945 ‘2
1186 2900 1239 2946 et
1259 2893 1351 2964 49)
1378 2892 1653 2947 nutriebat
1669 2894 1896 2964 suisque

312 2909 632 2963 Hieronymi
663 2909 919 2961 usurpem
948 2909 1108 3016 (EMSL
1128 2909 1162 2945 z
1186 2909 1239 2946 et
1259 2909 1351 2959 ea)
1378 2909 1893 2964 nutrienatsuisque

309 2964 512 3033 opibus
558 2964 909 3017 sustentabat
1002 2964 1222 3033 cclesia.
1265 2963 1527 3033 Aniculae
1546 2964 1893 3031 appellantur

314 3031 374 3088 in
439 3032 612 3087 Gestis
662 3034 993 3104 purgationis
1045 3031 1322 3104 Ca’cjliani
1379 3041 1448 3104 et_
1480 3032 1699 3089 Felicia.
1750 3035 1895 3087 Infra

311 3106 409 3158 lib.
438 3120 525 3167 ιιι,
559 3120 679 3173 cap.
706 3101 793 3167 15⁷,
822 3105 1102 3174 συγγήρῳ.
1133 3101 1231 3157 Vel
1262 3111 1390 3174 sunt
1422 3102 1763 3174 diaconissae,
1796 3119 1894 3159 seu

310 3174 525 3239 viduae,
573 3171 732 3229 aetate
776 3174 936 3229 senili
975 3171 1146 3243 thsaa
1188 3171 1454 3228 ordinari.
1494 3172 1614 3238 Quo
1649 3174 1893 3228 secundo

311 3244 478 3314 modo
523 3243 623 3306 τὰς
678 3244 978 3314 λεγομένας
1026 3243 1425 3314 πρεσϐύτιδας,
1476 3260 1593 3313 qua:
1645 3245 1896 3297 dicuntur

312 3313 718 3385 presbyterwﬁn
742 3313 955 3369 canone
980 3313 1407 3385 Laodicenokll“.
1438 3314 1660 3385 quidam
1694 3314 1894 3385 intellie

315 3382 487 3451 gunt.
505 3383 617 3438 Nec
643 3400 833 3438 verum
860 3392 965 3450 est,
996 3384 1143 3453 quod
1178 3398 1245 3437 ex
1283 3382 1340 3439 S.
1365 3382 1670 3453 Epiphanio
1697 3384 1893 3439 haeresi

317 3454 409 3519 79,
438 3469 561 3524 cap.
584 3453 641 3519 4,
668 3463 723 3509 et
746 3462 939 3508 contra
972 3452 1198 3508 canonis
1230 3452 1522 3508 Laodiceni
1548 3452 1772 3509 Latinos
1809 3457 1893 3507 lu-

312 3523 928 3594 terpretesricontendit
986 3525 1300 3594 multiiugae
1341 3523 1667 3578 eruditionis
1730 3525 1894 3579 homo

310 3593 556 3649 Joannes
589 3593 834 3649 Morinus
854 3636 869 3661 ,
902 3594 978 3648 De
1004 3596 1172 3648 sacris
1206 3593 1652 3655 ordinationibus,
1683 3595 1896 3649 exerci-

312 3666 526 3719 tatione
576 3665 672 3738 i(_)_.
732 3670 1175 3738 pigsbvterarum
1234 3680 1434 3738 nomen
1492 3663 1696 3738 Graecis
1768 3678 1894 3719 esse

312 3738 586 3805 ignotum.
597 3733 750 3805 _Nani
782 3733 1092 3804 Epiphanio
1118 3749 1300 3789 sermo
1348 3734 1893 3805 haberturiduntaxat

311 3802 383 3861 de
411 3805 565 3859 Novo
596 3802 975 3868 Testamento,
1004 3805 1059 3859 in
1085 3820 1194 3874 quo
1218 3806 1294 3858 ait
1326 3804 1688 3874 πρεσϐύτιδας
1715 3804 1891 3859 ιιοωί-

309 3876 461 3935 nari.
495 3890 605 3928 non
635 3874 1082 3946 πρεσϐυτερίδας.
1121 3874 1225 3946 sed
1250 3882 1305 3929 et
1335 3874 1605 3946 Morinum
1632 3875 1894 3946 memoria

309 3946 590 4002 destituit.
635 3942 834 3999 Paucis
878 3942 1021 4000 enim
1061 3945 1222 3999 annis
1261 3950 1554 4014 antequam
1595 3944 1699 4000 ista
1751 3945 1893 4014 scri-

309 4017 489 4079 beret,
530 4016 779 4085 ediderat
821 4013 1225 4069 Poenitentialia
1260 4012 1427 4085 opera
1474 4012 1703 4070 Joannis
1740 4013 1895 4084 Jeju-

310 4088 527 4157 natoﬁris
549 4124 564 4149 ,
596 4094 651 4140 et
706 4083 937 4139 Joannis
967 4085 1257 4148 monachi,
1294 4083 1385 4139 ubi
1434 4083 1893 4157 πρεσϐυτέρισσαι

308 4156 653 4225 presbyterw,
679 4171 869 4209 uxores
916 4157 1341 4224 presbyterorum
1372 4170 1483 4225 non
1521 4157 1686 4225 semel
1714 4156 1889 4209 com-

310 4224 532 4295 parent.
566 4226 720 4280 Adde
745 4227 889 4293 quod
923 4241 954 4279 a
983 4225 1040 4279 S.
1076 4226 1279 4280 Basilio
1310 4225 1364 4279 in
1395 4224 1607 4295 Regalis
1640 4224 1895 4283 breviori-

311 4294 441 4357 bus.
472 4305 667 4367 (ψέξει.
702 4296 833 4367 HO,
856 4296 979 4361 111,
1012 4295 1388 4367 πρεσϐυτέρας
1416 4294 1736 4367 (antistitam
1769 4310 1893 4349 ver-

313 4373 462 4419 tunt.
500 4365 739 4420 Ruﬁnus
788 4366 1014 4421 Matrem
1058 4364 1381 4421 monasterii
1405 4364 1431 4429 ,’
1454 4364 1724 4419 seniorem
1774 4380 1892 4418 ma-

2000 2634 2107 2688 que
2135 2618 2355 2691 duplam
2385 2620 2713 2691 partemtin
2740 2618 2970 2690 gratiam
3002 2620 3398 2690 apostolorum,
3429 2635 3573 2690 quo-

2001 2704 2123 2742 rum
2164 2690 2343 2761 locum
2374 2689 2598 2761 jenent.
2632 2689 2834 2745 Verum
2867 2692 2991 2761 quis
3031 2689 3133 2745 hoc
3186 2691 3373 2745 credat
3403 2708 3416 2745 :
3453 2689 3572 2745 rimo

1998 2761 2144 2831 quis“
2170 2760 2309 2815 adeo
2337 2758 2520 2831 obtusi
2551 2776 2781 2827 sensus,
2815 2758 3017 2816 ut'non
3056 2761 3323 2831 intelligat
3357 2761 3570 2831 eiusce-

1997 2829 2149 2884 modi
2179 2830 2684 2899 comparationibus
2712 2840 2891 2899 certos
2923 2832 3185 2886 terminos
3225 2829 3347 2885 esse
3392 2830 3580 2899 prati}.-

2040 2900 2252 2981 cados?
2302 2898 2814 2981 (Jazterum‘prazter
2867 2898 3121 2981 Diatafces
3169 2908 3224 2954 et
3259 2898 3571 2981 [gnatianas

2051 2967 2294 3036 pistolas,
2349 2970 2401 3022 in
2456 2967 3106 3041 presbyterisapostolos
3162 2967 3381 3041 _cogitat
3426 2974 3567 3041 apud

1921 3064 1966 3122 ο
1998 3033 2672 3122 Ηίοιοιιγιιιυηιίεένίρηιότι
2718 3033 2983 3119 Epistulae.
3024 3037 3094 3122 ad
3154 3033 3566 3122 Ruiticuinfpe

1994 3116 2185 3177 septem
2210 3107 2216 3108 “
2244 3107 2498 3177 gradibus
2542 3107 2795 3163 Ecclesia:
2823 3149 2838 3171 ,
2891 3108 2985 3177 qui
3015 3108 3178 3177 etiam
3200 3126 3334 3177 cum
3372 3120 3568 3177 nostra

1997 3176 2232 3231 lectores
2257 3178 2322 3229 ad
2351 3175 2642 3244 prophetas
2667 3174 3065 3230 accommodat.
3083 3174 3159 3229 De
3182 3174 3385 3243 duplici
3402 3180 3571 3244 parte

1996 3245 2163 3315 lvgito
2222 3247 2243 3300 l
2286 3244 2429 3316 lim.
2456 3262 2511 3308 ν,
2548 3245 2637 3316 17,
2666 3245 2851 3316 ibique
2878 3245 3360 3316 Chrysostomum,
3389 3244 3572 3316 (Ecu-

1996 3314 2257 3385 menium,
2292 3314 2779 3385 The0phylactum.
2816 3315 2976 3369 Clara
2999 3314 3223 3385 quoque
3248 3322 3377 3385 sunt
3404 3315 3570 3385 verba

1996 3383 2321 3439 Tertulliani
2353 3381 2617 3440 adversus
2666 3383 2968 3439 Ecclesiam
3001 3381 3435 3439 debacchantis:
3483 3381 3569 3436 Ad

1994 3456 2221 3525 elogium
2242 3456 2381 3526 gula:
2407 3464 2511 3509 tuae
2540 3456 2786 3526 pertinet,
2819 3454 2956 3526 quod
2985 3454 3176 3526 duplex
3200 3451 3341 3522 apud
3369 3462 3417 3506 te
3437 3469 3571 3522 prm-

1995 3524 2287 3580 sidentibns
2339 3525 2507 3579 honor
2582 3525 2717 3578 binis
2764 3524 3004 3592 partibus
3056 3524 3390 3593 deputatur;
3448 3540 3567 3576 cum

1994 3596 2278 3665 Apostolus
2308 3595 2567 3665 duplicem
2597 3594 2845 3647 honorem
2873 3595 3094 3665 dederit,
3134 3604 3191 3647 ut
3223 3603 3271 3647 et
3306 3593 3567 3665 fratribus

1994 3664 2051 3720 et
2074 3664 2502 3735 pra'positisgDe
2520 3665 2749 3734 jejuniis
2775 3680 2896 3734 cap.
2930 3666 3030 3721 ult.
3060 3664 3400 3735 ApageAergo
3428 3664 3570 3735 male

1995 3732 2337 3807 ingeniosam
2393 3732 2613 3807 Riga‘ltii
2644 3732 3201 3807 _interp'retationem.
3256 3732 3568 3790 Videndum

1998 3804 2123 3863 libri
2154 3822 2255 3860 vui
2316 3804 2485 3876 caput
2508 3806 2600 3861 51.
2632 3804 2772 3861 Cor.
2815 3804 2833 3807 '
2875 3873 2884 3876 Α
2999 3875 3004 3876 γ
3201 3874 3223 3876 ᾖ
3268 3852 3269 3855 η

2089 3876 2177 3947 99)
2198 3873 2526 3947 ᾼιηνεόιῶς.
2564 3876 2848 3947 Omittitur
2872 3873 2941 3947 in,
2960 3875 3153 3947 altero.
3185 3874 3355 3947 Cten.

2091 3940 2214 4018 100)
2233 3940 2348 4018 Ὦὶν·
2366 3940 2876 4018 μαλ’τόπονἈΑιιθιδ
2895 3946 2945 3999 οἳ
2972 3946 3067 4018 καὶ
3084 3945 3247 4018 τόπον
3269 3943 3477 4018 αὐτῶνζ
3490 3940 3567 3999 In.

2090 4018 2140 4088 1)
2178 4013 2293 4088 ma
2317 4014 2435 4070 τῶν
2461 4014 3107 4088 ὑπηρετῶ-,τουτέστι
3153 4014 3252 4088 διᾲ
3293 4014 3411 4088 τῷν
3446 4013 3571 4065 δια-

1994 4084 2207 4141 κόνων.
2236 4084 2356 4141 Lib.
2391 4102 2479 4150 ιιι,
2509 4102 2632 4155 cap.
2664 4087 2762 4153 11;
2794 4087 2889 4141 lib.
2921 4102 2999 4148 vi,
3024 4102 3144 4155 cap.
3174 4085 3273 4151 17;
3308 4085 3403 4138 lib.
3441 4099 3565 4145 vin,

1994 4171 2118 4227 cap.
2148 4157 2239 4222 28,
2267 4172 2365 4229 per
2409 4158 2687 4229 ὑπηρέτας
2741 4155 3463 4229 subdiaconosintclligit,
3514 4162 3571 4229 et

1995 4223 2116 4308 cap.
2152 4223 2368 4308 10..li‘b.
2404 4223 2537 4290 vui,
2562 4226 2867 4308 ὑπηρεσίαν
2893 4225 3087 4308 eodem
3126 4225 3193 4308 in
3222 4223 3388 4306 sensu
3420 4223 3571 4308 (opi-

1993 4295 2119 4368 nor)
2150 4298 2379 4367 accipit,
2417 4312 2580 4366 quam
2635 4295 2817 4350 tamen
2856 4295 3103 4364 ejusdem
3138 4295 3263 4348 libri
3318 4309 3439 4364 cap.
3477 4295 3567 4355 15,

1993 4368 2211 4422 videtur
2263 4383 2529 4435 usurpare
2588 4382 2687 4436 pro
2737 4374 2885 4436 coetu
2936 4363 3568 4436 omnium_cleri(_:orum

313 4440 481 4503 trem)
512 4438 717 4490 mentio
751 4436 828 4490 ﬁt.
866 4436 1108 4504 Denique
1152 4452 1265 4490 rem
1298 4436 1556 4506 conﬁcit,
1596 4443 1651 4488 et
1676 4435 1890 4489 dissen—
1920 4430 1965 4484 D
1996 4438 2245 4494 diaconis
2311 4430 2702 4506 subjectorum.
2760 4434 3317 4506 Scilicetﬂi'mnpé-cat
3338 4472 3353 4495 ,
3381 4432 3571 4506 Latine

315 4507 519 4561 tientcs
543 4506 760 4576 jugulat
806 4506 1073 4569 Photius;
1108 4506 1197 4559 cui
1230 4507 1283 4559 in
1312 4505 1706 4576 Nochanone,
1732 4505 1892 4576 titulo

314 4578 372 4649 1,
404 4574 771 4649 οθρζρέιιυῃ.
803 4576 1151 4649 πρεσϐυτέρα
1174 4584 1438 4649 ᾐθξιηίιυω
1469 4574 1733 4649 Patrihus
1754 4574 1893 4649 Laof

312 4644 529 4717 dicenis
558 4644 873 4717 πρεσϐῦτις.
907 4644 1239 4701 Ριξιξιθιιιιὶεἰ
1293 4644 1474 4701 locum
1515 4644 1767 4717 Origenis
1824 4646 1894 4699 ad

311 4716 548 4772 Joannis
577 4715 674 4771 xiii
696 4757 711 4780 ,
746 4718 845 4781 12,
878 4728 1011 4781 etc.,
1045 4718 1171 4786 quia
1208 4718 1337 4770 dum
1378 4717 1584 4770 viveret
1620 4715 1890 4786 Morinus,

312 4788 564 4843 nondum
595 4786 782 4843 Graece
814 4789 870 4842 in
900 4785 1083 4841 locum
1120 4787 1439 4852 prodierant
1482 4786 1572 4839 illa
1602 4785 1893 4840 Commen-

311 4857 484 4913 taria.
515 4857 652 4912 Eum
676 4858 799 4913 vide
828 4875 882 4927 p.
914 4856 1106 4927 590.13
1124 4894 1138 4918 ,
1159 4856 1440 4911 Huctianze
1464 4856 1736 4927 editionis.
1759 4855 1895 4912 Vide

312 4929 484 4982 etiam
527 4928 595 4999 de
635 4926 1046 4999 presby’tidibus
1085 4926 1387 4999 Palladium
1424 4926 1748 4999 Praelatione
1790 4927 1894 4980 Hi-

315 5000 501 5053 storia:
527 4995 831 5064 Lausiacaz',
860 5007 915 5053 et
943 4998 1274 5052 Antiochum
1305 4998 1496 5053 homil.
1525 4996 1618 5052 21.
1646 4995 1723 5052 in.

412 5069 503 5138 97)
554 5070 834 5137 Ἐθίμιον.
867 5069 1019 5123 Alter
1049 5069 1172 5123 cod.
1206 5067 1411 5138 ἔθιμον.
1444 5070 1539 5121 (11..

412 5070 481 5124 97
554 5070 834 5137 Ἐθίμιον.
867 5070 1019 5123 Alter
1049 5070 1172 5123 cod.
1206 5070 1411 5138 ἔθιμον.
1444 5070 1539 5121 (11..

387 5070 503 5210 1981
541 5140 807 5193 Διπλοῦν
835 5139 1090 5193 διδόσθω
1106 5138 1563 5210 Ξοῖςᾼδιακόνοις
1600 5140 1687 5203 εἱς
1720 5138 1896 5205 γέρας

312 5207 601 5277 Χριστοῦ.
646 5211 921 5280 Antiquus
970 5210 1069 5280 ille,
1105 5207 1363 5280 Turriani
1397 5210 1720 5273 adnotator,
1769 5224 1894 5261 cum

313 5280 536 5349 putavit
572 5277 843 5335 minorem
876 5280 1015 5334 Filio
1049 5279 1167 5333 ﬁeri
1197 5277 1462 5348 Spiritum
1514 5286 1767 5333 sanctum
1800 5295 1898 5348 per

314 5366 485 5404 unam
510 5352 814 5420 portionem
836 5351 1182 5413 diaconissae.
1208 5350 1477 5420 duplicem
1500 5350 1739 5409 diaconi,
1768 5350 1897 5420 quia

314 5436 445 5490 cap.
480 5417 552 5475 20
585 5487 591 5490 Α
625 5422 935 5485 diaconissa
965 5422 1171 5476 dicitur
1198 5417 1370 5490 ﬁgura
1405 5417 1645 5488 Spiritus
1693 5417 1893 5483 sancti,

314 5487 592 5547 diaconus
603 5507 735 5547 vero
750 5490 894 5557 Filii;
914 5508 1021 5545 non
1037 5487 1504 5551 considéraverat,
1519 5492 1619 5543 hac
1638 5490 1898 5558 praeclara

315 5575 419 5614 sua
452 5563 874 5617 ratiocinatione
900 5562 1221 5617 conclusum
1250 5562 1339 5624 iri,
1373 5561 1517 5629 quod
1549 5575 1580 5613 a
1622 5561 1897 5615 constitu-

316 5641 441 5687 tore
469 5632 714 5701 Apostoli
748 5632 1110 5703 praeferantur
1140 5631 1370 5701 Spiritui
1400 5639 1616 5703 sancto,
1646 5630 1899 5685 Christo-

312 5717 425 5771 que
453 5701 882 5775 aequiparentur.
900 5701 1241 5775 Prcsbyteris
1265 5703 1465 5774 quippe
1489 5702 1731 5774 assignat
1760 5717 1887 5772 quo-

1998 4508 2281 4571 ministri,
2335 4503 2597 4561 dicuntur
2626 4505 2919 4574 aliquando
2973 4503 3188 4559 diaconi
3216 4542 3231 4567 ,
3272 4503 3570 4574 aliquando

1996 4578 2341 4641 subdiaconi,
2365 4577 2660 4646 aliquando
2690 4573 2877 4630 clerici
2905 4591 3013 4628 non
3038 4575 3416 4646 sacerdotes_a
3448 4573 3568 4646 dia:

1995 4648 2150 4703 conis
2200 4648 2269 4701 ad
2328 4642 2577 4711 inﬁmos,
2624 4645 2923 4716 aliquando
2979 4646 3199 4716 demum
3242 4642 3568 4716 subdiaconi

1995 4733 2121 4772 cum
2159 4720 2538 4787 sequentibus.
2574 4712 2834 4787 Enen—ipla
2884 4723 3015 4770 sunt
3063 4714 3244 4787 obvia.
3275 4712 3349 4787 De
3378 4714 3568 4787 multis

1995 4803 2170 4857 pauca
2200 4784 2584 4857 indicabimus.
2630 4785 2869 4857 Primam
2914 4784 3286 4857 acceptionem
3324 4784 3567 4857 invenies

1996 4854 2051 4912 in
2077 4874 2286 4913 canone
2315 4856 2628 4913 Sardicensi
2655 4856 2709 4915 8.
2740 4857 2796 4908 in
2820 4854 3123 4919 Victorino,
3155 4854 3567 4909 Commentario

1995 4929 2063 4999 in
2090 4928 2495 4999 Apocalypsim,
2530 4928 2634 4999 ubi
2652 4926 2951 4999 Nicolaum
2986 4925 3278 4999 diaconum
3330 4924 3566 4999 appellat

1994 4992 2415 5063 ministruniﬂat
2443 5003 2497 5052 in
2519 4997 2811 5052 Ambrosio
2838 4996 2904 5049 ad
2929 4995 3091 5050 Lucae
3117 5010 3193 5059 lx,
3218 4993 3306 5049 60.
3365 4992 3563 5063 ’Ᾱιοιιὶ-

1995 5085 2133 5132 nus,
2172 5071 2259 5124 vel
2291 5062 2464 5131 alius,
2510 5067 2587 5121 De
2625 5068 2816 5121 divinis
2856 5066 3079 5135 ofﬁciis,
3112 5081 3232 5134 cap.
3266 5065 3373 5119 56:
3414 5062 3565 5135 (Sub:

1995 5139 2249 5194 diaconus
2271 5182 2285 5207 ,
2323 5139 2683 5202 subminister,
2713 5154 2772 5191 eo
2811 5132 2949 5207 quod
2991 5137 3086 5189 sub
3124 5132 3473 5207 diaconqsit.

1995 5219 2073 5263 est
2138 5211 2233 5264 sub
2273 5202 2553 5263 'ministro.
2612 5206 2752 5277 Lege
2806 5202 3161 5261 Sirmondum
3217 5203 3284 5258 ad
3326 5202 3559 5277 Ennodii

1996 5281 2157 5349 epist.
2192 5280 2254 5342 9,
2291 5281 2386 5335 lib.
2436 5294 2513 5353 vi.
2549 5273 3172 5353 Secunda__signil_i_catio
3212 5274 3454 5329 cernitur
3506 5273 3560 5353 in

1998 5347 2250 5423 pluribus
2288 5350 2595 5423 canonibus
2641 5347 3184 5423 synodi‘Laodicena:
3208 5384 3224 5408 ,
3255 5359 3467 5423 necnon
3504 5347 3557 5422 in

1997 5416 2066 5475 69
2126 5421 2184 5477 S.
2217 5422 2401 5475 Basilii
2431 5437 2497 5474 ex
2524 5416 2971 5487 interpretatione
3000 5416 3380 5487 _Balsamonis,
3412 5420 3468 5467 et
3505 5416 3559 5467 in

1997 5492 2243 5560 ejusdem
2292 5491 2473 5546 Patris
2522 5483 2687 5562 epist:
2718 5490 2857 5562 48L.
2899 5504 2966 5542 ex
2993 5484 3200 5562 Joanne
3241 5483 3560 5562 Logi-aram

1998 5552 2250 5616 Manlia-0
2273 5562 2519 5617 Blastare
2550 5552 2788 5614 ineditis.
2815 5557 2973 5612 Juxta
3004 5557 3215 5609 tertiam
3239 5555 3296 5608 S.
3323 5552 3559 5607 llilarius

2000 5633 2055 5687 in
2088 5634 2355 5702 psalmum
2384 5647 2627 5702 (xxxiv,
2660 5629 2727 5683 ad
2767 5629 2947 5702 linein,
2978 5634 3148 5679 totam
3188 5622 3559 5702 _lii_eifai'cliiam

2002 5692 2256 5760 bifariam
2288 5692 2673 5771 distribuit,in
2701 5697 3015 5757 sacerdotes
3048 5702 3104 5753 et
3132 5695 3431 5751 ministros.
3459 5692 3558 5747 De-
