3884 6180
347 257 455 314 675

1198 255 1254 309 S.
1291 251 1686 309 CLEMENTIS
1719 251 1736 304 Ι
1775 249 1939 306 ROM.
1984 249 2184 304 PONT.
2221 248 2445 306 OPERA
2483 249 2708 305 DUBIA.

3482 251 3594 306 676

344 379 515 442 ditur,
537 374 644 431 nisi
666 389 762 445 per
783 371 1088 429 Christum.
1109 369 1286 436 Quare
1317 369 1382 422 ad
1413 367 1663 423 eumdem
1693 366 1912 420 modum

2019 364 2180 417 πλέον
2213 364 2791 437 παῤῥησιαζέσθωσαν.
2839 363 2972 417 Οὐδὲ
3013 362 3121 434 γάρ
3162 363 3241 434 τῷ
3279 367 3593 435 παντοκρό-

345 483 684 541 quaecunque
729 467 918 520 volunt
958 463 1119 528 laici,
1163 477 1260 533 pcr
1311 463 1599 516 diaconum
1655 459 1914 527 episcopo

345 559 733 623 manifestent;
783 566 946 626 atque
1012 557 1086 610 ita
1137 553 1466 610 sententiam
1534 551 1682 605 illius
1739 551 1914 603 adim-

347 653 547 722 pleant.
582 650 714 703 Nam
747 649 889 718 apud
919 649 1153 717 priorem
1185 659 1401 715 quoque
1437 644 1697 713 populum
1718 682 1732 706 ,
1765 641 1904 696 nihil

347 745 491 799 sacri
523 745 575 796 in
606 742 810 810 templo
847 748 942 794 aut
982 738 1312 792 oﬂerebatur
1333 776 1348 800 ,
1381 743 1475 788 aut
1522 735 1683 788 ﬁebat
1710 735 1914 802 absque

340 829 646 882 sacerdote.
677 849 694 879 ι
718 829 882 884 Labia
909 829 1053 882 enim
1085 825 1386 881 sacerdotis
1412 823 1723 880 custodient
1742 825 1920 878 scien-

344 919 496 982 tiam,
524 930 575 973 et
625 922 794 985 legem
836 922 1114 991 requirent
1145 939 1207 977 ex
1233 938 1328 978 ore
1359 923 1502 993 ejus,
1541 942 1562 976 ι
1610 921 1688 976 ait
1715 922 1912 978 alicubi

340 1018 621 1080 propheta,
649 1033 668 1067 ι
690 1015 815 1084 quia
830 1017 1056 1086 angelus
1071 1016 1282 1070 Domini
1301 1019 1686 1087 omnipotentis
1702 1031 1785 1077 est
1808 1024 1867 1075 ¹³.
1883 1039 1902 1074 ι

344 1106 498 1171 Quod
544 1107 590 1159 si
621 1106 928 1160 daemonum
966 1106 1206 1159 cultores
1245 1104 1299 1157 in
1330 1101 1667 1158 detestandis
1693 1109 1748 1154 et
1775 1101 1910 1154 abo-

347 1198 621 1251 minandis
651 1213 714 1251 ac
745 1197 974 1267 impuris
1000 1196 1278 1265 Deumque
1310 1194 1712 1250 oﬂ‘endentibus
1734 1193 1910 1248 sacris

343 1290 480 1350 suis.
514 1288 795 1358 hucusque
825 1299 1013 1344 sancta
1039 1302 1102 1342 ac
1128 1287 1313 1342 divina
1342 1287 1664 1340 aemulantur
1689 1303 1703 1339 :
1736 1299 1911 1354 quan-

341 1395 503 1449 quam
533 1395 662 1434 vero
690 1381 1098 1454 comparatione
1124 1380 1277 1441 inita,
1310 1377 1625 1447 longissime
1652 1391 1682 1429 a
1703 1377 1909 1432 sanctis

339 1471 672 1524 caerimoniis
697 1471 1029 1525 secernenda
1065 1473 1135 1525 sit
1162 1469 1520 1524 exsecrabilis
1544 1467 1866 1538 superstitio
1889 1485 1902 1521 :

341 1564 386 1617 si
409 1569 592 1615 tamen
625 1563 680 1615 in
706 1563 1056 1617 illusionibus
1087 1561 1224 1623 suis,
1247 1562 1384 1614 nihil
1414 1561 1533 1615 sine
1557 1559 1692 1614 falso
1723 1575 1909 1614 sacer-

339 1657 464 1710 dote
491 1654 749 1718 oll’ernnt,
769 1669 944 1724 neque
971 1654 1244 1718 elliciunt;
1282 1652 1390 1705 imo
1416 1652 1565 1704 illum
1596 1651 1904 1720 pontiﬁcem

338 1765 438 1818 pro
477 1749 718 1818 lapidum
749 1763 813 1800 ac
855 1746 1122 1800 idolorum
1165 1758 1259 1797 ore
1309 1743 1531 1806 habent,
1565 1751 1726 1810 atque
1775 1740 1906 1810 quid

337 1841 519 1894 facere
553 1840 746 1907 jubeat
775 1845 1114 1907 exspectant,
1145 1843 1204 1889 ut
1231 1834 1499 1904 quidquid
1526 1834 1755 1903 jusserit
1783 1849 1907 1902 per-

337 1931 542 1993 ﬁciant,
586 1939 702 1984 tum
742 1931 945 1998 absque
976 1943 1041 1982 eo
1088 1927 1295 1980 faciunt
1338 1926 1504 1987 nihil,
1545 1926 1906 1994 eumdemque

335 2020 608 2077 ﬂaminem
643 2024 849 2075 honore
878 2027 1308 2091 prosequuntur,
1343 2017 1516 2087 ipsius
1544 2032 1745 2072 nomen
1777 2031 1907 2086 quo-

336 2131 443 2185 que
470 2113 782 2169 venerando
803 2153 817 2177 ,
850 2112 918 2166 ad
947 2112 1208 2166 honorem
1241 2108 1663 2162 inanimatarum
1696 2115 1904 2162 statua--

333 2222 478 2270 rum,
513 2214 566 2261 et
615 2205 682 2259 ad
726 2205 930 2259 cultum
972 2203 1333 2271 malignorum
1363 2199 1678 2270 spirituum.
1712 2197 1768 2252 Si
1801 2199 1900 2262 illi,

334 2300 580 2370 inquam,
604 2299 696 2368 qui
725 2311 863 2351 vana
884 2303 938 2350 et
965 2295 1100 2349 l'alsa
1123 2293 1436 2363 opinantur,
1459 2306 1720 2361 spemque
1746 2305 1900 2346 suam

332 2393 484 2446 nulla
508 2392 560 2446 in
618 2406 676 2445 re
706 2389 966 2452 solidant,
1000 2387 1202 2442 imitari
1245 2393 1427 2439 tamen
1487 2395 1708 2440 sanctos
1761 2384 1902 2436 ritus

335 2485 554 2540 student
580 2503 592 2538 :
623 2489 829 2554 quanto
858 2481 1069 2551 aequius
1093 2487 1178 2535 est
1209 2494 1327 2543 vos,
1358 2494 1592 2549 quorum
1625 2478 1760 2532 ﬁdes
1783 2478 1899 2532 evi-

332 2576 654 2632 dentissima
679 2616 694 2640 ,
730 2591 857 2645 spes
903 2573 1209 2628 certissima
1239 2578 1358 2636 est,
1395 2578 1451 2625 et
1490 2586 1518 2624 a
1556 2570 1756 2641 quibus
1805 2585 1899 2624 ex-

334 2675 615 2738 spectatur
645 2667 903 2737 gloriosa,
937 2671 1219 2735 perpetua,
1245 2679 1309 2717 ac
1347 2664 1558 2718 stabilis
1603 2663 1900 2732 repromis-

333 2760 450 2826 sio;
472 2759 718 2814 venerari
741 2759 794 2812 in
810 2757 1147 2812 antistitibus
1175 2755 1465 2810 Dominum
1489 2756 1680 2822 Deum,
1708 2765 1763 2812 et
1785 2757 1891 2812 exi-

334 2853 557 2905 stimare
583 2850 871 2921 episcopos
894 2865 1015 2906 esse
1042 2864 1104 2904 os
1132 2847 1269 2902 Dei?

883 3027 1111 3084 CAPUT
1154 3027 1342 3083 XXIX.

566 3122 698 3188 Qum
727 3123 795 3177 sit
826 3123 1057 3191 dignitas
1081 3123 1310 3192 episcopi
1337 3131 1385 3175 et
1415 3120 1650 3176 diaconi.

400 3212 532 3269 Nam
558 3216 604 3270 si
631 3215 832 3282 Aaron,
855 3216 984 3287 quia
1015 3216 1204 3282 verba,
1227 3213 1430 3283 Moysis
1453 3215 1672 3270 nomine
1701 3215 1896 3270 detulit

404 3393 447 3424 ¹³
479 3394 598 3451 Ila].
636 3413 698 3462 lt,
725 3397 773 3454 7.

2017 473 2141 526 τορι
2173 457 2291 526 Θεῴ
2323 457 2638 527 προσελθεῖν
2669 456 2834 514 ἐστιν,
2865 455 2959 508 ἐάν
2991 456 3065 526 μὴ
3092 457 3179 509 διὰ
3204 457 3296 509 τοῦ
3325 458 3588 527 Χριστοῦ.

2017 549 2203 612 Οῦτως
2231 550 2323 601 καὶ
2367 551 2418 601 oi
2463 549 2638 602 λαῖκοὶ
2666 549 2840 600 πάντα
2867 549 2967 601 ὃσα
3016 548 3288 617 βούλονται
3313 588 3328 611 ,
3365 548 3453 601 διὰ
3489 548 3591 600 τοῦ

2013 640 2263 694 διακόνου
2295 642 2505 713 φανερά
2533 642 2610 712 τῷ
2640 642 2922 712 ἐπισκόπῳ
2952 642 3293 705 ποιείτωσαν,
3325 641 3417 694 καὶ
3445 640 3595 694 οὕτω

2016 736 2158 789 κατά
2184 736 2247 789 τὸ
2273 734 2462 789 δοκοῦν
2489 736 2681 806 ἐκείνῳ
2709 735 3123 788 ἐπιτελείτωσαν
3141 752 3153 764 ·
3179 735 3297 787 οὐδὲ
3323 733 3431 804 γάρ
3454 735 3592 804 πρό-

2012 846 2172 899 τερον
2201 831 2258 880 ἐν
2287 829 2365 898 τῷ
2395 828 2525 898 ίερῷ
2566 827 2813 897 ἀγίασμά
2839 844 2892 879 τι
2921 827 3287 898 προσεφέρετο
3313 827 3346 898 ἢ
3376 828 3591 894 ἐγίνετο

2016 922 2144 976 ἀνευ
2173 921 2267 974 τοῦ
2300 920 2503 991 ἱερέως.
2541 941 2558 973 ι
2587 919 2754 989 Χείλη
2775 919 2882 990 γὰρ
2913 919 3099 989 ἱερέως
3128 917 3415 986 φυλάξεται
3443 917 3591 986 γνῶ-

2017 1031 2122 1076 σιν,
2147 1015 2240 1067 καὶ
2267 1013 2429 1084 νόμον
2458 1011 2852 1083 ἐκζητήσουσιν
2882 1013 2945 1064 ἐκ
2963 1011 3057 1064 τοῦ
3080 1011 3340 1081 πόματος
3359 1010 3544 1072 αὐτοῦ,
3561 1029 3581 1062 ι

2014 1107 2148 1176 φησί
2177 1123 2277 1158 που
2305 1106 2334 1157 6
2375 1105 2680 1175 προφήτης,
2741 1124 2759 1156 ι
2787 1105 2867 1157 ὅτι
2911 1103 3136 1172 ἄγγελος
3155 1105 3359 1174 Κυρίου
3387 1119 3590 1156 παντο-

2013 1197 2280 1269 κράτορός
2309 1198 2474 1250 ἐστιν.
2505 1214 2524 1247 ι
2549 1195 2612 1249 Εἰ
2641 1195 2750 1268 γάρ
2777 1196 2825 1248 οἱ
2871 1197 2978 1249 τῶν
3007 1196 3270 1266 δαιμόνων
3317 1195 3588 1264 Θεραπευ-

2009 1291 2100 1342 ταὶ
2129 1292 2186 1342 ἐν
2215 1292 2328 1352 τοῖς
2359 1291 2623 1359 μυσαροῖς
2667 1289 2760 1342 καὶ
2791 1287 3094 1357 βδελυκτοῖς
3120 1289 3210 1340 καὶ
3253 1286 3587 1357 ἀκαθάρτοις

2011 1382 2478 1453 προσοχθίσμασιν
2523 1381 2701 1433 αὐτῶν
2728 1382 2854 1450 ἄχρι
2882 1379 2975 1432 τοῦ
3003 1378 3160 1448 δεῦρο
3202 1378 3270 1429 τὰ
3318 1377 3448 1443 ἅγια
3495 1396 3590 1447 μι-

2013 1473 2257 1543 μοῦνται·
2281 1473 2376 1526 καὶ
2407 1473 2621 1543 μακρὰν
2645 1473 2740 1542 μὲν
2760 1471 2851 1522 ἐπὶ
2874 1470 3207 1540 συγκρίσεως
3225 1468 3285 1520 τὸ
3315 1468 3587 1537 βδέλυγμα

2010 1565 2330 1636 κεχωρίσθω
2347 1565 2455 1618 τῶν
2488 1564 2674 1633 ἀγίωνο
2699 1563 2836 1618 πλὴν
2856 1563 2914 1614 ἐν
2934 1565 3046 1624 τοῖς
3080 1561 3456 1630 ἐμπαίγμασιν
3486 1561 3589 1614 αὺ-

2008 1659 2135 1721 τῶν,
2151 1660 2274 1712 ἄνευ
2289 1656 2380 1710 τοῦ
2399 1674 2499 1727 μηε
2509 1657 2643 1728 ρέως
2657 1656 2730 1724 (2)
2745 1654 2894 1707 οὐδὲν
2909 1653 3213 1724 προσφέρου
3221 1668 3322 1713 σιν,
3336 1650 3460 1703 οὐδὲ
3472 1651 3587 1702 ἐπι-

1939 1705 1979 1761 B
2008 1705 2271 1812 τελοῦσιν,
2290 1705 2916 1818 ἀλλάῆστὸμαννομίζουσι
2936 1705 3042 1798 τῶν
3064 1705 3223 1796 λίθων
3240 1743 3329 1796 τὸν
3350 1743 3582 1813 μηερέα,

2009 1841 2391 1912 περιμένοντες
2418 1840 2470 1892 τί
2513 1838 2804 1910 προστάξει
2834 1840 3005 1890 ποιεῖν
3036 1838 3217 1899 αὐτοῖς
3237 1875 3251 1898 ,
3282 1837 3375 1889 καὶ
3403 1837 3585 1889 πάντα

2007 1931 2042 1984 ἀ
2071 1931 2136 1984 ἂν
2164 1930 2441 2002 προστάξῃ
2472 1931 2653 1994 αὐτοῖς
2676 1971 2689 1993 ,
2721 1931 2904 1982 ἐκεῖνα
2938 1927 3244 1981 ἐπιτελοῦσι
3268 1967 3282 1989 ,
3315 1929 3408 1980 καὶ
3452 1929 3585 1983 ἀνευ

2006 2022 2171 2075 αὐτοῦ
2203 2023 2447 2076 ποιοῦσιν
2476 2022 2649 2084 οὐθὲν,
2673 2023 2766 2075 καὶ
2793 2020 3020 2091 τιμῶσιν
3041 2019 3200 2073 αὑτὸν
3227 2019 3316 2072 τὸν
3347 2020 3583 2090 μηερέα,

2007 2116 2100 2167 καὶ
2135 2115 2330 2167 σεπτὸν
2358 2113 2522 2168 αὐτοῦ
2551 2114 2812 2184 ἡγοῦνται
2840 2114 2900 2166 τὸ
2940 2113 3130 2182 ὄνομα,
3161 2112 3237 2173 εἰς
3280 2111 3445 2180 τιμὴν
3470 2111 3584 2166 τῶν

2005 2206 2227 2277 ἀψύχων
2249 2207 2472 2270 ξοάνων,
2504 2207 2596 2259 καὶ
2624 2209 2702 2269 είς
2729 2205 2982 2275 λατρείαν
3008 2204 3114 2256 τῶν
3135 2203 3387 2273 πονηρῶν
3418 2220 3549 2256 πνευ
3567 2235 3584 2246 -

2009 2297 2212 2368 μάτων.
2265 2299 2328 2350 Ei.
2366 2294 2460 2351 οὖν
2503 2299 2699 2351 ἐκεῖνοι
2735 2297 2936 2366 μάταια
2979 2297 3071 2348 καὶ
3111 2295 3470 2365 διεψευσμένα
3500 2296 3579 2365 (5)

2004 2389 2336 2454 δοξάζοντες,
2360 2391 2453 2442 καὶ
2485 2391 2572 2442 ἐπ’
2592 2389 2764 2442 οὐδενὶ
2794 2389 2993 2459 βεϐαίῳ
3014 2389 3226 2458 ἔχοντες
3245 2386 3342 2456 τὴν
3371 2387 3580 2438 ἑαυτῶν

2004 2481 2214 2542 ἐλπίδα,
2245 2481 2616 2552 ἐπιτηδεύουσι
2667 2480 2948 2551 μιμεῖσθαι
2987 2480 3054 2532 τά
3107 2479 3255 2545 ἅγια·
3303 2479 3457 2548 πόσῳ
3501 2478 3580 2530 δί-

2005 2591 2158 2627 καιον
2190 2575 2334 2645 ὑμᾶς
2363 2575 2489 2637 τοὺς
2510 2574 2813 2643 φανοτάτην
2836 2573 3015 2624 πίστιν
3044 2571 3136 2624 καὶ
3166 2569 3369 2638 ἀψευδῆ
3389 2569 3579 2622 ἐλπίδα

2004 2667 2246 2738 ἔχοντας,
2295 2667 2388 2720 καὶ
2416 2667 2623 2730 ἔνδοξον
2652 2665 2726 2736 (4)
2756 2666 2849 2719 καὶ
2876 2664 3091 2717 αἰώνιον
3121 2664 3214 2716 καὶ
3241 2663 3580 2716 ἀδιάπτωτον

2005 2760 2335 2828 ἐπαγγελίαν
2367 2759 2850 2828 ἀπεκδεχομένους,
2871 2759 3035 2827 τιμᾷν
3063 2755 3148 2808 διά
3168 2755 3272 2807 τῶν
3299 2754 3582 2824 προεστώ-

2004 2868 2109 2905 των
2141 2852 2340 2923 Κύριον
2369 2851 2458 2903 τὸν
2505 2851 2656 2914 Θεὸν,
2694 2849 3029 2921 ἡγουμένους
3059 2849 3229 2918 στόμα
3255 2848 3392 2900 Θεοῦ
3435 2842 3580 2900 εἶναι

2004 2946 2130 3007 τοὺς
2157 2944 2484 3006 ἐπισκόπους
2508 2960 2522 3003 ;

2504 3033 2896 3087 ΚΕΦΑΛΑῙΟΝ
2935 3031 3062 3086 ΚΘ’.

2061 3129 2156 3194 Τίς
2187 3129 2224 3195 ἡ
2252 3127 2392 3191 ἀξία
2419 3126 2523 3179 τοῦ
2553 3127 2889 3178 ἐπισκόπου
2915 3164 2928 3187 ,
2960 3123 3057 3177 καὶ
3085 3123 3189 3177 τοῦ
3218 3122 3519 3176 διακόνου.

2075 3221 2137 3274 Et
2168 3217 2497 3291 γάρἈαρὼν
2617 3256 2631 3281 ,
2666 3217 2853 3288 ἐπειδὴ
2874 3216 3089 3288 ῆγγειλε
3121 3216 3199 3285 τῷ
3243 3214 3441 3288 (ταραω
3470 3231 3582 3270 πα.-

1627 3556 1992 3615 VARlORUM
2026 3557 2257 3614 NOTAE.

329 3734 493 3802 nique
529 3733 721 3804 ultimo
764 3733 1020 3804 loquendi
1060 3735 1223 3790 modo
1253 3735 1426 3789 utitur
1459 3733 1690 3804 Oplatus
1719 3733 1812 3788 lib.
1848 3749 1888 3795 ι,

329 3819 454 3927 ﬂag.
487 3803 588 3870 59;
620 3812 674 3857 et
700 3804 794 3858 lib.
828 3803 890 3887 ιίι.
923 3821 1045 3875 pag.
1076 3806 1164 3872 55,
1197 3814 1357 3874 atque
1385 3821 1450 3858 ex
1477 3803 1542 3859 eo
1572 3805 1894 3886 Theodorus

376 3875 621 3927 alsamon
668 3884 889 3927 exponit
933 3891 1197 3927 canonem
1240 3878 1326 3927 10.
1373 3875 1888 3927 Neocaasaricnsem.

376 3875 621 3928 alsamon
668 3877 889 3943 exponit
933 3891 1197 3929 canonem
1240 3878 1326 3937 10,
1373 3875 1888 3928 Neocaesaricnsem.

330 3942 707 3999 Observarunt
739 3942 914 3998 etiam
943 3946 1046 3998 viri
1097 3945 1265 4007 docti,
1303 3947 1355 3998 in
1409 3960 1617 3998 canone
1665 3945 1896 3998 Eliberi-

333 4023 467 4084 tano
493 4013 582 4073 55,
618 4015 966 4084 presbyteros
995 4016 1262 4068 ministros
1298 4016 1580 4083 appellari.
1611 4015 1748 4068 Cor.

403 4083 478 4153 (2)
525 4084 632 4137 Τοῦ
656 4083 935 4152 μηερέως.
972 4085 1089 4138 Dixi
1123 4085 1189 4138 ad
1222 4085 1481 4138 Barnabas
1507 4100 1626 4152 cap.
1653 4084 1705 4138 9.
1741 4083 1895 4137 Addo

329 4168 499 4224 nunc,
529 4153 712 4224 forsan
736 4153 1140 4224 angpiphanio
1171 4154 1539 4224 Epimenidcm
1565 4155 1893 4224 appellatum

332 4223 499 4278 fuisse
523 4223 713 4294 μιερέα
743 4222 836 4275 τοῦ
869 4222 1258 4295 παρὰ-Κρησὶν
1277 4223 1536 4286 είδωλίου,
1560 4240 1667 4295 non
1703 4223 1891 4295 μίθρα,

328 4295 676 4417 (ιυέίέξεῗευ
710 4295 860 4348 nullo
904 4293 997 4348 aut
1027 4293 1162 4350 falso
1201 4294 1489 4349 ediderunt
1511 4333 1526 4359 ,
1558 4293 1751 4348 bmrcSi
1781 4293 1850 4346 42
1876 4331 1891 4357 ,

332 4379 385 4417 ο.
532 4406 543 4417 .
606 4380 660 4417 ι).

371 4405 385 4418 .
418 4380 543 4417 OO‘Z.
583 4380 660 4418 ID.

331 4379 920 4504 ιλ(Ξῖῖὶεεξξῖεὲυσμέναι.
960 4433 1329 4504 Ἐψευσμένα,
1363 4432 1480 4487 cod.
1507 4432 1665 4487 Vind.
1685 4434 1777 4504 an.
1795 4437 1892 4490 CL.

421 4503 475 4572 4)
514 4504 624 4557 Καὶ
664 4503 937 4567 ἔνδοξον.
991 4504 1083 4557 lla:
1125 4503 1244 4557 dua:
1307 4519 1472 4558 voces
1501 4543 1515 4567 ,
1567 4503 1898 4572 totidemque

329 4587 481 4642 seqq.
513 4575 714 4628 absunt
747 4575 814 4628 ab
845 4576 1017 4629 altero
1048 4575 1254 4628 codice.
1288 4573 1362 4626 In.

401 4643 488 4766 (δὲ
517 4646 588 4696 Et
631 4644 741 4724 γᾴρ
782 4644 1020 4725 ίΑαρών.
1061 4645 1226 4699 Sacra
1257 4645 1366 4725 duo
1395 4643 1560 4698 Mosis
1587 4649 1648 4723 et.
1670 4643 1899 4696 Aaronis

401 4723 451 4765 ut
495 4724 578 4766 eta
623 4713 1029 4766 diluculaverat
1068 4713 1433 4766 Theodoritns
1463 4724 1762 4766 mnestlone
1808 4713 1897 4766 17.

329 4710 578 4782 Epitheta
623 4710 1029 4768 dilucitlarerat
1068 4713 1433 4768 Theodoritus
1463 4714 1762 4783 qmestione
1808 4713 1897 4776 17,

338 4799 385 4834 ιη
419 4783 698 4848 Exodum;
745 4784 837 4838 sed
881 4785 1026 4838 illius
1051 4786 1345 4840 declaratio
1383 4785 1543 4839 hodie
1573 4799 1765 4837 manca
1792 4791 1897 4847 est,

334 4852 608 4924 intricata,
647 4861 701 4906 et
731 4855 972 4908 tenebris
1020 4856 1141 4924 plus
1172 4869 1332 4924 quam
1379 4853 1689 4924 Cimmeriis
1734 4853 1903 4907 obvo-

335 4919 486 4996 lt_i_ta_:
522 4921 645 4996 Πῷς
673 4924 887 4996 ἐγένετο
918 4919 1264 4996 τοῦίἈαρὼν
1286 4923 1524 4996 “(melius
1568 4923 1784 4996 codices
1799 4925 1898 4977 He-

333 4991 405 5116 gi
432 4991 649 5073 Φαραῖς)
690 4991 810 5056 θεὸς
838 4997 865 5046 6
895 4995 1100 5080 Μωσῆς
1121 5012 1133 5058 ;
1157 4991 1173 5048 ξ
1201 5035 1212 5046 .
1240 5035 1253 5048 .
1284 4991 1490 5074 ’ᾩσπερ
1517 4996 1545 5045 6
1573 4993 1704 5079 Θεὸς
1730 5009 1900 5063 προσ-

393 5078 519 5114 αττε
561 5078 640 5116 τω
669 5063 840 5116 Μωσῆ
859 5103 874 5116 .
902 5081 1072 5116 ουτως
1102 5066 1130 5116 6
1159 5066 1363 5116 Μωσης
1402 5081 1481 5116 τω
1541 5066 1768 5116 Ἀαοων,
1812 5061 1900 5113 Διὸ

393 5061 525 5134 αττε
561 5061 640 5130 τῷ
669 5063 840 5134 Μωσῇ
859 5103 874 5126 ,
902 5061 1072 5134 οὕτως
1102 5066 1130 5116 6
1159 5064 1363 5133 Μωσῆς
1402 5061 1481 5130 τῷ
1530 5061 1783 5134 Ῐᾼαρὼνζ
1812 5061 1902 5134 Διὸ

327 5130 527 5266 amat
570 5130 854 5203 προφήτης
894 5135 922 5184 6
963 5133 1172 5204 Ἀαρὼν
1201 5130 1612 5204 προσηγορεύθη
1641 5130 1742 5184 ’τοῦ
1774 5133 1903 5184 Μω-

334 5218 368 5254 σ
479 5243 490 5256 .
514 5201 630 5266 Quo
653 5202 807 5257 modo
837 5201 1010 5256 Moses
1035 5204 1136 5266 fuit
1173 5204 1297 5255 deus
1317 5203 1582 5257 Aaronis?
1602 5203 1734 5266 (imo
1760 5201 1903 5254 Pha-

334 5201 490 5266 σέως.
514 5201 630 5268 Quo
653 5201 819 5257 modo
837 5201 1010 5256 Moses
1035 5201 1136 5272 fuit
1173 5201 1297 5255 deus
1317 5201 1582 5257 Aaronis?
1602 5201 1734 5272 (imo
1760 5201 1903 5254 Pha-

331 5274 557 5341 raonis).
603 5270 1058 5338 Quemadmodum
1111 5271 1250 5324 Deus
1283 5272 1574 5341 imperabat
1613 5270 1788 5336 Mosi,
1825 5273 1904 5324 ita

334 5339 754 5396 Moses—Aaroni.
791 5343 1144 5407 Quamobrem
1181 5339 1555 5395 etiam‘Aaron
1585 5351 1797 5395 vocatus
1826 5349 1906 5394 est

331 5412 589 5482 prapheta
647 5413 834 5467 Mosis.
891 5412 1026 5478 Quis
1092 5413 1205 5482 hinc
1248 5413 1512 5482 percipiat
1541 5428 1604 5465 ac
1633 5411 1907 5480 explicet?

333 5480 523 5546 Nemo,
559 5482 814 5547 Hercule,
864 5499 1048 5538 nemo.
1102 5481 1218 5535 Nisi
1250 5480 1572 5536 loco—facis
1620 5483 1906 5535 admoveat

334 5550 590 5605 Catenam
622 5552 934 5606 Graecorum
969 5552 1194 5606 Patrum
1226 5552 1278 5605 in
1313 5551 1766 5613 Pentateuchum,
1787 5552 1906 5604 edi-

337 5630 448 5673 tam
480 5623 822 5692 solummodo
848 5623 1058 5686 Latine,
1105 5621 1399 5676 Francisco
1449 5621 1694 5692 Zephyro
1732 5623 1908 5692 inter-

340 5699 526 5763 prete;
560 5691 613 5745 in
643 5708 750 5762 qua
794 5695 862 5749 ad
895 5692 1065 5749 Exodi
1105 5701 1267 5765 caput
1290 5709 1362 5748 vn
1395 5690 1685 5763 legitur‘ex
1731 5690 1906 5747 Theo-

1923 4397 1973 4456 D

1998 3732 2176 3787 dorito
2212 3757 2222 3790 :
2261 3730 2390 3785 Ecce
2436 3733 2690 3786 constitui
2729 3743 2776 3787 te
2823 3735 2976 3786 deum
3017 3732 3309 3787 Pharaonis
3339 3748 3358 3785 :
3384 3745 3432 3786 et
3467 3735 3577 3786 Aa-

1999 3820 2094 3857 ron
2125 3805 2292 3874 frater
2333 3814 2453 3857 tuus
2499 3805 2600 3857 erit
2641 3805 2891 3872 propheta
2925 3814 3064 3856 tuus.
3099 3846 3109 3856 .
3137 3846 3149 3856 .
3176 3845 3188 3857 .
3222 3803 3287 3856 Id
3322 3821 3441 3857 vero
3473 3823 3573 3873 quo

1997 3879 2193 3942 pacto?
2225 3917 2236 3928 .
2269 3915 2281 3927 .
2313 3915 2325 3928 .
2353 3916 2366 3929 .
2400 3874 2624 3928 Perinde
2664 3892 2725 3928 ac
2779 3875 2912 3927 Deus
2961 3875 3296 3942 pra'cipiebat
3340 3875 3576 3928 instrue-

2002 3945 2188 4013 batque
2219 3943 2416 3996 Mosem
2435 3984 2448 4006 ,
2470 3943 2643 3997 Moses
2676 3945 2856 3998 Aaron
2882 3945 3052 4014 ipsum
3083 3944 3391 3997 instituebat
3412 3960 3576 4014 :un-

2001 4017 2142 4067 circa
2177 4015 2426 4083 propheta
2465 4016 2636 4067 dictus
2677 4024 2754 4068 est
2803 4017 2985 4066 Aaron
3019 4013 3207 4080 fratris
3239 4015 3344 4075 sui,
3387 4013 3571 4077 idrert,

2001 4082 2288 4151 interpres;
2323 4082 2495 4136 Moses
2536 4101 2652 4136 vero
2713 4084 2841 4136 deus
2878 4083 3204 4145 Pharaonis,
3231 4085 3385 4151 quasi
3407 4084 3576 4150 judes:

1998 4164 2047 4224 et
2079 4156 2358 4224 magister.
2392 4153 2509 4224 Quo
2547 4156 2603 4206 lit
2635 4161 2695 4206 ut
2737 4154 3004 4224 scriptum
3039 4153 3288 4224 videatur
3314 4168 3342 4224 ξ
3376 4170 3576 4222 magno

2005 4221 2320 4293 interprete,
2349 4223 2451 4276 hoc
2482 4222 2594 4278 fere
2623 4225 2783 4293 modo
2811 4245 2821 4277 :
2855 4221 2980 4285 Πῶς
3010 4223 3225 4289 ἐγένετο
3251 4222 3345 4274 τοῦ
3376 4221 3577 4293 Φαραὼ

2010 4291 2130 4363 θεὸς
2152 4291 2184 4344 6
2215 4293 2452 4363 Μωσῆς,
2489 4294 2582 4345 καὶ
2626 4291 2719 4344 τοῦ
2751 4294 2991 4354 Μωσέως
3033 4295 3320 4363 προφήτης
3364 4291 3577 4362 Ἀαρὼν

1998 4362 2026 4412 6
2055 4361 2464 4432 ἀδελφὸςαύτοῦ
2487 4379 2501 4426 ;
2528 4405 2538 4415 .
2567 4403 2579 4416 .
2609 4404 2620 4415 .
2647 4403 2660 4416 .
2687 4363 2894 4432 Ὥσπερ
2922 4366 2950 4415 6
2978 4361 3108 4432 Θεὸς
3138 4361 3472 4430 προσέταττε
3499 4363 3578 4432 τῷ

1998 4433 2168 4505 Μωσῇ
2194 4431 2409 4505 ,οῦτως
2431 4434 2468 4505 _6
2500 4433 2703 4501 Μωσῆς
2729 4432 2806 4502 τῷ
2841 4431 3190 4505 ’ᾼαρώνζΔιὸ
3225 4432 3287 4505 δὴ
3318 4437 3414 4486 καὶ
3441 4431 3577 4505 etpo-

1999 4501 2175 4572 φήτης
2216 4503 2244 4552 6
2287 4501 2492 4572 Ἀαρὼν
2547 4501 2957 4572 προσηγορεύθη
3001 4501 3095 4552 τοῦ
3113 4501 3390 4564 Μωσέως,
3421 4501 3574 4556 τουτ-

1999 4571 2145 4643 έστιν
2201 4571 2505 4643 ἑρμηνεύς·
2537 4571 2630 4643 καὶ.
2657 4573 2684 4623 6
2713 4571 2920 4643 Μωσῆς
2949 4571 3084 4634 θεὸς
3113 4572 3206 4624 τοῦ
3236 4571 3469 4643 Φαραῲ,
3501 4576 3576 4636 ὡς

2000 4641 2191 4710 κριτὴς
2236 4641 2339 4693 καὶ
2381 4641 2714 4702 διδάσκαλος.
2771 4641 2883 4696 Hoc
2912 4651 2994 4696 est
3032 4666 3042 4696 ;
3077 4641 3352 4706 Quomodo
3399 4642 3574 4696 Moses

2001 4711 2104 4777 fuit
2134 4715 2260 4764 deus
2297 4711 2618 4774 Pharaonis,
2649 4722 2697 4764 et
2731 4711 2896 4766 Mosis
2926 4713 3176 4780 propheta
3202 4713 3384 4766 Aaron
3407 4715 3576 4778 frater

1999 4780 2156 4848 ejus?
2214 4780 2671 4845 Quemadmodum
2718 4781 2856 4835 Deus
2894 4785 3148 4836 mandata
3202 4783 3367 4835 dabat
3410 4782 3574 4845 Mosi,

2001 4852 2079 4902 ita
2110 4848 2282 4903 Moses
2319 4851 2544 4904 Aaroni.
2580 4852 2758 4916 Quare
2791 4862 2838 4904 et
2874 4853 3053 4906 Aaron
3092 4864 3306 4906 vocatus
3343 4865 3422 4907 est
3450 4870 3578 4916 pro—

2001 4923 2155 4987 pheta
2180 4919 2369 4982 Mosis,
2404 4921 2499 4974 hoc
2523 4931 2621 4984 est,
2654 4922 2940 4989 interpres;
2966 4933 3015 4975 et
3045 4922 3220 4975 Moses
3267 4927 3396 4976 deus
3431 4919 3579 4975 Pha-

2003 4992 2206 5054 raonis,
2239 4991 2489 5059 utjudea:
2526 5000 2576 5044 et
2621 4993 2890 5060 magister.
2946 4991 3213 5047 Praeclare
3257 4993 3313 5044 in
3365 4993 3575 5046 Catena

2003 5075 2167 5133 manu
2199 5063 2400 5133 scripta
2446 5060 2716 5133 Aeacius:
2747 5063 2846 5114 ’ον
2873 5063 3072 5133 τρόπον
3101 5064 3129 5114 6
3157 5061 3291 5124 Θεὸς
3324 5062 3413 5115 διὰ
3441 5079 3579 5133 προ-

2005 5131 2189 5202 φητῶν
2217 5130 2504 5202 λαλεῖίτοίς
2530 5130 2860 5202 ἀνθρώποις,
2893 5130 3038 5202 οῦτω
3068 5134 3162 5184 καὶ
3194 5133 3223 5183 ὁ
3253 5133 3462 5200 Μωσῆς
3489 5130 3580 5185 διὰ

2018 5199 2223 5272 Ἀαρὼν
2251 5201 2328 5271 τῷ
2355 5199 2572 5272 Φαραώ.
2602 5199 2692 5272 Διὸ
2719 5199 3036 5272 ἑρμηνεύων
3075 5203 3166 5255 τὸν
3209 5202 3336 5255 νοῦν
3364 5199 3461 5255 τοῦ
3491 5203 3579 5254 λό-

2004 5269 2283 5340 γου“φησί’
2303 5269 2448 5324 ’Καί
2471 5269 2692 5338 Ἀαρὼν
2722 5269 2766 5340 ὁ
2810 5269 3073 5339 ἀδελφός
3116 5288 3232 5325 σου
3259 5274 3429 5325 ἐσται
3459 5289 3578 5326 σου

2005 5339 2332 5410 προφήτης.
2369 5339 2829 5410 Quemadmodum
2855 5341 2994 5395 Deus
3024 5357 3116 5407 per
3157 5343 3438 5408 prophetas
3483 5343 3581 5395 ho-

2005 5409 2233 5464 minibus
2278 5412 2538 5479 loquitur,
2570 5413 2647 5462 ita
2683 5421 2732 5463 et
2774 5409 2949 5463 Moses
2996 5427 3087 5479 per
3127 5411 3392 5464 Aaronem
3437 5411 3580 5465 Pha-

2007 5483 2177 5534 raoni.
2219 5480 2364 5534 Unde
2417 5479 2690 5547 Scriptura
2734 5496 2996 5549 exponens
3027 5497 3235 5535 sensum
3285 5482 3413 5534 dicti
3459 5485 3575 5533 ait:

2013 5569 2030 5601 ι
2080 5549 2147 5603 Et
2177 5552 2358 5604 Aaron
2391 5553 2560 5619 frater
2590 5560 2714 5620 tuus
2749 5555 2849 5604 erit
2884 5561 3004 5604 tuus
3034 5551 3306 5620 propheta.
3351 5571 3368 5600 ι
3401 5550 3578 5620 Lega-

2007 5631 2096 5674 tur
2129 5621 2299 5676 Exod.
2344 5637 2419 5685 Iv,
2451 5621 2537 5674 16.
2570 5619 2705 5682 Cor.
2754 5623 2811 5674 In
2855 5623 3032 5675 altero.
3056 5623 3179 5676 cod.
3229 5623 3386 5677 abest
3415 5619 3496 5686 ὡς
3522 5629 3578 5676 et

2009 5700 2192 5760 postea
2227 5693 2419 5763 legitur
2491 5692 2543 5744 τί
2572 5692 2824 5762 πείσηεαι
2853 5693 2938 5746 ἄν.
2973 5691 3142 5750 CLIII.
