3884 6180
323 259 428 315 6⁸17

1249 257 1858 318 CONSTITUTIONES
1890 262 2578 323 ΑΡΟδΤΟιιιιιΕ.-ι.ιι].
2616 269 2680 325 ll.

3472 278 3581 333 678

322 372 395 445 ρὰ
426 372 669 436 Μωσέως
686 373 815 437 τοὺς
840 370 1037 442 λόγους
1054 412 1069 438 ,
1100 378 1389 448 προφήτης
1417 380 1628 450 εἴρηται
1654 420 1668 443 ,
1698 378 1880 449 Mcos-7;.

2016 382 2082 437 ad
2130 382 2492 451 Pharaonem,
2537 385 2801 456 propheta
2842 387 3025 444 dictus
3069 397 3185 457 est;
3234 389 3411 448 Moses
3454 410 3583 448 vero

317 464 375 517 δὲ
415 464 537 528 Θεὸς
581 464 676 517 τοῦ
719 464 951 537 Φαραὼ,
990 466 1066 530 ὡς
1108 467 1362 537 βασιλεὺς
1402 470 1537 541 ὁμοῦ
1580 472 1673 524 καὶ
1717 472 1902 543 ἀρχιε-

318 556 481 626 ρεὺς,
516 555 591 620 ὥς
624 574 787 627 φησιν
832 559 861 610 6
904 559 1035 623 Θεὸς
1064 561 1201 632 πρὸς
1241 561 1425 616 αὐτόν’
1467 581 1485 615 ι
1523 562 1654 616 Θεὸν
1682 562 1903 616 τέθεικά

316 665 379 700 σε
407 649 485 720 τῷ
516 649 718 721 Φαραὼ
740 690 755 713 ,
791 651 885 703 καὶ
927 652 1137 723 Ἀαρὼν
1166 654 1194 704 6
1213 652 1439 723 ἁδελφός
1483 670 1578 708 σου
1620 652 1774 707 ἔσται
1806 672 1899 708 σου

313 742 801 813 προφήτηςοιδιατί
852 743 926 814 μὴ
971 745 1065 797 καὶ
1105 745 1262 815 ὑμεῖς
1306 749 1436 811 τοὺς
1473 746 1706 817 μεσίτας
1746 746 1900 817 ὑμῶν

310 834 408 887 τοῦ
439 835 595 903 λόγου
620 872 637 899 ,
679 839 968 908 προφήτας
999 832 1136 893 εἶναι
1168 840 1420 909 νομίσετε
1440 881 1456 905 ,
1502 840 1702 905 καὶὼς
1744 840 1899 904 θεοὺς

312 928 716 1001 σεῦασθήσεσθε
738 948 756 997 ;
1742 938 1758 946 ’

853 1048 1249 1104 ΚΕΦΔΛΑῙΟΝ
1286 1049 1364 1105 Λ’.

402 1135 601 1204 Ὅπως
642 1138 760 1208 χρὴ
805 1141 982 1263 τοὺςδ
995 1144 1246 1228 λαῖξιοὺς
1291 1144 1634 1213 πειθαρχεῖν
1676 1142 1800 1211 τοῖς

985 1230 1267 1263 ιακονυιρ.

985 1230 1267 1279 taxo-rue.

380 1299 496 1354 Νῦν
525 1301 633 1374 γὰρ
662 1303 792 1373 ὑμῖν
825 1304 922 1375 μὲν
953 1303 1027 1375 (6)
1073 1305 1102 1356 6
1144 1303 1353 1375 Ἀαρών
1382 1307 1530 1359 ἐστιν
1556 1306 1587 1358 6
1612 1305 1858 1369 διάκονος
1876 1344 1891 1368 ,

301 1393 515 1464 Μωσῆς
542 1395 597 1448 δὲ
636 1397 664 1448 6
708 1396 1027 1461 ἐπίσκοπος·
1061 1400 1109 1450 εί
1139 1394 1232 1452 οὖν
1263 1398 1465 1469 ἐρρέθη
1501 1399 1741 1469 Μωῦσῆς
1787 1398 1893 1452 ὑπὸ

302 1485 515 1557 Κυρίου
556 1486 675 1550 θεὸς
706 1486 781 1557 (7)
808 1528 822 1551 ,
855 1491 949 1542 καὶ
980 1490 1109 1560 ὑμῖν
1136 1492 1164 1543 6
1197 1491 1498 1554 ἐπίσκοπος
1526 1492 1605 1553 είς
1660 1490 1778 1545 θεὸν
1806 1508 1893 1543 τε-

298 1578 590 1649 τιμήσθω,
635 1581 729 1632 καὶ
771 1580 799 1630 6
841 1580 1087 1644 διάκονος
1119 1582 1195 1645 ὡς
1240 1585 1527 1653 προφήτης
1570 1582 1759 1636 αὐτοῦ.
1804 1584 1891 1646 Ὠς

298 1669 414 1739 γὰρ
442 1670 471 1721 6
499 1670 733 1741 Χριστὸς
768 1672 893 1725 ἄνευ
934 1672 1029 1725 τοῦ
1062 1673 1276 1745 Πατρὸς
1320 1674 1470 1727 οὐδὲν
1508 1677 1684 1737 ποιεῖ,
1716 1674 1890 1737 οὕτως

296 1761 425 1815 οὐδὲ
458 1763 487 1813 6
519 1762 763 1827 διάκονος
792 1765 919 1819 ἄνευ
947 1764 1043 1817 τοῦ
1071 1766 1392 1819 ἐπισκόπου·
1427 1768 1521 1820 καὶ
1550 1767 1738 1839 ὥσπερ
1760 1767 1889 1833 Υἱὸς

295 1853 431 1907 ἄνευ
455 1852 550 1906 τοῦ
584 1854 798 1927 [ἰατρὸς
844 1856 945 1909 οὐκ
972 1856 1119 1910 ἐστιν
1141 1856 1216 1928 (8)
1236 1897 1250 1921 ,
1282 1858 1456 1920 οὕτως
1481 1860 1602 1914 οὐδὲ
1643 1861 1889 1927 διάκονος

297 1945 432 1999 ἄνευ
478 1946 572 2000 τοῦ
616 1948 940 2002 ἐπισκόποψ
972 1951 1067 2003 καὶ
1107 1949 1295 2023 ὥσπερ
1336 1953 1618 2024 ὑπόχρεως
1664 1955 1792 2019 Υἱὸς
1812 1955 1886 2027 (9)

295 2037 516 2109 Πατρὶ,
565 2038 708 2092 οὕτω
764 2042 860 2094 καὶ
906 2043 1013 2105 πᾶς
1056 2042 1303 2107 διάκονος
1331 2045 1634 2116 ἐπισκόπῳ·
1667 2049 1761 2101 καὶ
1789 2046 1889 2101 ώσ-

295 2146 409 2201 περ
442 2133 471 2184 6
504 2132 629 2197 Υἱὸς
669 2134 897 2202 ἄγγελός
925 2136 1043 2189 ἐστι
1077 2137 1171 2189 καὶ
1198 2140 1485 2209 προφήτης
1513 2140 1609 2193 τοῦ
1640 2143 1885 2215 Πατρὸς,

292 2225 474 2290 οὕτως
517 2229 611 2283 καὶ
671 2230 700 2280 6
741 2229 988 2293 διάκονος
1025 2223 1262 2298 ἄγγελος
1304 2233 1399 2285 καὶ
1444 2235 1731 2305 προφήτης
1769 2237 1888 2289 ἐστὶ

291 2318 394 2372 τοῦ
439 2322 740 2376 ἐπισκόπου
773 2323 904 2394 (10).
937 2323 1027 2377 Διὸ
1054 2326 1150 2377 καὶ
1179 2325 1358 2378 πάντα
1393 2326 1463 2379 τὰ
1495 2328 1887 2400 ἐπιτελούμενα

294 2411 396 2466 ὑπ’
441 2413 608 2467 αὑτοῦ
650 2416 730 2478 είς
758 2432 879 2469 τινα
903 2456 917 2479 ,
964 2417 1183 2488 ἐμφανῆ
1211 2416 1290 2488 τῷ
1317 2419 1603 2492 ἐπισκόπῳ
1632 2421 1884 2490 γινέσθω,

293 2505 396 2558 καὶ
414 2504 522 2576 (11)
554 2506 619 2559 δι’
642 2507 810 2561 αὑτοῦ
836 2508 1178 2563 τελειούσθω.

812 2621 1208 2677 ΚΕΦΑΛΑΙΟΝ
1245 2625 1370 2679 AA'.

299 2710 431 2764 Ὀτι
455 2711 543 2782 μὴ
571 2712 687 2782 χρὴ
715 2713 824 2767 τὸν
852 2713 1134 2840 διάκοέον
1160 2717 1308 2773 ἄνευ
1326 2718 1434 2773 τοῦ
1461 2719 1799 2777 ἐπισκόπου
1827 2741 1885 2778 τι

930 2802 1008 2840 πο
1054 2804 1232 2840 ττειν.

930 2802 1232 2854 πραττειν.

368 2896 549 2966 Μηδὲν
576 2898 634 2951 δὲ
663 2899 887 2953 ποιείτω
916 2899 978 2952 τὸ
1008 2900 1226 2955 σύνολον
1268 2902 1394 2958 ἄνευ
1422 2903 1518 2958 τοῦ
1548 2905 1843 2961 ἐπισκόπου
1864 2945 1880 2972 ,

291 2989 434 3060 μηδέ
459 3009 564 3045 τινι
607 2992 792 3045 διδότω
835 3011 888 3046 τι
933 2995 1057 3048 ἄνευ
1088 2994 1189 3065 τῆς
1229 2996 1437 3051 ἐκείνου
1482 2998 1724 3070 γνώμης·
1784 3002 1879 3055 ἐὰν

2012 474 2150 530 deus
2172 475 2496 542 Pharaonis,
2532 486 2589 531 ut
2621 494 2713 533 rex
2737 479 2899 534 simul
2927 489 2980 535 et
3006 482 3282 551 pontifex;
3314 486 3581 554 quemad-

2004 568 2225 621 modum
2265 569 2342 623 ait
2382 570 2460 623 illi
2507 568 2691 626 Deus:
2740 590 2758 622 ι
2809 570 2971 628 Posui
3004 580 3057 628 te
3088 574 3250 629 deum
3281 574 3577 642 Pharaoni,

2002 666 2056 713 et
2079 657 2262 714 Aaron
2290 661 2456 716 frater
2477 670 2605 717 tuus
2628 664 2733 718 erit
2755 670 2884 721 tuus
2906 666 3225 736 propheta“
3254 686 3267 721 :
3300 687 3319 719 ι
3346 683 3446 721 cur
3467 683 3577 723 non

2011 768 2110 807 vos
2146 769 2385 824 quoque,
2433 755 2802 813 internuntios
2831 759 2983 813 verbi
3023 760 3214 823 vestri,
3260 761 3402 815 inter
3446 776 3578 830 pro-

2007 846 2201 916 pbetas
2235 848 2577 919 reputabitis,
2609 859 2773 921 atque
2805 860 3064 922 tanquam
3093 853 3226 909 deos
3255 854 3485 911 coletis?

2568 1051 2798 1107 CAPUT
2838 1052 3009 1110 XXX.

2174 1145 2450 1211 Quomodo
2482 1156 2683 1215 oportet
2717 1147 2881 1200 laicos
2906 1146 3114 1200 obedire
3141 1144 3401 1201 diaconis.

2068 1301 2226 1358 Nunc
2277 1304 2423 1358 enim
2476 1306 2631 1360 vobis
2687 1306 2810 1359 loco
2865 1303 3102 1359 Aaronis
3149 1309 3234 1358 est
3285 1303 3571 1366 diaconus,

2002 1392 2203 1465 Moysis
2231 1403 2410 1449 autem
2445 1397 2565 1451 loco
2596 1398 2906 1467 episcopus.
2937 1396 3073 1452 Cum
3108 1396 3273 1467 igitur
3298 1396 3509 1468 Moyses
3540 1414 3570 1451 τι

1997 1482 2230 1541 Domino
2284 1488 2590 1557 appellatus
2637 1490 2710 1543 sit
2768 1487 2943 1557 deus;
3003 1504 3034 1543 a
3084 1489 3242 1543 vobis
3280 1489 3573 1559 episcopus

1997 1586 2258 1647 tanquam
2294 1578 2433 1634 deus
2464 1580 2808 1645 observetur,
2836 1591 2889 1637 et
2916 1582 3184 1637 diaconus
3216 1589 3274 1635 ut
3307 1582 3570 1651 propheta

1996 1671 2187 1741 ejus".
2218 1671 2354 1725 Nam
2388 1674 2549 1728 sicuti
2592 1673 2846 1729 Christus
2895 1674 3016 1729 sine
3060 1673 3221 1729 Patre
3254 1674 3388 1729 nihil
3430 1675 3569 1743 agit;

1994 1763 2066 1816 ita
2097 1778 2197 1819 nec
2229 1764 2496 1820 diaconus
2527 1765 2645 1820 sine
2675 1766 2973 1838 episcopo:
3006 1774 3060 1822 et
3088 1767 3230 1821 sicut
3250 1763 3423 1821 Filius
3452 1768 3571 1821 sine

1990 1850 2155 1912 Patre
2203 1872 2311 1911 non
2372 1858 2657 1926 subsistit;
2691 1860 2765 1912 ita
2797 1876 2971 1929 neque
2999 1858 3263 1915 diaconus
3292 1860 3411 1915 sine
3450 1858 3570 1928 epi-

1990 1962 2157 2018 scopo
2189 1970 2198 2003 :
2230 1957 2284 2004 et
2310 1950 2453 2004 sicut
2481 1947 2651 2007 Filius
2672 1950 2885 2006 debitor
2907 1960 2993 2006 est
3022 1948 3193 2016 Patri,
3220 1952 3299 2006 sic
3316 1959 3371 2006 et
3389 1950 3572 2005 omnis

1989 2042 2258 2098 diaconus
2289 2041 2583 2113 episcopo;
2615 2050 2779 2113 atque
2810 2050 2869 2097 ut
2905 2040 3079 2098 Filius
3122 2041 3313 2097 Patris
3342 2041 3570 2112 angelus

1991 2148 2056 2187 ac
2086 2134 2353 2204 propheta
2398 2134 2570 2202 est";
2599 2134 2681 2190 sic
2725 2142 2779 2190 et
2817 2135 3087 2190 diaconus
3128 2134 3354 2206 angelus
3381 2140 3467 2189 est
3502 2148 3569 2187 ac

1989 2231 2252 2301 propheta
2289 2228 2558 2299 episcopi.
2606 2227 2878 2293 Quocirca
2916 2243 3256 2299 quaecunque
3301 2229 3569 2283 diaconus

1989 2340 2117 2395 erga
2145 2322 2455 2395 quempiam
2489 2321 2652 2387 facit,
2684 2321 2975 2378 manifesta
3005 2323 3139 2377 liant
3166 2322 3446 2393 episcopo,
3471 2336 3568 2391 per

1990 2432 2153 2487 quem
2181 2422 2236 2471 ct
2268 2414 2641 2487 perﬁciantur.

2543 2621 2775 2677 CAPUT
2817 2620 3008 2677 XXXI.

1993 2720 2147 2788 Quod
2183 2735 2287 2775 non
2311 2727 2547 2788 oporteat
2576 2717 2859 2857 dictionum
2883 2717 2997 2771 sine
3020 2716 3259 2785 episcopo
3293 2712 3563 2784 quidpiam

2704 2804 2874 2843 acere.

2704 2804 2874 2843 acere.

2056 2906 2204 2962 Nihil
2237 2921 2371 2961 vero
2413 2918 2640 2976 prorsus
2668 2903 2789 2958 sine
2829 2901 3086 2972 episcopo
3115 2898 3303 2967 faciat,
3334 2913 3436 2955 nec
3465 2900 3560 2955 ulli

1987 3001 2294 3072 quidpiam,
2344 2999 2552 3067 absque
2600 2996 2747 3051 illius
2806 2995 3108 3059 voluntate,
3169 2994 3453 3064 largiatur.
3501 2993 3561 3048 Si

286 3080 407 3153 γὰρ
434 3082 509 3147 ὡς
539 3083 857 3155 θλιϐομένου
887 3086 1033 3151 τινὸς
1066 3087 1241 3160 λάθρα
1287 3088 1381 3142 τοῦ
1416 3091 1716 3146 ἐπισκόπου
1755 3092 1879 3166 διδῷ

1992 3096 2130 3148 enim
2162 3094 2303 3147 clam
2355 3092 2637 3161 episcOpo,
2681 3088 2893 3143 dederit
2937 3087 3101 3141 alicui
3130 3088 3299 3156 quasi
3342 3086 3558 3155 egenti;

284 3190 437 3239 τινι,
484 3179 563 3240 εἰς
606 3179 875 3253 λοιδορίαν
916 3180 1012 3234 τοῦ
1060 3183 1361 3237 ἐπισκόπου
1406 3183 1610 3246 δώσει,
1645 3187 1739 3239 καὶ
1765 3188 1879 3241 δια-

286 3269 479 3323 ϐάλλει
526 3271 688 3326 αὐτὸν
726 3274 801 3337 ὡς
846 3274 1151 3344 ἀμελοῦντα
1195 3276 1303 3331 τῶν
1350 3277 1701 3352 θλιϐομένων
1748 3288 1777 3339 6
1823 3288 1879 3341 δὲ

285 3361 594 3417 δπίσκοπον
635 3363 668 3435 ἦ
716 3365 857 3437 λόγῳ
886 3366 918 3438 ἦ
950 3367 1097 3440 ἔργῳ
1141 3369 1454 3440 κακολογῶν
1479 3412 1494 3436 ,
1543 3373 1661 3446 Θεῷ
1709 3395 1879 3450 προσ-

286 3456 515 3519 πταίει,
562 3458 664 3510 οὐκ
706 3458 946 3523 ἀκούσας
994 3460 1160 3514 αὐτοῦ
1210 3464 1473 3529 εἰπόντος’
1524 3485 1544 3518 ι
1598 3467 1767 3533 Θεοὺς
1814 3472 1875 3524 οὐ

285 3546 699 3619 κακολογήσεις.
756 3570 774 3601 ι
807 3551 881 3603 Οὐ
912 3551 1019 3623 γὰρ
1066 3554 1191 3625 περὶ
1227 3554 1387 3610 λίθων
1420 3556 1451 3629 ἢ
1497 3558 1666 3623 ξύλων
1709 3579 1876 3633 προσ-

281 3636 640 3708 οχθισμάτων
694 3641 1037 3713 ἐνομοθέτει,
1084 3643 1382 3714 βδελυκτιῖνδ
1426 3649 1596 3705 ὄντων
1627 3653 1736 3724 (12)
1785 3656 1873 3711 διὰ

283 3728 392 3799 τὴν
418 3729 793 3803 ψευδωνυμίαν
818 3773 833 3798 ,
880 3734 1014 3788 ἀλλὰ
1060 3738 1189 3809 περὶ
1232 3738 1340 3792 τῶν
1386 3741 1573 3813 ἱερέων
1619 3747 1713 3799 καὶ
1764 3747 1872 3802 τῶν

284 3822 495 3892 κριτῶν
514 3862 528 3885 ,
575 3818 659 3887 οἷς
712 3825 809 3878 καὶ
848 3819 1002 3880 εἶπεν
1038 3866 1054 3892 ,
1082 3828 1164 3882 ὅτι
1212 3849 1231 3881 ι
1279 3830 1403 3885 Θεοί
1452 3835 1574 3887 ἐστε
1626 3838 1721 3890 καὶ
1765 3840 1873 3894 υἱοὶ

294 3912 573 3984 Ὑψίστου.
617 3936 636 3968 ι

806 4034 1034 4088 ΚΕΦΑΛ
1042 4037 1204 4090 ΑῘΟΝ
1241 4038 1363 4091 ΛΒ’.

286 4145 421 4225 Ὅτι
462 4146 577 4225 μὴ.
606 4148 753 4225 χρὴΔ
782 4150 889 4225 τὸν
942 4149 1225 4225 διάκονον
1266 4153 1427 4225 παρὰ
1468 4155 1708 4225 γνώμην
1761 4161 1869 4216 τοῦ

357 4217 693 4297 έπισκιξπου
722 4217 949 4297 διδόναι
998 4220 1116 4297 τινὶ
1140 4261 1155 4284 ,
1184 4221 1284 4275 ἐπὶ
1329 4217 1600 4294 διαϐολῇ⁷
1624 4217 1734 4297 γὰρ
1763 4230 1867 4285 τοῦ

358 4286 698 4342 ἐπισκόπου
725 4289 902 4343 τοῦτο
931 4289 1164 4357 πράξει.

1982 3187 2038 3240 in
2069 3186 2311 3256 episcopi
2334 3182 2721 3238 contumeliam
2748 3180 2972 3244 tribuet,
3016 3194 3178 3248 quem
3210 3185 3434 3234 accusat
3464 3194 3561 3233 ne-

1981 3278 2251 3348 gligentiaz
2270 3290 2397 3345 erga
2425 3275 2779 3329 calamitosos
2810 3293 2821 3327 :
2850 3270 2943 3341 qui
2971 3283 3152 3325 autem
3176 3268 3244 3324 de
3272 3269 3555 3340 episcopo,

1982 3372 2097 3425 sive
2145 3384 2241 3439 per
2290 3381 2623 3431 sermonem,
2673 3366 2788 3421 sive
2839 3380 2936 3435 per
2978 3363 3251 3418 actionem
3293 3361 3553 3425 detrahit,

1978 3462 2149 3519 Deum
2181 3460 2428 3522 oll‘eudit,
2452 3459 2612 3528 cujus
2633 3458 2774 3511 hanc
2809 3470 2995 3511 vocem
3021 3470 3130 3508 non
3162 3452 3315 3508 audit
3342 3473 3353 3508 :
3391 3470 3411 3504 ι
3441 3452 3555 3509 Diis

1978 3571 2047 3609 ne
2075 3552 2457 3609 maledicito".
2497 3570 2517 3602 ι
2552 3549 2673 3604 Non
2708 3548 2853 3603 enim
2883 3547 2952 3604 de
2979 3546 3209 3617 lapideis
3232 3555 3327 3602 aut
3358 3548 3555 3618 ligneis

1976 3647 2161 3713 idolis,
2182 3660 2304 3715 quae
2333 3643 2482 3714 quod
2509 3642 2645 3697 falso
2672 3640 2917 3695 divinum
2949 3654 3149 3694 nomen
3185 3646 3397 3711 gerant,
3420 3640 3554 3693 abo-

1974 3741 2259 3797 minabilia
2290 3745 2441 3801 sunt,
2469 3736 2641 3806 legem
2675 3732 2919 3798 ferebat;
2950 3732 3046 3788 sed
3076 3730 3144 3787 de
3172 3731 3551 3786 sacerdotibus

1974 3844 2027 3891 et
2050 3834 2352 3904 iudicibus,
2388 3830 2590 3902 quibus
2627 3827 2757 3882 alibi
2789 3827 2928 3882 dixit
2957 3847 2969 3881 :
2999 3843 3019 3877 ι
3055 3824 3141 3880 Dii
3175 3826 3334 3890 estis,
3372 3831 3427 3880 et
3457 3824 3551 3881 filii

1973 3927 2311 3985 Altissimi“.
2353 3944 2372 3978 ι

2512 4033 2741 4093 CAPUT
2782 4032 2998 4090 XXXII.

1976 4158 2130 4227 Quod
2186 4173 2289 4231 non
2318 4162 2584 4231 _oporte_qt
2632 4153 2914 4231 diaconum
2973 4157 3167 4231 prieter
3196 4147 3545 4231 .voluntalem.

2041 4228 2273 4300 episcopi
2295 4220 2423 4279 dare
2483 4224 2617 4286 ulli;
2645 4222 2698 4275 id
2719 4223 2859 4274 enim
2890 4221 2946 4274 in
2975 4220 3293 4273 calumniam
3316 4220 3543 4288 episcopi

2039 4315 2326 4354 cessurum.

362 4378 421 4430 Ei
462 4375 557 4432 οὖν
602 4380 926 4448 γινώσκεις,
977 4377 1023 4435 ὦ
1069 4383 1319 4448 διάκονε,
1368 4385 1679 4458 θλιϐόμενον
1707 4409 1860 4455 τινα,

2042 4393 2099 4446 Si
2145 4406 2308 4461 quem
2340 4402 2492 4457 ergo,
2543 4385 2792 4447 diacone,
2838 4381 3248 4437 tribulationem
3293 4378 3406 4449 pati
3446 4393 3542 4433 co-

279 4467 606 4541 ὑπομνήσας
648 4472 738 4524 τὸν
786 4473 1120 4538 ἐπίσκοπον,
1175 4476 1319 4530 οὕτω
1368 4479 1529 4533 δίδου·
1589 4483 1723 4539 ἀλλὰ
1787 4488 1861 4560 μὴ

1992 4486 2223 4557 ςηοεεὶδ;
2276 4481 2507 4535 admone
2554 4476 2897 4547 episcopum,
2937 4481 2991 4528 et
3029 4474 3155 4527 inde
3193 4486 3359 4541 eroga
3393 4493 3404 4525 :
3437 4486 3540 4525 nec

277 4557 559 4631 λαθραίως
601 4564 680 4625 είς
728 4561 996 4635 λοιδορίαν
1039 4567 1206 4621 αὐτοῦ
1253 4587 1305 4622 τι
1351 4572 1621 4638 ἐπιτέλει,
1652 4578 1737 4632 ἵνα
1785 4557 1859 4653 μή

278 4654 738 4723 καταγογγυσμὸν
760 4656 978 4728 ἐγείρῃς
1005 4660 1125 4711 κατ’
1156 4660 1347 4714 αὐτοῦ’
1379 4666 1441 4718 οὐ
1484 4667 1592 4739 γὰρ
1622 4673 1741 4723 κατ’
1761 4674 1859 4726 αὑ-

357 4810 400 4841 ιδ
431 4808 601 4893 Ειρίι.
636 4829 737 4879 vn,
767 4814 819 4870 1.
898 4815 941 4847 ⁸⁸
971 4816 1143 4888 Ignat.
1178 4818 1248 4874 ad
1292 4819 1536 4893 Magnes.
1571 4824 1621 4880 7.

276 4895 471 4944 Lxxxt,
502 4880 552 4934 5-

1731 4828 1774 4859 ¹⁶
1803 4829 1875 4885 Is.
1912 4847 1988 4892 ιι,
2018 4826 2256 4893 6;Deut.
2290 4837 2447 4885 xvut,
2486 4819 2574 4874 15.

1971 4593 2099 4633 vero
2128 4576 2266 4630 clam
2290 4573 2344 4625 in
2367 4568 2753 4625 contumeliam
2777 4567 2921 4620 illius
2942 4564 3240 4634 quidquam
3270 4562 3535 4632 opereris,

1970 4688 2040 4727 ne
2069 4674 2259 4725 contra
2282 4679 2406 4719 eum
2438 4659 2925 4715 murmurationem
2959 4657 3222 4723 suscites;
3250 4671 3370 4710 non'
3389 4656 3535 4710 enim

2681 4818 2723 4850 ¹⁷
2751 4816 2924 4871 Exod.
2951 4831 3087 4881 xxu,
3112 4814 3203 4871 28.
3310 4815 3357 4848 ⁸⁸
3382 4814 3529 4872 Psal.

1590 4958 1951 5019 VARIORUM
1985 4960 2220 5017 ΝΟΤΛΕ.

355 5084 437 5156 (6)
486 5087 655 5156 Ὑμῖν
691 5087 827 5157 μέν.
876 5088 1084 5145 Desunt
1134 5090 1191 5145 in
1221 5091 1392 5147 altero
1441 5093 1566 5150 cod.
1617 5093 1853 5154 Vindob.

276 5170 383 5211 nec
412 5160 738 5213 necessariae
765 5167 916 5214 sunt.
952 5159 1121 5215 CLsn.

2035 5097 2147 5168 (10)
2171 5096 2464 5174 dedecore?
2491 5094 2747 5174 ἄγγελος
2774 5093 2871 5146 καὶ
2916 5091 3226 5174 προφῄτης
3249 5090 3379 5147 ἐστὶ
3422 5093 3531 5147 τοῦ

1963 5163 2319 5222 ὲπὶσνὶόπου.
2390 5164 2551 5220 Circa
2625 5164 2859 5233 primum
2882 5232 2913 5233 ﬂ
2930 5163 3528 5233 pseudo-Hieronymus

354 5225 434 5295 (7)
476 5228 637 5292 Θεός.
668 5228 1201 5307 Addit_codex_alter
1228 5252 1239 5285 :
1264 5232 1378 5307 159d.
1409 5234 1438 5286 6
1485 5232 1695 5306 ’Δαρὼν
1722 5252 1861 5307 προ-

1992 5238 2194 5306 :pistola
2220 5241 2300 5294 De
2341 5246 2536 5307 septem
2567 5225 2838 5307 ordinibus
2872 5225 3141 5307 Ecclesiae,
3201 5225 3411 5307 ait_tibi
3459 5234 3528 5287 de

358 5312 463 5367 της
481 5334 496 5357 ,
526 5313 647 5365 qua:
667 5298 943 5365 excidisse
968 5300 1241 5356 videntur.
1274 5301 1353 5356 ld.

354 5366 451 5445 (β).
473 5369 597 5445 Dine
620 5369 809 5445 ἕσζιν.
836 5367 1115 5445 Scholium
1144 5371 1201 5445 in
1234 5372 1477 5445 margine
1498 5372 1602 5428 hoc
1627 5374 1857 5445 legitur:

278 5433 493 5517 ’ξάιξῖὺν
514 5438 609 5517 καὶ
640 5437 963 5517 τοῦτο’-ἐστι
1001 5439 1080 5517 τῷ
1130 5433 1397 5517 φᾴσκοντῖ-
1420 5443 1585 5517 λόγῳ,
1621 5433 1861 5517 με’γάλης

289 5463 493 5488 ιιιυιιυν
517 5463 609 5490 και
640 5463 799 5491 :c-no
844 5463 961 5491 εστι
1001 5463 1080 5491 τω
1130 5463 1389 5509 φασκοντι
1422 5463 1585 5513 Αογῳ,
1661 5463 1859 5517 εγαΑης

281 5504 482 5583 βρυλῆς
510 5506 651 5583 τῇς-
662 5508 757 5561 τοῦ
778 5491 1285 5583 ΑΠατρὸςῃάγγελον,
1317 5512 1558 5583 δηλονότι
1590 5463 1680 5567 τεν
1711 5515 1859 5580 Υίὸν,

275 5569 451 5663 itas};
465 5569 900 5663 genii.ﬂ‘pom.ﬁ11lv
916 5569 1062 5663 ’ὑμῖν
1086 5569 1385 5663 ἕναστήσεί
1414 5583 1620 5655 Κύριος
1645 5585 1673 5638 6
1694 5569 1859 5652 956;,

278 5595 445 5637 ςυναι,
465 5595 578 5629 nar
605 5595 900 5701 υὲοφητην
932 5595 1062 5650 υμιν
1090 5595 1259 5633 αναστ

278 5660 363 5706 υς
389 5646 513 5716 ἐμὲ,
543 5648 646 5701 αὐτ
676 5665 705 5699 ν
739 5649 1058 5703 ἀκουσεσθε.
1088 5650 1259 5705 Cum.

357 5714 436 5783 (9)
484 5718 636 5785 Υἱός.
668 5718 831 5776 Addit
859 5719 1031 5776 codex
1064 5720 1201 5778 alter
1228 5722 1392 5777 ἐστίν.
1428 5721 1503 5779 ι».

1965 5300 2215 5362 diaconis
2264 5328 2278 5359 :
2329 5300 2407 5358 Hi
2455 5312 2599 5363 sunt,
2642 5320 2771 5373 quos
2800 5304 2867 5373 in,
2912 5303 3230 5373 Apocalypsi
3281 5300 3521 5373 legimus,

1966 5386 2160 5444 septem
2198 5376 2402 5446 Angeli
2431 5371 3015 5446 Ετείιξδίιιηιῃιη(ξίι-ιειιΔ
3035 5371 3305 5446 posterius
3340 5372 3395 5423 in
3420 5372 3513 5446 _Al-

1968 5439 2131 5501 cuino
2175 5439 2303 5516 cap:
2347 5444 2436 5509 39,
2476 5445 2569 5499 lib.
2603 5443 2915 5516 pedivinis
2953 5439 3145 5516 ofﬁciis
3180 5456 3198 5493 :
3229 5439 3521 5516 Procedens

1958 5511 2289 5642 pgntifei'i'n
2328 5531 2553 5638 persoga
2588 5513 2807 5577 Christi,
2841 5513 2985 5566 ducit
3010 5527 3182 5565 secum
3219 5511 3519 5579 prophetas,

1960 5604 1978 5641 ι
2044 5597 2121 5640 est
2204 5602 2437 5640 iaconos.
2514 5599 2604 5639 or.

1960 5597 2014 5641 id
2044 5597 2121 5640 est
2164 5597 2437 5641 diaconos.
2467 5597 2604 5639 C01.

2060 5656 2147 5717 11)
2183 5657 2315 5717 Καί,
2341 5662 2447 5710 etc.
2475 5653 2678 5709 Desunt
2700 5654 2753 5707 in
2781 5653 2950 5707 altero
2986 5651 3105 5705 cod.
3137 5651 3304 5706 (ἷιειι.

2060 5658 2116 5709 11
2183 5657 2315 5717 Καί,
2341 5662 2447 5710 etc.
2475 5656 2678 5709 Desunt
2700 5656 2753 5707 in
2781 5656 2950 5707 altero
2986 5656 3105 5705 cod.
3137 5656 3164 5704 (η

2032 5656 2148 5800 (12)
2189 5728 2434 5781 Ὄντων.
2467 5725 2625 5780 Deest
2659 5724 2714 5779 in
2747 5725 2917 5779 altero
2942 5721 3064 5777 cod.
3091 5722 3164 5775 lo.
