3884 6180
188 294 301 352 οθι

1123 298 1724 358 CONSTITUTIONES
1755 297 2435 355 APOSTOLIC/E.--LIB.
2472 298 2538 355 Il.

3335 302 3440 355 689

190 411 404 485 μᾶλλον
432 412 561 482 περὶ
605 413 715 467 τῶν
760 416 1140 485 πνευματικῶν
1182 420 1383 485 γονέων
1412 419 1539 488 ὑμῖν
1566 419 1594 470 ὁ
1622 417 1761 486 λόγος

1879 417 2123 488 patribus
2158 417 2533 486 spiritualibus
2573 416 2826 471 admonet
2865 430 2961 471 vos
2997 412 3312 487 Scriptura.
3346 420 3439 473 ho-

186 503 516 574 παραινέσει
558 505 724 576 τιμᾷν
750 505 965 570 αὐτοὺς,
996 508 1091 561 καὶ
1138 510 1406 581 στέργειν,
1435 510 1511 574 ὡς
1556 509 1773 581 εὐεργέ-

182 612 327 659 τας,
370 596 469 649 καὶ
517 595 860 668 πρεσϐευτὰς
906 599 1043 671 πρὸς
1086 600 1240 664 Θεὸν,
1287 602 1413 664 τοὺς
1466 601 1532 655 δι’
1582 600 1773 665 ὕδατος

186 690 340 759 ὑμᾶς
366 689 861 761 ἀναγεννήσαντας,
887 692 1013 754 τοὺς
1039 692 1119 764 τῷ
1147 694 1287 765 ἁγίῳ
1331 692 1610 765 Πνεύματι
1637 695 1772 766 πλη-

188 779 508 851 ρώσαντας,
536 781 664 843 τοὺς
688 780 770 852 τῷ
804 781 946 853 λόγῳ
965 784 1603 859 γαλακτοτροφήσαντας,
1647 789 1773 851 τοὺς

178 871 245 923 ὲν
275 873 344 941 τῇ
371 870 687 944 διδασκαλίᾳ
713 872 1212 946 ἀναθρεψαμένους,
1240 878 1368 941 τοὺς
1397 878 1456 931 ὲν
1485 882 1608 942 ταῖς
1652 896 1774 932 νου-

181 960 403 1026 θεσίαις
431 963 810 1034 στηρίξαντας,
839 967 966 1030 τοὺς
991 966 1084 1020 τοῦ
1113 970 1380 1040 σωτηρίου
1403 969 1652 1041 σώματος
1679 974 1773 1025 καὶ

176 1053 282 1106 τοῦ
311 1054 493 1125 τιμίου
537 1056 770 1127 αίματος
794 1056 1132 1123 ἀξιώσαντας
1160 1061 1304 1131 ὑμᾶς
1333 1061 1466 1133 (18),
1495 1065 1622 1129 τοὺς
1664 1065 1771 1117 τῶν

180 1144 477 1215 ἁμαρτιῶν
504 1144 791 1212 λύσαντας,
822 1150 919 1203 καὶ
958 1150 1059 1220 τῆς
1086 1151 1248 1219 ἀγίας
1275 1154 1369 1208 καὶ
1418 1154 1567 1226 ἱερᾶς
1610 1156 1773 1227 εὐχα-

183 1236 407 1307 ριστίας
453 1237 711 1309 μετόχους
746 1241 1116 1311 ποιήσαντας,
1164 1244 1258 1297 καὶ
1298 1244 1399 1314 τῆς
1444 1247 1772 1315 ἐπαγγελίας

178 1327 282 1381 τοῦ
329 1329 465 1383 Θεοῦ
504 1332 795 1395 κοινωνοὺς
847 1332 943 1386 καὶ
998 1333 1469 1408 συγκληρονόμους
1515 1336 1771 1409 θεμένους

182 1421 368 1492 ὑμᾶς
414 1421 639 1486 τούτους
683 1423 1065 1495 εὐλαϐούμενοι
1117 1428 1312 1497 τιμᾶτε
1365 1428 1647 1494 παντοίαις
1691 1447 1772 1484 τι-

183 1516 337 1583 μαῖς·
371 1506 518 1567 οὗτοι
551 1514 662 1587 γάρ
691 1516 845 1587 παρὰ
870 1516 989 1588 Θεῷ
1017 1517 1162 1588 ζωῆς
1208 1519 1304 1573 καὶ
1348 1519 1580 1575 θανάτου
1624 1521 1772 1587 ὲξου-

180 1605 312 1658 σίαν
355 1605 641 1677 εἰλήφασιν
682 1608 743 1660 ὲν
786 1607 866 1679 τῷ
910 1608 1151 1674 δικάζειν
1197 1611 1327 1678 τοὺς
1381 1614 1771 1685 ἡμαρτηκότας

178 1698 281 1750 καὶ
324 1697 703 1763 καταδικάζειν
749 1701 830 1764 είς
874 1699 1101 1754 θάνατον
1154 1702 1327 1774 πυρὸς
1373 1705 1627 1769 αἰωνίου,
1674 1708 1768 1760 καὶ

176 1787 331 1841 λύειν
375 1788 657 1862 ἀμαρτιιῖιν
702 1793 829 1856 τοὺς
872 1793 1316 1866 ἐπιστρέφοντας,
1344 1797 1439 1851 καὶ
1482 1796 1764 1866 ζωογονεῖν
1799 1777 1839 1835 Β

178 1880 403 1944 αύτούς.

710 1975 1106 2031 ΚΕΦΛΛΑΙΟΝ
1145 1979 1265 2032 ΛΔ’.

180 2066 314 2122 Ὀτι
330 2064 461 2123 τῶν
486 2064 797 2139 ἀρχόντων
825 2068 1271 2211 ξῗὶιεξέιὲαέων
1296 2072 1413 2130 εισι
1460 2074 1763 2147 κρείττους

248 2229 486 2295 Τούτους
511 2231 778 2304 άρχοντας
806 2231 959 2303 ὑμῶν
987 2234 1081 2286 καὶ
1110 2232 1346 2304 βασιλεῖς
1374 2235 1484 2309 (19)
1513 2238 1761 2310 ἡγεῖσθαι

174 2322 428 2392 νομίζετε
454 2322 588 2393 (20),
611 2324 705 2376 καὶ
730 2323 969 2395 δασμοὺς
995 2324 1072 2389 ὡς
1100 2325 1374 2395 βασιλεῦσι
1400 2330 1757 2403 προσφέρετε·

174 2411 236 2475 ἐξ
266 2412 423 2483 ὑμῶν
467 2412 575 2484 γὰρ
616 2414 812 2478 αὐτούς
852 2431 913 2467 τε
956 2415 1051 2468 καὶ
1088 2418 1215 2481 τοὺς
1264 2419 1541 2485 συνοίκους
1584 2423 1761 2477 αὐτῶν

173 2504 474 2574 τρέφεσθαι
501 2506 626 2576 χρή.
662 2506 747 2570 Ὠς
776 2506 1026 2579 Σαμουὴλ
1051 2507 1330 2574 διετάξατο
1356 2512 1493 2584 πρὸς
1519 2513 1609 2567 τὸν
1637 2515 1761 2570 λαὸν

175 2595 308 2666 περὶ
331 2594 427 2648 τοῦ
456 2594 739 2665 βασιλέως,
772 2598 829 2651 ὲν
858 2601 924 2671 τῇ
955 2598 1148 2671 πρώτῃ
1194 2600 1301 2655 τῶν
1323 2602 1636 2671 Βασιλειῶν,
1667 2610 1763 2665 καὶ

175 2687 387 2757 Μωσῆς
413 2689 538 2759 περὶ
580 2688 688 2743 τῶν
719 2690 926 2761 ἱερέων,
957 2692 1015 2745 ὲν
1056 2692 1134 2763 τῷ
1164 2694 1429 2768 Λευῖτικῷ
1458 2698 1590 2770 (Ξυο
1621 2699 1763 2756 οὕτω

176 2779 273 2831 καὶ
302 2781 463 2849 ἡμεῖς
506 2779 634 2851 ὑμῖν
662 2782 791 2853 περὶ
835 2781 943 2835 τῶν
987 2784 1299 2840 ἐπισκόπων
1342 2788 1757 2863 διατασσόμεθα.

174 2872 241 2925 Et
270 2871 381 2943 γάρ
428 2872 542 2926 ἐκεῖ
585 2872 787 2945 πλῆθος
833 2874 1149 2946 τηλικούτου
1180 2878 1441 2950 βασιλέως
1484 2883 1760 2955 ἀναλόγως

172 2964 276 3027 τὰς
307 2964 609 3035 ὑπηρεσίας
642 2966 832 3032 ἐδίδου,
862 2968 1013 3040 πόσῳ
1060 2970 1258 3041 μᾶλλον
1301 2973 1422 3044 οὐχὶ
1469 2976 1564 3029 καὶ
1610 2976 1705 3032 νῦν
1731 2980 1761 3031 ό

173 3056 478 3120 ἐπίσκοπος
519 3056 814 3129 λαμϐάνειν
841 3059 1043 3130 ὀφείλει
1088 3065 1218 3134 παρ’
1247 3063 1400 3135 ὑμῶν
1442 3064 1512 3119 τὰ
1554 3068 1619 3122 ἐκ
1664 3067 1758 3123 τοῦ

1874 509 2151 565 norandos
2199 510 2321 564 illos
2366 524 2431 564 ac
2476 509 2802 580 diligendus,
2852 517 3109 579 tanquam
3150 510 3445 578 beneﬁcos,

1873 608 1927 657 et
1956 601 2024 656 ad
2068 600 2237 656 Deum
2280 602 2520 672 legatos;
2560 616 2657 656 eos
2702 601 2795 670 qui
2832 616 2927 671 per
2974 616 3173 671 aquam
3222 620 3447 673 regene-

1873 701 2067 749 rarunt
2091 708 2210 758 vos,
2244 696 2336 764 qui
2382 691 2593 764 Spiritu
2624 693 2995 763 repleverunt,
3027 694 3124 764 qui
3167 695 3336 750 verbo
3369 696 3450 749 la-

1873 794 2112 848 ctarunt,
2136 787 2230 857 qui
2259 786 2315 840 in
2345 785 2596 840 doctrina
2639 785 3033 849 educaverunt,
3078 786 3175 857 qui
3220 789 3447 844 monitis

1872 881 2240 944 stabilierunt,
2270 880 2364 949 qui
2401 891 2633 948 corpore
2675 879 2904 935 salutari
2947 886 3001 934 et
3034 880 3279 950 pretioso
3316 896 3446 935 san-

1873 972 2037 1042 guine
2068 986 2164 1026 vos
2195 970 2402 1041 dignati
2424 976 2574 1035 sunt,
2603 971 2692 1040 qui
2724 982 2767 1024 a‘
2790 971 3033 1040 peccatis
3062 970 3441 1036 absolverunt,

1873 1072 1927 1120 et
1988 1070 2352 1119 sacrosanctae
2407 1062 2768 1119 Eucharistiaz
2824 1064 3071 1119 fecerunt
3126 1065 3444 1136 participes,

1872 1156 2073 1227 quique
2113 1171 2211 1211 vos
2265 1155 2648 1225 promissionis
2693 1154 2790 1210 Dei
2839 1163 3127 1212 consortes
3159 1171 3223 1211 ac
3265 1158 3445 1212 cohaz—

1872 1248 2029 1303 redes
2071 1246 2507 1302 constituerunt?
2540 1245 2653 1301 Hos
2685 1247 2950 1313 venerati,
2993 1247 3144 1302 omni
3176 1247 3444 1303 bonorum

1872 1354 2069 1409 genere
2109 1338 2540 1409 prosequimini;
2579 1338 2841 1408 quoniam
2888 1354 2919 1393 a
2962 1338 3073 1394 Deo
3115 1347 3443 1409 potestatem

1872 1431 1995 1485 vita:
2014 1438 2068 1486 et
2090 1431 2241 1486 necis
2272 1438 2623 1500 acceperunt,
2654 1430 2708 1484 in
2726 1430 3039 1500 judicandis
3060 1432 3443 1501 peccatoribus

1871 1521 2409 1591 condemnandisque
2454 1521 2522 1575 ad
2576 1530 2807 1577 mortem
2854 1522 3045 1579 interni
3091 1523 3255 1593 ignis,
3288 1532 3342 1579 et
3385 1524 3443 1579 in

1872 1614 2217 1670 absolvendis
2257 1627 2287 1667 a
2327 1620 2556 1683 peccato
2606 1614 2717 1669 illis
2754 1614 2849 1684 qui
2898 1623 3314 1681 convertuntur,
3347 1616 3444 1671 iis-

1872 1705 2102 1777 demque
2124 1706 2246 1761 vitue
2268 1705 2580 1761 reddendis.

2391 1971 2621 2027 CAPUT
2661 1972 2878 2027 XXXIV
2892 2014 2905 2027 .

1866 2060 2020 2131 Quod
2060 2061 2381 2136 principibus
2420 2079 2483 2121 ac
2513 2063 2720 2193 regigni:
2766 2065 3164 2138 praestantiore:
3210 2065 3317 2123 sint
3349 2083 3441 2126 sa-

2522 2154 2608 2192 cer
2648 2156 2677 2191 0
2702 2156 2777 2193 88.

2522 2154 2777 2195 σει-αοιεε.

1935 2225 2047 2284 Hos
2100 2228 2409 2301 principum
2460 2244 2524 2283 ac
2573 2246 2763 2302 regum
2819 2232 2942 2287 loco
2986 2231 3141 2287 vobis
3198 2248 3439 2304 praeesse

1863 2320 2200 2390 existimate;
2226 2322 2312 2379 his
2342 2333 2603 2395 tanquam
2636 2325 2857 2395 regibus
2887 2324 3174 2394 vectigalia
3208 2325 3437 2393 offerte;

1864 2428 1991 2467 nam
2021 2414 2089 2470 de
2115 2415 2275 2471 bonis
2304 2416 2505 2472 vestris
2548 2416 2652 2488 ipsi
2689 2430 2992 2487 eorumque
3036 2418 3324 2473 domestici
3363 2420 3440 2474 ali

1863 2503 2082 2561 debent.
2126 2506 2285 2573 Quod
2316 2508 2367 2562 in
2401 2507 2715 2579 Regnorum
2752 2509 2931 2579 primo
2965 2508 3106 2564 libro
3137 2510 3182 2541 "
3215 2508 3440 2567 Samuel

1863 2599 2065 2668 populo
2104 2599 2276 2655 edixit
2304 2599 2372 2657 de
2401 2616 2555 2672 rege;
2586 2601 2732 2672 quod
2764 2600 2817 2657 in
2849 2600 3094 2657 Levitico
3125 2601 3340 2675 Moyses
3369 2602 3439 2659 de

1863 2690 2243 2748 sacerdotibus
2269 2710 2282 2746 :
2324 2691 2467 2748 idem
2496 2708 2599 2748 nos
2640 2693 2798 2749 vobis
2828 2694 3092 2749 edicimus
3122 2692 3189 2749 de
3218 2695 3438 2763 episco-

1863 2783 1969 2853 pis.
2008 2781 2142 2839 Nam
2175 2784 2223 2840 si
2268 2785 2381 2841 illic
2427 2786 2661 2856 populus
2707 2787 3059 2857 proportione
3112 2786 3250 2841 tanti
3292 2787 3439 2858 regis

1862 2876 2315 2933 subministrabat
2366 2878 2589 2940 tributa,
2634 2892 2817 2931 nonne
2860 2877 3029 2931 multo
3069 2878 3241 2948 magis
3290 2893 3440 2933 nunc

1861 2968 2022 3023 debet
2050 2968 2339 3039 episcopus
2377 2983 2408 3022 a
2437 2969 2591 3025 vobis
2630 2970 2901 3040 accipere,
2956 2983 3078 3038 qua:
3126 2968 3228 3039 ipsi
3257 2984 3289 3022 a
3329 2968 3439 3024 Deo

1863 3060 2160 3117 constituta
2189 3068 2338 3126 sunt,
2372 3062 2440 3116 ad
2472 3060 2728 3117 alendum
2766 3076 2891 3116 eum
2922 3068 2976 3116 et
3004 3061 3237 3119 clericos
3268 3063 3388 3133 ejus
3412 3063 3439 3117 ἲ

172 3147 313 3201 Θεοῦ
348 3146 499 3218 αὐτῷ
540 3150 822 3221 ὡρισμένα
869 3152 1005 3223 πρὸς
1051 3152 1347 3228 διατροφὴν
1375 3157 1541 3211 αὐτοῦ
1568 3176 1627 3213 τε
1669 3162 1761 3216 καὶ

1868 3147 1978 3205 lmo
2010 3153 2056 3208 si
2087 3151 2218 3223 quid
2248 3153 2482 3223 amplius
2511 3152 2619 3207 dici
2653 3167 2753 3223 par
2782 3160 2888 3218 est,
2912 3151 3001 3207 hic
3026 3153 3149 3223 plus
3180 3154 3433 3225 accipiat.

171 3240 284 3293 τῶν
314 3243 411 3294 σὺν
439 3242 586 3314 αὐτῷ
616 3243 927 3315 κληρικῶν;
956 3247 1020 3300 Et
1046 3246 1103 3301 δὲ
1129 3246 1209 3301 δεῖ
1250 3249 1343 3303 καί
1371 3267 1424 3304 τι
1456 3250 1763 3322 προσθεῖναι

171 3334 255 3403 τῷ
283 3333 448 3405 λόγῳ.
480 3334 659 3389 πλεῖον
686 3328 841 3399 οὗτος
885 3335 1228 3407 λαμὸανέτω,
1257 3338 1289 3410 ἢ
1321 3340 1525 3404 ἐκεῖνος
1568 3341 1629 3394 τὸ
1659 3359 1763 3396 πα-

174 3425 347 3479 λαιόν·
380 3426 409 3477 ὁ
439 3425 538 3495 μὲν
584 3426 692 3499 γὰρ
738 3430 1102 3500 στρατιωτικά
1132 3430 1267 3501 μόνα
1311 3431 1502 3495 διεῖπε,
1533 3434 1765 3505 πόλεμον

178 3520 276 3572 καὶ
320 3521 542 3592 εἰρήνην
570 3508 987 3592 ἀναδεδεγμένος
1013 3525 1091 3585 είς
1119 3522 1361 3594 φυλακὴν
1412 3525 1699 3594 σωμάτων,
1736 3528 1766 3580 ό

174 3613 232 3665 δὲ
260 3612 361 3684 τὴν
390 3615 469 3678 είς
502 3612 983 3687 Θεὺνίερωσύνην,
1031 3614 1191 3686 σῶμα
1219 3616 1314 3669 καὶ
1356 3615 1530 3689 ψυχὴν
1569 3635 1770 3691 παραι-

173 3704 439 3776 τούμενος
466 3705 743 3759 κινδύνων.
770 3706 918 3777 Ὀσῳ
943 3706 1118 3760 τοίνυν
1145 3706 1289 3778 ψυχὴ
1321 3706 1568 3778 σώματος
1596 3710 1769 3781 κρείτ-

173 3813 286 3849 των
317 3796 451 3867 (22),
479 3796 717 3867 τοσούτῳ
763 3796 1028 3868 ἱερωσύνη
1059 3797 1349 3868 βασιλείας·
1381 3801 1629 3871 δεσμεύει
1656 3803 1765 3875 γὰρ

174 3888 318 3959 αύτὴ
347 3888 442 3942 καὶ
468 3888 581 3941 λύει
616 3889 744 3952 τοὺς
788 3890 1057 3961 τιμωρίας
1088 3890 1120 3960 ἢ
1151 3890 1397 3961 ἀφέσεως
1439 3892 1641 3957 ἀξίους.
1672 3895 1764 3947 Διὸ

174 3983 267 4034 τὸν
297 3983 593 4035 ἐπίσκοπον
634 3982 882 4054 στέργειν
910 3983 1148 4054 ὀφείλετε
1194 3983 1271 4048 ὼς
1316 3984 1548 4057 πατέρα,
1579 3986 1760 4055 φοϐεῖ-

178 4073 303 4126 σθαι
348 4074 426 4136 ὡς
473 4074 718 4144 βασιλέα,
761 4076 925 4147 τιμᾷν
951 4076 1028 4140 ὡς
1085 4075 1294 4148 κύριον,
1341 4077 1467 4140 τοὺς
1513 4079 1758 4149 καρποὺς

177 4166 333 4237 ὑμῶν
374 4167 470 4221 καὶ
522 4166 592 4221 τά
636 4167 774 4239 ἔργα
828 4168 936 4221 τῶν
980 4168 1177 4240 χειρῶν
1206 4168 1357 4238 ὑμῶν
1385 4169 1465 4232 είς
1508 4168 1757 4238 εὐλογίαν

249 4326 297 4358 ⁸⁸
323 4324 457 4395 Cap.
503 4340 620 4379 vin.

1864 3259 2027 3313 quam
2058 3244 2187 3299 olim
2228 3245 2357 3299 ille:
2391 3244 2830 3315 quandoquidem
2876 3245 2966 3300 ille
3012 3244 3268 3301 militaria
3309 3254 3437 3299 tan-

1864 3344 1979 3390 tum
2010 3335 2191 3390 obibat
2214 3336 2429 3403 munia;
2463 3336 2589 3391 belli
2619 3350 2683 3391 ac
2712 3336 2886 3407 pacis,
2917 3352 3014 3409 pro
3036 3336 3288 3393 custodia
3314 3352 3433 3391 cor-

1864 3440 2082 3494 porum,
2118 3426 2356 3494 arbiter;
2388 3426 2477 3481 hic
2518 3442 2652 3482 vero
2702 3426 2798 3482 Dei
2845 3428 3214 3483 sacerdotium
3261 3428 3437 3481 admi-

1865 3519 2080 3583 nistrat,
2129 3519 2500 3588 periculorum
2536 3519 2788 3588 corporis
2821 3534 2885 3574 ac
2935 3520 3130 3574 animae
3170 3534 3433 3574 averrun-

1867 3626 1987 3665 cus.
2031 3610 2244 3677 Quanto
2275 3611 2439 3682 igitur
2484 3611 2665 3666 anima
2713 3618 2934 3683 praestat
2978 3626 3230 3683 corpore,
3279 3619 3434 3666 tanto

1866 3703 2228 3758 sacerdotium
2281 3717 2485 3773 regno;
2541 3703 2673 3773 ligat
2717 3705 2863 3757 enim
2911 3718 2976 3758 ac
3029 3705 3221 3767 solvit,
3263 3715 3430 3775 prout

1865 3795 1990 3864 quis
2023 3810 2183 3865 ptena
2220 3794 2305 3849 vel
2334 3795 2493 3849 venia
2526 3793 2726 3866 dignus
2755 3804 2860 3850 est.
2891 3794 3071 3860 Quare
3118 3796 3433 3866 episcopum

1862 3886 2089 3958 diligere
2116 3896 2175 3941 ut
2203 3894 2412 3957 patrem
2452 3886 2689 3950 debetis,
2716 3886 2895 3941 vereri
2929 3895 2988 3940 ut
3019 3902 3225 3956 regem,
3261 3887 3436 3941 hono-

1862 3995 1984 4035 rare
2010 3989 2068 4033 ut
2118 3975 2433 4044 dominum;
2482 3976 2758 4032 oﬂ’erendo
2803 3979 2855 4033 ei
2904 3975 2958 4031 in
2999 3978 3431 4033 benedictionem

1864 4081 2099 4127 vestram
2146 4069 2358 4125 ΐτυεῐυε
2388 4078 2601 4124 νεειτοε
2634 4079 2795 4139 atque
2823 4084 3084 4125 manuum
3123 4077 3431 4125 vestrarum

1864 4182 2054 4239 opera;
2087 4162 2379 4219 tribuendo
2411 4161 2539 4233 ipsi,
2577 4169 2835 4232 tanquam
2878 4160 2971 4217 Dei
3002 4163 3297 4227 sacerdoti,
3339 4178 3433 4216 ve-

1496 4473 1585 4528 VA
1596 4473 1866 4529 RIORUM
1902 4473 2137 4532 NOTAE.

250 4597 365 4679 (l8)
413 4594 613 4679 ’ζμᾶςκ
645 4593 806 4649 Deest
837 4594 893 4648 in
923 4594 1097 4649 altero
1139 4592 1264 4648 cod.
1308 4607 1409 4648 nec
1447 4600 1534 4647 est
1561 4607 1754 4648 neces-
1783 4596 1832 4655 ι)
1858 4590 2115 4679 Eamdern
2143 4592 2432 4679 irationem
2452 4606 2563 4679 cur
2573 4584 2948 4679 sacerdotalis
2987 4590 3224 4679 dignitas
3264 4590 3431 4679 Εςεὶω

176 4666 407 4726 sarium.
447 4666 617 4721 Cum.

402 4737 515 4791 Καὶ
539 4733 850 4809 βασιλεῖς.
882 4731 939 4809 [η
983 4734 1156 4809 altero
1191 4731 1314 4787 cod.
1341 4730 1629 4809 χήγεϊσθεη
1658 4732 1753 4784 καὶ

183 4800 441 4875 βασιλεῖς,
466 4800 563 4859 καί
589 4804 851 4875 νομίζετε.
884 4802 1129 4867 Rectius,
1162 4811 1222 4856 ut
1254 4800 1564 4875 conjecerat
1590 4800 1756 4856 Cote-

180 4864 621 4948 leriusdifsicOa,
653 4864 750 4948 sed
797 4874 1067 4948 glossema
1105 4864 1215 4948 non
1264 4864 1590 4948 crediderim
1633 4886 1756 4948 esse

182 4951 277 5003 καὶ
305 4942 575 5018 νομίζετε,
610 4946 711 5018 sed
757 4942 1431 5018 concionatorishujusce
1477 4943 1755 5018 personati

184 5012 552 5089 βαττολογίας,
587 5015 778 5089 quales
806 5022 936 5068 sunt
971 5014 1059 5089 hic
1092 5012 1436 5089 multfe.__Qu_i
1475 5012 1602 5089 talia
1636 5027 1755 5089 cre-

182 5082 319 5143 ilunt
340 5082 462 5143 esse
492 5082 884 5156 apostolorum,
907 5084 1111 5153 regiam
1138 5083 1241 5156 sibi
1270 5082 1589 5156 dignitatem
1612 5082 1752 5156 claJn

182 5149 566 5221 tribuentium,
599 5156 751 5225 gravi
792 5149 998 5225 injuria
1032 5149 1412 5225 sanctissimos
1444 5150 1593 5225 viros
1632 5149 1748 5203 alli-

183 5231 358 5290 ciunt,
390 5220 626 5297 quorum
652 5220 935 5279 humilitas
963 5228 1110 5279 esset
1139 5222 1415 5297 simulata,
1440 5221 1487 5275 si
1519 5220 1632 5297 haec
1661 5236 1757 5297 eo-

184 5317 303 5354 rum
334 5291 539 5352 essent.
570 5296 689 5351 Non
735 5302 1031 5350 secernunt
1070 5306 1180 5347 εει-ε
1224 5292 1452 5361 lupinis,
1487 5291 1583 5361 qui
1624 5291 1755 5345 talia

182 5370 546 5426 confundunt.
579 5365 653 5419 lo.

255 5439 369 5510 (20)
419 5437 717 5510 Ἡγεῖσθαι
762 5432 1044 5510 νομίζετε.
1073 5432 1157 5510 ᾼη
1209 5431 1507 5510 scripserat
1548 5431 1756 5510 solum-

179 5500 590 5580 modo'ﬁ-{si'oﬁs
626 5525 637 5560 :
672 5513 728 5561 et
769 5500 1015 5574 νομίζετε
1044 5504 1226 5575 glossa
1267 5502 1383 5558 est?
1410 5500 1449 5554 F
1453 5509 1613 5555 avent
1664 5500 1754 5554 ln-

182 5579 466 5651 terpretes.
504 5579 661 5651 C03.
886 5643 911 5651 _
965 5641 1001 5651 “
1160 5650 1163 5651 ν
1317 5642 1351 5651 ,Α
1561 5639 1576 5651 _
1625 5638 1685 5651 ,η

272 5638 364 5721 '21)
402 5650 503 5702 Ἐν
530 5647 611 5713 τῷ
634 5643 937 5711 Λευῖτικῷ.
965 5641 1171 5699 Desunt
1197 5657 1255 5696 in
1284 5642 1457 5698 altero
1477 5639 1600 5696 cod.
1625 5638 1752 5695 Vin-

182 5723 384 5779 dobon.
414 5723 583 5773 LLEB.

256 5791 369 5862 ίὲὶ)
414 5790 575 5850 Ὂσῳ
634 5786 841 5839 τοίνυν
898 5784 1068 5854 ψυχὴ
1126 5781 1395 5853 σώματος
1452 5780 1744 5849 κρείττων.

369 5886 640 5946 Ρηιιοι..
676 5882 791 5941 Gn.
828 5881 875 5941 Ι.

1856 4662 2102 4732 pmferri
2126 4662 2340 4726 debeat,
2368 4662 2590 4715 adducit
2614 4678 2830 4732 quoque
2856 4662 3000 4715 inter
3022 4659 3159 4732 alias
3177 4659 3243 4732 μ.
3262 4660 3432 4732 Chry-

1858 4728 2133 4802 Sjostomus
2157 4742 2270 4787 tum
2294 4732 2445 4790 alibi.
2473 4739 2587 4802 tum
2615 4728 2883 4802 praecipue
2906 4732 3092 4802 homil.
3111 4730 3145 4783 4
3170 4728 3242 4802 De
3264 4728 3430 4802 uerbis

1862 4800 2058 4884 ζιὲαὶεελ
2079 4803 2173 4884 lib.
2197 4818 2265 4884 in.
2289 4802 2366 4855 De
2381 4799 2708 4884 sacerdotio,
2743 4799 2863 4884 cap.
2890 4802 2940 4865 l,
2966 4810 3020 4855 et
3048 4800 3238 4881 homil.
3276 4800 3343 4853 15
3374 4799 3431 4878 in

1859 4871 1901 4924 ll
1929 4872 1995 4926 ad
2019 4872 2356 4927 Corinthios.
2378 4870 2516 4925 Cum
2537 4886 2646 4940 quo
2670 4880 2777 4925 tam
2804 4870 2859 4925 in
2880 4887 2959 4937 re,
2981 4886 3144 4940 quam
3166 4870 3220 4923 in
3245 4870 3430 4940 causis

1859 4944 1937 4997 rei
1966 4943 2313 4998 consentiunt
2340 4943 2503 5011 vulgo
2533 4938 2707 4995 sancti
2748 4940 2957 4997 Patres.
2998 4938 3254 5011 Quinimo
3285 4938 3429 5007 apud

1859 5010 2141 5067 Philonem
2178 5007 2459 5074 Judaeum,
2507 5012 2649 5066 libro
2680 5012 2756 5065 De
2791 5011 3046 5082 legatione
3095 5009 3163 5062 ad
3213 5007 3426 5069 Caium,

1936 5082 2214 5137 ntiﬁcatus
2248 5090 2399 5136 tanto
2428 5096 2591 5151 supra
2621 5096 2847 5152 regnum
2876 5082 3174 5142 extollitur.
3209 5086 3420 5152 quanto

1905 5168 2003 5208 eus
2035 5160 2091 5207 et
2136 5151 2321 5207 divina
2356 5149 2771 5206 homi'nibus'et
2829 5152 3081 5205 humanis
3130 5149 3422 5203 excellunt.

1862 5221 2016 5277 Unde
2062 5222 2265 5296 iniusta
2289 5221 2472 5296 fertur
2500 5236 2531 5274 a
2561 5220 2848 5296 Theodoro
2878 5222 3198 5296 Balsamone
3236 5219 3302 5296 ad
3333 5232 3426 5296 ea.

1858 5307 2059 5348 nonem
2092 5288 2131 5346 7⁷
2172 5290 2492 5346 'l'rullauum
2524 5306 2755 5347 censura
2785 5294 2839 5345 in
2876 5306 2994 5355 eos,
3035 5290 3128 5360 qui
3161 5288 3418 5360 ecclesia-

1859 5364 2027 5419 sticas
2074 5363 2368 5433 dignitates
2423 5362 2795 5431 imperatoriis
2844 5354 3197 5433 anteponunt.
3250 5354 3412 5409 δοιο-

1858 5448 2055 5487 menus
2080 5431 2219 5487 libro
2241 5448 2280 5486 ιι
2307 5440 2571 5495 extremo,
2596 5448 2827 5487 narrans
2853 5432 2920 5485 de
2953 5431 3339 5495 imperatorum
3368 5437 3415 5481 ει

1856 5503 2174 5566 pontiﬁcum
2202 5502 2479 5573 sepultura
2518 5503 2573 5555 in
2602 5503 2790 5573 eadem
2821 5499 3204 5573 apostolorum
3231 5494 3421 5573 Eccle.

1857 5564 1978 5643 sia:
2025 5574 2113 5635 Ὠς
2150 5573 2243 5643 καὶ
2263 5564 2383 5639 ’τῆς
2433 5572 2725 5643 ἱερωσύνης
2771 5564 3128 5643 ὁμότιμον-τῇ
3179 5564 3421 5643 βασιλείᾳ,

1856 5641 2044 5712 οὔσης,
2080 5632 2277 5712 μᾶλλον
2307 5632 2403 5711 μὲν
2430 5632 2521 5695 οἷν
2567 5643 2624 5699 ὲν
2653 5632 2764 5704 τοῖς
2794 5632 2954 5710 ίέροίς
3001 5632 3191 5698 τόποις
3230 5632 3318 5687 καὶ
3352 5632 3420 5688 τὰ

1856 5711 2049 5783 πρῶτα
2079 5711 2327 5783 ἐχούσης.
2360 5712 2494 5768 C01.

2898 5869 2975 5927 Ἡ
