3884 6180
422 266 528 328 683

1276 268 1335 324 S.
1371 269 1771 329 CLEMENTIS
1804 275 1821 329 Ι
1858 274 2021 331 HOM.
2060 275 2260 332 ΡΟΝΤ.
2298 278 2525 335 OPERA
2557 280 2783 339 DUBIA.

3549 291 3675 346 684

416 394 559 441 strus
604 385 872 454 primitias
912 398 974 438 ac
1027 384 1304 452 decimas,
1348 396 1528 442 vestra
1576 391 1865 459 exceptitia
1915 408 1977 445 ac

2084 394 2234 463 ὑμῶν
2312 399 2708 470 προσφέροντες
2778 399 2946 469 αὐτῷ,
3002 404 3111 462 τὰς.
3164 400 3415 472 ἀπαρχὰς
3477 403 3671 475 ὐμῶν,

412 491 670 541 munera;
704 476 972 545 primitias
1006 478 1284 543 frumenti,
1319 479 1458 545 vini,
1505 481 1633 544 olei,
1670 497 1975 550 pomorum,

412 568 568 630 lanae,
593 570 834 622 omnium
858 570 1092 639 denique
1113 585 1235 639 qua:
1262 572 1417 626 vobis
1446 570 1589 627 Deus
1619 576 1973 631 concesserit.

415 660 471 714 Si
501 662 572 714 ita
605 671 656 715 te
683 661 941 731 gesseris,
988 663 1094 716 erit
1142 663 1352 717 oblatio
1382 670 1474 718 tua
1506 673 1726 735 accepta
1758 667 1812 721 in
1843 668 1979 724 odo—

410 766 525 805 rem
560 752 850 807 suavitatis
883 752 1115 809 Domino
1159 753 1272 811 Deo
1307 764 1425 821 tuo,
1466 765 1519 812 et
1547 757 1830 814 benedicet
1872 758 1978 815 Do-

411 846 592 898 minus
637 844 893 913 operibus
934 860 1194 899 manuum
1225 854 1464 911 tuarum,
1495 855 1550 902 et
1595 849 1979 919 multiplicabit

411 937 555 991 bona
595 944 753 991 terra:
795 944 934 1004 tuae;
980 939 1240 1008 quoniam
1290 958 1308 991 ι
1334 939 1653 997 Benedictio
1704 942 1760 998 in
1798 944 1978 1013 capite

411 1028 531 1097 ejus
555 1028 646 1097 qui
682 1029 910 1099 largitur
934 1030 1001 1085 “.
1026 1050 1045 1083 ι

970 1143 1200 1201 CAPUT
1238 1143 1454 1200 XXXV.

414 1238 566 1307 Quod
591 1236 837 1293 Iudaica:
866 1238 1022 1309 leges,
1045 1246 1096 1292 et
1124 1236 1490 1309 Euangelium,
1521 1239 1831 1309 prwcipiant
1856 1255 1977 1295 mu-

918 1307 1101 1362 nerum
1129 1307 1465 1365 oblationem.

480 1400 632 1455 Scire
661 1406 841 1455 autem
882 1415 983 1457 vos
1027 1408 1265 1470 oportet,
1298 1400 1445 1472 quod
1491 1402 1620 1458 licet
1661 1402 1976 1459 liberaverit

405 1508 503 1549 vos
549 1492 810 1548 Dominus
854 1508 885 1547 a
934 1496 1197 1549 servitute
1246 1494 1544 1550 ascitorum
1593 1495 1971 1563 vinculorum,
2054 1506 2055 1509 ‘

406 1586 762 1657 eduxeritquo
812 1586 867 1640 in
912 1585 1256 1657 refrigerium
1305 1602 1369 1641 ac
1417 1590 1830 1651 recreationem,
1865 1604 1973 1643 non

408 1680 643 1750 amplius
682 1678 1003 1748 permittens
1051 1678 1208 1735 vobis
1267 1678 1553 1733 brutorum
1612 1680 1971 1734 animantium

407 1771 678 1825 sacrificia
710 1786 807 1840 pro
833 1770 1079 1837 delictis;
1111 1778 1166 1823 et
1206 1770 1333 1826 licet
1361 1772 1625 1826 exemerit
1654 1787 1752 1827 vos
1782 1772 1852 1825 ab
1878 1788 1973 1825 cx-

407 1864 765 1933 piationibus,
792 1864 1030 1919 victimis
1073 1865 1396 1928 emissariis,
1428 1864 1790 1919 lavationibus
1837 1864 1975 1919 assi-

405 1958 553 2020 duis,
586 1966 640 2011 et
673 1958 992 2011 lustralibus
1036 1957 1484 2027 aspersionibus:
1537 1955 1855 2025 neutiquam
1891 1962 1973 2009 ta-

407 2064 531 2104 men
556 2066 587 2102 a
619 2049 1024 2114 collationibus,
1048 2064 1185 2117 quas
1214 2048 1592 2103 sacerdotibus
1620 2047 1849 2110 debetis,
1877 2063 1975 2101 vos

405 2140 684 2205 liberavit,
726 2157 827 2196 nec
865 2156 897 2195 a
935 2141 1305 2197 muniﬁcentia
1334 2157 1462 2212 erga
1493 2157 1779 2212 pauperes.
1808 2138 1973 2193 Vobis

402 2234 549 2287 enim
580 2233 656 2287 ait
684 2234 739 2287 in
769 2233 1061 2304 Evangelio
1088 2234 1352 2289 Dominus
1381 2253 1392 2288 :
1425 2252 1442 2285 ι
1471 2232 1587 2289 Nisi
1618 2232 1974 2288 abundaverit

402 2326 615 2394 justitia
637 2335 817 2382 vestra
837 2328 1123 2399 plusquam
1149 2327 1453 2382 scribarum
1476 2334 1530 2381 et
1554 2326 1971 2397 pharisaaorum,

405 2435 514 2473 non
546 2418 818 2474 intrabitis
851 2421 905 2473 in
927 2435 1157 2489 regnum
1180 2420 1442 2474 caelorum
1456 2420 1555 2473 ".i
1585 2417 1675 2472 Sic
1700 2417 1865 2488 igitur
1886 2432 1974 2471 re-

405 2509 671 2563 dundabit
688 2510 901 2580 justitia
924 2518 1127 2577 vestra,
1165 2526 1291 2565 cum
1317 2511 1579 2580 majorem
1604 2509 1970 2575 sacerdotum,

405 2602 759 2671 pupillorum,
783 2601 1090 2667 viduarum,
1115 2604 1499 2674 egentiumque
1521 2602 1762 2656 omnium
1784 2616 1972 2656 curam

406 2692 716 2763 gesseritis,
759 2694 901 2748 sicut
950 2696 1212 2764 scriptum
1263 2703 1393 2750 est:
1434 2712 1454 2747 ι
1481 2693 1775 2765 ῡίεροιείῑ,
1825 2693 1975 2747 dedit

402 2785 754 2855 pauperibus,
772 2786 981 2855 justitia
1005 2786 1330 2856 ejusmanet
1352 2789 1405 2841 in
1430 2787 1629 2843 smcula
1647 2786 1744 2841 η.»
1774 2786 1837 2839 Et
1858 2801 1975 2840 rur-

404 2893 499 2932 sus
524 2897 536 2932 :
560 2899 577 2930 ι
602 2877 969 2948 Eleemosynis
993 2887 1047 2933 et
1072 2878 1177 2933 ﬁde
1203 2886 1505 2949 purgantur
1533 2886 1755 2949 peccata
1777 2878 1874 2931 υ.»
1908 2876 1974 2931 Ει

2086 488 2181 539 καὶ
2233 488 2331 551 τὰς
2368 489 2596 553 δεκάτας
2633 489 2809 561 ὑμῶν,
2847 490 2941 544 καὶ
2975 491 3044 544 τὰ
3083 492 3431 563 ἀφαιρέματα
3478 496 3665 567 ὐμιῖιν,

2083 581 2177 633 καὶ
2235 580 2306 633 τὰ
2340 580 2486 653 δῶρα
2537 581 2689 653 ὐμῶν
2742 581 2970 645 διδόντες
3014 583 3164 653 αὐτῷ
3205 583 3283 647 ὡς
3328 585 3459 657 ἱερεῖ
3492 587 3661 653 Θεοῦ,

2084 671 2337 743 ἀπαρχὴν
2379 672 2556 737 σίτου,
2606 674 2749 726 οίνου
2766 713 2782 737 ,
2809 673 2989 728 ὲλαίου
3008 714 3024 737 ,
3053 674 3306 747 ὀπώρας,
3326 677 3484 749 ἐρέεις
3512 679 3661 750 (‘23),

2086 764 2177 816 καὶ
2237 763 2453 818 πάντων
2504 757 2579 818 ὧν
2625 764 2830 837 Κύριος
2876 767 2906 818 ὸ
2949 766 3080 830 Θεὸς
3131 767 3450 839 ἐπιχορηγεῖ
3498 770 3656 840 ὑμῖν·

2084 856 2178 907 καὶ
2229 855 2380 909 ἔσται
2437 873 2519 910 σοι
2568 859 2602 929 ὴ
2658 858 2943 930 προσφορά
2989 875 3083 911 σου
3130 857 3291 929 δεκτὴ
3344 861 3423 923 είς
3476 859 3661 931 ὀσμὴν

2080 947 2305 1011 εὐωδίας
2332 949 2519 1020 Κυρίῳ
2535 948 2613 1020 τῷ
2644 949 2763 1020 Θεῷ
2783 966 2897 1014 σου,
2926 950 3022 1003 καὶ
3046 949 3327 1020 εὐλογήσει
3354 950 3558 1022 Κύριος
3587 951 3663 1004 τὰ

2081 1038 2216 1111 ἔργα
2236 1041 2342 1094 τῶν
2369 1041 2565 1112 χειρῶν
2586 1059 2700 1106 σου,
2731 1042 2825 1096 καὶ
2852 1042 3109 1113 πληθυνεῖ
3133 1042 3203 1096 τὰ
3227 1042 3407 1111 ἀγαθὰ
3429 1044 3526 1113 τῆς
3546 1044 3660 1113 γῆς

2082 1148 2194 1184 σου*
2212 1132 2440 1203 ἐπείπερ
2465 1152 2483 1185 ι
2502 1132 2718 1202 εὐλογία
2745 1135 2824 1197 είς
2849 1133 3087 1205 κεφαλὴν
3105 1134 3199 1187 τοῦ
3229 1134 3617 1206 μεταδιδόντος.
3632 1154 3655 1189 ι

2594 1246 2987 1300 ΚΕΦΔΔΑῙΟΝ
3022 1248 3147 1300 ΛΕ’.

2084 1338 2215 1391 Ὀτι
2236 1338 2739 1407 παρακελεύονται
2757 1340 2810 1391 ol
2835 1338 3004 1406 νόμοι
3030 1337 3441 1408 καρποφορεῖν-ο
3459 1339 3659 1394 ὠσαύ-

2491 1425 2606 1473 τως
2633 1409 2732 1461 καί
2757 1407 2823 1461 τὸ
2851 1407 3235 1476 Εὺαττέλιονέ

2148 1500 2271 1571 Χρὴ
2296 1499 2354 1554 δὲ
2382 1500 2527 1571 ὑμᾶς
2551 1499 2857 1569 γινώσκειν,
2887 1500 2970 1553 ὅτι
2996 1501 3045 1553 εί
3072 1500 3167 1553 καὶ
3210 1499 3477 1572 ὲρῤύσατο
3504 1501 3657 1572 ὑμᾶς

2077 1592 2281 1665 Κύριος
2330 1592 2434 1663 τῆς
2482 1591 2722 1655 δουλείας
2760 1590 2869 1644 τῶν
2906 1591 3242 1645 ἐπεισάκτων
3292 1590 3523 1662 δεσμῶν,
3554 1594 3656 1646 καὶ

2079 1683 2344 1754 ἐξήγαγεν
2392 1683 2536 1755 ὑμᾶς
2577 1684 2657 1746 είς
2708 1681 2990 1753 ὰνάψυξιν,
3035 1684 3230 1755 μηκέτι
3284 1684 3450 1748 ὲάσας
3504 1686 3658 1756 ὑμᾶς

2076 1775 2224 1828 θύειν
2254 1774 2425 1843 ἄλογα
2453 1774 2566 1840 ζῶα
2593 1775 2720 1847 περ).
2738 1775 3045 1847 ἁμαρτιῶν,
3067 1776 3162 1829 καὶ
3188 1775 3526 1848 καθαρισμοῦ
3556 1780 3659 1832 καὶ

2075 1868 2477 1938 ἀποπομπαίων
2504 1868 2598 1921 καὶ
2624 1866 2861 1938 λουτρῶν
2890 1867 3126 1938 συνεχῶν
3154 1868 3249 1921 καὶ
3274 1870 3649 1941 περιρραντη-

2076 1961 2226 2031 ρίων·
2258 1961 2319 2013 οὐ
2361 1959 2531 2031 δήπου
2580 1959 2675 2013 καὶ
2715 1959 2824 2012 τῶν
2867 1958 3136 2029 εἰσφορῶν
3181 1959 3322 2030 ὑμᾶς
3348 1959 3657 2031 ἠλευθέρω-

2074 2069 2166 2105 σεν
2195 2050 2329 2123 (24),
2360 2047 2434 2105 ὧν
2459 2051 2698 2121 ὀφείλετε
2743 2052 2857 2114 τοῖς
2888 2050 3109 2122 ἱερεῦσι,
3139 2050 3234 2103 καὶ
3282 2050 3390 2103 τῶν
3416 2052 3497 2114 είς
3520 2053 3658 2115 τοὺς

2071 2144 2351 2215 δεομένους
2377 2143 2648 2196 εὐποιιῶν.
2679 2143 2839 2210 Λέγει
2883 2142 2993 2213 γὰρ
3018 2144 3048 2194 ὁ
3076 2141 3279 2213 Κύριος
3306 2142 3432 2212 ύμῖν
3473 2141 3531 2194 ὲν
3572 2142 3656 2212 τῷ

2071 2236 2405 2307 Εὐαγγελίῳ·
2440 2236 2607 2289 ι”Εὰν
2639 2234 2711 2306 μὴ
2740 2235 3068 2306 περισσεύσῃ
3099 2235 3250 2305 ὑμῶν
3275 2237 3310 2306 ἡ
3339 2235 3657 2305 δικαιοσύνη

2072 2330 2253 2383 πλεῖον
2280 2330 2387 2382 τῶν
2414 2328 2785 2400 γραμματέων
2812 2328 2909 2380 καὶ
2933 2327 3259 2398 Φαρισαίων,
3282 2327 3343 2380 οὐ
3375 2326 3448 2397 μὴ
3475 2326 3659 2379 είσέλ-

2071 2422 2200 2493 θητε
2244 2423 2323 2484 είς
2364 2420 2461 2491 τὴν
2507 2419 2777 2489 βασιλείαν
2821 2418 2929 2472 τῶν
2967 2418 3230 2490 οὐρανῶν.
3262 2437 3281 2469 ι
3314 2417 3499 2480 Οὕτως
3553 2413 3656 2470 οὖν

2071 2513 2352 2566 πλεονάσει
2392 2514 2427 2583 ἡ
2469 2510 2777 2580 δικαιοσύνη
2824 2509 2997 2580 ὑμῶν,
3039 2510 3099 2563 ὲν
3151 2508 3232 2580 τῷ
3285 2508 3445 2562 πλέον
3499 2508 3655 2578 ὑμᾶς

2072 2605 2325 2677 πρόνοιαν
2352 2603 2617 2657 ποιεῖσθαι
2653 2604 2760 2655 τῶν
2791 2602 2978 2674 ἱερέων
3006 2603 3101 2656 ita).
3139 2601 3249 2655 τῶν
3276 2600 3522 2673 ὀρφανῶν
3553 2601 3654 2654 καὶ

2070 2696 2179 2749 τῶν
2206 2695 2390 2766 χηρῶν
2436 2696 2530 2748 καὶ
2569 2694 2784 2747 πάντων
2809 2693 3076 2765 δεομένων
3120 2693 3253 2764 (25)·
3283 2693 3359 2757 ὡς
3402 2693 3657 2762 γέγραπ-

2070 2804 2178 2841 “car
2233 2806 2252 2839 ι
2289 2788 2659 2858 Ἐσκόρπισεν,
2705 2785 2869 2839 ἔδωκε
2924 2788 3037 2848 τοῖς
3089 2786 3396 2856 πένησιν,ή
3443 2784 3656 2837 δικαιο-

2073 2878 2207 2949 σύνη
2249 2878 2414 2931 αὐτοῦ
2469 2878 2617 2949 μένει
2670 2880 2749 2940 είς
2798 2878 2925 2940 τούς
2974 2876 3195 2940 αἰῶνας.
3227 2896 3246 2929 ι
3306 2877 3415 2929 Καὶ
3459 2875 3649 2928 πάλιν·

404 2972 599 3025 iterum
627 2990 640 3025 :
679 2989 697 3022 ι
729 2970 924 3024 Anima
975 2985 1097 3042 quae
1126 2972 1420 3038 benedicit,
1448 2979 1562 3027 tota
1590 2981 1736 3025 recta
1765 2980 1848 3025 est
1867 2970 1966 3023 ³ο.»

2077 2992 2095 3024 ι
2136 2969 2553 3042 Ἑλεημοσύναις
2581 2968 2676 3023 καὶ
2704 2969 2947 3021 πίστεσιν
2975 2967 3439 3039 ἀποκαθαίρονται
3464 2967 3653 3037 ἁμαρ-

404 3062 483 3116 lta
517 3078 647 3133 ergo
683 3071 740 3118 tu
773 3062 961 3130 facies,
1007 3064 1084 3117 uti
1115 3062 1381 3119 Dominus
1425 3063 1739 3130 constituit;
1779 3073 1832 3117 et
1878 3077 1963 3117 sa-

2077 3064 2199 3117 :iat.
2275 3082 2293 3114 ι
2346 3062 2457 3115 Καὶ
2508 3061 2686 3114 πάλιν·
2768 3080 2787 3110 ι
2822 3060 2983 3132 Ψυχὴ
3052 3060 3425 3130 εὐλογημένη,
3491 3060 3659 3111 πᾶσα

404 3154 611 3210 cerdoti
652 3162 907 3225 tanquam
942 3155 1230 3211 mediatori
1260 3157 1401 3211 inter
1440 3156 1607 3211 Deum
1653 3171 1717 3210 ac
1742 3155 1958 3225 indigus

2077 3154 2213 3225 ιπλῆ
2258 3152 2389 3225 (‘26).
2422 3172 2440 3206 ι
2480 3152 2665 3216 Οὕτως
2687 3148 2779 3206 οὐν
2800 3153 3045 3223 ποιήσεις
3074 3153 3161 3216 σὺ,
3191 3151 3266 3215 ὡς
3290 3150 3322 3202 ὁ
3351 3151 3553 3222 Κύριος
3574 3149 3657 3202 δι-

473 3310 520 3341 ¹⁶
547 3308 708 3367 Prov.
739 3326 817 3379 τι,
843 3310 936 3367 26.

1025 3311 1070 3343 "
1103 3310 1293 3367 Matth.
1322 3327 1375 3376 v,
1402 3311 1492 3368 28.
1592 3311 1637 3344 "
1666 3311 1813 3368 Psal.
1848 3327 1961 3377 (ιιι,
1997 3311 2053 3367 9.
2132 3312 2176 3345 "
2210 3310 2369 3365 Prov.
2401 3326 2492 3375 xv,
2521 3309 2616 3366 27.
2688 3311 2733 3343 ³⁰
2766 3309 2926 3366 Prov.
2952 3325 3030 3375 xI,
3056 3308 3147 3365 25.

1697 3469 2062 3527 VARIORUM
2095 3469 2329 3526 NOTJE.

474 3649 588 3720 ‘23)
614 3648 855 3720 ῨἘρέας.
887 3646 980 3704 111ο
1006 3649 1303 3720 Capellius,
1346 3648 1415 3704 de
1444 3664 1554 3719 quo
1583 3649 1745 3719 paulo
1777 3663 1963 3720 supra,

403 3718 666 3776 vertendo
700 3719 915 3785 sobolis,
946 3718 1182 3776 ostendit
1213 3736 1241 3773 a
1273 3736 1332 3775 se
1361 3718 1559 3774 lectum
1586 3718 1803 3787 γενέσις.
1836 3718 1969 3773 Vide

405 3793 500 3844 lib.
530 3806 637 3852 vn,
671 3805 791 3858 cap.
825 3790 915 3844 29.
947 3791 1025 3847 lo.
1056 3821 1127 3831 -—
1150 3791 1299 3845 Alter
1349 3792 1597 3845 codicum
1655 3788 1966 3845 Vindobon.

404 3861 612 3922 ἐλαίας,
642 3860 787 3921 olea',
812 3861 977 3929 cujus
1025 3861 1246 3915 decima:
1290 3861 1664 3921 solvebantur,
1708 3876 1829 3914 cum
1859 3860 1971 3915 sale

404 3932 753 3992 conderetur,
780 3944 1025 3984 seorsum
1060 3946 1089 3983 a
1121 3931 1348 3985 decimis
1387 3931 1514 3995 olei,
1545 3930 1691 4000 quod
1728 3946 1760 3985 e
1791 3938 1971 3984 matu-

406 4001 647 4054 rioribus
676 4000 813 4069 oleis
837 4001 1178 4069 exprimitur.
1203 4002 1369 4055 (Jun.

480 4069 593 4139 (24)
636 4067 938 4139 Oué‘ijrwb
967 4070 1065 4122 καὶ
1106 4069 1223 4123 τῶν
1265 4068 1562 4139 εἰσφορῶν
1592 4067 1748 4139 ὑμᾶς
1789 4068 1970 4136 ἠλευ-

405 4137 681 4211 θέρωσεν.
729 4137 939 4211 Veteris
964 4141 1111 4211 legis
1128 4210 1131 4211 ν
1147 4137 1391 4205 decimae,
1404 4137 1675 4211 ηδεκάδαι,
1718 4140 1968 4211 δευτερο-

403 4209 639 4271 δεκάδαι,
671 4209 1069 4279 πτωχοδεκάδαι
1117 4210 1197 4280 (ιιι
1238 4227 1361 4280 cum
1398 4210 1730 4280 Hieronymo
1759 4209 1967 4280 loquar

403 4280 551 4333 circa
595 4280 810 4333 initium
856 4280 981 4333 libri
1016 4279 1215 4333 xw'in
1271 4279 1640 4347 Ezechielem),
1690 4279 1962 4349 primitiae,

403 4350 706 4418 portiones,
761 4350 1066 4404 voluntaria
1113 4350 1285 4413 dona,
1330 4348 1961 4412 ministeria,’victirmc,

2075 3645 2731 3719 pseudo-Clirvsostomus
2753 3646 2819 3719 ad
2852 3644 3042 3700 Matth.
3068 3660 3225 3719 xxm,
3249 3645 3341 3719 23.
3377 3642 3651 3719 Prgeterea

2076 3715 2141 3773 ad
2174 3715 2544 3773 decimas'Deo
2572 3717 2939 3785 Ecclesiisque
2961 3716 3347 3786 pet-solvendas
3378 3715 3649 3771 habemus

2074 3787 2990 3868 exhortationesSS.__AmbrosiiL
3011 3786 3337 3868 Augustini,
3385 3786 3646 3868 aliorum.

2077 3858 2271 3913 Domos
2300 3868 2447 3919 tunc,
2493 3858 2668 3927 inquit
2714 3866 2921 3928 martyr
2951 3857 3255 3928 Cyprianus
3291 3857 3346 3910 in
3395 3857 3506 3928 line
3532 3865 3651 3909 trao

2076 3936 2257 3983 ctatus
2286 3928 2363 3980 De
2392 3925 2593 3981 unitate
2617 3925 2884 3993 Ecclesia,
2909 3940 2958 3981 et
2998 3925 3187 3996 fundos
3230 3925 3645 3988 renumdabant,

2073 4009 2123 4051 et
2153 3999 2422 4051 thesauros
2452 4000 2554 4051 sibi
2594 4000 2645 4051 in
2678 3998 2805 4050 caelo
2837 4008 3160 4066 reponentes.
3191 3996 3557 4051 distribuenda
3592 3998 3648 4049 in

2073 4084 2201 4121 usus
2233 4068 2577 4136 indigentium
2602 4069 2771 4135 pretia
2803 4069 3053 4136 apostolis
3079 4067 3386 4136 offerebant.
3410 4068 3478 4118 At
3506 4083 3651 4119 nunc

2072 4136 2136 4191 de
2176 4138 2494 4206 patrimonio
2530 4154 2619 4191 nec
2655 4137 2883 4191 decimas
2921 4140 3142 4200 damus;
3172 4149 3220 4190 et
3267 4153 3386 4188 cum
3427 4136 3649 4190 vendere

2062 4207 2247 4277 jubeat
2278 4207 2557 4268 Dominus,
2600 4209 2820 4261 emimus
2864 4210 3039 4274 potius
3082 4217 3132 4260 et
3175 4206 3549 4277 augemus.iEt
3576 4206 3643 4277 Β.

2071 4276 2434 4347 Hieronymus
2485 4278 2553 4331 ad
2598 4278 2873 4331 Malachiaz
2915 4286 3077 4347 caput
3124 4292 3183 4330 ιιι
3213 4296 3225 4330 :
3254 4276 3415 4342 Quod
3444 4276 3507 4328 de
3549 4276 3645 4329 de-

2068 4348 2222 4401 cimis
2253 4348 2602 4417 primitiisque
2622 4347 2875 4410 diximus,
2898 4365 3014 4417 qua'
3034 4347 3168 4417 olim
3197 4347 3465 4399 dabantur
3486 4364 3519 4399 a
3549 4363 3643 4416 po-

404 4397 1635 4490 ir1;.:i;.;,"tm;.;'manus?plangant;
1651 4397 1965 4490 magis
1998 4397 2040 4451 Ι)
2066 4397 2595 4490 ῥὲὶιῖε¹ᾳέὶῇᾀριὲὅιῐέ
2625 4397 3003 4490 signa];
3022 4397 3284 4470 renata
3306 4397 3514 4486 sisque
3542 4397 3638 4490 im}-

402 4490 706 4544 ohlationes
749 4504 811 4543 ac
855 4487 1144 4559 pensiones
1190 4487 1359 4544 sacra:
1388 4487 1496 4544 duo
1538 4487 1967 4559 complecteban-

402 4566 522 4623 tur;
552 4560 835 4618 nimirum.
858 4557 1105 4613 naturale
1136 4560 1364 4629 aliquid,
1388 4569 1442 4614 et
1472 4557 1677 4627 aliquid
1703 4557 1847 4626 quod
1876 4572 1968 4610 vo-

402 4637 533 4682 cant
580 4631 895 4699 positivum.
934 4629 1015 4683 Ad
1043 4640 1316 4690 naturam,
1364 4630 1479 4683 sive
1507 4630 1575 4682 ad
1626 4635 1829 4699 rectam
1875 4641 1965 4679 ra-

400 4698 605 4753 tionem
637 4715 926 4769 moresque
966 4702 1137 4754 bonos
1168 4700 1481 4768 pertinebat
1523 4698 1697 4769 sacris
1733 4710 1967 4769 operan-

400 4769 537 4821 tium
566 4776 619 4823 et
648 4767 964 4837 paupertate
987 4767 1306 4823 alllietorum
1338 4767 1664 4823 sustentatio
1693 4781 1787 4834 per
1813 4767 1965 4832 ejus-

402 4839 549 4908 inodi
581 4837 928 4905 collationes;
953 4839 1248 4908 positivum
1278 4853 1408 4892 vero
1436 4846 1489 4891 et
1504 4838 1671 4891 certis
1702 4837 1904 4908 regulis
1932 4850 1963 4908 a

402 4905 515 4960 Deo
543 4905 969 4963 determinatum
990 4918 1106 4963 erat
1148 4910 1437 4976 reliquum.
1470 4908 1643 4976 Atque
1675 4906 1965 4973 posteriori

400 4978 618 5043 quidem
651 4993 745 5046 per
787 4978 994 5033 Novum
1041 4977 1448 5034 Testamentum
1492 4977 1962 5046 abrogato,prius

399 5047 605 5117 obligat
640 5048 801 5100 etiam
830 5048 1192 5111 Christianos,
1223 5049 1314 5116 qui
1342 5054 1621 5117 tenentur,
1648 5045 1762 5117 sive
1781 5045 1962 5117 dando

401 5115 643 5187 decimas
673 5125 726 5170 et
750 5118 1044 5184 primitias,
1079 5120 1192 5173 sive
1227 5115 1334 5171 alio
1361 5133 1470 5187 quo
1502 5115 1757 5187 Ecclesiae
1785 5115 1960 5187 visum

403 5186 567 5257 fuerit
596 5188 801 5257 modot
822 5188 1144 5241 clericorum
1187 5199 1241 5257 et
1273 5185 1495 5257 inopum
1540 5185 1961 5257 necessitatibus

402 5256 710 5311 subvenire.
759 5255 897 5311 Hinc
926 5257 1195 5311 interdum
1226 5255 1417 5312 Patres
1450 5256 1516 5311 de
1561 5255 1788 5311 decimis
1835 5263 1962 5308 tan-

402 5341 580 5413 quam‘
605 5327 823 5413 abolitis
867 5328 1171 5413 disserunt,
1201 5334 1266 5413 ιιι
1311 5327 1661 5413 Epiphanius,
1678 5325 1870 5413 haeresi
1904 5325 1960 5393 8,

402 5410 523 5463 cap.
548 5395 604 5461 6,
636 5406 688 5451 et
727 5396 1152 5465 Chrysostomus
1201 5394 1388 5451 homil.
1415 5394 1483 5450 Ἠ
1518 5398 1573 5450 in
1606 5394 1916 5465 Matthwum
1939 5413 1958 5451 :

403 5465 677 5518 interdum
717 5464 1118 5521 non’sublatas
1166 5467 1333 5521 fuisse
1380 5468 1553 5529 aiunt,
1587 5473 1645 5519 ut
1678 5466 1797 5519 fuse
1838 5464 1960 5519 Ori-

403 5549 568 5601 genes
599 5535 745 5589 hom.
778 5536 838 5589 11
887 5538 941 5589 in
972 5536 1253 5597 Numeros,
1301 5537 1390 5590 ubi
1430 5535 1789 5590 consimiliter
1833 5541 1959 5587 Δια-

402 5607 561 5669 ταγεῖ
600 5604 817 5659 adhibet
851 5607 1220 5660 testimonium
1264 5606 1450 5659 Matth.
1480 5622 1533 5669 v,
1564 5605 1656 5666 2i,
1699 5612 1755 5658 et
1782 5606 1960 5659 obiter

407 5671 826 5743 Chrysostomus
873 5678 1118 5731 oratione
1223 5676 1468 5730 adversus
1516 5674 1754 5740 ludam,
1799 5683 1959 5745 atque

2066 4488 2205 4556 pulis
2254 4487 2549 4557 intelligite,
2595 4488 2782 4557 quibus
2818 4499 3131 4556 prwreptum
3177 4498 3277 4557 est,
3311 4504 3417 4539 non
3466 4487 3644 4540 solum

2068 4559 2300 4610 decimas
2327 4556 2455 4611 dare
2481 4567 2530 4611 et
2557 4556 2845 4626 primitias,
2873 4558 2961 4611 sed
2988 4568 3038 4611 et
3067 4556 3282 4626 vendere
3311 4558 3491 4610 omnia
3521 4573 3643 4626 qua:

2066 4626 2278 4691 habent,
2306 4637 2357 4679 et
2386 4626 2514 4681 dare
2541 4625 2881 4697 pauperibus,
2906 4637 2955 4681 et
2978 4628 3123 4697 sequi
3148 4625 3433 4697 Dominum
3456 4625 3642 4680 δαιιια-

2067 4706 2255 4750 torem.
2290 4697 2443 4762 Quod
2485 4698 2531 4767 si
2572 4698 2746 4767 facere
2791 4696 3057 4762 nolumus,
3104 4696 3292 4749 saltem
3325 4696 3644 4749 Iudaeorum

2065 4767 2331 4820 imitemur
2358 4766 2608 4833 exordia,
2640 4777 2699 4820 ut
2730 4767 3049 4836 pauperibus
3094 4776 3299 4834 partem
3348 4767 3533 4819 demus
3577 4782 3649 4819 ex

2066 4847 2194 4898 toto,
2218 4846 2267 4889 et
2296 4837 2653 4959 Eacerdotibus
2676 4854 2739 4891 ac
2767 4838 2934 4892 lenitis
2966 4837 3212 4891 honorem
3238 4836 3473 4890 debitum
3499 4837 3650 4905 defe-

2066 4922 2266 4959 ramus.
2345 4923 2437 4959 οι.

2065 4922 2266 4960 ramus.
2299 4922 2437 4963 μοι.
3456 4962 3463 4965 .

2134 4976 2246 5046 (25)
2285 4977 2397 5029 Kal
2424 4974 2666 5029 πάντων
2692 4976 3007 5046 δεομένων.
3039 4974 3166 5032 Haec
3195 4975 3361 5031 verba
3390 4975 3447 5030 in
3478 4984 3646 5031 utro-

2066 5062 2174 5116 que
2203 5044 2507 5116 Vindobon.
2545 5047 2732 5101 codice
2761 5044 2982 5116 absunt.
3013 5047 3181 5103 CLI-1R.

2131 5115 2243 5186 (26)
2282 5115 2453 5186 {axi}
2481 5116 2871 5185 εὐλογημένη,
2901 5115 3071 5171 πᾶσα
3097 5114 3285 5185 ἁπλῆ.
3311 5115 3543 5186 Vulgata
3574 5132 3648 5172 ex

2062 5183 2289 5257 Hebraeo
2314 5183 2673 5257 Proverbg._xi,
2700 5183 2776 5239 '25
2800 5205 2814 5240 :
2840 5183 3043 5257 Anima
3072 5204 3190 5257 qua:
3226 5183 3505 5242 benediéit.
3538 5187 3647 5239 im-

2098 5255 2432 5341 inguabitur;
2644 5255 3007 5341 νοιοὲηῖξνυχὴ
3033 5254 3517 5341 εὐλογημένηηειιιι
3546 5258 3648 5310 εὐ-

2062 5324 2380 5450 λογουίμένη,
2412 5328 2557 5379 πᾶσα
2585 5324 2884 5405 ἁπλῆ..υὺί
2910 5324 3133 5405 qriecus
3161 5324 3486 5395 explanator
3510 5342 3643 5406 cuin

2062 5394 2162 5450 SS.
2253 5399 2594 5466 hrysostomo
2630 5397 2819 5450 homil.
2845 5396 2911 5448 16
2941 5394 3307 5466 ιιιίΙοιιηηεηι,
3341 5396 3646 5466 Ambrosro

2059 5466 2203 5520 libro
2230 5465 2331 5521 Dei
2350 5466 2507 5536 Isaac
2536 5476 2585 5519 et
2618 5467 2820 5531 anima,
2853 5480 2974 5536 cap.
2997 5465 3053 5525 2,
3093 5465 3424 5536 Hieronymo
3451 5465 3549 5519 lib.
3578 5480 3641 5518 ιιι

2060 5536 2318 5616 adversus
2344 5535 2612 5616 Hu/inum,
2646 5551 2767 5604 cap.
2796 5536 2895 5616 ult.
2940 5534 3071 5614 (quo
3118 5537 3221 5616 loci
3258 5534 3644 5616 interpunctio

3451 5616 3645 5659 aSSlVO

3466 5691 3641 5742 num,

2059 5609 2258 5660 mutari
2287 5606 2467 5675 debet)
2503 5606 2727 5659 verbum
2771 5605 3099 5674 εὐλογοῦμαι
3129 5606 3183 5659 in
3213 5620 3379 5659 sensu

2060 5678 2288 5745 accipit;
2324 5676 2504 5729 minus
2540 5683 2684 5744 apte,
2731 5676 2775 5730 si
2826 5690 2936 5730 non
2984 5675 3051 5731 ad
3102 5683 3337 5731 mentem
